  <div class='ocr_page' id='page_1' title='image "/cluster/home/n/w/nwhite01/storage/ocr_20150623/150:no.1/coo.31924054870559/272.png"; bbox 0 0 4030 6448; ppageno 0'>
   <div class='ocr_carea' id='block_1_1' title="bbox 365 483 471 549">
    <p class='ocr_par' dir='ltr' id='par_1_1' title="bbox 365 483 471 549">
     <span class='ocr_line' id='line_1_1' title="bbox 365 483 471 549; baseline -0.019 -1"><span class='ocrx_word' id='word_1_1' title='bbox 365 483 471 549; x_wconf 74' lang='lat'><strong>5&#39;29</strong></span> 
     </span>
    </p>
   </div>
   <div class='ocr_carea' id='block_1_2' title="bbox 1445 486 2586 553">
    <p class='ocr_par' dir='ltr' id='par_1_2' title="bbox 1445 486 2586 553">
     <span class='ocr_line' id='line_1_2' title="bbox 1445 486 2586 553; baseline 0.007 -8"><span class='ocrx_word' id='word_1_2' title='bbox 1445 487 1539 545; x_wconf 90' lang='lat' dir='ltr'><strong>DE</strong></span> <span class='ocrx_word' id='word_1_3' title='bbox 1581 486 1760 548; x_wconf 80' lang='lat' dir='ltr'><strong>VITA</strong></span> <span class='ocrx_word' id='word_1_4' title='bbox 1801 486 1881 547; x_wconf 83' lang='lat' dir='ltr'><strong>IN</strong></span> <span class='ocrx_word' id='word_1_5' title='bbox 1937 486 2274 548; x_wconf 79' lang='lat' dir='ltr'><strong>CHRISTO</strong></span> <span class='ocrx_word' id='word_1_6' title='bbox 2312 489 2457 553; x_wconf 78' lang='lat' dir='ltr'><strong>LIB.</strong></span> <span class='ocrx_word' id='word_1_7' title='bbox 2505 490 2586 553; x_wconf 87' lang='grc' dir='ltr'><strong>Ιῐ.</strong></span> 
     </span>
    </p>
   </div>
   <div class='ocr_carea' id='block_1_3' title="bbox 3512 487 3619 553">
    <p class='ocr_par' dir='ltr' id='par_1_3' title="bbox 3512 487 3619 553">
     <span class='ocr_line' id='line_1_3' title="bbox 3512 487 3619 553; baseline -0.019 0"><span class='ocrx_word' id='word_1_8' title='bbox 3512 487 3619 553; x_wconf 80' lang='grc'><strong>530</strong></span> 
     </span>
    </p>
   </div>
   <div class='ocr_carea' id='block_1_4' title="bbox 364 596 1944 685">
    <p class='ocr_par' dir='ltr' id='par_1_4' title="bbox 364 596 1936 672">
     <span class='ocr_line' id='line_1_4' title="bbox 364 596 1936 672; baseline 0 -20"><span class='ocrx_word' id='word_1_9' title='bbox 364 601 463 666; x_wconf 71' lang='grc' dir='ltr'><strong>τὴν</strong></span> <span class='ocrx_word' id='word_1_10' title='bbox 490 596 699 668; x_wconf 74' lang='grc' dir='ltr'>ἡμέραν</span> <span class='ocrx_word' id='word_1_11' title='bbox 732 597 916 668; x_wconf 79' lang='grc' dir='ltr'><strong>τρέχει</strong></span> <span class='ocrx_word' id='word_1_12' title='bbox 947 598 1039 651; x_wconf 66' lang='grc' dir='ltr'><strong>καὶ</strong></span> <span class='ocrx_word' id='word_1_13' title='bbox 1070 600 1205 670; x_wconf 70' lang='grc' dir='ltr'>πρὸς</span> <span class='ocrx_word' id='word_1_14' title='bbox 1236 600 1333 671; x_wconf 83' lang='grc' dir='ltr'>τὴν</span> <span class='ocrx_word' id='word_1_15' title='bbox 1372 599 1446 653; x_wconf 81' lang='grc' dir='ltr'>’ἑω</span> <span class='ocrx_word' id='word_1_16' title='bbox 1486 602 1751 671; x_wconf 73' lang='grc' dir='ltr'>στραφεὶς</span> <span class='ocrx_word' id='word_1_17' title='bbox 1782 600 1936 672; x_wconf 83' lang='grc' dir='ltr'><strong>ζητεί</strong></span> 
     </span>
    </p>
   </div>
   <div class='ocr_carea' id='block_1_5' title="bbox 2048 596 3611 685">
    <p class='ocr_par' dir='ltr' id='par_1_5' title="bbox 2048 602 3611 685">
     <span class='ocr_line' id='line_1_5' title="bbox 2048 602 3611 685; baseline 0.005 -31"><span class='ocrx_word' id='word_1_18' title='bbox 2048 608 2093 654; x_wconf 84' lang='lat' dir='ltr'><strong>et</strong></span> <span class='ocrx_word' id='word_1_19' title='bbox 2135 602 2322 657; x_wconf 88' lang='lat' dir='ltr'><strong>odium</strong></span> <span class='ocrx_word' id='word_1_20' title='bbox 2352 606 2696 675; x_wconf 72' lang='lat' dir='ltr'><strong>amplectitur</strong></span> <span class='ocrx_word' id='word_1_21' title='bbox 2725 623 2739 673; x_wconf 87' lang='lat'>;</span> <span class='ocrx_word' id='word_1_22' title='bbox 2768 614 2820 663; x_wconf 87' lang='lat' dir='ltr'><strong>et</strong></span> <span class='ocrx_word' id='word_1_23' title='bbox 2852 622 2880 661; x_wconf 91' lang='lat' dir='ltr'><strong>e</strong></span> <span class='ocrx_word' id='word_1_24' title='bbox 2921 606 3158 663; x_wconf 89' lang='lat' dir='ltr'><strong>tenebris</strong></span> <span class='ocrx_word' id='word_1_25' title='bbox 3191 606 3257 662; x_wconf 89' lang='lat' dir='ltr'><strong>al</strong></span> <span class='ocrx_word' id='word_1_26' title='bbox 3291 606 3434 661; x_wconf 88' lang='lat' dir='ltr'><strong>diem</strong></span> <span class='ocrx_word' id='word_1_27' title='bbox 3481 623 3611 685; x_wconf 41' lang='lat' dir='ltr'><strong>pro:</strong></span> 
     </span>
    </p>
   </div>
   <div class='ocr_carea' id='block_1_6' title="bbox 361 687 1938 762">
    <p class='ocr_par' dir='ltr' id='par_1_6' title="bbox 361 687 1938 762">
     <span class='ocr_line' id='line_1_6' title="bbox 361 687 1938 762; baseline 0.003 -21"><span class='ocrx_word' id='word_1_28' title='bbox 361 692 453 741; x_wconf 75' lang='grc' dir='ltr'><strong>τὸν</strong></span> <span class='ocrx_word' id='word_1_29' title='bbox 488 688 662 758; x_wconf 81' lang='grc' dir='ltr'>ἣλιον,</span> <span class='ocrx_word' id='word_1_30' title='bbox 700 689 793 741; x_wconf 77' lang='grc' dir='ltr'><strong>καὶ</strong></span> <span class='ocrx_word' id='word_1_31' title='bbox 821 687 1004 753; x_wconf 79' lang='grc' dir='ltr'>λυθεὶς</span> <span class='ocrx_word' id='word_1_32' title='bbox 1036 690 1146 744; x_wconf 79' lang='grc' dir='ltr'><strong>τῶν</strong></span> <span class='ocrx_word' id='word_1_33' title='bbox 1180 690 1273 744; x_wconf 81' lang='grc' dir='ltr'>τοῦ</span> <span class='ocrx_word' id='word_1_34' title='bbox 1307 691 1572 761; x_wconf 81' lang='grc' dir='ltr'>τυράννου</span> <span class='ocrx_word' id='word_1_35' title='bbox 1604 692 1804 762; x_wconf 87' lang='grc' dir='ltr'>χειρῶν</span> <span class='ocrx_word' id='word_1_36' title='bbox 1846 692 1938 746; x_wconf 73' lang='grc' dir='ltr'>τὸν</span> 
     </span>
    </p>
   </div>
   <div class='ocr_carea' id='block_1_7' title="bbox 367 779 1940 852">
    <p class='ocr_par' dir='ltr' id='par_1_7' title="bbox 367 779 1940 852">
     <span class='ocr_line' id='line_1_7' title="bbox 367 779 1940 852; baseline 0.002 -21"><span class='ocrx_word' id='word_1_37' title='bbox 367 779 595 851; x_wconf 69' lang='grc' dir='ltr'>βασιλέα</span> <span class='ocrx_word' id='word_1_38' title='bbox 636 783 957 851; x_wconf 78' lang='grc' dir='ltr'><strong>προσκυνεῖ,</strong></span> <span class='ocrx_word' id='word_1_39' title='bbox 1018 783 1113 834; x_wconf 75' lang='grc' dir='ltr'>καὶ</span> <span class='ocrx_word' id='word_1_40' title='bbox 1166 780 1261 834; x_wconf 72' lang='grc' dir='ltr'>τοῦ</span> <span class='ocrx_word' id='word_1_41' title='bbox 1314 783 1468 836; x_wconf 81' lang='grc' dir='ltr'>νόθου</span> <span class='ocrx_word' id='word_1_42' title='bbox 1517 784 1823 852; x_wconf 69' lang='grc' dir='ltr'>καταγνοὺς</span> <span class='ocrx_word' id='word_1_43' title='bbox 1848 782 1940 835; x_wconf 78' lang='grc' dir='ltr'><strong>τὸν</strong></span> 
     </span>
    </p>
   </div>
   <div class='ocr_carea' id='block_1_8' title="bbox 368 871 1939 945">
    <p class='ocr_par' dir='ltr' id='par_1_8' title="bbox 368 871 1939 945">
     <span class='ocr_line' id='line_1_8' title="bbox 368 871 1939 945; baseline 0.005 -26"><span class='ocrx_word' id='word_1_44' title='bbox 368 872 590 940; x_wconf 68' lang='grc' dir='ltr'>γνήσιον</span> <span class='ocrx_word' id='word_1_45' title='bbox 625 871 980 938; x_wconf 72' lang='grc' dir='ltr'><strong>ἐπιγινώσκει</strong></span> <span class='ocrx_word' id='word_1_46' title='bbox 1003 874 1306 942; x_wconf 72' lang='grc' dir='ltr'>Δεσπότην,</span> <span class='ocrx_word' id='word_1_47' title='bbox 1345 876 1439 927; x_wconf 74' lang='grc' dir='ltr'><strong>καὶ</strong></span> <span class='ocrx_word' id='word_1_48' title='bbox 1474 874 1693 945; x_wconf 74' lang='grc' dir='ltr'>εὔχεται</span> <span class='ocrx_word' id='word_1_49' title='bbox 1732 875 1939 927; x_wconf 84' lang='grc' dir='ltr'>ὑποτα-</span> 
     </span>
    </p>
   </div>
   <div class='ocr_carea' id='block_1_9' title="bbox 366 960 1938 1040">
    <p class='ocr_par' dir='ltr' id='par_1_9' title="bbox 366 960 1938 1040">
     <span class='ocr_line' id='line_1_9' title="bbox 366 960 1938 1040; baseline 0.005 -28"><span class='ocrx_word' id='word_1_50' title='bbox 366 960 634 1028; x_wconf 78' lang='grc' dir='ltr'>γήσεσθαι</span> <span class='ocrx_word' id='word_1_51' title='bbox 661 963 810 1033; x_wconf 82' lang='grc' dir='ltr'>αὐτῷ</span> <span class='ocrx_word' id='word_1_52' title='bbox 837 966 933 1017; x_wconf 85' lang='grc' dir='ltr'><strong>καὶ</strong></span> <span class='ocrx_word' id='word_1_53' title='bbox 968 964 1281 1018; x_wconf 79' lang='grc' dir='ltr'><strong>δουλεύσειν</strong></span> <span class='ocrx_word' id='word_1_54' title='bbox 1311 967 1408 1040; x_wconf 80' lang='grc' dir='ltr'><strong>ὅλῃ</strong></span> <span class='ocrx_word' id='word_1_55' title='bbox 1438 967 1586 1038; x_wconf 66' lang='grc' dir='ltr'>ψυχῇ</span> <span class='ocrx_word' id='word_1_56' title='bbox 1620 968 1715 1020; x_wconf 72' lang='grc' dir='ltr'><strong>καὶ</strong></span> <span class='ocrx_word' id='word_1_57' title='bbox 1740 969 1845 1038; x_wconf 79' lang='grc' dir='ltr'><strong>πρό</strong></span> <span class='ocrx_word' id='word_1_58' title='bbox 1875 983 1938 1035; x_wconf 85' lang='grc' dir='ltr'><strong>γε</strong></span> 
     </span>
    </p>
   </div>
   <div class='ocr_carea' id='block_1_10' title="bbox 364 1052 1940 1130">
    <p class='ocr_par' dir='ltr' id='par_1_10' title="bbox 364 1052 1940 1130">
     <span class='ocr_line' id='line_1_10' title="bbox 364 1052 1940 1130; baseline 0.006 -27"><span class='ocrx_word' id='word_1_59' title='bbox 364 1052 567 1106; x_wconf 82' lang='grc' dir='ltr'>τούτων</span> <span class='ocrx_word' id='word_1_60' title='bbox 594 1053 668 1116; x_wconf 87' lang='grc' dir='ltr'>ὡς</span> <span class='ocrx_word' id='word_1_61' title='bbox 700 1054 833 1107; x_wconf 78' lang='grc' dir='ltr'>Θεὸν</span> <span class='ocrx_word' id='word_1_62' title='bbox 863 1055 944 1119; x_wconf 87' lang='grc' dir='ltr'>εἰς</span> <span class='ocrx_word' id='word_1_63' title='bbox 970 1056 1135 1110; x_wconf 63' lang='grc' dir='ltr'>αὑτὸν</span> <span class='ocrx_word' id='word_1_64' title='bbox 1170 1057 1451 1112; x_wconf 73' lang='grc' dir='ltr'><strong>πιστεύειν</strong></span> <span class='ocrx_word' id='word_1_65' title='bbox 1501 1061 1594 1112; x_wconf 72' lang='grc' dir='ltr'><strong>καὶ</strong></span> <span class='ocrx_word' id='word_1_66' title='bbox 1626 1058 1661 1113; x_wconf 71' lang='grc' dir='ltr'><strong>ὃ.</strong></span> <span class='ocrx_word' id='word_1_67' title='bbox 1686 1059 1816 1130; x_wconf 75' lang='grc' dir='ltr'>περὶ</span> <span class='ocrx_word' id='word_1_68' title='bbox 1841 1061 1940 1112; x_wconf 75' lang='grc' dir='ltr'><strong>αὖ·</strong></span> 
     </span>
    </p>
   </div>
   <div class='ocr_carea' id='block_1_11' title="bbox 362 1142 1939 1217">
    <p class='ocr_par' dir='ltr' id='par_1_11' title="bbox 362 1142 1939 1217">
     <span class='ocr_line' id='line_1_11' title="bbox 362 1142 1939 1217; baseline 0.004 -25"><span class='ocrx_word' id='word_1_69' title='bbox 362 1142 455 1193; x_wconf 70' lang='grc' dir='ltr'>τοῦ</span> <span class='ocrx_word' id='word_1_70' title='bbox 487 1145 734 1213; x_wconf 73' lang='grc' dir='ltr'>προσῆκε</span> <span class='ocrx_word' id='word_1_71' title='bbox 795 1143 1110 1213; x_wconf 80' lang='grc' dir='ltr'>γινώσκειν.</span> <span class='ocrx_word' id='word_1_72' title='bbox 1167 1147 1279 1200; x_wconf 74' lang='grc' dir='ltr'>Καὶ</span> <span class='ocrx_word' id='word_1_73' title='bbox 1307 1145 1468 1200; x_wconf 80' lang='grc' dir='ltr'>τοῦτο</span> <span class='ocrx_word' id='word_1_74' title='bbox 1522 1149 1631 1217; x_wconf 77' lang='grc' dir='ltr'><strong>γὰρ</strong></span> <span class='ocrx_word' id='word_1_75' title='bbox 1665 1145 1809 1217; x_wconf 81' lang='grc' dir='ltr'>ἀρχὴ</span> <span class='ocrx_word' id='word_1_76' title='bbox 1839 1146 1939 1216; x_wconf 81' lang='grc' dir='ltr'>τῆς</span> 
     </span>
    </p>
   </div>
   <div class='ocr_carea' id='block_1_12' title="bbox 367 1233 1939 1308">
    <p class='ocr_par' dir='ltr' id='par_1_12' title="bbox 367 1233 1939 1308">
     <span class='ocr_line' id='line_1_12' title="bbox 367 1233 1939 1308; baseline -0.006 -9"><span class='ocrx_word' id='word_1_77' title='bbox 367 1233 648 1303; x_wconf 60' lang='grc' dir='ltr'>μκκαρῖας</span> <span class='ocrx_word' id='word_1_78' title='bbox 678 1233 849 1302; x_wconf 69' lang='grc' dir='ltr'><strong>ζωῆς.</strong></span> <span class='ocrx_word' id='word_1_79' title='bbox 885 1237 917 1306; x_wconf 84' lang='grc' dir='ltr'><strong>ἡ</strong></span> <span class='ocrx_word' id='word_1_80' title='bbox 950 1235 1162 1307; x_wconf 75' lang='grc' dir='ltr'>ἀληθὴς</span> <span class='ocrx_word' id='word_1_81' title='bbox 1194 1238 1323 1308; x_wconf 71' lang='grc' dir='ltr'>περὶ</span> <span class='ocrx_word' id='word_1_82' title='bbox 1351 1237 1490 1291; x_wconf 84' lang='grc' dir='ltr'>Θεοῦ</span> <span class='ocrx_word' id='word_1_83' title='bbox 1532 1239 1735 1306; x_wconf 82' lang='grc' dir='ltr'>γνῶσις</span> <span class='ocrx_word' id='word_1_84' title='bbox 1758 1255 1772 1270; x_wconf 83' lang='grc'><em>’</em></span> <span class='ocrx_word' id='word_1_85' title='bbox 1809 1258 1825 1289; x_wconf 79' lang='grc' dir='ltr'>ι</span> <span class='ocrx_word' id='word_1_86' title='bbox 1864 1235 1939 1291; x_wconf 72' lang='grc' dir='ltr'>Τὸ</span> 
     </span>
    </p>
   </div>
   <div class='ocr_carea' id='block_1_13' title="bbox 365 1324 1933 1402">
    <p class='ocr_par' dir='ltr' id='par_1_13' title="bbox 365 1324 1933 1402">
     <span class='ocr_line' id='line_1_13' title="bbox 365 1324 1933 1402; baseline 0.004 -29"><span class='ocrx_word' id='word_1_87' title='bbox 365 1324 471 1393; x_wconf 76' lang='grc' dir='ltr'>γὰρ</span> <span class='ocrx_word' id='word_1_88' title='bbox 500 1324 826 1379; x_wconf 80' lang='grc' dir='ltr'>ἐπίστασθαί</span> <span class='ocrx_word' id='word_1_89' title='bbox 858 1345 939 1391; x_wconf 88' lang='grc' dir='ltr'><strong>σε,</strong></span> <span class='ocrx_word' id='word_1_90' title='bbox 962 1330 1098 1398; x_wconf 66' lang='grc' dir='ltr'>φησι</span> <span class='ocrx_word' id='word_1_91' title='bbox 1122 1329 1395 1400; x_wconf 88' lang='grc' dir='ltr'>Σολομὼν,</span> <span class='ocrx_word' id='word_1_92' title='bbox 1425 1331 1552 1402; x_wconf 74' lang='grc' dir='ltr'>ῥίζα</span> <span class='ocrx_word' id='word_1_93' title='bbox 1579 1328 1933 1393; x_wconf 74' lang='grc' dir='ltr'>ἁθανασίας,ι</span> 
     </span>
    </p>
   </div>
   <div class='ocr_carea' id='block_1_14' title="bbox 362 1411 1940 1490">
    <p class='ocr_par' dir='ltr' id='par_1_14' title="bbox 362 1411 1940 1490">
     <span class='ocr_line' id='line_1_14' title="bbox 362 1411 1940 1490; baseline 0.008 -26"><span class='ocrx_word' id='word_1_94' title='bbox 362 1411 553 1484; x_wconf 79' lang='grc' dir='ltr'>ῶσπερ</span> <span class='ocrx_word' id='word_1_95' title='bbox 576 1413 637 1466; x_wconf 77' lang='grc' dir='ltr'>τὸ</span> <span class='ocrx_word' id='word_1_96' title='bbox 662 1416 927 1485; x_wconf 77' lang='grc' dir='ltr'>ἀγνοῆσαι</span> <span class='ocrx_word' id='word_1_97' title='bbox 953 1416 1044 1469; x_wconf 69' lang='grc' dir='ltr'><strong>τὸν</strong></span> <span class='ocrx_word' id='word_1_98' title='bbox 1075 1416 1208 1471; x_wconf 75' lang='grc' dir='ltr'>Θεδν</span> <span class='ocrx_word' id='word_1_99' title='bbox 1229 1418 1320 1470; x_wconf 89' lang='grc' dir='ltr'><strong>τὸν</strong></span> <span class='ocrx_word' id='word_1_100' title='bbox 1350 1420 1582 1473; x_wconf 81' lang='grc' dir='ltr'>θάνατον</span> <span class='ocrx_word' id='word_1_101' title='bbox 1613 1418 1940 1490; x_wconf 78' lang='grc' dir='ltr'>εἰσήνεγκεν</span> 
     </span>
    </p>
   </div>
   <div class='ocr_carea' id='block_1_15' title="bbox 363 1504 1941 1586">
    <p class='ocr_par' dir='ltr' id='par_1_15' title="bbox 363 1504 1941 1586">
     <span class='ocr_line' id='line_1_15' title="bbox 363 1504 1941 1586; baseline 0.006 -28"><span class='ocrx_word' id='word_1_102' title='bbox 363 1504 422 1571; x_wconf 70' lang='grc' dir='ltr'><strong>ἐξ</strong></span> <span class='ocrx_word' id='word_1_103' title='bbox 450 1507 645 1578; x_wconf 77' lang='grc' dir='ltr'>ἀρχῆς.</span> <span class='ocrx_word' id='word_1_104' title='bbox 696 1508 852 1562; x_wconf 74' lang='grc' dir='ltr'>Ἐπεὶ</span> <span class='ocrx_word' id='word_1_105' title='bbox 905 1510 1015 1582; x_wconf 85' lang='grc' dir='ltr'><strong>γάρ</strong></span> <span class='ocrx_word' id='word_1_106' title='bbox 1057 1513 1085 1565; x_wconf 89' lang='grc' dir='ltr'><strong>ό</strong></span> <span class='ocrx_word' id='word_1_107' title='bbox 1149 1513 1322 1585; x_wconf 77' lang='grc' dir='ltr'>Ἀδὰμ</span> <span class='ocrx_word' id='word_1_108' title='bbox 1348 1515 1446 1584; x_wconf 71' lang='grc' dir='ltr'><strong>τὴν</strong></span> <span class='ocrx_word' id='word_1_109' title='bbox 1488 1514 1639 1569; x_wconf 87' lang='grc' dir='ltr'>θείαν</span> <span class='ocrx_word' id='word_1_110' title='bbox 1669 1506 1941 1586; x_wconf 75' lang='grc' dir='ltr'>ἀγνοήσας</span> 
     </span>
    </p>
   </div>
   <div class='ocr_carea' id='block_1_16' title="bbox 366 1599 1940 1678">
    <p class='ocr_par' dir='ltr' id='par_1_16' title="bbox 366 1599 1940 1678">
     <span class='ocr_line' id='line_1_16' title="bbox 366 1599 1940 1678; baseline 0.01 -30"><span class='ocrx_word' id='word_1_111' title='bbox 366 1599 780 1671; x_wconf 77' lang='grc' dir='ltr'><strong>φιλανθρωπίαν</strong></span> <span class='ocrx_word' id='word_1_112' title='bbox 809 1601 1078 1672; x_wconf 81' lang='grc' dir='ltr'>βάσκανον</span> <span class='ocrx_word' id='word_1_113' title='bbox 1106 1601 1242 1659; x_wconf 74' lang='grc' dir='ltr'>εἶναι</span> <span class='ocrx_word' id='word_1_114' title='bbox 1271 1606 1425 1678; x_wconf 77' lang='grc' dir='ltr'>ᾠήθη</span> <span class='ocrx_word' id='word_1_115' title='bbox 1449 1608 1543 1662; x_wconf 65' lang='grc' dir='ltr'>τὸν</span> <span class='ocrx_word' id='word_1_116' title='bbox 1582 1607 1812 1677; x_wconf 79' lang='grc' dir='ltr'>ἀγαθὸν,</span> <span class='ocrx_word' id='word_1_117' title='bbox 1844 1610 1940 1663; x_wconf 74' lang='grc' dir='ltr'>καὶ</span> 
     </span>
    </p>
   </div>
   <div class='ocr_carea' id='block_1_17' title="bbox 361 1691 1938 1779">
    <p class='ocr_par' dir='ltr' id='par_1_17' title="bbox 361 1691 1938 1779">
     <span class='ocr_line' id='line_1_17' title="bbox 361 1691 1938 1779; baseline 0.009 -38"><span class='ocrx_word' id='word_1_118' title='bbox 361 1691 460 1760; x_wconf 80' lang='grc' dir='ltr'><strong>τῆς</strong></span> <span class='ocrx_word' id='word_1_119' title='bbox 483 1692 676 1762; x_wconf 81' lang='grc' dir='ltr'>σοφίας</span> <span class='ocrx_word' id='word_1_120' title='bbox 705 1693 1097 1767; x_wconf 75' lang='grc' dir='ltr'>ἐπιλαθόμενος</span> <span class='ocrx_word' id='word_1_121' title='bbox 1124 1697 1309 1779; x_wconf 75' lang='grc' dir='ltr'>λαθεζν</span> <span class='ocrx_word' id='word_1_122' title='bbox 1342 1699 1567 1769; x_wconf 83' lang='grc' dir='ltr'>ἐνόμισε</span> <span class='ocrx_word' id='word_1_123' title='bbox 1602 1699 1695 1755; x_wconf 74' lang='grc' dir='ltr'><strong>τὸν</strong></span> <span class='ocrx_word' id='word_1_124' title='bbox 1747 1699 1938 1770; x_wconf 75' lang='grc' dir='ltr'>σοφὸν,</span> 
     </span>
    </p>
   </div>
   <div class='ocr_carea' id='block_1_18' title="bbox 362 1783 1941 1865">
    <p class='ocr_par' dir='ltr' id='par_1_18' title="bbox 362 1783 1941 1865">
     <span class='ocr_line' id='line_1_18' title="bbox 362 1783 1941 1865; baseline 0.011 -34"><span class='ocrx_word' id='word_1_125' title='bbox 362 1783 439 1851; x_wconf 78' lang='grc' dir='ltr'>τῷ</span> <span class='ocrx_word' id='word_1_126' title='bbox 470 1784 716 1858; x_wconf 80' lang='grc' dir='ltr'><strong>δραπέτῃ</strong></span> <span class='ocrx_word' id='word_1_127' title='bbox 750 1789 1054 1861; x_wconf 81' lang='grc' dir='ltr'>προσετέθη</span> <span class='ocrx_word' id='word_1_128' title='bbox 1081 1791 1172 1845; x_wconf 79' lang='grc' dir='ltr'>τὸν</span> <span class='ocrx_word' id='word_1_129' title='bbox 1203 1790 1484 1865; x_wconf 81' lang='grc' dir='ltr'>Δεσπότην</span> <span class='ocrx_word' id='word_1_130' title='bbox 1525 1795 1811 1865; x_wconf 81' lang='grc' dir='ltr'>περῖιδὼν,</span> <span class='ocrx_word' id='word_1_131' title='bbox 1845 1796 1941 1849; x_wconf 79' lang='grc' dir='ltr'>καὶ</span> 
     </span>
    </p>
   </div>
   <div class='ocr_carea' id='block_1_19' title="bbox 362 1871 1940 1953">
    <p class='ocr_par' dir='ltr' id='par_1_19' title="bbox 362 1871 1940 1953">
     <span class='ocr_line' id='line_1_19' title="bbox 362 1871 1940 1953; baseline 0.008 -30"><span class='ocrx_word' id='word_1_132' title='bbox 362 1871 453 1924; x_wconf 69' lang='grc' dir='ltr'>διὰ</span> <span class='ocrx_word' id='word_1_133' title='bbox 477 1872 635 1927; x_wconf 76' lang='grc' dir='ltr'>τοῦτο</span> <span class='ocrx_word' id='word_1_134' title='bbox 666 1875 761 1928; x_wconf 77' lang='grc' dir='ltr'>τοῦ</span> <span class='ocrx_word' id='word_1_135' title='bbox 792 1878 1122 1948; x_wconf 79' lang='grc' dir='ltr'>παραδείσου</span> <span class='ocrx_word' id='word_1_136' title='bbox 1154 1897 1214 1934; x_wconf 91' lang='grc' dir='ltr'><strong>τε</strong></span> <span class='ocrx_word' id='word_1_137' title='bbox 1250 1880 1512 1952; x_wconf 81' lang='grc' dir='ltr'><strong>ἀπηλάθη</strong></span> <span class='ocrx_word' id='word_1_138' title='bbox 1541 1881 1634 1936; x_wconf 77' lang='grc' dir='ltr'>καὶ</span> <span class='ocrx_word' id='word_1_139' title='bbox 1664 1881 1762 1953; x_wconf 81' lang='grc' dir='ltr'>τὴν</span> <span class='ocrx_word' id='word_1_140' title='bbox 1792 1880 1940 1952; x_wconf 79' lang='grc' dir='ltr'>ζωὴν</span> 
     </span>
    </p>
   </div>
   <div class='ocr_carea' id='block_1_20' title="bbox 362 1952 2015 2044">
    <p class='ocr_par' dir='ltr' id='par_1_20' title="bbox 362 1952 2015 2044">
     <span class='ocr_line' id='line_1_20' title="bbox 362 1952 2015 2044; baseline 0.007 -30"><span class='ocrx_word' id='word_1_141' title='bbox 362 1961 613 2034; x_wconf 69' lang='grc' dir='ltr'>ἀφῃρέθη</span> <span class='ocrx_word' id='word_1_142' title='bbox 643 1968 736 2018; x_wconf 71' lang='grc' dir='ltr'>καὶ</span> <span class='ocrx_word' id='word_1_143' title='bbox 763 1966 1012 2039; x_wconf 55' lang='lat' dir='ltr'><strong>(tamen</strong></span> <span class='ocrx_word' id='word_1_144' title='bbox 1043 1971 1137 2024; x_wconf 75' lang='grc' dir='ltr'><strong>καὶ</strong></span> <span class='ocrx_word' id='word_1_145' title='bbox 1156 1971 1430 2025; x_wconf 82' lang='grc' dir='ltr'>ἀπέθανεν</span> <span class='ocrx_word' id='word_1_146' title='bbox 1453 1988 1466 2002; x_wconf 80' lang='grc'><em>’</em></span> <span class='ocrx_word' id='word_1_147' title='bbox 1514 1970 1641 2027; x_wconf 80' lang='grc' dir='ltr'>ὅθεν</span> <span class='ocrx_word' id='word_1_148' title='bbox 1696 1952 1774 2044; x_wconf 78' lang='grc' dir='ltr'>τῷ</span> <span class='ocrx_word' id='word_1_149' title='bbox 1805 1973 1940 2043; x_wconf 73' lang='grc' dir='ltr'>πρὸς</span> <span class='ocrx_word' id='word_1_150' title='bbox 1972 1952 2015 2008; x_wconf 78' lang='grc' dir='ltr'>Β</span> 
     </span>
    </p>
   </div>
   <div class='ocr_carea' id='block_1_21' title="bbox 362 2053 1942 2139">
    <p class='ocr_par' dir='ltr' id='par_1_21' title="bbox 362 2053 1942 2139">
     <span class='ocr_line' id='line_1_21' title="bbox 362 2053 1942 2139; baseline 0.009 -35"><span class='ocrx_word' id='word_1_151' title='bbox 362 2053 463 2125; x_wconf 73' lang='grc' dir='ltr'>τὴν</span> <span class='ocrx_word' id='word_1_152' title='bbox 516 2055 664 2127; x_wconf 70' lang='grc' dir='ltr'>ζωὴν</span> <span class='ocrx_word' id='word_1_153' title='bbox 719 2059 1064 2134; x_wconf 74' lang='grc' dir='ltr'>ἐπειγομένῳ</span> <span class='ocrx_word' id='word_1_154' title='bbox 1110 2063 1203 2117; x_wconf 75' lang='grc' dir='ltr'><strong>καὶ</strong></span> <span class='ocrx_word' id='word_1_155' title='bbox 1253 2065 1344 2119; x_wconf 78' lang='grc' dir='ltr'><strong>τὸν</strong></span> <span class='ocrx_word' id='word_1_156' title='bbox 1390 2065 1525 2123; x_wconf 77' lang='grc' dir='ltr'>Θεὸν</span> <span class='ocrx_word' id='word_1_157' title='bbox 1554 2062 1807 2139; x_wconf 72' lang='grc' dir='ltr'>ἡγεῖσθαι</span> <span class='ocrx_word' id='word_1_158' title='bbox 1841 2066 1942 2137; x_wconf 81' lang='grc' dir='ltr'>τὴν</span> 
     </span>
    </p>
   </div>
   <div class='ocr_carea' id='block_1_22' title="bbox 363 2147 1411 2233">
    <p class='ocr_par' dir='ltr' id='par_1_22' title="bbox 363 2147 1411 2233">
     <span class='ocr_line' id='line_1_22' title="bbox 363 2147 1411 2233; baseline 0.014 -35"><span class='ocrx_word' id='word_1_159' title='bbox 363 2149 496 2218; x_wconf 74' lang='grc' dir='ltr'>περὶ</span> <span class='ocrx_word' id='word_1_160' title='bbox 525 2147 660 2202; x_wconf 79' lang='grc' dir='ltr'>Θεοῦ</span> <span class='ocrx_word' id='word_1_161' title='bbox 693 2152 894 2219; x_wconf 84' lang='grc' dir='ltr'>γνῶσιν</span> <span class='ocrx_word' id='word_1_162' title='bbox 928 2156 1078 2208; x_wconf 82' lang='grc' dir='ltr'>πᾶσα</span> <span class='ocrx_word' id='word_1_163' title='bbox 1107 2151 1348 2229; x_wconf 69' lang='grc' dir='ltr'>ἀνάγκη.</span> <span class='ocrx_word' id='word_1_164' title='bbox 1402 2228 1411 2233; x_wconf 92' lang='lat'><em>_</em></span> 
     </span>
    </p>
   </div>
   <div class='ocr_carea' id='block_1_23' title="bbox 436 2332 1944 2407">
    <p class='ocr_par' dir='ltr' id='par_1_23' title="bbox 436 2332 1944 2407">
     <span class='ocr_line' id='line_1_23' title="bbox 436 2332 1944 2407; baseline 0.004 -22"><span class='ocrx_word' id='word_1_165' title='bbox 436 2332 546 2386; x_wconf 75' lang='grc' dir='ltr'><strong>Καὶ</strong></span> <span class='ocrx_word' id='word_1_166' title='bbox 565 2333 626 2387; x_wconf 77' lang='grc' dir='ltr'>τὸ</span> <span class='ocrx_word' id='word_1_167' title='bbox 646 2335 1005 2407; x_wconf 81' lang='grc' dir='ltr'>γυμνωθῆναι</span> <span class='ocrx_word' id='word_1_168' title='bbox 1023 2336 1080 2390; x_wconf 75' lang='grc' dir='ltr'>δὲ</span> <span class='ocrx_word' id='word_1_169' title='bbox 1106 2336 1367 2405; x_wconf 75' lang='grc' dir='ltr'>καθάπαξ</span> <span class='ocrx_word' id='word_1_170' title='bbox 1400 2338 1494 2392; x_wconf 76' lang='grc' dir='ltr'><strong>καὶ</strong></span> <span class='ocrx_word' id='word_1_171' title='bbox 1521 2338 1615 2394; x_wconf 78' lang='grc' dir='ltr'><strong>τὸν</strong></span> <span class='ocrx_word' id='word_1_172' title='bbox 1631 2338 1944 2392; x_wconf 86' lang='grc' dir='ltr'>τελευταῖον</span> 
     </span>
    </p>
   </div>
   <div class='ocr_carea' id='block_1_24' title="bbox 365 2424 1945 2504">
    <p class='ocr_par' dir='ltr' id='par_1_24' title="bbox 365 2424 1945 2504">
     <span class='ocr_line' id='line_1_24' title="bbox 365 2424 1945 2504; baseline 0.007 -26"><span class='ocrx_word' id='word_1_173' title='bbox 365 2424 704 2482; x_wconf 75' lang='grc' dir='ltr'>καταθέσθαι</span> <span class='ocrx_word' id='word_1_174' title='bbox 740 2430 945 2500; x_wconf 90' lang='grc' dir='ltr'>χιτῶνα</span> <span class='ocrx_word' id='word_1_175' title='bbox 974 2432 1267 2503; x_wconf 80' lang='grc' dir='ltr'>δείκνυμεν</span> <span class='ocrx_word' id='word_1_176' title='bbox 1292 2432 1418 2504; x_wconf 79' lang='grc' dir='ltr'>ἄρτι</span> <span class='ocrx_word' id='word_1_177' title='bbox 1454 2434 1553 2503; x_wconf 84' lang='grc' dir='ltr'><strong>τῆς</strong></span> <span class='ocrx_word' id='word_1_178' title='bbox 1590 2435 1671 2496; x_wconf 90' lang='grc' dir='ltr'><strong>είς</strong></span> <span class='ocrx_word' id='word_1_179' title='bbox 1699 2434 1791 2488; x_wconf 78' lang='grc' dir='ltr'><strong>τὸν</strong></span> <span class='ocrx_word' id='word_1_180' title='bbox 1836 2451 1945 2489; x_wconf 85' lang='grc' dir='ltr'>πα-</span> 
     </span>
    </p>
   </div>
   <div class='ocr_carea' id='block_1_25' title="bbox 367 2518 1938 2599">
    <p class='ocr_par' dir='ltr' id='par_1_25' title="bbox 367 2518 1938 2599">
     <span class='ocr_line' id='line_1_25' title="bbox 367 2518 1938 2599; baseline 0.006 -29"><span class='ocrx_word' id='word_1_181' title='bbox 367 2518 615 2588; x_wconf 76' lang='grc' dir='ltr'>ράδεισον</span> <span class='ocrx_word' id='word_1_182' title='bbox 638 2523 912 2596; x_wconf 80' lang='grc' dir='ltr'>φερούσης</span> <span class='ocrx_word' id='word_1_183' title='bbox 940 2526 1240 2595; x_wconf 85' lang='grc' dir='ltr'>ἁπτόμενοι</span> <span class='ocrx_word' id='word_1_184' title='bbox 1263 2527 1360 2580; x_wconf 76' lang='grc' dir='ltr'><strong>καὶ</strong></span> <span class='ocrx_word' id='word_1_185' title='bbox 1387 2526 1485 2598; x_wconf 78' lang='grc' dir='ltr'>τὴν</span> <span class='ocrx_word' id='word_1_186' title='bbox 1512 2527 1751 2582; x_wconf 77' lang='grc' dir='ltr'>ἐνταῦθα</span> <span class='ocrx_word' id='word_1_187' title='bbox 1770 2529 1938 2599; x_wconf 81' lang='grc' dir='ltr'>ζωήν.</span> 
     </span>
    </p>
   </div>
   <div class='ocr_carea' id='block_1_26' title="bbox 375 2610 1943 2694">
    <p class='ocr_par' dir='ltr' id='par_1_26' title="bbox 375 2610 1943 2694">
     <span class='ocr_line' id='line_1_26' title="bbox 375 2610 1943 2694; baseline 0.011 -31"><span class='ocrx_word' id='word_1_188' title='bbox 375 2610 437 2663; x_wconf 85' lang='lat'><strong>&#39;0</strong></span> <span class='ocrx_word' id='word_1_189' title='bbox 472 2612 572 2681; x_wconf 85' lang='grc' dir='ltr'>μὲν</span> <span class='ocrx_word' id='word_1_190' title='bbox 598 2616 706 2684; x_wconf 76' lang='grc' dir='ltr'>γὰρ</span> <span class='ocrx_word' id='word_1_191' title='bbox 742 2617 913 2682; x_wconf 72' lang='grc' dir='ltr'>Ἀδὰμ</span> <span class='ocrx_word' id='word_1_192' title='bbox 941 2619 1050 2672; x_wconf 82' lang='grc' dir='ltr'>ἀπὸ</span> <span class='ocrx_word' id='word_1_193' title='bbox 1079 2622 1179 2690; x_wconf 83' lang='grc' dir='ltr'>τῆς</span> <span class='ocrx_word' id='word_1_194' title='bbox 1202 2620 1524 2689; x_wconf 83' lang='grc' dir='ltr'>εὐδαίμονος</span> <span class='ocrx_word' id='word_1_195' title='bbox 1546 2621 1762 2694; x_wconf 74' lang='grc' dir='ltr'>ἐκείνης</span> <span class='ocrx_word' id='word_1_196' title='bbox 1786 2611 1943 2692; x_wconf 60' lang='grc' dir='ltr'>περιέ</span> 
     </span>
    </p>
   </div>
   <div class='ocr_carea' id='block_1_27' title="bbox 364 2701 1944 2787">
    <p class='ocr_par' dir='ltr' id='par_1_27' title="bbox 364 2701 1944 2787">
     <span class='ocr_line' id='line_1_27' title="bbox 364 2701 1944 2787; baseline 0.009 -32"><span class='ocrx_word' id='word_1_197' title='bbox 364 2701 527 2771; x_wconf 75' lang='grc' dir='ltr'>ϐολῆς</span> <span class='ocrx_word' id='word_1_198' title='bbox 550 2705 641 2758; x_wconf 78' lang='grc' dir='ltr'><strong>ἐπὶ</strong></span> <span class='ocrx_word' id='word_1_199' title='bbox 667 2707 767 2777; x_wconf 79' lang='grc' dir='ltr'>τὴν</span> <span class='ocrx_word' id='word_1_200' title='bbox 798 2708 1082 2779; x_wconf 83' lang='grc' dir='ltr'>γύμνωσιν</span> <span class='ocrx_word' id='word_1_201' title='bbox 1111 2711 1302 2778; x_wconf 81' lang='grc' dir='ltr'>ἐλθὼν,</span> <span class='ocrx_word' id='word_1_202' title='bbox 1352 2714 1461 2767; x_wconf 81' lang='grc' dir='ltr'><strong>ἀπὸ</strong></span> <span class='ocrx_word' id='word_1_203' title='bbox 1491 2713 1698 2784; x_wconf 84' lang='grc' dir='ltr'>ταύτης</span> <span class='ocrx_word' id='word_1_204' title='bbox 1725 2716 1817 2768; x_wconf 73' lang='grc' dir='ltr'>ἐπὶ</span> <span class='ocrx_word' id='word_1_205' title='bbox 1842 2716 1944 2787; x_wconf 77' lang='grc' dir='ltr'><strong>τὴν</strong></span> 
     </span>
    </p>
   </div>
   <div class='ocr_carea' id='block_1_28' title="bbox 363 2795 1942 2881">
    <p class='ocr_par' dir='ltr' id='par_1_28' title="bbox 363 2795 1942 2881">
     <span class='ocr_line' id='line_1_28' title="bbox 363 2795 1942 2881; baseline 0.011 -33"><span class='ocrx_word' id='word_1_206' title='bbox 363 2795 554 2850; x_wconf 81' lang='grc' dir='ltr'>ἀθλίαν</span> <span class='ocrx_word' id='word_1_207' title='bbox 582 2800 785 2874; x_wconf 88' lang='grc' dir='ltr'>ταύτην</span> <span class='ocrx_word' id='word_1_208' title='bbox 815 2795 915 2875; x_wconf 75' lang='grc' dir='ltr'>ἧκε</span> <span class='ocrx_word' id='word_1_209' title='bbox 950 2806 1172 2875; x_wconf 76' lang='grc' dir='ltr'>σκευήν,</span> <span class='ocrx_word' id='word_1_210' title='bbox 1213 2807 1407 2879; x_wconf 85' lang='grc' dir='ltr'>Ἦμεῖς</span> <span class='ocrx_word' id='word_1_211' title='bbox 1456 2807 1513 2861; x_wconf 79' lang='grc' dir='ltr'><strong>δὲ</strong></span> <span class='ocrx_word' id='word_1_212' title='bbox 1545 2810 1654 2863; x_wconf 83' lang='grc' dir='ltr'><strong>ἀπὸ</strong></span> <span class='ocrx_word' id='word_1_213' title='bbox 1677 2811 1785 2863; x_wconf 90' lang='grc' dir='ltr'><strong>τῶν</strong></span> <span class='ocrx_word' id='word_1_214' title='bbox 1815 2811 1942 2881; x_wconf 83' lang='grc' dir='ltr'>δερ-</span> 
     </span>
    </p>
   </div>
   <div class='ocr_carea' id='block_1_29' title="bbox 367 2892 1942 2971">
    <p class='ocr_par' dir='ltr' id='par_1_29' title="bbox 367 2892 1942 2971">
     <span class='ocr_line' id='line_1_29' title="bbox 367 2892 1942 2971; baseline 0.011 -28"><span class='ocrx_word' id='word_1_215' title='bbox 367 2892 609 2961; x_wconf 86' lang='grc' dir='ltr'>ματίνων</span> <span class='ocrx_word' id='word_1_216' title='bbox 636 2895 883 2965; x_wconf 82' lang='grc' dir='ltr'>χιτώνων</span> <span class='ocrx_word' id='word_1_217' title='bbox 913 2901 1006 2954; x_wconf 75' lang='grc' dir='ltr'>ἐπὶ</span> <span class='ocrx_word' id='word_1_218' title='bbox 1034 2899 1135 2970; x_wconf 85' lang='grc' dir='ltr'>τὴν</span> <span class='ocrx_word' id='word_1_219' title='bbox 1181 2902 1466 2971; x_wconf 85' lang='grc' dir='ltr'>γύμνωσιν</span> <span class='ocrx_word' id='word_1_220' title='bbox 1520 2905 1691 2969; x_wconf 83' lang='grc' dir='ltr'>ἰόντες</span> <span class='ocrx_word' id='word_1_221' title='bbox 1720 2907 1812 2960; x_wconf 70' lang='grc' dir='ltr'><strong>καὶ</strong></span> <span class='ocrx_word' id='word_1_222' title='bbox 1853 2906 1942 2961; x_wconf 60' lang='grc' dir='ltr'>διὰ</span> 
     </span>
    </p>
   </div>
   <div class='ocr_carea' id='block_1_30' title="bbox 364 2982 1943 3069">
    <p class='ocr_par' dir='ltr' id='par_1_30' title="bbox 364 2982 1943 3069">
     <span class='ocr_line' id='line_1_30' title="bbox 364 2982 1943 3069; baseline 0.009 -33"><span class='ocrx_word' id='word_1_223' title='bbox 364 2982 459 3036; x_wconf 74' lang='grc' dir='ltr'>τοῦ</span> <span class='ocrx_word' id='word_1_224' title='bbox 487 2983 653 3039; x_wconf 80' lang='grc' dir='ltr'>αὐτοῦ</span> <span class='ocrx_word' id='word_1_225' title='bbox 706 2986 1017 3057; x_wconf 81' lang='grc' dir='ltr'>βαδίζοντες</span> <span class='ocrx_word' id='word_1_226' title='bbox 1069 2991 1235 3060; x_wconf 83' lang='grc' dir='ltr'>μέσου</span> <span class='ocrx_word' id='word_1_227' title='bbox 1267 2994 1422 3066; x_wconf 81' lang='grc' dir='ltr'>δῆλοι</span> <span class='ocrx_word' id='word_1_228' title='bbox 1446 2996 1797 3068; x_wconf 82' lang='grc' dir='ltr'>καθέσταμεν</span> <span class='ocrx_word' id='word_1_229' title='bbox 1845 2998 1943 3069; x_wconf 80' lang='grc' dir='ltr'><strong>τὴν</strong></span> 
     </span>
    </p>
   </div>
   <div class='ocr_carea' id='block_1_31' title="bbox 365 3076 1946 3163">
    <p class='ocr_par' dir='ltr' id='par_1_31' title="bbox 365 3076 1946 3163">
     <span class='ocr_line' id='line_1_31' title="bbox 365 3076 1946 3163; baseline 0.011 -35"><span class='ocrx_word' id='word_1_230' title='bbox 365 3076 535 3148; x_wconf 79' lang='grc' dir='ltr'>αὐτὴν</span> <span class='ocrx_word' id='word_1_231' title='bbox 562 3079 877 3145; x_wconf 70' lang='grc' dir='ltr'>ἐπανιόντες</span> <span class='ocrx_word' id='word_1_232' title='bbox 906 3084 1024 3138; x_wconf 79' lang='grc' dir='ltr'><strong>ὁδὸν</strong></span> <span class='ocrx_word' id='word_1_233' title='bbox 1058 3086 1152 3138; x_wconf 75' lang='lat' dir='ltr'><strong>ml.</strong></span> <span class='ocrx_word' id='word_1_234' title='bbox 1201 3088 1337 3157; x_wconf 78' lang='grc' dir='ltr'>πρὸς</span> <span class='ocrx_word' id='word_1_235' title='bbox 1363 3089 1425 3142; x_wconf 86' lang='grc' dir='ltr'>τὺ</span> <span class='ocrx_word' id='word_1_236' title='bbox 1478 3090 1693 3160; x_wconf 78' lang='grc' dir='ltr'>ἱμάτιον</span> <span class='ocrx_word' id='word_1_237' title='bbox 1727 3092 1946 3163; x_wconf 77' lang='grc' dir='ltr'>ἐπειγό·</span> 
     </span>
    </p>
   </div>
   <div class='ocr_carea' id='block_1_32' title="bbox 367 3174 1943 3250">
    <p class='ocr_par' dir='ltr' id='par_1_32' title="bbox 367 3174 1943 3250">
     <span class='ocr_line' id='line_1_32' title="bbox 367 3174 1943 3250; baseline 0.013 -29"><span class='ocrx_word' id='word_1_238' title='bbox 367 3189 522 3239; x_wconf 83' lang='grc' dir='ltr'>μενοι</span> <span class='ocrx_word' id='word_1_239' title='bbox 551 3174 612 3227; x_wconf 84' lang='grc' dir='ltr'><strong>τὸ</strong></span> <span class='ocrx_word' id='word_1_240' title='bbox 644 3174 941 3245; x_wconf 82' lang='grc' dir='ltr'>βασιλικὸν,</span> <span class='ocrx_word' id='word_1_241' title='bbox 966 3181 1060 3235; x_wconf 71' lang='grc' dir='ltr'><strong>καὶ</strong></span> <span class='ocrx_word' id='word_1_242' title='bbox 1085 3179 1208 3244; x_wconf 76' lang='grc' dir='ltr'>ὅθεν</span> <span class='ocrx_word' id='word_1_243' title='bbox 1240 3185 1336 3238; x_wconf 77' lang='grc' dir='ltr'><strong>καὶ</strong></span> <span class='ocrx_word' id='word_1_244' title='bbox 1369 3182 1439 3236; x_wconf 86' lang='grc' dir='ltr'><strong>δι’</strong></span> <span class='ocrx_word' id='word_1_245' title='bbox 1466 3177 1541 3237; x_wconf 86' lang='grc' dir='ltr'>ὧν</span> <span class='ocrx_word' id='word_1_246' title='bbox 1564 3186 1774 3250; x_wconf 81' lang='grc' dir='ltr'>ἐκεῖνος</span> <span class='ocrx_word' id='word_1_247' title='bbox 1806 3204 1943 3241; x_wconf 82' lang='grc' dir='ltr'>κατ-</span> 
     </span>
    </p>
   </div>
   <div class='ocr_carea' id='block_1_33' title="bbox 2044 696 3615 771">
    <p class='ocr_par' dir='ltr' id='par_1_33' title="bbox 2044 696 3615 771">
     <span class='ocr_line' id='line_1_33' title="bbox 2044 696 3615 771; baseline 0.005 -25"><span class='ocrx_word' id='word_1_248' title='bbox 2044 696 2249 761; x_wconf 88' lang='lat' dir='ltr'><strong>currit;</strong></span> <span class='ocrx_word' id='word_1_249' title='bbox 2271 706 2435 766; x_wconf 86' lang='lat' dir='ltr'><strong>atque</strong></span> <span class='ocrx_word' id='word_1_250' title='bbox 2458 700 2524 752; x_wconf 83' lang='lat' dir='ltr'><strong>ad</strong></span> <span class='ocrx_word' id='word_1_251' title='bbox 2547 699 2813 754; x_wconf 78' lang='lat' dir='ltr'><strong>orientem</strong></span> <span class='ocrx_word' id='word_1_252' title='bbox 2842 699 3170 769; x_wconf 76' lang='lat' dir='ltr'><strong>respiciens,</strong></span> <span class='ocrx_word' id='word_1_253' title='bbox 3187 699 3355 756; x_wconf 89' lang='lat' dir='ltr'><strong>solem</strong></span> <span class='ocrx_word' id='word_1_254' title='bbox 3380 699 3615 771; x_wconf 65' lang='lat' dir='ltr'><strong>quaerit;</strong></span> 
     </span>
    </p>
   </div>
   <div class='ocr_carea' id='block_1_34' title="bbox 2043 783 3622 862">
    <p class='ocr_par' dir='ltr' id='par_1_34' title="bbox 2043 783 3622 862">
     <span class='ocr_line' id='line_1_34' title="bbox 2043 783 3622 862; baseline 0.006 -25"><span class='ocrx_word' id='word_1_255' title='bbox 2043 783 2443 857; x_wconf 79' lang='lat' dir='ltr'><strong>expeditusque</strong></span> <span class='ocrx_word' id='word_1_256' title='bbox 2476 804 2507 844; x_wconf 89' lang='lat' dir='ltr'><strong>e</strong></span> <span class='ocrx_word' id='word_1_257' title='bbox 2536 792 2752 860; x_wconf 82' lang='lat' dir='ltr'><strong>tyranni</strong></span> <span class='ocrx_word' id='word_1_258' title='bbox 2786 791 3063 851; x_wconf 84' lang='lat' dir='ltr'><strong>manibus.</strong></span> <span class='ocrx_word' id='word_1_259' title='bbox 3091 807 3270 862; x_wconf 80' lang='lat' dir='ltr'><strong>regem</strong></span> <span class='ocrx_word' id='word_1_260' title='bbox 3312 792 3526 855; x_wconf 87' lang='lat' dir='ltr'><strong>adorat,</strong></span> <span class='ocrx_word' id='word_1_261' title='bbox 3568 800 3622 846; x_wconf 87' lang='lat' dir='ltr'><strong>ct</strong></span> 
     </span>
    </p>
   </div>
   <div class='ocr_carea' id='block_1_35' title="bbox 2043 878 3617 954">
    <p class='ocr_par' dir='ltr' id='par_1_35' title="bbox 2043 878 3617 954">
     <span class='ocr_line' id='line_1_35' title="bbox 2043 878 3617 954; baseline 0.008 -29"><span class='ocrx_word' id='word_1_262' title='bbox 2043 882 2352 944; x_wconf 83' lang='lat' dir='ltr'><strong>contempto</strong></span> <span class='ocrx_word' id='word_1_263' title='bbox 2400 878 2610 947; x_wconf 90' lang='lat' dir='ltr'><strong>spurio,</strong></span> <span class='ocrx_word' id='word_1_264' title='bbox 2662 880 2963 949; x_wconf 81' lang='lat' dir='ltr'><strong>legitimum</strong></span> <span class='ocrx_word' id='word_1_265' title='bbox 3012 881 3301 938; x_wconf 91' lang='lat' dir='ltr'><strong>Dominum</strong></span> <span class='ocrx_word' id='word_1_266' title='bbox 3344 883 3617 954; x_wconf 81' lang='lat' dir='ltr'><strong>agnoscit,</strong></span> 
     </span>
    </p>
   </div>
   <div class='ocr_carea' id='block_1_36' title="bbox 2042 959 3621 1043">
    <p class='ocr_par' dir='ltr' id='par_1_36' title="bbox 2042 959 3621 1043">
     <span class='ocr_line' id='line_1_36' title="bbox 2042 959 3621 1043; baseline 0.01 -29"><span class='ocrx_word' id='word_1_267' title='bbox 2042 959 2117 1015; x_wconf 84' lang='lat' dir='ltr'><strong>illi</strong></span> <span class='ocrx_word' id='word_1_268' title='bbox 2164 966 2361 1036; x_wconf 83' lang='lat' dir='ltr'><strong>subjici</strong></span> <span class='ocrx_word' id='word_1_269' title='bbox 2392 978 2444 1022; x_wconf 87' lang='lat' dir='ltr'><strong>et</strong></span> <span class='ocrx_word' id='word_1_270' title='bbox 2480 978 2588 1037; x_wconf 82' lang='lat' dir='ltr'><strong>tota</strong></span> <span class='ocrx_word' id='word_1_271' title='bbox 2644 972 2828 1026; x_wconf 87' lang='lat' dir='ltr'><strong>anima</strong></span> <span class='ocrx_word' id='word_1_272' title='bbox 2880 975 3089 1029; x_wconf 84' lang='lat' dir='ltr'><strong>servire</strong></span> <span class='ocrx_word' id='word_1_273' title='bbox 3137 985 3326 1043; x_wconf 86' lang='lat' dir='ltr'><strong>optat:</strong></span> <span class='ocrx_word' id='word_1_274' title='bbox 3384 985 3438 1030; x_wconf 88' lang='lat' dir='ltr'><strong>et</strong></span> <span class='ocrx_word' id='word_1_275' title='bbox 3492 986 3621 1029; x_wconf 90' lang='lat' dir='ltr'><strong>ante</strong></span> 
     </span>
    </p>
   </div>
   <div class='ocr_carea' id='block_1_37' title="bbox 2043 1056 3618 1135">
    <p class='ocr_par' dir='ltr' id='par_1_37' title="bbox 2043 1056 3618 1135">
     <span class='ocr_line' id='line_1_37' title="bbox 2043 1056 3618 1135; baseline 0.005 -25"><span class='ocrx_word' id='word_1_276' title='bbox 2043 1056 2161 1112; x_wconf 81' lang='lat' dir='ltr'><strong>haec</strong></span> <span class='ocrx_word' id='word_1_277' title='bbox 2198 1057 2250 1111; x_wconf 92' lang='lat' dir='ltr'><strong>in</strong></span> <span class='ocrx_word' id='word_1_278' title='bbox 2281 1075 2430 1125; x_wconf 90' lang='lat' dir='ltr'><strong>cum,</strong></span> <span class='ocrx_word' id='word_1_279' title='bbox 2462 1070 2523 1115; x_wconf 87' lang='lat' dir='ltr'><strong>ut</strong></span> <span class='ocrx_word' id='word_1_280' title='bbox 2566 1064 2619 1117; x_wconf 92' lang='lat' dir='ltr'><strong>in</strong></span> <span class='ocrx_word' id='word_1_281' title='bbox 2652 1063 2821 1118; x_wconf 73' lang='lat' dir='ltr'><strong>Deum</strong></span> <span class='ocrx_word' id='word_1_282' title='bbox 2854 1066 3099 1121; x_wconf 81' lang='lat' dir='ltr'><strong>credere.</strong></span> <span class='ocrx_word' id='word_1_283' title='bbox 3134 1065 3196 1119; x_wconf 81' lang='lat' dir='ltr'><strong>Et</strong></span> <span class='ocrx_word' id='word_1_284' title='bbox 3226 1068 3291 1120; x_wconf 87' lang='lat' dir='ltr'><strong>ad</strong></span> <span class='ocrx_word' id='word_1_285' title='bbox 3322 1082 3445 1120; x_wconf 90' lang='lat' dir='ltr'><strong>eum</strong></span> <span class='ocrx_word' id='word_1_286' title='bbox 3493 1083 3618 1135; x_wconf 89' lang='lat' dir='ltr'><strong>pcr-</strong></span> 
     </span>
    </p>
   </div>
   <div class='ocr_carea' id='block_1_38' title="bbox 2045 1147 3616 1222">
    <p class='ocr_par' dir='ltr' id='par_1_38' title="bbox 2045 1147 3616 1222">
     <span class='ocr_line' id='line_1_38' title="bbox 2045 1147 3616 1222; baseline 0.004 -21"><span class='ocrx_word' id='word_1_287' title='bbox 2045 1147 2271 1203; x_wconf 86' lang='lat' dir='ltr'><strong>tinentia</strong></span> <span class='ocrx_word' id='word_1_288' title='bbox 2311 1152 2615 1222; x_wconf 88' lang='lat' dir='ltr'><strong>cognoscit.</strong></span> <span class='ocrx_word' id='word_1_289' title='bbox 2648 1153 2782 1208; x_wconf 80' lang='lat' dir='ltr'><strong>Nam</strong></span> <span class='ocrx_word' id='word_1_290' title='bbox 2815 1164 2870 1209; x_wconf 90' lang='lat' dir='ltr'><strong>ct</strong></span> <span class='ocrx_word' id='word_1_291' title='bbox 2903 1156 3006 1210; x_wconf 88' lang='lat' dir='ltr'><strong>hoc</strong></span> <span class='ocrx_word' id='word_1_292' title='bbox 3045 1156 3215 1209; x_wconf 66' lang='lat' dir='ltr'><strong>beata:</strong></span> <span class='ocrx_word' id='word_1_293' title='bbox 3242 1159 3362 1210; x_wconf 84' lang='lat' dir='ltr'><strong>vitae</strong></span> <span class='ocrx_word' id='word_1_294' title='bbox 3402 1156 3616 1210; x_wconf 85' lang='lat' dir='ltr'><strong>initium</strong></span> 
     </span>
    </p>
   </div>
   <div class='ocr_carea' id='block_1_39' title="bbox 2043 1241 3616 1319">
    <p class='ocr_par' dir='ltr' id='par_1_39' title="bbox 2043 1241 3616 1319">
     <span class='ocr_line' id='line_1_39' title="bbox 2043 1241 3616 1319; baseline 0.004 -25"><span class='ocrx_word' id='word_1_295' title='bbox 2043 1248 2147 1304; x_wconf 89' lang='lat' dir='ltr'><strong>est,</strong></span> <span class='ocrx_word' id='word_1_296' title='bbox 2185 1256 2313 1296; x_wconf 88' lang='lat' dir='ltr'><strong>vera</strong></span> <span class='ocrx_word' id='word_1_297' title='bbox 2346 1243 2409 1297; x_wconf 89' lang='lat' dir='ltr'><strong>de</strong></span> <span class='ocrx_word' id='word_1_298' title='bbox 2439 1241 2549 1299; x_wconf 85' lang='lat' dir='ltr'><strong>Deo</strong></span> <span class='ocrx_word' id='word_1_299' title='bbox 2597 1245 2859 1315; x_wconf 83' lang='lat' dir='ltr'><strong>cognitio.</strong></span> <span class='ocrx_word' id='word_1_300' title='bbox 2909 1265 2927 1298; x_wconf 76' lang='grc' dir='ltr'>ι</span> <span class='ocrx_word' id='word_1_301' title='bbox 2973 1247 3126 1302; x_wconf 91' lang='lat' dir='ltr'><strong>Scire</strong></span> <span class='ocrx_word' id='word_1_302' title='bbox 3179 1247 3616 1319; x_wconf 81' lang='lat' dir='ltr'><strong>enimjustitiam</strong></span> 
     </span>
    </p>
   </div>
   <div class='ocr_carea' id='block_1_40' title="bbox 2041 1335 3621 1404">
    <p class='ocr_par' dir='ltr' id='par_1_40' title="bbox 2041 1335 3621 1404">
     <span class='ocr_line' id='line_1_40' title="bbox 2041 1335 3621 1404; baseline 0.003 -18"><span class='ocrx_word' id='word_1_303' title='bbox 2041 1341 2190 1386; x_wconf 81' lang='lat' dir='ltr'><strong>tuam</strong></span> <span class='ocrx_word' id='word_1_304' title='bbox 2237 1341 2290 1387; x_wconf 90' lang='lat' dir='ltr'><strong>et</strong></span> <span class='ocrx_word' id='word_1_305' title='bbox 2314 1335 2568 1390; x_wconf 83' lang='lat' dir='ltr'><strong>virtutem</strong></span> <span class='ocrx_word' id='word_1_306' title='bbox 2602 1347 2771 1401; x_wconf 86' lang='lat' dir='ltr'><strong>tuam,</strong></span> <span class='ocrx_word' id='word_1_307' title='bbox 2792 1341 2868 1392; x_wconf 84' lang='lat' dir='ltr'><strong>ait</strong></span> <span class='ocrx_word' id='word_1_308' title='bbox 2896 1338 3187 1404; x_wconf 89' lang='lat' dir='ltr'><strong>Salomon,</strong></span> <span class='ocrx_word' id='word_1_309' title='bbox 3208 1340 3363 1394; x_wconf 78' lang='lat' dir='ltr'><strong>radix</strong></span> <span class='ocrx_word' id='word_1_310' title='bbox 3395 1341 3621 1394; x_wconf 80' lang='lat' dir='ltr'><strong>immor-</strong></span> 
     </span>
    </p>
   </div>
   <div class='ocr_carea' id='block_1_41' title="bbox 2041 1424 3621 1499">
    <p class='ocr_par' dir='ltr' id='par_1_41' title="bbox 2041 1424 3621 1499">
     <span class='ocr_line' id='line_1_41' title="bbox 2041 1424 3621 1499; baseline 0.004 -20"><span class='ocrx_word' id='word_1_311' title='bbox 2041 1425 2270 1481; x_wconf 81' lang='lat' dir='ltr'><strong>talitatis</strong></span> <span class='ocrx_word' id='word_1_312' title='bbox 2292 1427 2339 1459; x_wconf 84' lang='grc'><strong>⁸⁷</strong></span> <span class='ocrx_word' id='word_1_313' title='bbox 2365 1443 2379 1493; x_wconf 83' lang='grc'><strong>;</strong></span> <span class='ocrx_word' id='word_1_314' title='bbox 2406 1447 2423 1479; x_wconf 76' lang='grc' dir='ltr'>ι</span> <span class='ocrx_word' id='word_1_315' title='bbox 2464 1430 2606 1483; x_wconf 85' lang='lat' dir='ltr'><strong>sicut</strong></span> <span class='ocrx_word' id='word_1_316' title='bbox 2648 1430 2900 1499; x_wconf 82' lang='lat' dir='ltr'><strong>ignorare</strong></span> <span class='ocrx_word' id='word_1_317' title='bbox 2928 1429 3118 1495; x_wconf 87' lang='lat' dir='ltr'><strong>Deum,</strong></span> <span class='ocrx_word' id='word_1_318' title='bbox 3157 1441 3387 1486; x_wconf 80' lang='lat' dir='ltr'><strong>mortem</strong></span> <span class='ocrx_word' id='word_1_319' title='bbox 3418 1424 3621 1487; x_wconf 77' lang='lat' dir='ltr'><strong>invexit</strong></span> 
     </span>
    </p>
   </div>
   <div class='ocr_carea' id='block_1_42' title="bbox 2043 1516 3623 1589">
    <p class='ocr_par' dir='ltr' id='par_1_42' title="bbox 2043 1516 3623 1589">
     <span class='ocr_line' id='line_1_42' title="bbox 2043 1516 3623 1589; baseline 0.004 -21"><span class='ocrx_word' id='word_1_320' title='bbox 2043 1531 2071 1568; x_wconf 88' lang='lat' dir='ltr'><strong>a</strong></span> <span class='ocrx_word' id='word_1_321' title='bbox 2108 1516 2397 1587; x_wconf 87' lang='lat' dir='ltr'><strong>principio.</strong></span> <span class='ocrx_word' id='word_1_322' title='bbox 2431 1519 2729 1589; x_wconf 85' lang='lat' dir='ltr'><strong>Postquam</strong></span> <span class='ocrx_word' id='word_1_323' title='bbox 2760 1521 2905 1576; x_wconf 89' lang='lat' dir='ltr'><strong>enim</strong></span> <span class='ocrx_word' id='word_1_324' title='bbox 2935 1523 3440 1577; x_wconf 71' lang='lat' dir='ltr'><strong>Atlantusdivinam</strong></span> <span class='ocrx_word' id='word_1_325' title='bbox 3471 1523 3623 1576; x_wconf 85' lang='lat' dir='ltr'><strong>beni-</strong></span> 
     </span>
    </p>
   </div>
   <div class='ocr_carea' id='block_1_43' title="bbox 2043 1607 3618 1681">
    <p class='ocr_par' dir='ltr' id='par_1_43' title="bbox 2043 1607 3618 1681">
     <span class='ocr_line' id='line_1_43' title="bbox 2043 1607 3618 1681; baseline 0.004 -21"><span class='ocrx_word' id='word_1_326' title='bbox 2043 1607 2304 1677; x_wconf 86' lang='lat' dir='ltr'><strong>gnitatem</strong></span> <span class='ocrx_word' id='word_1_327' title='bbox 2358 1609 2639 1680; x_wconf 74' lang='lat' dir='ltr'><strong>ignorans,</strong></span> <span class='ocrx_word' id='word_1_328' title='bbox 2690 1627 2815 1667; x_wconf 89' lang='lat' dir='ltr'><strong>cum</strong></span> <span class='ocrx_word' id='word_1_329' title='bbox 2868 1613 2961 1680; x_wconf 90' lang='lat' dir='ltr'><strong>qui</strong></span> <span class='ocrx_word' id='word_1_330' title='bbox 3011 1615 3188 1669; x_wconf 90' lang='lat' dir='ltr'><strong>bonus</strong></span> <span class='ocrx_word' id='word_1_331' title='bbox 3217 1623 3330 1681; x_wconf 90' lang='lat' dir='ltr'><strong>cst,</strong></span> <span class='ocrx_word' id='word_1_332' title='bbox 3370 1614 3618 1669; x_wconf 70' lang='grc' dir='ltr'>ίηγίιιιιειι</span> 
     </span>
    </p>
   </div>
   <div class='ocr_carea' id='block_1_44' title="bbox 2042 1699 3622 1777">
    <p class='ocr_par' dir='ltr' id='par_1_44' title="bbox 2042 1699 3622 1777">
     <span class='ocr_line' id='line_1_44' title="bbox 2042 1699 3622 1777; baseline 0.004 -24"><span class='ocrx_word' id='word_1_333' title='bbox 2042 1699 2418 1768; x_wconf 78' lang='lat' dir='ltr'><strong>existimavit,</strong></span> <span class='ocrx_word' id='word_1_334' title='bbox 2449 1712 2505 1757; x_wconf 93' lang='lat' dir='ltr'><strong>et</strong></span> <span class='ocrx_word' id='word_1_335' title='bbox 2539 1703 2744 1761; x_wconf 90' lang='lat' dir='ltr'><strong>oblitus</strong></span> <span class='ocrx_word' id='word_1_336' title='bbox 2779 1705 3084 1774; x_wconf 79' lang='lat' dir='ltr'><strong>sapientiae,</strong></span> <span class='ocrx_word' id='word_1_337' title='bbox 3115 1722 3173 1768; x_wconf 87' lang='lat' dir='ltr'><strong>se</strong></span> <span class='ocrx_word' id='word_1_338' title='bbox 3200 1706 3368 1761; x_wconf 86' lang='lat' dir='ltr'><strong>latere</strong></span> <span class='ocrx_word' id='word_1_339' title='bbox 3403 1708 3622 1777; x_wconf 50' lang='lat' dir='ltr'><strong>sapient-</strong></span> 
     </span>
    </p>
   </div>
   <div class='ocr_carea' id='block_1_45' title="bbox 2047 1792 3618 1865">
    <p class='ocr_par' dir='ltr' id='par_1_45' title="bbox 2047 1792 3618 1865">
     <span class='ocr_line' id='line_1_45' title="bbox 2047 1792 3618 1865; baseline 0.004 -22"><span class='ocrx_word' id='word_1_340' title='bbox 2047 1798 2154 1845; x_wconf 84' lang='lat' dir='ltr'><strong>tein</strong></span> <span class='ocrx_word' id='word_1_341' title='bbox 2202 1799 2288 1847; x_wconf 87' lang='lat' dir='ltr'><strong>est</strong></span> <span class='ocrx_word' id='word_1_342' title='bbox 2336 1792 2657 1858; x_wconf 84' lang='lat' dir='ltr'><strong>arbitratus,</strong></span> <span class='ocrx_word' id='word_1_343' title='bbox 2695 1794 2984 1857; x_wconf 80' lang='lat' dir='ltr'><strong>Dominum</strong></span> <span class='ocrx_word' id='word_1_344' title='bbox 3040 1796 3341 1865; x_wconf 84' lang='lat' dir='ltr'><strong>despicatui</strong></span> <span class='ocrx_word' id='word_1_345' title='bbox 3389 1796 3618 1861; x_wconf 80' lang='lat' dir='ltr'><strong>ducens,</strong></span> 
     </span>
    </p>
   </div>
   <div class='ocr_carea' id='block_1_46' title="bbox 2047 1881 3617 1958">
    <p class='ocr_par' dir='ltr' id='par_1_46' title="bbox 2047 1881 3617 1958">
     <span class='ocr_line' id='line_1_46' title="bbox 2047 1881 3617 1958; baseline 0.006 -24"><span class='ocrx_word' id='word_1_346' title='bbox 2047 1881 2274 1952; x_wconf 81' lang='lat' dir='ltr'><strong>fugitivo</strong></span> <span class='ocrx_word' id='word_1_347' title='bbox 2305 1882 2556 1940; x_wconf 61' lang='lat' dir='ltr'><strong>adhaesit.</strong></span> <span class='ocrx_word' id='word_1_348' title='bbox 2597 1885 2775 1956; x_wconf 82' lang='lat' dir='ltr'><strong>Atque</strong></span> <span class='ocrx_word' id='word_1_349' title='bbox 2824 1885 2895 1942; x_wconf 93' lang='lat' dir='ltr'><strong>ob</strong></span> <span class='ocrx_word' id='word_1_350' title='bbox 2934 1888 2984 1941; x_wconf 88' lang='lat' dir='ltr'><strong>id</strong></span> <span class='ocrx_word' id='word_1_351' title='bbox 3034 1887 3297 1958; x_wconf 83' lang='lat' dir='ltr'><strong>paradiso</strong></span> <span class='ocrx_word' id='word_1_352' title='bbox 3332 1889 3617 1957; x_wconf 84' lang='lat' dir='ltr'><strong>expulsus,</strong></span> 
     </span>
    </p>
   </div>
   <div class='ocr_carea' id='block_1_47' title="bbox 2044 1974 3619 2047">
    <p class='ocr_par' dir='ltr' id='par_1_47' title="bbox 2044 1974 3619 2047">
     <span class='ocr_line' id='line_1_47' title="bbox 2044 1974 3619 2047; baseline 0.001 -18"><span class='ocrx_word' id='word_1_353' title='bbox 2044 1983 2098 2029; x_wconf 87' lang='lat' dir='ltr'><strong>et</strong></span> <span class='ocrx_word' id='word_1_354' title='bbox 2126 1974 2236 2029; x_wconf 86' lang='lat' dir='ltr'><strong>vita</strong></span> <span class='ocrx_word' id='word_1_355' title='bbox 2278 1975 2580 2047; x_wconf 89' lang='lat' dir='ltr'><strong>spoliatus,</strong></span> <span class='ocrx_word' id='word_1_356' title='bbox 2612 1988 2665 2033; x_wconf 88' lang='lat' dir='ltr'><strong>et</strong></span> <span class='ocrx_word' id='word_1_357' title='bbox 2693 1978 2978 2034; x_wconf 85' lang='lat' dir='ltr'><strong>doloribus</strong></span> <span class='ocrx_word' id='word_1_358' title='bbox 3016 1981 3350 2041; x_wconf 87' lang='lat' dir='ltr'><strong>cumulatus,</strong></span> <span class='ocrx_word' id='word_1_359' title='bbox 3385 1991 3619 2034; x_wconf 88' lang='lat' dir='ltr'><strong>mortem</strong></span> 
     </span>
    </p>
   </div>
   <div class='ocr_carea' id='block_1_48' title="bbox 2044 2062 3621 2143">
    <p class='ocr_par' dir='ltr' id='par_1_48' title="bbox 2044 2062 3621 2143">
     <span class='ocr_line' id='line_1_48' title="bbox 2044 2062 3621 2143; baseline 0.002 -21"><span class='ocrx_word' id='word_1_360' title='bbox 2044 2065 2283 2138; x_wconf 85' lang='lat' dir='ltr'><strong>denique</strong></span> <span class='ocrx_word' id='word_1_361' title='bbox 2336 2062 2638 2142; x_wconf 85' lang='lat' dir='ltr'><strong>perpessus</strong></span> <span class='ocrx_word' id='word_1_362' title='bbox 2710 2080 2812 2127; x_wconf 86' lang='lat' dir='ltr'><strong>est.</strong></span> <span class='ocrx_word' id='word_1_363' title='bbox 2867 2073 3058 2143; x_wconf 81' lang='lat' dir='ltr'><strong>Itaque</strong></span> <span class='ocrx_word' id='word_1_364' title='bbox 3119 2074 3186 2127; x_wconf 84' lang='lat' dir='ltr'><strong>ad</strong></span> <span class='ocrx_word' id='word_1_365' title='bbox 3240 2074 3404 2127; x_wconf 88' lang='lat' dir='ltr'><strong>vitam</strong></span> <span class='ocrx_word' id='word_1_366' title='bbox 3448 2082 3501 2127; x_wconf 89' lang='lat' dir='ltr'><strong>et</strong></span> <span class='ocrx_word' id='word_1_367' title='bbox 3554 2071 3621 2125; x_wconf 85' lang='lat' dir='ltr'><strong>ad</strong></span> 
     </span>
    </p>
   </div>
   <div class='ocr_carea' id='block_1_49' title="bbox 2045 2157 3621 2239">
    <p class='ocr_par' dir='ltr' id='par_1_49' title="bbox 2045 2157 3621 2239">
     <span class='ocr_line' id='line_1_49' title="bbox 2045 2157 3621 2239; baseline 0.003 -26"><span class='ocrx_word' id='word_1_368' title='bbox 2045 2157 2217 2215; x_wconf 88' lang='lat' dir='ltr'><strong>Deum</strong></span> <span class='ocrx_word' id='word_1_369' title='bbox 2250 2165 2565 2232; x_wconf 87' lang='lat' dir='ltr'><strong>properanti</strong></span> <span class='ocrx_word' id='word_1_370' title='bbox 2612 2165 2977 2239; x_wconf 80' lang='lat' dir='ltr'><strong>cognitionem</strong></span> <span class='ocrx_word' id='word_1_371' title='bbox 3010 2164 3076 2220; x_wconf 88' lang='lat' dir='ltr'><strong>de</strong></span> <span class='ocrx_word' id='word_1_372' title='bbox 3104 2163 3214 2221; x_wconf 84' lang='lat' dir='ltr'><strong>Deo</strong></span> <span class='ocrx_word' id='word_1_373' title='bbox 3245 2166 3438 2237; x_wconf 72' lang='lat' dir='ltr'><strong>praeire</strong></span> <span class='ocrx_word' id='word_1_374' title='bbox 3460 2179 3621 2234; x_wconf 88' lang='lat' dir='ltr'><strong>pror-</strong></span> 
     </span>
    </p>
   </div>
   <div class='ocr_carea' id='block_1_50' title="bbox 2043 2255 2675 2312">
    <p class='ocr_par' dir='ltr' id='par_1_50' title="bbox 2043 2255 2675 2312">
     <span class='ocr_line' id='line_1_50' title="bbox 2043 2255 2675 2312; baseline 0.008 -5"><span class='ocrx_word' id='word_1_375' title='bbox 2043 2268 2138 2308; x_wconf 89' lang='lat' dir='ltr'><strong>sus</strong></span> <span class='ocrx_word' id='word_1_376' title='bbox 2171 2262 2252 2307; x_wconf 90' lang='lat' dir='ltr'><strong>est</strong></span> <span class='ocrx_word' id='word_1_377' title='bbox 2280 2255 2675 2312; x_wconf 88' lang='lat' dir='ltr'><strong>necessarium.</strong></span> 
     </span>
    </p>
   </div>
   <div class='ocr_carea' id='block_1_51' title="bbox 2115 2344 3626 2420">
    <p class='ocr_par' dir='ltr' id='par_1_51' title="bbox 2115 2344 3626 2420">
     <span class='ocr_line' id='line_1_51' title="bbox 2115 2344 3626 2420; baseline -0.001 -20"><span class='ocrx_word' id='word_1_378' title='bbox 2115 2346 2183 2401; x_wconf 84' lang='lat' dir='ltr'><strong>Et</strong></span> <span class='ocrx_word' id='word_1_379' title='bbox 2221 2344 2350 2403; x_wconf 89' lang='lat' dir='ltr'><strong>dum</strong></span> <span class='ocrx_word' id='word_1_380' title='bbox 2385 2348 2754 2417; x_wconf 87' lang='lat' dir='ltr'><strong>denudamur,</strong></span> <span class='ocrx_word' id='word_1_381' title='bbox 2778 2349 3132 2420; x_wconf 86' lang='lat' dir='ltr'><strong>intimamque</strong></span> <span class='ocrx_word' id='word_1_382' title='bbox 3172 2348 3414 2402; x_wconf 83' lang='lat' dir='ltr'><strong>tunicam</strong></span> <span class='ocrx_word' id='word_1_383' title='bbox 3469 2346 3626 2402; x_wconf 84' lang='lat' dir='ltr'><strong>exui-</strong></span> 
     </span>
    </p>
   </div>
   <div class='ocr_carea' id='block_1_52' title="bbox 2046 2440 3626 2512">
    <p class='ocr_par' dir='ltr' id='par_1_52' title="bbox 2046 2440 3626 2512">
     <span class='ocr_line' id='line_1_52' title="bbox 2046 2440 3626 2512; baseline 0 -20"><span class='ocrx_word' id='word_1_384' title='bbox 2046 2454 2190 2507; x_wconf 91' lang='lat' dir='ltr'><strong>mus,</strong></span> <span class='ocrx_word' id='word_1_385' title='bbox 2220 2453 2321 2495; x_wconf 91' lang='lat' dir='ltr'><strong>nos</strong></span> <span class='ocrx_word' id='word_1_386' title='bbox 2347 2440 2509 2497; x_wconf 88' lang='lat' dir='ltr'><strong>modo</strong></span> <span class='ocrx_word' id='word_1_387' title='bbox 2530 2441 2670 2495; x_wconf 88' lang='lat' dir='ltr'><strong>viam</strong></span> <span class='ocrx_word' id='word_1_388' title='bbox 2696 2441 2749 2495; x_wconf 91' lang='lat' dir='ltr'><strong>in</strong></span> <span class='ocrx_word' id='word_1_389' title='bbox 2772 2441 3086 2512; x_wconf 88' lang='lat' dir='ltr'><strong>paradisum</strong></span> <span class='ocrx_word' id='word_1_390' title='bbox 3111 2442 3479 2504; x_wconf 85' lang='lat' dir='ltr'><strong>ducentem,et</strong></span> <span class='ocrx_word' id='word_1_391' title='bbox 3504 2452 3626 2506; x_wconf 64' lang='lat' dir='ltr'><strong>quin</strong></span> 
     </span>
    </p>
   </div>
   <div class='ocr_carea' id='block_1_53' title="bbox 2044 2528 3621 2604">
    <p class='ocr_par' dir='ltr' id='par_1_53' title="bbox 2044 2528 3621 2604">
     <span class='ocr_line' id='line_1_53' title="bbox 2044 2528 3621 2604; baseline -0.003 -17"><span class='ocrx_word' id='word_1_392' title='bbox 2044 2532 2158 2588; x_wconf 90' lang='lat' dir='ltr'><strong>illic</strong></span> <span class='ocrx_word' id='word_1_393' title='bbox 2202 2533 2424 2604; x_wconf 77' lang='lat' dir='ltr'><strong>degitur</strong></span> <span class='ocrx_word' id='word_1_394' title='bbox 2472 2534 2641 2587; x_wconf 85' lang='lat' dir='ltr'><strong>vitam</strong></span> <span class='ocrx_word' id='word_1_395' title='bbox 2694 2533 2977 2604; x_wconf 85' lang='lat' dir='ltr'><strong>ingressos</strong></span> <span class='ocrx_word' id='word_1_396' title='bbox 3026 2531 3391 2588; x_wconf 83' lang='lat' dir='ltr'><strong>ostendimus.</strong></span> <span class='ocrx_word' id='word_1_397' title='bbox 3445 2528 3621 2583; x_wconf 79' lang='lat' dir='ltr'><strong>Adam</strong></span> 
     </span>
    </p>
   </div>
   <div class='ocr_carea' id='block_1_54' title="bbox 2044 2619 3621 2694">
    <p class='ocr_par' dir='ltr' id='par_1_54' title="bbox 2044 2619 3621 2694">
     <span class='ocr_line' id='line_1_54' title="bbox 2044 2619 3621 2694; baseline -0.005 -14"><span class='ocrx_word' id='word_1_398' title='bbox 2044 2625 2188 2680; x_wconf 87' lang='lat' dir='ltr'><strong>enim</strong></span> <span class='ocrx_word' id='word_1_399' title='bbox 2245 2640 2370 2680; x_wconf 92' lang='lat' dir='ltr'><strong>cum</strong></span> <span class='ocrx_word' id='word_1_400' title='bbox 2412 2640 2442 2680; x_wconf 89' lang='lat' dir='ltr'><strong>a</strong></span> <span class='ocrx_word' id='word_1_401' title='bbox 2483 2624 2659 2682; x_wconf 87' lang='lat' dir='ltr'><strong>beatis</strong></span> <span class='ocrx_word' id='word_1_402' title='bbox 2713 2625 2820 2679; x_wconf 89' lang='lat' dir='ltr'><strong>illis</strong></span> <span class='ocrx_word' id='word_1_403' title='bbox 2852 2624 3020 2694; x_wconf 86' lang='lat' dir='ltr'><strong>septis</strong></span> <span class='ocrx_word' id='word_1_404' title='bbox 3053 2623 3104 2676; x_wconf 91' lang='lat' dir='ltr'><strong>iu</strong></span> <span class='ocrx_word' id='word_1_405' title='bbox 3139 2620 3442 2676; x_wconf 86' lang='lat' dir='ltr'><strong>nuditatem</strong></span> <span class='ocrx_word' id='word_1_406' title='bbox 3478 2619 3621 2673; x_wconf 86' lang='lat' dir='ltr'><strong>inci-</strong></span> 
     </span>
    </p>
   </div>
   <div class='ocr_carea' id='block_1_55' title="bbox 2044 2713 3629 2786">
    <p class='ocr_par' dir='ltr' id='par_1_55' title="bbox 2044 2713 3629 2786">
     <span class='ocr_line' id='line_1_55' title="bbox 2044 2713 3629 2786; baseline -0.004 -13"><span class='ocrx_word' id='word_1_407' title='bbox 2044 2718 2239 2785; x_wconf 88' lang='lat' dir='ltr'><strong>disset,</strong></span> <span class='ocrx_word' id='word_1_408' title='bbox 2279 2719 2348 2774; x_wconf 88' lang='lat' dir='ltr'><strong>ab</strong></span> <span class='ocrx_word' id='word_1_409' title='bbox 2390 2734 2454 2774; x_wconf 87' lang='lat' dir='ltr'><strong>ea</strong></span> <span class='ocrx_word' id='word_1_410' title='bbox 2485 2719 2552 2773; x_wconf 91' lang='lat' dir='ltr'><strong>ad</strong></span> <span class='ocrx_word' id='word_1_411' title='bbox 2610 2719 2728 2773; x_wconf 84' lang='lat' dir='ltr'><strong>haec</strong></span> <span class='ocrx_word' id='word_1_412' title='bbox 2765 2716 3074 2772; x_wconf 89' lang='lat' dir='ltr'><strong>miseranda</strong></span> <span class='ocrx_word' id='word_1_413' title='bbox 3112 2715 3418 2786; x_wconf 80' lang='lat' dir='ltr'><strong>gestamina</strong></span> <span class='ocrx_word' id='word_1_414' title='bbox 3458 2713 3629 2766; x_wconf 58' lang='lat' dir='ltr'><strong>deveo</strong></span> 
     </span>
    </p>
   </div>
   <div class='ocr_carea' id='block_1_56' title="bbox 2046 2804 3621 2881">
    <p class='ocr_par' dir='ltr' id='par_1_56' title="bbox 2046 2804 3621 2881">
     <span class='ocr_line' id='line_1_56' title="bbox 2046 2804 3621 2881; baseline -0.006 -14"><span class='ocrx_word' id='word_1_415' title='bbox 2046 2815 2149 2868; x_wconf 88' lang='lat' dir='ltr'><strong>nit.</strong></span> <span class='ocrx_word' id='word_1_416' title='bbox 2186 2813 2300 2867; x_wconf 82' lang='lat' dir='ltr'><strong>Nos</strong></span> <span class='ocrx_word' id='word_1_417' title='bbox 2340 2820 2530 2867; x_wconf 90' lang='lat' dir='ltr'><strong>contra</strong></span> <span class='ocrx_word' id='word_1_418' title='bbox 2574 2826 2605 2866; x_wconf 87' lang='lat' dir='ltr'><strong>a</strong></span> <span class='ocrx_word' id='word_1_419' title='bbox 2650 2809 2896 2881; x_wconf 89' lang='lat' dir='ltr'><strong>pelliccis</strong></span> <span class='ocrx_word' id='word_1_420' title='bbox 2936 2807 3138 2863; x_wconf 84' lang='lat' dir='ltr'><strong>tunicis</strong></span> <span class='ocrx_word' id='word_1_421' title='bbox 3201 2805 3269 2861; x_wconf 86' lang='lat' dir='ltr'><strong>ad</strong></span> <span class='ocrx_word' id='word_1_422' title='bbox 3318 2804 3621 2859; x_wconf 86' lang='lat' dir='ltr'><strong>nuditatem</strong></span> 
     </span>
    </p>
   </div>
   <div class='ocr_carea' id='block_1_57' title="bbox 2044 2896 3626 2976">
    <p class='ocr_par' dir='ltr' id='par_1_57' title="bbox 2044 2896 3626 2976">
     <span class='ocr_line' id='line_1_57' title="bbox 2044 2896 3626 2976; baseline -0.006 -15"><span class='ocrx_word' id='word_1_423' title='bbox 2044 2896 2349 2972; x_wconf 78' lang='lat' dir='ltr'><strong>venientes,</strong></span> <span class='ocrx_word' id='word_1_424' title='bbox 2375 2915 2429 2961; x_wconf 89' lang='lat' dir='ltr'><strong>et</strong></span> <span class='ocrx_word' id='word_1_425' title='bbox 2460 2922 2555 2976; x_wconf 90' lang='lat' dir='ltr'><strong>per</strong></span> <span class='ocrx_word' id='word_1_426' title='bbox 2590 2904 2732 2958; x_wconf 89' lang='lat' dir='ltr'><strong>idem</strong></span> <span class='ocrx_word' id='word_1_427' title='bbox 2770 2902 3008 2958; x_wconf 82' lang='lat' dir='ltr'><strong>medium</strong></span> <span class='ocrx_word' id='word_1_428' title='bbox 3042 2899 3379 2966; x_wconf 89' lang='lat' dir='ltr'><strong>incedentes,</strong></span> <span class='ocrx_word' id='word_1_429' title='bbox 3409 2912 3508 2953; x_wconf 90' lang='lat' dir='ltr'><strong>nos</strong></span> <span class='ocrx_word' id='word_1_430' title='bbox 3533 2912 3626 2952; x_wconf 82' lang='lat' dir='ltr'><strong>co-</strong></span> 
     </span>
    </p>
   </div>
   <div class='ocr_carea' id='block_1_58' title="bbox 2047 2993 3626 3064">
    <p class='ocr_par' dir='ltr' id='par_1_58' title="bbox 2047 2993 3626 3064">
     <span class='ocr_line' id='line_1_58' title="bbox 2047 2993 3626 3064; baseline -0.008 -9"><span class='ocrx_word' id='word_1_431' title='bbox 2047 3001 2171 3055; x_wconf 90' lang='lat' dir='ltr'><strong>dem</strong></span> <span class='ocrx_word' id='word_1_432' title='bbox 2219 2998 2420 3053; x_wconf 89' lang='lat' dir='ltr'><strong>reverti</strong></span> <span class='ocrx_word' id='word_1_433' title='bbox 2458 2997 2674 3064; x_wconf 87' lang='lat' dir='ltr'><strong>itinere,</strong></span> <span class='ocrx_word' id='word_1_434' title='bbox 2719 3006 2773 3050; x_wconf 90' lang='lat' dir='ltr'><strong>et</strong></span> <span class='ocrx_word' id='word_1_435' title='bbox 2804 2996 2871 3049; x_wconf 82' lang='lat' dir='ltr'><strong>ad</strong></span> <span class='ocrx_word' id='word_1_436' title='bbox 2910 2993 3116 3064; x_wconf 81' lang='lat' dir='ltr'><strong>regiam</strong></span> <span class='ocrx_word' id='word_1_437' title='bbox 3152 2999 3358 3046; x_wconf 88' lang='lat' dir='ltr'><strong>vestem</strong></span> <span class='ocrx_word' id='word_1_438' title='bbox 3399 3003 3626 3059; x_wconf 83' lang='lat' dir='ltr'><strong>recupe-</strong></span> 
     </span>
    </p>
   </div>
   <div class='ocr_carea' id='block_1_59' title="bbox 2046 3082 3626 3152">
    <p class='ocr_par' dir='ltr' id='par_1_59' title="bbox 2046 3082 3626 3152">
     <span class='ocr_line' id='line_1_59' title="bbox 2046 3082 3626 3152; baseline -0.005 -7"><span class='ocrx_word' id='word_1_439' title='bbox 2046 3091 2274 3146; x_wconf 83' lang='lat' dir='ltr'><strong>randam</strong></span> <span class='ocrx_word' id='word_1_440' title='bbox 2327 3089 2589 3145; x_wconf 82' lang='lat' dir='ltr'><strong>festinare</strong></span> <span class='ocrx_word' id='word_1_441' title='bbox 2635 3089 3082 3144; x_wconf 89' lang='lat' dir='ltr'><strong>demonstramus</strong></span> <span class='ocrx_word' id='word_1_442' title='bbox 3113 3106 3124 3139; x_wconf 88' lang='lat'><strong>:</strong></span> <span class='ocrx_word' id='word_1_443' title='bbox 3154 3095 3208 3141; x_wconf 88' lang='lat' dir='ltr'><strong>et</strong></span> <span class='ocrx_word' id='word_1_444' title='bbox 3241 3082 3406 3150; x_wconf 80' lang='lat' dir='ltr'><strong>unde,</strong></span> <span class='ocrx_word' id='word_1_445' title='bbox 3452 3094 3505 3138; x_wconf 88' lang='lat' dir='ltr'><strong>et</strong></span> <span class='ocrx_word' id='word_1_446' title='bbox 3532 3098 3626 3152; x_wconf 89' lang='lat' dir='ltr'><strong>per</strong></span> 
     </span>
    </p>
   </div>
   <div class='ocr_carea' id='block_1_60' title="bbox 2047 3177 3627 3256">
    <p class='ocr_par' dir='ltr' id='par_1_60' title="bbox 2047 3177 3627 3256">
     <span class='ocr_line' id='line_1_60' title="bbox 2047 3177 3627 3256; baseline -0.006 -17"><span class='ocrx_word' id='word_1_447' title='bbox 2047 3202 2169 3256; x_wconf 74' lang='lat' dir='ltr'><strong>qua:</strong></span> <span class='ocrx_word' id='word_1_448' title='bbox 2214 3185 2306 3240; x_wconf 87' lang='lat' dir='ltr'><strong>ille</strong></span> <span class='ocrx_word' id='word_1_449' title='bbox 2354 3185 2408 3238; x_wconf 91' lang='lat' dir='ltr'><strong>in</strong></span> <span class='ocrx_word' id='word_1_450' title='bbox 2468 3184 2617 3239; x_wconf 88' lang='lat' dir='ltr'><strong>hunc</strong></span> <span class='ocrx_word' id='word_1_451' title='bbox 2674 3183 2941 3238; x_wconf 88' lang='lat' dir='ltr'><strong>mundum</strong></span> <span class='ocrx_word' id='word_1_452' title='bbox 2989 3180 3313 3243; x_wconf 85' lang='lat' dir='ltr'><strong>descendit,</strong></span> <span class='ocrx_word' id='word_1_453' title='bbox 3343 3193 3442 3234; x_wconf 86' lang='lat' dir='ltr'><strong>nos</strong></span> <span class='ocrx_word' id='word_1_454' title='bbox 3499 3177 3627 3231; x_wconf 89' lang='lat' dir='ltr'><strong>hinc</strong></span> 
     </span>
    </p>
   </div>
   <div class='ocr_carea' id='block_1_61' title="bbox 366 3266 1944 3359">
    <p class='ocr_par' dir='ltr' id='par_1_61' title="bbox 366 3266 1943 3359">
     <span class='ocr_line' id='line_1_61' title="bbox 366 3266 1943 3359; baseline 0.012 -42"><span class='ocrx_word' id='word_1_455' title='bbox 366 3266 530 3359; x_wconf 52' lang='grc' dir='ltr'><strong>³ηλθιεν</strong></span> <span class='ocrx_word' id='word_1_456' title='bbox 553 3269 633 3331; x_wconf 86' lang='grc' dir='ltr'><strong>είς</strong></span> <span class='ocrx_word' id='word_1_457' title='bbox 663 3270 754 3323; x_wconf 80' lang='grc' dir='ltr'>τὸν</span> <span class='ocrx_word' id='word_1_458' title='bbox 776 3271 982 3341; x_wconf 86' lang='grc' dir='ltr'>κόσμον</span> <span class='ocrx_word' id='word_1_459' title='bbox 1012 3271 1224 3340; x_wconf 83' lang='grc' dir='ltr'>τοῦτον,</span> <span class='ocrx_word' id='word_1_460' title='bbox 1265 3277 1430 3347; x_wconf 73' lang='grc' dir='ltr'>ἡμεῖς</span> <span class='ocrx_word' id='word_1_461' title='bbox 1464 3277 1712 3333; x_wconf 79' lang='grc' dir='ltr'>ὲνθένδεν</span> <span class='ocrx_word' id='word_1_462' title='bbox 1747 3282 1943 3337; x_wconf 78' lang='grc' dir='ltr'>ἐπανι-</span> 
     </span>
    </p>
   </div>
   <div class='ocr_carea' id='block_1_62' title="bbox 2048 3266 3625 3359">
    <p class='ocr_par' dir='ltr' id='par_1_62' title="bbox 2048 3271 3625 3348">
     <span class='ocr_line' id='line_1_62' title="bbox 2048 3271 3625 3348; baseline -0.008 -13"><span class='ocrx_word' id='word_1_463' title='bbox 2048 3280 2272 3336; x_wconf 86' lang='lat' dir='ltr'><strong>reverti.</strong></span> <span class='ocrx_word' id='word_1_464' title='bbox 2306 3277 2390 3333; x_wconf 83' lang='lat' dir='ltr'><strong>Sit</strong></span> <span class='ocrx_word' id='word_1_465' title='bbox 2419 3287 2602 3333; x_wconf 89' lang='lat' dir='ltr'><strong>autem</strong></span> <span class='ocrx_word' id='word_1_466' title='bbox 2634 3286 2687 3333; x_wconf 88' lang='lat' dir='ltr'><strong>et</strong></span> <span class='ocrx_word' id='word_1_467' title='bbox 2718 3277 2851 3332; x_wconf 86' lang='lat' dir='ltr'><strong>illud</strong></span> <span class='ocrx_word' id='word_1_468' title='bbox 2899 3276 3119 3348; x_wconf 80' lang='lat' dir='ltr'><strong>signum</strong></span> <span class='ocrx_word' id='word_1_469' title='bbox 3157 3272 3443 3336; x_wconf 84' lang='lat' dir='ltr'><strong>nuditatis,</strong></span> <span class='ocrx_word' id='word_1_470' title='bbox 3481 3271 3625 3340; x_wconf 87' lang='lat' dir='ltr'><strong>quod</strong></span> 
     </span>
    </p>
   </div>
   <div class='ocr_carea' id='block_1_63' title="bbox 364 3356 1939 3445">
    <p class='ocr_par' dir='ltr' id='par_1_63' title="bbox 364 3356 1939 3445">
     <span class='ocr_line' id='line_1_63' title="bbox 364 3356 1939 3445; baseline 0.014 -37"><span class='ocrx_word' id='word_1_471' title='bbox 364 3356 538 3422; x_wconf 80' lang='grc' dir='ltr'>ὄντες.</span> <span class='ocrx_word' id='word_1_472' title='bbox 590 3360 689 3431; x_wconf 84' lang='grc' dir='ltr'>Είη</span> <span class='ocrx_word' id='word_1_473' title='bbox 749 3361 795 3415; x_wconf 85' lang='grc' dir='ltr'><strong>δ’</strong></span> <span class='ocrx_word' id='word_1_474' title='bbox 825 3362 891 3417; x_wconf 83' lang='grc' dir='ltr'>ἂν</span> <span class='ocrx_word' id='word_1_475' title='bbox 922 3364 1176 3422; x_wconf 89' lang='grc' dir='ltr'>κάκείνου</span> <span class='ocrx_word' id='word_1_476' title='bbox 1231 3374 1460 3442; x_wconf 88' lang='grc' dir='ltr'>σημεῖον</span> <span class='ocrx_word' id='word_1_477' title='bbox 1482 3373 1545 3426; x_wconf 69' lang='grc' dir='ltr'><strong>τ’)</strong></span> <span class='ocrx_word' id='word_1_478' title='bbox 1564 3373 1939 3445; x_wconf 73' lang='grc' dir='ltr'>γυμνωθῆναι,</span> 
     </span>
    </p>
   </div>
   <div class='ocr_carea' id='block_1_64' title="bbox 363 3450 1943 3538">
    <p class='ocr_par' dir='ltr' id='par_1_64' title="bbox 363 3450 1943 3538">
     <span class='ocr_line' id='line_1_64' title="bbox 363 3450 1943 3538; baseline 0.012 -35"><span class='ocrx_word' id='word_1_479' title='bbox 363 3450 461 3504; x_wconf 85' lang='grc' dir='ltr'>τοῦ</span> <span class='ocrx_word' id='word_1_480' title='bbox 495 3452 589 3506; x_wconf 82' lang='grc' dir='ltr'>νῦν</span> <span class='ocrx_word' id='word_1_481' title='bbox 614 3455 874 3527; x_wconf 85' lang='grc' dir='ltr'>καθαρῶς</span> <span class='ocrx_word' id='word_1_482' title='bbox 905 3458 980 3530; x_wconf 84' lang='grc' dir='ltr'>τῷ</span> <span class='ocrx_word' id='word_1_483' title='bbox 1005 3460 1245 3533; x_wconf 83' lang='grc' dir='ltr'>ἀληθινῷ</span> <span class='ocrx_word' id='word_1_484' title='bbox 1273 3463 1415 3533; x_wconf 75' lang='grc' dir='ltr'>φωτὶ</span> <span class='ocrx_word' id='word_1_485' title='bbox 1450 3467 1739 3535; x_wconf 82' lang='grc' dir='ltr'>προσιέναι</span> <span class='ocrx_word' id='word_1_486' title='bbox 1772 3469 1943 3538; x_wconf 82' lang='grc' dir='ltr'>μηδὲν</span> 
     </span>
    </p>
   </div>
   <div class='ocr_carea' id='block_1_65' title="bbox 364 3547 1943 3634">
    <p class='ocr_par' dir='ltr' id='par_1_65' title="bbox 364 3547 1943 3634">
     <span class='ocr_line' id='line_1_65' title="bbox 364 3547 1943 3634; baseline 0.009 -33"><span class='ocrx_word' id='word_1_487' title='bbox 364 3547 802 3619; x_wconf 71' lang='grc' dir='ltr'>ἐπιφερομένους</span> <span class='ocrx_word' id='word_1_488' title='bbox 830 3569 843 3584; x_wconf 83' lang='grc'><em>’</em></span> <span class='ocrx_word' id='word_1_489' title='bbox 873 3553 999 3607; x_wconf 79' lang='grc' dir='ltr'>ὅθεν</span> <span class='ocrx_word' id='word_1_490' title='bbox 1033 3556 1064 3624; x_wconf 82' lang='grc' dir='ltr'><strong>ἠ</strong></span> <span class='ocrx_word' id='word_1_491' title='bbox 1092 3556 1224 3610; x_wconf 84' lang='grc' dir='ltr'><strong>σκιά</strong></span> <span class='ocrx_word' id='word_1_492' title='bbox 1253 3557 1348 3610; x_wconf 84' lang='grc' dir='ltr'>τοῦ</span> <span class='ocrx_word' id='word_1_493' title='bbox 1376 3556 1635 3625; x_wconf 86' lang='grc' dir='ltr'>θανάτου,</span> <span class='ocrx_word' id='word_1_494' title='bbox 1665 3561 1760 3615; x_wconf 76' lang='grc' dir='ltr'><strong>καὶ</strong></span> <span class='ocrx_word' id='word_1_495' title='bbox 1788 3561 1823 3616; x_wconf 80' lang='grc' dir='ltr'>ἃ</span> <span class='ocrx_word' id='word_1_496' title='bbox 1845 3565 1943 3634; x_wconf 77' lang='grc' dir='ltr'>τὴν</span> 
     </span>
    </p>
   </div>
   <div class='ocr_carea' id='block_1_66' title="bbox 369 3642 1942 3722">
    <p class='ocr_par' dir='ltr' id='par_1_66' title="bbox 369 3642 1942 3722">
     <span class='ocr_line' id='line_1_66' title="bbox 369 3642 1942 3722; baseline 0.008 -28"><span class='ocrx_word' id='word_1_497' title='bbox 369 3642 650 3713; x_wconf 81' lang='grc' dir='ltr'>μακαρίαν</span> <span class='ocrx_word' id='word_1_498' title='bbox 690 3647 886 3700; x_wconf 85' lang='grc' dir='ltr'>ἀκτῖνα</span> <span class='ocrx_word' id='word_1_499' title='bbox 922 3647 1030 3700; x_wconf 89' lang='grc' dir='ltr'><strong>τῶν</strong></span> <span class='ocrx_word' id='word_1_500' title='bbox 1052 3648 1242 3721; x_wconf 76' lang='grc' dir='ltr'>ψυχῶν</span> <span class='ocrx_word' id='word_1_501' title='bbox 1270 3651 1379 3704; x_wconf 88' lang='grc' dir='ltr'><strong>τῶν</strong></span> <span class='ocrx_word' id='word_1_502' title='bbox 1415 3652 1773 3722; x_wconf 87' lang='grc' dir='ltr'>ἀνθρωπίνων</span> <span class='ocrx_word' id='word_1_503' title='bbox 1802 3654 1942 3707; x_wconf 87' lang='grc' dir='ltr'>ἀπο-</span> 
     </span>
    </p>
   </div>
   <div class='ocr_carea' id='block_1_67' title="bbox 366 3735 1943 3815">
    <p class='ocr_par' dir='ltr' id='par_1_67' title="bbox 366 3735 1943 3815">
     <span class='ocr_line' id='line_1_67' title="bbox 366 3735 1943 3815; baseline 0.008 -27"><span class='ocrx_word' id='word_1_504' title='bbox 366 3735 621 3807; x_wconf 77' lang='grc' dir='ltr'>τειχίζει,</span> <span class='ocrx_word' id='word_1_505' title='bbox 657 3739 910 3814; x_wconf 79' lang='grc' dir='ltr'>καθάπερ</span> <span class='ocrx_word' id='word_1_506' title='bbox 936 3740 1006 3794; x_wconf 85' lang='grc' dir='ltr'>τὰ</span> <span class='ocrx_word' id='word_1_507' title='bbox 1036 3742 1231 3811; x_wconf 75' lang='grc' dir='ltr'>ἱμάτια</span> <span class='ocrx_word' id='word_1_508' title='bbox 1268 3743 1470 3812; x_wconf 87' lang='grc' dir='ltr'>τειχίον</span> <span class='ocrx_word' id='word_1_509' title='bbox 1498 3742 1552 3797; x_wconf 89' lang='grc' dir='ltr'><strong>τί</strong></span> <span class='ocrx_word' id='word_1_510' title='bbox 1584 3745 1699 3799; x_wconf 81' lang='grc' dir='ltr'>ἐστι</span> <span class='ocrx_word' id='word_1_511' title='bbox 1737 3745 1943 3815; x_wconf 75' lang='grc' dir='ltr'>μεταξὺ</span> 
     </span>
    </p>
   </div>
   <div class='ocr_carea' id='block_1_68' title="bbox 367 3829 1473 3906">
    <p class='ocr_par' dir='ltr' id='par_1_68' title="bbox 367 3829 1473 3906">
     <span class='ocr_line' id='line_1_68' title="bbox 367 3829 1473 3906; baseline 0.009 -25"><span class='ocrx_word' id='word_1_512' title='bbox 367 3829 462 3883; x_wconf 79' lang='grc' dir='ltr'>τοῦ</span> <span class='ocrx_word' id='word_1_513' title='bbox 492 3830 670 3900; x_wconf 74' lang='grc' dir='ltr'>φωτὸς</span> <span class='ocrx_word' id='word_1_514' title='bbox 695 3832 888 3887; x_wconf 88' lang='grc' dir='ltr'>τούτου</span> <span class='ocrx_word' id='word_1_515' title='bbox 918 3835 1016 3888; x_wconf 63' lang='grc' dir='ltr'><strong>καὶ¹</strong></span> <span class='ocrx_word' id='word_1_516' title='bbox 1043 3834 1151 3888; x_wconf 74' lang='grc' dir='ltr'><strong>τῶν</strong></span> <span class='ocrx_word' id='word_1_517' title='bbox 1177 3835 1473 3906; x_wconf 83' lang='grc' dir='ltr'>σωμάτων.</span> 
     </span>
    </p>
   </div>
   <div class='ocr_carea' id='block_1_69' title="bbox 440 3923 1948 4002">
    <p class='ocr_par' dir='ltr' id='par_1_69' title="bbox 440 3923 1948 4002">
     <span class='ocr_line' id='line_1_69' title="bbox 440 3923 1948 4002; baseline 0.009 -26"><span class='ocrx_word' id='word_1_518' title='bbox 440 3923 550 3978; x_wconf 72' lang='grc' dir='ltr'><strong>Καὶ</strong></span> <span class='ocrx_word' id='word_1_519' title='bbox 585 3923 692 3994; x_wconf 82' lang='grc' dir='ltr'>μὴν</span> <span class='ocrx_word' id='word_1_520' title='bbox 738 3925 833 3979; x_wconf 75' lang='grc' dir='ltr'><strong>καὶ</strong></span> <span class='ocrx_word' id='word_1_521' title='bbox 864 3926 898 3997; x_wconf 83' lang='grc' dir='ltr'>ἠ</span> <span class='ocrx_word' id='word_1_522' title='bbox 932 3927 1025 3981; x_wconf 83' lang='grc' dir='ltr'>τοῦ</span> <span class='ocrx_word' id='word_1_523' title='bbox 1047 3927 1233 3983; x_wconf 76' lang='grc' dir='ltr'>ἐλαίου</span> <span class='ocrx_word' id='word_1_524' title='bbox 1266 3932 1450 4001; x_wconf 87' lang='grc' dir='ltr'>χρίσις</span> <span class='ocrx_word' id='word_1_525' title='bbox 1489 3930 1704 3998; x_wconf 67' lang='grc' dir='ltr'>γίνοιτο</span> <span class='ocrx_word' id='word_1_526' title='bbox 1739 3931 1854 4002; x_wconf 77' lang='grc' dir='ltr'>μὲν·</span> <span class='ocrx_word' id='word_1_527' title='bbox 1877 3935 1948 3989; x_wconf 82' lang='grc' dir='ltr'><strong>ἂν</strong></span> 
     </span>
    </p>
   </div>
   <div class='ocr_carea' id='block_1_70' title="bbox 365 4016 1945 4091">
    <p class='ocr_par' dir='ltr' id='par_1_70' title="bbox 365 4016 1945 4091">
     <span class='ocr_line' id='line_1_70' title="bbox 365 4016 1945 4091; baseline 0.007 -22"><span class='ocrx_word' id='word_1_528' title='bbox 365 4016 462 4069; x_wconf 72' lang='grc' dir='ltr'>καὶ</span> <span class='ocrx_word' id='word_1_529' title='bbox 494 4016 655 4069; x_wconf 81' lang='grc' dir='ltr'>ἄλλου</span> <span class='ocrx_word' id='word_1_530' title='bbox 684 4017 831 4081; x_wconf 74' lang='grc' dir='ltr'>τινὸς</span> <span class='ocrx_word' id='word_1_531' title='bbox 854 4021 1106 4089; x_wconf 77' lang='grc' dir='ltr'>σημεῖον,</span> <span class='ocrx_word' id='word_1_532' title='bbox 1138 4022 1237 4074; x_wconf 76' lang='grc' dir='ltr'><strong>καὶ</strong></span> <span class='ocrx_word' id='word_1_533' title='bbox 1277 4020 1414 4091; x_wconf 76' lang='grc' dir='ltr'>πρὸς</span> <span class='ocrx_word' id='word_1_534' title='bbox 1442 4020 1600 4076; x_wconf 75' lang='grc' dir='ltr'>τοῦτο</span> <span class='ocrx_word' id='word_1_535' title='bbox 1632 4024 1688 4078; x_wconf 84' lang='grc' dir='ltr'><strong>δὲ</strong></span> <span class='ocrx_word' id='word_1_536' title='bbox 1720 4024 1945 4080; x_wconf 89' lang='grc' dir='ltr'>δύναται</span> 
     </span>
    </p>
   </div>
   <div class='ocr_carea' id='block_1_71' title="bbox 366 4109 1946 4192">
    <p class='ocr_par' dir='ltr' id='par_1_71' title="bbox 366 4109 1946 4192">
     <span class='ocr_line' id='line_1_71' title="bbox 366 4109 1946 4192; baseline 0.007 -31"><span class='ocrx_word' id='word_1_537' title='bbox 366 4111 577 4180; x_wconf 78' lang='grc' dir='ltr'>φέρειν.</span> <span class='ocrx_word' id='word_1_538' title='bbox 627 4109 933 4181; x_wconf 81' lang='grc' dir='ltr'>Ἐννοῶμεν</span> <span class='ocrx_word' id='word_1_539' title='bbox 962 4111 1073 4183; x_wconf 80' lang='grc' dir='ltr'><strong>γὰρ</strong></span> <span class='ocrx_word' id='word_1_540' title='bbox 1120 4113 1221 4183; x_wconf 79' lang='grc' dir='ltr'>τὴν</span> <span class='ocrx_word' id='word_1_541' title='bbox 1278 4113 1478 4168; x_wconf 79' lang='grc' dir='ltr'>Ἰακὼϐ</span> <span class='ocrx_word' id='word_1_542' title='bbox 1512 4116 1736 4187; x_wconf 84' lang='grc' dir='ltr'>στήλην,</span> <span class='ocrx_word' id='word_1_543' title='bbox 1770 4117 1839 4189; x_wconf 80' lang='grc' dir='ltr'>ἥν</span> <span class='ocrx_word' id='word_1_544' title='bbox 1867 4120 1946 4192; x_wconf 84' lang='grc' dir='ltr'>τῷ</span> 
     </span>
    </p>
   </div>
   <div class='ocr_carea' id='block_1_72' title="bbox 366 4202 1947 4283">
    <p class='ocr_par' dir='ltr' id='par_1_72' title="bbox 366 4202 1947 4283">
     <span class='ocr_line' id='line_1_72' title="bbox 366 4202 1947 4283; baseline 0.008 -28"><span class='ocrx_word' id='word_1_545' title='bbox 366 4202 535 4274; x_wconf 72' lang='grc' dir='ltr'>ἐλαίῳ</span> <span class='ocrx_word' id='word_1_546' title='bbox 551 4205 749 4274; x_wconf 86' lang='grc' dir='ltr'>χρίσας</span> <span class='ocrx_word' id='word_1_547' title='bbox 768 4207 1112 4277; x_wconf 86' lang='grc' dir='ltr'>προσήνεγκε</span> <span class='ocrx_word' id='word_1_548' title='bbox 1146 4206 1225 4278; x_wconf 83' lang='grc' dir='ltr'>τῷ</span> <span class='ocrx_word' id='word_1_549' title='bbox 1253 4206 1392 4278; x_wconf 84' lang='grc' dir='ltr'>Θεῷ,</span> <span class='ocrx_word' id='word_1_550' title='bbox 1415 4211 1513 4262; x_wconf 79' lang='grc' dir='ltr'>καὶ</span> <span class='ocrx_word' id='word_1_551' title='bbox 1535 4211 1664 4275; x_wconf 85' lang='grc' dir='ltr'>τοὺς</span> <span class='ocrx_word' id='word_1_552' title='bbox 1688 4211 1947 4283; x_wconf 77' lang='grc' dir='ltr'>βασιλέας</span> 
     </span>
    </p>
   </div>
   <div class='ocr_carea' id='block_1_73' title="bbox 366 4297 1946 4378">
    <p class='ocr_par' dir='ltr' id='par_1_73' title="bbox 366 4297 1946 4378">
     <span class='ocr_line' id='line_1_73' title="bbox 366 4297 1946 4378; baseline 0.006 -28"><span class='ocrx_word' id='word_1_553' title='bbox 366 4297 615 4361; x_wconf 77' lang='grc' dir='ltr'>καὶτοὺς</span> <span class='ocrx_word' id='word_1_554' title='bbox 649 4297 834 4368; x_wconf 80' lang='grc' dir='ltr'>ἱερέας</span> <span class='ocrx_word' id='word_1_555' title='bbox 867 4298 1017 4369; x_wconf 85' lang='grc' dir='ltr'>αύτῷ</span> <span class='ocrx_word' id='word_1_556' title='bbox 1046 4299 1221 4371; x_wconf 87' lang='grc' dir='ltr'>τούτῳ</span> <span class='ocrx_word' id='word_1_557' title='bbox 1256 4298 1335 4372; x_wconf 80' lang='grc' dir='ltr'>τῷ</span> <span class='ocrx_word' id='word_1_558' title='bbox 1376 4303 1543 4374; x_wconf 88' lang='grc' dir='ltr'>κοινῷ</span> <span class='ocrx_word' id='word_1_559' title='bbox 1574 4306 1668 4358; x_wconf 73' lang='grc' dir='ltr'>καὶ</span> <span class='ocrx_word' id='word_1_560' title='bbox 1722 4305 1796 4378; x_wconf 80' lang='grc' dir='ltr'>τῷ</span> <span class='ocrx_word' id='word_1_561' title='bbox 1825 4307 1946 4378; x_wconf 86' lang='grc' dir='ltr'>Θεῷ</span> 
     </span>
    </p>
   </div>
   <div class='ocr_carea' id='block_1_74' title="bbox 367 4390 1947 4473">
    <p class='ocr_par' dir='ltr' id='par_1_74' title="bbox 367 4390 1947 4473">
     <span class='ocr_line' id='line_1_74' title="bbox 367 4390 1947 4473; baseline 0.008 -32"><span class='ocrx_word' id='word_1_562' title='bbox 367 4390 860 4462; x_wconf 81' lang='grc' dir='ltr'>καθιερουμένους,</span> <span class='ocrx_word' id='word_1_563' title='bbox 909 4392 964 4445; x_wconf 85' lang='grc' dir='ltr'>οἶ</span> <span class='ocrx_word' id='word_1_564' title='bbox 992 4409 1147 4460; x_wconf 82' lang='grc' dir='ltr'>σφισι</span> <span class='ocrx_word' id='word_1_565' title='bbox 1178 4392 1276 4462; x_wconf 84' lang='grc' dir='ltr'><strong>μὲν</strong></span> <span class='ocrx_word' id='word_1_566' title='bbox 1331 4393 1516 4457; x_wconf 79' lang='grc' dir='ltr'>αὐτοῖς</span> <span class='ocrx_word' id='word_1_567' title='bbox 1542 4396 1814 4467; x_wconf 82' lang='grc' dir='ltr'>οὐδαμῶς,</span> <span class='ocrx_word' id='word_1_568' title='bbox 1868 4402 1947 4473; x_wconf 85' lang='grc' dir='ltr'><strong>τῷ</strong></span> 
     </span>
    </p>
   </div>
   <div class='ocr_carea' id='block_1_75' title="bbox 369 4480 1942 4558">
    <p class='ocr_par' dir='ltr' id='par_1_75' title="bbox 369 4480 1942 4558">
     <span class='ocr_line' id='line_1_75' title="bbox 369 4480 1942 4558; baseline 0.006 -24"><span class='ocrx_word' id='word_1_569' title='bbox 369 4480 490 4551; x_wconf 85' lang='grc' dir='ltr'><strong>Θεῷ</strong></span> <span class='ocrx_word' id='word_1_570' title='bbox 529 4481 586 4534; x_wconf 75' lang='grc' dir='ltr'><strong>δὲ</strong></span> <span class='ocrx_word' id='word_1_571' title='bbox 613 4481 707 4535; x_wconf 75' lang='grc' dir='ltr'><strong>καὶ</strong></span> <span class='ocrx_word' id='word_1_572' title='bbox 762 4483 828 4551; x_wconf 82' lang='grc' dir='ltr'>τῇ</span> <span class='ocrx_word' id='word_1_573' title='bbox 859 4481 1110 4552; x_wconf 75' lang='grc' dir='ltr'>πολιτείᾳ</span> <span class='ocrx_word' id='word_1_574' title='bbox 1158 4480 1317 4546; x_wconf 77' lang='grc' dir='ltr'>ζῶσι,</span> <span class='ocrx_word' id='word_1_575' title='bbox 1351 4485 1490 4554; x_wconf 85' lang='grc' dir='ltr'>πρὸς</span> <span class='ocrx_word' id='word_1_576' title='bbox 1522 4486 1588 4556; x_wconf 81' lang='grc' dir='ltr'>ἢν</span> <span class='ocrx_word' id='word_1_577' title='bbox 1609 4486 1942 4558; x_wconf 78' lang='grc' dir='ltr'>ἐτάχθησαν.</span> 
     </span>
    </p>
   </div>
   <div class='ocr_carea' id='block_1_76' title="bbox 367 4572 1947 4648">
    <p class='ocr_par' dir='ltr' id='par_1_76' title="bbox 367 4572 1947 4648">
     <span class='ocr_line' id='line_1_76' title="bbox 367 4572 1947 4648; baseline 0.006 -22"><span class='ocrx_word' id='word_1_578' title='bbox 367 4573 481 4627; x_wconf 68' lang='grc' dir='ltr'><strong>Καὶ</strong></span> <span class='ocrx_word' id='word_1_579' title='bbox 527 4574 694 4643; x_wconf 76' lang='grc' dir='ltr'>ἡμεῖς</span> <span class='ocrx_word' id='word_1_580' title='bbox 743 4572 852 4643; x_wconf 80' lang='grc' dir='ltr'>γὰρ</span> <span class='ocrx_word' id='word_1_581' title='bbox 878 4573 978 4642; x_wconf 82' lang='grc' dir='ltr'>τῆς</span> <span class='ocrx_word' id='word_1_582' title='bbox 1009 4572 1219 4638; x_wconf 78' lang='grc' dir='ltr'>οἰκείας</span> <span class='ocrx_word' id='word_1_583' title='bbox 1250 4572 1397 4645; x_wconf 80' lang='grc' dir='ltr'>ζωῆς</span> <span class='ocrx_word' id='word_1_584' title='bbox 1446 4581 1540 4644; x_wconf 74' lang='grc' dir='ltr'><strong>καὶ</strong></span> <span class='ocrx_word' id='word_1_585' title='bbox 1569 4578 1732 4648; x_wconf 79' lang='grc' dir='ltr'>ἡμῶν</span> <span class='ocrx_word' id='word_1_586' title='bbox 1762 4579 1947 4635; x_wconf 81' lang='grc' dir='ltr'>αὐτῶν</span> 
     </span>
    </p>
   </div>
   <div class='ocr_carea' id='block_1_77' title="bbox 2047 3362 3631 3444">
    <p class='ocr_par' dir='ltr' id='par_1_77' title="bbox 2047 3362 3631 3444">
     <span class='ocr_line' id='line_1_77' title="bbox 2047 3362 3631 3444; baseline -0.009 -14"><span class='ocrx_word' id='word_1_587' title='bbox 2047 3390 2197 3430; x_wconf 89' lang='lat' dir='ltr'><strong>nunc</strong></span> <span class='ocrx_word' id='word_1_588' title='bbox 2223 3388 2363 3444; x_wconf 88' lang='lat' dir='ltr'><strong>pure</strong></span> <span class='ocrx_word' id='word_1_589' title='bbox 2389 3374 2455 3429; x_wconf 89' lang='lat' dir='ltr'><strong>ad</strong></span> <span class='ocrx_word' id='word_1_590' title='bbox 2488 3386 2675 3427; x_wconf 88' lang='lat' dir='ltr'><strong>verum</strong></span> <span class='ocrx_word' id='word_1_591' title='bbox 2709 3372 2897 3426; x_wconf 91' lang='lat' dir='ltr'><strong>lumen</strong></span> <span class='ocrx_word' id='word_1_592' title='bbox 2936 3369 3276 3434; x_wconf 87' lang='lat' dir='ltr'><strong>accedimus,</strong></span> <span class='ocrx_word' id='word_1_593' title='bbox 3311 3364 3447 3419; x_wconf 87' lang='lat' dir='ltr'><strong>nihil</strong></span> <span class='ocrx_word' id='word_1_594' title='bbox 3496 3362 3631 3418; x_wconf 72' lang='lat' dir='ltr'><strong>aﬂ‘c-</strong></span> 
     </span>
    </p>
   </div>
   <div class='ocr_carea' id='block_1_78' title="bbox 2047 3450 3626 3532">
    <p class='ocr_par' dir='ltr' id='par_1_78' title="bbox 2047 3450 3626 3532">
     <span class='ocr_line' id='line_1_78' title="bbox 2047 3450 3626 3532; baseline -0.007 -11"><span class='ocrx_word' id='word_1_595' title='bbox 2047 3477 2257 3532; x_wconf 86' lang='lat' dir='ltr'><strong>rentes,</strong></span> <span class='ocrx_word' id='word_1_596' title='bbox 2291 3467 2436 3520; x_wconf 90' lang='lat' dir='ltr'><strong>unde</strong></span> <span class='ocrx_word' id='word_1_597' title='bbox 2473 3464 2665 3519; x_wconf 89' lang='lat' dir='ltr'><strong>umbra</strong></span> <span class='ocrx_word' id='word_1_598' title='bbox 2695 3464 2888 3517; x_wconf 89' lang='lat' dir='ltr'><strong>mortis</strong></span> <span class='ocrx_word' id='word_1_599' title='bbox 2914 3469 2968 3515; x_wconf 85' lang='lat' dir='ltr'><strong>et</strong></span> <span class='ocrx_word' id='word_1_600' title='bbox 3006 3450 3128 3531; x_wconf 64' lang='lat' dir='ltr'><strong>q&#39;uze</strong></span> <span class='ocrx_word' id='word_1_601' title='bbox 3156 3461 3375 3514; x_wconf 86' lang='lat' dir='ltr'><strong>beatum</strong></span> <span class='ocrx_word' id='word_1_602' title='bbox 3413 3457 3626 3512; x_wconf 88' lang='lat' dir='ltr'><strong>radium</strong></span> 
     </span>
    </p>
   </div>
   <div class='ocr_carea' id='block_1_79' title="bbox 2048 3552 3628 3625">
    <p class='ocr_par' dir='ltr' id='par_1_79' title="bbox 2048 3552 3628 3625">
     <span class='ocr_line' id='line_1_79' title="bbox 2048 3552 3628 3625; baseline -0.009 -8"><span class='ocrx_word' id='word_1_603' title='bbox 2048 3563 2361 3617; x_wconf 86' lang='lat' dir='ltr'><strong>animarum</strong></span> <span class='ocrx_word' id='word_1_604' title='bbox 2412 3562 2782 3616; x_wconf 88' lang='lat' dir='ltr'><strong>humanarum</strong></span> <span class='ocrx_word' id='word_1_605' title='bbox 2834 3556 3164 3625; x_wconf 80' lang='lat' dir='ltr'><strong>intercipere</strong></span> <span class='ocrx_word' id='word_1_606' title='bbox 3204 3560 3449 3622; x_wconf 83' lang='lat' dir='ltr'><strong>queant;</strong></span> <span class='ocrx_word' id='word_1_607' title='bbox 3483 3552 3628 3607; x_wconf 86' lang='lat' dir='ltr'><strong>sicut</strong></span> 
     </span>
    </p>
   </div>
   <div class='ocr_carea' id='block_1_80' title="bbox 2048 3643 3629 3719">
    <p class='ocr_par' dir='ltr' id='par_1_80' title="bbox 2048 3643 3629 3719">
     <span class='ocr_line' id='line_1_80' title="bbox 2048 3643 3629 3719; baseline -0.009 -10"><span class='ocrx_word' id='word_1_608' title='bbox 2048 3654 2376 3710; x_wconf 82' lang='lat' dir='ltr'><strong>vestimenta</strong></span> <span class='ocrx_word' id='word_1_609' title='bbox 2440 3660 2498 3705; x_wconf 92' lang='lat' dir='ltr'><strong>ut</strong></span> <span class='ocrx_word' id='word_1_610' title='bbox 2557 3649 2807 3704; x_wconf 86' lang='lat' dir='ltr'><strong>murulus</strong></span> <span class='ocrx_word' id='word_1_611' title='bbox 2848 3646 3072 3719; x_wconf 88' lang='lat' dir='ltr'><strong>quidam</strong></span> <span class='ocrx_word' id='word_1_612' title='bbox 3122 3645 3265 3699; x_wconf 85' lang='lat' dir='ltr'><strong>inter</strong></span> <span class='ocrx_word' id='word_1_613' title='bbox 3300 3645 3483 3697; x_wconf 87' lang='lat' dir='ltr'><strong>lumen</strong></span> <span class='ocrx_word' id='word_1_614' title='bbox 3524 3643 3629 3696; x_wconf 89' lang='lat' dir='ltr'><strong>hoc</strong></span> 
     </span>
    </p>
   </div>
   <div class='ocr_carea' id='block_1_81' title="bbox 2046 3741 2748 3817">
    <p class='ocr_par' dir='ltr' id='par_1_81' title="bbox 2046 3741 2748 3817">
     <span class='ocr_line' id='line_1_81' title="bbox 2046 3741 2748 3817; baseline -0.013 -14"><span class='ocrx_word' id='word_1_615' title='bbox 2046 3756 2100 3803; x_wconf 88' lang='lat' dir='ltr'><strong>et</strong></span> <span class='ocrx_word' id='word_1_616' title='bbox 2121 3759 2352 3817; x_wconf 88' lang='lat' dir='ltr'><strong>corpora</strong></span> <span class='ocrx_word' id='word_1_617' title='bbox 2384 3741 2748 3798; x_wconf 88' lang='lat' dir='ltr'><strong>intercedunt.</strong></span> 
     </span>
    </p>
   </div>
   <div class='ocr_carea' id='block_1_82' title="bbox 2121 3921 3629 3987">
    <p class='ocr_par' dir='ltr' id='par_1_82' title="bbox 2121 3921 3629 3987">
     <span class='ocr_line' id='line_1_82' title="bbox 2121 3921 3629 3987; baseline -0.007 0"><span class='ocrx_word' id='word_1_618' title='bbox 2121 3928 2610 3987; x_wconf 79' lang='lat' dir='ltr'><strong>Verumcnimvcro</strong></span> <span class='ocrx_word' id='word_1_619' title='bbox 2660 3926 2764 3980; x_wconf 88' lang='lat' dir='ltr'><strong>olei</strong></span> <span class='ocrx_word' id='word_1_620' title='bbox 2816 3924 3002 3981; x_wconf 91' lang='lat' dir='ltr'><strong>unctio</strong></span> <span class='ocrx_word' id='word_1_621' title='bbox 3057 3932 3111 3983; x_wconf 90' lang='lat' dir='ltr'><strong>ct</strong></span> <span class='ocrx_word' id='word_1_622' title='bbox 3169 3923 3311 3979; x_wconf 87' lang='lat' dir='ltr'><strong>alius</strong></span> <span class='ocrx_word' id='word_1_623' title='bbox 3362 3921 3441 3979; x_wconf 85' lang='lat' dir='ltr'><strong>rei</strong></span> <span class='ocrx_word' id='word_1_624' title='bbox 3487 3922 3629 3977; x_wconf 88' lang='lat' dir='ltr'><strong>indi-</strong></span> 
     </span>
    </p>
   </div>
   <div class='ocr_carea' id='block_1_83' title="bbox 2047 4014 3627 4087">
    <p class='ocr_par' dir='ltr' id='par_1_83' title="bbox 2047 4014 3627 4087">
     <span class='ocr_line' id='line_1_83' title="bbox 2047 4014 3627 4087; baseline -0.008 -11"><span class='ocrx_word' id='word_1_625' title='bbox 2047 4020 2193 4077; x_wconf 92' lang='lat' dir='ltr'><strong>cium</strong></span> <span class='ocrx_word' id='word_1_626' title='bbox 2228 4035 2375 4084; x_wconf 88' lang='lat' dir='ltr'><strong>esse,</strong></span> <span class='ocrx_word' id='word_1_627' title='bbox 2409 4029 2463 4073; x_wconf 90' lang='lat' dir='ltr'><strong>ct</strong></span> <span class='ocrx_word' id='word_1_628' title='bbox 2506 4018 2767 4074; x_wconf 86' lang='lat' dir='ltr'><strong>aliorsum</strong></span> <span class='ocrx_word' id='word_1_629' title='bbox 2821 4026 3073 4087; x_wconf 86' lang='lat' dir='ltr'><strong>spectare</strong></span> <span class='ocrx_word' id='word_1_630' title='bbox 3113 4025 3313 4086; x_wconf 89' lang='lat' dir='ltr'><strong>potest.</strong></span> <span class='ocrx_word' id='word_1_631' title='bbox 3346 4014 3627 4070; x_wconf 69' lang='lat' dir='ltr'><strong>Ilecordor</strong></span> 
     </span>
    </p>
   </div>
   <div class='ocr_carea' id='block_1_84' title="bbox 2048 4105 3628 4181">
    <p class='ocr_par' dir='ltr' id='par_1_84' title="bbox 2048 4105 3628 4181">
     <span class='ocr_line' id='line_1_84' title="bbox 2048 4105 3628 4181; baseline -0.006 -13"><span class='ocrx_word' id='word_1_632' title='bbox 2048 4113 2193 4168; x_wconf 87' lang='lat' dir='ltr'><strong>enim</strong></span> <span class='ocrx_word' id='word_1_633' title='bbox 2230 4111 2434 4181; x_wconf 87' lang='lat' dir='ltr'><strong>lapidis</strong></span> <span class='ocrx_word' id='word_1_634' title='bbox 2481 4107 2676 4173; x_wconf 81' lang='lat' dir='ltr'><strong>Jacob,</strong></span> <span class='ocrx_word' id='word_1_635' title='bbox 2707 4124 2871 4180; x_wconf 87' lang='lat' dir='ltr'><strong>quem</strong></span> <span class='ocrx_word' id='word_1_636' title='bbox 2917 4107 3038 4163; x_wconf 89' lang='lat' dir='ltr'><strong>oleo</strong></span> <span class='ocrx_word' id='word_1_637' title='bbox 3070 4106 3373 4163; x_wconf 88' lang='lat' dir='ltr'><strong>delibutum</strong></span> <span class='ocrx_word' id='word_1_638' title='bbox 3428 4105 3628 4160; x_wconf 86' lang='lat' dir='ltr'><strong>obtulit</strong></span> 
     </span>
    </p>
   </div>
   <div class='ocr_carea' id='block_1_85' title="bbox 2050 4198 3627 4272">
    <p class='ocr_par' dir='ltr' id='par_1_85' title="bbox 2050 4198 3627 4272">
     <span class='ocr_line' id='line_1_85' title="bbox 2050 4198 3627 4272; baseline -0.005 -13"><span class='ocrx_word' id='word_1_639' title='bbox 2050 4204 2164 4259; x_wconf 87' lang='lat' dir='ltr'><strong>Deo</strong></span> <span class='ocrx_word' id='word_1_640' title='bbox 2214 4222 2227 4258; x_wconf 88' lang='lat'><strong>:</strong></span> <span class='ocrx_word' id='word_1_641' title='bbox 2275 4213 2330 4259; x_wconf 90' lang='lat' dir='ltr'><strong>et</strong></span> <span class='ocrx_word' id='word_1_642' title='bbox 2378 4217 2535 4272; x_wconf 87' lang='lat' dir='ltr'><strong>reges</strong></span> <span class='ocrx_word' id='word_1_643' title='bbox 2595 4212 2650 4257; x_wconf 86' lang='lat' dir='ltr'><strong>et</strong></span> <span class='ocrx_word' id='word_1_644' title='bbox 2691 4201 3003 4256; x_wconf 83' lang='lat' dir='ltr'><strong>sacerdotes</strong></span> <span class='ocrx_word' id='word_1_645' title='bbox 3050 4200 3157 4255; x_wconf 88' lang='lat' dir='ltr'><strong>hoc</strong></span> <span class='ocrx_word' id='word_1_646' title='bbox 3189 4199 3330 4270; x_wconf 86' lang='lat' dir='ltr'><strong>ipso,</strong></span> <span class='ocrx_word' id='word_1_647' title='bbox 3373 4199 3493 4253; x_wconf 92' lang='lat' dir='ltr'><strong>oleo</strong></span> <span class='ocrx_word' id='word_1_648' title='bbox 3541 4198 3627 4251; x_wconf 90' lang='lat' dir='ltr'><strong>in-</strong></span> 
     </span>
    </p>
   </div>
   <div class='ocr_carea' id='block_1_86' title="bbox 2048 4290 3625 4367">
    <p class='ocr_par' dir='ltr' id='par_1_86' title="bbox 2048 4290 3625 4367">
     <span class='ocr_line' id='line_1_86' title="bbox 2048 4290 3625 4367; baseline -0.004 -17"><span class='ocrx_word' id='word_1_649' title='bbox 2048 4312 2237 4367; x_wconf 88' lang='lat' dir='ltr'><strong>quam,</strong></span> <span class='ocrx_word' id='word_1_650' title='bbox 2266 4295 2471 4365; x_wconf 90' lang='lat' dir='ltr'><strong>populo</strong></span> <span class='ocrx_word' id='word_1_651' title='bbox 2499 4302 2552 4348; x_wconf 91' lang='lat' dir='ltr'><strong>et</strong></span> <span class='ocrx_word' id='word_1_652' title='bbox 2576 4293 2689 4349; x_wconf 88' lang='lat' dir='ltr'><strong>Deo</strong></span> <span class='ocrx_word' id='word_1_653' title='bbox 2720 4302 3074 4348; x_wconf 86' lang='lat' dir='ltr'><strong>consecratos</strong></span> <span class='ocrx_word' id='word_1_654' title='bbox 3104 4310 3116 4345; x_wconf 88' lang='lat'><strong>:</strong></span> <span class='ocrx_word' id='word_1_655' title='bbox 3145 4292 3237 4360; x_wconf 90' lang='lat' dir='ltr'><strong>qui</strong></span> <span class='ocrx_word' id='word_1_656' title='bbox 3272 4291 3375 4347; x_wconf 83' lang='lat' dir='ltr'><strong>sibi</strong></span> <span class='ocrx_word' id='word_1_657' title='bbox 3404 4290 3625 4360; x_wconf 88' lang='lat' dir='ltr'><strong>quidem</strong></span> 
     </span>
    </p>
   </div>
   <div class='ocr_carea' id='block_1_87' title="bbox 2051 4384 3630 4458">
    <p class='ocr_par' dir='ltr' id='par_1_87' title="bbox 2051 4384 3630 4458">
     <span class='ocr_line' id='line_1_87' title="bbox 2051 4384 3630 4458; baseline -0.004 -15"><span class='ocrx_word' id='word_1_658' title='bbox 2051 4389 2395 4458; x_wconf 83' lang='lat' dir='ltr'><strong>neutiquam,</strong></span> <span class='ocrx_word' id='word_1_659' title='bbox 2432 4384 2528 4441; x_wconf 87' lang='lat' dir='ltr'><strong>sed</strong></span> <span class='ocrx_word' id='word_1_660' title='bbox 2562 4384 2675 4440; x_wconf 89' lang='lat' dir='ltr'><strong>Deo</strong></span> <span class='ocrx_word' id='word_1_661' title='bbox 2725 4397 2780 4439; x_wconf 89' lang='lat' dir='ltr'><strong>et</strong></span> <span class='ocrx_word' id='word_1_662' title='bbox 2813 4384 3130 4456; x_wconf 77' lang='lat' dir='ltr'><strong>reipublica:</strong></span> <span class='ocrx_word' id='word_1_663' title='bbox 3162 4386 3378 4448; x_wconf 85' lang='lat' dir='ltr'><strong>vivunt,</strong></span> <span class='ocrx_word' id='word_1_664' title='bbox 3407 4392 3630 4454; x_wconf 86' lang='lat' dir='ltr'><strong>propter</strong></span> 
     </span>
    </p>
   </div>
   <div class='ocr_carea' id='block_1_88' title="bbox 2050 4475 3624 4551">
    <p class='ocr_par' dir='ltr' id='par_1_88' title="bbox 2050 4475 3624 4551">
     <span class='ocr_line' id='line_1_88' title="bbox 2050 4475 3624 4551; baseline -0.005 -15"><span class='ocrx_word' id='word_1_665' title='bbox 2050 4497 2216 4551; x_wconf 84' lang='lat' dir='ltr'><strong>quam</strong></span> <span class='ocrx_word' id='word_1_666' title='bbox 2254 4478 2489 4535; x_wconf 86' lang='lat' dir='ltr'><strong>instituti</strong></span> <span class='ocrx_word' id='word_1_667' title='bbox 2527 4487 2681 4533; x_wconf 90' lang='lat' dir='ltr'><strong>sunt.</strong></span> <span class='ocrx_word' id='word_1_668' title='bbox 2712 4475 2778 4532; x_wconf 84' lang='lat' dir='ltr'><strong>Et</strong></span> <span class='ocrx_word' id='word_1_669' title='bbox 2805 4492 2904 4533; x_wconf 90' lang='lat' dir='ltr'><strong>nos</strong></span> <span class='ocrx_word' id='word_1_670' title='bbox 2937 4491 3154 4546; x_wconf 86' lang='lat' dir='ltr'><strong>quoque</strong></span> <span class='ocrx_word' id='word_1_671' title='bbox 3189 4491 3220 4530; x_wconf 92' lang='lat' dir='ltr'><strong>a</strong></span> <span class='ocrx_word' id='word_1_672' title='bbox 3247 4481 3355 4529; x_wconf 88' lang='lat' dir='ltr'><strong>vita</strong></span> <span class='ocrx_word' id='word_1_673' title='bbox 3385 4476 3624 4544; x_wconf 83' lang='lat' dir='ltr'><strong>propria,</strong></span> 
     </span>
    </p>
   </div>
   <div class='ocr_carea' id='block_1_89' title="bbox 2052 4565 3630 4642">
    <p class='ocr_par' dir='ltr' id='par_1_89' title="bbox 2052 4565 3630 4642">
     <span class='ocr_line' id='line_1_89' title="bbox 2052 4565 3630 4642; baseline -0.006 -11"><span class='ocrx_word' id='word_1_674' title='bbox 2052 4585 2107 4631; x_wconf 88' lang='lat' dir='ltr'><strong>et</strong></span> <span class='ocrx_word' id='word_1_675' title='bbox 2143 4591 2173 4630; x_wconf 92' lang='lat' dir='ltr'><strong>a</strong></span> <span class='ocrx_word' id='word_1_676' title='bbox 2207 4574 2366 4629; x_wconf 90' lang='lat' dir='ltr'><strong>nobis</strong></span> <span class='ocrx_word' id='word_1_677' title='bbox 2403 4572 2561 4642; x_wconf 88' lang='lat' dir='ltr'><strong>ipsis,</strong></span> <span class='ocrx_word' id='word_1_678' title='bbox 2593 4569 2704 4625; x_wconf 89' lang='lat' dir='ltr'><strong>Deo</strong></span> <span class='ocrx_word' id='word_1_679' title='bbox 2739 4569 3124 4625; x_wconf 84' lang='lat' dir='ltr'><strong>desciscitnus.</strong></span> <span class='ocrx_word' id='word_1_680' title='bbox 3172 4565 3286 4621; x_wconf 82' lang='lat' dir='ltr'><strong>[Ioc</strong></span> <span class='ocrx_word' id='word_1_681' title='bbox 3327 4576 3505 4619; x_wconf 87' lang='lat' dir='ltr'><strong>autem</strong></span> <span class='ocrx_word' id='word_1_682' title='bbox 3544 4576 3630 4621; x_wconf 90' lang='lat' dir='ltr'><strong>est</strong></span> 
     </span>
    </p>
   </div>
   <div class='ocr_carea' id='block_1_90' title="bbox 366 4651 1944 4736">
    <p class='ocr_par' dir='ltr' id='par_1_90' title="bbox 366 4663 1944 4736">
     <span class='ocr_line' id='line_1_90' title="bbox 366 4663 1944 4736; baseline 0.006 -17"><span class='ocrx_word' id='word_1_683' title='bbox 366 4666 702 4735; x_wconf 70' lang='grc' dir='ltr'>ἔξιστάμεθα</span> <span class='ocrx_word' id='word_1_684' title='bbox 722 4665 802 4736; x_wconf 84' lang='grc' dir='ltr'>τῷ</span> <span class='ocrx_word' id='word_1_685' title='bbox 826 4663 947 4735; x_wconf 86' lang='grc' dir='ltr'>Θεῷ</span> <span class='ocrx_word' id='word_1_686' title='bbox 969 4681 983 4697; x_wconf 78' lang='grc' dir='ltr'><strong>ο</strong></span> <span class='ocrx_word' id='word_1_687' title='bbox 1010 4664 1131 4719; x_wconf 82' lang='grc' dir='ltr'>τόδε</span> <span class='ocrx_word' id='word_1_688' title='bbox 1158 4666 1276 4719; x_wconf 74' lang='grc' dir='ltr'>ἐστὶ</span> <span class='ocrx_word' id='word_1_689' title='bbox 1308 4666 1367 4719; x_wconf 84' lang='grc' dir='ltr'><strong>τὸ</strong></span> <span class='ocrx_word' id='word_1_690' title='bbox 1384 4668 1616 4723; x_wconf 79' lang='grc' dir='ltr'>παλαιὸν</span> <span class='ocrx_word' id='word_1_691' title='bbox 1637 4671 1944 4730; x_wconf 79' lang='grc' dir='ltr'>ἀποϐαλόν-</span> 
     </span>
    </p>
   </div>
   <div class='ocr_carea' id='block_1_91' title="bbox 2048 4651 3627 4736">
    <p class='ocr_par' dir='ltr' id='par_1_91' title="bbox 2055 4657 3627 4736">
     <span class='ocr_line' id='line_1_91' title="bbox 2055 4657 3627 4736; baseline -0.005 -17"><span class='ocrx_word' id='word_1_692' title='bbox 2055 4664 2285 4736; x_wconf 88' lang='lat' dir='ltr'><strong>pristina</strong></span> <span class='ocrx_word' id='word_1_693' title='bbox 2315 4663 2490 4717; x_wconf 80' lang='lat' dir='ltr'><strong>forma</strong></span> <span class='ocrx_word' id='word_1_694' title='bbox 2520 4671 2760 4731; x_wconf 87' lang='lat' dir='ltr'><strong>recepta,</strong></span> <span class='ocrx_word' id='word_1_695' title='bbox 2800 4660 2874 4713; x_wconf 94' lang='lat' dir='ltr'><strong>illi</strong></span> <span class='ocrx_word' id='word_1_696' title='bbox 2909 4659 3118 4715; x_wconf 89' lang='lat' dir='ltr'><strong>similes</strong></span> <span class='ocrx_word' id='word_1_697' title='bbox 3146 4658 3284 4721; x_wconf 74' lang='lat' dir='ltr'><strong>fieri,</strong></span> <span class='ocrx_word' id='word_1_698' title='bbox 3318 4667 3373 4710; x_wconf 89' lang='lat' dir='ltr'><strong>et</strong></span> <span class='ocrx_word' id='word_1_699' title='bbox 3405 4657 3627 4727; x_wconf 86' lang='lat' dir='ltr'><strong>symbo-</strong></span> 
     </span>
    </p>
   </div>
   <div class='ocr_carea' id='block_1_92' title="bbox 366 4754 1945 4836">
    <p class='ocr_par' dir='ltr' id='par_1_92' title="bbox 366 4754 1945 4836">
     <span class='ocr_line' id='line_1_92' title="bbox 366 4754 1945 4836; baseline 0.005 -23"><span class='ocrx_word' id='word_1_700' title='bbox 366 4777 467 4822; x_wconf 84' lang='grc' dir='ltr'><strong>τας</strong></span> <span class='ocrx_word' id='word_1_701' title='bbox 500 4754 637 4822; x_wconf 80' lang='grc' dir='ltr'>εἶδος</span> <span class='ocrx_word' id='word_1_702' title='bbox 680 4758 903 4830; x_wconf 77' lang='grc' dir='ltr'>ὁμοίους</span> <span class='ocrx_word' id='word_1_703' title='bbox 951 4758 1106 4828; x_wconf 83' lang='grc' dir='ltr'>αὐτῷ</span> <span class='ocrx_word' id='word_1_704' title='bbox 1134 4761 1414 4828; x_wconf 78' lang='grc' dir='ltr'>γενέσθαι,</span> <span class='ocrx_word' id='word_1_705' title='bbox 1447 4763 1548 4817; x_wconf 76' lang='grc' dir='ltr'>καὶ</span> <span class='ocrx_word' id='word_1_706' title='bbox 1588 4764 1648 4818; x_wconf 83' lang='grc' dir='ltr'><strong>τὸ</strong></span> <span class='ocrx_word' id='word_1_707' title='bbox 1675 4764 1945 4836; x_wconf 73' lang='grc' dir='ltr'>σύμϐολον</span> 
     </span>
    </p>
   </div>
   <div class='ocr_carea' id='block_1_93' title="bbox 367 4842 1946 4927">
    <p class='ocr_par' dir='ltr' id='par_1_93' title="bbox 367 4842 1946 4927">
     <span class='ocr_line' id='line_1_93' title="bbox 367 4842 1946 4927; baseline 0.006 -25"><span class='ocrx_word' id='word_1_708' title='bbox 367 4850 568 4902; x_wconf 78' lang='grc' dir='ltr'>οἰκεῖον</span> <span class='ocrx_word' id='word_1_709' title='bbox 593 4851 690 4904; x_wconf 81' lang='grc' dir='ltr'><strong>καὶ</strong></span> <span class='ocrx_word' id='word_1_710' title='bbox 711 4851 778 4920; x_wconf 81' lang='grc' dir='ltr'>τῇ</span> <span class='ocrx_word' id='word_1_711' title='bbox 799 4849 908 4903; x_wconf 91' lang='grc' dir='ltr'><strong>τῶν</strong></span> <span class='ocrx_word' id='word_1_712' title='bbox 929 4850 1272 4921; x_wconf 83' lang='grc' dir='ltr'>Χριστιανῶν</span> <span class='ocrx_word' id='word_1_713' title='bbox 1292 4853 1585 4927; x_wconf 77' lang='grc' dir='ltr'>ἐπωνυμίᾳ</span> <span class='ocrx_word' id='word_1_714' title='bbox 1610 4855 1749 4909; x_wconf 85' lang='grc' dir='ltr'>πάνυ</span> <span class='ocrx_word' id='word_1_715' title='bbox 1772 4842 1946 4927; x_wconf 76' lang='grc' dir='ltr'>προσ-</span> 
     </span>
    </p>
   </div>
   <div class='ocr_carea' id='block_1_94' title="bbox 369 4936 1947 5021">
    <p class='ocr_par' dir='ltr' id='par_1_94' title="bbox 369 4936 1947 5021">
     <span class='ocr_line' id='line_1_94' title="bbox 369 4936 1947 5021; baseline 0.004 -24"><span class='ocrx_word' id='word_1_716' title='bbox 369 4943 525 5013; x_wconf 85' lang='grc' dir='ltr'>ῆκον.</span> <span class='ocrx_word' id='word_1_717' title='bbox 550 4941 837 5012; x_wconf 82' lang='grc' dir='ltr'>Χριὸμεθα</span> <span class='ocrx_word' id='word_1_718' title='bbox 868 4943 1001 5015; x_wconf 78' lang='grc' dir='ltr'>γὰρ,</span> <span class='ocrx_word' id='word_1_719' title='bbox 1030 4943 1126 4997; x_wconf 73' lang='grc' dir='ltr'><strong>καὶ</strong></span> <span class='ocrx_word' id='word_1_720' title='bbox 1152 4936 1197 5011; x_wconf 83' lang='grc' dir='ltr'><strong>ᾧ</strong></span> <span class='ocrx_word' id='word_1_721' title='bbox 1222 4942 1497 5016; x_wconf 75' lang='grc' dir='ltr'>ζητοῦμεν</span> <span class='ocrx_word' id='word_1_722' title='bbox 1528 4948 1790 5014; x_wconf 76' lang='grc' dir='ltr'>ἐοικέναι,</span> <span class='ocrx_word' id='word_1_723' title='bbox 1811 4950 1947 5021; x_wconf 86' lang='grc' dir='ltr'>Χρι-</span> 
     </span>
    </p>
   </div>
   <div class='ocr_carea' id='block_1_95' title="bbox 370 5036 1944 5112">
    <p class='ocr_par' dir='ltr' id='par_1_95' title="bbox 370 5036 1944 5112">
     <span class='ocr_line' id='line_1_95' title="bbox 370 5036 1944 5112; baseline 0.004 -22"><span class='ocrx_word' id='word_1_724' title='bbox 370 5036 497 5100; x_wconf 85' lang='grc' dir='ltr'>στός</span> <span class='ocrx_word' id='word_1_725' title='bbox 518 5039 635 5091; x_wconf 77' lang='grc' dir='ltr'>ἐστι</span> <span class='ocrx_word' id='word_1_726' title='bbox 655 5039 720 5108; x_wconf 82' lang='grc' dir='ltr'>τῇ</span> <span class='ocrx_word' id='word_1_727' title='bbox 754 5036 973 5107; x_wconf 84' lang='grc' dir='ltr'>θεότητι</span> <span class='ocrx_word' id='word_1_728' title='bbox 1006 5037 1105 5108; x_wconf 83' lang='grc' dir='ltr'><strong>τὴν</strong></span> <span class='ocrx_word' id='word_1_729' title='bbox 1133 5038 1539 5109; x_wconf 80' lang='grc' dir='ltr'>ἀνθρωπότητα</span> <span class='ocrx_word' id='word_1_730' title='bbox 1566 5042 1786 5112; x_wconf 84' lang='grc' dir='ltr'>χρίσας,</span> <span class='ocrx_word' id='word_1_731' title='bbox 1819 5044 1944 5099; x_wconf 77' lang='grc' dir='ltr'>ἐπεὶ</span> 
     </span>
    </p>
   </div>
   <div class='ocr_carea' id='block_1_96' title="bbox 367 5127 1944 5203">
    <p class='ocr_par' dir='ltr' id='par_1_96' title="bbox 367 5127 1944 5203">
     <span class='ocr_line' id='line_1_96' title="bbox 367 5127 1944 5203; baseline 0.004 -22"><span class='ocrx_word' id='word_1_732' title='bbox 367 5127 465 5181; x_wconf 77' lang='grc' dir='ltr'>καὶ</span> <span class='ocrx_word' id='word_1_733' title='bbox 516 5127 681 5182; x_wconf 81' lang='grc' dir='ltr'>αὐτοῦ</span> <span class='ocrx_word' id='word_1_734' title='bbox 724 5127 819 5181; x_wconf 81' lang='grc' dir='ltr'>τοῦ</span> <span class='ocrx_word' id='word_1_735' title='bbox 852 5127 1156 5199; x_wconf 85' lang='grc' dir='ltr'>χρίσματος</span> <span class='ocrx_word' id='word_1_736' title='bbox 1191 5129 1345 5201; x_wconf 83' lang='grc' dir='ltr'>αὐτῷ</span> <span class='ocrx_word' id='word_1_737' title='bbox 1381 5131 1784 5203; x_wconf 78' lang='grc' dir='ltr'>κοινωνοῦμενο</span> <span class='ocrx_word' id='word_1_738' title='bbox 1849 5136 1944 5190; x_wconf 85' lang='grc' dir='ltr'><strong>καὶ</strong></span> 
     </span>
    </p>
   </div>
   <div class='ocr_carea' id='block_1_97' title="bbox 369 5219 1944 5296">
    <p class='ocr_par' dir='ltr' id='par_1_97' title="bbox 369 5219 1944 5296">
     <span class='ocr_line' id='line_1_97' title="bbox 369 5219 1944 5296; baseline 0.005 -22"><span class='ocrx_word' id='word_1_739' title='bbox 369 5219 482 5291; x_wconf 88' lang='grc' dir='ltr'><strong>γάρ</strong></span> <span class='ocrx_word' id='word_1_740' title='bbox 512 5219 607 5274; x_wconf 82' lang='grc' dir='ltr'>τοῦ</span> <span class='ocrx_word' id='word_1_741' title='bbox 631 5220 932 5291; x_wconf 85' lang='grc' dir='ltr'>χρίσματος</span> <span class='ocrx_word' id='word_1_742' title='bbox 961 5223 1176 5276; x_wconf 77' lang='grc' dir='ltr'>ἐκείνου</span> <span class='ocrx_word' id='word_1_743' title='bbox 1200 5221 1358 5277; x_wconf 81' lang='grc' dir='ltr'>τοῦτο</span> <span class='ocrx_word' id='word_1_744' title='bbox 1378 5224 1439 5276; x_wconf 81' lang='grc' dir='ltr'><strong>τὸ</strong></span> <span class='ocrx_word' id='word_1_745' title='bbox 1461 5222 1673 5295; x_wconf 80' lang='grc' dir='ltr'>χρίσμα</span> <span class='ocrx_word' id='word_1_746' title='bbox 1692 5230 1944 5296; x_wconf 81' lang='grc' dir='ltr'>σημεῖον,</span> 
     </span>
    </p>
   </div>
   <div class='ocr_carea' id='block_1_98' title="bbox 370 5308 1947 5388">
    <p class='ocr_par' dir='ltr' id='par_1_98' title="bbox 370 5308 1947 5388">
     <span class='ocr_line' id='line_1_98' title="bbox 370 5308 1947 5388; baseline 0.003 -22"><span class='ocrx_word' id='word_1_747' title='bbox 370 5311 467 5366; x_wconf 73' lang='grc' dir='ltr'>καὶ</span> <span class='ocrx_word' id='word_1_748' title='bbox 492 5309 765 5366; x_wconf 83' lang='grc' dir='ltr'>δείκνυσιν</span> <span class='ocrx_word' id='word_1_749' title='bbox 791 5312 842 5364; x_wconf 87' lang='grc' dir='ltr'>,ὁ</span> <span class='ocrx_word' id='word_1_750' title='bbox 873 5311 1064 5377; x_wconf 86' lang='grc' dir='ltr'>τελῶν,</span> <span class='ocrx_word' id='word_1_751' title='bbox 1094 5312 1163 5366; x_wconf 84' lang='grc' dir='ltr'><strong>δι’</strong></span> <span class='ocrx_word' id='word_1_752' title='bbox 1195 5308 1271 5366; x_wconf 84' lang='grc' dir='ltr'>ὧν</span> <span class='ocrx_word' id='word_1_753' title='bbox 1317 5312 1511 5385; x_wconf 75' lang='grc' dir='ltr'>ἐπᾴδει</span> <span class='ocrx_word' id='word_1_754' title='bbox 1558 5316 1836 5386; x_wconf 85' lang='grc' dir='ltr'>χριομένῳ</span> <span class='ocrx_word' id='word_1_755' title='bbox 1867 5317 1947 5388; x_wconf 86' lang='grc' dir='ltr'>τῷ</span> 
     </span>
    </p>
   </div>
   <div class='ocr_carea' id='block_1_99' title="bbox 370 5400 1948 5475">
    <p class='ocr_par' dir='ltr' id='par_1_99' title="bbox 370 5400 1948 5475">
     <span class='ocr_line' id='line_1_99' title="bbox 370 5400 1948 5475; baseline 0.005 -18"><span class='ocrx_word' id='word_1_756' title='bbox 370 5402 704 5475; x_wconf 80' lang='grc' dir='ltr'>τελουμένῳ.</span> <span class='ocrx_word' id='word_1_757' title='bbox 752 5402 944 5459; x_wconf 84' lang='grc' dir='ltr'>Ταῦτα</span> <span class='ocrx_word' id='word_1_758' title='bbox 963 5405 1071 5475; x_wconf 83' lang='grc' dir='ltr'>γάρ</span> <span class='ocrx_word' id='word_1_759' title='bbox 1115 5406 1268 5461; x_wconf 66' lang='grc' dir='ltr'>ἐστιν</span> <span class='ocrx_word' id='word_1_760' title='bbox 1295 5408 1503 5472; x_wconf 75' lang='grc' dir='ltr'>ἐκεῖνα,</span> <span class='ocrx_word' id='word_1_761' title='bbox 1531 5406 1599 5461; x_wconf 87' lang='grc' dir='ltr'>δι’</span> <span class='ocrx_word' id='word_1_762' title='bbox 1619 5400 1695 5462; x_wconf 79' lang='grc' dir='ltr'>ὧν</span> <span class='ocrx_word' id='word_1_763' title='bbox 1729 5411 1758 5462; x_wconf 89' lang='grc' dir='ltr'><strong>ό</strong></span> <span class='ocrx_word' id='word_1_764' title='bbox 1781 5411 1948 5465; x_wconf 74' lang='grc' dir='ltr'>Δαὸιδ</span> 
     </span>
    </p>
   </div>
   <div class='ocr_carea' id='block_1_100' title="bbox 371 5496 1948 5572">
    <p class='ocr_par' dir='ltr' id='par_1_100' title="bbox 371 5496 1948 5572">
     <span class='ocr_line' id='line_1_100' title="bbox 371 5496 1948 5572; baseline 0.006 -23"><span class='ocrx_word' id='word_1_765' title='bbox 371 5497 474 5569; x_wconf 84' lang='grc' dir='ltr'><strong>τὴν</strong></span> <span class='ocrx_word' id='word_1_766' title='bbox 528 5497 710 5567; x_wconf 85' lang='grc' dir='ltr'>χρίσιν</span> <span class='ocrx_word' id='word_1_767' title='bbox 758 5496 977 5568; x_wconf 75' lang='grc' dir='ltr'>εκείνην</span> <span class='ocrx_word' id='word_1_768' title='bbox 1021 5498 1263 5570; x_wconf 74' lang='grc' dir='ltr'>ἐμήνυσε</span> <span class='ocrx_word' id='word_1_769' title='bbox 1303 5499 1399 5554; x_wconf 77' lang='grc' dir='ltr'><strong>καὶ</strong></span> <span class='ocrx_word' id='word_1_770' title='bbox 1446 5498 1548 5571; x_wconf 81' lang='grc' dir='ltr'><strong>τὴν</strong></span> <span class='ocrx_word' id='word_1_771' title='bbox 1576 5501 1886 5572; x_wconf 86' lang='grc' dir='ltr'>βασιλείαν·</span> <span class='ocrx_word' id='word_1_772' title='bbox 1917 5504 1948 5558; x_wconf 82' lang='grc' dir='ltr'>ὁ</span> 
     </span>
    </p>
   </div>
   <div class='ocr_carea' id='block_1_101' title="bbox 379 5583 1946 5664">
    <p class='ocr_par' dir='ltr' id='par_1_101' title="bbox 379 5583 1946 5664">
     <span class='ocr_line' id='line_1_101' title="bbox 379 5583 1946 5664; baseline 0.006 -25"><span class='ocrx_word' id='word_1_773' title='bbox 379 5588 479 5658; x_wconf 76' lang='grc' dir='ltr'><strong>μὲν</strong></span> <span class='ocrx_word' id='word_1_774' title='bbox 502 5587 614 5658; x_wconf 84' lang='grc' dir='ltr'>γὰρ</span> <span class='ocrx_word' id='word_1_775' title='bbox 640 5589 844 5658; x_wconf 70' lang='grc' dir='ltr'>ἱερεὺς,</span> <span class='ocrx_word' id='word_1_776' title='bbox 868 5608 887 5642; x_wconf 77' lang='grc' dir='ltr'>ι</span> <span class='ocrx_word' id='word_1_777' title='bbox 919 5589 1173 5661; x_wconf 85' lang='grc' dir='ltr'>Χρίεται,</span> <span class='ocrx_word' id='word_1_778' title='bbox 1196 5591 1386 5662; x_wconf 78' lang='grc' dir='ltr'>φησὶν,</span> <span class='ocrx_word' id='word_1_779' title='bbox 1410 5583 1569 5656; x_wconf 81' lang='grc' dir='ltr'>οὗτος</span> <span class='ocrx_word' id='word_1_780' title='bbox 1601 5593 1727 5664; x_wconf 81' lang='grc' dir='ltr'>(τὸν</span> <span class='ocrx_word' id='word_1_781' title='bbox 1762 5595 1946 5650; x_wconf 86' lang='grc' dir='ltr'>τελού-</span> 
     </span>
    </p>
   </div>
   <div class='ocr_carea' id='block_1_102' title="bbox 376 5678 1949 5751">
    <p class='ocr_par' dir='ltr' id='par_1_102' title="bbox 376 5678 1949 5751">
     <span class='ocr_line' id='line_1_102' title="bbox 376 5678 1949 5751; baseline 0.006 -21"><span class='ocrx_word' id='word_1_782' title='bbox 376 5693 540 5748; x_wconf 81' lang='grc' dir='ltr'>μενον</span> <span class='ocrx_word' id='word_1_783' title='bbox 590 5678 800 5751; x_wconf 80' lang='grc' dir='ltr'>λέγων)</span> <span class='ocrx_word' id='word_1_784' title='bbox 854 5679 1036 5735; x_wconf 74' lang='grc' dir='ltr'>ἔλαιον</span> <span class='ocrx_word' id='word_1_785' title='bbox 1083 5680 1493 5750; x_wconf 68' lang='grc' dir='ltr'>ἀγαλλιάσεως*</span> <span class='ocrx_word' id='word_1_786' title='bbox 1542 5701 1563 5735; x_wconf 68' lang='grc' dir='ltr'>ι</span> <span class='ocrx_word' id='word_1_787' title='bbox 1597 5684 1626 5737; x_wconf 84' lang='grc' dir='ltr'>ὁ</span> <span class='ocrx_word' id='word_1_788' title='bbox 1671 5683 1728 5738; x_wconf 86' lang='grc' dir='ltr'>δὲ</span> <span class='ocrx_word' id='word_1_789' title='bbox 1756 5684 1949 5751; x_wconf 77' lang='grc' dir='ltr'><strong>Δαὸὶδ,</strong></span> 
     </span>
    </p>
   </div>
   <div class='ocr_carea' id='block_1_103' title="bbox 376 5768 1946 5848">
    <p class='ocr_par' dir='ltr' id='par_1_103' title="bbox 376 5768 1946 5848">
     <span class='ocr_line' id='line_1_103' title="bbox 376 5768 1946 5848; baseline 0.005 -26"><span class='ocrx_word' id='word_1_790' title='bbox 376 5784 400 5821; x_wconf 75' lang='grc' dir='ltr'><strong>ε</strong></span> <span class='ocrx_word' id='word_1_791' title='bbox 439 5768 663 5840; x_wconf 82' lang='grc' dir='ltr'>Ἕχρισέ</span> <span class='ocrx_word' id='word_1_792' title='bbox 697 5786 758 5822; x_wconf 84' lang='grc' dir='ltr'><strong>σε</strong></span> <span class='ocrx_word' id='word_1_793' title='bbox 790 5772 996 5843; x_wconf 83' lang='grc' dir='ltr'>(φησὶν</span> <span class='ocrx_word' id='word_1_794' title='bbox 1035 5770 1174 5843; x_wconf 79' lang='grc' dir='ltr'>πρὸς</span> <span class='ocrx_word' id='word_1_795' title='bbox 1208 5771 1298 5828; x_wconf 81' lang='grc' dir='ltr'>τὸν</span> <span class='ocrx_word' id='word_1_796' title='bbox 1338 5772 1630 5848; x_wconf 83' lang='grc' dir='ltr'>Σωτῆρα),</span> <span class='ocrx_word' id='word_1_797' title='bbox 1676 5775 1706 5830; x_wconf 84' lang='grc' dir='ltr'><strong>ό</strong></span> <span class='ocrx_word' id='word_1_798' title='bbox 1732 5776 1866 5840; x_wconf 83' lang='grc' dir='ltr'>Θεὸς</span> <span class='ocrx_word' id='word_1_799' title='bbox 1914 5777 1946 5830; x_wconf 84' lang='grc' dir='ltr'>ὁ</span> 
     </span>
    </p>
   </div>
   <div class='ocr_carea' id='block_1_104' title="bbox 448 5943 881 6017">
    <p class='ocr_par' dir='ltr' id='par_1_104' title="bbox 448 5943 881 6017">
     <span class='ocr_line' id='line_1_104' title="bbox 448 5943 881 6017; baseline 0.007 -16"><span class='ocrx_word' id='word_1_800' title='bbox 448 5946 493 5978; x_wconf 84' lang='grc'><strong>⁸⁷</strong></span> <span class='ocrx_word' id='word_1_801' title='bbox 526 5943 653 6017; x_wconf 86' lang='lat' dir='ltr'><strong>Sap.</strong></span> <span class='ocrx_word' id='word_1_802' title='bbox 698 5963 785 6014; x_wconf 75' lang='lat' dir='ltr'><strong>xv,</strong></span> <span class='ocrx_word' id='word_1_803' title='bbox 828 5948 881 6004; x_wconf 74' lang='lat'><strong>3.</strong></span> 
     </span>
    </p>
   </div>
   <div class='ocr_carea' id='block_1_105' title="bbox 2053 4750 3624 4828">
    <p class='ocr_par' dir='ltr' id='par_1_105' title="bbox 2053 4750 3624 4828">
     <span class='ocr_line' id='line_1_105' title="bbox 2053 4750 3624 4828; baseline -0.005 -15"><span class='ocrx_word' id='word_1_804' title='bbox 2053 4758 2166 4813; x_wconf 87' lang='lat' dir='ltr'><strong>lum</strong></span> <span class='ocrx_word' id='word_1_805' title='bbox 2226 4757 2505 4828; x_wconf 87' lang='lat' dir='ltr'><strong>proprium</strong></span> <span class='ocrx_word' id='word_1_806' title='bbox 2588 4753 3140 4822; x_wconf 85' lang='lat' dir='ltr'><strong>Christianorumque</strong></span> <span class='ocrx_word' id='word_1_807' title='bbox 3201 4752 3514 4821; x_wconf 83' lang='lat' dir='ltr'><strong>cognomini</strong></span> <span class='ocrx_word' id='word_1_808' title='bbox 3572 4750 3624 4805; x_wconf 90' lang='lat' dir='ltr'><strong>in</strong></span> 
     </span>
    </p>
   </div>
   <div class='ocr_carea' id='block_1_106' title="bbox 2051 4842 3626 4927">
    <p class='ocr_par' dir='ltr' id='par_1_106' title="bbox 2051 4842 3626 4927">
     <span class='ocr_line' id='line_1_106' title="bbox 2051 4842 3626 4927; baseline -0.006 -22"><span class='ocrx_word' id='word_1_809' title='bbox 2051 4850 2248 4922; x_wconf 82' lang='lat' dir='ltr'><strong>primis</strong></span> <span class='ocrx_word' id='word_1_810' title='bbox 2289 4846 2961 4917; x_wconf 84' lang='lat' dir='ltr'><strong>conveniens..Ungimur</strong></span> <span class='ocrx_word' id='word_1_811' title='bbox 2985 4844 3154 4927; x_wconf 78' lang='lat' dir='ltr'><strong>enim,</strong></span> <span class='ocrx_word' id='word_1_812' title='bbox 3181 4851 3235 4897; x_wconf 89' lang='lat' dir='ltr'><strong>et</strong></span> <span class='ocrx_word' id='word_1_813' title='bbox 3270 4842 3430 4912; x_wconf 84' lang='lat' dir='ltr'><strong>cujus</strong></span> <span class='ocrx_word' id='word_1_814' title='bbox 3471 4844 3626 4898; x_wconf 80' lang='lat' dir='ltr'><strong>sinti-</strong></span> 
     </span>
    </p>
   </div>
   <div class='ocr_carea' id='block_1_107' title="bbox 2050 4935 3627 5008">
    <p class='ocr_par' dir='ltr' id='par_1_107' title="bbox 2050 4935 3627 5008">
     <span class='ocr_line' id='line_1_107' title="bbox 2050 4935 3627 5008; baseline -0.006 -10"><span class='ocrx_word' id='word_1_815' title='bbox 2050 4944 2333 4998; x_wconf 83' lang='lat' dir='ltr'><strong>litudinem</strong></span> <span class='ocrx_word' id='word_1_816' title='bbox 2364 4941 2833 5008; x_wconf 86' lang='lat' dir='ltr'><strong>concupiscimus,</strong></span> <span class='ocrx_word' id='word_1_817' title='bbox 2872 4936 3132 4992; x_wconf 87' lang='lat' dir='ltr'><strong>Christus</strong></span> <span class='ocrx_word' id='word_1_818' title='bbox 3160 4943 3267 5002; x_wconf 80' lang='lat' dir='ltr'><strong>est,</strong></span> <span class='ocrx_word' id='word_1_819' title='bbox 3302 4936 3395 5006; x_wconf 90' lang='lat' dir='ltr'><strong>qui</strong></span> <span class='ocrx_word' id='word_1_820' title='bbox 3420 4935 3627 4990; x_wconf 67' lang='lat' dir='ltr'><strong>divinio</strong></span> 
     </span>
    </p>
   </div>
   <div class='ocr_carea' id='block_1_108' title="bbox 2055 5026 3626 5097">
    <p class='ocr_par' dir='ltr' id='par_1_108' title="bbox 2055 5026 3626 5097">
     <span class='ocr_line' id='line_1_108' title="bbox 2055 5026 3626 5097; baseline -0.008 -8"><span class='ocrx_word' id='word_1_821' title='bbox 2055 5042 2163 5089; x_wconf 86' lang='lat' dir='ltr'><strong>tate</strong></span> <span class='ocrx_word' id='word_1_822' title='bbox 2194 5035 2485 5088; x_wconf 87' lang='lat' dir='ltr'><strong>humanam</strong></span> <span class='ocrx_word' id='word_1_823' title='bbox 2518 5040 2771 5087; x_wconf 87' lang='lat' dir='ltr'><strong>naturam</strong></span> <span class='ocrx_word' id='word_1_824' title='bbox 2803 5028 2992 5094; x_wconf 78' lang='lat' dir='ltr'><strong>unxit;</strong></span> <span class='ocrx_word' id='word_1_825' title='bbox 3030 5028 3302 5097; x_wconf 84' lang='lat' dir='ltr'><strong>siquidem</strong></span> <span class='ocrx_word' id='word_1_826' title='bbox 3338 5036 3393 5081; x_wconf 89' lang='lat' dir='ltr'><strong>ct</strong></span> <span class='ocrx_word' id='word_1_827' title='bbox 3434 5026 3488 5079; x_wconf 91' lang='lat' dir='ltr'><strong>in</strong></span> <span class='ocrx_word' id='word_1_828' title='bbox 3521 5041 3626 5080; x_wconf 90' lang='lat' dir='ltr'><strong>un-</strong></span> 
     </span>
    </p>
   </div>
   <div class='ocr_carea' id='block_1_109' title="bbox 2054 5117 3624 5194">
    <p class='ocr_par' dir='ltr' id='par_1_109' title="bbox 2054 5117 3624 5194">
     <span class='ocr_line' id='line_1_109' title="bbox 2054 5117 3624 5194; baseline -0.008 -12"><span class='ocrx_word' id='word_1_829' title='bbox 2054 5127 2235 5183; x_wconf 85' lang='lat' dir='ltr'><strong>ctione</strong></span> <span class='ocrx_word' id='word_1_830' title='bbox 2266 5141 2391 5181; x_wconf 91' lang='lat' dir='ltr'><strong>cum</strong></span> <span class='ocrx_word' id='word_1_831' title='bbox 2441 5125 2561 5194; x_wconf 87' lang='lat' dir='ltr'><strong>ipso</strong></span> <span class='ocrx_word' id='word_1_832' title='bbox 2603 5122 3131 5187; x_wconf 86' lang='lat' dir='ltr'><strong>communicamus;</strong></span> <span class='ocrx_word' id='word_1_833' title='bbox 3180 5117 3624 5190; x_wconf 86' lang='lat' dir='ltr'><strong>quandoquidem</strong></span> 
     </span>
    </p>
   </div>
   <div class='ocr_carea' id='block_1_110' title="bbox 2052 5200 3647 5284">
    <p class='ocr_par' dir='ltr' id='par_1_110' title="bbox 2052 5200 3647 5284">
     <span class='ocr_line' id='line_1_110' title="bbox 2052 5200 3647 5284; baseline -0.008 -11"><span class='ocrx_word' id='word_1_834' title='bbox 2052 5219 2203 5274; x_wconf 88' lang='lat' dir='ltr'><strong>illius</strong></span> <span class='ocrx_word' id='word_1_835' title='bbox 2254 5217 2534 5273; x_wconf 90' lang='lat' dir='ltr'><strong>unctionis</strong></span> <span class='ocrx_word' id='word_1_836' title='bbox 2582 5217 2697 5270; x_wconf 63' lang='lat' dir='ltr'><strong>haec</strong></span> <span class='ocrx_word' id='word_1_837' title='bbox 2744 5213 2931 5268; x_wconf 90' lang='lat' dir='ltr'><strong>unctio</strong></span> <span class='ocrx_word' id='word_1_838' title='bbox 2986 5212 3203 5284; x_wconf 82' lang='lat' dir='ltr'><strong>signum</strong></span> <span class='ocrx_word' id='word_1_839' title='bbox 3249 5221 3304 5268; x_wconf 89' lang='lat' dir='ltr'><strong>et</strong></span> <span class='ocrx_word' id='word_1_840' title='bbox 3347 5219 3476 5266; x_wconf 87' lang='lat' dir='ltr'><strong>nota</strong></span> <span class='ocrx_word' id='word_1_841' title='bbox 3520 5200 3647 5271; x_wconf 25' lang='lat' dir='ltr'><strong>est,‘</strong></span> 
     </span>
    </p>
   </div>
   <div class='ocr_carea' id='block_1_111' title="bbox 2052 5304 3626 5380">
    <p class='ocr_par' dir='ltr' id='par_1_111' title="bbox 2052 5304 3626 5380">
     <span class='ocr_line' id='line_1_111' title="bbox 2052 5304 3626 5380; baseline -0.008 -13"><span class='ocrx_word' id='word_1_842' title='bbox 2052 5312 2219 5380; x_wconf 88' lang='lat' dir='ltr'><strong>idque</strong></span> <span class='ocrx_word' id='word_1_843' title='bbox 2268 5310 2519 5366; x_wconf 88' lang='lat' dir='ltr'><strong>initiator</strong></span> <span class='ocrx_word' id='word_1_844' title='bbox 2581 5308 2669 5363; x_wconf 88' lang='lat' dir='ltr'><strong>his</strong></span> <span class='ocrx_word' id='word_1_845' title='bbox 2716 5321 2839 5377; x_wconf 75' lang='lat' dir='ltr'><strong>quae</strong></span> <span class='ocrx_word' id='word_1_846' title='bbox 2885 5321 3050 5376; x_wconf 86' lang='lat' dir='ltr'><strong>super</strong></span> <span class='ocrx_word' id='word_1_847' title='bbox 3094 5304 3307 5359; x_wconf 86' lang='lat' dir='ltr'><strong>initiato</strong></span> <span class='ocrx_word' id='word_1_848' title='bbox 3351 5310 3405 5359; x_wconf 88' lang='lat' dir='ltr'><strong>et</strong></span> <span class='ocrx_word' id='word_1_849' title='bbox 3457 5310 3626 5355; x_wconf 90' lang='lat' dir='ltr'><strong>uncto</strong></span> 
     </span>
    </p>
   </div>
   <div class='ocr_carea' id='block_1_112' title="bbox 2052 5393 3620 5471">
    <p class='ocr_par' dir='ltr' id='par_1_112' title="bbox 2052 5393 3620 5471">
     <span class='ocr_line' id='line_1_112' title="bbox 2052 5393 3620 5471; baseline -0.01 -11"><span class='ocrx_word' id='word_1_850' title='bbox 2052 5402 2290 5460; x_wconf 87' lang='lat' dir='ltr'><strong>recitare</strong></span> <span class='ocrx_word' id='word_1_851' title='bbox 2330 5400 2642 5467; x_wconf 83' lang='lat' dir='ltr'><strong>consuevit,</strong></span> <span class='ocrx_word' id='word_1_852' title='bbox 2674 5399 2967 5471; x_wconf 79' lang='lat' dir='ltr'><strong>signiﬁcat.</strong></span> <span class='ocrx_word' id='word_1_853' title='bbox 3009 5399 3151 5453; x_wconf 89' lang='lat' dir='ltr'><strong>Sunt</strong></span> <span class='ocrx_word' id='word_1_854' title='bbox 3186 5396 3383 5466; x_wconf 87' lang='lat' dir='ltr'><strong>quippe</strong></span> <span class='ocrx_word' id='word_1_855' title='bbox 3432 5393 3620 5447; x_wconf 84' lang='lat' dir='ltr'><strong>eadem</strong></span> 
     </span>
    </p>
   </div>
   <div class='ocr_carea' id='block_1_113' title="bbox 2051 5487 3628 5564">
    <p class='ocr_par' dir='ltr' id='par_1_113' title="bbox 2051 5487 3628 5564">
     <span class='ocr_line' id='line_1_113' title="bbox 2051 5487 3628 5564; baseline -0.008 -14"><span class='ocrx_word' id='word_1_856' title='bbox 2051 5495 2167 5559; x_wconf 89' lang='lat' dir='ltr'><strong>illa,</strong></span> <span class='ocrx_word' id='word_1_857' title='bbox 2197 5509 2294 5563; x_wconf 89' lang='lat' dir='ltr'><strong>per</strong></span> <span class='ocrx_word' id='word_1_858' title='bbox 2321 5510 2444 5564; x_wconf 60' lang='lat' dir='ltr'><strong>quae</strong></span> <span class='ocrx_word' id='word_1_859' title='bbox 2478 5491 2644 5548; x_wconf 87' lang='lat' dir='ltr'><strong>David</strong></span> <span class='ocrx_word' id='word_1_860' title='bbox 2690 5492 3002 5547; x_wconf 85' lang='lat' dir='ltr'><strong>unctionem</strong></span> <span class='ocrx_word' id='word_1_861' title='bbox 3028 5487 3234 5543; x_wconf 86' lang='lat' dir='ltr'><strong>Christi</strong></span> <span class='ocrx_word' id='word_1_862' title='bbox 3290 5498 3628 5555; x_wconf 82' lang='lat' dir='ltr'><strong>regnumque</strong></span> 
     </span>
    </p>
   </div>
   <div class='ocr_carea' id='block_1_114' title="bbox 2053 5574 3624 5649">
    <p class='ocr_par' dir='ltr' id='par_1_114' title="bbox 2053 5574 3624 5649">
     <span class='ocr_line' id='line_1_114' title="bbox 2053 5574 3624 5649; baseline -0.007 -9"><span class='ocrx_word' id='word_1_863' title='bbox 2053 5582 2284 5640; x_wconf 89' lang='lat' dir='ltr'><strong>indicat.</strong></span> <span class='ocrx_word' id='word_1_864' title='bbox 2339 5584 2613 5640; x_wconf 88' lang='lat' dir='ltr'><strong>Sacerdos</strong></span> <span class='ocrx_word' id='word_1_865' title='bbox 2673 5583 2860 5649; x_wconf 87' lang='lat' dir='ltr'><strong>enim,</strong></span> <span class='ocrx_word' id='word_1_866' title='bbox 2918 5600 2936 5634; x_wconf 83' lang='grc' dir='ltr'>ι</span> <span class='ocrx_word' id='word_1_867' title='bbox 2987 5577 3224 5649; x_wconf 81' lang='lat' dir='ltr'><strong>Ungitnr</strong></span> <span class='ocrx_word' id='word_1_868' title='bbox 3277 5576 3386 5639; x_wconf 87' lang='lat' dir='ltr'><strong>hic,</strong></span> <span class='ocrx_word' id='word_1_869' title='bbox 3421 5574 3624 5647; x_wconf 81' lang='lat' dir='ltr'><strong>inquit,</strong></span> 
     </span>
    </p>
   </div>
   <div class='ocr_carea' id='block_1_115' title="bbox 2053 5667 3627 5750">
    <p class='ocr_par' dir='ltr' id='par_1_115' title="bbox 2053 5667 3627 5750">
     <span class='ocr_line' id='line_1_115' title="bbox 2053 5667 3627 5750; baseline -0.01 -14"><span class='ocrx_word' id='word_1_870' title='bbox 2053 5678 2329 5750; x_wconf 85' lang='lat' dir='ltr'><strong>(initiatus</strong></span> <span class='ocrx_word' id='word_1_871' title='bbox 2384 5678 2538 5748; x_wconf 88' lang='lat' dir='ltr'><strong>puta)</strong></span> <span class='ocrx_word' id='word_1_872' title='bbox 2605 5678 2729 5733; x_wconf 86' lang='lat' dir='ltr'><strong>oleo</strong></span> <span class='ocrx_word' id='word_1_873' title='bbox 2809 5672 3217 5731; x_wconf 77' lang='lat' dir='ltr'><strong>exsultationis.</strong></span> <span class='ocrx_word' id='word_1_874' title='bbox 3254 5667 3478 5723; x_wconf 66' lang='lat' dir='ltr'><strong>rDavid</strong></span> <span class='ocrx_word' id='word_1_875' title='bbox 3528 5682 3627 5721; x_wconf 81' lang='lat' dir='ltr'><strong>au-</strong></span> 
     </span>
    </p>
   </div>
   <div class='ocr_carea' id='block_1_116' title="bbox 2053 5757 3630 5843">
    <p class='ocr_par' dir='ltr' id='par_1_116' title="bbox 2053 5757 3630 5843">
     <span class='ocr_line' id='line_1_116' title="bbox 2053 5757 3630 5843; baseline -0.01 -15"><span class='ocrx_word' id='word_1_876' title='bbox 2053 5778 2186 5838; x_wconf 84' lang='lat' dir='ltr'><strong>tem,</strong></span> <span class='ocrx_word' id='word_1_877' title='bbox 2220 5757 2238 5824; x_wconf 59' lang='grc' dir='ltr'>ξ</span> <span class='ocrx_word' id='word_1_878' title='bbox 2272 5770 2440 5828; x_wconf 77' lang='lat' dir='ltr'><strong>Unxit</strong></span> <span class='ocrx_word' id='word_1_879' title='bbox 2472 5780 2522 5827; x_wconf 88' lang='lat' dir='ltr'><strong>te</strong></span> <span class='ocrx_word' id='word_1_880' title='bbox 2564 5769 2882 5843; x_wconf 87' lang='lat' dir='ltr'><strong>(alloquitur</strong></span> <span class='ocrx_word' id='word_1_881' title='bbox 2915 5767 3278 5831; x_wconf 84' lang='lat' dir='ltr'><strong>Salvatorem)</strong></span> <span class='ocrx_word' id='word_1_882' title='bbox 3317 5760 3460 5816; x_wconf 87' lang='lat' dir='ltr'><strong>Deus</strong></span> <span class='ocrx_word' id='word_1_883' title='bbox 3485 5758 3630 5813; x_wconf 76' lang='lat' dir='ltr'><strong>Deus</strong></span> 
     </span>
    </p>
   </div>
  </div>
