4030 6492
431 490 538 555 535
1688 503 1995 565 NlCOLAl
2029 499 2418 561 canamus
2844 464 2865 485 “
3570 489 3675 553 536

493 606 633 663 Cum
664 616 945 678 peccatum
979 610 1171 680 duplex
1200 613 1292 678 sit,
1321 623 1379 669 et
1405 614 1455 669 in
1492 626 1784 687 utrumque
1815 610 1997 675 cadat,
2029 617 2074 671 Δ

2171 613 2281 683 Τῆς
2308 610 2582 681 ἁμαρτίας
2614 609 2798 679 διττῆς
2826 607 2995 675 οὔσης
3022 605 3118 659 καὶ
3151 605 3231 669 είς
3252 603 3419 675 ἄμφω
3465 603 3676 674 χωρού-

425 701 529 756 hoc
555 710 661 766 est,
715 709 770 756 et
794 702 939 758 aliud
982 702 1036 757 in
1070 705 1307 769 actione,
1354 708 1501 761 aliud
1541 708 1595 762 in
1645 709 1828 763 habitu
1867 722 1992 760 ver-

2099 722 2224 772 σης,
2256 705 2352 758 καὶ
2389 703 2488 771 τῆς
2516 702 2614 773 μέν
2649 702 2707 754 ἐν
2736 702 2857 762 ταῖς
2886 696 3195 770 ἐνεργείαις
3220 694 3546 767 γενομένης,
3577 695 3678 763 τῆς

430 800 575 847 tatur
611 800 666 848 et
699 793 920 861 haereat,
975 796 1119 850 actio
1147 799 1262 867 ipsa
1315 798 1610 868 aliquando
1660 814 1778 854 non'
1817 797 1993 864 adest,

2098 798 2156 851 δὲ
2191 798 2248 850 ἐν
2278 798 2342 867 τῇ
2376 795 2489 860 ἕξει
2517 793 2944 864 συνισταμένης,
2972 793 3005 861 ή
3030 793 3283 866 ἐνέργεια
3312 788 3453 857 αὐτή
3480 788 3579 857 μὲν
3618 787 3679 840 ού

426 899 605 953 neque
634 895 839 950 manet,
893 888 988 942 Sed
1041 888 1201 944 simul
1239 905 1303 947 ac
1351 900 1563 961 patrata
1595 900 1700 955 cst,
1747 905 1867 945 esse
1896 888 1996 944 de-

2103 892 2374 961 πάρεστιν
2416 888 2610 955 ἐνίοτε,
2638 888 2759 942 οὑδέ
2792 885 2969 958 μένει,
3000 884 3116 939 ἀλλ’
3155 882 3318 947 εὐθύς
3366 899 3425 935 τε
3464 881 3682 949 ἐγένετο

425 974 557 1027 sinit
585 1014 599 1037 ,
631 974 776 1029 sicut
804 976 970 1032 telum
1003 994 1126 1032 mox
1176 989 1236 1034 ut
1280 981 1552 1036 vibratum
1583 988 1687 1048 est,
1713 980 1996 1052 praeteriit.

2101 987 2196 1038 καὶ
2228 984 2336 1043 οὐκ
2363 983 2500 1049 ἐστι,
2532 980 2783 1050 καθάπερ
2812 979 2967 1050 βέλος
2990 977 3108 1048 αμα
3142 976 3219 1046 τῷ
3243 975 3447 1045 πλῆξαι
3477 972 3683 1042 παρελ-

428 1067 669 1138 Reliquit
707 1078 890 1124 autem
924 1071 1121 1127 vulnus
1164 1084 1446 1142 peccatum
1481 1073 1715 1128 actionis
1780 1071 1867 1126 his
1900 1069 1997 1139 qui

2103 1076 2195 1130 θόν
2223 1092 2239 1108 ο
2273 1074 2595 1131 καταλείπει
2648 1073 2706 1129 δὲ
2734 1072 2797 1126 τὸ
2837 1070 3063 1143 τραῦμα
3111 1071 3227 1132 τοῖς
3262 1065 3676 1140 εἰργασμένοις,

424 1158 557 1212 illud
592 1161 801 1230 operati
836 1171 987 1226 sunt,
1037 1172 1091 1216 et
1128 1164 1411 1234 vestigium
1453 1164 1839 1234 improbitatis,
1873 1176 2006 1217 con-

2103 1170 2228 1233 τοὺς
2284 1168 2494 1227 τύπους
2543 1167 2646 1237 τῆς
2702 1165 2903 1228 κακίας
2930 1164 3027 1217 καὶ
3079 1162 3178 1234 τὴν
3203 1160 3465 1232 αἰσχύνην
3496 1156 3678 1210 καὶτὸ

427 1249 698 1304 fusionem
749 1259 803 1305 et
834 1261 1044 1306 reatum
1095 1268 1289 1322 paenae.
1324 1254 1554 1311 Habitus
1587 1264 1769 1310 autem
1802 1269 1833 1308 a
1871 1267 2001 1324 pero

2107 1262 2394 1333 ὑπόχρεως
2413 1256 2555 1315 εἶναι
2577 1259 2755 1329 δίκης.
2802 1258 2867 1315 Ἦ
2893 1257 2948 1311 δέ
2974 1256 3089 1323 ἕξις
3123 1255 3235 1314 ἀπὸ
3261 1254 3393 1307 ἰτῶν
3422 1248 3675 1321 πονηρῶν

426 1341 601 1396 versis
632 1343 963 1410 actionibus,
995 1344 1163 1400 veluti
1195 1346 1417 1401 morbus
1458 1346 1702 1416 quidam,
1745 1352 2005 1413 corrupta

2106 1351 2424 1423 ἐνεργειῶν,
2453 1351 2706 1422 καθάπερ
2731 1351 2885 1414 νόσος
2932 1350 2998 1402 ἐκ
3028 1345 3440 1417 διεφθαρμένης
3467 1340 3680 1409 διαίτης

425 1432 705 1488 voluntate
730 1433 1025 1490 animabus
1048 1436 1274 1499 inditus,
1308 1437 1524 1492 stabilis
1547 1445 1655 1500 est,
1686 1445 1739 1497 et
1770 1434 2008 1490 vinculis

2109 1451 2230 1511 ταῖς
2282 1447 2484 1518 ψυχαῖς
2540 1443 2852 1510 ἐντεθεῖσα,
2912 1440 3142 1512 μόνιμός
3175 1440 3293 1494 ἐστι
3325 1436 3422 1489 καὶ
3461 1433 3689 1503 δεσμοῖς

428 1526 815 1583 insolubilibus
845 1529 1085 1583 animam
1131 1530 1408 1601 astringit,
1437 1544 1745 1600 sensusque
1772 1537 1829 1583 et
1855 1527 2007 1598 cogi-

2113 1540 2339 1602 ἀλύτοις
2371 1537 2469 1607 τὴν
2499 1535 2681 1608 ψυχὴν
2703 1532 2950 1598 καταδεῖ,
2980 1532 3074 1586 καὶ
3101 1527 3468 1585 δουλοῢταιτδ
3485 1524 3691 1597 φρόνη-

429 1627 539 1671 tata
573 1618 626 1673 in
662 1619 980 1675 servitutem
1020 1622 1233 1692 redigit,
1265 1630 1320 1676 et
1361 1631 1551 1692 captos
1583 1630 1780 1678 tractat
1819 1631 1880 1675 ut
1913 1617 2006 1689 qui

2116 1651 2215 1703 μα,
2237 1632 2330 1686 καὶ
2355 1631 2424 1684 τά
2445 1628 2667 1683 πάντων
2685 1627 2930 1683 κάκιστα
2953 1623 3277 1695 ἐργάζεται,
3308 1620 3437 1682 τοὺς
3462 1616 3690 1703 ἁλόντας

430 1708 670 1777 pessime
723 1710 778 1764 in
815 1712 1064 1767 actiones
1093 1713 1551 1785 sceleratissimas
1578 1728 1673 1769 eos
1717 1712 2011 1777 inducens,

2116 1699 2328 1788 εἰςτὰς
2391 1723 2773 1790 πονηροτάτας
2825 1716 3111 1789 ἐνεργείας
3166 1714 3461 1781 ἐνάγουσα,
3511 1707 3582 1762 δι’
3613 1699 3690 1761 ὧν

431 1814 529 1870 per
554 1815 692 1869 quas
735 1802 851 1872 ipse
886 1802 1155 1859 conﬂatus
1191 1815 1294 1868 est,
1345 1815 1398 1860 et
1428 1820 1567 1876 quas
1601 1820 1816 1874 semper
1843 1804 2009 1874 parit,

2117 1812 2351 1879 συνέστη
2402 1811 2497 1864 καὶ
2528 1808 2595 1875 ἃς
2646 1808 2907 1862 ἑκάστοτε
2969 1806 3170 1870 τίκτει,
3228 1801 3547 1871 γεννωμένη
3598 1799 3695 1853 καὶ

432 1901 724 1963 generatus
749 1903 805 1950 ct
830 1909 1100 1965 generans
1126 1896 1428 1951 secundum
1462 1896 1628 1960 idem,
1657 1906 1711 1950 et
1741 1895 1795 1950 in
1822 1895 2008 1950 orbem

2115 1903 2364 1971 γεννῶσα
2397 1900 2542 1955 κατὰ
2575 1900 2773 1955 ταύτὸν
2814 1899 3004 1969 ὥσπερ
3046 1900 3103 1950 ἐν
3139 1893 3348 1965 κύκλῳ.
3378 1892 3541 1947 Ὅθεν
3567 1906 3692 1943 συν-

432 1987 878 2059 quodammodo;
934 1986 1080 2042 unde
1133 1987 1318 2043 nullus
1370 1988 1636 2058 peccandi
1683 1987 1830 2054 finis,
1883 1987 2013 2042 dum

2117 1996 2301 2051 é6aws
2358 1993 2460 2065 τὴν
2488 1992 2768 2064 ἁμαρτίαν
2809 1988 3173 2059 ἀτελεύτητον
3202 1982 3362 2051 εἶναι,
3395 1984 3497 2053 τῆς
3525 1983 3694 2048 ἐξεως

433 2080 657 2137 habitus
742 2080 991 2135 actiones
1061 2070 1367 2149 producit,
1442 2080 1762 2136 accessione
1830 2091 2010 2135 autem

2122 2089 2220 2159 μὲν
2269 2087 2368 2150 τὰς
2419 2086 2705 2158 ἐνεργείας
2739 2081 3156 2153 ἀπογεννώσης.
3208 2081 3274 2151 τῇ
3304 2076 3595 2153 προσθήκῃ
3637 2074 3696 2131 δὲ

440 2172 724 2226 actionum
784 2168 1006 2226 habitus
1049 2171 1332 2243 augescit:
1361 2180 1412 2225 et
1444 2170 1516 2224 ita
1548 2171 1798 2239 utrisque
1857 2169 2016 2225 malis

2118 2181 2228 2235 τῶν
2256 2177 2555 2249 ἐνεργειῶν
2582 2177 2680 2247 τῆς
2704 2177 2872 2242 ἕξεως
2901 2171 3246 2242 ἐπιδιδούσης
3269 2188 3286 2204 ·
3320 2169 3417 2222 καὶ
3449 2167 3594 2221 οὕτω
3625 2165 3694 2220 δι’

439 2264 676 2318 invicem
709 2270 976 2334 perpetuo
1004 2262 1503 2333 progredientibus,
1546 2273 1826 2331 peccatum
1862 2262 2017 2327 vivit,

2119 2273 2367 2343 ἀλλήλων
2402 2270 2512 2324 τῶν
2558 2268 2747 2324 κακῶν
2776 2267 3105 2343 ἀμφοτέρων
3128 2262 3216 2317 ἀεὶ
3266 2257 3698 2335 προχωρούντων

442 2369 547 2424 ego
582 2367 713 2408 vero
751 2362 1006 2408 mortuus
1040 2366 1163 2406 sum
1194 2369 1208 2406 :
1265 2352 1538 2422 siquidem
1570 2366 1679 2406 non
1725 2351 1866 2416 beri,
1917 2364 2020 2404 nec

2120 2368 2153 2434 ή
2189 2366 2288 2437 μὲν
2318 2363 2567 2436 ἁμαρτία
2588 2363 2811 2433 ἔζησεν,
2845 2358 2957 2427 ἐγὼ
2991 2358 3048 2412 δὲ
3077 2356 3374 2420 ἀπέθανον,
3404 2351 3526 2407 ἐπεὶ
3565 2348 3697 2420 μηδὲ

441 2460 620 2516 nuper
672 2453 962 2515 peccatum
1013 2444 1158 2515 cepit
1207 2445 1468 2512 initium,
1517 2447 1612 2500 sei
1661 2458 1730 2499 ex
1763 2460 1873 2514 quo
1908 2445 2021 2499 nati

2120 2458 2251 2530 χθὲς
2281 2458 2376 2510 καὶ
2399 2454 2592 2527 πρώην
2621 2453 2824 2524 ἤρξατο
2845 2452 2906 2505 τὸ
2934 2448 3128 2513 κακὸν,
3155 2447 3270 2501 ἀλλ’
3295 2446 3356 2512 ἐξ
3379 2438 3439 2498 οὗ
3471 2442 3703 2512 γεγόνα-

443 2553 659 2596 sumus.
701 2538 821 2594 Mox
853 2538 999 2594 enim
1031 2547 1093 2591 ut
1120 2537 1362 2593 Adamus
1393 2537 1631 2605 maligno
1664 2551 1763 2591 sua
1794 2551 2022 2592 concrc-

2127 2568 2249 2621 μεν.
2277 2548 2399 2618 Ἀφ’
2428 2541 2492 2601 οὗ
2520 2546 2628 2616 γὰρ
2654 2545 2730 2616 τῷ
2765 2541 2989 2615 πονηρῷ
3024 2539 3326 2602 πιστεύσας
3365 2539 3394 2590 ό
3442 2535 3612 2604 Ἀδὰμ
3633 2533 3701 2585 τὰ

439 2637 601 2700 didit,
646 2636 964 2705 bonumque
999 2633 1291 2689 Dominum
1335 2633 1686 2702 contempsit,
1731 2640 1786 2686 et
1823 2634 2023 2687 volun-

2126 2641 2323 2696 ἑαυτοῦ
2370 2640 2461 2693 τὸν
2506 2638 2785 2709 Δεσπότην
2817 2633 3064 2706 περιεῖδε
3110 2631 3202 2686 τὸν
3231 2629 3437 2699 ἀγαθὸν
3471 2625 3568 2681 καὶ
3603 2624 3704 2695 τὴν

440 2735 555 2782 tate
586 2726 853 2782 distortus
883 2740 949 2780 ac
978 2739 1274 2795 perversus
1302 2732 1407 2787 est,
1436 2733 1492 2779 et
1519 2725 1699 2778 anima
1728 2723 2020 2778 sanitatem

2126 2737 2357 2807 γνώμην
2398 2732 2722 2805 διεστράῳη,
2757 2732 2854 2784 καὶ
2886 2731 2921 2798 ὴ
2952 2725 3100 2799 ψυχὴ
3133 2725 3233 2797 τήν
3264 2723 3456 2795 ὑγείαν
3490 2719 3705 2789 ἐκείνην

443 2818 596 2873 illam
648 2832 715 2873 ac
761 2818 966 2873 bonum
1004 2816 1251 2871 habitum
1303 2815 1563 2886 perdidit,
1615 2817 1776 2870 etiam
1825 2830 2027 2885 corpus

2131 2808 2383 2888 ἁπώᾍεσε
2420 2826 2517 2881 καὶ
2561 2825 2661 2897 τὴν
2707 2823 2945 2890 εὐεξίαν,
2987 2822 3045 2887 ἐξ
3076 2819 3290 2875 ἐκείνου
3321 2815 3415 2868 καὶ
3444 2813 3506 2866 τὸ
3545 2809 3707 2880 σῶμα

443 2908 635 2963 eadem
679 2908 764 2962 via
795 2907 1044 2970 incessit,
1076 2922 1246 2977 seque
1281 2907 1358 2960 illi
1396 2908 1844 2974 accommodans,
1882 2907 2030 2962 sicut

2131 2921 2333 2992 συνέϐη
2359 2922 2424 2991 τῇ
2455 2918 2603 2992 ψυχῇ
2637 2917 2733 2970 καὶ
2755 2915 2989 2987 ἥρμοσε,
3021 2913 3114 2966 καὶ
3143 2905 3545 2977 συνδιεστράφη
3575 2899 3711 2954 καθ-

447 3003 882 3057 instrumentum
922 3001 977 3054 in
1011 3014 1179 3053 manu
1219 2998 1465 3062 artiﬁcis,
1498 2999 1661 3054 simul
1709 3014 2025 3068 perversum

2132 3017 2276 3085 άπερ
2304 3002 2537 3084 ὄργανον
2586 3012 2653 3082 τῇ
2683 3009 2777 3065 τοῦ
2809 3007 3056 3079 τεχνίτου
3087 3002 3258 3076 χειρί.
3299 2994 3709 3085 Κοινωνεῖ-γὰρ

449 3096 557 3146 est.
601 3090 798 3143 Anima
840 3103 1080 3159 namque
1119 3103 1243 3143 cum
1277 3104 1508 3159 corpore
1559 3103 1786 3161 propter
1834 3090 2029 3146 arctis-

2133 3106 2168 3177 ή
2198 3083 2346 3179 ψυχή
2371 3101 2450 3174 τῷ
2482 3099 2697 3168 σώματι
2725 3096 2831 3150 τῶν
2874 3095 3063 3152 παθῶν
3105 3092 3181 3163 τῷ
3211 3092 3398 3162 ἄκρως
3427 3083 3708 3179 ήνῶσθαιῇο

452 3181 647 3236 simam
703 3180 1146 3251 conjunctionem
1208 3182 1514 3253 conspirat.
1572 3181 1801 3255 Signum
1865 3183 2032 3253 hujus

2165 3174 2366 3271 ημεῖον
2399 3196 2454 3249 δέ
2492 3212 2507 3227 ο
2546 3193 2640 3248 καὶ
2669 3191 2779 3266 γὰρ
2813 3189 3046 3262 ἐρυθριᾷ
3075 3187 3177 3258 μὲν
3216 3181 3618 3255 αἰσχυνομένης
3647 3174 3711 3231 τὸ
3744 3174 3756 3187 “

450 3273 531 3326 rei
556 3289 570 3326 :
591 3273 839 3328 rubescit
867 3274 1015 3328 enim
1048 3286 1249 3343 corpus
1275 3290 1396 3328 cum
1431 3275 1578 3329 illam
1609 3275 1802 3346 pudet,
1829 3285 2025 3330 etcum

2138 3292 2326 3363 σῶμα,
2365 3289 2594 3359 τήκεται
2624 3285 2680 3338 δέ
2708 3282 2961 3354 φροντίσι
3014 3282 3111 3352 τῆς
3144 3276 3326 3349 ψυχῆς
3392 3272 3713 3342 πολιορκου-

455 3365 546 3421 illa
586 3367 886 3438 angoribus
928 3366 1236 3434 obsidetur,
1290 3368 1652 3424 contabescit.
1693 3367 2035 3424 Procedente

2139 3386 2329 3457 μένης.
2381 3382 2534 3435 Ἐπεὶ
2560 3379 2617 3434 δὲ
2643 3379 2675 3448 ή
2700 3376 2861 3445 φύσις
2889 3373 3090 3446 ἐχώρει
3122 3372 3217 3426 καὶ
3240 3368 3435 3441 προῄει
3464 3366 3528 3420 τὸ
3552 3365 3712 3457 γένος

454 3469 640 3518 autem
677 3466 897 3524 natura,
930 3467 984 3513 et
1015 3474 1217 3529 genere
1249 3468 1441 3515 nostro
1483 3478 1514 3515 ιι
1550 3460 1732 3531 primo
1761 3461 1856 3515 illo
1905 3475 2035 3516 cor-

2135 3456 2247 3534 ἀπδ
2267 3475 2361 3529 τοῦ
2394 3472 2614 3544 πρώτου
2645 3469 2901 3540 σώματος
2924 3466 3137 3520 ἐκείνου
3163 3462 3480 3535 προὸαἰνον,
3501 3456 3712 3524 διεδόθη

456 3563 590 3621 pore
620 3547 785 3604 latius
828 3563 889 3605 se
916 3546 1258 3606 diﬂ‘undente
1290 3566 1356 3606 ac
1386 3562 1723 3623 propagante
1768 3566 1866 3622 per
1912 3566 2036 3607 cor-

2139 3570 2393 3640 καθάπερ
2443 3567 2574 3622 ἄλλο
2620 3582 2675 3617 τι
2703 3562 2811 3616 τῶν
2841 3557 3093 3630 φυσικῶν
3127 3557 3242 3620 τοῖς
3270 3553 3331 3624 ἐξ
3360 3553 3571 3607 ἐκείνου
3608 3549 3714 3604 σὼο

458 3657 595 3715 pora
631 3652 1000 3712 posterorum,
1052 3644 1219 3698 etiam
1264 3643 1526 3714 pravitas,
1556 3644 1708 3700 velut
1754 3643 2036 3716 quidpiam

1167 3658 1219 3697 m
1264 3643 1526 3714 pravitas,
1556 3644 1708 3700 velut
1754 3643 2036 3716 quidpiam
2144 3681 2279 3737 μασι
2304 3665 2398 3716 και
2433 3663 2468 3732 ἡ
2495 3658 2757 3731 πονηρία.

462 3737 734 3803 naturale,
771 3737 943 3792 didita
975 3746 1081 3794 est.
2396 3798 2406 3807 .

532 3828 670 3896 Quia
705 3843 835 3886 vero
866 3843 1068 3900 corpus
1108 3844 1215 3886 non
1263 3832 1441 3887 solum
1481 3848 1550 3888 ex
1578 3833 1775 3890 anima:
1803 3837 2043 3891 motibus

2227 3841 2384 3896 Ἐπεὶ
2410 3839 2468 3894 δὲ
2502 3838 2563 3892 ού
2599 3830 2985 3906 παραπολαύει
3015 3828 3176 3900 μόνον
3208 3826 3270 3881 τὸ
3309 3824 3470 3895 σῶμα
3487 3821 3596 3877 τῶν
3621 3823 3718 3890 τῆς

461 3921 628 3977 simul
662 3920 926 3987 afficitur,
969 3923 1066 3979 sed
1105 3934 1161 3977 et
1208 3938 1341 3980 suos
1391 3936 1516 3980 cum
1560 3940 1624 3981 ea
1669 3918 2046 3984 communicat

2142 3936 2323 4011 ψυχῆς
2352 3931 2561 3998 παθῶν,
2593 3929 2730 3984 ἀλλά
2760 3927 2854 3981 καὶ
2891 3921 3220 3997 μεταδίδωσι
3247 3919 3354 3974 τῶν
3379 3915 3546 3971 αὐτοῦ
3597 3914 3717 4011 καὶ

467 4015 693 4087 (gaudet
740 4016 888 4071 enim
945 4015 1110 4070 simul
1160 4017 1369 4083 anima,
1429 4027 1483 4072 et
1534 4019 1698 4075 simul
1743 4021 1930 4078 dolet:
1990 4032 2046 4079 et

2144 4008 2327 4103 χαίρει
2367 4026 2477 4096 γὰρ
2497 4027 2530 4094 ή
2563 4021 2712 4093 ψυχή
2746 4020 2839 4074 καὶ
2869 4017 3120 4089 ἄχθεται,
3152 4013 3253 4068 καὶ
3288 4008 3618 4103 σωφρονικρί
3639 4014 3720 4060 τι·

466 4119 842 4182 temperantes
869 4110 1095 4181 quidam
1122 4121 1251 4166 sunt
1283 4121 1447 4184 atque
1477 4115 1726 4184 ingenui,
1759 4117 1887 4188 quia
1921 4134 2048 4174 cor-

2146 4101 2238 4183 νές
2268 4121 2376 4170 εἱσι
2410 4116 2505 4168 καὶ
2533 4108 2928 4182 ἐλευθέριοιτῷ
2961 4105 3266 4162 διακεῖσθαι
3289 4104 3386 4157 ὡδὶ
3408 4102 3471 4156 τὸ
3511 4101 3719 4171 σῶμα),

470 4216 573 4271 pus
600 4200 681 4254 sic
727 4209 813 4256 est
851 4199 1102 4254 all‘ectum
1164 4211 1220 4257 et
1245 4206 1481 4276 natum),
1511 4205 1638 4262 ideo
1686 4210 2045 4279 sequebatur,

2147 4208 2236 4263 διὰ
2261 4204 2419 4260 τοῦτο
2448 4201 2744 4257 ἀκόλουθον
2782 4195 2872 4271 ἦν,
2912 4200 3004 4252 καὶ
3031 4197 3133 4268 τὴν
3162 4194 3397 4251 ἑκάστου
3416 4191 3594 4263 ψυχὴν
3615 4190 3719 4261 τῆς

470 4291 638 4344 etiam
669 4290 1105 4361 uniuscujusque
1148 4294 1387 4349 animam
1429 4297 1593 4371 primi
1625 4298 1822 4355 Adami
1884 4301 2049 4357 vitio-

2148 4300 2243 4356 τοῦ
2265 4297 2482 4369 πρώτου
2508 4295 2681 4366 ’Δδὰμ
2697 4291 3108 4365 κληρονομῆσαι
3130 4289 3351 4353 κακίας,
3377 4286 3485 4342 ἀπὸ
3504 4286 3604 4356 μὲν
3625 4283 3725 4353 τῆς

472 4384 693 4438 sitatam
748 4397 847 4452 pro
901 4383 1220 4446 haereditate
1268 4386 1441 4455 adire,
1478 4389 1548 4446 ab
1598 4392 1780 4446 anima
1827 4392 2049 4467 quidem

2149 4391 2329 4474 ψυχῆς
2368 4389 2580 4445 ἐκείνου
2624 4386 2760 4457 πρὸς
2810 4385 2870 4437 τὸ
2888 4384 3047 4461 σῶμα
3086 4378 3509 4474 δοθείσης,ῌάπὸ
3526 4379 3590 4474 δὲ
3632 4373 3726 4429 τοῦ

472 4475 624 4534 illius
654 4478 719 4530 ad
761 4489 985 4546 corpus,
1015 4492 1043 4530 a
1077 4492 1305 4549 corpore
1347 4492 1530 4538 autem
1581 4483 1732 4540 illius
1763 4484 1829 4538 ad
1868 4492 2052 4554 poste-

2155 4470 2412 4554 σώματος
2439 4484 2553 4544 τοῖς
2582 4481 2642 4547 ἐξ
2665 4478 2877 4532 ἐκείνου
2911 4474 3182 4546 σώμασιν,
3204 4473 3313 4527 ἀπὸ
3349 4470 3591 4524 δἀὐτῶν
3628 4486 3730 4523 σω-

472 4581 660 4623 rorum
690 4582 944 4640 corpora,
977 4577 1030 4623 et
1070 4569 1138 4625 ab
1189 4571 1325 4641 ipsis
1374 4574 1705 4644 corporibus
1742 4575 1808 4629 ad
1840 4573 2052 4636 animas

2157 4579 2344 4647 μάτων
2378 4572 2470 4627 ἐπὶ
2496 4572 2593 4636 τὰς
2624 4570 2803 4643 ψυχὰς
2828 4569 3152 4643 ἐρχομένης.
3206 4566 3317 4620 Καὶ
3338 4562 3498 4617 τοῦτό
3529 4564 3678 4616 ἐστιν
3700 4560 3729 4612 ὀ

472 4661 868 4715 dimanantem.
905 4659 971 4714 Et
1023 4661 1102 4716 sic
1148 4671 1232 4717 est
1264 4669 1421 4718 vetus
1470 4662 1655 4731 homo,
1703 4679 1863 4734 quem
1899 4679 2047 4733 cum,

2166 4668 2388 4732 παλαιὸς
2417 4666 2513 4727 ἄνθ
2524 4681 2725 4737 ρωπος,
2755 4664 2813 4716 ὃν
2832 4660 3059 4732 σπέρμα
3091 4660 3295 4725 κακίας
3311 4658 3421 4714 ἀπὸ
3456 4658 3564 4712 τῶν
3596 4671 3757 4731 προ-υ.

475 4760 534 4806 ιιι
590 4750 906 4806 vitiositatis
964 4752 1352 4820 seminarium,
1394 4769 1423 4807 a
1481 4756 1673 4824 primis
1730 4759 2052 4824 parentibus

2160 4760 2335 4829 γόνων
2368 4758 2625 4821 λαϐόντες
2654 4756 2770 4825 ἃμα
2801 4753 2880 4824 τῷ
2935 4752 3101 4823 φῦναι
3139 4751 3262 4806 οὐδὲ
3321 4750 3451 4822 μίαν
3509 4747 3726 4819 ήμέραν

476 4842 882 4910 acceperimus,
912 4851 1116 4897 etcum
1146 4858 1213 4898 eo
1246 4843 1299 4897 in
1335 4844 1511 4899 lucem
1542 4844 1719 4900 simus
1749 4847 1902 4914 editi,
1935 4851 2057 4904 nul-

2162 4849 2416 4923 καθαρὰν
2436 4849 2653 4918 εἴδομεν
2682 4844 2985 4916 ἁμαρτίας,
3009 4844 3102 4897 οὐδ
3116 4843 3131 4865 '
3148 4843 3565 4911 ἀνεπνεύσαμεν
3579 4837 3725 4891 ἐλεύο

477 4936 587 4992 lum
619 4933 763 4989 diem
795 4944 1020 5003 peccato
1058 4952 1255 5006 purum
1289 4936 1552 5004 vidimus,
1587 4955 1688 4994 nec
1723 4956 1751 4995 a
1784 4945 2057 5010 pravitate

2165 4945 2321 5016 θεροι
2344 4943 2635 5013 πονηρίας,
2675 4940 2814 5007 ἀλλ’,
2838 4941 2867 4993 ὃ
2896 4955 3060 5009 φησιν
3080 4941 3108 4991 ό
3134 4937 3456 5007 Προφήτης,
3499 4953 3518 4986 σ
3555 4929 3723 5003 ἀπηλ-

477 5026 640 5082 liberi
687 5042 925 5097 unquam
978 5030 1336 5099 spiravimus,
1376 5034 1470 5086 sed
1525 5041 1583 5087 ut
1627 5032 1903 5103 Propheta
1953 5038 2052 5105 ait,

2164 5036 2545 5112 λοτριώθημεν
2600 5035 2711 5089 ἀπὸ
2739 5034 2978 5106 μήτρας,
3022 5031 3414 5102 ἐπλανήθημεν
3466 5027 3576 5082 ἀπὸ
3633 5042 3725 5091 γαν

488 5138 507 5171 ι
540 5121 763 5180 alienati
796 5136 990 5177 sumus
1022 5140 1049 5178 a
1095 5124 1271 5187 vulva,
1305 5125 1612 5183 erravimus
1652 5126 1720 5180 ab
1757 5137 1914 5183 utero
1942 5130 2050 5202 “,3:

2167 5129 2351 5199 στρος,
2393 5144 2411 5178 ι
2465 5126 2526 5177 οὐ
2566 5123 2727 5195 μέχρι
2782 5122 2877 5177 τοῦ
2926 5120 3224 5193 δυστυχοῦς
3279 5121 3492 5174 ἐκείνου
3532 5114 3732 5187 κλήρου

484 5230 588 5269 nec
629 5214 837 5270 infelici
869 5216 963 5271 illo
1004 5218 1357 5286 patrimonio,
1403 5230 1631 5290 peccato
1676 5221 1949 5289 videlicet,
1991 5226 2059 5281 ab

2170 5220 2394 5283 στάντες
2425 5219 2525 5287 τῆς
2554 5216 2886 5287 προγονικῆς
2910 5215 3213 5285 ἁμαρτίας,
3249 5212 3357 5266 οὐδ’
3385 5206 3469 5275 οἷς
3511 5210 3738 5278 ἐκληρο-

484 5305 809 5364 auctoribus
838 5309 1053 5379 generis
1094 5311 1269 5364 nostri
1320 5298 1385 5365 ad
1436 5326 1539 5382 nos
1585 5325 1909 5385 propagato,
1961 5332 2062 5372 nec

2174 5313 2498 5385 νομήσαμεν
2525 5311 2919 5380 ἀγαπήσαντες
2959 5310 3175 5373 κακοῖς,
3208 5306 3324 5362 ἀλλ’
3357 5304 3502 5365 οὕτω
3533 5302 3739 5373 σφόδρα

487 5400 814 5456 haereditate
874 5401 1144 5455 malorum
1203 5406 1447 5458 contenti
1509 5392 1732 5480 fuimus,
1783 5409 1878 5477 sed
1927 5409 2064 5465 adeo

2169 5408 2237 5481 τῇ
2266 5404 2436 5477 κακία
2461 5403 2793 5477 προσθέντες
2828 5402 2922 5457 καὶ
2980 5400 3072 5455 τὸν
3104 5399 3344 5470 πονηρὸν
3401 5396 3741 5467 αὐξήσαντες

485 5491 637 5548 vitiis
667 5507 771 5547 nos
814 5491 1041 5559 insuper
1076 5490 1436 5565 inservimus,
1481 5505 1536 5548 et
1565 5496 1814 5567 infandas
1844 5500 2067 5569 divitias

2173 5497 2431 5564 πλοῦτον,
2457 5496 2598 5551 ὥστε
2620 5498 2732 5560 τοῖς
2754 5496 3030 5567 δευτέροις
3049 5492 3371 5563 ἀποκρύψαι
3400 5490 3471 5544 τά
3500 5489 3741 5560 πρότερα

489 5583 966 5652 exaggeravimus,
1026 5590 1087 5634 ut
1141 5584 1542 5649 posterioribus
1587 5589 1771 5659 priora
1823 5591 2071 5653 obruerie

2178 5593 2274 5658 καὶ
2294 5591 2401 5645 τῶν
2442 5589 2907 5660 παραδειγμάτων
2927 5587 3110 5657 πολλῷ
3134 5588 3354 5657 χείρους
3389 5584 3517 5646 τοὺς
3566 5596 3740 5650 μιμη-

493 5688 637 5740 mus,
675 5672 1095 5742 imitatoresQue
1124 5674 1259 5743 ipsis
1287 5678 1696 5748 exemplaribus
1726 5684 1897 5738 multo
1922 5685 2072 5739 dete—

2181 5683 2449 5753 σαμένσυς
2483 5679 2890 5751 ἀναδειχθῆναι.
2940 5679 3050 5732 Καὶ
3079 5677 3141 5730 τὸ
3170 5676 3430 5747 μέγιστον
3462 5670 3744 5731 ἀπάντων,

491 5760 671 5831 τίοι-οι
698 5758 1060 5818 evaserimus.
1096 5763 1160 5817 Et
1185 5767 1331 5832 quod
1360 5769 1656 5839 maximum
1683 5782 1766 5841 est
1796 5776 2066 5843 omnium,

2179 5764 2247 5845 οὗ
2273 5775 2380 5847 γάρ
2408 5791 2490 5838 τις
2520 5774 2740 5845 ἐγένετο
2776 5769 3240 5851 μεταξὺδιακωχὴ
3263 5768 3356 5822 τοῦ
3379 5762 3577 5832 κακοῦ,
3613 5761 3748 5825 ἀλλὰ

585 5941 629 5983 σι
684 5936 826 6005 Γξλι.
869 5953 999 6008 Lm,
1042 5945 1072 5998 4
1111 5961 1220 6006 ser.
1278 5960 1406 6015 tu,
