4030 6450
392 435 492 497 537

1463 447 1562 506 DE
1605 447 1779 510 VITA
1827 447 1908 506 IN
1952 446 2286 506 CllRlSTO
2316 450 2462 512 LIB.
2503 451 2585 510 ll.

3541 461 3646 524 538

392 555 627 628 συνεχῶς
664 558 696 629 ἡ
735 557 888 624 νόσος
926 557 1124 631 ἐχώρει
1145 577 1156 590 °
1185 561 1315 626 ἴσως
1335 563 1391 617 δὲ
1416 566 1507 618 καί
1537 565 1625 618 διὰ
1651 563 1841 618 τοῦτον
1867 562 1947 616 τὸν

2067 565 2226 617 nullae
2275 565 2477 619 dantur
2529 565 2652 618 mali
2715 567 2874 636 hujus
2942 570 3210 635 indui-ite,
3265 573 3357 626 sed
3421 577 3642 629 morbus

389 651 543 718 λόγον
572 652 852 722 ἀμήχανον
896 650 985 723 ἦν,
1031 655 1092 708 τὸ
1129 656 1284 722 γένος
1314 657 1422 709 ττῦν
1476 657 1782 726 ἀνθρώπων
1830 655 1964 708 αὐτὸ

391 744 568 813 ἑαυτῴ
598 743 735 814 πρὸς
761 746 1057 815 θεραπείαν
1089 748 1341 815 ἀρκέσαι,
1395 751 1553 820 μήτε,
1594 749 1964 816 γεγευσμένον

390 837 572 906 σχεδὸν
595 837 718 889 οὐδὲ
746 837 965 892 πώποτε
995 838 1096 908 τῆς
1124 840 1464 910 ἐλευθερίας,
1519 843 1660 910 μήτε
1714 842 1835 894 ἐπεὶ
1887 840 1961 909 μὴ

388 929 733 998 ἐπεπείρατο,
758 930 1062 997 δυνάμενον
1083 933 1162 995 είς
1199 933 1368 984 πόθον
1418 933 1594 985 ἐλθεῖν
1635 933 1732 985 καὶ⁵
1773 935 1956 1001 τυχεῖν

387 1021 645 1088 ἐθελῆσαι
711 1022 807 1075 καὶ
859 1025 1002 1078 κατά
1059 1024 1157 1093 τῆς
1211 1025 1527 1095 τυραννίδος
1581 1024 1956 1094 διαναστῆναι.

381 1114 602 1166 -Τούτων
629 1113 740 1167 τῶν
768 1113 1170 1185 χαλεπωτάτων
1209 1118 1448 1187 δεσμῶν,
1481 1115 1690 1187 ταύτης
1743 1121 1839 1186 τῆς
1869 1117 1957 1169 δί-

387 1224 506 1272 κης.
543 1207 644 1274 τῆς
677 1206 856 1271 νόσου,
880 1207 976 1260 τοῦ
1003 1207 1237 1262 Θανάτου
1265 1210 1326 1262 τὸ
1351 1210 1577 1278 λουτρὸν
1601 1209 1955 1274 ἀπαλλάττει,

383 1299 523 1350 οὕτω
553 1298 653 1368 μὲν
688 1299 908 1369 ῥαδίως,
937 1300 1014 1364 ὡς
1057 1302 1193 1372 μηδὲ
1222 1303 1416 1372 χρόνου
1470 1304 1755 1374 δεηθῆναι,
1813 1303 1958 1356 οὕτω

381 1392 435 1442 δὲ
471 1393 784 1445 παντάπασι
802 1392 896 1445 καὶ
924 1394 1168 1457 τελείως.
1199 1394 1340 1448 ὥστε
1365 1395 1504 1467 μηδὲ
1557 1397 1702 1468 ῐχνος
1732 1397 1958 1465 λειφθῆ-

383 1499 492 1543 υαι,
529 1483 624 1534 καὶ
655 1482 718 1534 οὐ
757 1484 1024 1553 πονηρίας
1055 1484 1394 1540 ἀπαλλάττει
1440 1485 1620 1554 μόνον,
1681 1485 1818 1539 ἀλλά
1860 1486 1957 1539 καὶ

381 1573 479 1637 τὴν
505 1573 753 1628 ἐναντίαν
784 1572 899 1638 ἕξιν
928 1575 1184 1646 ¹παρέχει.
1219 1577 1396 1638 Αύτδς
1442 1577 1553 1647 γάρ
1596 1579 1623 1630 ό
1670 1579 1954 1647 Δεσπότης

332 1719 342 1722 _
381 1664 448 1715 δι’
473 1657 549 1718 ὧν
585 1664 878 1728 ἀπέθανεν,
921 1665 1124 1721 ἔδωκεν
1153 1669 1286 1739 ἡμῖν
1345 1666 1598 1733 ἐξουσίαν
1631 1670 1956 1722 ἀποκτεῖναι

380 1755 479 1820 τὴν
515 1755 814 1826 ἁμαρτίαν,
839 1757 907 1811 δι’
930 1750 1008 1812 ὧν
1035 1758 1092 1810 δὲ
1121 1759 1352 1825 ἀνεϐίω,
1403 1761 1505 1830 τῆς
1567 1763 1762 1826 καινῆς
1805 1759 1954 1829 ζωῆς

356 1844 605 1916 ’ἐποίησε
644 1847 1034 1917 κληρονόμους.
1074 1849 1132 1902 '0
1164 1849 1273 1919 γὰρ
1300 1848 1530 1912 θάνατος
1553 1851 1783 1912 ἐκεῖνος,
1815 1849 1952 1902 23.0-

377 1938 501 1990 ὁσον
535 1937 632 2007 μὲν
691 1941 828 1993 αὐτὸ
851 1939 1010 1992 τοῦτο
1034 1940 1265 1998 θάνατος
1289 1937 1380 2012 ἦν,
1413 1943 1512 2010 τὴν
1541 1942 1786 2011 πονηρὰν
1811 1941 1956 2012 ζωὴν

377 2030 717 2096 ἀποκτείνει,
750 2030 983 2084 καθόσον
1010 2031 1067 2085 δέ
1105 2033 1222 2084 ἐστι
1255 2033 1408 2103 δίκη,
1437 2033 1536 2096 τὰς
1572 2032 1805 2094 εὐθύνας
1836 2031 1954 2085 λύει

377 2121 485 2173 τῶν
516 2122 956 2192 ἁμαρτημάτων,
982 2115 1057 2179 ὧν
1089 2124 1179 2176 διά
1221 2126 1320 2188 τὰς
1369 2125 1614 2195 πονηράς
1667 2125 1955 2196 ἐνεργείας

377 2215 607 2279 ἕκαστος
640 2215 920 2285 ὑπόχρεως
941 2211 1106 2285 ἦμεν.

449 2478 557 2532 Καὶ
585 2477 776 2532 τοῦτον
806 2477 898 2533 τὸν
929 2479 1132 2550 τρόπον
1160 2479 1258 2550 τῆς
1311 2479 1478 2546 ἕξεως
1510 2483 1604 2534 καὶ
1649 2483 1750 2552 τῆς
1795 2486 1949 2555 svsp-

375 2575 530 2643 γείας
573 2577 870 2645 συμπάσης
929 2575 1212 2646 ἁμαρτίας
1275 2577 1337 2629 τδ
1390 2577 1618 2647 λουτρὸν
1673 2578 1951 2650 καθαροὺς

376 2667 691 2734 ἀποφαίνει,
716 2667 947 2720 καθόσον
976 2669 1275 2731 κοινωνοὺς
1324 2671 1472 2721 ποιεί
1526 2669 1622 2722 τοῦ
1683 2671 1948 2733 ζωοποιοῦ

373 2759 563 2811 τούτου
603 2759 856 2812 θανάτου.
902 2760 1056 2812 Ἐπεὶ
1073 2761 1130 2813 δὲ
1165 2761 1258 2813 καὶ
1297 2761 1394 2828 τῆς
1421 2761 1769 2825 ἀναστάσεως
1820 2781 1950 2832 μετ-

374 2850 572 2920 έχομεν
615 2851 704 2903 διὰ
733 2850 796 2904 τὸ
825 2851 1074 2920 λουτρδν,
1122 2851 1272 2921 ζωὴν
1309 2853 1442 2922 ἡμῖν
1491 2855 1518 2905 ό
1581 2855 1814 2922 Χριστὸς
1869 2854 1950 2908 δίο

372 2942 533 2994 δωσιν
563 2943 736 3012 ἄλλην
771 2943 866 2997 καὶ
900 2944 1042 3014 μέλη
1073 2944 1298 2996 πλάττει
1329 2946 1421 2997 καὶ
1442 2945 1704 3014 δυνάμεις
1730 2946 1950 3017 ἐντίθη-

375 3052 482 3100 σιν,
506 3027 581 3089 ὧν
614 3035 796 3106 δεήσει
825 3036 962 3107 πρὸς
988 3037 1080 3087 τὸν
1111 3035 1378 3104 μέλλοντα
1413 3035 1526 3106 βίον
1565 3039 1948 3107 ἀφικομένοις.

375 3131 472 3184 Διά
499 3131 657 3183 τοῦτο
685 3130 795 3200 γὰρ
827 3131 936 3184 τῶν
963 3130 1335 3200 ἐγκλημάτων
1363 3129 1560 3200 ἀθρόον
1617 3131 1820 3200 λύομαι
1852 3133 1946 3184 καὶ

2070 655 2292 710 assidue
2323 658 2512 725 serpit.
2552 657 2616 710 Et
2647 657 2886 713 fortasse
2921 673 3143 728 propter
3183 663 3322 717 hanc
3370 666 3635 718 ratinnem

2067 762 2240 816 genus
2297 748 2596 802 humanum
2659 751 2836 820 ipsum
2907 768 2967 806 se
3022 768 3218 807 curare
3272 756 3422 809 nullo
3479 762 3639 810 modo

2068 845 2303 906 poterat,
2351 839 2496 907 quod
2545 854 2826 910 nunquam
2886 844 3273 910 propemodum
3329 845 3635 900 libertatem

2066 929 2417 997 gustavisset,
2455 945 2652 1000 neque,
2698 945 2820 985 cum
2857 945 3139 1002 expertum
3175 951 3284 989 non
3332 946 3499 998 esset,
3553 940 3638 990 vel

2065 1018 2131 1072 ad
2164 1018 2494 1073 desiderium
2531 1021 2723 1075 saltem
2775 1023 2921 1076 illius
2962 1026 3296 1096 pertingere,
3343 1036 3397 1081 et
3437 1031 3635 1080 volun-

2063 1119 2230 1165 tatent
2284 1111 2553 1167 libertatis
2609 1115 2863 1184 assequi,
2928 1127 3231 1186 contraque
3293 1119 3634 1188 tyrannidem

2062 1219 2358 1274 exsurgere
2391 1215 2596 1272 posset.
2644 1205 2726 1260 Ah
2759 1207 2908 1261 hisce
2943 1209 3178 1264 vinculis
3216 1211 3534 1274 teterritnis,
3567 1214 3636 1263 ah

2065 1297 2169 1351 hoc
2201 1297 2492 1368 supplicio,
2534 1300 2604 1354 ab
2649 1299 2750 1355 hoc
2786 1302 2998 1365 morbo,
3051 1303 3118 1357 ab
3151 1304 3252 1358 hac
3290 1314 3463 1358 morte
3507 1305 3630 1357 fons

2068 1385 2175 1438 iste
2206 1385 2400 1440 liberat
2431 1403 2445 1454 ;
2477 1395 2531 1441 et
2580 1387 2653 1442 ita
2687 1389 2903 1458 quidem
2953 1390 3111 1445 facile
3164 1403 3326 1462 atque
3357 1395 3633 1460 expedite,

2064 1484 2124 1530 ut
2155 1492 2255 1532 nec
2288 1485 2533 1547 tempore
2555 1481 2791 1550 indigeat
2811 1522 2826 1545 ,
2857 1492 3076 1552 tamque
3102 1485 3258 1546 plene
3286 1501 3348 1537 ac
3374 1485 3632 1555 perfecte,

2065 1576 2126 1623 ut
2157 1584 2225 1624 ne
2254 1569 2545 1639 vestigium
2579 1571 2798 1640 quidem
2840 1573 3206 1641 relinquatur.
3250 1574 3355 1628 Nec
3383 1577 3560 1629 Solum
3605 1593 3634 1627 a

2060 1660 2361 1716 vitiositate
2401 1661 2616 1728 liberat,
2645 1664 2737 1716 sed
2767 1665 3013 1718 habitum
3049 1681 3266 1734 quoque
3295 1668 3632 1721 contrarium

2063 1752 2366 1824 ingenerat.
2412 1754 2533 1823 lpse
2567 1756 2712 1810 enim
2767 1756 3028 1811 Dominus
3078 1773 3172 1826 per
3209 1774 3438 1813 mortem
3478 1774 3634 1812 suam

2059 1846 2266 1913 peccati
2303 1847 2588 1903 occidendi
2625 1856 2948 1916 potestatem
3003 1851 3166 1906 nobis
3214 1852 3385 1914 dedit,
3437 1864 3490 1906 et
3542 1869 3638 1922 per

2062 1939 2530 1994 resurrectionem
2559 1942 2682 1996 vitae
2720 1957 2872 1996 nova:
2908 1943 3149 1998 haeredes
3180 1945 3440 1999 instituit.
3480 1945 3634 1998 Mors

2060 2028 2329 2098 siquidem
2374 2031 2462 2084 illa
2499 2042 2774 2100 quatenus
2816 2035 2918 2089 hoc
2956 2038 3133 2104 ipsum
3164 2045 3268 2101 est,
3303 2054 3452 2094 mors
3482 2041 3636 2092 vide-

2058 2122 2208 2185 licet,
2243 2123 2408 2177 vitam
2474 2127 2718 2194 peccatis
2761 2128 3058 2181 obnoxiam
3101 2138 3154 2182 et
3185 2130 3445 2197 peccandi
3481 2131 3626 2184 hahi-

2058 2226 2171 2272 tum
2228 2217 2512 2274 interimit.
2569 2220 2856 2287 Quatenus
2906 2224 3238 2292 supplicium
3287 2234 3391 2289 est,
3441 2242 3634 2295 pmnas

2057 2321 2404 2380 peccatorum
2459 2313 2623 2376 tollit,
2679 2314 2881 2383 quibus
2932 2322 3154 2384 propter
3199 2317 3479 2372 actionum
3515 2333 3633 2387 pero

2054 2402 2367 2454 versitateni
2402 2401 2756 2456 debebantur.

2123 2491 2304 2560 Atque
2352 2491 2418 2545 ad
2475 2492 2620 2546 hunc
2678 2493 2898 2546 modum
2955 2493 3026 2547 ab
3082 2496 3232 2548 omni
3291 2495 3512 2549 habitus
3579 2502 3635 2547 ct

2053 2584 2290 2637 actionis
2351 2592 2578 2650 peccato
2634 2583 2914 2638 lavacrum
2984 2585 3085 2638 hoc
3142 2600 3309 2654 puros
3370 2596 3629 2653 praestat,

2053 2684 2325 2745 quatenus
2353 2692 2452 2732 nos
2491 2677 2654 2748 hujus
2688 2677 2920 2732 vivificae
2949 2679 3140 2732 mortis
3171 2678 3472 2746 participes
3510 2679 3632 2729 red-

2053 2768 2154 2823 dit.
2193 2768 2256 2822 Et
2293 2768 2550 2837 quoniam
2601 2784 2698 2838 per
2750 2770 3077 2823 lavationem
3133 2771 3274 2824 hanc
3318 2772 3481 2824 etiam
3545 2785 3632 2821 re-

2053 2861 2410 2915 surrectionis
2458 2861 2798 2914 consortium
2853 2860 3192 2924 obtinemus,
3245 2861 3355 2914 vita
3390 2877 3489 2915 nos
3523 2863 3631 2914 alia

2053 2952 2310 3006 Christus
2356 2952 2544 3016 donat,
2599 2961 2655 3007 et
2707 2951 2950 3006 membra
3011 2952 3187 3018 lingit,
3240 2961 3294 3006 et
3343 2951 3631 3004 facultates

2053 3041 2213 3108 indit,
2273 3043 2473 3112 quibus
2521 3043 2590 3096 ad
2648 3041 2892 3097 futuram
2947 3043 3113 3095 vitam
3177 3042 3438 3112 profectis
3489 3057 3632 3112 Opus

2050 3135 2175 3188 erit.
2215 3133 2428 3189 Idcirco
2463 3134 2609 3189 enim
2649 3144 2704 3188 et
2741 3134 3068 3190 criminibus
3116 3135 3302 3188 statim
3350 3133 3628 3196 ahsolvor,

371 3221 473 3286 τὴν
501 3220 688 3287 ὑγείαν
717 3221 918 3275 αὐτίκα
953 3221 1240 3290 λαμϐάνω,
1282 3222 1521 3290 μάλιστα
1556 3223 1654 3290 μὲν
1685 3223 1770 3275 ὅτι
1802 3221 1942 3274 Θεοῦ

2053 3233 2103 3277 ει
2146 3223 2439 3278 sanitatem
2483 3239 2611 3278 mox
2653 3224 2974 3294 adipiseor,
3034 3225 3295 3287 maxime,
3349 3224 3475 3292 quia
3535 3223 3628 3277 Dei

372 3312 623 3384 καθαρῶς
647 3311 829 3382 ἔργον,
863 3313 923 3366 δν
947 3315 1049 3366 οὐκ
1079 3314 1158 3366 ένι
1182 3315 1361 3385 χρόνῳ
1405 3313 1697 3379 δουλεύειν,
1750 3314 1944 3367 ἔπειτα

372 3407 497 3460 οὐδὲ
524 3406 618 3459 νῦν
649 3401 710 3460 εὖ
749 3408 900 3460 ποιεῖ
925 3406 984 3458 τὸ
1013 3408 1190 3475 γένος,
1232 3407 1318 3460 ίνα
1358 3409 1455 3462 καὶ
1492 3407 1690 3475 χρόνου
1747 3407 1942 3476 δεήσῃ,

374 3498 492 3552 ἀλλ’
512 3495 573 3552 εὖ
608 3499 935 3569 πεποίηκεν.
963 3499 1036 3552 Ού
1063 3499 1176 3570 γὰρ
1199 3498 1294 3552 νῦν
1321 3499 1506 3552 δίδωσι
1537 3499 1638 3569 τὴν
1679 3497 1838 3568 δίκην
1868 3492 1944 3552 ὦν

367 3593 671 3662 ἦμαρτονό
732 3592 1036 3660 Δεσπότης,
1079 3592 1204 3646 οὐδὲ
1255 3590 1354 3644 νῦν
1401 3591 1806 3655 κατασκευάζει
1846 3591 1944 3663 τὴν

374 3685 613 3752 ἰατρείαν
638 3684 732 3736 καὶ
762 3683 896 3752 μέλη
923 3684 1154 3736 πλάττει
1205 3681 1300 3736 καὶ
1333 3681 1594 3751 δυνάμεις
1644 3680 1943 3750 ἐντίθησιν,

369 3776 485 3828 ἀλλ’
518 3775 724 3828 ἔπλασε
757 3776 852 3829 καὶ
879 3776 1108 3845 ἐνέθηκε
1143 3777 1238 3830 καὶ
1266 3774 1702 3829 κατεσκεύασεν.
1735 3773 1856 3842 Ἀφ’
1881 3765 1944 3825 οῦ

367 3868 478 3939 γάρ
513 3868 593 3930 είς
621 3868 712 3920 τὸν
762 3867 994 3938 σταυρὸν
1050 3866 1219 3937 ἀνέϐη
1261 3867 1358 3919 καὶ
1396 3866 1638 3919 ἀπέθανε
1680 3866 1774 3918 καὶ
1847 3865 1948 3918 ἁν-

365 3960 530 4029 έστη,
572 3962 605 4030 η
634 3959 920 4028 ἐλευθερία
940 3959 1052 4012 τῶν
1106 3957 1421 4030 ἀνθρώπων
1455 3957 1718 4027 κατέστη,
1746 3958 1842 4010 καὶ
1885 3955 1947 4009 τὸ

367 4047 509 4112 εἶδος
553 4051 730 4104 καὶτὸ
765 4051 961 4114 κάλλος
986 4051 1244 4120 συνέστη,
1277 4050 1374 4104 καὶ
1415 4049 1485 4102 τὰ
1512 4049 1610 4102 νέα
1644 4049 1780 4119 μέλη
1813 4065 1948 4100 κατ-

364 4140 698 4210 εσκευάσθη.
758 4140 875 4193 Νῦν
904 4141 960 4193 δὲ
997 4141 1316 4212 προσελθεῖν
1351 4139 1434 4192 δεῖ
1461 4140 1623 4204 μόνον
1652 4141 1742 4192 καὶ
1775 4155 1946 4207 προσο

367 4235 599 4302 αγαγεῖν
624 4235 745 4296 ταῖς
767 4235 977 4304 χάρισι*
1006 4233 1102 4284 καὶ
1124 4220 1290 4285 τοῦτο⁹
1313 4233 1448 4302 ἡμῖν
1475 4232 1704 4286 δύναται
1728 4231 1789 4283 τὸ
1811 4231 1944 4284 λου-

364 4324 518 4397 τρὸν,
541 4326 776 4395 συνάψαι
791 4327 917 4387 τοὺς
939 4325 1166 4394 νεκροὺς
1183 4326 1250 4394 τῇ
1270 4323 1409 4393 ζωῇ,
1429 4326 1495 4394 τῇ
1521 4322 1806 4394 ἐλευθερίᾳ
1817 4323 1946 4386 τοὺς

361 4419 700 4488 δεδεμένους,
724 4420 851 4479 τοὺς
884 4416 1313 4486 διεφθαρμένους
1343 4417 1412 4486 τῇ
1443 4415 1692 4484 μακαρίᾳ
1733 4417 1941 4485 μορφῇ.

363 4511 439 4564 ’ίδ
471 4509 666 4579 λύτρον
714 4507 895 4577 ἐδόθη,
941 4508 1036 4560 νῦν
1090 4507 1332 4576 λυόμεθα
1394 4506 1573 4575 μόνον’
1635 4508 1696 4560 τὸ
1769 4508 1940 4577 μύρον

363 4605 544 4674 ὲχέθη,
575 4604 671 4656 καὶ
714 4604 747 4672 ἡ
775 4602 974 4654 εὐωδία
1009 4601 1068 4653 τὸ
1103 4601 1210 4653 πᾶν
1238 4599 1470 4668 κατέσχε

366 4711 526 4749 πεται
556 4695 735 4765 μόνον,
776 4693 976 4764 μᾶλλον
1018 4691 1074 4743 δὲ
1105 4691 1228 4743 οὐδὲ
1263 4689 1503 4758 πνεῦμα.
1565 4689 1674 4741 Καὶ
1704 4689 1811 4760 γὰρ
1878 4691 1938 4743 τὸ

361 4787 620 4842 δᾶνασθαι
653 4785 884 4839 πνεῦσαι
912 4784 1064 4852 παρά
1085 4781 1178 4835 τοῦ
1207 4780 1460 4850 Σωτῆρος
1493 4779 1936 4848 κατεσκευάσθη,

365 4882 459 4935 καὶ
483 4880 542 4934 τὸ
573 4879 833 4932 δύνασθαι
863 4875 1090 4941 λυθῆναι
1130 4875 1224 4928 καὶ
1263 4872 1324 4926 τὸ
1351 4871 1614 4926 δύνασθαι
1655 4872 1937 4942 φωτισθῆ-

364 4993 472 5027 ναι.
500 4975 608 5028 Καὶ
639 4972 747 5042 γὰρ
771 4971 830 5023 οὐ
863 4969 979 5037 φῶς
1007 4965 1251 5021 ἀνέτειλε
1286 4966 1448 5034 μόνον
1479 4965 1560 5026 εἰς
1589 4963 1682 5016 τὸν
1728 4964 1937 5032 κόσμον

363 5065 552 5128 ἐλθὼν,
591 5065 726 5117 ἀλλά
756 5064 852 5115 καὶ
881 5060 1161 5129 ὀφθαλμὸν
1206 5055 1608 5119 κατεσκεύασε,
1669 5055 1765 5108 καὶ
1787 5057 1846 5107 οὐ
1878 5057 1939 5108 τὸ

364 5158 538 5228 μύρον
563 5157 745 5225 ἐξέχεε
766 5156 945 5224 μόνον,
970 5152 1103 5204 ἀλλά
1125 5149 1221 5203 καὶ
1251 5147 1510 5216 αἴσθησιν
1537 5146 1731 5199 ἔδωκε’
1765 5147 1861 5198 νῦν
1881 5146 1937 5199 δὲ

360 5252 423 5303 τὸ
457 5249 601 5318 ἱερὸν
637 5248 798 5301 τοῦτο
827 5246 1056 5314 λουτρὸν
1087 5241 1316 5303 ταύταις
1364 5239 1486 5301 ταῖς
1525 5238 1813 5307 αἰσθήσεσι
1841 5240 1941 5294 καὶ

360 5345 482 5405 ταῖς
509 5339 770 5409 δυνάμεσι
795 5341 920 5400 τοὺς
953 5335 1312 5404 λελουμένους
1349 5331 1635 5384 συνάπτει.
1667 5329 1935 5401 Καθάπερ

361 5437 473 5502 γὰρ
502 5431 602 5502 ὖλη
633 5431 870 5492 ἀνείδεος
913 5428 1008 5482 καὶ
1031 5427 1282 5495 ἄμορφος
1313 5424 1392 5484 είς
1413 5421 1473 5473 τὸ
1502 5419 1648 5492 ὕδωρ
1672 5422 1937 5474 καταδυό-

366 5544 519 5597 μενοι
541 5526 724 5590 τοῦτο,
759 5526 816 5576 ἐν
838 5520 988 5590 αὐτῷ
1013 5520 1088 5589 τῷ
1109 5516 1262 5587 καλῷ
1284 5514 1756 5586 περιτυγχάνομεν
1772 5515 1926 5570 είδει.

1513 4615 1528 4631 ·
1567 4599 1798 4654 πνεῦσαι
1824 4601 1937 4653 λεί-
1967 4572 2018 4631 D

2049 3316 2222 3370 solius
2263 3331 2405 3386 opus
2433 3324 2539 3380 est,
2591 3317 2686 3386 qui
2725 3317 2962 3387 tempmi
2997 3325 3051 3371 et
3101 3333 3268 3370 morae
3301 3334 3408 3372 non
3451 3326 3630 3385 potest

2047 3407 2284 3476 alligari.
2319 3407 2528 3461 Deinde
2580 3423 2760 3478 neque
2807 3425 2951 3462 nunc
2982 3409 3165 3477 generi
3217 3418 3409 3462 nostro
3461 3413 3630 3460 henc-

2044 3500 2177 3554 facit
2224 3504 2322 3562 ita,
2380 3508 2440 3553 ut
2484 3509 2730 3569 tempore
2784 3511 2976 3569 egeat,
3031 3501 3124 3554 sed
3176 3500 3464 3553 henefecit.
3508 3499 3626 3551 Non

2043 3591 2192 3645 enim
2247 3605 2394 3644 nunc
2433 3603 2623 3658 poenas
2659 3589 2927 3644 Dominus
2983 3590 3082 3642 luit
3126 3606 3316 3642 eorum
3352 3604 3472 3656 qua:
3499 3604 3625 3655 pec-

2045 3682 2334 3737 cavimus:
2374 3696 2554 3750 neque
2605 3697 2753 3735 nunc
2791 3681 3116 3736 medicinam
3152 3689 3327 3750 parat,
3358 3689 3414 3736 et
3457 3688 3619 3733 t’netn-

2043 3776 2141 3831 bra
2193 3775 2416 3836 format,
2447 3783 2504 3828 et
2547 3773 2694 3828 vires
2724 3773 2896 3836 addit,
2948 3772 3041 3827 sed
3088 3771 3199 3839 jam
3245 3772 3522 3833 formavit,
3571 3781 3625 3826 et

2042 3867 2277 3931 addidit,
2311 3874 2365 3921 et
2395 3866 2628 3935 paravit.
2663 3865 2735 3918 Ex
2777 3881 2887 3934 quo
2917 3865 3063 3920 enim
3095 3865 3149 3917 in
3178 3880 3396 3918 crucem
3429 3879 3624 3919 ascen-

2046 3961 2149 4023 dit,
2207 3959 2578 4029 spiritumque
2639 3956 2836 4012 efﬂavit
2870 3998 2883 4018 ,
2939 3964 2994 4011 ct
3055 3956 3334 4010 redivivus
3396 3955 3622 4024 Prodiit,

2046 4050 2328 4104 hominum
2383 4048 2610 4102 lihcrtas
2661 4049 3001 4113 constituta,
3051 4047 3369 4117 speciesque
3413 4055 3468 4100 et
3506 4046 3622 4116 pul-

2045 4143 2303 4196 chritudo
2365 4142 2694 4207 conciliata,
2753 4151 2807 4196 et
2857 4155 2996 4196 nova
3057 4141 3300 4194 membra
3354 4139 3618 4193 adornata

2044 4243 2198 4288 sunt.
2263 4231 2498 4286 Tantum
2558 4231 2820 4287 accedere
2900 4240 2954 4285 et
3002 4246 3123 4286 sese
3178 4230 3365 4298 gratia:
3420 4229 3622 4284 oll‘etre

2043 4341 2182 4394 opus
2217 4333 2322 4380 est.
2374 4323 2440 4378 Et
2485 4323 2631 4378 istud
2678 4323 2732 4377 in
2772 4323 2930 4378 nobis
2966 4323 3271 4392 baptismus
3305 4322 3506 4390 efficit,
3563 4331 3620 4376 ut

2043 4419 2302 4474 nimirum
2337 4427 2588 4472 mortuos
2622 4432 2747 4471 cum
2784 4418 2915 4482 vita,
2967 4429 3022 4472 et
3055 4419 3268 4472 vinctos
3301 4433 3424 4472 cum
3457 4418 3623 4469 liber-

2046 4517 2178 4574 tate,
2242 4507 2508 4564 informes
2567 4518 2622 4564 et
2671 4519 2958 4577 corruptos
3019 4525 3142 4562 cum
3225 4507 3382 4562 beata
3445 4506 3619 4560 forma

2042 4601 2358 4672 conjungat.
2393 4601 2738 4655 Persolutum
2759 4609 2841 4655 est
2861 4600 3096 4669 pretium
3125 4616 3138 4652 :
3172 4613 3319 4651 nunc
3348 4609 3558 4651 tantum
3589 4613 3621 4649 e

2042 4693 2279 4751 vinculis
2305 4693 2542 4747 eximus.
2578 4692 2928 4760 Unguentum
2960 4691 3186 4744 eﬂusum
3218 4699 3322 4753 est,
3353 4700 3405 4742 et
3433 4690 3618 4742 tltltll‘lS

2043 4783 2342 4854 fragrantia
2376 4782 2668 4852 complerit
2707 4783 2825 4836 loca
2858 4780 3079 4835 omnia:
3127 4780 3304 4833 solum
3337 4791 3392 4832 ut
3422 4780 3471 4833 id
3503 4781 3619 4849 spi-

2042 4892 2227 4931 remus
2258 4876 2605 4944 relinquitur.
2638 4872 2749 4927 lnto
2788 4889 2855 4926 ne
2896 4871 3044 4926 istud
3086 4871 3354 4940 quidem;
3392 4888 3514 4924 nam
3564 4883 3618 4926 et

2041 4968 2253 5037 spirare
2285 4981 2470 5034 posse,
2502 4982 2531 5019 a
2573 4966 2853 5020 Salvatore
2892 4964 3048 5016 nobis
3079 4973 3450 5032 comparatum
3488 4974 3569 5017 est
3597 5001 3614 5025 ,

2041 5061 2188 5115 sicut
2222 5074 2382 5127 posse
2408 5058 2637 5123 exsolvi,
2667 5057 2810 5110 sicut
2838 5071 3001 5124 posse
3045 5055 3367 5108 illuminari.
3407 5055 3617 5108 Etenim

2042 5152 2130 5204 lux
2165 5165 2275 5204 non
2326 5151 2503 5204 solum
2532 5159 2649 5204 orta
2689 5157 2743 5201 et
2797 5149 2851 5202 in
2905 5147 3169 5201 mundum
3223 5148 3467 5216 ingressa
3511 5155 3617 5210 est,

2042 5245 2136 5298 sed
2160 5252 2216 5297 et
2249 5243 2467 5296 oculum
2504 5243 2584 5297 sui
2617 5240 2832 5294 videndi
2862 5241 3069 5294 creavit
3098 5256 3113 5307 ;
3142 5255 3242 5294 nec
3275 5245 3609 5304 unguentum

2042 5336 2430 5391 tantummodo
2469 5335 2684 5398 effudit,
2713 5334 2808 5388 sed
2853 5333 3096 5403 ejusdem
3139 5347 3356 5402 quoque.
3393 5344 3614 5383 sensqu

2042 5429 2286 5484 donavit.
2338 5427 2496 5483 Nunc
2547 5436 2801 5483 sanctum
2859 5427 3004 5480 istud
3061 5427 3336 5478 lavacrum
3402 5421 3620 5472 ablutos

2042 5517 2357 5586 hujusmodi
2414 5517 2674 5573 sensibus
2709 5523 2763 5570 et
2794 5515 3143 5570 facultatibus
3186 5511 3444 5566 devincit.
3479 5507 3616 5561 Nam

363 5629 424 5673 ut
477 5617 704 5672 materia
755 5616 938 5683 specie
998 5626 1194 5666 carens
1231 5618 1284 5664 et
1324 5608 1578 5664 informis
1627 5609 1683 5664 in
1733 5626 1931 5680 aquam
2008 5615 2152 5674 hanc
2225 5610 2620 5680 demergirnur,
2677 5621 2729 5664 et
2790 5611 2843 5666 in
2897 5613 3010 5680 ipsa
3063 5608 3293 5661 fortnam
3324 5605 3617 5675 quamdam

363 5719 667 5784 elegantem
703 5715 1029 5783 reperimus.

436 5814 536 5864 Διά
556 5812 732 5866 ταῦτα
763 5814 942 5867 πάντα
959 5815 1093 5882 ἡμῖν
1112 5811 1304 5881 ἀθρόον
1337 5809 1616 5865 ἀνατέλλει
1634 5809 1700 5861 τὰ
1725 5808 1926 5876 ἀγαθάο

369 5903 915 5982 προκατεσκεύασῖαι
950 5907 1078 5984 γάρ·
1121 5924 1139 5955 ι
1180 5905 1253 5956 Τὸ
1287 5903 1512 5974 ἄριστόν
1571 5919 1671 5972 μου
1703 5900 1932 5974 ἡτοίμα-

2114 5805 2195 5860 Oh
2227 5805 2342 5860 lucc
2381 5803 2564 5858 subito
2610 5802 2773 5856 nobis
2819 5806 3154 5854 enascuntur
3197 5796 3338 5852 bona
3389 5797 3616 5859 omnia;

2042 5905 2172 5960 sunt
2218 5898 2365 5958 enim
2405 5895 2558 5968 prius
2610 5903 2950 5968 praeparata:
3017 5910 3034 5940 ι
3067 5890 3363 5952 Prandium
3428 5905 3611 5949 meum
