4030 6482
446 480 553 546 543

1708 480 2022 541 NICOIJH
2063 484 2153 541 CA
2169 481 2455 543 BASlLrE

3593 476 3699 541 διι

451 597 725 651 sentiendi
752 610 803 652 et
836 597 1095 652 facultate
1124 595 1387 665 privatus,
1430 612 1524 665 per
1557 613 1694 666 quas
1725 610 1780 652 et
1819 614 2021 668 cOgno-

2157 599 2443 668 υνηθῆναι.
2470 596 2568 649 Διὰ
2602 595 2756 649 τοῦτο
2788 596 2850 647 οὐ
2880 594 2987 665 χρὴ
3011 591 3340 662 θαυμάζειν,
3373 594 3421 645 εἱ
3450 594 3716 664 ζήσονται

451 708 604 747 scere
647 692 1012 755 Salvaturem,
1063 701 1119 745 et
1155 707 1361 755 amare,
1405 701 1459 745 et
1503 691 1641 744 velle
1683 706 1806 744 cum
1856 707 1921 746 eo
1976 701 2032 746 ct

449 801 612 854 posse
643 787 825 839 vivere
862 786 1010 848 licet,
1048 784 1249 838 mirum
1301 783 1552 838 accidere
1602 783 1805 837 nemini
1851 784 2030 848 debet,

452 877 497 932 si
539 892 727 930 omnes
776 877 997 946 quidem
1040 876 1446 935 immortaliter.
1488 890 1598 928 non
1631 890 1824 929 omnes
1851 889 2031 929 autem

450 968 604 1021 beate
641 968 991 1036 feliciterque
1020 967 1219 1022 victuri
1255 979 1404 1023 sunt.
1439 966 1573 1021 Nam
1608 968 1851 1022 divinam
1886 969 2032 1023 circa

453 1070 703 1112 naturam
740 1059 1138 1127 providentiam
1199 1074 1392 1113 omnes
1443 1058 1593 1113 nullo
1631 1059 1949 1113 discriminc
1981 1070 2032 1115 ct

452 1165 604 1215 aeque
648 1149 928 1203 sentiunt:
959 1150 1078 1218 ejus
1123 1158 1307 1203 autem
1351 1148 1692 1203 voluntatem
1744 1148 1905 1203 donis
1943 1164 2032 1202 or-

454 1242 619 1295 nandi
654 1242 755 1294 soli
803 1243 1160 1309 experientur
1183 1256 1249 1295 ex
1281 1241 1566 1307 omnibus,
1596 1241 1688 1310 qui
1733 1238 1902 1295 Deum
1946 1244 2036 1311 pie

451 1349 752 1403 sant-teque
788 1335 1055 1389 coluerint
1087 1353 1100 1387 :
1128 1333 1257 1404 quia
1306 1333 1563 1387 nimirum
1605 1331 1744 1388 Deus
1778 1332 2036 1389 omnibus

454 1427 672 1490 quidem
712 1427 895 1489 omnia
949 1427 1090 1479 bona
1136 1426 1290 1487 vult,
1338 1435 1390 1478 et
1430 1424 1689 1479 omnibus
1736 1441 1889 1494 mque
1935 1440 2034 1480 sua

455 1518 852 1580 communicat,
888 1526 999 1569 tum
1030 1530 1125 1585 per
1150 1531 1272 1585 qua:
1300 1514 1579 1568 voluntate
1614 1529 1712 1568 sua
1741 1513 2030 1580 benefacit,

457 1616 572 1659 tum
623 1622 715 1674 per
744 1623 864 1676 qua:
912 1617 1162 1660 naturam
1208 1606 1447 1659 restituit
1486 1614 1540 1660 et
1577 1607 1893 1661 instaurat:
1935 1621 2033 1662 nos

456 1712 587 1753 vero
618 1697 711 1752 Dei
738 1698 1001 1753 beneficia
1025 1698 1080 1752 in
1108 1709 1387 1762 naturam,
1410 1700 1671 1767 quoniam
1702 1715 1767 1754 ea
1796 1697 2065 1769 eﬂ‘ugere'

458 1806 565 1843 non
614 1804 928 1860 possumus,
977 1791 1066 1853 iis,
1110 1804 1423 1860 quanquam
1482 1791 1618 1845 eitra
1673 1792 2032 1859 voluntatem,

2139 691 2237 762 μὲν
2276 691 2519 742 ἀθάνατα
2556 689 2780 751 πάντες,
2843 689 2905 741 οὗ
2944 688 3146 749 πάντες
3189 687 3246 741 δὲ
3282 684 3589 756 μακαρίως·
3630 687 3719 739 ὅτι

2134 784 2233 853 τῆς
2275 783 2370 852 μὲν
2405 782 2535 853 περὶ
2562 781 2659 849 τὴν
2694 781 2857 849 φύσιν
2894 780 3082 843 ἁπλῶς
3118 780 3209 832 τοῦ
3261 778 3400 831 Θεοῦ
3454 780 3720 848 προνοίας

2138 872 2476 926 ἀπολαύουσι
2506 873 2707 935 πάντες
2742 870 2967 940 ὁμοίως,
2999 871 3106 924 τῶν
3130 871 3188 924 δὲ
3217 873 3317 939 τὴν
3341 872 3557 939 θέλησιν
3586 888 3721 925 κοσ-

2141 964 2386 1035 μοῦντων
2414 963 2602 1033 δώρων
2637 964 2788 1035 μόνοι
2822 963 2933 1015 τῶν
2959 963 3133 1017 ἄλλων
3154 964 3202 1015 οἱ
3246 965 3374 1032 περὶ
3405 964 3536 1015 Θεὸν
3561 964 3720 1016 εὐσε-

2140 1057 2276 1120 ϐεῖς.
2319 1055 2379 1110 '0
2410 1057 2465 1110 δὲ
2488 1057 2669 1125 λόγος,
2697 1057 2779 1110 ὅτι
2814 1056 2949 1109 πᾶσι
2986 1056 3085 1123 μὲν
3120 1058 3147 1110 ὁ
3178 1056 3309 1119 Θεὸς
3340 1056 3557 1110 ἅπαντα
3587 1055 3715 1127 βού-

2138 1149 2291 1203 λεται
2327 1151 2568 1218 τάγαθά,
2600 1151 2695 1205 καὶ
2739 1151 2958 1203 πάντων
2985 1149 3186 1219 ὁμοίως
3240 1149 3563 1219 μεταδίδωσι
3604 1150 3718 1202 τῶν

2141 1239 2329 1306 αὐτοῦ,
2360 1242 2455 1294 καὶ
2485 1242 2586 1295 ὅσα
2604 1240 2701 1310 τὴν
2737 1240 2959 1310 θέλησιν
2983 1236 3041 1294 εὖ
3073 1243 3220 1294 ποιεῖ
3246 1241 3338 1294 καὶ
3364 1241 3401 1295 ἃ.
3429 1241 3523 1311 τὴν
3553 1242 3719 1311 φύσιν

2141 1334 2447 1403 ἐπανορθοῖ,
2474 1335 2634 1404 ἡμεῖς
2659 1334 2715 1386 δὲ
2740 1333 2848 1386 τῶν
2893 1334 2992 1402 μὲν
3019 1334 3099 1397 εἰς
3131 1332 3229 1400 τὴν
3279 1333 3441 1403 φύσιν
3465 1332 3557 1386 τοῦ
3577 1334 3712 1387 Θεοῦ

2142 1426 2405 1497 χαρίτων,
2440 1428 2563 1479 ἐπεὶ
2602 1427 2677 1498 μὴ
2701 1424 2991 1495 δυνώμεθα
3019 1425 3268 1495 φεύγειν,
3299 1429 3393 1478 καὶ
3424 1427 3500 1497 μὴ
3526 1426 3715 1497 βουλό-

2145 1534 2296 1589 μενοι
2324 1517 2665 1587 τυγχάνομεν
2695 1518 2915 1580 πάντες.
2947 1518 3055 1570 Καὶ
3085 1519 3195 1588 γὰρ
3231 1520 3325 1570 καὶ
3356 1518 3589 1582 ἄκοντας
3627 1521 3721 1570 εύ-

2145 1611 2294 1662 ποιεῖ
2342 1610 2436 1661 καὶ
2463 1608 2715 1679 βιάζεται
2748 1607 3174 1680 φιλανθρώπως,
3220 1610 3420 1663 ὁπόταν
3491 1609 3719 1662 ἀποσείο
3804 1634 3819 1637 -

2145 1700 2342 1754 σασθαι
2373 1701 2472 1767 τὴν
2495 1700 2818 1771 εὐεργεσίαν
2843 1699 3169 1771 βουλώμεθα
3200 1701 3318 1772 μὲν,
3376 1701 3436 1754 οὐ
3473 1701 3719 1771 δυνώμε-

2143 1791 2213 1846 θα
2244 1792 2323 1846 δέ.

456 1878 701 1933 universi
732 1880 983 1935 homines
1010 1878 1301 1936 allicimur.
1335 1882 1471 1936 Nam
1504 1890 1557 1937 et
1581 1882 1649 1936 de
1680 1882 1868 1938 invitis
1900 1883 2037 1938 bene
2077 1893 2339 1950 meretur,
2366 1891 2419 1938 et
2449 1882 2765 1938 humaniter
2787 1882 2955 1954 cogit,
3021 1884 3237 1953 quando
3300 1883 3715 1940 beneficentiam

459 1971 578 2040 ejus
613 1971 1070 2040 antolitiquidem
1113 1988 1143 2026 a
1189 1972 1350 2027 nobis
1381 1973 1660 2038 volumus,
1692 1986 1801 2025 nou
1848 1983 2028 2026 tamen
2070 1987 2389 2042 possumus.

530 2176 591 2231 ln
627 2165 705 2230 σθ’
720 2189 924 2245 genere
954 2175 1160 2230 donum
1203 2176 1623 2233 resurrectionis
1653 2191 2031 2234 numeremus.
2067 2184 2109 2240 Β

466 2268 815 2347 llaudcnim
862 2269 915 2323 in
970 2277 1164 2323 nostro
1225 2269 1392 2324 situm
1427 2278 1511 2324 est
1560 2269 1816 2336 arbitrio,
1864 2286 2043 2341 neque

463 2363 618 2419 nasci
662 2378 692 2417 a
741 2363 1036 2432 principio.
1086 2377 1266 2432 neque
1306 2378 1334 2416 a
1381 2361 1612 2416 mortuis
1659 2362 1909 2427 excitari,
1948 2370 2043 2417 aut

463 2470 575 2508 nun
612 2453 862 2508 excitari.
890 2451 1025 2518 Quae
1055 2463 1234 2508 autem
1264 2468 1294 2507 a
1327 2454 1608 2507 voluntate
1643 2453 1880 2507 humana
1908 2469 2041 2523 pen-

463 2546 617 2609 dent,
675 2555 826 2613 puta,
888 2543 1014 2597 boni
1076 2544 1293 2606 electio,
1367 2554 1717 2614 peccatorum
1771 2546 2041 2609 remissio,

464 2652 676 2690 morum
713 2636 1023 2705 integritas,
1057 2635 1255 2689 animae
1289 2638 1522 2704 puritas,
1554 2652 1680 2705 erga
1716 2638 1881 2689 Deum
1915 2637 2046 2690 cha-

464 2729 620 2789 ritas,
649 2728 845 2781 horum
875 2742 1087 2791 merces
1111 2736 1195 2783 est
1240 2743 1496 2797 suprema
1536 2728 1834 2782 beatitudo.
1868 2730 2046 2797 Atque

464 2832 525 2874 ut
555 2821 637 2874 vel
666 2821 783 2874 haec
809 2820 1237 2890 amplectamur,
1266 2822 1348 2874 \el
1386 2821 1714 2887 tlevitemus,
1743 2837 1910 2891 penes
1946 2837 2046 2877 nos

464 2922 570 2965 est.
605 2908 761 2965 Unde
796 2911 1113 2966 volentibus
1145 2912 1198 2965 in
1234 2923 1490 2981 promptu
1522 2923 1605 2968 est
1652 2915 1720 2968 iis
1752 2914 1891 2979 frui;
1944 2928 2044 2967 no-

470 3005 642 3058 lentes
673 3003 762 3073 qui
796 3005 1015 3058 tandem
1055 3004 1161 3058 frui
1198 3006 1436 3075 queant?
1471 3004 1579 3061 Nec
1612 3007 1759 3061 enim
1797 3007 2048 3062 nolentes

466 3097 681 3163 volunt,
708 3112 809 3151 nec
830 3097 1078 3154 volentes
1106 3110 1400 3166 coguntur.
1422 3099 1628 3154 Deinde
1653 3108 1877 3169 propter
1899 3100 2046 3154 illam

473 3188 745 3242 rationem
772 3205 784 3239 :
807 3188 1065 3257 quoniam
1086 3188 1347 3243 Dominus
1373 3190 1527 3245 solus
1551 3202 1798 3246 naturam
1827 3192 2045 3262 quidem

473 3292 502 3331 a
536 3278 908 3347 corruptione,
937 3278 1177 3331 animum
1203 3294 1333 3333 vero
1356 3295 1383 3332 a
1408 3290 1628 3349 peccato
1649 3281 1885 3336 exemit:
1920 3284 2049 3337 illud

470 3368 869 3438 primogenitus
919 3367 1098 3423 factus
1162 3380 1532 3436 mortuorum,
1580 3372 1685 3425 hoc
1735 3388 1834 3441 pro
1891 3375 2048 3429 nobis

472 3458 684 3524 primus
712 3459 763 3512 in
798 3459 996 3514 Sancta
1027 3469 1341 3516 sanctorum
1378 3462 1686 3531 ingressus,
1717 3471 1900 3531 utpote
1924 3480 2051 3532 pec-

472 3563 596 3606 cato
621 3553 892 3622 jugulato,
923 3564 978 3608 et
1029 3553 1136 3607 Deo
1177 3554 1338 3608 nobis
1383 3556 1761 3621 reconciliato,
1788 3564 1842 3610 et
1870 3558 2047 3612 medio

472 3645 679 3712 pariete
707 3646 972 3700 dissoluto
1002 3663 1019 3700 :
1049 3656 1103 3700 et
1129 3646 1369 3716 seipsum
1402 3662 1502 3717 pro
1540 3648 1696 3703 nobis
1721 3644 2049 3703 sanctifica-

471 3735 572 3799 vit,
600 3749 659 3791 ut
690 3749 738 3791 et
774 3754 874 3793 nos
898 3738 1075 3792 sancti
1104 3740 1279 3793 simus
1303 3739 1356 3792 in
1386 3740 1637 3807 veritate,
1662 3742 1854 3811 liquet,
1902 3741 2050 3798 solos

475 3839 530 3882 ct
560 3830 756 3884 merito
785 3830 1026 3885 solutum
1061 3832 1124 3885 iri
1152 3842 1206 3886 et
1231 3848 1257 3885 a
1288 3835 1641 3904 corruptione
1665 3845 1720 3890 et
1741 3850 1768 3888 a
1803 3847 2047 3904 peccato,

477 3921 570 3988 qui
601 3930 655 3975 et
686 3921 963 3977 voluntate
1016 3933 1070 3977 et
1116 3934 1314 3978 natura
1359 3924 1424 3978 ad
1456 3939 1580 3978 eum
1629 3925 1830 3980 fuerint
1862 3942 2052 3996 aggre-

476 4012 622 4081 gati:
663 4014 785 4077 hoc;
821 4024 1099 4084 quatenus
1135 4015 1411 4075 homines.
1464 4016 1622 4079 illud,
1653 4026 1922 4087 quatenus
1953 4018 2053 4070 ad-

479 4115 697 4158 ventum
724 4105 846 4173 ejus
892 4108 1320 4176 passionemque
1349 4108 1681 4174 dilexerunt,
1704 4119 1756 4163 et
1784 4109 2054 4163 mandatis

478 4197 600 4265 ejus
630 4206 953 4266 paruerunt,
990 4199 1295 4270 eademque
1332 4216 1456 4256 cum
1494 4204 1585 4257 illo
1620 4204 1936 4257 voluerunt.
1970 4201 2053 4255 Illi

480 4288 573 4340 alii
608 4302 776 4341 unum
823 4287 1060 4342 habent:
1095 4290 1326 4346 alterum
1371 4308 1479 4348 non
1524 4302 1879 4364 receperunt;
1913 4302 1969 4347 et
1999 4302 2057 4346 ut

483 4379 534 4432 in
562 4379 879 4435 hominibus
909 4391 1116 4448 essent,
1145 4384 1249 4439 hoc
1278 4387 1501 4455 quidem
1541 4386 1680 4456 ipsis
1705 4386 1964 4456 conligit;
1999 4393 2058 4439 ut

481 4481 663 4527 autem
706 4472 939 4529 salutem
995 4490 1150 4530 suam
1204 4476 1477 4533 Salvatori
1532 4478 1956 4543 committerent,
2004 4487 2058 4531 et

481 4580 603 4618 cum
650 4580 714 4618 eo
747 4566 839 4635 qui
888 4567 1074 4622 animo
1118 4567 1513 4640 voluntathuc
1548 4570 1723 4624 bonus
1762 4580 1871 4633 est,
1903 4585 2059 4622 eom-

482 4657 849 4724 municarent,
882 4675 988 4714 non
1033 4662 1283 4732 contigit.
1336 4661 1445 4716 llos
1478 4673 1824 4731 peccatorum
1856 4665 2060 4718 condo-

481 4749 704 4804 natione
737 4759 793 4804 et
824 4765 1029 4806 corona
1074 4752 1328 4821 iustitiae,
1383 4763 1637 4822 tanquam
1689 4753 1964 4809 voluntate
2006 4762 2060 4808 et

2209 2176 2463 2231 Τοιοῦτον
2488 2177 2545 2231 δὲ
2576 2180 2636 2232 τδ
2685 2179 2783 2249 τῆς
2818 2180 3169 2244 ἀναστάσεως
3216 2181 3411 2251 δῶρον.
3474 2186 3547 2237 Οὐ
3609 2188 3722 2259 γὰρ

2145 2269 2230 2339 ἐφ’
2259 2270 2392 2339 ἡμῖν
2419 2271 2564 2324 ἐστιν
2597 2269 2722 2323 οὗτε
2763 2273 2823 2324 τὸ
2852 2272 3182 2342 γεννηθῆναι
3225 2272 3348 2326 οὔτε
3407 2275 3469 2328 τὸ
3511 2278 3724 2331 ἀποθα-

2143 2362 2337 2425 νόντας
2364 2360 2803 2417 ἀναόιώσκεσθαι
2826 2364 2986 2417 πάλιν
3009 2366 3040 2434 ἢ
3066 2365 3395 2420 τούναντίον.
3449 2369 3515 2420 Ἀ
3540 2369 3595 2420 δὲ
3620 2370 3724 2439 τῆς

2145 2453 2416 2525 θελήσεως
2448 2454 2550 2524 τῆς
2583 2455 2927 2527 ἀνθρωπείας
2980 2458 3304 2527 ἐξήρτηται,
3368 2460 3511 2528 λέγω
3565 2462 3724 2529 δὴντὸ

2145 2547 2361 2602 ἑλέσθαι
2381 2548 2441 2601 τὸ
2466 2546 2691 2614 ἀγαθὸν,
2725 2548 3012 2617 ἁμαρτιῶν
3030 2549 3245 2617 ἄφεσις,
3275 2551 3440 2621 ἤθους
3467 2554 3723 2624 ὀρθότης,

2143 2640 2320 2709 ψυχῆς
2357 2639 2690 2708 καθαρότης,
2724 2639 2857 2692 Θεοῦ
2898 2640 3140 2710 φίλτρον,
3191 2645 3250 2694 τὸ
3301 2642 3508 2697 τούτων
3560 2641 3725 2699 ἆθλον

2144 2732 2178 2801 ἡ
2210 2730 2411 2800 ἐσχάτη
2449 2730 2814 2799 μακαριότης.
2851 2730 3037 2785 Ταῦτα
3059 2732 3112 2782 δὲ
3139 2732 3222 2800 ἐφ’
3242 2734 3372 2804 ἡμῖν
3392 2737 3509 2786 ἐστι
3539 2733 3724 2789 λαϐεῖν

2146 2823 2180 2894 ἦ
2236 2825 2446 2890 φυγεῖν,
2479 2822 2601 2874 ὅθεν
2637 2821 2979 2891 βουλομένοις
3025 2824 3126 2892 μὲν
3166 2824 3367 2891 ἔξεστι,
3431 2828 3504 2895 μὴ
3542 2827 3726 2895 βουλο-

2151 2913 2335 2982 μένοις
2366 2912 2421 2964 at
2458 2913 2573 2975 πῶς
2596 2912 2660 2966 ἂν
2701 2912 2915 2979 γένοιτο
2939 2913 3120 2965 αὐτῶν
3146 2915 3441 2969 ἀπολαύειν
3465 2932 3480 2981 ;
3507 2919 3580 2970 Oti
3610 2918 3721 2988 γὰρ

2149 3006 2296 3058 ἔστιν
2328 3007 2557 3068 ἄκοντας
2592 3004 2821 3066 ἐθέλειν,
2853 3005 2971 3057 οὐδὲ
3006 3005 3290 3074 βιάζεσθαι
3346 3008 3723 3079 βουλομένους.

2152 3096 2272 3148 Ἔτι
2303 3095 2358 3149 δὲ
2394 3096 2462 3148 δι’
2495 3097 2702 3149 ἐκεῖνον
2748 3097 2840 3148 τὸν
2873 3095 3064 3162 λόγον’
3097 3096 3221 3148 ἐπεὶ
3269 3099 3376 3168 γὰρ
3417 3099 3577 3168 μόνος
3603 3100 3730 3152 έλυ-

2152 3203 2243 3238 σεν
2273 3189 2302 3237 ὁ
2342 3185 2550 3254 Κύριος
2598 3186 2698 3256 τὴν
2749 3186 2848 3255 μὲν
2911 3187 3076 3255 φύσιν
3126 3188 3225 3257 τῆς
3256 3188 3486 3259 φθορᾶς,
3527 3192 3625 3262 τὴν
3668 3193 3728 3245 δὲ

2150 3278 2379 3345 γνώμην
2412 3278 2511 3347 τῆς
2548 3277 2845 3347 ἁμαρτίας,
2876 3277 2936 3358 τιὸ
2980 3279 3079 3346 μὲν
3125 3281 3467 3348 πρωτότοκος
3502 3286 3731 3353 γενόμε-

2150 3388 2238 3432 νος
2270 3369 2378 3421 τῶν
2413 3369 2643 3435 νεκρῶν,
2676 3366 2734 3420 τὸ
2764 3368 2819 3420 δὲ
2840 3368 3150 3439 πρόδρομος
3203 3370 3342 3442 ὑπὲρ
3371 3374 3525 3441 ἡμῶν
3554 3375 3729 3426 εἰσελ-

2157 3461 2267 3513 θὼν
2301 3462 2379 3523 εις
2406 3461 2471 3513 τὰ
2504 3462 2668 3527 Ἀγια
2695 3460 2802 3513 τῶν
2828 3460 3019 3528 ἁγίων,
3057 3461 3150 3515 ac:
3175 3460 3273 3530 τὴν
3294 3464 3567 3533 ἁμαρτίαν
3595 3467 3734 3518 ἀπο-

2152 3551 2367 3613 κτείνας
2394 3556 2488 3605 καὶ
2532 3553 2623 3605 τὸν
2656 3552 2790 3606 Θεὸν
2820 3556 2954 3623 ἡμῖν
2993 3553 3285 3618 διαλλάξας
3343 3555 3436 3607 καὶ
3472 3555 3531 3608 τὸ
3565 3559 3731 3626 μεσό-

2150 3664 2331 3714 τειχον
2390 3645 2707 3709 καταλύσας
2758 3647 2857 3698 καὶ
2917 3646 3057 3716 ὑπὲρ
3115 3647 3273 3716 ἡμῶν
3324 3648 3517 3701 ὲαυτὶν
3569 3650 3732 3713 αύτὶς

2152 3738 2406 3805 ἁγιάσας,
2462 3737 2548 3790 ἵνα
2620 3737 2713 3790 καὶ
2796 3738 2960 3807 ἡμεῖς
3034 3731 3189 3807 ὦμεν
3253 3738 3581 3809 ἡγιασμένοι
3667 3744 3728 3794 ὲν

2152 3827 2399 3899 ἀληθείᾳ*
2449 3827 2688 3896 φανερὸν
2739 3827 2822 3880 ὅτι
2915 3826 3066 3897 μόνοι
3122 3827 3336 3881 λύοιντο
3387 3829 3454 3881 ἂν
3506 3831 3733 3894 εἰκότως

2153 3925 2248 3974 καὶ
2279 3919 2376 3989 τῆς
2399 3921 2603 3990 φθορᾶς
2626 3920 2719 3972 καὶ
2747 3919 2845 3988 τῆς
2873 3918 3148 3988 ἁμαρτίας
3201 3921 3253 3971 οἱ
3312 3922 3407 3974 καὶ
3455 3920 3731 3992 θελήσεως

2154 4012 2306 4082 αὐτῷ
2336 4013 2428 4064 καὶ
2458 4011 2675 4079 φύσεως
2697 4012 3084 4082 μετασχόντες,
3120 4012 3180 4065 τὸ
3216 4012 3314 4082 μὲν
3339 4014 3411 4075 ὡς
3429 4012 3725 4082 ἅνθρωποι,

2155 4106 2216 4156 τὸ
2255 4103 2311 4156 δὲ
2342 4103 2417 4165 ὡς
2475 4104 2829 4171 ἠγαπηκότες
2891 4104 2989 4175 τὴν
3041 4105 3366 4172 ἐπιφάνειαν
3409 4105 3571 4159 αὐτοῦ
3643 4108 3737 4159 καὶ

2157 4196 2216 4248 τὸ
2295 4194 2466 4258 πάθος
2537 4195 2631 4246 καὶ
2721 4198 2833 4258 τοῖς
2939 4197 3330 4268 προστάγμασι
3420 4199 3734 4262 πεισθέντες

2156 4290 2252 4342 καὶ
2322 4287 2647 4357 θελήσαντες
2716 4286 2860 4359 ἅπερ
2950 4291 3182 4352 ἐκεῖνος.
3276 4289 3338 4342 Οἳ
3410 4289 3465 4342 δὲ
3521 4291 3580 4343 τὸ
3632 4291 3735 4362 μὲν

2158 4377 2326 4450 εἶχον,
2357 4378 2431 4457 τὸ⁸
2451 4378 2506 4432 δὲ
2538 4379 2635 4431 οὐκ
2673 4378 2924 4445 ἐδέξαντο
2954 4393 2967 4407 ·
3014 4379 3110 4433 καὶ
3162 4379 3222 4432 τὸ
3279 4380 3378 4448 μὲν
3424 4381 3737 4450 ἀνθρώποις

2159 4467 2300 4525 εἷναί
2330 4488 2482 4540 σφισι
2516 4472 2735 4538 συνέϐη,
2760 4470 3038 4525 πιστεύειν
3072 4471 3126 4523 δὲ
3152 4471 3228 4541 τῷ
3261 4473 3472 4542 Σωτῆρι
3502 4473 3601 4545 τὴν
3630 4491 3738 4527 σω-

2159 4566 2353 4636 τηρίαν
2395 4568 2485 4620 καὶ
2524 4567 2805 4618 κοινωνεῖν
2833 4565 2912 4634 τῷ
2968 4563 3161 4634 ἁγάθῳ
3219 4566 3317 4633 τῆς
3378 4565 3603 4635 γνώμης
3647 4567 3737 4619 οὗ·

2160 4660 2280 4711 κέτι
2316 4674 2331 4689 °
2372 4658 2593 4721 τούτους
2624 4656 2723 4725 τῆς
2760 4656 2857 4726 μὲν
2891 4657 3138 4723 ἀφέσεως
3180 4656 3288 4710 τῶν
3322 4658 3605 4729 ἁμαρτιῶν
3641 4658 3738 4711 καὶ

2160 4749 2269 4802 τῶν
2295 4750 2389 4801 ἐπὶ
2428 4747 2750 4818 δικαιοσύνῃ
2786 4749 3068 4814 στεφάνων
3116 4749 3407 4803 ἐκπίπτειν
3442 4749 3737 4804 ἀκόλουθόν

482 4842 753 4897 sententia
783 4842 1132 4909 dissidentes,
1180 4859 1369 4898 carere
1406 4854 1834 4899 consentauemn
1870 4856 1975 4910 est,
2006 4857 2050 4900 et

2165 4842 2278 4894 ἐστι
2310 4842 2376 4910 τῇ
2409 4840 2604 4910 γνώμῃ
2635 4839 3040 4908 διισταμένους,
3065 4838 3297 4909 λυθῆναι
3334 4840 3392 4893 δὲ
3421 4841 3519 4909 τὴν
3545 4842 3739 4910 ἑτέραν

482 4935 660 5003 perire
691 4933 917 4989 alteram
958 4934 1299 4989 libertatem:
1335 4950 1436 4989 nec
1461 4950 1583 4991 esse
1619 4935 1931 5005 quidquam.
1958 4938 2061 4991 im-

484 5024 802 5093 pedimenti,
831 5026 1149 5094 quominus,
1206 5042 1332 5082 cum
1397 5028 1647 5083 eamdem
1689 5044 1812 5084 cum
1846 5030 2060 5086 Christo

484 5123 738 5167 naturam
809 5114 1122 5182 obtineant,
1190 5117 1355 5170 etiam
1415 5118 1642 5172 redivivi
1705 5134 1736 5174 e
1792 5121 2061 5188 sepulcris

485 5205 773 5257 exsistant.
804 5203 1018 5259 Etenim
1067 5206 1339 5276 baptisma
1388 5208 1566 5264 solum
1615 5210 1787 5266 beatae
1838 5211 1961 5267 vita:
2004 5214 2058 5268 in

486 5295 731 5360 Christo,
762 5311 869 5350 non
906 5296 1067 5351 etiam
1101 5299 1221 5353 vitae
1246 5315 1414 5355 causa
1456 5309 1575 5366 est,
1613 5304 2057 5374 quandoquidem

488 5386 689 5442 Christi
726 5404 875 5444 mors
906 5398 959 5443 et
996 5392 1319 5445 resurrectio
1380 5393 1635 5450 omnibus
1678 5397 1961 5466 aequaliter
2006 5406 2061 5451 et

491 5480 820 5550 simpliciter
872 5483 1039 5537 vitam
1097 5482 1459 5539 immortalem
1488 5487 1818 5544 conciliavit.
1860 5489 2068 5559 Eaprn-

436 5628 439 5631 _
490 5581 610 5641 pter
638 5573 969 5627 resurrectio
1003 5572 1276 5627 universis
1299 5576 1621 5632 mortalibus
1644 5593 1938 5633 commune
1960 5579 2063 5633 do-

497 5679 627 5716 num
661 5676 783 5719 est:
821 5666 1076 5721 remissio
1110 5674 1289 5720 autem
1321 5680 1694 5738 peccatorum,
1733 5680 1789 5725 et
1818 5672 2069 5726 cmlestes

494 5769 732 5816 coronat,
770 5765 819 5808 et
866 5771 1092 5825 regnum
1140 5758 1402 5813 caelorum
1454 5760 1521 5817 iis
1559 5762 1930 5815 tantummodo
1974 5763 2071 5815 tri-

501 5850 760 5914 buuntur,
797 5853 998 5919 quibus
1045 5854 1278 5909 debitam
1317 5857 1843 5912 consummationem
1865 5856 2066 5913 addere

500 5939 572 6004 lic
598 5952 709 5996 tum
759 5944 862 6000 fuit
906 5946 1046 6016 τι(ιυί
1091 5949 1216 6005 hinc
1256 5963 1317 6006 se
1360 5950 1673 6017 instituunt,
1730 5958 1791 6007 ut
1826 5949 1947 6009 vita:
1988 5949 2065 6007 illi

2163 4932 2477 5001 ἐλευθερίαν
2511 4933 2605 4983 καὶ
2644 4930 2946 4998 ἀναστῆναι
2974 4931 3070 4997 τῆς
3105 4930 3321 4998 φύσεως
3345 4931 3441 5000 τῆς
3471 4931 3645 5001 αὐτῆς
3662 4933 3739 5003 τῷ

2172 5022 2394 5094 Χριστῷ
2417 5022 2745 5092 γενομένους
2769 5022 2921 5077 οὐδὲν
2953 5022 3170 5075 κωλύει.
3212 5022 3286 5075 Th
3315 5024 3424 5093 γὰρ
3456 5024 3739 5094 βάπτισμα

2161 5116 2260 5186 τῆς
2295 5117 2351 5168 ὲν
2381 5112 2608 5185 Χριστῷ
2649 5113 2927 5182 μακαρίας
2988 5112 3133 5181 ζωῆς
3164 5113 3343 5165 αἴτιόν
3396 5115 3513 5167 ἐστι
3559 5117 3735 5180 μόνον,

2161 5209 2221 5259 οὗ
2260 5206 2359 5276 τῆς
2388 5206 2555 5275 ζωῆς·
2601 5204 2787 5268 ἁπλῶς
2814 5206 2924 5274 75:9
2954 5205 3052 5271 τὴν
3080 5205 3347 5258 ἀθάνατον
3380 5205 3527 5276 ζωὴν
3558 5206 3618 5258 τὸ
3647 5207 3739 5259 τὸν

2163 5300 2400 5371 Χριστὸν
2432 5301 2686 5354 τεθνάναι
2748 5300 2842 5352 καὶ
2884 5298 3182 5352 ἀναϐιῶναι
3211 5300 3490 5369 παρέσχεν
3517 5300 3736 5370 ὁμοίως.

2166 5395 2263 5447 Διὰ
2288 5392 2447 5445 τοῦτο
2493 5394 2525 5462 ἡ
2555 5391 2652 5462 μὲν
2684 5392 2981 5453 ἀνάστασις
3033 5390 3215 5442 κοινόν
3248 5393 3370 5443 ἐστι
3410 5391 3583 5462 δῶρον
3635 5394 3739 5446 πᾶ-

2167 5502 2251 5538 σιν
2283 5482 2616 5554 ἀνθρώποις,
2657 5483 2851 5551 ἄφεσις
2878 5481 3248 5552 δὲὰμαρτιῶν
3279 5482 3371 5534 καὶ
3402 5484 3455 5535 ei
3492 5485 3549 5537 ὲν
3586 5485 3744 5554 ούρα-

2165 5579 2277 5637 νοῖς
2326 5576 2583 5645 στέφανοι
2628 5578 2720 5629 καὶ
2758 5579 2790 5648 ἡ
2825 5577 3074 5648 βασιλεία
3128 5577 3354 5632 ἐκείνων
3394 5581 3605 5648 γίνεται
3649 5582 3744 5651 μὸο

2170 5686 2281 5734 νον,
2356 5662 2438 5726 οἷς
2500 5668 2714 5737 ὑπῆρξε
2763 5672 3186 5739 προεισενέγκαι
3229 5674 3327 5745 τὴν
3387 5673 3741 5744 ὀφειλομένην

2173 5758 2507 5824 συντέλειαν,
2537 5761 2589 5813 οἳ
2611 5760 2895 5814 τάττουσιν
2957 5765 3186 5828 ἑαυτοὺς
3237 5765 3468 5830 ἐνθένδε,
3500 5767 3574 5829 ὡς
3597 5768 3740 5819 ἔστιν

2172 5852 2386 5916 οἰκείως
2415 5854 2560 5921 ἔχειν
2585 5853 2719 5924 πρὸς
2754 5856 2845 5906 τὸν
2878 5855 2989 5925 βίον
3010 5857 3217 5913 ἐκεῖνον
3243 5858 3335 5911 καὶ
3362 5857 3454 5911 τὸν
3485 5858 3736 5926 νυμφίον·

2184 5947 2516 6021 γεννώμενοι
2543 5947 2644 6018 μὲν
2690 5948 2912 6015 καινῶς,
2969 5951 3049 6005 ὅτι
3084 5950 3267 6013 καινὸς
3298 5953 3502 6015 ἐκεῖνος
3545 5950 3735 6013 Ἀδὰμ.
