4030 6450
283 362 386 424 5ίῦ

1338 367 1432 426 DE
1474 365 1654 426 VITA
1700 363 1778 423 ΙΝ
1822 363 2162 425 ClIRlSTO
2204 367 2354 426 LIB.
2403 366 2479 430 II.

3439 371 3543 434 516

282 477 468 531 κάλλει
498 477 555 530 δὲ
608 477 916 546 λάμποντες
961 477 1054 530 καὶ
1120 477 1217 550 τὴν
1251 479 1401 550 ὥραν
1450 478 1738 544 σώζοντες,
1795 479 1849 550 ἢκ

1968 492 2282 548 sponsoque
2306 480 2416 534 sint
2443 480 2647 546 idonei,
2681 481 2848 551 geniti
2890 482 3109 552 quidem
3145 497 3282 538 nova
3314 499 3545 552 genera-

281 570 462 633 αύττιῖς
493 571 780 642 ἐνεποίησε
825 572 883 624 16
933 572 1181 643 λουτρὸν,
1223 574 1308 626 ὄτι
1365 592 1383 624 ι
1424 574 1624 644 ὡραῖις
1674 572 1860 627 κάλλει

280 661 432 732 παρὰ
457 666 583 724 τοὺς
612 663 758 726 υἱοὺς
793 664 1123 734 ἀνθρώπων,
1157 684 1174 716 ›
1211 667 1304 718 καὶ
1354 671 1454 734 τὴν
1487 665 1588 736 μὲν
1617 665 1860 734 κεφαλὴν

277 751 522 806 ἑστῶσαν
554 751 790 822 ἔχοντες,
847 749 956 806 οἷαι
987 754 1097 808 τῶν
1123 754 1548 826 ὀλυμπιονίκων,
1594 758 1678 810 ὅτι
1735 755 1859 808 στέο

281 843 442 911 φανός
467 844 637 908 ἐστιν,
667 838 781 898 ὦτα
827 845 886 898 δὲ
915 846 996 898 ὅτι
1053 847 1231 914 λόγος,
1293 847 1606 918 ὀφθαλμοὺς
1670 849 1728 902 δὲ
1777 849 1859 901 ὅτι

278 934 448 1004 ἥλιος,
481 933 754 1004 ὄσφρησιν
793 936 848 989 δὲ
899 937 982 990 ὅτι
1030 938 1124 990 καὶ
1171 937 1341 1009 μύρον
1377 941 1526 993 ἐστὶν
1573 943 1600 994 6
1627 941 1858 1010 νυμφίος

279 1025 370 1078 καὶ
394 1025 564 1094 μύρον
595 1027 921 1095 ὲκκενωθὲν,
950 1032 1138 1100 σεμνοὶ
1164 1031 1222 1084 δὲ
1255 1033 1350 1084 καὶ
1378 1032 1600 1087 ἐπὶτῶν
1625 1035 1858 1104 ἱματίων

277 1117 362 1170 διὰ
393 1120 484 1171 τὸν
507 1119 714 1189 γάμον.

346 1292 492 1350 Εἶεν.
528 1298 713 1354 Ταῦτα
736 1301 790 1354 δὲ
811 1303 906 1356 καὶ
933 1303 1069 1373 πρὸς
1107 1304 1296 1377 ἕτερον
1335 1307 1494 1378 φέρει
1527 1307 1748 1377 ζήτημα
1778 1307 1857 1361 δί-

205 1461 210 1464 _
277 1407 428 1442 καιον
460 1390 520 1443 ὃν
556 1393 628 1463 μὴ
668 1393 1001 1464 περιῶφθαι.
1050 1397 1112 1450 Εἰ
1147 1398 1256 1468 γὰρ
1288 1399 1348 1452 τὸ
1395 1400 1494 1468 μὲν
1523 1400 1730 1453 ἐθέλειν
1760 1400 1856 1453 καὶ

277 1484 567 1536 πιστεῦσαι
591 1486 686 1538 καὶ
719 1489 1042 1556 προσελθεῖν
1067 1491 1179 1544 τῶν
1207 1491 1301 1544 τοῦ
1337 1492 1716 1562 βαπτίσματος
1749 1491 1853 1546 δώ-

277 1592 383 1644 ρων
400 1579 674 1647 ἐπιτυχεῖς
694 1581 1026 1651 γεγενῆσθαι
1073 1587 1508 1654 παρασκευάσει,
1526 1587 1586 1639 τὸ
1603 1585 1660 1639 δὲ
1680 1586 1855 1641 ταῦτα

275 1667 498 1736 φεύγειν
529 1671 623 1722 καὶ
646 1672 746 1740 τὴν
779 1677 1161 1746 μακαριότητα
1193 1678 1371 1731 πᾶσαν
1394 1678 1609 1748 ἐκείνην
1629 1678 1854 1747 φεύγειν

274 1759 440 1827 ἐστὶν,
475 1765 601 1827 τοὺς
634 1765 773 1833 μετὰ
805 1765 865 1818 16
909 1767 1093 1820 λαϐεῖν
1122 1769 1389 1838 ῥίψαντας
1427 1775 1520 1825 καὶ
1563 1772 1663 1842 τῆς
1714 1771 1854 1839 γνώ-

275 1871 384 1922 μης
432 1855 530 1923 τῆς
577 1857 853 1926 προτέρας
897 1859 1124 1922 ἑαυτοὺς
1179 1861 1570 1931 μεμψαμένους
1622 1862 1718 1914 καὶ
1762 1863 1854 1915 τὸν

273 1947 504 2017 Χριστὸν
525 1948 886 2018 ἡρνημένους,
912 1953 1129 2006 ἐπειδὰν
1151 1954 1230 2017 είς
1262 1954 1362 2023 τὴν
1396 1953 1740 2024 Ἐκκλησίαν,
1769 1954 1855 2024 ἐφ’

268 2036 350 2100 οἷς
397 2040 708 2110 ὴνόμησαν,
762 2045 1120 2112 μεταγνόντες
1168 2046 1574 2114 αὑτομολῶσιν,
1627 2049 1656 2100 6
1709 2047 1854 2117 ἱερδς

271 2132 492 2200 θεσμὸς,
519 2134 808 2188 ἀκόλουθον
833 2135 892 2190 ὃν
918 2137 1009 2189 ἐπὶ
1031 2137 1092 2190 τὸ
1121 2137 1346 2208 λουτρὸν
1367 2139 1563 2202 αὐτοὺς
1583 2139 1737 2207 ἄγειν
1759 2141 1854 2194 καὶ

265 2225 334 2276 τὰ
376 2225 612 2294 μυστικὰ
647 2229 821 2279 τελεῖν
857 2229 917 2293 ἐξ
949 2230 1124 2300 ἀρχῆς
1157 2231 1304 2283 ὼσὰν
1337 2232 1397 2283 16
1436 2233 1542 2284 πᾶν
1577 2231 1855 2284 ἀπολωλε-

266 2317 456 2381 κότας,
487 2320 514 2369 6
543 2318 600 2370 δὲ
633 2319 710 2388 τῷ
739 2319 868 2390 οείῳ
897 2321 1054 2391 μύρῳ
1080 2321 1148 2374 τὰ
1179 2321 1404 2392 σώματα
1434 2323 1616 2382 αὐτοῖς
1644 2327 1854 2392 ἀποση-

267 2409 581 2477 μηνάμενος
633 2414 726 2463 καὶ
782 2411 948 2482 μηδὲν
995 2415 1157 2468 πλέον
1201 2417 1458 2484 προσθεὶς
1507 2415 1600 2469 τοῦ
1648 2415 1850 2469 κύκλου

264 2501 541 2569 γράφεται
575 2504 683 2554 τῶν
722 2506 930 2557 πιστῶν
956 2521 970 2536 ·
1007 2507 1058 2560 τί
1090 2502 1184 2561 οὖν
1213 2512 1352 2576 πρὸς
1382 2507 1554 2561 ταῦτα
1591 2509 1732 2560 εἴποι
1767 2526 1852 2571 τις

262 2595 332 2646 ἄν
361 2613 374 2659 ς
428 2595 496 2648 Ἢ
539 2597 681 2648 δυοῖν
710 2599 914 2652 τούτων
941 2600 1070 2668 ἡμῖν
1103 2599 1200 2670 τὴν
1234 2601 1371 2668 πρὸς
1410 2599 1541 2652 Θεὸν
1571 2600 1853 2654 εὐσέϐειαν

260 2687 604 2756 δυναμένων,
630 2688 721 2742 τοῦ
754 2707 814 2742 τε
838 2691 1023 2744 λαϐεῖν
1051 2692 1334 2762 ὀφθαλμὸν
1362 2693 1469 2746 ἀπὸ
1501 2693 1609 2745 τῶν
1643 2711 1850 2764 μυστη-

266 2779 418 2844 ρίων.
448 2779 540 2832 τοῦ
578 2799 636 2833 τε
671 2781 910 2852 χρῆσθαι
959 2784 1055 2836 καὶ
1089 2785 1223 2854 πρὸς
1264 2785 1364 2854 τὴν
1394 2785 1585 2837 ἀκτῖνα
1633 2786 1850 2856 ἐκείνην

264 2871 425 2938 ὁρᾷν,
466 2873 576 2935 τοῖς
626 2875 988 2942 προδεδωκόσι
1032 2877 1122 2927 τὸν
1174 2878 1604 2946 Χριστιανισμὺν
1647 2879 1708 2932 τὸ
1750 2878 1850 2948 μὲν

260 2963 565 3017 ἀπόλλυται
593 2972 652 3017 τὸ
683 2966 958 3038 δεύτερον,
985 2968 1162 3021 ἐκεῖνο
1186 2969 1243 3021 δὲ
1277 2972 1461 3037 μένει;
1489 2970 1633 3036 λέγω
1657 2969 1721 3034 δὴ
1751 2969 1849 3039 τὴν

258 3057 402 3123 πρὸς
458 3056 518 3107 16
573 3056 791 3128 βλέπειν
846 3060 1262 3130 ἐπιτηδειότητα
1311 3067 1406 3114 καὶ
1459 3063 1845 3131 παρασκευήν.

1968 569 2134 634 tione,
2165 571 2422 638 quoniam
2460 571 2633 625 Adam
2681 573 2770 626 ille
2811 590 2985 629 novus
3027 584 3143 630 est:
3193 577 3393 631 decore
3441 577 3544 629 ful-

1963 669 2185 730 gentes,
2263 671 2317 715 ct
2373 663 2836 732 pulchritudinem
2897 681 2927 720 a
2991 667 3206 723 lavacro
3262 681 3542 736 acceptam

1962 767 2355 810 conservantes
2383 774 2396 809 :
2439 775 2458 807 ι
2489 758 2624 823 Quia
2656 762 2940 828 speciosus
2968 759 3142 815 forma
3171 769 3254 816 cst
3282 778 3390 832 prae
3416 767 3542 818 liliis

1963 845 2249 900 hominum
2279 847 2358 912 7°;
2409 866 2428 899 ι
2499 858 2552 902 ιιι
2605 858 2768 919 caput
2823 860 3068 906 erectum
3129 853 3430 920 habentes,
3484 866 3542 907 ιιι

1962 937 2366 1008 οιγιιιρὶοιιίειιε,
2414 941 2542 1008 quia
2589 956 2790 995 corona
2825 956 2946 1009 est;
2989 959 3149 999 aures
3174 955 3379 1010 autem,
3411 948 3540 1017 quia

1963 1027 2185 1079 Verbum
2211 1038 2330 1092 est;
2388 1027 2595 1093 oculos,
2625 1029 2753 1098 quia
2785 1031 2866 1084 sol
2893 1047 2906 1096 ;
2931 1048 3114 1100 nares,
3141 1034 3269 1102 quia
3295 1051 3542 1105 unguen-

1964 1127 2074 1170 tum
2135 1126 2219 1170 est
2266 1133 2502 1185 sponsus
2549 1119 2660 1185 ille,
2714 1129 2768 1175 ct
2814 1133 3146 1192 unguentum
3190 1122 3537 1180 effusum“:

1961 1207 2150 1261 habitu
2186 1221 2369 1262 autem
2402 1210 2640 1273 honesti,
2671 1220 2890 1280 propter
2917 1215 3159 1283 nuptias.

2029 1297 2094 1351 Et
2111 1301 2226 1352 haec
2257 1300 2476 1369 quidem
2495 1303 2809 1370 hujusmodi
2835 1316 3018 1358 sunto.
3041 1305 3261 1360 Exsistit
3291 1305 3397 1361 hoc
3416 1306 3484 1360 lo:
3504 1323 3537 1361 0

1958 1390 2061 1444 alia
2103 1394 2355 1460 quaestio,
2388 1408 2552 1461 quam
2587 1395 2744 1449 decet
2777 1411 2886 1449 non
2929 1398 3224 1467 negligere.
3264 1399 3317 1453 Si
3385 1403 3530 1454 enim

1958 1482 2198 1548 velle,ct
2263 1484 2609 1538 connnitterc
2669 1500 2750 1550 se,
2820 1496 2876 1540 et
2915 1489 3198 1553 accedere,
3260 1489 3529 1542 donorum

1956 1574 2212 1643 baptismi
2235 1583 2520 1642 compotes
2545 1576 2703 1629 efficit
2729 1593 2742 1640 ;
2771 1585 2824 1630 et
2857 1577 2971 1630 lnnc
2997 1577 3204 1648 fugere,
3229 1588 3312 1633 est
3345 1578 3534 1648 fugere

1955 1679 2174 1718 omnem
2229 1665 2658 1734 beatitudinem;
2697 1669 2786 1737 qui
2842 1670 3055 1738 abjccta
3119 1671 3530 1733 communione,
3612 1727 3621 1733 _

1956 1767 2009 1811 ct
2041 1758 2221 1826 priore
2243 1759 2512 1812 sententia
2547 1759 2685 1828 apud
2723 1774 2783 1814 se
2799 1763 3152 1829 reprehensa,
3209 1771 3264 1818 ει
3311 1762 3534 1817 Christo

1957 1851 2244 1920 abnegato,
2281 1849 2431 1905 ducti
2459 1852 2799 1920 pmnitudine
2830 1854 3056 1908 sceleris
3104 1855 3192 1909 sui
3217 1855 3284 1910 ad
3349 1855 3533 1910 Eccle-

1955 1944 2091 1998 siam
2128 1943 2416 2009 redierint,
2474 1960 2596 1999 cum
2638 1959 2983 2014 consequens
3017 1946 3090 2000 sit
3145 1963 3238 2003 eos
3265 1948 3336 2002 ad
3391 1949 3534 2001 lava-

1955 2051 2107 2090 crum
2132 2036 2316 2090 statim
2347 2037 2567 2100 adduci,
2601 2047 2656 2092 et
2705 2040 2769 2092 tle
2801 2041 3013 2108 integro
3065 2040 3328 2111 mysticas
3371 2056 3537 2095 (scrc-

1957 2128 2172 2182 monias
2195 2129 2469 2194 adhiberi,
2494 2140 2552 2183 ttt
2574 2130 2664 2199 qui
2691 2138 2864 2184 totttm
2892 2131 3136 2186 funditus
3161 2133 3530 2201 perdiderint;

1953 2222 2214 2274 sacerdos
2239 2229 2418 2275 tamen
2443 2223 2775 2277 auctoritate
2805 2224 2938 2291 legis
2958 2225 3346 2280 ecclesiasticae
3371 2241 3534 2280 sacro

1959 2321 2167 2368 tantum
2199 2315 2320 2368 oleo
2351 2330 2580 2382 corpora
2623 2315 2901 2382 inunctos,
2959 2317 3101 2372 citra
3133 2321 3300 2372 ritum
3336 2321 3529 2380 alium,

1954 2403 2129 2457 ordini
2167 2404 2404 2458 lidelium
2438 2406 2696 2460 restituit.
2753 2405 2892 2472 Quid
2925 2409 2989 2461 ad
3037 2407 3142 2463 hoc
3197 2409 3536 2478 respondet.-

1955 2496 2396 2549 dum?Ancnm
2451 2499 2564 2552 huic
2616 2501 2723 2552 duo
2778 2501 3035 2567 pietatem
3104 2514 3342 2554 nostram
3401 2517 3530 2570 erga

1952 2589 2122 2642 Deum
2154 2591 2495 2655 contineant,
2525 2602 2635 2644 tum
2669 2595 2952 2661 acor-pisse
2979 2594 3199 2646 oculum
3238 2608 3268 2646 a
3325 2603 3532 2662 mystc-

1953 2682 2072 2744 riis,
2105 2691 2218 2734 tum
2245 2683 2366 2750 ejus
2406 2699 2562 2736 nsum
2597 2684 2819 2748 habere,
2843 2694 2895 2739 et
2924 2685 3136 2739 radium
3160 2686 3313 2738 illum
3355 2685 3533 2737 intue-

1952 2776 2020 2839 ri,
2053 2777 2464 2832 Christianismi
2507 2778 2881 2846 proditoribus
2934 2795 3106 2832 nnunt
3134 2762 3338 2848 'pcriit,
3389 2782 3532 2833 alte-

1952 2884 2071 2921 rum
2108 2869 2237 2921 illud
2267 2879 2476 2934 manet,
2532 2870 2752 2926 habitus
2784 2870 3030 2940 inquam,
3058 2882 3111 2926 et
3170 2869 3408 2925 facilitas
3462 2875 3530 2923 ad

1953 2963 2242 3016 videndum
2271 2963 2294 3016 ?
2318 2962 2496 3028 Causa
2524 2963 2637 3016 haec
2683 2972 2789 3028 est,
2819 2963 2946 3032 quia
2981 2963 3084 3017 hoc
3106 2963 3327 3032 quidem
3349 2962 3539 3016 Volan-

1955 3054 2100 3108 tibus
2134 3057 2365 3121 perdere
2397 3054 2564 3120 licet,
2604 3056 2824 3123 quando
2856 3055 2908 3108 in
2945 3065 3135 3109 ucstro
3166 3055 3396 3108 arbitrio
3423 3066 3533 3120 cst,

256 3150 445 3202 Λῖτιον
483 3149 540 3202 δὲ
572 3151 654 3202 ὅτι
685 3151 745 3202 τὸ
781 3152 878 3222 μὲν
908 3153 1204 3206 ἀποϐαλεῖν
1253 3154 1432 3219 ἔξεστι
1481 3155 1844 3224 βουλομένοις,

1953 3156 2048 3200 aut
2074 3147 2208 3202 solis
2236 3148 2358 3200 luce
2412 3146 2732 3214 aspicienda
2783 3146 3069 3212 delectari,
3122 3157 3217 3200 aut
3267 3145 3535 3200 adversus

257 3241 528 3312 ἡμέτερον
557 3243 667 3312 γὰρ
696 3242 728 3314 ἢ
756 3243 980 3314 στέρξαι
1003 3245 1093 3298 τὸν
1123 3246 1274 3316 Ιἣλιον
1310 3245 1341 3315 ἢ
1378 3247 1514 3315 πρὸς
1539 3246 1635 3316 τὴν
1657 3247 1850 3300 ἀκτῖνα

262 3334 441 3404 μῦσαι
482 3333 572 3386 16v
609 3333 920 3402 ὀφθαλμόν·
959 3338 1017 3389 τό
1048 3354 1110 3404 γε
1145 3338 1252 3407 μὴν
1279 3338 1443 3391 αὑτὸν
1493 3338 1722 3406 ἐκκόψαι
1757 3338 1848 3391 τὸν

254 3425 542 3494 ὀφθαλμὶν
566 3427 659 3477 καὶ
677 3425 775 3494 τὴν
803 3426 1000 3480 πλάσιν
1023 3428 1238 3501 ἐκείνην
1267 3429 1582 3482 παντάπασι
1607 3429 1848 3498 διαφθεῖ-

258 3534 353 3586 ραι
401 3515 509 3568 τῶν
553 3518 850 3588 ἀμηχάνων
892 3520 1042 3589 ἡμῖν.
1091 3522 1152 3575 Et
1195 3521 1305 3592 γάρ
1349 3524 1458 3576 τῶν
1497 3525 1554 3576 ἐν
1592 3527 1658 3594 τῇ
1697 3523 1843 3594 ψυχῇ

253 3609 563 3678 δυνάμεων,
606 3614 725 3678 μεθ’
795 3603 870 3664 ὧν
915 3614 1126 3684 ἡμᾶςή
1168 3617 1328 3681 φύσις
1377 3616 1688 3685 ἐγέννησεν,
1737 3616 1846 3668 οὐδ’

255 3701 511 3770 ἡντινοῦν
541 3701 823 3771 δυνάμεθα
851 3703 1018 3768 λύειν,
1052 3706 1254 3776 ἥκιστα
1281 3705 1348 3775 δὴ
1374 3707 1592 3760 πάντων
1622 3708 1688 3776 ἢν
1715 3709 1846 3776 ἡμῖν

255 3793 576 3860 ἁναγεννῶν
620 3795 781 3857 αὐτὸς
815 3796 1034 3863 ἀμέσως
1066 3796 1324 3868 ἐνέθηκεν
1349 3800 1377 3851 6
1405 3799 1538 3862 Θεὸς
1559 3816 1573 3831 ·
1602 3802 1726 3852 ἐπεὶ
1751 3800 1845 3853 καὶ

254 3885 391 3938 αὐτὸ
434 3884 494 3937 τὺ
521 3887 577 3938 έν
609 3887 742 3955 ἡμῖν
771 3887 1096 3958 ἡγούμενον,
1133 3889 1160 3942 ὃ
1200 3891 1254 3942 τί
1285 3891 1417 3943 ποτέ
1441 3893 1580 3957 ἐστι,
1620 3892 1844 3947 πλάττει

255 3977 356 4030 καὶ
393 3977 665 4048 διατίθησι
715 3979 778 4032 16
822 3980 1068 4049 λουτρὸν,
1119 3982 1230 4035 εἴτε
1274 3981 1435 4049 λόγου
1482 3985 1579 4038 καὶ
1619 3984 1846 4054 γνώμης

256 4068 590 4138 αὐτονομίαν
613 4109 628 4133 ,
651 4069 753 4122 εῖο⁹
777 4070 963 4140 ἕτερον
1003 4071 1183 4126 ὁτιοῦν
1215 4073 1322 4144 χρὴ
1350 4073 1509 4126 τοῦτο
1529 4074 1770 4145 νομίσαι,
1801 4071 1846 4143 ᾦ

256 4160 410 4212 πᾶσα
451 4159 551 4228 μὲν
592 4160 729 4212 εῐκει
777 4160 1006 4229 δύναμις
1049 4163 1148 4230 τῆς
1198 4163 1380 4233 ψυχῆς
1426 4165 1519 4218 καὶ
1569 4164 1707 4235 πρὸς
1745 4169 1846 4234 τὴν

255 4251 470 4302 ἐκείνου
498 4251 722 4320 φέρεται
751 4259 988 4322 κίνησιν,
1009 4253 1321 4307 ὲπιττάττει
1348 4256 1403 4308 δὲ
1429 4257 1586 4310 οὐδὲν
1611 4249 1730 4310 οὐδὲ
1753 4258 1846 4311 δύ-

255 4362 420 4397 ναται
468 4344 852 4412 μεταϐάλλειν,
896 4346 1010 4399 ἀλλ’
1040 4345 1163 4400 οὐδὲ
1200 4347 1332 4400 αὐτὸ
1364 4349 1527 4403 ἑαυτό
1548 4367 1562 4382 ’
1597 4352 1845 4419 κρεῖττον

255 4439 368 4506 γάρ
394 4435 549 4488 οὐδὲν
580 4435 776 4500 γένοιτ’
804 4437 870 4490 ἂν
917 4437 1138 4501 ἑαυτοῦ,
1179 4439 1274 4491 καὶ
1310 4438 1419 4508 μὴν
1448 4439 1569 4492 οὐδὲ
1596 4441 1686 4493 τὸν
1710 4442 1844 4496 Θεὸν

1954 3238 2166 3291 radium
2231 3237 2348 3302 ejus
2407 3236 2666 3292 claudere
2733 3237 2956 3291 oculum
3014 3254 3028 3291 :
3085 3253 3279 3292 eruere
3347 3249 3530 3291 autem

1951 3328 2132 3398 ipsum
2176 3329 2422 3393 oculum,
2465 3336 2912 3397 structuramquc
2960 3327 3107 3382 illam
3182 3329 3396 3398 penitus
3455 3330 3526 3380 vi-

1951 3421 2111 3483 tiare,
2170 3421 2327 3474 nobis
2387 3431 2468 3474 cst
2549 3421 2782 3476 nimium
2829 3430 3094 3488 quantum
3157 3422 3393 3474 dtllicile.
3473 3420 3531 3474 Si

1949 3515 2094 3567 enim
2145 3513 2466 3567 facultatum
2521 3513 2737 3576 animae,
2776 3530 2903 3567 cum
2966 3514 3168 3583 quibus
3222 3530 3326 3566 nos
3369 3522 3531 3566 natu-

1949 3621 2008 3658 ra
2045 3605 2252 3674 genuit,
2279 3605 2601 3674 disperdere
2655 3605 2868 3659 nullam
2925 3620 3238 3673 possumus,
3301 3605 3531 3662 minime

1947 3700 2190 3752 omnium
2222 3698 2366 3751 illam
2401 3698 2727 3766 poterimus,
2755 3714 2921 3767 quam
2977 3697 3144 3756 nobis
3202 3713 3533 3766 regeneratus

1949 3791 2066 3862 ipse
2111 3791 2252 3845 licus
2281 3807 2379 3860 per
2410 3807 2469 3862 se
2499 3791 2699 3846 indidit
2733 3809 2748 3844 :
2777 3790 3054 3858 siquidem
3097 3802 3150 3845 et
3175 3793 3350 3860 ipsum
3379 3793 3530 3858 (ειμιιί

1950 3884 2003 3937 in
2030 3884 2186 3937 nobis
2208 3883 2420 3937 obtinet
2455 3885 2848 3952 principatum,
2880 3883 3249 3952 quodcunque
3297 3885 3521 3936 tandem

1947 3985 2052 4040 est,
2089 3975 2288 4029 format
2332 3985 2385 4028 et
2410 3976 2692 4044 componit
2738 3977 3059 4030 lavacrum:
3089 3975 3273 4030 sireid
3297 3975 3532 4029 rationis

1947 4077 2002 4122 et
2025 4068 2224 4122 mentis
2250 4069 2592 4132 autonomia,
2619 4068 2736 4123 sive
2759 4067 2910 4121 aliud
2932 4071 3301 4154 quodcunque
3337 4070 3500 4122 existi
3520 4102 3532 4111 -

1949 4160 2208 4214 mandum
2228 4167 2334 4224 est,
2367 4159 2454 4214 cui
2496 4159 2679 4214 omnis
2701 4161 2898 4213 aninta:
2932 4160 3107 4214 virtus
3133 4161 3298 4226 cedit,
3359 4171 3414 4216 et
3457 4163 3527 4216 ad

1933 4259 2154 4308 'motum
2189 4251 2476 4307 illiussesc
2509 4253 2907 4316 accommodat,
2947 4252 3036 4308 cui
3084 4253 3222 4307 nihil
3275 4254 3527 4322 imperat,

1947 4345 2204 4416 quodque
2238 4343 2439 4399 mutari
2465 4358 2498 4398 a
2529 4344 2680 4398 nulla
2711 4359 2770 4398 re
2800 4353 3000 4414 potest.
3032 4344 3142 4400 Sed
3195 4363 3295 4403 nec
3348 4350 3533 4418 ipsttm

1947 4434 2304 4504 semetipsum
2336 4444 2515 4492 mutat
2541 4453 2558 4502 ;
2588 4434 2725 4490 nihil
2753 4437 2896 4490 enim
2957 4438 3140 4507 soipso
3158 4441 3356 4495 melius
3414 4440 3531 4494 fieri

257 4501 426 4592 εἰκός.
454 4529 528 4582 Οὐ
569 4530 674 4600 γὰρ
705 4529 949 4597 ἀφέλοιτ’
980 4530 1044 4582 ἂν
1073 4524 1148 4585 ὧν
1183 4501 1323 4601 ἡμῖν
1357 4501 1621 4586 κατέθετο
1656 4533 1845 4605 δώρων

1952 4501 2266 4595 qtteat._Sed
2298 4540 2473 4595 neque
2499 4501 2672 4580 arDeo
2702 4526 2904 4580 mutari
2949 4501 3170 4597 :eqitnm
3206 4539 3313 4584 est.
3369 4531 3530 4583 Haud

254 4623 414 4676 οὐδέν
440 4638 457 4654 ο
505 4643 521 4675 ι
591 4623 1010 4694 Ἀμεταμέλητα
1049 4625 1159 4694 γὰρ
1198 4625 1267 4678 τὰ
1303 4625 1644 4696 χαρίσματα,
1686 4629 1850 4698 φησι,

256 4715 353 4769 τοῦ
386 4715 545 4782 Θεοῦ,
588 4734 610 4768 ι
638 4716 733 4769 καὶ
762 4717 898 4781 ὅλως
927 4717 1153 4787 ἄπειρος
1183 4719 1516 4786 ἀγαοότητος
1545 4718 1622 4771 ὢν
1657 4717 1850 4788 βούλε-

253 4823 346 4858 ται
380 4807 490 4858 πᾶν
518 4806 649 4876 ἡμῖν
675 4805 904 4874 ἀγαθὸν,
945 4807 1041 4859 καὶ
1077 4806 1260 4859 δίδωσί
1288 4824 1350 4875 γε
1383 4806 1587 4862 ἀλύτου
1620 4809 1720 4879 τῆς
1752 4808 1848 4862 τοῦ

255 4896 606 4962 αὐτεξουσίου
632 4897 924 4968 προεδρίας
954 4897 1346 4968 ὑποκειμένης.
1391 4898 1646 4952 Τοιοῦτςν
1689 4899 1747 4952 δὲ
1785 4899 1848 4952 τὸ

255 4991 349 5044 τοῦ
393 4989 771 5060 βαπτίσματος
799 4990 1025 5059 ἀγαθόν.
1059 4991 1134 5043 Οὐ
1164 4992 1271 5058 γὰρ
1301 4991 1459 5062 ἄγχει
1487 4993 1588 5064 τὴν
1617 4991 1846 5062 γνώμην

256 5083 378 5138 οὐδὲ
404 5082 644 5152 κατέχει,
671 5083 807 5136 ἀλλὰ
829 5083 1060 5154 δύναμις
1088 5079 1225 5138 οὖσα
1253 5085 1380 5147 τοὺς
1407 5085 1503 5154 μὲν
1525 5087 1846 5155 χρωμένους

256 5177 408 5230 οὐδὲν
430 5175 671 5229 ἐκώλυσε
698 5177 878 5245 μεῖναι
911 5177 1206 5249 πονηροὺς,
1235 5176 1490 5247 καθάπερ
1517 5179 1613 5230 καὶ
1642 5178 1844 5232 τὸισῶν

257 5262 401 5333 ἔχειν
439 5263 530 5316 16v
562 5263 840 5334 ὀφθαλμὸν
870 5265 972 5317 οὐκ
1007 5265 1074 5317 ἂν
1115 5266 1387 5336 προσταίη
1426 5268 1539 5329 τοῖς
1571 5269 1628 5318 ὲν
1663 5267 1844 5323 σκότει

259 5353 359 5424 ζῇν
389 5353 728 5424 βουλομένοις
749 5371 762 5386 ο
793 5358 888 5409 καὶ
913 5356 1072 5425 δῆλον
1101 5357 1349 5420 αὐτόθεν,
1374 5359 1529 5411 αὐτοὶ⁴
1559 5360 1668 5430 γὰρ
1695 5355 1841 5414 οὗτοι

261 5443 537 5516 μάρτυρες
568 5447 757 5514 σαφεῖς
787 5448 838 5500 οί
870 5447 1010 5517 μετὰ
1043 5448 1104 5502 16
1135 5449 1436 5504 λούσασθαι
1463 5451 1651 5505 καὶτὰ
1691 5452 1839 5504 ἐκεῖ-

259 5537 352 5590 θεν
399 5538 586 5591 πάντα
631 5537 818 5593 λαϐεῖν
870 5541 951 5604 εἰς
1001 5541 1101 5610 τὴν
1150 5541 1390 5614 ἐσχάτην
1445 5544 1701 5598 ἀσέϐειαν
1749 5543 1842 5598 καὶ

261 5629 564 5705 μοχθηρίαν
585 5631 974 5706 ὲξενεχθέντες.
1001 5633 1102 5688 Διὰ
1131 5635 1305 5690 ταῦτα
1328 5635 1510 5692 τοίνυν
1534 5637 1612 5708 τῷ
1637 5639 1714 5709 μὴ
1741 5638 1840 5701 τὰς

331 5815 376 5844 "°
398 5813 544 5868 Psal.
581 5829 704 5881 XLV,
735 5816 785 5872 3.
866 5815 908 5846 τι
952 5813 1112 5870 Cant.
1148 5831 1186 5882 ι,
1221 5814 1274 5869 2.
1355 5817 1398 5848 7’
1441 5815 1596 5869 Rom.
1641 5831 1712 5882 xi,
1755 5815 1848 5870 ‘29.

1945 4619 2091 4673 enim
2130 4616 2197 4670 de
2223 4616 2386 4671 donis
2415 4617 2533 4673 suis
2561 4619 2672 4689 pllo
2697 4633 2797 4673 nos
2844 4619 3105 4686 spoliabit
3140 4635 3157 4673 :
3195 4637 3214 4670 ι
3250 4619 3344 4672 Dei
3377 4620 3525 4674 enim

1944 4711 2089 4765 dona
2123 4711 2242 4766 sine
2290 4710 2613 4781 pwnitentia
2643 4719 2794 4778 sunt,
2831 4729 2850 4763 ι
2890 4711 3068 4781 inquit
3098 4711 3393 4780 Apostolus
3454 4715 3526 4766 τ’.

1944 4801 2000 4857 1η
2053 4819 2289 4867 summa,
2319 4803 2545 4858 infinita:
2572 4802 2839 4859 bonitatis
2874 4819 2999 4858 cum
3051 4801 3145 4867 sit,
3175 4802 3325 4868 cupit
3348 4813 3403 4858 et
3433 4803 3530 4858 dat

1945 4897 2105 4951 nobis
2133 4911 2296 4951 omne
2348 4897 2579 4963 bonum,
2641 4895 2713 4950 ita
2758 4905 2940 4950 tamen
3004 4904 3065 4948 ut
3108 4897 3527 4966 prarrogativam

1946 5002 2102 5044 suam
2137 4988 2309 5044 libera
2341 4988 2598 5044 voluntas
2627 4996 2817 5043 nostra
2849 5003 3067 5057 semper
3091 4988 3350 5044 retineat.
3395 4988 3530 5043 Tale

1945 5089 2030 5138 est
2057 5081 2399 5152 baptismatis
2428 5081 2655 5136 bonum.
2677 5079 2796 5135 Non
2814 5080 2962 5135 enim
3020 5090 3257 5136 mentem
3285 5089 3530 5136 coarctat

1947 5187 2124 5240 neque
2153 5173 2441 5241 opprimit,
2475 5172 2569 5228 sed
2599 5187 2724 5226 cum
2749 5171 2822 5226 sit
2847 5170 2926 5225 vis
2967 5180 3019 5226 ct
3074 5171 3330 5236 facultas,
3369 5183 3530 5225 uten-

1945 5266 2093 5320 tibus
2115 5265 2378 5334 prodest;
2421 5280 2530 5319 non
2566 5272 2785 5320 utentes
2813 5273 2992 5318 autem
3037 5280 3263 5319 manere
3319 5264 3529 5330 impru-

1949 5358 2048 5412 bos
2081 5373 2190 5412 non
2211 5367 2359 5412 vetat
2391 5376 2404 5415 :
2438 5359 2582 5414 sicut
2614 5369 2670 5436 et
2699 5373 2893 5413 sanum
2936 5359 3138 5414 habere
3197 5353 3418 5411 oculum
3472 5355 3529 5406 in

1951 5452 2192 5508 tenebris
2215 5451 2498 5506 ambulare
2520 5451 2831 5508 volentibus
2855 5451 3245 5520 impedimento
3265 5461 3374 5500 non
3401 5444 3527 5500 erit.

1953 5545 2132 5616 llujus
2187 5545 2265 5601 rei
2319 5553 2485 5602 testes
2545 5555 2676 5601 sunt
2736 5546 3000 5602 luculenti
3062 5543 3182 5612 qui,
3237 5549 3530 5606 postquam

1954 5638 2125 5695 abluti
2174 5649 2227 5694 ct
2259 5640 2448 5697 omnia
2478 5639 2628 5698 illius
2665 5639 2910 5710 mystcrii
2943 5636 3126 5706 adepti
3157 5634 3413 5698 fuissent,
3472 5631 3533 5686 in
