4030 6452
438 349 546 414 521

1681 344 1989 407 NICOLAI
2037 343 2428 404 CABASILrﬁ

3606 347 3712 410 552

436 479 601 535 qttam
651 461 762 517 cito
817 470 873 516 et
930 458 1033 514 levi
1081 456 1298 527 negotio
1352 471 1643 526 personam
1709 456 2014 511 mutabant.

2131 458 2276 509 πεῖον
2307 455 2645 525 ἀμείϐοντες.
2667 456 2873 525 Συνέϐη
2895 456 2950 510 δὲ
2977 458 3188 520 πολλοῖς
3217 459 3313 514 καὶ
3342 462 3418 531 μὴ
3445 460 3716 531 λουσαμέ-

435 553 832 620 Compluribus
888 550 1050 606 etiam
1078 565 1185 604 non
1242 548 1444 603 ablutis
1493 548 1547 601 in
1597 548 1825 602 chorum
1875 548 2022 603 hunc

441 649 635 703 referri
669 645 916 714 contigit.
950 659 1091 713 quos
1125 643 1194 696 ab
1219 640 1460 696 Ecclesia
1489 657 1630 711 aqua
1692 656 1800 694 non
1844 640 2021 710 bapti-

432 751 591 796 ::atos
610 740 726 809 ipse
747 751 983 807 sponsus
1013 733 1271 790 Ecclesia:
1296 734 1607 803 baptizavit.
1628 733 1811 789 Multis
1834 733 2020 802 itaque

434 841 490 886 et
517 828 715 884 nubem
747 827 1026 881 humidam
1055 826 1124 881 de
1154 825 1316 888 ctelo,
1351 835 1405 880 et
1447 839 1646 893 aquam
1684 824 1827 877 ultro
1855 839 1886 877 e
1919 830 2021 879 ter-

439 938 496 977 ra
525 929 902 989 erumpentem
936 919 1105 983 dedit,
1139 928 1191 971 et
1222 919 1301 972 sic
1347 917 1569 972 demum
1596 931 1695 971 eos
1747 916 2018 970 lustravit.

438 1014 635 1068 Multos
666 1012 881 1068 occulte
916 1009 1255 1065 reformavit.
1299 1009 1623 1065 Sicutenim
1653 1024 1774 1078 qua:
1806 1009 2012 1062 desunt

433 1106 679 1171 Christo,
712 1103 952 1158 membra
986 1103 1241 1157 Ecclesize
1274 1101 1496 1162 Paulus,
1526 1109 1577 1156 et
1610 1102 1656 1155 si
1682 1100 1806 1169 quis
1847 1100 1896 1153 ei
1945 1099 2015 1155 si-

442 1199 606 1260 milis,
653 1195 911 1265 supplet:
942 1195 1022 1250 sic
1077 1193 1213 1247 nihil
1266 1194 1592 1258 absurdum,
1641 1207 1763 1261 quze
1820 1192 2021 1246 desunt

443 1288 722 1348 Etrclt-sire,
760 1287 935 1355 ipsum
965 1293 1132 1354 caput
1158 1283 1415 1340 Ecclesia!
1443 1283 1719 1353 supplere.
1761 1283 1838 1338 .Si
1871 1282 2016 1337 enim

438 1388 589 1443 sunt,
614 1379 816 1448 quibus
849 1377 1091 1431 membra
1123 1384 1294 1447 caput
1316 1375 1573 1431 ridentur
1599 1375 1815 1445 juvare,
1842 1390 2021 1444 quan-

437 1482 493 1525 to
520 1470 727 1540 justius
751 1477 856 1533 est,
887 1482 1011 1539 quae
1042 1468 1304 1523 membris
1353 1468 1576 1531 desunt,
1620 1466 1803 1536 ipsum
1854 1475 2021 1534 caput

438 1563 721 1633 adjicere?
753 1561 819 1616 Et
843 1563 961 1617 bare
997 1562 1220 1635 quidem
1245 1561 1311 1614 ad
1348 1560 1512 1615 istum
1534 1557 1758 1614 modum
1808 1573 1870 1613 se
1926 1559 2024 1611 ha-

439 1660 624 1714 beant.
679 1656 756 1710 Ad
799 1656 983 1727 priora
1054 1655 1392 1710 redeundum
1461 1662 1571 1709 est.
1625 1652 2012 1723 llujnscemoli

440 1752 606 1822 igitur
635 1751 916 1813 virtutem,
936 1764 1044 1818 qua
1067 1749 1217 1803 istaec
1251 1747 1366 1803 ausi
1409 1754 1560 1812 sunt,
1587 1756 1644 1801 et
1677 1745 2018 1800 alacritatem

2125 562 2238 608 νοις
2287 547 2366 609 εἰς
2410 546 2599 600 τοῦτον
2639 547 2861 600 τελέσαι
2911 548 3004 602 τὸν
3046 551 3229 620 κόρον,
3282 550 3377 614 οὓς
3429 551 3585 607 ὕδατι
3636 556 3715 626 μὴ

2127 631 2522 701 βαπτισθέντας
2555 633 2658 687 ὑπὸ
2687 635 2784 703 τῆς
2824 636 3183 707 Ἑκκλησῖας,
3213 642 3379 705 αὐτὸς
3415 642 3714 698 ἐϐάπτισεν

2123 724 2151 775 ὁ
2176 722 2405 793 νυμφίος
2444 725 2545 793 τῆς
2582 724 2932 796 Ἐκκλησίας.
2977 729 3200 793 Πολλοῖς
3232 732 3332 802 μὲν
3366 733 3458 787 οὖν
3489 735 3586 788 καὶ
3627 753 3718 789 νε·-

2128 815 2299 884 φέλην
2329 816 2624 886 οὐρανόθεν
2658 817 2831 873 ἔδωκε
2863 824 2959 876 καὶ
2988 820 3132 890 ὕδωρ
3165 824 3230 877 ἐκ
3269 827 3373 894 γῆς
3407 827 3719 896 αὐτόματον

2128 908 2222 958 καὶ
2252 904 2737 972 οὓτως-ἐϐάπτισε,
2762 909 2890 973 τοὺς
2921 911 3134 975 πλείους
3161 912 3217 965 δὲ
3236 914 3458 982 ἀφανῶς
3480 917 3718 970 ἀνέπλα-

2130 1015 2243 1052 σεν.
2283 999 2493 1070 Ὠσπερ
2527 1001 2635 1072 γὰρ
2672 1002 2732 1055 τὸ
2765 1001 3054 1074 ὑστέρημα
3083 1003 3180 1057 τοῦ
3206 1005 3445 1076 Χριστοῦ
3472 1007 3540 1062 τὰ
3571 1010 3713 1081 μέλη

2129 1091 2600 1164 τῆςἚκκλησίας,
2633 1094 2845 1160 Παῦλος
2876 1097 2974 1149 καὶ
2999 1097 3051 1149 εἴ
3080 1115 3165 1160 τις
3199 1099 3321 1152 κατ’
3354 1101 3561 1154 ἐκεῖνον
3584 1102 3721 1155 ἀνα-

2129 1177 2346 1249 πληροῖ,
2402 1179 2575 1245 οὕτως
2619 1182 2770 1236 οὐδὲν
2810 1184 3037 1256 ἀπᾷδον,
3082 1188 3133 1241 εί
3175 1187 3235 1240 τὸ
3280 1189 3563 1259 ὑστέρημα
3613 1190 3716 1260 τῆς

2138 1266 2464 1340 Ἐκκλησίας
2497 1274 2527 1342 ἡ
2559 1275 2773 1346 κεφαλὴ
2806 1275 2905 1346 τῆς
2945 1278 3276 1349 Ἐκκλησίας
3301 1281 3712 1353 ἀναπληρώσει.

2129 1360 2193 1413 El
2237 1361 2346 1433 γάρ
2385 1365 2533 1417 ἐστιν
2561 1364 2699 1420 ἅττα
2750 1368 2888 1440 μέλη
2938 1372 3005 1441 τῇ
3048 1371 3261 1444 κεφαλῇ
3292 1372 3441 1427 δοκεῖ
3472 1373 3713 1444 βοηθεῖν,

2129 1455 2280 1526 πόσῳ
2310 1457 2669 1529 δικαιότερον,
2718 1454 2794 1515 ὧν
2832 1450 3072 1517 ἐλλείπει
3111 1466 3225 1529 τοῖς
3260 1464 3502 1536 μέλεσιν,
3541 1466 3715 1537 αὐτὴν

2128 1548 2445 1617 προσθεῖναι
2476 1550 2575 1620 τὴν
2617 1552 2896 1625 κεφαλήν;
2925 1554 3036 1608 Καὶ
3073 1555 3250 1611 ταῦτα
3287 1556 3387 1627 μὲν
3424 1556 3613 1610 τοῦτον
3646 1556 3716 1610 ἂν

2124 1638 2237 1707 ἔχοι
2271 1640 2363 1692 τὸν
2399 1640 2623 1711 τρόπον.
2671 1641 3039 1714 Ἀναληπτέον
3067 1644 3113 1698 δ’
3159 1645 3225 1700 ἂν
3274 1648 3360 1718 ετη
3408 1647 3496 1701 τὸν
3530 1647 3712 1717 λόγον.

2126 1729 2349 1802 Ταύτην
2377 1733 2478 1803 μὲν
2504 1731 2600 1787 οὖν
2629 1735 2727 1804 τὴν
2754 1735 3004 1807 δύναμιν,
3107 1737 3204 1811 τὴν
3234 1739 3443 1810 τόλμαν
3476 1739 3701 1811 ἐτόλμη-

442 1852 652 1897 tantam
684 1841 1027 1907 attulerunt,
1050 1849 1105 1895 et
1134 1838 1517 1910 magnanimos
1549 1853 1720 1893 ausus
1764 1837 1830 1891 ad
1865 1838 2023 1891 tinem

2133 1839 2232 1876 σαν
2266 1824 2361 1877 καὶ
2391 1825 2491 1896 τὴν
2523 1827 2836 1898 προθυμίαν
2867 1832 3356 1902 προὺθυμήθησαν,
3386 1832 3482 1886 καὶ
3512 1834 3592 1896 είς
3619 1835 3714 1886 τέ-

442 1938 745 2003 perducere
785 1942 1101 2003 potuerunt,
1163 1933 1217 1987 in
1271 1941 1471 1986 natura
1534 1930 1816 1985 hominum
1876 1928 2021 1985 haud

440 2025 702 2092 inveniri,
735 2029 915 2099 verbis
941 2025 1329 2079 demonstrare
1358 2023 1494 2077 nihil
1517 2023 1732 2078 attinet.
1768 2021 1911 2089 Quia
1934 2036 2024 2075 ve-

444 2134 507 2172 ro
590 2132 754 2173 causa
802 2116 1000 2172 borum
1049 2117 1243 2188 gratiae
1294 2115 1647 2186 baptismatis
1709 2113 2022 2169 necessario

449 2209 777 2265 aseribcuda
792 2219 897 2273 est,
928 2224 1240 2278 quaeramus
1258 2208 1372 2279 jam
1400 2209 1647 2272 modum,
1669 2205 1943 2279 quomodo
1968 2206 2022 2260 in

443 2299 580 2369 ipsis
605 2299 881 2354 lavacrum
911 2299 1018 2354 ista
1044 2310 1325 2369 operatur.

515 2475 867 2532 Manifestum
916 2483 999 2531 est
1049 2473 1239 2543 igitur,
1300 2472 1515 2528 labores
1558 2471 1681 2528 illos
1717 2480 1772 2527 et
1817 2488 2022 2543 agones

443 2571 744 2626 amautimn
789 2570 980 2633 fuisse,
1024 2577 1079 2624 et
1128 2566 1335 2623 Christi
1379 2567 1564 2637 jacula
1616 2578 1780 2638 atque
1819 2567 2023 2637 philtra

441 2664 591 2732 ipsos
638 2662 705 2716 ad
762 2662 905 2716 hanc
956 2675 1143 2716 rerum
1196 2659 1498 2714 novitatem
1552 2660 1853 2730 impulisse.
1890 2660 2025 2726 Quae

442 2771 606 2826 peiro
646 2771 814 2811 causa
849 2754 1079 2821 amoris,
1121 2762 1176 2808 et
1209 2752 1342 2824 quid
1382 2753 1490 2809 illis
1522 2752 1751 2817 factum,
1782 2743 2024 2808 ut'adeo

443 2850 756 2920 diligerent,
790 2860 844 2904 et
876 2849 1022 2903 unde
1062 2848 1240 2916 ignem
1276 2855 1489 2903 tantum
1526 2849 1890 2918 susceperint.
1925 2862 2027 2917 age

440 2941 881 2996 consideremus.
921 2940 1137 2995 Etenim
1182 2939 1420 3007 cognitio
1457 2954 1701 2995 amorem
1739 2939 1911 3010 gignit
1970 2946 2027 2993 et

445 3041 731 3105 procreat:
770 3048 873 3087 nec
914 3031 1100 3101 possis
1147 3032 1447 3102 quidquam
1488 3031 1777 3100 pulchrum
1813 3044 2023 3094 amare.

2121 1914 2214 1978 λος
2255 1917 2486 1985 ἀγαγεῖν
2523 1917 2560 1971 ἃ.
2593 1920 3064 1991 προὺθυμήθησαν
3104 1923 3478 1993 ἐδυνήθησαν,
3509 1925 3583 1990 ὡς
3611 1928 3714 1979 οὐκ

2123 2006 2269 2061 ἔστιν
2296 2009 2477 2078 εὑρεῖν
2507 2012 2564 2064 ἐν
2590 2014 2655 2084 τῇ
2685 2015 2848 2083 φύσει
2885 2015 2994 2067 τῶν
3017 2015 3342 2085 ἀνθρώπων,
3371 2017 3471 2070 οὐκ
3497 2018 3563 2072 ἂν
3593 2021 3716 2074 οὖδὶ

2122 2098 2284 2169 λόγου
2331 2101 2441 2155 δέοι
2482 2103 2792 2158 δεικνύναν
2833 2105 3022 2159 λοιποῦ
3064 2107 3120 2160 δὲ
3162 2106 3317 2172 ὄντος
3354 2108 3413 2175 ἐξ
3444 2112 3713 2180 ἀνάγκης,

2123 2193 2306 2246 αἰτίαν
2349 2195 2557 2248 τούτων
2587 2196 2793 2251 τιθέναι
2832 2197 2932 2267 τὴν
2982 2197 3077 2252 τοῦ
3109 2198 3487 2272 βαπτίσματος
3526 2202 3711 2273 χάριν,

2125 2288 2379 2358 ζητῶμεν
2409 2287 2490 2343 ἔτι
2518 2289 2609 2342 τὸν
2639 2293 2863 2361 τρόπον,
2899 2291 3046 2356 ὅπως
3079 2292 3254 2347 ταῦτα
3288 2293 3487 2359 αὐτοὺς
3517 2297 3713 2365 είργὰο

2125 2397 2258 2435 σατο
2292 2381 2353 2433 τὸ
2381 2380 2629 2453 λουτρόν.

2195 2475 2433 2545 Φανερδν
2463 2475 2562 2545 μὲν
2604 2475 2720 2539 οὖν,
2750 2476 2825 2539 ὡς
2864 2475 2973 2546 ἄρα
3006 2474 3257 2546 ἐρώντων
3290 2471 3431 2550 ἦσαν
3458 2479 3507 2532 οῖ
3538 2479 3711 2546 πόνοι,

2123 2571 2219 2623 καὶ
2245 2570 2295 2622 οἰ
2316 2569 2526 2637 ἀγῶνες
2550 2571 2747 2624 ἐκεῖνοι
2770 2572 2863 2624 καὶ
2890 2570 2957 2623 τά
2982 2570 3220 2642 Χριστοῦ
3243 2570 3373 2642 βέλη
3398 2573 3494 2626 καὶ
3514 2573 3716 2643 φίλτρα

2126 2660 2263 2731 πρὸς
2293 2661 2501 2730 ταύτην
2531 2660 2739 2725 αὐτοὺς
2762 2661 2998 2733 ἐξήγαγε
3027 2663 3128 2733 τὴν
3156 2666 3540 2721 καινοτομίανο
3567 2667 3621 2720 τί
3652 2669 3710 2720 δὲ

2123 2753 2233 2808 τῶν
2259 2753 2514 2823 ἐρώντων
2535 2753 2596 2806 τὸ
2617 2753 2814 2820 αῖτιον,
2843 2755 2937 2808 καὶ
2960 2755 3012 2810 τί
3041 2755 3304 2821 παθόντες
3334 2755 3508 2819 οὕτως
3525 2758 3717 2828 ἐφίλη-

2126 2865 2246 2914 σαν,
2276 2847 2370 2900 καὶ
2390 2846 2554 2901 πόθεν
2576 2848 2637 2901 τὸ
2662 2848 2775 2919 πῦρ
2796 2847 3065 2913 ἐδέξαντο,
3087 2849 3243 2902 τοῦτο
3268 2852 3561 2922 σκοπῶμεν
3585 2852 3715 2924 ἠδη.

2127 2940 2238 2997 Καὶ
2267 2942 2374 3012 γάρ
2414 2942 2531 2995 ἐστι
2569 2941 2667 3009 μὲν
2698 2943 2761 2995 τὸ
2797 2942 2998 2997 ειδέναι
3032 2942 3124 2996 τοῦ
3169 2943 3342 3010 φιλεῖν
3373 2944 3548 2998 αἴτιον
3568 2984 3584 3007 ,
3618 2947 3719 2998 καὶ.

2126 3035 2285 3089 τοῦτο
2319 3038 2492 3087 ἐκεῖνο
2521 3034 2693 3087 τίκτει
2716 3075 2731 3102 ,
2764 3035 2856 3088 καὶ
2888 3037 2989 3088 οὐκ
3015 3036 3132 3089 ἐστι
3175 3036 3360 3089 λαϐεῖν
3398 3036 3578 3106 ἔρωτα
3606 3037 3718 3092 τῶν

445 3128 552 3182 nisi
584 3135 712 3180 ante
742 3125 1001 3180 didiceris
1026 3139 1189 3194 quam
1222 3126 1509 3195 pulchrum
1542 3126 1633 3180 sit.
1660 3123 1728 3179 Et
1759 3124 2021 3194 quoniam

2131 3128 2310 3182 καλῶν
2352 3127 2564 3201 οὐδενὸς
2610 3128 2685 3198 μὴ
2736 3129 3129 3198 καταμαθόντα
3167 3128 3243 3192 ὡς
3286 3130 3400 3201 ἔχει
3448 3131 3714 3189 κάλλους*

445 3223 551 3279 hoc
598 3223 743 3278 scire
782 3231 837 3277 et
882 3222 1123 3294 perfecte
1164 3221 1572 3291 cumulateque,
1608 3228 1683 3275 et.
1708 3219 2024 3289 imperfecte

446 3316 733 3385 contingit,
762 3332 862 3386 par
905 3314 1070 3370 fuerit
1118 3328 1363 3370 amorem
1410 3327 1629 3383 quoque
1690 3311 1919 3383 perinde
1963 3327 2024 3368 se

449 3412 668 3465 habere.
715 3411 781 3462 Et
822 3408 1048 3479 pulchra
1094 3407 1312 3477 quidem
1364 3421 1427 3460 ac
1478 3406 1645 3470 bona,
1691 3420 1814 3473 qua:
1867 3404 2026 3473 plene

444 3514 873 3572 cognoscuntur,
913 3503 1077 3557 etiam
1108 3500 1268 3571 plene
1308 3499 1630 3569 diliguntur,
1658 3507 1714 3554 et
1753 3494 2025 3569 quemad-

447 3600 669 3649 modum
704 3606 868 3651 tanta;
913 3592 1306 3662 pulchritudini
1344 3592 1623 3649 convenit.
1664 3591 1798 3658 Quae
1837 3601 2023 3647 autem

446 3689 763 3745 amantibus
787 3690 1080 3743 admodum
1108 3697 1233 3743 uota
1260 3705 1370 3744 non
1404 3698 1553 3753 sunt,
1580 3701 1772 3743 eorum
1803 3703 2024 3759 quoque

446 3796 604 3835 antor
653 3780 945 3835 imbecillis
988 3789 1094 3836 est.
1145 3779 1316 3851 Igitur
1360 3779 1493 3835 illud
1541 3782 1601 3835 tit
1644 3781 2021 3852 perspicuum,

443 3874 816 3944 ceguitionem
858 3875 1099 3945 aliquam
1143 3873 1259 3935 Dei.
1297 3883 1353 3928 et
1399 3889 1626 3930 sensum
1678 3875 1815 3945 ipsis
1851 3891 1882 3929 a
1932 3877 2027 3931 ba-

445 3968 699 4035 ptismate
742 3966 1087 4029 immissum,
1135 3974 1189 4020 et
1235 3981 1332 4022 eos
1383 3966 1586 4022 bonum
1655 3966 1865 4036 liquido
1926 3980 2025 4022 co-

446 4059 735 4130 gnovisse,
800 4056 1377 4127 pulchritudinemque
1426 4058 1805 4128 ,persensisse,
1857 4067 1913 4113 et
1959 4059 2027 4113 de

447 4151 692 4205 bonitate
743 4148 863 4217 ejus
914 4148 1256 4219 gustavisse,
1317 4150 1690 4219 experientia,
1763 4150 2021 4221 inquam,

450 4242 803 4312 pet-tectiore,
836 4258 998 4310 quam
1031 4241 1281 4297 doctrina
1310 4242 1486 4313 possit
1517 4244 1855 4300 discentibus
1898 4243 2028 4299 sub-

444 4336 639 4405 jicere.
671 4333 807 4388 Nam
854 4351 979 4389 cum
1013 4352 1193 4390 rerum
1235 4336 1480 4406 cognitio
1512 4338 1766 4408 bipartita
1797 4339 1888 4403 sit,
1919 4350 2023 4390 una

448 4442 614 4493 quam
647 4428 773 4496 quis
805 4427 1087 4484 auditione
1113 4429 1336 4497 haurit,
1367 4430 1473 4484 alia
1505 4445 1668 4499 quam
1706 4444 1804 4500 per
1826 4443 1888 4482 se
1913 4427 2028 4496 ipse

2132 3221 2256 3275 ἐπεὶ
2281 3220 2337 3272 δέ
2370 3219 2430 3275 τὸ
2458 3220 2656 3273 εἰδέναι
2693 3219 2851 3273 τοῦτο
2890 3219 3179 3290 συμϐαίνει
3216 3220 3314 3290 μδ,
3347 3223 3583 3291 μάλιστα
3623 3228 3717 3277 καὶ

2131 3316 2376 3381 τελείως,
2409 3315 2697 3386 συμϐαίνει
2726 3314 2785 3396 δὲ
2813 3314 3017 3377 ἀτελῶς
3053 3316 3217 3385 ἔχειν,
3240 3317 3388 3380 εἰκὸς
3416 3317 3482 3370 ἂν
3507 3318 3593 3388 εἴη
3622 3319 3717 3371 καὶ

2131 3410 2193 3464 τὸ
2223 3410 2446 3480 φίλτρον
2474 3408 2676 3479 ὁμοίως
2708 3407 2852 3479 ἐχειν
2873 3424 2885 3438 ο
2918 3409 3137 3463 καὶτῶν
3164 3409 3345 3462 καλῶν
3375 3412 3468 3463 καὶ
3489 3412 3716 3479 ἀγαθῶν

2131 3504 2169 3559 ἃ
2202 3504 2303 3575 μὲν
2335 3503 2666 3572 γινώσκεται
2699 3503 2921 3565 τελείως
2961 3502 3056 3557 καὶ
3095 3503 3332 3572 φιλεῖται
3361 3507 3584 3568 τελείως
3620 3508 3718 3561 καὶ

2131 3595 2322 3665 ὥσπερ
2352 3595 2557 3665 τοσῷδε
2598 3595 2785 3649 κάλλει
2825 3599 3090 3667 προσῆκε,
3132 3595 3242 3650 τῶν
3282 3596 3340 3648 δέ
3389 3599 3465 3667 μὴ
3508 3597 3718 3668 σφόδρα

2133 3690 2386 3762 φανερῶν
2408 3691 2520 3754 τοῖς
2545 3689 2713 3761 ἐρῶσι
2732 3691 2828 3744 καὶ
2853 3691 2881 3743 ό
2906 3688 3047 3762 ἔρως
3073 3688 3312 3752 ἀσθενῶς
3341 3689 3476 3759 ἔχει.
3506 3688 3718 3744 Οὐκοῦν

2133 3786 2311 3838 ἐκεῖνο
2349 3782 2559 3852 γίνεται
2602 3782 2784 3851 δῆλον,
2827 3781 2902 3846 ὡς
2945 3781 3241 3849 ἐπίγνωσιν
3274 3798 3398 3836 τινα
3437 3782 3574 3836 Θεοῦ
3620 3784 3720 3837 καὶ

2133 3878 2389 3948 αἴσθησιν
2435 3878 2618 3940 αὐτοῖς
2655 3876 2879 3946 ἐνέθηκε
2908 3877 2969 3928 τὸ
3028 3876 3276 3946 λουτριν,
3307 3879 3401 3930 καὶ
3427 3877 3514 3930 τὸν
3549 3876 3718 3930 καλὸν

2135 3969 2325 4039 σαφῶς
2345 3968 2591 4035 ἔγνωσαν
2616 3968 2711 4021 καὶ
2735 3968 2834 4036 τῆς
2865 3966 3012 4038 ὥρας
3041 3968 3269 4039 ᾔσθοντο
3297 3972 3390 4022 καὶ
3421 3971 3654 4037 ἐγεόσον
3688 3986 3717 4021 ο

2134 4061 2229 4114 τοῦ
2256 4058 2485 4122 κάλλους
2508 4057 2738 4114 ἐκείνου.
2767 4059 2925 4127 Λέγω
2951 4060 3015 4132 δὴ
3046 4060 3212 4133 πείρᾳ
3239 4060 3346 4113 τινὶ
3384 4060 3716 4131 τελεώτερον

2135 4153 2169 4219 ἢ
2196 4148 2517 4219 διδασκαλίᾳ
2553 4149 2809 4204 δύνανται
2834 4154 3103 4222 γνωρίσαι
3134 4151 3563 4220 καταμαθόντες.
3594 4152 3717 4203 Ait-

2134 4259 2233 4310 της
2260 4242 2369 4311 γὰρ
2411 4244 2543 4311 ἡμῖν
2581 4244 2679 4314 τῆς
2718 4243 2825 4296 τῶν
2861 4244 3201 4313 πραγμάτων
3228 4245 3481 4313 γνώσεως
3504 4243 3673 4314 οὔσης
3696 4287 3712 4309 ,

2133 4334 2233 4403 τῆς
2272 4333 2371 4403 μὲν
2408 4333 2476 4405 ἣν
2502 4334 2568 4389 ἄν
2601 4353 2686 4399 τις
2723 4336 2861 4406 ἀκοῇ
2893 4335 3047 4406 τύχοι
3076 4335 3285 4403 λαϐὼν,
3325 4337 3424 4407 τῆς
3455 4336 3512 4389 δέ
3545 4338 3613 4409 ἢν
3644 4338 3716 4391 δι’

2136 4426 2333 4480 ἐαυτοῦ
2396 4428 2741 4497 καταμάθοι,
2802 4429 3025 4493 ἐκείνως
3081 4431 3180 4498 μὲν
3236 4430 3336 4482 οὐκ
3394 4428 3559 4483 αὐτοῦ
3616 4431 3714 4485 τοῦ

449 4519 831 4589 consequitur,
865 4520 959 4574 illo
991 4520 1156 4577 modo
1189 4537 1300 4577 non
1327 4522 1502 4591 ipsam
1531 4538 1649 4577 rem
1685 4519 2023 4590 attingimus,

2136 4521 2467 4591 πράγματος
2501 4521 2807 4590 ἁπτόμεθα,
2839 4521 2955 4573 ἀλλ’
2982 4521 3170 4589 ὥσπερ
3193 4523 3254 4574 ἐν
3276 4523 3449 4576 εικόνι
3470 4524 3579 4575 τινὶ
3601 4526 3716 4584 τοῖς

449 4611 545 4665 sed
581 4612 636 4665 in
686 4610 886 4678 verbis,
923 4622 983 4667 ut
1025 4614 1078 4667 in
1119 4613 1363 4684 imagine
1400 4614 1661 4684 quadam,
1691 4627 1800 4668 non
1844 4620 2027 4667 autem

447 4713 729 4767 accurate,
771 4705 827 4759 in
894 4705 1068 4773 ipsius
1106 4706 1311 4776 speciei
1361 4706 1679 4769 simulacro.
1724 4719 1823 4759 seu
1859 4702 2033 4773 eﬂigie

450 4809 575 4849 eum
608 4797 912 4852 cernimus.
947 4796 1090 4853 Fieri
1119 4798 1266 4853 enim
1307 4798 1519 4868 nequit,
1546 4806 1606 4852 ut
1632 4796 1681 4851 ei
1714 4811 1811 4866 per
1833 4807 2030 4851 cuncta

448 4887 687 4942 similem
713 4887 767 4942 in
792 4902 976 4943 rerum
1002 4899 1193 4944 natura
1222 4889 1582 4953 inveniamus,
1603 4888 1697 4958 qui
1724 4903 1824 4958 pro
1846 4903 2032 4944 exem-

449 4979 541 5050 plo
571 4981 640 5033 ad
689 4979 837 5035 illius
867 4982 1235 5051 cognitionem
1282 4979 1536 5037 sulliciat.
1571 4978 1866 5050 Expertum
1899 4995 2029 5034 vero

450 5087 589 5136 esse,
647 5080 736 5127 est
791 5075 845 5128 in
903 5090 989 5130 res
1056 5075 1201 5144 ipsas
1249 5073 1529 5129 incidisse.
1584 5070 1743 5128 Unde
1778 5071 1869 5127 hic
1909 5073 2028 5143 ipsa

450 5164 663 5232 species
693 5162 748 5217 in
789 5165 1029 5218 animam
1064 5165 1318 5229 incurrit,
1352 5172 1407 5218 et
1436 5163 1767 5218 desiderium
1805 5163 2025 5228 excitat,

451 5251 619 5307 veluti
667 5254 955 5323 vestigium
1003 5256 1144 5307 bono
1192 5252 1560 5322 respondens.
1616 5251 1733 5307 Illic
1777 5253 1847 5308 ab
1904 5252 2026 5307 idea

452 5343 625 5411 ipsius
655 5346 731 5399 rei
767 5344 988 5415 propria
1012 5344 1236 5409 deserti,
1268 5359 1364 5413 per
1392 5359 1516 5414 quae
1540 5353 1724 5399 autem
1749 5360 1873 5400 cum
1901 5344 2028 5400 aliis

451 5437 845 5501 communicat,
881 5436 1175 5489 obscuram
1218 5436 1515 5503 quamdam
1552 5444 1608 5490 et
1669 5438 1867 5491 exilem
1906 5437 2028 5507 ejus

452 5523 747 5594 imaginem
780 5523 971 5587 .nacti,
1030 5538 1095 5577 ea
1146 5523 1481 5579 desiderium
1543 5534 1598 5580 et
1650 5542 1894 5582 amorem
1948 5530 2025 5582 rei

453 5631 732 5672 metimur.
763 5614 949 5682 Quare
984 5629 1090 5669 non
1116 5630 1387 5684 amamus,
1420 5630 1687 5688 quantum
1724 5631 1811 5676 εει
1837 5636 2029 5675 aman-

454 5706 603 5771 dum,
656 5723 759 5763 nec
800 5706 1064 5777 patimur,
1110 5718 1375 5779 quantum
1433 5712 1564 5766 illud
1614 5724 1792 5784 potest
1824 5713 2022 5777 facere,

453 5813 578 5855 cum
631 5800 805 5868 ipsam
867 5800 1109 5873 speciem
1169 5816 1280 5856 non
1326 5802 1818 5873 degustarerimus.
1870 5805 2026 5863 Sicut

2134 4610 2313 4678 λόγοις
2349 4611 2568 4682 ὁρῶμεν
2589 4651 2604 4676 ,
2639 4611 2735 4664 καὶ
2776 4610 2886 4664 οὐδ’
2934 4611 3181 4681 ἀκριίῶς
3218 4612 3383 4665 αὑτοῦ
3409 4612 3505 4666 τοῦ
3538 4614 3715 4677 εἴδους

2132 4701 2324 4755 εἰκόνι.
2369 4701 2479 4756 Καὶ
2506 4701 2612 4772 γὰρ
2641 4703 2924 4773 ἀμήχανον
2963 4702 3116 4772 αὑτῷ
3144 4704 3491 4758 παντάπασιν
3528 4704 3716 4774 ὅμοιον

2131 4796 2313 4865 εὑρεῖν
2350 4795 2409 4847 ἐν
2450 4798 2562 4857 τοῖς
2602 4790 2778 4860 οὖσιν,
2812 4789 2858 4864 ᾧ
2905 4795 3313 4867 παραδείγματι
3347 4799 3716 4868 χρησαμένοις

2132 4888 2213 4950 είς
2234 4886 2335 4957 τὴν
2365 4887 2576 4940 ἐκείνου
2605 4888 2804 4957 γνῶσιν
2834 4888 3089 4959 ἀρκέσειο
3120 4887 3185 4941 τὸ
3209 4888 3266 4942 δὲ
3303 4894 3500 4961 πεῖραν
3530 4891 3717 4944 λαϐεῖν

2131 4983 2316 5044 αὐτοῖς
2359 4981 2478 5033 ἐστι
2512 4983 2624 5042 τοῖς
2668 4981 2991 5052 πράγμασιν
3017 4985 3261 5053 ἐντυχεῖν
3280 5024 3296 5049 ,
3324 4983 3448 5038 ὅθεν
3480 4984 3715 5038 ἐνταῦθα

2134 5072 2235 5142 μὲν
2266 5073 2400 5125 αὐτὸ
2427 5072 2489 5124 τὸ
2526 5066 2667 5135 εἶδος
2695 5075 2762 5143 τῇ
2791 5073 2936 5144 ψυχῇ
2969 5075 3299 5143 προσϐάλλει
3336 5078 3431 5129 καὶ
3462 5078 3560 5147 τὴν
3589 5080 3707 5140 ἐςτι-

2134 5162 2336 5232 θυμίαν
2357 5163 2611 5233 ἀνίστησι
2627 5164 2879 5235 καθάπερ
2905 5166 3049 5236 ἴχνος
3066 5166 3141 5236 τῷ
3158 5167 3345 5221 κάλλει
3373 5168 3710 5237 σύμμετρον.

2147 5256 2297 5309 Ἐκεῖ
2322 5256 2382 5308 δὲ
2404 5259 2503 5326 τῆς
2537 5258 2638 5326 μὶν
2673 5257 2814 5321 tam
2842 5261 3013 5331 αὐτῆς
3038 5262 3135 5332 τῆς
3164 5261 3301 5324 ίδίας
3325 5262 3421 5315 τοῦ
3454 5265 3716 5333 πράγμα-

2132 5364 2224 5411 τος
2269 5349 2709 5419 ἀπολειφθέντες,
2753 5351 2814 5416 ἐξ
2858 5346 2933 5408 ὧν
2962 5353 3018 5406 δέ
3056 5358 3305 5408 κοινωνεῖ
3338 5358 3450 5419 τοῖς
3497 5356 3710 5421 ἄλλοις,

2133 5438 2323 5508 ἀσαφῆ
2360 5456 2484 5493 τινα
2529 5442 2625 5495 καὶ
2678 5444 2927 5513 ἀμυδρὰν
2971 5445 3156 5500 εἰκόνα
3203 5447 3459 5514 λαϐόντες
3503 5449 3708 5513 αὐτοῦ,

2130 5532 2306 5603 ταύτῃ
2337 5533 2644 5604 μετροῦμεν
2669 5535 2759 5589 τὸν
2783 5538 2912 5606 περὶ
2928 5537 2993 5591 τὸ
3017 5542 3250 5610 πρᾶγμα
3281 5541 3447 5596 πόθον
3462 5558 3477 5574 ·
3500 5542 3623 5598 ὅθεν
3643 5545 3705 5596 οὐ

2131 5621 2396 5692 φιλοῦμεν
2428 5623 2553 5677 ὅσον
2593 5626 2773 5679 ἐκεῖνο
2811 5628 3055 5699 φιλητὸν,
3100 5630 3221 5684 οὐδὲ
3263 5633 3547 5703 πάσχομεν
3576 5634 3708 5687 ὅσον

2131 5715 2308 5766 ἐκεῖνο
2335 5713 2560 5769 δύναται
2595 5717 2938 5788 δρᾷνι(αὑτοῦ
2963 5719 3057 5772 τοῦ
3090 5720 3264 5785 εἴδους
3299 5723 3375 5794 μὴ
3398 5727 3701 5796 γεγευςμέ-

2132 5805 2257 5876 νοι).
2285 5805 2548 5877 Καθάπερ
2561 5808 2671 5878 γὰρ
2690 5809 2946 5882 διάφορον
2974 5805 3107 5873 εἷδο,
3138 5813 3236 5884 τῆς
3262 5816 3450 5881 οὐσίας
3472 5817 3703 5871 ἑκάστου
