4030 6450
648 336 675 349 ει.

303 433 405 500 553

1357 432 1454 491 DE
1498 429 1667 491 VITA
1717 430 1789 489 IN
1828 422 2161 487 CHRISTO
2225 422 2373 488 LIB.
2418 423 2494 488 ΙΙ.

3456 419 3562 491 ,ειμι

303 552 393 606 καὶ
419 549 678 621 διάφορον
706 548 945 619 ἐντίθησι
980 550 1046 619 τῇ
1075 546 1219 620 ψυχῇ
1249 547 1430 616 λόγον,
1463 548 1604 602 οὕτω
1633 549 1728 601 καὶ
1757 547 1878 617 φίλ-

1999 546 2132 600 enim
2162 547 2374 602 diversa
2403 546 2611 617 species
2640 555 2851 601 naturae
2877 542 3171 616 cujuslibet
3195 547 3360 603 etiam
3387 542 3569 604 diver-

302 656 459 711 τρον·
491 639 693 694 οὐκοῦν
745 641 779 710 ἡ
830 641 922 693 τοῦ
953 640 1203 708 Σωτῆρος
1236 641 1293 692 ἐν
1326 641 1455 709 ἡμῖν
1518 640 1708 707 ἀγάπη
1752 639 1883 692 ὅταν

308 734 403 803 μὲν
435 732 589 787 οὐδὲν
622 732 959 801 ἐπιδείξηται
1011 732 1198 785 καινὸν
1235 732 1343 785 οὐδ’
1370 732 1681 801 ὑπερφυὲς,
1730 730 1881 799 δῆλοι

308 825 648 895 καθέσταμεν
673 824 749 888 ὠς
771 825 879 892 ἄρα
909 825 1099 894 μόναις
1128 824 1451 894 ἐνετύχομεν
1483 827 1604 888 ταῖς
1633 824 1763 891 περὶ
1790 823 1883 875 αύ-

305 918 395 974 τοῦ
424 922 649 985 φωναῖς,
676 917 736 982 ἐξ
755 914 831 971 ὧν
853 916 970 981 πῶς
1000 917 1098 987 μὲν
1128 917 1193 971 ἂν
1213 921 1422 985 γένοιτο
1448 917 1650 986 γνῶναι
1675 915 1879 981 καλῶς,

305 1007 346 1078 ᾧ
370 1013 537 1082 μηδὲν
564 1013 754 1082 ὅμοιον
792 1011 939 1065 ἐστιν
967 1012 1167 1081 εὑρεῖν,
1198 1011 1306 1064 οὐδ’
1337 1010 1366 1063 ὃ
1397 1011 1573 1064 κοινὸν
1604 1011 1752 1082 αύτῴ
1789 1012 1882 1063 καὶ

306 1107 410 1166 τοῖς
436 1105 617 1167 ἄλλοις
643 1102 765 1157 οὐδὲ
797 1104 929 1173 πρὸς
956 1102 984 1155 ὃ
1011 1102 1363 1173 παράδειγμα
1390 1103 1744 1174 ἀναφέρεται,
1775 1104 1883 1155 οὐδ’

305 1192 383 1259 οἷς
415 1198 626 1260 ἐκεῖνος
657 1196 1007 1267 παράδειγμα
1031 1212 1046 1260 ;
1074 1195 1190 1258 πῶς
1219 1196 1275 1248 δὲ
1307 1196 1649 1266 καταμαθεῖν
1689 1197 1787 1266 μὲν
1822 1196 1882 1247 τὶ

307 1289 523 1350 κάλλος,
556 1287 782 1358 φιλῆσαι
812 1288 867 1340 δὲ
893 1288 989 1341 τοῦ
1016 1287 1246 1350 κάλλους
1272 1285 1468 1353 ἀξίως;
1501 1281 1596 1348 Οἷς
1620 1287 1677 1340 δὲ
1709 1287 1885 1341 τοιοῦ-

304 1400 390 1445 τος
421 1383 639 1448 ἐγένετο
683 1381 867 1445 πόθος,
893 1380 1034 1435 ὥστε
1075 1381 1173 1449 τῆς
1200 1382 1416 1450 φύσεως
1452 1381 1550 1451 μὲν
1585 1384 1845 1451 ἐκστῆναι
1867 1422 1883 1445 ,

308 1472 476 1543 μείζω
504 1473 559 1526 δὲ
594 1471 691 1526 καὶ
738 1472 1163 1543 προθυμηθῆναι
1208 1474 1304 1527 καὶ
1330 1473 1626 1544 δυνηθῆναι
1652 1474 1683 1545 ἢ
1713 1491 1885 1545 προσ-

303 1565 436 1634 ἧκεν
464 1564 772 1635 ἀνθρώποις
796 1564 1190 1635 ἐνθυμηθῆναι,
1212 1564 1437 1628 τούτους
1460 1565 1621 1629 αὐτὸς
1645 1566 1884 1635 ἔτρωσεν

304 1657 621 1726 όνυμφίος’
670 1657 835 1720 αὐτὸς
878 1657 1072 1727 ἐνῆκεν
1123 1658 1319 1712 ἁκτῖνά
1363 1673 1483 1710 τινα
1516 1657 1610 1710 τοῦ
1654 1658 1887 1721 κάλλους

305 1754 415 1812 τοῖς
465 1750 785 1819 όψθαλμοῖς.
842 1750 915 1804 T6
966 1750 1074 1821 γὰρ
1136 1750 1367 1820 μέγεθος
1421 1753 1513 1804 τοῦ
1568 1752 1885 1823 τραύματος

309 1842 501 1912 μηνύει
520 1842 579 1895 τὸ
597 1841 771 1910 βέλος,
794 1842 890 1896 καὶ
914 1845 943 1897 6
968 1842 1129 1905 πόθος
1150 1846 1239 1897 τὸν
1266 1845 1557 1914 τρώσαντα
1578 1846 1852 1900 δείκνυσιν
1868 1861 1881 1876 θ

308 1938 401 1988 καὶ
437 1934 612 2004 τούτῳ
652 1934 908 2002 διήνεγκε
947 1938 1046 2006 τῆς
1093 1936 1336 2000 Παλαιᾶς
1366 1939 1399 2007 ή
1427 1936 1605 2008 Καινὴ
1637 1940 1883 2009 Διαθήκη

306 2030 400 2083 καὶ
441 2028 614 2099 τούτῳ
653 2028 879 2098 ἄμεινον
918 2025 1099 2098 εἶχεν,
1132 2030 1214 2084 ὅτι
1254 2032 1377 2085 τότε
1421 2034 1520 2101 μὲν
1564 2033 1723 2101 λόγος
1761 2030 1829 2105 ἦν
1862 2036 1890 2089 6

308 2122 599 2188 παιδεύων,
646 2120 745 2177 νῦν
782 2121 840 2174 δὲ
870 2122 1032 2185 αὐτὸς
1067 2123 1256 2193 παρὼν
1292 2126 1319 2177 ό
1370 2126 1604 2195 Χριστος
1647 2124 1889 2197 ἄρῥητόν

304 2232 429 2269 τινα
457 2214 656 2285 τρόπον
690 2214 966 2285 διατίθησι
1002 2217 1098 2270 καὶ
1133 2216 1359 2271 πλάττει
1392 2218 1491 2281 τὰς
1524 2219 1634 2273 τῶν
1672 2217 1889 2286 ἀνθρώ-

303 2324 424 2359 πων
451 2306 651 2375 ψυχάς.
681 2305 841 2375 Λόγῳ
864 2307 973 2378 γὰρ
1000 2310 1096 2360 καὶ
1123 2307 1440 2381 διδασκαλίᾳ
1462 2311 1558 2363 καὶ
1582 2311 1767 2380 νόμοις
1791 2311 1892 2364 οὐκ

305 2400 436 2467 ἐνῆν
465 2396 761 2466 ἀφικέσθαι
793 2401 919 2462 τοὺς
963 2399 1287 2471 ἀνθρώπους
1328 2402 1408 2463 είς
1455 2404 1515 2455 τὸ
1559 2402 1892 2474 ζητούμενον

303 2493 478 2556 τέλος,
502 2492 562 2545 Et
588 2490 697 2562 γὰρ
724 2492 851 2562 ἐνῆν
876 2492 1078 2560 λόγοις,
1100 2494 1201 2547 οῦκ
1236 2493 1301 2547 ἂν
1342 2495 1563 2566 ἐδέησεν
1587 2496 1764 2568 ἔργων
1795 2500 1891 2551 καὶ

304 2586 512 2640 τούτων
545 2586 872 2654 ὑπερφυῶν,
904 2585 1042 2639 Θεοῦ
1075 2588 1450 2658 σαρκουμένου
1496 2592 1589 2643 καὶ
1625 2604 1893 2661 σταύρου-

309 2678 476 2747 μένου
524 2676 620 2731 καὶ
678 2677 1136 2749 ἀποθνήσκοντος.
1188 2677 1358 2733 Τοῦτο
1387 2680 1444 2733 δὲ
1481 2680 1638 2751 δῆλον
1675 2684 1892 2750 ἐγένετο

303 2770 367 2834 ἐξ
414 2772 588 2840 ἀρχῆς
632 2768 694 2836 ἐξ
741 2770 921 2824 αὐτῶν
966 2770 1076 2823 τῶν
1133 2770 1358 2841 πατρῶν
1411 2772 1544 2843 ἡμῖν
1589 2774 1689 2843 τῆς
1732 2777 1888 2829 εὐσε-

304 2864 465 2927 ϐείας
511 2866 606 2918 καὶ
647 2865 758 2918 τῶν
804 2865 1142 2918 ἀποστόλων.
1192 2866 1380 2937 nam;
1427 2867 1536 2939 γὰρ
1595 2868 1898 2924 ἀπολελαυ-

306 2960 467 3019 κότες
519 2957 889 3020 διδασκαλίας
946 2958 1041 3009 καὶ
1100 2955 1273 3010 ταῦτα
1333 2957 1502 3012 αὑτοῦ
1552 2959 1646 3013 τοῦ
1706 2961 1891 3032 Σωτῆ-

310 3041 405 3118 ρος
468 3052 562 3104 καὶ
617 3050 807 3103 θεαταὶ
855 3049 1140 3120 γενόμενοι
1190 3049 1436 3115 πάντων,
1486 3053 1579 3105 καὶ
1639 3045 1717 3107 ὧν
1768 3072 1898 3108 κατ-

303 3144 464 3198 ἑθετο
517 3146 584 3213 τῇ
646 3143 808 3212 φύσει
861 3143 1101 3214 χαρίτων
1164 3145 1257 3198 κα)⁸
1309 3141 1385 3199 ὧν
1441 3145 1702 3216 ἠνέσχετο
1756 3149 1896 3219 ὑπὲρ

1986 652 2104 692 sam
2135 639 2405 693 rationem
2443 641 2497 694 in
2532 640 2715 693 anitna
2756 640 3029 709 producit,
3068 640 3149 696 sic
3197 650 3253 696 et
3297 656 3566 703 amorem.

1988 729 2157 802 igitur
2186 732 2232 785 si
2268 731 2572 787 Salvatoris
2616 731 2858 789 Charitas
2890 734 2943 787 in
2980 734 3140 789 nobis
3167 734 3305 788 nihil
3335 744 3568 800 novitnt,

1987 834 2087 875 nec
2115 822 2271 877 valde
2298 823 2680 877 admirandum
2707 838 2818 893 pra:
2840 838 2898 879 se
2925 824 3134 888 tulerit,
3161 826 3293 879 satis
3314 837 3564 895 apparet,

1985 928 2087 969 nos
2131 915 2267 971 solis
2302 914 2372 971 de
2399 931 2467 971 eo
2498 917 2723 972 vocibus
2763 917 2966 987 potitos
2992 934 3008 972 :
3038 932 3068 972 e
3091 917 3293 989 quibus
3323 930 3565 989 quonam

1988 1014 2147 1074 pacto
2193 1007 2333 1061 bene
2376 1007 2540 1062 liceat
2569 1022 2921 1077 cognoscere,
2969 1008 3057 1064 cui
3095 1009 3227 1064 nihil
3261 1018 3345 1065 est
3386 1010 3568 1068 simile

1987 1098 2246 1167 reperire,
2284 1114 2458 1169 neque
2488 1100 2635 1170 quod
2670 1100 2744 1156 illi
2776 1111 2832 1156 et
2869 1102 2990 1156 aliis
3020 1116 3314 1159 commune
3343 1104 3436 1169 sit,
3464 1118 3568 1159 nec

1986 1191 2298 1258 exemplum
2338 1194 2403 1245 ad
2435 1194 2581 1261 quod
2619 1204 2991 1263 comparetur,
3024 1209 3203 1266 neque
3235 1196 3438 1265 qnibus
3478 1196 3569 1251 ille

1986 1286 2239 1353 exemplo
2273 1286 2381 1340 sit?
2415 1285 2704 1352 Quomodo
2750 1287 2877 1343 hinc
2924 1288 3223 1344 bonitatem
3271 1290 3572 1360 perspicie-

1987 1390 2131 1436 mus.
2166 1390 2215 1432 et
2262 1386 2318 1430 ut
2363 1379 2484 1445 eius
2535 1379 2777 1453 bonitate
2810 1380 3032 1451 dignum
3065 1390 3171 1447 est,
3202 1394 3326 1437 eum
3356 1384 3572 1439 amabi-

1988 1468 2151 1520 mus?
2201 1467 2305 1534 Qui
2356 1484 2523 1538 porro
2573 1473 2711 1527 adeo
2741 1482 2951 1537 amant,
3005 1482 3065 1529 ut
3119 1484 3332 1531 natura:
3369 1476 3570 1534 ﬁnibus

1987 1560 2195 1629 egressi
2222 1561 2425 1631 majora
2447 1573 2503 1618 et
2528 1564 2787 1619 studeant
2807 1564 3041 1632 emcerc,
3062 1576 3116 1623 et
3147 1565 3381 1638 possint,
3403 1587 3569 1642 quam

1990 1652 2243 1708 homines
2288 1654 2373 1709 t'as
2405 1667 2489 1711 est
2532 1656 2797 1726 cogitare,
2831 1658 2931 1714 bos
2966 1660 3082 1730 ipse
3118 1677 3353 1728 sponsus
3383 1665 3577 1720 vulneo

1991 1746 2152 1809 ravit,
2189 1745 2306 1815 ipse
2345 1748 2561 1802 radium
2602 1750 3030 1819 pulchritudinis
3052 1768 3169 1807 sua:
3199 1753 3377 1809 oculis
3423 1754 3574 1823 ipso-

1993 1851 2113 1889 rum
2146 1836 2394 1892 immisit.
2434 1838 2865 1909 Magnitudinem
2901 1841 3048 1896 euim
3086 1844 3338 1898 vulneris
3384 1844 3572 1909 telum,

1992 1938 2049 1985 et
2076 1929 2480 1986 vulneratorem
2506 1947 2664 1987 amor
2695 1933 2959 1990 declarat.
2990 1932 3057 1989 Et
3089 1936 3191 1991 hoc
3211 1952 3241 1990 a
3263 1929 3440 1993 Veteri
3467 1938 3568 1994 Te-

1994 2029 2269 2076 stamento
2295 2036 2496 2077 novum
2532 2022 2735 2089 diﬂ‘ert,
2768 2033 2823 2081 et
2854 2026 2957 2082 hoc
2990 2027 3187 2083 melius
3222 2029 3405 2096 habet,
3424 2035 3572 2103 quod

1996 2126 2126 2171 tunc
2160 2117 2382 2187 quidem
2415 2119 2580 2175 verba
2617 2127 2796 2186 erant,
2829 2136 2950 2190 quae
2984 2123 3305 2179 erutlirent:
3345 2133 3400 2180 at
3426 2141 3572 2183 nunc

1996 2221 2240 2276 praesens
2272 2208 2392 2278 ipse
2423 2208 2678 2264 Christus
2705 2209 2962 2265 ineffabili
2993 2212 3230 2282 quodam
3267 2214 3430 2270 modo
3458 2217 3573 2270 ani‘

1997 2313 2114 2352 mas
2166 2307 2386 2354 tractat.
2435 2299 2700 2356 Sermone
2748 2303 2917 2370 enim,
2967 2301 3221 2359 doctrina
3269 2317 3326 2361 et
3367 2307 3579 2378 legibus

1997 2388 2251 2445 homines
2300 2391 2460 2447 linem
2491 2402 2810 2462 exoptatum
2848 2395 3117 2466 attingere
3159 2406 3266 2451 nun
3301 2406 3581 2468 poterant.

1999 2480 2055 2535 Si
2088 2482 2233 2535 enim
2276 2482 2459 2538 verbis
2490 2485 2821 2553 potuissent,
2850 2483 3114 2556 Operibtts
3139 2504 3244 2542 non
3273 2490 3576 2559 eguissent,

1996 2582 2051 2628 et
2107 2574 2216 2630 illis
2269 2574 2491 2645 quidem
2551 2575 3054 2641 excellentissimis,
3109 2580 3218 2635 Deo
3269 2581 3577 2648 incarnato,

1997 2668 2277 2733 cruciﬂxo,
2314 2654 2385 2723 et
2424 2676 2667 2723 mortuo.
2713 2671 2889 2741 Atque
2931 2672 3074 2727 istuc
3124 2670 3413 2744 apostolis,
3447 2676 3580 2732 reli‘

1997 2760 2178 2829 gionis
2223 2767 2424 2815 nostra:
2463 2761 2790 2830 parentibus
2838 2763 2906 2818 ab
2958 2764 3117 2819 initio
3166 2766 3382 2822 claruit.
3440 2769 3580 2824 Nam

1999 2866 2125 2908 cum
2171 2853 2318 2907 omni
2359 2854 2634 2919 doctrina,
2688 2862 2744 2909 et
2789 2854 3009 2925 quidem
3061 2857 3234 2927 ipsius
3282 2849 3582 2917 Salvatoris

2001 2950 2198 3004 imbuti
2246 2965 2312 3005 ac
2347 2951 2512 3020 pasti,
2538 2948 2661 3022 ejus
2700 2953 2977 3007 actionum
3053 2955 3580 3027 miraculorumque,

2000 3054 2054 3098 et
2127 3043 2541 3106 beneﬁciorum,
2590 3060 2712 3114 qua:
2778 3054 2989 3100 natura:
3045 3056 3249 3101 nostra:
3306 3054 3579 3118 prestitit,

2003 3146 2343 3207 spectatores
2381 3136 2506 3191 facti
2544 3146 2753 3203 essent,
2792 3154 3026 3209 quaeque
3076 3139 3361 3196 hominum
3413 3157 3583 3199 causa

300 3237 414 3288 τῶν
455 3235 774 3307 ἀνθρώπων,
829 3235 922 3289 καὶ
975 3235 1050 3300 ὡς
1097 3236 1385 3291 ἀποθανὼν
1433 3238 1675 3309 ἀνεϐίον,
1705 3243 1796 3296 καὶ
1822 3245 1893 3309 ὠς

2005 3230 2296 3294 sustinuit,
2344 3240 2398 3283 et
2443 3229 2594 3285 illius
2650 3230 2703 3284 in
2753 3232 2913 3285 vitam
2979 3231 3246 3299 reditum,
3303 3234 3356 3289 in
3411 3237 3586 3294 eteius

306 3329 631 3397 κατειλήφει
671 3327 762 3381 τὸν
790 3327 1053 3398 οὐρανόν⁹
1085 3328 1177 3382 καὶ
1208 3329 1381 3383 ταῦτα
1433 3330 1611 3384 πάντα
1644 3351 1897 3406 καταμα-

304 3422 497 3484 θόντες
524 3422 669 3491 ὅμως
690 3421 844 3475 οὐδὲν
871 3420 1055 3474 καινὸν
1076 3421 1198 3474 οῦδὲ
1230 3426 1480 3491 γενναῖον
1506 3425 1625 3478 οὐδὲ
1650 3443 1897 3497 πνευμα-

302 3515 463 3569 τικὸν
510 3514 629 3567 οὐδὲ
680 3514 775 3566 τοῦ
834 3512 1065 3566 παλαιοῦ
1119 3512 1330 3583 βέλτιον
1378 3515 1746 3583 ἐπεδείξαντο,
1791 3516 1896 3579 ἕως

308 3606 704 3660 ἐϐαπτίσαντο.
737 3606 1038 3676 Γενομένου
1068 3606 1125 3659 δὲ
1164 3607 1351 3669 αὐτοῖς
1383 3607 1478 3661 τοῦ
1520 3609 1899 3680 βαπτίσματος

307 3702 404 3753 καὶ
439 3699 530 3751 τοῦ
560 3699 920 3770 Παρακλήτου
958 3701 1075 3762 ταῖς
1103 3699 1308 3769 ψυχαῖς
1346 3700 1528 3752 αὐτῶν
1558 3692 1898 3769 ἐμπεσόντος

307 3792 468 3845 αὐτοί
490 3809 548 3843 τε
577 3793 826 3859 ἐγένοντο
852 3790 1033 3844 καινοὶ
1058 3792 1152 3844 καὶ
1178 3790 1325 3860 ζωῆς
1352 3792 1680 3845 ἐπελάϐοντο
1701 3796 1898 3863 καινῆς

309 3886 409 3937 καὶ
457 3884 567 3943 τοῖς
616 3882 798 3945 ἄλλοις
856 3882 1156 3953 ἡγήσαντο,
1206 3884 1300 3935 καὶ
1347 3882 1439 3936 τὸν
1478 3884 1606 3952 περὶ
1662 3884 1899 3952 Χριστὸν

311 3974 480 4028 πόθον
513 3977 608 4026 καὶ
649 3973 862 4035 ἑαυτοῖς
902 3974 997 4026 καὶ
1033 3974 1145 4036 τοῖς
1187 3973 1369 4037 ἄλλοις
1410 3973 1644 4042 ἀνῆψαν.
1682 3976 1743 4027 Ei
1790 3978 1899 4048 γὰρ

313 4070 409 4121 καὶ
453 4065 531 4135 τῷ
575 4066 707 4136 ἡλίῳ
748 4064 1005 4135 παρῆσαν
1045 4066 1141 4117 καὶ
1179 4064 1391 4135 διαίτης
1439 4064 1761 4119 ἐκοινώνουν
1807 4072 1900 4122 καὶ

313 4161 514 4227 λόγων,
559 4158 673 4211 ἀλλ’
716 4152 785 4228 ἦν
817 4154 1072 4222 αἴσθησις
1102 4155 1285 4219 αὐτοῖς
1327 4156 1430 4224 τῆς
1465 4158 1681 4219 ἀκτῖνος
1718 4157 1895 4225 οῦπω,

317 4253 395 4324 μὴ
431 4251 745 4319 δεξαμένοις
784 4249 844 4302 τὸ
878 4249 1253 4317 πνευματικὸν
1297 4251 1473 4301 ἐκεῖνο
1516 4249 1765 4322 λουτρὸν,
1807 4253 1899 4305 τὸν

323 4347 437 4398 ἴδον
467 4344 532 4415 δὴ
559 4344 757 4414 τρόπον
807 4344 898 4395 καὶ
933 4341 1056 4404 τοὺς
1096 4339 1284 4409 ἁγίους
1318 4339 1445 4408 ἑξῆς
1486 4341 1733 4407 ἅπαντας
1779 4345 1897 4397 ἔτερ

318 4442 548 4493 λείωσεν
578 4441 605 4491 6
624 4437 789 4499 Θεόςο
824 4435 917 4488 καὶ
947 4434 1267 4503 ἐπέγνωσαν
1292 4434 1458 4487 αὑτὸν
1490 4436 1582 4489 καὶ¹
1614 4437 1900 4506 ἐφίλησαν,

314 4534 374 4587 ού
420 4533 597 4599 λόγοις
636 4526 1083 4600 παρακληθέντες
1134 4526 1333 4594 ψιλοῖς,
1368 4527 1507 4581 ἀλλὰ
1541 4532 1606 4599 τῇ
1645 4527 1739 4583 τοῦ
1783 4533 1904 4584 λον-

315 4623 448 4695 τροῦ
470 4623 696 4691 δυνάμει
721 4619 1082 4680 διατεθέντες,
1110 4617 1275 4671 αὑτοῦ
1305 4619 1634 4684 πλάττοντος
1665 4625 1760 4675 καὶ
1782 4623 1900 4675 δια·
1936 4605 1979 4657 [⁸

317 4718 559 4778 τιθέντος
593 4713 686 4767 τοῦ
705 4713 1051 4782 φιλουμένου,
1092 4711 1150 4774 ὃς
1174 4711 1346 4775 κτίζει
1382 4712 1608 4780 καρδίαν
1643 4713 1898 4783 σαρκίαν,

316 4808 418 4876 τὴν
457 4803 819 4871 ἀναισθησίαν
847 4801 1150 4867 ἐκϐάλλων,
1189 4803 1287 4853 καὶ
1315 4804 1516 4870 γράφει
1554 4805 1672 4872 μὲν,
1713 4803 1828 4856 ἀλλ’

320 4915 452 4967 φησι
487 4895 697 4958 Παῦλος
725 4910 736 4927 ν
774 4915 792 4946 ι
828 4897 927 4948 οὐκ
956 4895 1012 4945 ἐν
1034 4892 1197 4958 πλαξὶ
1221 4893 1474 4959 λιθίναις,
1512 4893 1626 4946 ἀλλ’
1652 4896 1709 4945 ἐν
1736 4895 1901 4959 πλαξὶ

320 4989 548 5059 καρδίας
585 4987 897 5055 σαρκίναις,
926 5004 944 5035 ι
987 4984 1081 5037 καὶ
1107 4986 1168 5039 οὐ
1208 4985 1370 5054 νόμον
1402 4986 1610 5047 ἁπλῶς,
1644 4985 1779 5038 ἀλλὰ
1809 4984 1901 5039 τὸν

316 5081 615 5152 νομοθέτην
640 5079 821 5142 αὑτὸν,
841 5079 1001 5142 αὐτὸς
1029 5076 1239 5130 ἑαυτόν.
1259 5076 1519 5129 Τοῦτολὲ
1549 5078 1764 5140 πολλοῖς
1793 5077 1900 5130 τῶν

319 5176 496 5241 ἁγίων
529 5174 623 5226 καὶ
665 5169 1022 5242 φανερώτατα
1063 5168 1354 5238 διεδείχθη,
1394 5167 1488 5229 οὓς
1538 5170 1675 5238 μήτε
1721 5168 1898 5236 λόγοις

316 5265 550 5335 τάληθὲς
586 5263 777 5333 μαθεῖν
823 5261 1173 5332 δυνηθέντας.
1218 5263 1354 5331 μήτε
1385 5260 1629 5329 θαύμασι
1673 5261 1770 5329 τὴν
1803 5260 1898 5313 τοῦ

319 5357 729 5427 κηρυττομένου
751 5355 977 5423 δύναμιν
1006 5355 1326 5422 ὲπιγνόντας
1356 5354 1714 5423 Χριστιανοὺς
1745 5354 1876 5424 ἀκρι

320 5450 440 5511 δεῖς
473 5448 669 5518 ἁθρόον
702 5445 952 5510 ἀπέδειξε
985 5444 1280 5514 δεξάμενον
1311 5446 1370 5497 τὸ
1403 5443 1647 5511 λουτρόν.

393 5540 704 5611 Πορφύριος
737 5538 866 5609 γοῦν
894 5542 919 5591 ὁ
948 5539 1220 5607 μακάριος
1252 5539 1346 5589 ἐπὶ
1376 5536 1484 5588 τῶν
1516 5535 1730 5605 καιρῶν
1752 5536 1904 5600 γενὸ.

320 5650 482 5703 μενος
531 5632 782 5694 ἐκείνων,
810 5634 867 5683 ἐν
917 5626 999 5694 οἷς
1031 5633 1057 5683 ὁ
1104 5630 1197 5683 τοῦ
1233 5628 1471 5697 Χριστοῦ
1505 5630 1668 5696 νόμος
1712 5627 1893 5697 πάσης

317 5725 545 5795 ἐκράτει
566 5727 663 5795 τῆς
690 5725 1041 5813 οἰκουμένης,
1073 5726 1166 5775 καὶ
1189 5722 1287 5789 τῆς
1323 5721 1420 5790 μὲν
1450 5721 1633 5789 φωνῆς
1664 5719 1772 5771 τῶν
1800 5736 1899 5786 κη-

393 5905 464 5939 7"
509 5903 704 5958 Ezccli.
737 5919 811 5967 χι,
856 5903 956 5967 19;
987 5901 1127 5958 Psal.
1166 5920 1218 5966 L,
1260 5904 1347 5958 12.

649 5999 919 6058 PATRUL.
962 6000 1078 6059 (in.
1120 6001 1246 6061 CL.

1424 5903 1469 5934 ⁷⁸
1511 5901 1550 5956 ll
1582 5901 1706 5955 Cor.
1750 5914 1832 5965 ιιι,
1874 5899 1927 5953 5.

1954 3336 1959 3341 ‘
2002 3339 2290 3379 ascensum
2325 3322 2609 3383 vidissent.
2651 3339 2799 3388 cum,
2834 3324 3086 3393 inquam,
3131 3326 3248 3382 hac
3277 3329 3463 3383 omnia
3496 3332 3585 3385 di-

1998 3417 2284 3478 dicissent,
2330 3414 2464 3468 nihil
2526 3425 2709 3469 tamen
2758 3431 2984 3480 novum,
3038 3417 3174 3472 nihil
3232 3435 3583 3489 generosum,

1999 3508 2138 3562 nihil
2173 3508 2480 3578 spirituale.
2520 3522 2619 3562 nec
2648 3518 2924 3563 Vetustate
2965 3511 3161 3565 melius
3193 3520 3579 3570 ostentarunt:

1998 3601 2172 3655 donec
2215 3600 2491 3670 baptismo
2535 3600 2692 3653 tincti
2737 3611 2889 3667 sunt,
2938 3616 3047 3670 quo
3077 3603 3296 3674 adepto,
3328 3616 3382 3659 et
3412 3603 3585 3661 Para-

2000 3694 2144 3748 cleto
2189 3708 2382 3746 eorum
2412 3692 2613 3746 animis
2637 3691 2855 3761 illapso,
2884 3701 2936 3747 et
2976 3694 3080 3762 ipsi
3110 3705 3406 3751 evaserunt
3430 3700 3583 3764 novi,

1999 3796 2057 3845 et
2101 3787 2265 3839 vitam
2314 3801 2509 3840 novant
2559 3786 3063 3855 apprehenderunt,
3119 3796 3173 3843 et
3215 3792 3430 3845 caeteris
3459 3807 3583 3847 sese

2000 3877 2168 3931 duces
2207 3875 2259 3929 in
2315 3890 2378 3929 ea
2429 3876 2803 3944 praebuerunt,
2837 3874 3156 3947 Christique
3201 3894 3443 3935 antorem
3478 3882 3588 3937 sibi

2000 3978 2055 4024 ct
2102 3969 2227 4024 aliis
2269 3970 2682 4039 implieuerunt.
2734 3967 3059 4039 Quanquam
3114 3972 3260 4026 enim
3295 3987 3421 4027 cum
3473 3976 3588 4030 sole

2003 4064 2387 4123 versabantur,
2423 4076 2530 4114 non
2574 4060 3103 4130 tatnen,spiritnalis
3152 4063 3358 4118 lavacri
3407 4065 3590 4121 adhuc

2001 4162 2274 4221 expertes,
2314 4152 2525 4206 radium
2578 4153 2912 4208 sentiebant.
2951 4152 3033 4207 Ad
3075 4156 3328 4209 euintlent
3364 4158 3587 4210 modum

2002 4257 2055 4300 et
2086 4256 2307 4299 sanctos
2332 4246 2594 4315 deinceps
2628 4261 2822 4300 omnes
2849 4245 3079 4315 perfecit
3107 4247 3272 4311 Deus,
3299 4260 3351 4304 et
3377 4264 3584 4320 cogno‘

2003 4349 2201 4393 verunt
2231 4354 2380 4400 cum,
2415 4347 2468 4391 et
2507 4339 2854 4392 dilexerunt:
2890 4355 2996 4394 non
3026 4342 3377 4396 sermonibus
3429 4344 3590 4398 nudis

2004 4434 2208 4495 allecti,
2233 4436 2326 4487 scd
2360 4433 2561 4488 lavacri
2592 4436 2791 4488 virtute
2823 4437 3140 4504 praeparati,
3172 4438 3293 4505 ipso
3317 4436 3594 4493 fortnante

2004 4541 2059 4582 et
2104 4537 2350 4594 aptante,
2398 4529 2490 4595 qui
2532 4529 2799 4597 diligitur,
2837 4530 2929 4595 qui
2985 4544 3081 4583 cor
3111 4531 3378 4584 mundum
3415 4542 3591 4596 creat,

2005 4628 2057 4673 et
2084 4618 2264 4672 aufert
2299 4617 2597 4686 lapideum,
2636 4628 2689 4670 et
2734 4620 2952 4687 reponit
2989 4633 3272 4684 cartteutn,
3307 4629 3593 4689 stuporem

2004 4706 2342 4776 ejiciens’”.
2389 4710 2451 4761 Et
2484 4709 2674 4763 scribit
2721 4710 2964 4778 quidem,
3022 4724 3240 4776 verum,
3285 4720 3344 4765 ut
3392 4712 3594 4767 Paulus

2007 4804 2105 4865 ait,
2167 4821 2184 4853 ι
2225 4819 2330 4855 ιιοιι
2365 4803 2418 4854 in
2447 4801 2645 4856 tabulis
2676 4801 2926 4870 lapideis,
2964 4802 3058 4855 sed
3090 4802 3142 4855 in
3177 4802 3374 4857 tabulis
3405 4804 3595 4859 cordis

2007 4894 2326 4948 carnalibus
2344 4894 2415 4957 ⁷⁸,
2445 4911 2465 4944 ι
2502 4902 2556 4947 et
2610 4908 2719 4946 non
2775 4892 2948 4961 legem
3004 4893 3349 4961 simpliciter,
3388 4898 3482 4950 sed
3520 4897 3597 4949 le-

2008 4987 2325 5056 gislatorcm
2366 4986 2566 5054 ipsum,
2607 4986 2724 5053 ipse
2757 4986 3135 5054 semetipsum.
3176 4984 3289 5042 Hoc
3316 4988 3372 5043 in
3405 4990 3593 5041 multis

2011 5088 2352 5139 sanctorum,
2375 5077 2932 5146 manifestissimeque
2960 5090 3301 5147 perspectum
3330 5090 3433 5143 est,
3458 5095 3595 5148 quos

2012 5185 2136 5223 eum
2196 5184 2370 5237 neque
2421 5170 2603 5224 verbis
2657 5169 2940 5223 veritatem
2988 5169 3200 5224 discere
3267 5174 3594 5239 potuissent,

2014 5276 2112 5313 nec
2178 5259 2459 5314 miraculis
2524 5259 2829 5313 absconditi
2896 5261 3152 5316 virtutem
3211 5273 3592 5331 agnoscerent,

2012 5360 2325 5420 susceptum
2396 5351 2670 5405 lat-acrum
2723 5350 3078 5415 Gltristianos
3146 5350 3597 5422 praeclarissimas

2017 5444 2197 5500 subito
2219 5445 2636 5499 demonstravit.

2086 5534 2287 5590 Beatus
2331 5537 2513 5605 itaque
2562 5524 2892 5608 Porphyrius
2924 5552 3046 5591 cum
3099 5535 3209 5590 illis
3258 5534 3597 5602 temporibus

2012 5629 2239 5688 viveret.
2269 5628 2471 5696 quibus
2501 5628 2706 5684 Christi
2745 5631 2827 5684 lex
2861 5636 3032 5681 totum
3066 5625 3253 5679 orbem
3288 5623 3592 5691 subigebat,

2010 5732 2437 5786 paeonumque
2490 5733 2774 5773 sacrorum
2815 5730 3000 5770 vocem
3040 5715 3300 5769 mortales
3351 5710 3597 5767 universi

3190 5984 3265 6047 18
