4030 6486
429 435 546 512 ἷῶθ

1682 407 1990 513 Nicon“
2027 439 2418 500 CABASTLJ‘.

3594 410 3703 511 nso

427 557 600 608 tenus
649 551 1000 622 procedebat.
1057 549 1322 616 Quocirca
1381 559 1434 604 et
1478 549 1670 604 umbra
1736 559 1788 605 et
1839 550 2012 618 imago

2129 553 2343 617 πνεῦμα
2370 553 2431 605 τὸ
2460 555 2564 606 πᾶν
2594 554 2904 622 ἐργάζεται,
2944 555 3190 626 γραπτδς
3215 558 3272 611 δὲ
3321 558 3548 624 ἐκεῖνος,
3615 560 3700 612 ὅτε

437 645 576 710 fuit;
616 658 703 698 res
735 652 914 698 autem
956 650 1008 694 et
1035 643 1258 705 veritas,
1299 657 1418 711 quae
1451 657 1596 696 nunc
1631 642 1788 696 ﬁunt.
1832 642 2010 696 Verba

431 735 580 790 enim
613 735 680 790 ad
707 734 888 804 ipsum
922 749 1042 789 esse
1077 748 1256 788 rerum
1305 732 1559 802 imaginis
1603 733 2011 802 proportionem

435 829 674 893 habent;
729 842 891 897 quas,
931 827 1249 897 priusquam
1279 837 1630 899 apparerent,
1666 827 1854 880 multis
1887 836 2013 880 ante

433 919 648 978 smculis
704 919 891 990 lingua
958 921 1348 989 prophetarum
1409 919 1550 975 Deus
1614 919 1944 990 signiﬁcavit
1998 935 2010 970 :

437 1030 458 1064 ι
499 1007 750 1076 Feriam,
801 1012 1001 1082 inquit,
1046 1011 1227 1067 foedus
1272 1027 1496 1073 novum,
1554 1026 1662 1065 non
1705 1011 2011 1067 secundum

426 1113 681 1174 paetum,
727 1103 872 1170 quod
935 1103 1112 1172 ιγ·ρὶςί
1159 1118 1282 1157 eum
1339 1103 1592 1173 patribus
1639 1116 1832 1156 eorum
1857 1102 1926 1156 ⁸ο.
1988 1120 2008 1154 ι

433 1194 538 1249 Sed
567 1195 758 1266 quod?
799 1213 819 1246 ι
854 1193 972 1249 Hoc
995 1195 1098 1249 erit
1125 1204 1366 1264 paetum,
1403 1195 1602 1264 inquit,
1635 1194 1780 1263 quod
1819 1193 2008 1247 feriam

432 1305 554 1342 eum
579 1287 743 1341 domo
771 1287 956 1352 Israel,
988 1288 1041 1342 in
1064 1289 1228 1342 domo
1259 1286 1424 1343 Juda.
1463 1287 1612 1343 Dabo
1640 1288 1810 1356 legem
1835 1302 2010 1340 meam

431 1381 486 1434 in
519 1380 824 1436 visceribus
858 1396 1073 1448 eorum,
1127 1391 1182 1434 et
1236 1380 1290 1436 in
1343 1380 1606 1436 cordibus
1648 1395 1838 1436 eorum
1869 1378 2010 1434 scri-

435 1477 556 1528 bam
615 1487 734 1527 eam
763 1472 834 1527 ⁸⁸.
867 1492 885 1526 ι
921 1469 1039 1528 Non
1075 1489 1170 1543 per
1210 1488 1368 1529 voces
1400 1473 1857 1542 compositamYet
1886 1486 2016 1525 eon-

431 1567 733 1628 cinnalam,
781 1567 876 1621 sed
903 1563 1018 1634 ipse
1055 1581 1156 1637 ego
1183 1565 1464 1636 legislator
1507 1581 1605 1636 per
1647 1579 1756 1629 me,
1805 1564 2014 1633 absque

433 1657 616 1709 medio
655 1673 670 1708 :
717 1651 892 1712 (Non
925 1658 1070 1710 enim
1103 1657 1338 1726 amplius
1368 1657 1587 1712 docebit
1633 1655 2014 1726 unusquisque

433 1749 658 1804 fratrem
711 1765 895 1816 suum,
934 1759 989 1804 et
1032 1750 1416 1820 unusquisque
1469 1751 1777 1820 proximum
1824 1765 2010 1814 suum,

431 1841 642 1906 dicens,
679 1840 964 1911 Cognosce
999 1844 1324 1924 hominum;
1361 1844 1622 1913 quoniam
1659 1857 1854 1898 omnes
1912 1857 2010 1896 co-

429 1939 695 2004 gnoscent
739 1950 848 2000 me,
888 1949 919 1988 a
955 1936 1184 1990 minimo
1219 1952 1394 2004 usque
1436 1937 1501 1990 ad
1551 1935 1852 1990 maximum
1875 1935 1943 1989 ⁸³.
1987 1953 2006 1986 ι

435 2025 586 2080 Ilanc
613 2037 668 2083 et
705 2027 872 2084 David
904 2031 1074 2100 legem
1099 2031 1354 2101 adeptus,
1393 2029 1608 2085 beatam
1637 2029 1786 2082 illam
1822 2041 2010 2082 vocem

430 2117 614 2172 emisit
647 2135 661 2172 :
693 2137 712 2170 ι
751 2119 1024 2186 Quoniam
1051 2125 1152 2191 ego
1180 2122 1439 2190 cegnovi,
1470 2121 1616 2192 quod
1655 2135 1888 2190 magnus
1927 2129 2013 2174 est

432 2207 700 2266 Dominus
725 2211 794 2265 ⁸³.
849 2233 868 2266 ι
925 2214 1040 2285 Ego
1065 2215 1325 2284 cognovi,
1357 2216 1560 2283 inquit,
1595 2231 1692 2284 per
1722 2215 2013 2284 experien-

429 2299 588 2365 tiam,
644 2314 752 2355 non
802 2309 864 2356 ut
905 2304 998 2373 qui
1035 2303 1158 2360 aliis
1210 2303 1534 2358 docentibus
1584 2303 1636 2358 id
1685 2301 2010 2354 audiverim.

417 2389 553 2456 .Quo
582 2401 636 2446 et
667 2392 804 2448 alios
837 2395 1104 2451 inducens
1129 2411 1142 2448 :
1172 2414 1191 2446 ι
1225 2390 1478 2457 Gustate,
1509 2394 1709 2463 inquit,
1738 2403 1791 2447 et
1817 2391 2012 2454 videte,

429 2485 693 2552 quoniam
730 2486 909 2542 bonus
945 2497 1030 2543 est
1062 2487 1416 2542 Dominus“.
1451 2505 1471 2538 ι
1511 2486 1654 2553 Quin
1684 2488 1848 2540 etiam
1872 2485 2016 2538 mul-

431 2578 505 2631 tis
561 2590 614 2632 et
649 2577 820 2633 variis
850 2579 1202 2635 sermonibus
1229 2579 1422 2635 beatus
1457 2579 1544 2634 ille
1577 2579 1670 2634 Dei
1710 2579 2012 2634 bonitatem

429 2667 787 2723 collaudavit.
831 2668 937 2724 Sed
975 2670 1134 2739 quasi
1170 2671 1332 2724 verba
1389 2685 1500 2724 rem
1572 2671 1747 2738 ipsam
1797 2685 2016 2736 aequare

413 2769 722 2830 nequeant,
755 2759 823 2814 ad
848 2759 1242 2830 experientiam
1275 2777 1491 2825 eorum,
1519 2776 1637 2830 qua:
1664 2761 1719 2815 in
1753 2761 1858 2816 Deo
1893 2762 2016 2814 lau-

431 2853 654 2916 dantur,
691 2853 978 2910 audientes
999 2864 1286 2923 provocat.

501 3101 657 3158 ‘Hane
685 3103 1080 3171 experientiam
1111 3103 1514 3170 baptizatorum
1545 3103 1837 3158 animabus
1859 3117 2016 3158 sacer

2119 647 2280 715 μέχρι
2315 647 2422 698 τῶν
2442 647 2789 716 γραμμάτων
2814 649 2944 720 ἔστη
2985 650 3080 702 καὶ⁵
3125 651 3236 704 τῶν
3298 651 3518 719 φωνῶν,
3579 652 3702 705 ἀνθ’

2118 731 2194 792 ὧν
2221 740 2316 792 καὶ
2345 741 2476 793 σκιὰ
2513 742 2611 809 μὲν
2637 741 2727 794 καὶ
2758 741 2926 795 εἰκὼν
2955 744 3188 809 ἐκεῖνος,
3219 746 3454 815 πρᾶγμα
3495 744 3552 798 δὲ
3607 744 3704 798 καὶ

2118 829 2350 899 ἀλήθεια
2379 831 2447 884 τὰ
2479 831 2746 901 παρόντα.
2777 833 2841 886 Ol
2868 833 2977 902 γὰρ
3006 833 3158 895 λόγοι
3187 837 3282 888 καὶ
3307 835 3374 889 τὰ
3396 837 3703 909 γράμματα

2117 924 2254 991 πρὸς
2279 923 2410 977 αὐτὸ
2433 923 2494 977 τὸ
2524 919 2667 978 εἶναι
2713 925 2822 978 τῶν
2865 929 3214 996 πραγμάτων
3259 928 3473 990 εἰκόνος
3515 929 3745 998 ἔχουσι,

2115 1015 2273 1082 λόγον
2297 1033 2310 1046 ο
2344 1017 2519 1071 ταῦτα
2549 1019 2680 1086 πρὶν
2715 1019 2796 1081 είς
2821 1017 2984 1090 ἔργον
3017 1019 3270 1088 ἐκϐῆναι,
3306 1020 3527 1084 πολλοῖς
3563 1022 3702 1090 πρό-

2112 1125 2168 1160 τς
2181 1126 2271 1177 ρον
2301 1111 2512 1178 χρόνοις
2541 1112 2605 1176 τῇ
2635 1109 2850 1183 γλώττῃ
2900 1113 3011 1166 τῶν
3042 1113 3343 1182 προφητῶν
3416 1115 3694 1183 ἐμήνυσεν

2113 1203 2142 1254 6
2173 1201 2326 1263 Θεὸς.
2367 1221 2383 1251 ι
2416 1201 2785 1273 Διαθήσομαι,
2826 1203 2984 1273 φησι,
3039 1204 3309 1274 διαθήκην
3365 1206 3581 1271 καινὴν,
3636 1206 3699 1258 οὐ

2115 1291 2257 1344 κατὰ
2287 1291 2576 1362 διαθήκην,
2611 1295 2680 1364 ἢν
2713 1293 2978 1363 διεθέμην
3011 1296 3126 1358 τοῖς
3163 1296 3438 1364 πατράσιν
3464 1297 3638 1364 ὑμῶν.
3676 1317 3694 1346 ι

2116 1383 2254 1436 ἀλλὰ
2283 1385 2404 1436 τίνα
2431 1384 2638 1454 ταύτην
2675 1402 2690 1448 ;
2725 1403 2744 1436 ι
2779 1385 2955 1452 Αὕτη,
2989 1387 3181 1457 φησὶν,
3217 1389 3251 1457 ἡ
3303 1387 3567 1458 διαθήκη,
3628 1389 3699 1458 ἦν

2117 1473 2450 1543 Θιαθήσομαι
2480 1476 2558 1544 τῷ
2607 1476 2741 1544 οἴκῳ
2776 1475 2994 1547 Ἰσραὴλ
3053 1475 3262 1546 καὶτῷ
3305 1479 3440 1547 οίκῳ
3504 1477 3704 1530 Ἰούδαν

2115 1568 2288 1631 τιθεὶς
2309 1568 2433 1630 τοὺς
2463 1568 2666 1638 νόμους
2701 1585 2802 1637 μου
2833 1570 2915 1632 είς
2958 1568 3204 1624 διάνοιαν
3262 1569 3445 1622 αὐτῶν
3489 1569 3582 1621 καὶ
3639 1571 3699 1622 ὲν

2116 1660 2370 1730 καρδίαις
2411 1660 2591 1713 αὐτῶν
2651 1660 2849 1730 γράψω
2901 1661 3122 1724 αὐτοὺς,
3164 1679 3182 1713 ι
3246 1661 3308 1714 οὐ
3359 1659 3450 1714 διὰ
3509 1659 3698 1730 φωνῆς

2119 1751 2422 1822 ῥυθμίζων,
2460 1753 2578 1805 ἀλλ’
2633 1752 2797 1815 αὐτὸς
2847 1753 3068 1822 ἁμέσως
3101 1755 3129 1806 ὁ
3167 1754 3494 1824 νομοθέτης.
3563 1773 3582 1805 ι
3620 1755 3696 1806 Οὐ

2116 1843 2222 1912 γὰρ
2278 1841 2575 1906 διδάξουσιν
2629 1843 2732 1901 ἔτι.
2800 1845 2987 1914 φησὶν.
3034 1845 3266 1908 ἕκαστος
3317 1845 3430 1914 (τὸν
3467 1845 3698 1912 ἀδελφὸν

2117 1932 2304 2000 αὑτοῦ,
2329 1935 2423 1988 καὶ
2447 1933 2696 2004 ἕκαστος)
2712 1934 2805 1988 τὸν
2827 1935 3055 2006 πλησίον
3077 1937 3266 2001 αὐτοῦ,
3288 1937 3461 1991 Γνῶθι
3477 1937 3568 1991 τὸν
3591 1937 3700 1990 K6-

2119 2045 2251 2098 ριον,
2274 2029 2354 2082 ὅτι
2377 2029 2578 2092 πάντες
2591 2029 2702 2098 εῑδή
2713 2029 2870 2082 σουσί
2893 2047 2960 2098 με
2981 2030 3090 2083 ἀπὸ
3116 2031 3316 2101 μικροῦ
3335 2031 3440 2106 ἓως
3457 2031 3697 2101 μεγάλου

2115 2120 2314 2172 αὐτῶν.
2362 2139 2381 2172 ι
2420 2121 2625 2173 Τούτου
2657 2120 2837 2189 τυχὼν
2881 2120 2981 2173 τοῦ
3035 2123 3202 2191 νόμου
3258 2125 3352 2176 καὶ
3395 2123 3556 2176 Δασιδ
3597 2123 3700 2191 τὴν

2117 2209 2397 2278 μακαρίαν
2423 2209 2640 2278 ἐκείνην
2668 2211 2846 2280 ἀφῆκε
2869 2211 3076 2282 φωνὴν,
3109 2213 3194 2267 ὅτι
3222 2231 3241 2264 ι
3277 2212 3422 2281 Ἐγὼ
3448 2213 3688 2280 ἔγνωκα,

2115 2304 2198 2356 ὅτι
2237 2303 2412 2372 μέγας
2449 2305 2476 2356 6
2506 2302 2738 2372 Κύριος,
2782 2321 2801 2357 ι
2834 2301 2945 2370 ὲγὼ
2979 2305 3222 2370 ἔγνωκα,
3284 2305 3442 2374 φησὶ,
3496 2287 3705 2374 πεῖραν

2116 2398 2280 2462 αὐτὸς
2309 2396 2512 2459 λαϐὼν,
2548 2398 2608 2450 οὐ
2655 2397 3021 2451 διδασκόντων
3050 2398 3228 2453 sum
3265 2399 3531 2462 ἀκούσας·
3573 2399 3698 2452 ὅθεν

2117 2488 2210 2540 ἐπὶ
2243 2486 2310 2540 τὰ
2343 2487 2433 2540 ίσα
2493 2487 2590 2540 καὶ
2635 2487 2765 2548 τοὺς
2829 2487 3024 2550 ἄλλους
3069 2487 3302 2555 ὲνάγων,
3340 2507 3358 2539 ι
3395 2486 3694 2552 Γεύσασθε,

2119 2581 2280 2648 φησὶ,
2314 2580 2410 2632 καὶ
2459 2579 2620 2642 ἴδετε,
2687 2579 2770 2631 ὅτι
2821 2580 3114 2650 χρηστὸςὸ
3147 2580 3371 2650 Κύριος.
3421 2598 3438 2632 ι
3505 2580 3698 2634 Καίτοι

2118 2672 2332 2732 πολλοῖς
2353 2669 2452 2738 τὴν
2485 2670 2834 2740 χρηστότητα
2861 2672 2954 2723 τοῦ
2985 2670 3118 2722 Θεοῦ
3151 2672 3246 2724 καὶ
3273 2671 3637 2735 παντοδαποῖς
3663 2673 3694 2724 6

2121 2761 2392 2828 μακάριος
2413 2758 2694 2828 ἀνύμνησε
2736 2759 2916 2827 λόγοις
2965 2780 2976 2791 ·
3000 2761 3028 2812 6
3059 2761 3140 2825 δὲ,
3174 2761 3252 2826 ὡς
3289 2763 3352 2814 οὐ
3379 2763 3698 2830 δυναμένων

2117 2852 2460 2918 ἐνδείξασθαι
2501 2853 2567 2905 τὰ
2605 2851 2736 2904 ὄντα
2766 2853 2874 2906 τῶν
2897 2853 3073 2920 λόγων
3099 2855 3192 2909 ἐπὶ
3218 2857 3318 2924 τὴν
3347 2857 3546 2922 πεῖραν
3583 2856 3694 2909 τῶν

2119 2947 2496 3016 ὑμνουμένων,
2530 2945 2726 3005 αὐτοὺς
2759 2945 2916 2999 καλεῖ
2943 2947 3065 3010 τοὺς
3093 2947 3502 3018 ἀκροωμένους.

2187 3103 2408 3173 Ταύτην
2432 3103 2529 3170 τὴν
2564 3105 2757 3172 πεῖραν
2797 3102 2856 3156 τὸ
2887 3103 3114 3174 λουτρὸν
3135 3103 3381 3171 ἐντίθησι
3405 3107 3523 3165 ταῖς
3585 3106 3697 3159 τῶν

434 3197 555 3250 {mis
593 3195 807 3257 inserit,
844 3205 900 3250 et
925 3211 988 3250 ex
1027 3195 1244 3266 opilicio
1279 3196 1560 3265 Opificem,
1609 3197 1776 3248 ruenti
1812 3195 2005 3248 verita-

2121 3182 2534 3268 βαπτιζομένων
2555 3195 2774 3265 ψυχαῖς,
2812 3197 2906 3248 καὶ
2941 3195 3200 3265 γνωρίζει
3246 3195 3325 3266 τῷ
3353 3196 3694 3268 δημιουργή-

433 3299 568 3353 tem,
617 3287 894 3343 desiderio
945 3289 1124 3344 solum
1167 3289 1584 3344 desiderabilem
1647 3290 2008 3341 demonstr;.t.

435 3383 559 3438 Ideo
591 3392 645 3436 ct
677 3397 936 3453 magnum
967 3381 1325 3446 desiderium,
1357 3390 1411 3436 et
1430 3396 1584 3434 amor
1611 3379 1924 3442 inell'abilis,
1959 3391 2016 3432 et

435 3475 678 3528 cbaritas
707 3488 936 3544 prorsus
966 3473 1262 3545 singularis
1303 3489 1317 3528 :
1354 3474 1614 3543 quoniam
1651 3488 1759 3527 non
1795 3483 1876 3526 est
1903 3487 2014 3540 quo

431 3575 608 3637 egeat,
633 3573 687 3620 et
715 3565 902 3620 omnia
924 3565 1282 3628 conveniunt,
1309 3574 1362 3620 et
1385 3565 1518 3620 nihil
1547 3565 1817 3624 dissonat.
1843 3575 1895 3618 et
1928 3565 2014 3617 in-

432 3673 601 3727 super
632 3665 718 3712 est
759 3659 942 3728 omnis
977 3657 1323 3712 excellentia.
1371 3655 1464 3713 Sic
1509 3658 1656 3711 enim
1694 3671 1807 3709 rem
1844 3656 2017 3724 dispi-

430 3752 668 3805 ciamus.
703 3748 1045 3805 Desiderium
1075 3749 1366 3804 animabus
1396 3748 1596 3804 indidit
1631 3747 1794 3803 Deus.
1823 3748 1881 3802 Si
1917 3749 2013 3802 bo.

436 3853 566 3896 num
595 3840 728 3896 illud
761 3841 982 3912 assequi
1017 3841 1304 3905 debemus,
1337 3847 1391 3894 et
1425 3842 1628 3894 veritas
1663 3830 2026 3908 intelligenda

432 3945 539 3996 est,
594 3936 708 3990 brec
755 3933 866 3988 duo
909 3933 1102 4004 utique
1155 3949 1292 4003 pura
1337 3932 1564 3986 omnino
1603 3933 2012 3999 desideramus,

437 4031 639 4083 bonum
673 4043 704 4082 a
727 4028 896 4092 malo,
919 4027 1204 4084 veritatem
1239 4044 1282 4100 a_
1304 4027 1614 4084 mendacio.
1667 4026 1838 4082 Nemo
1865 4027 2010 4082 enim

433 4123 700 4191 deceptus
743 4119 987 4186 laztatur,
1033 4137 1134 4176 nec
1179 4120 1488 4175 delectatur
1530 4121 1584 4174 in
1627 4135 1871 4176 errorem
1923 4121 2012 4172 in-

433 4213 655 4276 ductus,
687 4219 743 4266 et
771 4226 872 4280 pro
897 4211 1040 4266 bono
1074 4212 1128 4266 in
1161 4213 1362 4266 malum
1402 4212 1669 4267 incidens.
1728 4213 1853 4267 Haec
1883 4227 2014 4265 con-

439 4302 854 4374 eupiscentibus
889 4316 1025 4370 pure
1073 4303 1444 4372 consequendi
1499 4319 1781 4372 nunquam
1831 4302 2011 4355 adhuc

439 4394 584 4447 facta
633 4403 720 4447 est
773 4391 932 4462 copia
983 4392 1134 4448 :sed
1189 4395 1330 4462 quod
1385 4408 1414 4447 a
1469 4395 1628 4448 nobis
1701 4393 1906 4446 bonum
1959 4397 2013 4442 el

440 4497 627 4538 rerum
651 4482 976 4553 appellatur,
1024 4498 1135 4538 non
1179 4500 1351 4552 magis
1386 4484 1491 4538 hoc
1537 4496 1620 4540 est
1647 4484 1792 4554 quod
1825 4481 2012 4550 appel-

2120 3309 2248 3362 ματι
2276 3291 2368 3343 τὸν
2397 3289 2752 3359 δημιουργὸν,
2785 3288 2863 3358 τῷ
2892 3289 2969 3358 νῷ
2996 3289 3096 3360 τὴν
3122 3289 3403 3359 ἀλήθειαν,
3451 3292 3515 3360 τῇ
3569 3293 3694 3343 ἐπε-

2117 3382 2287 3452 θυμίᾳ
2318 3381 2408 3433 τὸν
2441 3381 2602 3450 μόνον
2623 3379 2986 3448 ὲπιθυμητόν.
3023 3383 3124 3434 Διὰ
3149 3379 3312 3434 τοῦτο
3369 3382 3464 3434 καὶ
3515 3381 3696 3449 μέγας

2115 3474 2144 3526 ὁ
2175 3473 2338 3535 πόθος
2363 3473 2458 3524 καὶ
2483 3471 2542 3523 ch
2571 3469 2798 3542 φίλτρου
2835 3472 3075 3542 ἄρρητον
3111 3471 3204 3525 καὶ
3249 3473 3278 3524 6
3331 3473 3474 3541 ἔρως
3533 3472 3699 3542 ὑπερ-

2117 3566 2282 3634 φυὴς,
2315 3564 2514 3618 ὅτιούκ
2551 3563 2703 3616 ἐστιν
2757 3555 2818 3616 οὗ
2863 3562 2964 3628 δεῖ,
3024 3565 3121 3617 καὶ
3169 3565 3349 3617 πάντα
3371 3564 3692 3633 συμϐαίνει,

2115 3659 2212 3710 καὶ
2234 3658 2386 3710 οὐδὲν
2417 3656 2636 3727 ἀπᾴδει,
2679 3655 2776 3708 καὶ
2821 3655 2960 3726 πρός
3009 3671 3073 3723 γε
3118 3655 3270 3709 πᾶσά
3331 3656 3482 3708 ἐστιν
3522 3655 3696 3725 ὑπερ-

2117 3751 2275 3822 ϐολή.
2305 3749 2610 3818 Σκοπῶμεν
2634 3748 2764 3817 γάρ.
2808 3745 3142 3816 Ἑπιθυμίαν
3182 3749 3301 3810 ταῖς
3353 3746 3554 3818 ψυχαῖς
3603 3751 3694 3800 ἐν.

2115 3844 2312 3913 έθηκεν
2341 3847 2367 3896 6
2394 3841 2550 3904 Θεὸς,
2583 3841 2649 3894 ἂν
2683 3840 2786 3908 μέν
2815 3855 2911 3892 του
2948 3839 3063 3912 δέῃ,
3096 3823 3391 3910 τυγχάνειν
3421 3839 3514 3892 τοῦ
3554 3841 3695 3907 ἀγα-

2116 3936 2230 3999 θοῦ,
2265 3937 2454 4004 νοῆσαι
2482 3933 2538 3987 δὲ
2563 3933 2756 4002 δεῆσαι
2789 3931 2888 4000 τῆς
2909 3929 3194 4000 ἀληθείας,
3236 3930 3332 3984 καὶ
3382 3928 3557 3984 ταῦτα
3597 3948 3694 3983 ποι

2116 4027 2319 4096 θοῦμεν
2361 4025 2577 4094 καθαρὰ
2606 4011 2806 4094 δήπου,
2847 4023 2910 4076 τὸ
2956 4023 3054 4093 μὲν
3094 4021 3302 4092 ἀγαθὸν
3352 4023 3448 4078 τοῦ
3495 4023 3693 4088 κακοῦ,

2114 4118 2206 4172 τοῦ
2235 4116 2465 4185 ψεύδους
2497 4114 2551 4166 δὲ
2595 4113 2696 4184 τὴν
2721 4115 2988 4186 ἀλήθειαν
3028 4130 3042 4145 ·
3083 4115 3144 4168 οὐ
3173 4115 3283 4186 γάρ
3335 4133 3417 4180 τις
3472 4117 3698 4170 ἀπατώ-

2119 4227 2276 4280 μενος
2309 4209 2512 4278 χαίρει,
2551 4205 2666 4260 οὐδ⁴
2698 4208 2764 4261 ἂν
2792 4207 2987 4278 ἡσθείη
3023 4208 3378 4278 πλανώμενος
3412 4208 3508 4261 καὶ
3533 4209 3694 4278 κακῷ

2115 4301 2534 4371 περιτυγχὰνων
2592 4299 2708 4354 ἀντ’
2759 4300 2988 4368 ἀγαθοῦ.
3053 4300 3274 4353 Τούτων
3333 4300 3695 4371 ἐπιθυμοῦσιν

2115 4394 2235 4446 οὐδὲ
2267 4391 2351 4448 πώ
2365 4410 2486 4445 ποτε
2517 4393 2733 4460 ἐγένετο
2763 4395 2952 4464 τυχεῖν
2992 4393 3274 4463 καθαρῶς,
3303 4394 3438 4446 ἀλλὰ
3467 4395 3528 4446 τὸ
3560 4394 3694 4462 παρ’

2115 4486 2249 4554 ἡμῖν
2281 4483 2482 4551 ἀγαθὸν
2509 4487 2599 4538 καὶ
2633 4485 2693 4538 τὸ
2729 4485 2926 4553 ἀληθὲς
2958 4485 3020 4538 οὐ
3049 4484 3205 4538 τοῦτο
3226 4488 3398 4549 ἐστιν,
3447 4484 3477 4538 6
3503 4485 3694 4537 καλεῖς

439 4577 603 4640 latur,
653 4589 820 4644 quam
864 4577 1231 4630 contrarium.
1285 4575 1444 4630 Unde
1495 4584 1746 4644 apertum
1803 4573 1880 4627 ﬁt.
1926 4571 2012 4624 hic

2117 4593 2206 4629 ται
2235 4577 2489 4646 μᾶλλονῆ
2523 4577 2841 4630 τούναντίον
2877 4591 2890 4605 ’
2932 4577 3056 4630 ὅθεν
3087 4577 3208 4629 οὐδὲ
3249 4579 3282 4648 ἡ
3318 4577 3416 4646 τῆς
3471 4578 3696 4645 ἀγάπης

438 4684 614 4738 neque
660 4669 950 4724 cliaritatis
1009 4684 1186 4739 neque
1232 4669 1418 4738 gaudii
1476 4670 1528 4722 in
1586 4666 1747 4720 nobis
1806 4673 2010 4718 tantam

438 4764 546 4813 vim
577 4759 827 4829 reperiri,
863 4768 1068 4830 quanta
1099 4760 1518 4829 reperiretur,si
1543 4773 1662 4826 quae
1681 4757 1925 4825 diligere,
1965 4765 2017 4808 et

437 4853 640 4921 quibus
664 4853 904 4923 gaudere
934 4863 1171 4920 oportet,
1201 4853 1490 4921 przesentia
1529 4854 1802 4902 ιιιιυεειιιιι.
1833 4846 2016 4914 Neque

438 4945 647 4998 amoris
707 4945 989 4999 vinculum
1043 4954 1314 5016 quantum
1368 4946 1462 5007 sit,
1530 4959 1632 4998 nec
1696 4943 2016 5010 magnitudo

442 5037 590 5090 illius
613 5035 852 5090 incendii
899 5046 1026 5091 nota
1069 5045 1186 5101 est;
1230 5035 1356 5112 quia
1407 5034 1551 5104 quod
1601 5045 1834 5097 amatur,
1877 5049 2011 5088 nus-

439 5144 600 5197 quam
627 5137 732 5184 est.
778 5127 850 5184 Iis
901 5137 1079 5183 autem
1112 5129 1206 5198 qui
1244 5127 1585 5181 Salvatorem
1628 5137 2006 5195 gustaverunt,

438 5222 592 5273 adest
632 5220 868 5288 idipsum
903 5220 1046 5290 quod
1075 5220 1415 5285 desiderant,
1450 5218 1515 5272 ad
1549 5232 1709 5285 quem
1738 5217 2014 5272 humanus

441 5327 594 5364 amor
621 5312 766 5366 velut
789 5313 856 5365 ad
885 5325 1154 5365 canonem
1193 5311 1428 5380 aliquem
1462 5319 1514 5363 et
1548 5297 1707 5364 finem
1763 5309 1828 5364 ab
1855 5309 2013 5363 initio

439 5411 789 5470 comparatus
821 5411 904 5457 est
941 5418 954 5454 :
993 5400 1138 5452 Velut
1176 5402 1471 5455 thesaurus
1523 5401 1598 5454 ita
1646 5417 1897 5472 magnus,
1940 5402 2012 5454 ita

443 5491 604 5560 latus,
631 5505 692 5547 ut
725 5492 892 5547 Deum
920 5489 1092 5560 possit
1121 5505 1336 5560 capere.
1371 5490 1484 5547 Hae
1518 5495 1726 5548 ratione
1751 5502 1806 5548 et
1829 5495 2014 5548 omnia

443 5581 580 5636 bona
609 5585 662 5639 in
686 5585 793 5638 vita
819 5591 1250 5648 consequuntur.
1278 5583 1434 5640 Nulla
1459 5586 1744 5640 intercedit
1767 5587 2014 5652 satietas,

444 5687 544 5727 nec
574 5679 873 5746 quidquam
911 5676 1242 5730 desiderium
1287 5677 1492 5735 definit.
1555 5683 1645 5736 sed
1683 5682 1860 5765 adhuc
1892 5682 2012 5736 siti-

512 5879 556 5910 ⁸³
583 5881 780 5936 ἐονιξηι.
819 5898 968 5942 xxxi,
1003 5881 1088 5944 5|,
1127 5883 1215 5940 52.
1291 5887 1335 5918 ⁸¹
1371 5887 1497 5942 ibid.
1525 5887 1612 5940 35.

1693 5888 1734 5918 θ’
1762 5887 1832 5940 llzi
1858 5887 1894 5941 l.
1939 5888 2028 5940 δι.
2105 5887 2154 5926 ⁸³
2187 5885 2326 5940 Psal.
2364 5901 2548 5948 xvxrv,
2591 5885 2642 5937 4.

2119 4668 2354 4722 ἐνταῦθα
2390 4669 2655 4736 δύναμις,
2689 4668 2809 4720 οὐδὲ
2846 4669 3000 4736 ἡτῆς
3029 4670 3204 4736 χαρᾶς
3238 4670 3296 4720 ὲν
3356 4669 3487 4737 ἡμῖν
3537 4666 3697 4733 δῆλον

2116 4755 2184 4830 ἦν
2221 4760 2394 4828 ὁπόση
2423 4777 2507 4823 τις
2534 4755 2622 4828 ἦν,
2653 4759 2690 4812 ἃ
2733 4759 2906 4824 φιλεῖν
2946 4758 3055 4812 ἔδει
3087 4759 3180 4812 καὶ
3234 4755 3316 4822 οἷς
3362 4757 3576 4828 χαίρειν
3629 4752 3697 4827 ἦν

2120 4856 2196 4924 μὴ
2231 4855 2534 4922 παροιτων,
2569 4852 2688 4904 οὐδὲ
2729 4855 2756 4904 ὁ
2790 4850 2882 4904 τοῦ
2941 4852 3107 4904 πόθου
3171 4851 3370 4920 δεσμὸς
3417 4851 3695 4920 γνώριμος

2115 4947 2236 5000 οὐδὲ
2268 4946 2324 4996 τὸ
2353 4945 2460 5014 πῦρ
2481 4946 2626 4998 ὅσον.
2661 4940 2766 4996 Ἦν
2807 4948 2916 5013 γὰρ
2950 4947 3008 4996 τὸ
3045 4943 3384 5010 ποθούμενον
3407 4942 3650 5011 οὐδαμοῦ
3679 4957 3693 4972 ⁸

2114 5040 2227 5102 τοῖς
2257 5037 2313 5090 δὲ
2342 5037 2709 5106 γευσαμένοις
2741 5035 2832 5089 τοῦ
2871 5037 3126 5106 Σωτῆρος
3158 5036 3294 5090 αὐτὸ
3359 5037 3590 5106 πάρεστι
3634 5035 3696 5087 τὸ

2118 5129 2474 5198 ποθούμενον,
2523 5131 2659 5197 πρὸς
2684 5127 2742 5181 ὃν
2769 5131 2796 5182 6
2822 5129 3166 5200 ἀνθρώπινος
3189 5128 3332 5199 ἔρως
3389 5129 3580 5198 ὥσπερ
3613 5130 3693 5192 είς

2117 5223 2318 5276 κανόνα
2349 5223 2468 5274 τινὰ
2505 5221 2600 5275 καὶ
2626 5221 2750 5289 ὅρον
2783 5221 3206 5286 κατεσκευάσθη
3257 5218 3319 5272 τὸ
3387 5220 3444 5286 ἐξ
3496 5217 3694 5288 ἀρχῆς,

2116 5315 2371 5383 καθάπερ
2409 5313 2682 5384 θησαυρὸς
2713 5311 2854 5366 οὕτω
2897 5313 3098 5380 μέγας,
3132 5310 3275 5366 οὕτω
3311 5311 3496 5382 εὐρὺς,
3555 5311 3695 5363 ὥστε

2117 5407 2250 5459 Θεὺν
2285 5404 2651 5470 ὑποδέξασθαι
2691 5405 3010 5472 δυνηθῆναι.
3055 5404 3220 5456 Ταῦτ’
3251 5405 3359 5472 ἄρα
3415 5405 3510 5456 καὶ
3558 5405 3697 5456 πάν-

2117 5516 2228 5551 των
2259 5498 2591 5566 τυγχάνουσι
2629 5498 2735 5549 τῶν
2769 5497 2826 5549 ὲν
2853 5496 2930 5566 τῷ
2963 5497 3062 5566 βίῳ
3105 5496 3288 5550 καλῶν
3309 5511 3324 5528 ⁸
3351 5496 3528 5558 οὐδείς
3579 5497 3696 5548 ἐστι

2124 5594 2306 5661 κόρος,
2347 5591 2452 5644 οὐδ’
2490 5591 2706 5658 ἵστησιν
2737 5589 2889 5642 οὐδὲν
2922 5589 3022 5660 τὴν
3076 5589 3394 5658 ἐπιθυμίαν,
3435 5587 3550 5641 ἀλλ’
3615 5588 3698 5641 ἔτι

2123 5685 2388 5753 διψῶμεν,
2421 5683 2608 5752 ὥσπερ
2658 5685 2705 5734 εἰ
2749 5682 2938 5752 μηδενὶ
2971 5686 3228 5753 παρῆμεν
3263 5675 3337 5734 ὧν
3373 5679 3694 5748 ἐποθοῦμεν.

2723 5885 2766 5916 ⁸³
2787 5883 2932 5940 Psal.
2977 5899 3173 5951 xxxrti,
3215 5884 3271 5941 9.
