4030 6450
328 418 426 480 581

1360 422 1455 482 DE
1506 422 1685 485 VlTA
1726 419 1808 479 1N
1848 417 2185 475 (:ttutsro
2223 406 2344 476 Lm
2412 418 2488 477 ιῐ.

3478 400 3586 474 56?.

336 532 400 584 'H
429 532 537 603 γάρ
568 535 677 587 τῶν
716 534 1072 607 ἀνθρωπίνων
1105 537 1293 611 ψυχῶν
1351 540 1479 609 δίψα
1519 537 1747 607 ἀπείρου
1791 533 1894 585 δεῖ⁴

2001 544 2142 594 ιιιυε,
2206 543 2269 582 ac
2330 521 2374 581 si
2432 525 2568 580 nihil
2617 523 3059 580 desideratorum
3122 521 3578 577 obtinuissemus.

322 628 414 679 ταί
448 643 593 688 τινος
629 627 820 691 ὓδατος
843 644 857 659 ’
896 632 924 683 ό
953 630 1010 683 δὲ
1045 633 1248 702 κόσμος
1276 626 1431 695 οὗτος
1485 629 1900 702 πεπερασμένος

322 719 552 787 ἀρκέσαι
579 720 644 790 δὴ
680 720 795 783 πῶς
821 720 1151 790 δύναιτ’-ἀνς
1192 726 1302 778 Καὶ
1349 724 1509 777 τοῦτό
1563 725 1731 789 ἐστιν,
1764 723 1898 789 ὅπερ

322 809 352 860 ὁ
385 808 586 877 Κύριος
620 808 913 864 αἰνίττεται
965 813 1103 882 πρὸς
1138 813 1237 871 τὴν
1291 812 1659 883 Σαμαρείτιδα
1690 812 1896 879 λέγων’

334 917 353 948 ι
398 897 456 952 Ὀ
492 901 667 953 πίνων
706 901 771 953 ὲκ
811 900 904 954 τοῦ
960 902 1151 965 ὕδατος
1198 903 1387 956 τούτου
1447 903 1663 973 διψήσει
1696 900 1856 955 πάλιν
1882 917 1895 931 ⁶

322 992 378 1054 ὃς
405 991 450 1044 δ’
474 993 541 1046 ἂν
587 993 685 1065 πίῃ
711 995 775 1047 ὲκ
800 994 894 1048 τοῦ
923 994 1135 1061 ὕδατος,
1168 990 1228 1048 οὗ
1269 999 1379 1064 ἐγὼ
1407 996 1562 1049 δώσω
1621 995 1790 1064 αὐτῷ,
1835 993 1896 1046 οὐ

330 1084 405 1149 μὴ
436 1082 639 1156 διψήσῃ
697 1085 777 1147 εἰς
813 1084 903 1137 τὸν
954 1084 1145 1141 αἰῶνα.
1183 1105 1200 1137 ι
1263 1086 1436 1140 Τοῦτο
1487 1085 1596 1157 γάρ
1659 1087 1774 1138 ἐστι
1839 1084 1900 1137 τὸ

324 1169 489 1241 ὕδωρ,
541 1172 569 1225 δ
590 1174 690 1244 τὴν
719 1175 1013 1245 ἐπιθυμίαν
1040 1160 1366 1249 ἴστησίτῶν
1411 1175 1767 1247 ἀνθρωπίνων
1797 1177 1901 1246 ψυ-

326 1264 457 1334 χῶν.
489 1282 521 1327 τι
550 1264 1008 1336 Χορτασθήσομαι
1063 1273 1194 1340 γὰρ,
1226 1272 1407 1339 φησιν,
1437 1270 1494 1321 ὲν
1541 1269 1618 1337 τῷ
1669 1268 1900 1339 ὀφθῆναί

327 1348 416 1423 μοι
443 1354 540 1425 τὴν
578 1355 736 1422 δόξαν
776 1373 893 1411 σου.
944 1378 962 1410 ι
1004 1360 1112 1412 Καὶ
1143 1362 1252 1431 γὰρ
1281 1361 1557 1431 ὀφθαλμὸς
1613 1362 1712 1430 μὲν
1742 1379 1901 1415 κατε.

323 1446 599 1517 σκευάσθη
631 1444 742 1511 οἶος
776 1449 912 1521 πρὸς
940 1451 1000 1503 τὸ
1029 1451 1142 1520 φῶς
1165 1453 1417 1522 ἀρκέσαι,
1465 1455 1558 1507 καὶ
1588 1454 1727 1523 ἀκοὴ
1764 1453 1896 1524 πρὸς

322 1536 509 1606 ἤχους,
542 1538 636 1590 καὶ
660 1537 891 1593 ἕκαστον
913 1536 993 1604 οἷς
1026 1543 1286 1612 ἁρμόττει
1313 1560 1325 1573 ο
1385 1544 1565 1614 ψυχῆς
1607 1545 1662 1597 δὲ
1712 1545 1902 1598 ἐπιθυ-

326 1629 424 1699 μία
456 1631 592 1698 πρὸς
622 1631 712 1684 τὸν
751 1634 986 1701 Χριστὸν
1016 1636 1156 1688 ίεται
1188 1636 1369 1706 μόνον.
1412 1638 1522 1692 Καὶ
1560 1641 1621 1692 τὸ
1666 1639 1899 1693 κατάλυ-

335 1736 410 1787 μα
441 1719 597 1772 τοῦτό
630 1721 777 1773 ἐστιν
819 1724 979 1793 αὐτῇ,
1011 1724 1090 1777 ὅτι
1143 1727 1236 1778 καὶ
1291 1727 1492 1795 ἀγαθὸν
1524 1732 1616 1780 καὶ
1669 1729 1898 1799 ἀλήθεια

324 1811 654 1879 καὶῥτιοῦν,
689 1805 763 1865 ὧν
788 1816 937 1866 ἐστιν
972 1814 1130 1884 ἔρως,
1165 1818 1319 1884 μόνος
1355 1819 1491 1872 ἐστί.
1518 1821 1734 1874 Τούτων
1780 1822 1898 1875 ἓνε-

323 1916 394 1950 κα
419 1900 514 1952 καὶ
575 1902 777 1955 κωλύει
841 1905 969 1968 τοὺς
1017 1905 1281 1974 τυχόντας
1334 1908 1486 1961 οὐδὲν
1520 1910 1716 1978 φιλεῖν,
1776 1914 1899 1965 ὅσον

323 1991 526 2061 ἔρωτος
560 1993 617 2057 ἐξ
650 1994 825 2066 ἀρχῆς
858 1999 977 2059 ταῖς
1001 1998 1200 2067 ψυχαῖς
1244 2001 1484 2071 ἐνετέοη,
1530 2004 1623 2056 καὶ
1667 2005 1899 2074 χαίρειν,

330 2085 455 2137 ὅσον
500 2086 728 2140 δύναται
781 2090 994 2159 χαίρειν
1025 2092 1056 2162 ἡ
1084 2091 1265 2160 φύσις,
1298 2094 1390 2146 καὶ
1429 2096 1482 2148 εῐ
1510 2113 1560 2149 τι
1593 2097 1901 2169 πρσέθηκεν

322 2179 506 2241 αὐτοῖς
536 2180 703 2251 ἀρετὴ
750 2183 844 2235 καὶ
875 2184 935 2235 τὸ
970 2188 1066 2255 τῆς
1108 2188 1515 2263 ἀναγεννήσεως
1565 2190 1730 2263 ὕδωρ.
1777 2193 1901 2247 Ἐπὶ

328 2271 426 2340 μὲν
457 2272 561 2343 γὰρ
604 2274 711 2327 τῶν
742 2276 799 2327 ὲν
833 2276 910 2345 τῷ
969 2276 1068 2348 βίῳ
1106 2280 1288 2335 καλῶν
1317 2281 1440 2334 οὔτε
1468 2283 1556 2337 τὸν
1589 2284 1765 2355 ἔρωτα
1808 2285 1899 2338 οὗ-

322 2380 381 2416 τε
410 2364 505 2432 τὴν
535 2366 709 2434 χαρὰν
743 2368 967 2436 ἐνεργὸν
1009 2367 1147 2423 εἶναι
1172 2372 1394 2426 δυνατὸν
1421 2366 1763 2444 ψευδομένων
1800 2380 1900 2448 τὴν

324 2455 680 2524 ἐπωνυμίαν·
740 2460 787 2510 εἰ
839 2459 946 2529 γάρ
1011 2478 1064 2512 τι
1120 2465 1215 2517 καὶ
1267 2464 1413 2517 δοκεῖ
1468 2467 1649 2533 καλὸν,
1699 2470 1901 2539 φαῦλόν

327 2547 475 2598 ἐστιν
509 2547 729 2601 εἴδωλον
782 2549 877 2601 τοῦ
936 2551 1189 2621 ἀληθοῦς.
1229 2555 1492 2609 Ἐνταῦθα
1549 2557 1625 2623 δὲ,
1684 2560 1900 2624 οὐδενὶς

321 2638 471 2703 ὄντος
500 2639 530 2693 ὃ
556 2642 808 2709 κωλύσει,
836 2643 1149 2714 θαυμαστὸν
1177 2647 1270 2700 καὶ
1310 2648 1549 2720 ἄρρητον
1594 2651 1898 2705 διαδείκνυ-

322 2734 499 2787 ταιτὸ
532 2721 750 2805 φίλτρον
803 2738 893 2789 καὶ
937 2737 1140 2807 ἠχαρὰ
1186 2741 1294 2794 οὐδ’
1337 2742 1437 2809 ὅση
1494 2742 1761 2813 μηνύσαι’
1796 2746 1924 2816 μάο·

321 2822 479 2875 λιστα
532 2825 629 2892 μὲν
666 2826 747 2878 ὅτι
800 2825 934 2895 πρὸς
984 2827 1177 2880 ἑαυτὸν
1229 2831 1491 2902 ἑκάτερον
1540 2833 1649 2887 τῶν
1709 2835 1898 2889 παθῶν

319 2914 526 2967 τούτων
560 2914 744 2979 ἔταξεν
771 2920 797 2970 ὁ
822 2917 975 2982 Θεὸς,
1012 2919 1097 2971 ἵνα
1125 2921 1283 2974 αὐτὸν
1314 2923 1410 2993 μὲν
1436 2925 1703 2994 φιλῶμεν,
1747 2929 1898 2999 αὐτῷ

319 3007 377 3059 δὲ
441 3007 722 3078 χαίρωμεν
794 3011 940 3081 μόνῳ
967 3028 984 3045 θ
1030 3013 1124 3065 καί
1167 3014 1314 3067 ἐστιν
1363 3017 1677 3082 ἀκόλουθον,
1719 3015 1894 3089 οἶμαι,

325 3099 485 3165 λόγον
513 3100 633 3154 τινὰ
679 3103 816 3172 πρδς
850 3103 910 3155 τὸ
954 3103 1182 3175 ἄπειρον
1212 3108 1413 3174 ἀγαθὸν
1463 3100 1640 3164 ἐκεῖνο
1674 3113 1903 3181 σώζειν,’

320 3188 419 3239 καὶ
448 3188 635 3241 τοῦτον
659 3189 733 3253 ὡς
758 3193 934 3244 εἰπεῖν
977 3194 1067 3246 τὸν
1108 3186 1307 3265 τρόπον
1332 3197 1643 3271 σύμμετρον
1668 3199 1827 3256 εἶναι.

391 3280 690 3350 Σκοπῶμεν
736 3283 800 3354 δὴ
825 3284 885 3336 τὸ
933 3284 1165 3355 μέγεθος
1208 3290 1351 3357 ὅσον,
1386 3291 1575 3346 ἔπειτα
1609 3296 1705 3363 τῆς
1740 3296 1904 3366 tia-sp-

315 3374 487 3443 ϐολῆς
517 3375 741 3428 κάκεῖνο
772 3380 1019 3448 σημεῖον.
1063 3380 1289 3434 Πάντων
1343 3384 1473 3454 γὰρ,
1525 3379 1599 3452 ὧν
1656 3388 1902 3459 ὑπῆρξεν

320 3467 400 3527 είς
428 3467 576 3533 ἡμᾶς
605 3466 848 3535 ἀγαθῶν,
883 3469 1050 3538 μόνην
1078 3472 1312 3539 ἀμοιϐὴν
1341 3476 1525 3544 ἡγεῖτο
1556 3477 1615 3530 τὸ
1648 3480 1899 3549 φίλτρον,

318 3559 411 3610 καὶ
436 3556 594 3609 τοῦτο
628 3562 758 3625 παρ’
778 3561 934 3629 ἡμῶν
959 3564 1007 3615 εί
1034 3563 1209 3626 λάϐοι,
1232 3565 1350 3617 λύει
1378 3568 1434 3619 τὸ
1457 3571 1640 3637 χρέος·
1667 3570 1696 3623 δ
1721 3573 1902 3627 τοίνυν

318 3649 562 3718 ἀπείρων
610 3652 763 3703 ἐστὶν
811 3653 1143 3724 ἀντίρροπον
1190 3657 1409 3723 ἀγαθῶν
1464 3661 1615 3730 παρά
1676 3679 1737 3728 γε
1781 3664 1901 3734 Θεῷ

318 3743 570 3813 δικαστῇ,
613 3744 732 3808 πῶς
762 3747 858 3817 οὐχ
877 3747 1183 3818 ὑπερφυές;
1219 3750 1488 3821 Πρόδηλον
1518 3753 1573 3806 δὲ
1596 3754 1678 3807 ὅτι
1704 3758 1771 3828 τῇ
1802 3758 1901 3827 τῆς

320 3837 541 3904 ἀγάπης
576 3837 844 3916 ὑπερϐολῇ
883 3841 1228 3894 παντάπασιν
1288 3843 1585 3913 ἐφάμιλλος
1630 3847 1660 3915 ἡ
1712 3848 1858 3918 χαρά
1883 3864 1894 3877 ’

321 3944 392 3979 κα
437 3926 514 3997 τῷ
546 3927 753 3999 φίλτρῳ
786 3930 1075 3999 συμῦαίνει
1114 3933 1199 3985 διὰ
1258 3934 1473 3988 πάντων
1502 3937 1561 3989 τὸ
1584 3939 1778 4005 γάννος
1806 3943 1899 3994 καὶ

320 4022 604 4075 ἀκολουθεῖ
634 4022 875 4091 μεγίστῳ
917 4026 1193 4093 μέγιστον.
1245 4028 1496 4081 Φαίνεται
1567 4032 1745 4084 τοίνυν
1777 4037 1898 4099 ταῖς

320 4111 687 4182 ἀνθρωπίναις
716 4114 935 4184 ψυχαῖς,
978 4117 1198 4185 ἀγάπης
1259 4120 1355 4172 καὶ
1411 4123 1587 4191 χαρᾶς
1649 4124 1896 4194 μεγάλην

319 4203 439 4257 τινὰ
492 4204 587 4256 καὶ
634 4203 954 4277 Θαυμαστὴν
1012 4207 1334 4262 ἀποκεῖσθαι
1398 4213 1754 4285 παρασκευὴν
1801 4219 1896 4269 καὶ

319 4297 587 4366 παρόντος
612 4295 708 4348 τοῦ
742 4297 817 4361 ὼς
856 4297 1070 4367 ἀληθῶς
1116 4302 1396 4372 χαρίεντος
1452 4305 1546 4358 καὶ
1604 4307 1894 4377 ἀγαπητοῦ

316 4388 619 4459 ⁴τηνικαῦτα
650 4389 849 4451 τελέως
883 4393 1106 4461 ἐνεργὸν
1152 4389 1326 4447 εἶναι·
1362 4396 1455 4449 καὶ
1513 4397 1669 4451 τοῦτό
1720 4401 1891 4468 ἐστιν,

318 4481 457 4550 ὅπερ
528 4483 704 4551 χαρὰν
753 4485 782 4536 ὀ
829 4484 1020 4553 Σωτὴρ
1069 4486 1508 4557 πεπληρωμένην
1562 4493 1736 4547 καλεῖ.
1790 4494 1891 4547 Διὰ

315 4570 491 4624 ταῦτα
538 4573 632 4625 καὶ
680 4571 774 4625 τοῦ
841 4572 1154 4643 Πνεύματος
1199 4576 1639 4647 ἐπιδημήσαντος
1694 4579 1896 4650 ὁτῳοῦν

318 4664 411 4716 καὶ
444 4662 556 4716 τῶν
585 4663 753 4717 αὐτοῦ
790 4664 1114 4733 μεταδόντος
1147 4666 1254 4719 τῶν
1308 4668 1655 4739 ἀνασχόντων
1686 4671 1898 4725 ἐκεῖθεν

318 4754 570 4825 καρπῶν,
603 4755 671 4808 τὰ
699 4756 925 4827 πρώτην
958 4757 1151 4827 ἔχοντα
1203 4758 1372 4825 Δτάξιν
1420 4762 1608 4830 ἀγάπη
1637 4762 1751 4815 ἐστὶ
1802 4765 1898 4816 καὶ

319 4850 481 4918 χαρά.
534 4867 550 4900 ι
592 4850 648 4903 Ὀ
705 4853 815 4921 γὰρ
866 4850 1079 4917 καρπὸς
1147 4851 1240 4906 τοῦ
1299 4855 1640 4923 Πνεύματος,
1709 4858 1899 4927 φησὶν,

317 4942 533 5011 ἀγάπη,
568 4943 741 5010 χαρά·
781 4961 800 4995 ι
836 4944 896 4995 τὸ
927 4942 984 4995 δὲ
1024 4945 1216 5011 αἴτιον,
1245 4945 1328 4998 ὅτι
1376 4946 1531 4999 τοῦτο
1553 4947 1768 5018 πρῶτον
1820 4949 1905 5001 αἵ-

319 5030 517 5099 σθησιν
578 5032 772 5084 ἑαυτοῦ
830 5035 1061 5104 παρέχει
1118 5039 1236 5099 ταῖς
1304 5035 1503 5107 ψυχαῖς
1560 5040 1902 5109 ἐπιδημῶνὸ

317 5124 475 5184 θεός.
516 5124 920 5194 Αίσθανόμενος
953 5127 1010 5179 δὲ
1049 5127 1143 5181 τοῦ
1194 5129 1398 5197 ἀγαθοῦ
1434 5132 1527 5183 καὶ
1572 5131 1746 5200 φιλεῖν
1807 5133 1901 5185 καὶ

320 5216 534 5284 χαίρειν
580 5215 816 5286 ἀνάγκη,
850 5218 972 5269 ἐπεὶ
1024 5220 1119 5271 καὶ
1168 5220 1496 5289 σωματικῶς
1559 5224 1750 5288 φανεὶς
1786 5228 1900 5289 τοῖς

319 5308 632 5379 ἀνθρώποις
664 5309 826 5362 τοῦτο
880 5310 1101 5379 πρῶτον
1142 5312 1272 5382 παρ’
1307 5313 1463 5382 ἡμῶν
1523 5315 1745 5386 ἀπῄτει,
1802 5318 1901 5390 τὴν

322 5401 620 5467 ἐπίγνωσιν
642 5401 740 5472 τὴν
773 5402 969 5455 ἑαυτοῦ
996 5418 1009 5432 ⁸
1049 5408 1140 5456 καλ⁵
1171 5404 1329 5457 τοῦτο
1354 5406 1624 5471 ἐδίδασκε,
1653 5409 1749 5462 καὶ
1776 5411 1901 5463 τοῦ-

320 5508 382 5542 το
409 5494 635 5558 εἰσῆγεν
662 5492 846 5559 εὐθὺς,
887 5494 1088 5562 μᾶλλον
1145 5495 1201 5547 δὲ
1234 5497 1322 5549 διὰ
1372 5497 1531 5550 τοῦτο
1565 5500 1757 5569 μέχρις
1819 5504 1904 5555 atl-

324 5582 573 5652 σίὲήσεως
597 5580 730 5654 ἦλθε
759 5588 853 5639 καὶ
887 5586 1027 5657 ὑπὲρ
1082 5588 1272 5640 τούτου
1322 5588 1381 5642 τὸ
1427 5592 1536 5643 πᾶν
1576 5593 1894 5662 εἰργάσατο.

327 5692 343 5722 ι
373 5676 480 5726 Καὶ
511 5677 620 5746 γὰρ
653 5677 734 5740 εἰς
767 5676 945 5740 τοῦτο,
982 5680 1138 5751 φησὶ,
1170 5681 1505 5751 γεγέννημαι
1536 5684 1628 5737 καὶ
1657 5687 1735 5750 εἰς
1776 5686 1898 5739 τοῦ·

401 5848 446 5887 ⁸-⁵
478 5854 635 5911 Joan.
677 5870 750 5923 tv,
788 5856 874 5923 ιι,
916 5858 1000 5913 15.
1076 5859 1123 5891 ⁸⁸
1161 5860 1299 5917 l‘sa'.
1334 5879 1442 5931 xvu,
1481 5862 1560 5917 lii.

1640 5865 1681 5895 ἠ
1716 5864 1908 5917 Ma'th.
1943 5880 2037 5929 ιιι,
2075 5864 2125 5916 7.

2002 621 2323 675 Animarum
2373 620 2572 688 quippe
2603 619 2965 672 humanarum
3012 617 3134 671 silis
3170 617 3410 685 quadam
3443 630 3584 684 aqua

2003 713 2213 769 inlinita
2270 713 2474 782 indiget
2522 728 2534 764 :
2594 710 2684 764 cui
2744 714 2982 764 mundus
3041 708 3170 765 iste,
3221 707 3412 761 [initus
3493 706 3584 774 qui

2003 806 2180 877 possit
2208 803 2459 859 suﬁicere
2491 803 2516 856 ?
2571 802 2633 857 Et
2668 805 2771 857 hoc
2799 811 2883 856 est
2916 800 3056 870 quod
3095 798 3360 853 Dominus
3389 799 3586 852 tectius

2003 898 2363 952 Samaritana:
2400 897 2475 949 ait
2511 915 2522 950 :
2575 914 2594 946 ι
2625 894 2729 960 Qui
2768 894 2965 948 biberit
2996 908 3059 946 ex
3097 894 3199 946 hac
3222 906 3387 959 aqua,
3438 890 3587 951 sitiet

2003 991 2225 1045 iterum.
2283 988 2388 1055 Qui
2447 997 2628 1042 autem
2681 987 2883 1041 biberit
2924 999 2989 1039 ex
3047 998 3211 1053 aqua,
3273 996 3437 1048 quam
3486 997 3587 1050 ego

2002 1084 2145 1138 dabo
2173 1083 2244 1148 ei,
2271 1097 2381 1136 non
2415 1082 2567 1137 sitiet
2597 1082 2650 1135 in
2696 1088 2960 1135 :eternum
2989 1078 3056 1133 ⁸⁵.
3099 1095 3117 1128 ι
3160 1076 3286 1130 Haec
3327 1075 3469 1128 enim
3501 1082 3585 1128 est

2003 1191 2182 1248 aqua,
2239 1191 2364 1246 quae
2410 1174 2721 1229 animarum
2778 1172 3146 1226 humanarum
3212 1166 3583 1237 appetentiam

2003 1271 2179 1327 sedat.
2252 1287 2272 1320 ι
2310 1266 2586 1332 Satiabor,
2628 1265 2826 1335 inquit,
2877 1269 3002 1317 cuin
3057 1259 3371 1331 apparuerit
3413 1257 3584 1327 gloria

2005 1370 2097 1413 tua
2124 1359 2191 1413 ⁸⁸.
2227 1376 2246 1409 ι
2281 1357 2495 1412 Etenim
2542 1357 2736 1411 oculus
2786 1363 3141 1423 comparatus
3195 1360 3278 1406 est
3327 1349 3419 1404 ille
3463 1347 3585 1417 qui-

2002 1452 2149 1513 dem,
2187 1460 2241 1504 ut
2276 1450 2342 1503 ad
2378 1450 2559 1503 lumen
2609 1447 3022 1518 percipiendum
3073 1442 3326 1505 sulliciat,
3383 1450 3436 1495 et
3487 1454 3585 1492 au-

2002 1542 2137 1596 ditio
2162 1544 2226 1596 ad
2250 1555 2467 1606 sonum,
2499 1549 2553 1594 et
2584 1537 3011 1609 unumquodque
3039 1536 3241 1606 quibus
3274 1533 3531 1601 congruit
3564 1547 3579 1585 :

2003 1634 2211 1688 animae
2269 1642 2451 1687 autem
2521 1631 2857 1687 desiderium
2934 1631 3002 1683 ad
3078 1627 3357 1682 Christum
3412 1624 3584 1678 fertur

2003 1726 2204 1789 solum,
2229 1734 2282 1779 et
2309 1725 2409 1779 hoc
2444 1715 2520 1777 illi
2554 1722 2918 1777 diversorium
2949 1738 2965 1784 ;
3017 1719 3145 1789 quia
3177 1729 3225 1771 et
3260 1718 3490 1779 bonum,
3532 1725 3584 1766 et

2003 1818 2229 1881 veritas,
2271 1827 2325 1871 et
2359 1816 2730 1885 quodcunque
2774 1812 3030 1876 amabile,
3077 1812 3228 1865 solus
3259 1818 3363 1863 est.
3409 1808 3581 1873 Quem

2004 1913 2095 1982 qui
2138 1908 2376 1965 assecuti
2413 1917 2562 1972 sunt,
2611 1922 2706 1961 eos
2766 1905 2900 1960 nihil
2951 1903 3175 1971 impedit
3234 1914 3438 1962 amare,
3486 1914 3585 1966 pro

2002 2018 2067 2057 eo
2099 2012 2338 2072 quantus
2368 2014 2520 2053 amor
2554 2001 2622 2052 ab
2668 1997 2824 2051 initio
2873 1995 3166 2049 animabus
3204 2002 3289 2048 εει
3338 1989 3580 2050 insitus;

2003 2104 2053 2148 et
2079 2092 2317 2162 gaudere
2351 2099 2618 2161 quantum
2652 2099 2851 2142 natura
2900 2085 3137 2156 gaudere
3169 2090 3383 2154 potest;
3435 2090 3487 2132 et
3539 2080 3582 2133 si

2003 2187 2131 2254 quid
2179 2185 2314 2252 ipsis
2358 2186 2531 2237 virtus
2585 2193 2639 2236 et
2676 2179 3112 2252 regenerationis
3169 2193 3312 2247 aqua
3360 2175 3580 2245 adjecit.

2003 2275 2057 2329 lu
2097 2276 2257 2328 bouis
2309 2273 2455 2328 enim
2503 2273 2627 2326 vitae
2674 2271 2860 2339 hujus,
2912 2285 3111 2324 nomen
3158 2266 3578 2328 mentientibus,

2003 2385 2180 2440 neque
2229 2384 2382 2423 amor
2434 2383 2609 2436 neque
2657 2365 2913 2436 gaudium
2951 2364 3135 2433 vigere
3187 2367 3384 2429 potest.
3447 2356 3579 2410 Nam

2000 2464 2100 2518 etsi
2141 2462 2271 2531 quid
2322 2461 2528 2515 bonum
2572 2461 2821 2523 videtur,
2871 2457 3033 2510 inane
3078 2453 3189 2508 veri
3242 2452 3369 2505 boni
3410 2450 3585 2504 simu-

2000 2556 2221 2611 lacrum
2254 2562 2358 2608 est.
2409 2552 2508 2608 Hic
2556 2560 2735 2604 autem
2769 2563 2893 2603 cum
2929 2546 3064 2601 nihil
3095 2544 3167 2600 sit
3197 2543 3342 2614 quod
3380 2541 3578 2599 ubstt'l,

2002 2642 2344 2697 admirabilis
2388 2650 2442 2695 et
2493 2637 2787 2693 ineﬂ'abilis
2814 2651 2991 2700 amor,
3037 2644 3092 2689 et
3122 2632 3366 2686 Charitas
3411 2645 3585 2697 quau—

2002 2745 2110 2790 tam
2142 2736 2321 2790 verbis
2357 2747 2536 2786 meme
2569 2727 2946 2799 descripserit,
2981 2724 3310 2780 ostenditur.
3349 2720 3583 2775 Maxime

1999 2843 2123 2881 cum
2170 2827 2235 2880 ad
2279 2841 2337 2880 se
2373 2826 2553 2894 ipsum
2589 2831 2883 2889 utrumque
2916 2820 3112 2874 horum
3151 2816 3448 2871 allectuum
3499 2815 3583 2864 iu-

2000 2920 2246 2975 stituerit
2303 2919 2468 2981 Deus,
2529 2926 2587 2968 ut
2642 2915 2826 2984 ipsum
2870 2913 3188 2987 diligamus,
3237 2921 3416 2977 eoque
3466 2905 3585 2959 Sole

1999 3011 2360 3082 gaudeamus.
2424 3008 2486 3064 Et
2518 3016 2600 3062 est
2649 2996 3035 3075 consequens,’
3058 3010 3117 3057 ut
3166 3000 3448 3063 existimo,
3499 3012 3586 3050 ra-

2002 3106 2203 3160 tionem
2247 3104 2543 3174 quamdam
2600 3100 2667 3155 ad
2706 3102 2906 3154 bonum
2962 3096 3091 3150 illud
3147 3094 3423 3148 inﬁnitum
3470 3106 3584 3144 ser-

1928 3205 1971 3266 C
2005 3213 2154 3263 vare,
2188 3206 2241 3252 et
2280 3199 2446 3272 hunc,
2478 3205 2537 3249 ut
2571 3195 2808 3249 breviter
2843 3192 3042 3251 dicam,
3079 3190 3305 3242 modum
3334 3202 3475 3242 esse.

2080 3286 2502 3344 Consideremus
2532 3285 2725 3356 igitur,
2754 3290 2956 3353 quanta
2991 3281 3061 3337 sit
3093 3280 3213 3350 ejus
3245 3278 3583 3347 magnitudo.

2009 3380 2210 3435 Deinde
2255 3378 2596 3434 excellentiae
2644 3384 2700 3430 et
2744 3373 2878 3429 illud
2917 3372 3137 3441 signum
3181 3377 3283 3425 est.
3324 3367 3585 3422 Omnium

2005 3471 2149 3527 enim
2185 3471 2481 3532 bonorum,
2531 3481 2654 3538 qua:
2689 3465 2836 3520 ultro
2889 3464 3046 3517 nobis
3096 3460 3357 3531 praebuit,
3412 3459 3584 3513 solam

2004 3562 2502 3632 compensationem
2557 3546 2711 3612 ducit
2764 3571 3036 3630 amorem,
3087 3570 3251 3622 quem
3282 3554 3388 3607 sia
3428 3552 3587 3606 nobis

2005 3654 2276 3719 retulerit.
2310 3652 2533 3706 nomina
2577 3652 2863 3719 expungit.
2913 3648 3016 3714 Qui
3054 3663 3184 3717 ergo
3225 3647 3384 3700 bonis
3429 3646 3588 3698 innu~

2005 3743 2359 3798 morabilibns
2388 3741 2502 3810 pari
2529 3741 2674 3794 velut
2699 3741 2940 3808 pondere
2974 3739 3288 3810 respondet,
3313 3737 3589 3807 quomodo

2003 3835 2145 3902 apud
2174 3833 2344 3887 Deum
2372 3834 2616 3904 judieem
2650 3848 2758 3886 nou
2795 3833 2867 3887 sit
2894 3816 3588 3885 excellentissimus?Cer-

2006 3936 2120 3981 tum
2148 3935 2230 3980 est
2267 3938 2456 3999 porro,
2483 3922 2745 3992 gaudium
2784 3935 3003 3990 mquare
3043 3920 3270 3974 utnniuo
3298 3918 3589 3973 charitatis

2003 4016 2478 4095 magnitudinem,
2542 4023 2596 4069 et
2658 4015 2831 4068 amori
2892 4012 3239 4083 eonjuuetam
3301 4027 3426 4066 esse
3493 4026 3589 4080 per

2002 4110 2186 4164 omnia
2227 4109 2589 4184 voluptatem,
2645 4116 2698 4161 et
2746 4105 3050 4160 maximum
3110 4104 3365 4158 comitari
3415 4102 3591 4156 maxi-

2002 4218 2169 4256 mam.
2198 4200 2384 4277 l_taque
2404 4201 2658 4253 humanis
2685 4198 2979 4252 animabus
3005 4196 3298 4252 eharitatis
3330 4206 3383 4249 et
3404 4193 3587 4264 gaudii

2000 4296 2268 4364 insignem
2304 4293 2597 4364 quamdam
2631 4301 2685 4348 et
2714 4291 3095 4346 admirabilem
3150 4289 3439 4344 materiam
3469 4303 3591 4341 esse

1999 4387 2321 4464 repositam,
2375 4397 2430 4440 et
2490 4395 2758 4456 praesente
2805 4399 2932 4439 vere
2972 4382 3206 4453 pulchro
3265 4390 3319 4437 et
3367 4380 3590 4443 dilecto,

1999 4478 2436 4534 eﬂicacissimam
2477 4493 2600 4534 esse
2633 4483 2802 4548 patet.
2848 4476 2917 4531 Et
2951 4476 3057 4529 hoc
3084 4482 3170 4528 est
3209 4474 3359 4544 quod
3400 4473 3591 4526 Salva-

1925 4547 1975 4607 Ῑ)
2005 4577 2090 4625 tor
2115 4568 2375 4639 gaudium
2407 4547 2839 4636 plenumvocat.
2875 4585 2893 4616 ι
2934 4565 3126 4638 Ρειίιε⁷
3171 4582 3189 4615 ι
3228 4562 3434 4631 inquit,
3475 4579 3492 4611 ι
3535 4572 3589 4613 et

2003 4663 2306 4736 accipietis,
2355 4670 2414 4715 ut
2464 4659 2722 4730 gaudium
2776 4665 3019 4712 vestrum
3070 4656 3143 4710 sit
3196 4655 3418 4723 plenum
3449 4652 3520 4705 ⁸⁷.
3566 4672 3584 4704 ι

2006 4756 2510 4825 Quaproptereum
2545 4750 2787 4822 Spiritus
2817 4763 3036 4818 quoque
3079 4748 3341 4811 venisset,
3367 4760 3588 4814 .suaquc

2009 4852 2149 4905 dona
2177 4849 2520 4925 contulisset,
2552 4847 2828 4902 fructuum
2862 4844 2988 4899 inde
3037 4842 3333 4898 orientium
3380 4840 3589 4912 primas

2012 4944 2341 5011 eharitasiet
2368 4942 2627 5012 gaudium
2662 4941 2927 4995 tulerunt.
2957 4956 2976 4989 ι
3016 4936 3255 4991 Fructus
3288 4937 3434 4991 enim
3466 4932 3591 5005 Spi-

2016 5038 2175 5102 ritus,
2213 5054 2230 5087 ι
2287 5035 2486 5104 inquit,
2540 5054 2558 5086 ι
2609 5043 2694 5089 εει
2745 5032 3027 5102 gaudium,
3062 5040 3117 5085 et
3164 5030 3409 5086 Charitas
3454 5029 3521 5082 ⁸⁸.
3568 5048 3585 5079 ι

2010 5129 2135 5183 Ideo
2190 5129 2462 5193 videlicet,
2508 5127 2653 5197 quod
2698 5128 2752 5181 in
2804 5125 2888 5180 his
2930 5125 3165 5195 primum
3219 5139 3446 5179 sensum
3504 5121 3586 5177 sui

2013 5220 2185 5291 ipsius
2209 5221 2497 5274 animabus
2527 5218 2731 5288 pra:bet
2757 5217 3054 5272 adveniens
3079 5217 3245 5273 Deus.
3275 5215 3590 5271 Sentientes

2010 5313 2153 5366 enim
2194 5312 2326 5367 illud
2360 5314 2562 5365 bonum
2623 5321 2681 5365 et
2731 5325 2919 5365 amare
2970 5318 3025 5365 et
3075 5309 3314 5381 gaudere
3364 5321 3592 5362 necesse

2012 5414 2113 5460 est.
2149 5404 2415 5470 Quoniam
2448 5415 2501 5459 et
2536 5404 2709 5459 forma
2761 5405 3080 5473 aspectabili
3134 5402 3450 5458 hominibus
3493 5415 3590 5470 ap-

2014 5512 2231 5564 parens,
2276 5497 2378 5550 hoc
2407 5497 2620 5566 signum
2657 5498 2953 5566 agnitionis
2984 5511 3096 5549 suae
3122 5511 3151 5548 a
3197 5493 3357 5548 nobis
3394 5494 3586 5561 exigit.

2012 5587 2076 5641 Et
2126 5590 2226 5641 hoc
2256 5586 2465 5654 docuit,
2508 5598 2562 5644 et
2597 5592 2699 5644 hoc
2734 5591 2918 5644 statim
2971 5586 3219 5648 induxit;
3267 5584 3352 5638 vel
3402 5583 3607 5653 potius

2011 5692 2232 5752 propter
2264 5683 2365 5736 hoc
2396 5683 2461 5735 ad
2489 5698 2709 5738 sensum
2746 5698 2917 5751 usque
2951 5696 3008 5736 se
3041 5680 3283 5742 demisit,
3326 5688 3381 5735 et
3426 5677 3596 5748 hujus

2206 5865 2249 5893 ⁸³
2279 5864 2455 5919 Galut.
2491 5880 2541 5924 ν,
2574 5863 2665 5916 9.2.
