4030 6454
486 363 588 429 567

1697 372 2005 431 NICOLAI
2048 373 2135 432 CA
2149 374 2435 433 BASILE

3640 369 3746 430 568

484 473 740 531 tristibus
771 466 1387 548 dominatumjucuuda
1441 489 1623 534 autem
1676 497 1775 534 nec
1829 481 2068 545 trahere,

2195 481 2285 533 τῶν
2306 482 2476 553 ἡδέων
2502 481 2796 550 ἡττηθῆναι
2825 480 3051 534 δυνατὸν
3073 475 3160 551 ἦν’
3191 478 3455 549 καὶγᾶρὴ
3478 477 3578 548 μὲν
3605 485 3742 549 χαρᾶ

483 581 584 621 nec
630 570 932 625 dissolvere
987 579 1140 625 tanta
1200 570 1251 624 vi
1300 573 1504 627 amoris
1556 583 1971 643 coagmentatos
2019 582 2072 626 cl.

482 663 817 716 constrictos
850 670 1104 731 possunt.
1161 661 1275 717 Hoc
1328 673 1413 718 est
1450 665 1794 734 baptismatis
1848 681 2007 735 Opus,
2041 681 2071 720 a

484 755 722 821 peccatis
784 754 1089 820 absolvere,
1165 757 1373 812 homini
1461 756 1627 812 Deum
1691 758 2071 824 reconciliare,

490 847 599 899 Deo
623 847 898 901 hominem
942 848 1223 916 adoptare,
1254 850 1474 904 oculum
1504 850 1795 905 animabus
1832 849 2074 917 aperire,

482 937 728 1017 divinum
754 939 967 993 radium
1004 942 1320 1010 deguStare,
1351 951 1429 1004 et,
1463 951 1519 996 ut
1568 942 1732 997 simul
1779 942 1982 1005 dicam,
2008 940 2075 995 ad

485 1030 726 1085 futuram
765 1033 932 1086 vitam
983 1047 1317 1103 praeparare.
1380 1035 1569 1105 Itaque
1622 1045 1765 1089 recte
1818 1033 2073 1097 iacimus,

483 1124 614 1175 dum
645 1122 694 1176 ei
725 1124 1099 1192 generationis
1140 1139 1363 1188 nomen,
1393 1135 1446 1179 et
1501 1125 1751 1178 eamdem
1797 1126 2077 1179 notionem

485 1213 738 1269 habentia
785 1214 1142 1284 imponimus.
1189 1216 1253 1271 Et
1281 1217 1500 1271 demum
1565 1216 1657 1270 Dei
1708 1216 2078 1285 cognitionem

486 1305 539 1357 in
570 1305 862 1362 animabus
890 1306 1229 1362 initiatorum
1258 1310 1461 1363 exoriri
1499 1309 1652 1368 facit.
1688 1325 1811 1379 qum
1840 1318 1923 1364 cst
1947 1309 2079 1371 vita.

484 1393 655 1461 lasis,
680 1396 834 1449 radix
866 1396 1021 1452 vitae:
1050 1399 1248 1468 partim
1290 1399 1411 1467 ipso
1442 1399 1729 1454 Salvatore
1756 1399 2080 1461 aﬂlrmante,

482 1494 745 1540 aeternam
802 1488 992 1552 vitam,
1076 1491 1129 1543 in
1203 1492 1589 1561 cognoscendo
1659 1491 1835 1546 solum
1895 1506 2083 1546 verum

490 1578 684 1645 Deum,
713 1587 945 1648 etquem
976 1579 1327 1635 misitJesum
1353 1582 1637 1636 Christum
1659 1583 1728 1646 ",
1748 1583 1908 1637 sitam
1936 1596 2083 1646 esse;

422 1664 436 1675 ’
488 1670 687 1738 partim
710 1670 776 1724 ad
816 1670 984 1725 Deum
1029 1670 1326 1728 Salomone
1367 1673 1619 1728 dicente:
1680 1673 1866 1729 «Scire
1898 1683 1971 1738 te,
1999 1691 2088 1729 ra-

489 1761 583 1815 dix
605 1761 1035 1817 immortalitatis
1055 1763 1161 1818 ".D
1205 1764 1359 1830 Quod
1391 1766 1437 1820 si
1475 1774 1530 1819 et
1554 1767 1692 1820 ratio
1742 1766 2087 1837 adiungenda

2174 572 2283 625 τῶν
2309 572 2548 640 ἀνιαρῶν
2569 571 2921 643 κατεκράτει,
2948 571 3017 625 τὰ
3037 572 3091 625 δὲ
3112 571 3243 642 ἡδέα
3264 569 3389 622 οὗτε
3410 568 3639 623 ὲλκῦσαι
3668 564 3741 621 εί-

2176 682 2269 735 χεν
2303 664 2426 719 οὔτε
2454 666 2679 720 ἐκλῦσαι
2701 665 2941 738 τοσαύτῃ
2960 666 3187 734 δυνάμει
3204 664 3312 718 τῶν
3330 662 3572 733 φίλτρων
3599 679 3734 714 συνε-

2180 758 2392 822 στῶτας
2426 760 2517 813 καὶ
2543 758 2881 828 δεδεμένους.
2905 758 3080 812 Τοῦτο
3132 755 3226 811 τοῦ
3278 755 3657 826 βαπτίσματος
3689 753 3746 806 τὸ

2178 852 2379 920 ἔργον·
2419 851 2709 921 ἁμαρτιῶν
2765 849 3061 913 ἀπολῦσαι,
3102 849 3381 920 ἀνθρώπῳ
3437 848 3570 900 Θεὸν
3625 864 3755 900 κατ-

2180 943 2431 1009 αλλὰξαι,
2466 943 2729 1011 Θεῷ-τὸν
2758 942 3050 1012 ἄνθρωπον
3104 942 3445 1009 εἰσποιῆσαι,
3473 938 3758 1009 ὀφθαλμὸν

2186 1039 2302 1097 ταῖς
2331 1035 2534 1106 ψυχαῖς
2568 1034 2795 1100 ἀνοίξαι,
2832 1036 2934 1104 τῆς
2980 1033 3131 1093 θείας
3161 1033 3400 1095 ἀκτῖνος,
3437 1030 3494 1083 τὸ
3534 1029 3759 1098 σύμπαν

2184 1128 2380 1190 εἰπεῖν,
2406 1126 2538 1196 πρὸς
2557 1127 2647 1177 τὸν
2665 1124 2928 1195 μέλλοντα
2952 1124 3067 1192 βίον
3086 1121 3525 1192 παρασκευάσαι.
3551 1119 3761 1173 υὺκοῦν

2183 1219 2369 1274 εἰκότα
2398 1217 2685 1287 ποιοῦμεν,
2707 1217 2879 1287 ὃνομα
2906 1216 3055 1284 αὐτῷ
3081 1215 3362 1283 τιθέμενοι
3387 1213 3644 1281 γέννησιν
3670 1211 3763 1263 καὶ

2184 1313 2220 1368 ἃ
2256 1312 2346 1365 τὸν
2379 1312 2495 1365 ῐσον
2526 1310 2749 1364 δύναται
2794 1310 2974 1377 λόγον,
3003 1308 3072 1362 τά
3106 1326 3166 1361 τε
3194 1307 3327 1363 ἀλλα
3380 1307 3474 1359 καὶ
3514 1306 3597 1359 ὅτι
3625 1303 3763 1357 Θεοῦ

2185 1405 2389 1473 γνῶσιν
2417 1405 2537 1467 ταῖς
2564 1402 2767 1471 ψυχαῖς
2799 1399 3087 1455 ἀνατέλλει
3140 1399 3251 1451 τῶν
3281 1396 3655 1466 τελουμένων.
3691 1395 3766 1446 Τὸ

2188 1497 2245 1550 δέ
2294 1497 2415 1550 ἐστι
2461 1494 2579 1563 ζωὴ
2627 1495 2721 1548 καὶ
2752 1494 2960 1565 κρηπὶς
3017 1493 3111 1545 καὶ
3161 1488 3287 1561 ῥίζα
3328 1486 3496 1556 ζωῆς,
3556 1485 3620 1539 τὸ
3668 1484 3769 1554 μὲν

2188 1589 2354 1644 αὐτοῦ
2413 1587 2510 1642 τοῦ
2569 1588 2821 1657 Σωτῆρος
2852 1584 3183 1656 ὁρισαμένου
3221 1582 3318 1649 τὴν
3366 1578 3586 1632 αἰώνιον
3620 1576 3768 1642 ζωὴν

2189 1684 2248 1734 ὲν
2276 1681 2354 1750 τῷ
2382 1681 2673 1749 γινώσκειν
2703 1678 2794 1731 τὸν
2848 1677 3009 1747 μόνον
3073 1673 3328 1743 ἀληθινὸν
3384 1670 3518 1725 Θεὸν
3568 1669 3662 1722 καὶ
3709 1667 3771 1721 ὃν

2192 1770 2515 1826 ἀπέστειλεν
2560 1767 2769 1838 Ἰησοῦν
2828 1765 3085 1836 Χριστὸν,
3139 1762 3200 1816 τὸ
3231 1763 3289 1816 δὲ
3322 1761 3461 1830 πρὸς
3500 1761 3594 1812 τὸν
3625 1758 3765 1811 Θεὸν

474 1861 599 1929 est,
629 1857 752 1923 quis
802 1854 996 1921 nescit,
1039 1870 1221 1910 veram
1263 1855 1555 1912 essentiam
1596 1836 2090 1927 excellentiamque

2195 1866 2287 1918 τοῦ
2327 1836 2678 1933 Σολομῶντος
2706 1861 2975 1922 εἰπόντος,
3015 1877 3033 1911 ι
3066 1856 3142 1910 Τὸ
3177 1853 3482 1909 ὲπίστασθα
3521 1853 3602 1919 σὲ,
3643 1852 3773 1922 ῥίζα

492 1947 777 2003 hominum
823 1948 877 2003 in
948 1950 1051 2003 hoc
1102 1949 1257 2018 ipso,
1343 1950 1396 2002 in
1455 1948 1831 2003 ratiocinaudo
1883 1949 2092 2005 scilicet

493 2047 545 2095 rt
576 2042 966 2109 cognoscendo
1000 2042 1236 2112 positam
1278 2041 1441 2096 esse?
1474 2040 1632 2107 Quod
1660 2041 1706 2094 si
1761 2042 1831 2095 ita
1890 2055 1996 2107 est,
2031 2044 2085 2097 iu

494 2132 736 2187 euntium
763 2132 969 2202 optima
994 2122 1320 2203 “cognitione
1374 2132 1585 2202 utique,
1648 2141 1702 2188 et
1733 2149 1761 2186 a
1797 2133 2087 2189 mendacio

497 2226 667 2280 libera
697 2228 871 2296 posita
931 2226 1117 2283 fuerit.
1172 2227 1263 2281 Dei
1287 2236 1468 2281 autem
1513 2225 1707 2280 notitia
1768 2226 1909 2296 (ipso
1955 2243 2088 2282 ocu-

497 2316 608 2371 lum
650 2318 847 2373 anima:
873 2319 1153 2389 aperiente
1201 2329 1255 2373 et
1310 2318 1378 2373 ad
1425 2333 1484 2373 se
1540 2319 1922 2375 convertentel
1961 2335 2083 2388 quae

496 2413 738 2480 cognitio
762 2411 974 2479 melior,
1001 2423 1055 2467 et
1081 2413 1147 2468 ab
1204 2412 1351 2469 omni
1384 2425 1571 2466 errore
1619 2409 1851 2486 purior?
1877 2409 1976 2466 Hic
2005 2422 2089 2466 est

498 2503 713 2560 fruetus
736 2506 1100 2576 baptismatis.

2192 1953 2509 2016 ἀθανασίας.
2544 1971 2562 2003 ι
2606 1952 2670 2004 Εἰ
2696 1950 2753 2003 δὲ
2781 1950 2862 2003 δεῖ
2895 1947 3215 2019 προσθεῖναι
3250 1944 3347 1997 καὶ
3370 1941 3654 2011 λογισμὸν,
3685 1940 3772 2003 τίς

2190 2046 2292 2098 οὐκ
2313 2040 2445 2109 οἶδε,
2480 2046 2540 2096 τὸ
2570 2042 2823 2111 ἀληθινὸν
2854 2040 2997 2094 εἶναι
3023 2038 3134 2091 τῶν
3163 2034 3466 2106 ἀνθρώπων
3493 2033 3585 2087 καὶ
3614 2049 3774 2101 περι-

2192 2139 2335 2191 εῖναι
2362 2134 2525 2189 τοῦτο
2555 2135 2691 2188 αὐτὸ
2732 2129 2876 2186 εἶναι
2904 2132 2965 2184 τὸ
2990 2128 3301 2200 λογίζεσθαι
3334 2127 3427 2180 καί
3458 2125 3774 2192 γινώσκεινς

2194 2234 2257 2288 Ei
2293 2234 2350 2287 δὲ
2391 2236 2449 2285 ἐν
2490 2232 2565 2301 τῷ
2594 2229 2909 2298 λογίζεσθαι
2938 2230 3034 2282 καὶ
3095 2227 3388 2297 γινώσκειν
3421 2223 3535 2280 τοῖς
3564 2215 3779 2287 ἀνθρώο

2198 2344 2324 2389 ποις
2365 2324 2484 2377 ἐστὶ
2535 2324 2595 2377 τὸ
2639 2318 2802 2389 εἶναι,
2850 2322 2937 2389 είη
2972 2320 3039 2374 ἂν
3063 2321 3121 2373 ὲν
3170 2321 3238 2389 τῇ
3295 2314 3488 2371 πασῶν
3520 2311 3780 2383 βελτίστῃ

2197 2418 2397 2488 γνώσει
2451 2417 2545 2470 καὶ
2601 2415 2831 2486 ψεύδους
2888 2411 3325 2483 ἀπηλλαγμένῃ·
3385 2406 3479 2460 τοῦ
3549 2405 3607 2457 δὲ
3680 2401 3776 2454 τὸν

2199 2511 2332 2563 Θεὸν
2383 2508 2698 2578 γινώσκειν,
2753 2505 2917 2561 αὐτοῦ
2967 2507 3059 2557 τὸν
3122 2500 3404 2571 ὀφθαλμὸν
3446 2498 3546 2566 τῆς
3597 2493 3779 2565 ψυχῆς

499 2595 659 2661 Θεοῦ,
686 2597 770 2658 τίς
806 2598 872 2652 ἂν
897 2598 1134 2653 καλλίων
1185 2600 1396 2668 γένοιτο
1423 2617 1625 2669 γνωσις
1660 2602 1755 2654 καὶ
1799 2602 2168 2673 καθαρωτέρα
2209 2604 2519 2671 ἀνοίγοντος
2583 2601 2680 2655 καὶ
2730 2597 2866 2669 πρὸς
2926 2598 3119 2652 ἑαυτὸν
3192 2590 3617 2663 ἐπιστρέφοντος
3684 2587 3779 2641 τοῦ

516 2689 729 2760 πλάνης
775 2693 1040 2761 ἀπάσηςς
1083 2693 1150 2747 Ἡ
1189 2693 1247 2747 δέ
1308 2695 1422 2749 ἐστι
1477 2694 1573 2749 τοῦ
1627 2693 2004 2765 βαπτίσματος
2040 2697 2271 2763 καρπός.

572 2785 868 2840 Osteusum
926 2797 1009 2841 est
1039 2802 1206 2857 porro
1257 2789 1530 2843 hactenus
1568 2830 1585 2854 ,
1615 2788 1742 2843 vita:
1771 2790 1828 2843 in
1867 2788 2093 2844 Christo

504 2879 870 2952 principium,
907 2879 1269 2950 essentiacque
1301 2888 1357 2934 et
1388 2881 1515 2934 vita:
1544 2880 1851 2947 hominum,
1880 2890 1933 2935 et
1956 2896 2095 2949 prai-

506 2971 725 3024 stantiae
770 2969 1075 3024 secundum
1139 2986 1325 3026 veram
1344 2971 1537 3038 vitam,
1566 2973 1883 3043 mysterium
1912 2973 2093 3043 bapti-

508 3064 612 3116 smi
660 3076 886 3116 causam
944 3077 1090 3118 esse.
1133 3063 1288 3129 Quod
1352 3064 1395 3119 si
1438 3064 1554 3120 haec
1588 3080 1697 3120 non
1730 3065 1785 3119 in
1832 3067 2089 3123 omnibus

508 3152 800 3223 baptizatis
846 3162 1168 3221 cernuntur,
1249 3170 1357 3210 non
1431 3157 1690 3213 continuo
1759 3157 2093 3214 inﬁrmitatis

512 3246 884 3301 danmandum
912 3254 996 3300 est
1029 3246 1374 3316 mysterium:
1402 3249 1496 3303 sed
1524 3247 1749 3304 initiatis
1784 3249 1905 3321 ejus
1933 3251 2093 3319 culpa

511 3337 697 3391 damni
729 3338 1020 3395 tribuenda
1068 3349 1174 3402 est,
1204 3340 1297 3410 qui
1323 3347 1419 3394 aut
1446 3355 1555 3395 non
1592 3341 1731 3397 heue
1764 3343 1830 3397 ad
1861 3342 2093 3412 gratiam

511 3430 685 3499 parati
747 3431 878 3494 sint,
918 3439 1013 3485 aut
1077 3431 1395 3487 thesaurum
1460 3433 1820 3503 prodiderint.
1880 3433 2098 3499 Quanto

511 3523 658 3577 enim
711 3522 917 3592 justius
967 3534 1073 3591 est,
1126 3525 1423 3581 discrimen
1463 3527 1564 3581 hoc
1595 3526 1661 3580 ad
1710 3526 1859 3597 ipsos
1893 3526 2099 3583 referre

512 3617 779 3685 initiatos,
840 3618 1096 3679 dissimili
1157 3620 1320 3675 modo
1372 3620 1698 3689 baptismate
1755 3637 1908 3687 usos,
1933 3637 2097 3691 quam

514 3711 876 3775 initiationem
923 3727 1088 3767 uuam
1141 3711 1501 3782 eamdemque
1534 3714 1586 3767 in
1620 3714 1879 3768 omnibus
1908 3722 2099 3768 contra

514 3805 816 3871 accusare?
844 3803 1066 3862 Certum
1123 3817 1207 3859 est
1259 3807 1429 3873 enim,
1456 3820 1634 3875 neque
1659 3814 1890 3872 naturae,
1924 3822 2103 3876 neque

515 3894 922 3960 exercitationis
951 3895 1224 3951 dictorum
1246 3896 1513 3951 bonorum
1546 3897 1853 3960 cumulum,
1883 3898 1976 3953 sed
2008 3898 2107 3953 ba-

517 3989 794 4055 ptismatis
856 4003 993 4057 opus
1020 4004 1165 4045 esse.
1221 3987 1341 4042 Jam
1402 3988 1445 4043 si
1486 4000 1537 4043 et
1591 3990 1927 4044 contrarium
1978 3990 2105 4044 inde

520 4084 721 4147 evenit,
782 4085 1061 4152 quomodo
1120 4097 1230 4138 non
1300 4094 1385 4139 est
1449 4085 1773 4151 absurdum,
1812 4085 1864 4139 id
1926 4085 2102 4154 ipsum

521 4188 684 4241 posse
746 4172 1078 4235 illuminare,
1101 4182 1155 4227 et
1188 4190 1296 4228 non
1323 4175 1516 4244 posse?
1544 4186 1598 4230 et
1617 4176 1872 4232 caelestes
1901 4175 2105 4240 facere,

521 4276 575 4320 «ιι
605 4266 777 4319 nihilo
841 4267 1077 4323 terrenis
1138 4267 1490 4323 sublimiores
1518 4269 1543 4326 ?
1575 4268 1683 4324 Sed
1710 4284 1888 4338 neque
1933 4266 2104 4321 solem

523 4359 1008 4428 reprehendemus,
1066 4375 1168 4415 nec
1236 4376 1334 4432 pro
1388 4361 1627 4417 obscuro
1697 4344 2122 4423 damnabimus;

2277 2788 2683 2842 Ἀποδέδεικται
2718 2787 2827 2855 ἄρα
2890 2784 2979 2837 διὰ
3006 2782 3118 2837 τῶν
3149 2780 3458 2851 εἰρημένων
3491 2774 3777 2835 ἀπάντων,

2193 2886 2290 2953 τῆς
2323 2885 2380 2935 ὲν
2403 2880 2619 2952 Χριστῷ
2640 2879 2784 2949 ζωῆς
2801 2878 2976 2948 ἀρχὴν
2992 2874 3193 2930 καὶτοῦ
3215 2870 3355 2927 εἶναι
3380 2874 3475 2925 καὶ
3504 2871 3605 2939 ζῇν
3642 2868 3777 2929 τοὺς

2193 2975 2517 3047 ἀνθρώπους
2539 2974 2632 3027 καὶ
2663 2975 2931 3041 περιεῖναι
2963 2970 3062 3039 τὴν
3087 2967 3260 3038 ἀληθῆ
3296 2964 3441 3034 ζωὴν
3470 2964 3566 3016 καὶ
3587 2958 3778 3012 οὐσίαν

2197 3071 2258 3122 τὸ
2284 3067 2585 3137 μυστήριον
2618 3064 2789 3117 αῐτιον
2825 3058 2988 3115 εἶναι.
3014 3061 3076 3113 Εἰ
3099 3060 3155 3112 δὲ
3192 3057 3267 3127 μὴ
3298 3058 3435 3109 πᾶσι
3464 3052 3636 3106 ταῦτα
3664 3051 3778 3111 τοῖς

2202 3159 2620 3234 βαπτιζομένοις
2641 3157 2946 3218 ἀκολουθεῖ,
2972 3154 3258 3208 ἀσθένειαν
3312 3150 3373 3202 οὐ
3402 3148 3645 3214 προσῆκε
3674 3161 3775 3196 κα-

2198 3254 2475 3322 ταγνῶναι
2503 3252 2599 3305 τοῦ
2638 3251 2945 3321 μυστηρίου
2965 3266 2979 3280 ⁸
3008 3249 3122 3309 τοίς
3159 3245 3215 3299 δὲ
3251 3240 3607 3309 τελουμένοις
3628 3237 3779 3303 λογι-

2206 3348 2363 3400 στέον
2407 3345 2528 3398 ἐστί
2589 3345 2652 3397 τὸ
2717 3344 2914 3406 πάθος,
2950 3342 2983 3410 ἦ
3024 3340 3099 3409 μὴ
3128 3332 3678 3405 παρεσκευασμένοις
3717 3322 3776 3380 εὗ

2202 3439 2342 3508 πρὸς
2393 3436 2491 3506 τὴν
2533 3435 2715 3507 χάριν,
2765 3434 2797 3505 ἢ
2836 3431 3097 3504 προδοῦσι
3146 3430 3240 3482 τὸν
3290 3424 3593 3496 θησαυρῧν.
3624 3421 3779 3488 Πόσῳ

2201 3529 2314 3598 γάρ
2363 3524 2662 3597 ἀξιώτερον
2709 3525 2807 3594 τὴν
2861 3522 3127 3592 διαφορὰν
3189 3517 3394 3587 ταύτην
3449 3516 3528 3577 εἰς
3583 3512 3779 3574 αὐτοὺς

2202 3623 2428 3691 ἀνάγειν
2481 3621 2607 3682 τοὺς
2654 3619 3016 3683 τελουμένους
3056 3615 3318 3683 διάφορον
3360 3610 3561 3677 τρόπον
3584 3606 3662 3673 τῷ
3687 3604 3782 3674 βα-

2204 3715 2471 3783 πτίσματι
2543 3704 3150 3782 χρησαμένους,ἦτὴν
3212 3701 3457 3768 τελετὴν,
3516 3697 3651 3764 μίαν
3722 3695 3779 3745 ὲν

2207 3807 2384 3863 ἅπασι
2411 3807 2503 3859 καί⁵
2529 3804 2625 3875 τὴν
2646 3804 2819 3872 αὐτὴν
2838 3799 3025 3862 οὖσαν,
3050 3798 3160 3851 τῶν
3182 3794 3441 3848 ἐναντίων
3464 3788 3744 3843 αἰτιᾶσθαι
3765 3825 3781 3850 ,

2209 3901 2483 3972 Πρόδηλον
2518 3900 2614 3968 μὲν
2642 3896 2773 3965 γάρ,
2796 3895 2871 3958 ώς
2900 3891 3025 3945 οὔτε
3078 3889 3296 3958 φύσεως
3339 3885 3466 3938 οὔτε
3493 3883 3788 3951 ἀσκήσεως

2216 3997 2245 4047 ὁ
2274 3995 2384 4048 τῶν
2412 3992 2721 4064 εἰρημένων
2764 3990 2988 4056 ἀγαθῶν
3015 3985 3212 4054 σωρὸς,
3269 3980 3408 4036 ἀλλά
3450 3979 3544 4033 τοῦ
3594 3977 3795 4047 βαπτί-

2209 4103 2417 4155 σματος
2465 4083 2626 4152 ἔργον
2652 4099 2667 4113 ·
2711 4082 2761 4133 εί
2812 4079 2870 4133 δὲ
2940 4077 3035 4132 καί
3074 4073 3384 4129 τούναντίον
3417 4070 3648 4129 ἐκεῖθεν,
3674 4068 3797 4129 πῶς

2209 4177 2313 4231 οὐκ
2335 4176 2537 4230 ἄτοπον
2571 4174 2631 4226 τὸ
2670 4172 2800 4225 αὐτὸ
2836 4171 2934 4226 καὶ
2961 4167 3223 4223 δύνασθαι
3261 4163 3524 4236 φωτίζειν
3556 4163 3654 4215 καὶ
3690 4161 3792 4229 μὴ,

2209 4269 2305 4322 καὶ
2337 4265 2625 4337 οὐρανίους
2661 4265 2839 4317 ποιεῖν
2863 4263 2958 4316 καὶ
2988 4262 3141 4315 οὐδὲν
3174 4258 3285 4310 τῶν
3337 4257 3544 4327 γηΐνων
3580 4252 3793 4323 ὑψηλο-

2208 4363 2401 4432 τέρους
2424 4358 2597 4425 ;Ἀλλ’
2622 4357 2746 4411 οὔτε
2785 4357 2878 4408 τὸν
2901 4356 3056 4426 ἥλιον
3090 4349 3447 4425 μεμψόμεθα,
3481 4346 3592 4402 οὐδ’
3625 4345 3692 4400 ἃν
3716 4345 3796 4407 ὼς

521 4455 648 4525 quia
716 4454 927 4509 radium
966 4453 1083 4525 ejus
1105 4468 1212 4509 non
1269 4469 1460 4509 omnes
1506 4452 1781 4521 aspiciunt
1814 4467 1830 4516 ;
1867 4450 1936 4503 ah
1967 4448 2090 4518 aspir

2218 4452 2462 4520 ἀφανοῦς
2496 4450 2881 4517 γαταγνοῖμεν,
2923 4449 3007 4500 ὅτι
3061 4445 3166 4513 μὴν
3192 4443 3290 4512 τὴν
3338 4440 3534 4494 ἀκτῖνα
3591 4436 3797 4495 πάντες

522 4548 794 4603 cientibus
822 4548 1003 4620 potius
1056 4548 1317 4618 suﬂ'ragia
1380 4548 1722 4617 colligemus.
1781 4544 1894 4599 Nec
1957 4552 2103 4598 recte

522 4640 838 4706 fecerimus,
891 4642 938 4696 si
1016 4639 1477 4697 illuminationem
1563 4637 1714 4692 aliud
1776 4651 1936 4706 posse
2010 4651 2101 4689 ar-

525 4734 870 4802 bitrabimur,
933 4750 1097 4805 quam
1169 4734 1221 4801 id
1275 4733 1480 4804 ipsum,
1560 4729 1702 4784 unde
1785 4728 2111 4799 appellatur.

597 4916 641 4947 "
667 4913 824 4969 Joan.
860 4932 991 4983 xvu,
1026 4917 1079 4984 5,
1192 4915 1239 4948 "
1278 4914 1407 4983 Sap.
1441 4929 1530 4973 av,
1555 4912 1607 4965 5.

2216 4545 2440 4617 ὁρῶσιν,
2468 4542 2577 4596 ἀπὸ
2609 4542 2666 4594 δὲ
2696 4540 2807 4594 τῶν
2855 4539 3113 4609 ὁρώντων
3165 4535 3266 4597 τὰς
3296 4534 3516 4602 ψήφους
3545 4528 3795 4597 οἰῖσομεν⁹

2210 4636 2335 4689 οὔτε
2365 4633 2425 4687 τὸ
2457 4633 2716 4702 φώτισμα
2750 4630 2938 4683 εἰκότα
2967 4627 3034 4681 ἂν
3067 4629 3339 4693 ποιοῖμεν,
3391 4624 3520 4678 ἀλλο
3553 4639 3604 4674 τι
3631 4619 3795 4673 δύνα-

2226 4730 2353 4783 οθαι
2382 4726 2707 4798 νομίσαντες
2738 4722 2772 4795 ἦ
2804 4722 2939 4778 αὐτὸ
2972 4720 3130 4774 τοῦτο
3153 4718 3278 4773 ὅθεν
3311 4717 3584 4771 καλεῖται’.
