4030 6514
394 393 492 456 b7]

1607 402 1912 461 ΝΙΟΠΑΙ
1956 404 2344 465 (ῖλιιλςιιλῖ

3532 398 3637 467 57?.

391 531 586 573 omnes
617 526 825 570 naturae
851 530 962 572 suae
988 516 1204 572 divitias
1235 517 1287 570 in
1313 532 1430 570 eam
1454 518 1707 579 contulit,
1743 531 1873 571 tunc
1909 520 1961 572 in

2078 520 2158 571 Bév
2184 522 2286 589 ἤδη
2313 520 2374 572 τὸ
2409 519 2583 590 μύρον
2612 519 2836 581 εἰκότως
2868 518 3080 589 χρίσμα
3114 514 3208 569 καὶ
3234 515 3350 570 ἐστι
3372 516 3468 568 καὶ
3491 515 3646 582 λέγε-

394 621 569 675 tpsam
601 606 827 661 etfusum
855 610 966 679 jam
989 620 1347 677 unguentum,
1366 611 1487 679 jure
1513 612 1751 665 chrisma
1775 622 1829 665 et
1858 622 1960 677 est,

395 710 450 754 et
506 701 839 758 nominatur.
870 703 1001 756 Nam
1028 705 1450 770 communicari,
1479 705 1580 760 hoc
1614 706 1713 773 ipsi
1747 715 1799 759 et
1821 708 1967 760 chri-

397 807 538 854 sma,
595 807 690 846 seu
744 804 1077 861 unguentum
1136 811 1260 850 esse
1295 836 1311 860 ,
1347 806 1401 851 et
1443 796 1643 851 edundi
1701 799 1823 853 fuit.
1857 799 1965 854 Nec

396 885 540 937 enim
568 884 796 936 mutavit
844 885 1045 946 locum,
1078 902 1178 941 nec
1206 888 1389 942 divisit
1421 905 1658 954 murum,
1691 906 1790 945 nec
1819 899 1967 943 tran-

397 976 628 1031 scendit:
656 977 749 1032 sed
782 979 926 1045 quod
965 979 1142 1046 ipsum
1171 996 1198 1032 a
1254 981 1411 1035 nobis
1442 984 1684 1048 arcebat,
1713 985 1967 1053 quodque

398 1067 628 1134 ipsemet
658 1067 876 1131 fecerat,
903 1071 957 1124 id
1015 1073 1220 1125 nullum
1258 1074 1310 1127 in
1338 1075 1519 1127 medio
1551 1077 1788 1145 reliquit.
1827 1076 1967 1131 Deus

396 1157 543 1209 enim
580 1159 647 1212 ab
675 1161 987 1216 hominibus
1029 1178 1134 1216 non
1199 1163 1317 1218 loco
1366 1166 1621 1232 distabat,
1654 1168 1747 1236 qui
1782 1167 1968 1237 implet

397 1262 615 1302 omnem
655 1250 857 1315 locum,
905 1253 996 1307 sed
1029 1253 1332 1308 differentia
1392 1256 1647 1319 distabat,
1692 1266 1746 1312 et
1774 1267 1965 1312 natura

399 1354 459 1391 se
514 1341 683 1407 ipsam
735 1341 839 1395 sibi
899 1357 927 1395 a
972 1342 1084 1398 Deo
1112 1347 1349 1409 arcebat,
1386 1346 1683 1400 diﬂ‘erendo
1710 1350 1968 1402 omnibus

400 1444 522 1498 qua:
556 1430 813 1499 habebat,
844 1440 899 1487 et
932 1435 1078 1488 nulla
1105 1450 1228 1489 cum
1261 1451 1325 1490 eo
1351 1437 1743 1492 communitate
1767 1453 1966 1493 conso-

400 1523 561 1576 ciata.
589 1520 723 1577 Nam
757 1524 873 1594 ipse
930 1526 1145 1594 quidem
1182 1525 1323 1582 Dens
1353 1529 1528 1583 solum
1571 1527 1736 1595 Deus,
1773 1541 1968 1586 natura

400 1622 588 1667 nostra
634 1615 796 1668 homo
832 1623 1043 1668 tantum
1077 1626 1216 1670 erat.
1256 1616 1352 1670 Ubi
1380 1633 1511 1672 vero
1539 1634 1668 1673 caro
1696 1621 1969 1685 deillcata,

400 1713 457 1757 et
493 1716 685 1760 natura
734 1708 974 1761 humana
997 1707 1173 1776 ipsum
1209 1708 1376 1763 Deum
1412 1711 1748 1782 bypostatice
1778 1714 1969 1767 sortita

400 1805 505 1859 est,
561 1811 751 1853 murus
774 1814 869 1853 seu
916 1799 1093 1867 paries
1123 1800 1235 1869 jam
1285 1812 1618 1870 unguentum
1660 1804 1887 1865 exstitit,
1918 1812 1973 1857 et

2071 629 2181 665 ται.
2214 608 2287 665 T6
2319 613 2426 682 γὰρ
2460 611 2824 681 μεταδοθῆναι
2870 608 3031 661 τοῦτο
3060 603 3127 677 ἦν
3163 605 3313 676 αὑτῷ
3343 605 3554 675 χρίσμα
3585 621 3643 656 τε

2072 702 2324 771 γενέσθαι
2357 707 2451 756 καὶ
2480 702 2891 771 κενωθῆναι·οὑ
2921 701 3029 769 γὶρ
3062 699 3266 770 ﬂuctuis
3295 698 3480 756 τόπον,
3522 696 3642 747 οὑδὲ

2071 794 2231 847 διεῖλε
2252 797 2457 862 τεῖχος,
2490 793 2599 846 οὐδ’
2626 795 2725 846 ὑπε
2735 792 2892 864 ρέἥη,
2915 790 3122 864 ἀλλάεῲ
3141 791 3373 859 διεῖργον
3395 788 3648 854 τιῦνὴμε-

2072 884 2248 952 τέρων
2300 883 2483 947 αὑτὸν,
2536 885 2673 953 ὅπερ
2728 882 2892 943 αὑτὸς
2942 879 3236 943 ἀποδείξας
3287 879 3436 931 οῦδὲν
3466 880 3643 946 ἀφῆκε

2077 975 2257 1043 μέσον.
2276 973 2600 1043 ’Δνθρώπων
2621 974 2728 1042 γὰρ
2748 977 2774 1027 6
2798 974 2930 1036 Θεὸς
2958 974 3017 1025 οὐ
3047 973 3192 1040 vim;
3221 969 3502 1040 διέφερεν,
3528 969 3555 1021 ὃ
3579 985 3641 1031 γε

2078 1068 2259 1119 πάντα
2287 1067 2456 1118 τόπον
2491 1067 2757 1135 κατέχων,
2792 1064 2926 1116 ἀλλά
2975 1063 3209 1131 διαφορᾷ
3253 1062 3516 1120 διΐστατο,
3551 1059 3645 1110 καὶ

2073 1162 2106 1229 ἠ
2144 1160 2304 1227 φύσις
2330 1159 2501 1226 αὑτὴν
2532 1158 2669 1228 αὑτὴ
2704 1156 2797 1209 τοῦ
2823 1156 2959 1208 Θεοῦ
2995 1156 3204 1223 διεῖργε
3242 1153 3320 1222 τῷ
3364 1155 3529 1204 πᾶσιν
3563 1147 3647 1214 οἷς

2075 1249 2185 1320 εἶχε
2213 1250 2491 1320 διαφέρειν
2522 1251 2616 1301 καὶ
2644 1249 2783 1318 πρὸς
2829 1248 2993 1300 αὑτὸν
3049 1246 3216 1313 μηδὲν
3247 1244 3427 1297 κοινὸν
3458 1242 3602 1313 ἔχειν
3629 1259 3645 1274 ο

2074 1344 2156 1396 ὅτι
2206 1342 2341 1404 Θεὸς
2400 1342 2500 1409 μὲν
2555 1341 2717 1403 αὑτὸς
2775 1340 2958 1409 μόνον,
3010 1340 3044 1408 ἡ
3074 1337 3324 1404 δὲφύσις
3364 1335 3647 1404 ἄνθρωπος

2048 1435 2260 1503 ίμόνον.
2297 1434 2451 1487 Ἐπεὶ
2499 1434 2555 1488 δὲ
2582 1432 2718 1503 σὰρξ
2754 1431 2984 1500 ἐθεώθη,
3017 1430 3111 1484 καὶ
3138 1429 3298 1499 φύσις
3343 1426 3647 1497 ἀνθρώπων

2078 1528 2377 1580 ὑπόστασιν
2418 1524 2582 1578 αὑτὸν
2627 1525 2787 1594 ἔλαχε
2822 1523 2913 1576 τὸν
2963 1523 3117 1583 Θεὸν,
3143 1522 3206 1575 τὸ
3236 1520 3441 1590 τειχίον
3475 1518 3647 1588 μύρον

2077 1616 2320 1687 ὑπῆρξεν
2350 1616 2452 1686 ήδη
2481 1633 2494 1646 ο
2525 1616 2621 1668 καὶ
2646 1617 2678 1685 ὴ
2709 1614 2947 1684 διαφορά
2971 1613 3157 1683 εκείνη
3193 1611 3379 1682 χώραν
3410 1611 3509 1661 οὑκ
3533 1610 3649 1677 ἔχει

2077 1707 2176 1776 τῆς
2229 1707 2357 1777 μιᾶς
2414 1706 2763 1767 ὑποστάσεως
2820 1706 2977 1758 τοῦτο
3020 1704 3121 1773 μὲν
3162 1702 3355 1771 οὔσης,
3388 1704 3566 1753 ἐκεῖνο
3592 1701 3649 1753 δὲ

2079 1798 2400 1866 γενομένης,
2431 1798 2467 1867 ἥ
2494 1799 2593 1866 τὴν
2641 1797 2929 1849 διάστασιν
2959 1795 3058 1866 τῆς
3113 1794 3371 1863 θεότητος
3405 1793 3499 1843 καὶ
3558 1793 3652 1843 ἀν-

403 1892 699 1947 discrimen
737 1892 868 1947 illud
894 1894 1071 1947 locum
1098 1892 1164 1944 de
1183 1903 1378 1947 caetero
1413 1909 1519 1946 non
1551 1896 1732 1958 habet,
1755 1895 1971 1963 quando

2078 1890 2428 1960 θρωπότητος
2473 1884 2711 1959 ἀναιρεῖ,
2744 1888 2923 1951 κοινὸς
2957 1886 3083 1958 ὄρος
3131 1886 3399 1957 ἑκατέρας
3433 1883 3651 1952 φύσεως

404 1999 511 2037 una
547 1985 872 2055 hypostasis,
904 1987 1020 2039 sive
1040 1986 1424 2049 subsistentia,
1449 2000 1574 2039 cum
1599 1984 1731 2039 illud
1753 1986 1971 2055 quidem

404 2084 572 2139 esset,
606 2075 708 2130 hoc
766 2076 907 2131 farta
965 2085 1050 2133 est
1076 2094 1092 2131 :
1122 2094 1243 2147 qua:
1275 2077 1583 2148 hypustasis
1624 2078 1971 2131 intervallum

2079 1979 2237 2050 οὖσα,
2295 1983 2419 2035 ἐπεὶ
2474 1982 2584 2035 τῶν
2639 1981 2945 2036 διεστώτων
2993 1980 3094 2033 οὐκ
3136 1978 3203 2033 ἂν
3228 1981 3437 2046 γένοιτο
3474 1978 3653 2038 κοινὶς

2080 2077 2227 2146 ὅρος.

404 2168 935 2240 diremptionemque
992 2169 1133 2224 inter
1155 2170 1394 2225 divinam
1430 2171 1838 2240 humanamque
1872 2179 2123 2225 naturam
2148 2170 2305 2230 tollit.
2372 2173 2680 2224 communis
2739 2176 2944 2222 natura:
3004 2176 3293 2235 utriusque
3364 2166 3655 2221 terminus:

405 2261 674 2331 siquidem
718 2262 1032 2318 distantium
1071 2264 1213 2317 haud
1258 2265 1756 2332 possitcommunis
1780 2266 2047 2319 terminus
2077 2263 2326 2333 reperiri.

476 2351 631 2408 Sicut
652 2367 804 2423 ergo,
837 2356 883 2406 si
943 2355 1280 2410 alabastrum
1333 2356 1519 2424 aliquo
1551 2357 1782 2409 artilieio
1811 2365 1977 2425 queat

405 2442 459 2496 in
497 2451 833 2512 unguentum
865 2444 1088 2506 mutari,
1129 2454 1185 2499 et
1234 2445 1287 2498 in
1317 2446 1490 2515 ipsum
1528 2445 1831 2511 transferri,
1866 2463 1972 2501 non

405 2535 546 2588 ultra
573 2533 677 2587 crit
701 2534 825 2588 aliis
871 2532 1411 2600 incommunicabile,
1469 2554 1567 2591 ιιι-ρ
1595 2539 1757 2597 intra.
1784 2552 1885 2592 nec
1918 2539 1971 2592 in

405 2641 464 2681 se
488 2626 607 2695 ipso
632 2641 880 2692 manens,
932 2629 1123 2682 eodem
1170 2629 1337 2683 modo
1361 2636 1548 2684 nostra
1584 2640 1777 2683 natura
1801 2630 1853 2682 in
1888 2629 1973 2682 di-

405 2721 531 2773 vino
565 2734 792 2789 corpore
820 2720 1160 2775 divinitatem
1198 2722 1408 2787 induta,
1437 2724 1579 2790 quod
1603 2738 1630 2774 a
1661 2722 1769 2775 Deo
1803 2738 1973 2792 genus

408 2813 705 2867 humanum
735 2814 1089 2881 intercludat,
1122 2816 1255 2868 nihil
1303 2826 1409 2869 est.
1442 2813 1596 2869 Unde
1653 2828 1761 2884 quo
1794 2816 1975 2868 minus

407 2902 791 2958 beneﬁciorum
848 2902 967 2973 ejus
1027 2905 1322 2974 participes
1374 2907 1571 2970 simus,
1598 2922 1657 2959 re
1692 2907 1835 2960 nulla
1869 2907 1971 2960 nisi

406 3003 629 3063 peccato
668 2995 1015 3063 impedimur.
1049 2997 1318 3061 Quoniam
1348 3006 1527 3053 autem
1560 3012 1751 3052 murus
1777 2998 1974 3066 duplex

404 3094 542 3151 erat,
597 3097 803 3141 natura:
857 3098 912 3141 et
956 3088 1257 3142 voluntatis
1291 3089 1645 3155 perversitate
1679 3100 1973 3159 corrupte,

407 3177 558 3230 illum
600 3174 852 3230 Salvator
913 3177 1254 3237 incarnatus.
1304 3179 1449 3232 hunc
1489 3179 1543 3232 in
1569 3195 1784 3233 crucem
1820 3188 1976 3235 actus

2152 2356 2421 2424 Καθάπερ
2455 2354 2657 2415 τοίνυν,
2713 2353 2764 2406 εί
2819 2351 2879 2405 τὸ
2910 2352 3256 2422 ἀλάϐαστρον
3301 2354 3515 2421 μηχανῇ
3549 2368 3658 2403 τινι

2077 2449 2288 2516 γένοιτο
2319 2450 2491 2519 μὺρον
2517 2450 2613 2501 καὶ
2639 2447 2774 2516 πρὸς
2806 2446 2937 2500 αὐτὸ
2980 2443 3312 2513 μετασταίη.
3350 2441 3658 2503 ἀκοινώνη-

2074 2559 2169 2596 τον
2214 2542 2402 2594 οὑκέτι
2456 2544 2574 2599 τοῖς
2632 2539 2737 2604 ἔξω
2784 2538 2844 2592 τὸ
2878 2537 3076 2606 μύρον,
3115 2537 3225 2589 οὐδ’
3252 2536 3401 2586 ἔνδον
3431 2532 3537 2585 οὐδ’
3569 2534 3657 2599 ἐφ’

2076 2633 2271 2688 ἑαυτοῦ
2297 2635 2476 2700 μένον,
2508 2631 2603 2684 τὸν
2632 2630 2749 2683 ἶσον
2771 2629 2976 2700 τρόπον
3005 2626 3105 2693 τῆς
3135 2625 3412 2696 ἡμετέρας
3432 2625 3654 2692 φύσεως

2083 2727 2175 2778 ἐπὶ
2223 2723 2317 2776 τοῦ
2357 2722 2627 2792 σωτηρίου
2679 2721 2932 2789 σώματος
2966 2716 3266 2779 θεωθείσης
3298 2715 3358 2768 τὸ
3412 2716 3654 2784 διεῖργον

2083 2820 2190 2871 ἀπὸ
2220 2817 2314 2869 τοῦ
2344 2816 2480 2868 Θεοῦ
2520 2814 2579 2868 τδ
2629 2815 2739 2867 τῶν
2793 2812 3097 2883 ἀνθρώπων
3136 2813 3291 2879 γένος
3318 2809 3493 2871 οὐδὲν,
3530 2810 3654 2861 ὅθεν

2083 2912 2176 2962 καὶ
2198 2910 2304 2962 τῶν
2330 2907 2495 2960 αὑτοῦ
2519 2907 2773 2975 μετέχειν
2806 2904 3041 2974 χαρίτων
3072 2901 3327 2972 ἐμποδὼν
3348 2904 3478 2970 ἡμῖν
3499 2902 3655 2953 οὐδὲν

2080 2998 2147 3073 ἦν
2175 3000 2311 3072 πλὴν
2340 3000 2439 3068 τῆς
2467 2999 2763 3069 ἁμαρτίας.
2811 2998 2963 3049 Ἐπεὶ
2993 2992 3048 3047 δὲ
3068 2994 3240 3048 διττὸν
3268 2989 3336 3063 ἦν
3368 2995 3426 3045 τὸ
3450 2996 3650 3060 τεῖχος,

2080 3093 2142 3146 τὸ
2172 3092 2268 3161 μὲν
2290 3092 2388 3160 τῆς
2424 3092 2659 3159 φύσεως,
2700 3093 2757 3142 τὸ
2784 3090 2839 3142 δὲ
2871 3088 2969 3156 τῆς
2999 3086 3226 3155 γνώμης
3277 3086 3508 3155 πονηρίᾳ
3537 3086 3653 3135 δια-

2084 3185 2411 3253 φθαρείσης,
2444 3184 2504 3235 τὸ
2534 3184 2633 3250 μὲν
2658 3182 2836 3235 ἀνεῖλε
2864 3179 3174 3250 σαρκωθεὶς
3211 3181 3237 3230 6
3270 3179 3484 3248 Σωτὴρ,
3510 3179 3571 3229 τι
3596 3178 3652 3228 δὲ

405 3266 649 3320 sustulit.
712 3265 1002 3321 Peccatum
1057 3266 1205 3321 enim
1268 3284 1402 3321 crux
1435 3269 1653 3322 delevit.
1695 3267 1832 3323 llinc
1857 3276 1971 3338 pnsl

2082 3273 2440 3343 σταυρωθείς.
2500 3274 2610 3343 Τὴν
2644 3274 2751 3339 γάρ
2805 3273 3081 3341 ἁμαρτίαν
3130 3271 3157 3322 6
3193 3270 3426 3339 ataup‘i;
3459 3268 3651 3320 ἔλυσε·

407 3355 755 3423 baptismum,
791 3357 885 3426 qui
915 3356 1096 3414 crucis
1152 3357 1299 3413 illius
1349 3368 1404 3413 et
1435 3359 1627 3413 mortis
1655 3361 1758 3413 vim
1791 3361 1972 3424 habet,

405 3444 473 3499 ad
504 3457 851 3515 unguentum
894 3450 1447 3519 communionemque
1478 3448 1718 3519 Spiritus
1766 3453 1979 3507 accedi-

407 3551 551 3591 mus.
583 3535 894 3594 Obstaculis
920 3539 1066 3593 enim
1119 3540 1387 3594 ambobus
1415 3542 1668 3606 sublatis,
1708 3541 1975 3610 Spiritum

405 3638 655 3682 sanctum
715 3643 881 3697 ευριπ·
915 3646 1129 3685 omnem
1155 3646 1374 3684 carnem
1403 3631 1812 3686 efll'undendum
1841 3634 1978 3687 nihil

404 3722 793 3787 remorabitur,
849 3734 1140 3792 quantum,
1200 3725 1446 3794 inquam,
1488 3728 1539 3779 in
1573 3727 1823 3795 praesenti
1866 3728 1975 3779 vita

405 3813 741 3868 conceditur.
794 3815 931 3868 Nam
957 3815 1025 3869 ad
1048 3817 1423 3871 continentem
1457 3832 1578 3870 cum
1620 3818 1728 3870 Deo
1754 3818 1978 3872 cohabi-

405 3906 682 3966 tationem‘,
743 3907 1044 3962 ruortalitas
1107 3910 1329 3962 tertium
1386 3919 1469 3963 est
1504 3910 1975 3979 impedimentum,

402 4007 458 4051 et
483 3998 713 4052 mortale
743 3998 918 4052 adhuc
951 4014 1150 4067 corpus
1186 4007 1463 4069 gestantes
1511 4001 1738 4071 aenigma
1769 4014 1822 4055 et
1847 4012 1974 4069 spe-

401 4091 584 4145 culum
645 4092 1031 4145 transcendere
1083 4106 1188 4144 non
1242 4091 1392 4144 sinit.
1424 4090 1609 4159 Itaque
1641 4094 1963 4149 hominibus

402 4182 692 4250 tripliciter
748 4198 778 4236 a
812 4180 921 4235 Deo
971 4182 1322 4247 distantibus,
1357 4199 1453 4251 per
1488 4196 1736 4240 naturam
1772 4190 1983 4258 simpli-

400 4273 558 4336 citer,
592 4288 686 4340 per
716 4282 1025 4342 peceatum,
1090 4288 1186 4341 per
1215 4274 1624 4340 mortalitatem,
1654 4287 1713 4332 ut
1744 4293 1811 4334 eo
1844 4292 1978 4349 pure

403 4363 699 4429 patiantur,
734 4371 789 4416 et
820 4361 940 4417 sine
991 4364 1173 4418 medio
1209 4379 1336 4419 cum
1372 4367 1464 4422 illo
1494 4368 1696 4433 vivant,
1730 4370 1981 4425 Salvator

402 4454 554 4518 fecit,
594 4468 716 4522 quae
765 4452 1195 4510 adversabantur
1222 4499 1236 4524 ,
1274 4459 1457 4513 omnia
1508 4460 1767 4531 deinceps
1798 4478 1978 4517 remo-

400 4560 559 4601 vens.
604 4544 870 4611 Primum,
926 4548 1073 4617 quod
1131 4551 1620 4607 naturaghumanae
1648 4553 1822 4608 factus
1850 4570 1981 4610 con-

2077 3368 2167 3420 διὲι
2188 3366 2344 3419 τοῦτο
2370 3366 2507 3435 μετὰ
2538 3365 2597 3417 τὸ
2645 3364 2932 3433 βάπτισμα
2987 3364 3055 3415 τὰ
3093 3361 3186 3414 τοῦ
3221 3360 3459 3430 σταυροῦ
3495 3360 3656 3412 δυνά-

2082 3475 2243 3526 μενον
2271 3457 2482 3508 ὲκείνου
2516 3458 2612 3510 καὶ
2639 3456 2732 3507 τοῦ
2767 3455 3022 3520 Θανάτου,
3042 3454 3134 3506 ἐπὶ
3158 3454 3217 3505 τὸ
3248 3453 3421 3522 μύρον
3448 3453 3657 3522 χωροῦ-

2082 3565 2179 3619 μεν
2212 3547 2309 3615 τὴν
2338 3546 2432 3598 τοῦ
2462 3545 2782 3613 Πνεὺματος
2833 3544 3139 3599 κοινωνίαν.
3189 3543 3314 3595 Τῶν
3342 3540 3447 3611 γὰρ
3476 3542 3653 3594 κωλυ-

2082 3640 2266 3710 μάτων
2298 3639 2627 3709 ἀμφοτέρων
2662 3637 3027 3707 ἀνῃρημένων
3061 3633 3121 3687 τὸ
3146 3635 3449 3704 ὲπισχῆσπιν
3472 3634 3651 3695 οὐδὲν,

2078 3732 2304 3803 χεθῆναι
2330 3733 2419 3783 ἐπὶ
2452 3734 2634 3784 πᾶσαν
2660 3731 2843 3799 σάρκα
2866 3729 2926 3781 τὸ
2948 3728 3175 3795 Πνεῦμα
3202 3728 3261 3780 τὸ
3292 3726 3471 3794 ἅγιον.
3495 3727 3653 3792 Λέγω

2077 3824 2134 3878 δὲ
2161 3825 2283 3877 ὅσον
2310 3824 2402 3875 ἐπὶ
2428 3822 2522 3874 τοῦ
2552 3822 2819 3889 παρόντος
2850 3820 2988 3888 βίου.
3020 3820 3162 3889 Πρὸς
3189 3818 3296 3887 γὰρ
3319 3815 3416 3887 τὴν
3444 3816 3651 3885 ἀμεσον

2084 3913 2223 3983 μετά
2251 3911 2385 3964 Θεοῦ
2411 3910 2706 3963 συναυλίαν
2741 3911 2835 3962 καὶ
2866 3909 3049 3977 τρίτον
3074 3910 3102 3961 6
3134 3908 3362 3969 θάνατοι,
3395 3907 3648 3975 κώλυμα.

2080 4006 2175 4058 καὶ
2204 4004 2329 4065 τοὺς
2358 4004 2555 4072 θνητὸν
2581 4001 2854 4069 φέροντας
2887 4001 2968 4053 ἔτι
3022 4000 3084 4053 τὸ
3141 3999 3300 4065 σῶμα
3331 3999 3393 4051 τὸ
3421 3997 3653 4067 αἴνιγμα

2080 4094 2174 4146 καὶ
2232 4094 2291 4145 τὸ
2324 4091 2593 4163 ἔσοπτρον
2650 4090 3004 4159 ὑπερϐαίνειν
3039 4091 3099 4143 οὑ
3139 4093 3455 4160 συγχωρεί-
3512 4089 3653 4141 ὥστε

2080 4185 2282 4255 τριχῶς
2319 4185 2410 4237 τοῦ
2440 4185 2575 4236 Θεοῦ
2598 4186 2723 4246 τοὺς
2767 4183 3090 4254 ἀνθρώπους
3124 4183 3535 4252 διῖσταμένους,
3567 4183 3656 4236 διὰ

2078 4281 2177 4345 τὴν
2201 4276 2385 4345 φύσιν,
2418 4276 2507 4329 διὰ
2535 4276 2636 4346 τὴν
2672 4277 2977 4346 ἁμαρτίαν,
3026 4276 3120 4340 ,διὰ
3150 4276 3240 4329 τὸν
3277 4276 3529 4336 θάνατον,
3556 4294 3655 4328 καο

2080 4370 2259 4437 θκρῶς
2296 4371 2480 4438 τυχεῖν
2514 4371 2607 4423 καὶ
2651 4369 2875 4436 ἀμέσως
2907 4369 3056 4437 αὑτῷ
3083 4368 3355 4422 συνελθεῖν
3394 4369 3658 4439 ἐποίησεν

2080 4465 2104 4515 6
2134 4462 2341 4531 Σωτὴρ.
2372 4460 2407 4515 ἀ
2429 4461 2764 4531 προσίστατο
2794 4462 2970 4514 πάντα
3006 4462 3206 4531 ἐφεξῆς
3240 4461 3469 4525 ἀνελὼν,
3491 4461 3657 4514 τοῦτο

2084 4555 2191 4632 μὲι
2238 4554 2660 4624 ἀνθρωπότητος
2702 4555 3011 4624 μετασχὼν,
3079 4556 3256 4606 ἐκεῖνο
3313 4552 3369 4607 δὲ
3440 4548 3648 4624 νεκρω-

402 4654 543 4706 surs;
580 4639 833 4703 alterum,
862 4639 917 4693 in
967 4654 1130 4695 cruce
1182 4653 1434 4700 mortuus
1463 4655 1804 4714 ;extremum
1848 4662 1971 4701 vero

2081 4644 2195 4708 θεὶς
2257 4647 2350 4697 ἐπὶ
2416 4643 2509 4698 τοῦ
2551 4644 2810 4717 σταυροῦ,
2874 4644 2934 4697 τὸ
2981 4644 3037 4697 δὲ
3080 4644 3390 4697 τελευταῖον
3446 4648 3648 4714 τεῖχος,

403 4745 617 4783 murum
664 4730 901 4800 (mortis
954 4733 1298 4803 tyrannidem
1336 4744 1461 4803 puta
1494 4735 1513 4781 l
1564 4736 1789 4789 omnino
1814 4752 1844 4790 e
1879 4754 1975 4790 na-

402 4831 538 4875 tura
577 4821 776 4877 finibus
830 4838 925 4891 per
959 4826 1417 4882 resurrectionem
1467 4824 1793 4897 proﬂigavit.
1847 4828 1973 4883 ideo

398 4909 604 4966 Paulus
642 4913 738 4977 ait,
771 4930 790 4964 ι
818 4911 1126 4970 Novissime
1154 4916 1373 4971 inimica
1396 4917 1705 4973 destruetur
1730 4934 1876 4974 mors
1894 4919 1969 4973 ³.»

400 5001 518 5058 Non
554 5018 673 5058 eam
706 5004 983 5060 inimicam
1016 5007 1345 5076 appellasset
1398 5011 1504 5065 nisi
1556 5013 1716 5065 nobis
1770 5015 1835 5065 ad
1888 5027 1978 5066 ve—

402 5106 516 5144 ram
547 5076 743 5146 felicit'i
754 5101 858 5146 tem
873 5093 1133 5150 obstaret.
1150 5094 1402 5153 llzeredes
1422 5100 1623 5169 quippe
1649 5099 1974 5158 immortalis

402 5183 517 5246 Dei,
548 5199 577 5236 a
598 5184 946 5252 corruptione
969 5186 1197 5242 liberari
1225 5205 1449 5245 necesse
1474 5202 1556 5246 est
1582 5208 1597 5246 :
1634 5210 1653 5243 ι
1685 5191 1799 5246 Non
1825 5192 1971 5245 enim

401 5275 704 5345 corruptio,
765 5277 976 5346 inquit,
1033 5279 1460 5350 incorruptelam
1533 5284 1906 5353 possidebit‘.
1947 5306 1965 5338 ι

404 5366 530 5422 Post
554 5384 895 5424 communem
919 5387 1154 5442 namque
1179 5374 1460 5428 hominum
1491 5380 1969 5441 resurrectionem,

403 5460 563 5529 cujus
624 5476 786 5517 causa
857 5463 1107 5520 Salvator
1179 5469 1493 5530 resurrexit,
1566 5471 1847 5537 speculum
1919 5484 1972 5528 et

405 5551 632 5621 aenigma
665 5555 937 5620 recedent,
991 5555 1270 5626 Deumque
1299 5556 1439 5612 facie
1499 5559 1565 5611 ad
1598 5560 1789 5616 faciem
1825 5564 1972 5620 vide-

406 5640 558 5710 bunt,
598 5644 689 5713 qui
725 5646 942 5715 quidem
966 5656 1123 5700 erunt
1165 5652 1291 5701 mun'
1315 5650 1365 5703 iu
1390 5653 1574 5709 corde.

481 5850 498 5878 ι
535 5850 547 5901 ι
592 5850 715 5905 cm.
758 5870 839 5913 υ,
890 5854 973 5906 is
1062 5867 1067 5877 ν
1120 5856 1243 5907 nas.

2077 4736 2175 4804 τὴν
2204 4735 2298 4788 τοῦ
2332 4736 2565 4789 θανάτου
2597 4736 2913 4806 τυραννίδα,
2951 4736 3269 4788 παντάπασι
3296 4736 3398 4804 τῆς
3435 4734 3650 4803 φύσεως

2080 4829 2333 4891 ἐξέϐαλεν
2390 4829 2655 4891 ἀναστάς.
2714 4824 2813 4881 Διά
2860 4827 3018 4881 τοῦτο
3054 4828 3288 4891 Παῦλος,
3331 4846 3350 4879 ι
3384 4829 3648 4899 Ἔσχατος

2082 4921 2296 4989 ἐχθρὸς,
2357 4919 2507 4987 φησὶ,
2568 4923 2934 4990 καταργεῖται
2987 4922 3015 4972 6
3068 4919 3321 4988 θάνατος,
3365 4939 3384 4972 ›
3440 4924 3539 4974 οὐκ
3587 4923 3651 4976 ἀν

2084 5010 2277 5079 ἐχθρὸν
2308 5010 2468 5064 αὐτὸν
2520 5013 2856 5080 προσειπὼν,
2908 5012 2954 5063 εἰ
2985 5012 3060 5081 μὴ
3092 5012 3228 5081 πρὸς
3270 5013 3368 5083 τὴν
3394 5013 3649 5084 ἀληθινὴν

2080 5103 2211 5172 ἡμῖν
2243 5102 2588 5173 εὐδαιμονίαν
2617 5104 2866 5173 ἐμποδὼν
2894 5100 2960 5173 ἦν
2982 5124 2994 5137 ·
3020 5105 3147 5168 τοὺς
3179 5104 3289 5174 γὰρ
3320 5105 3414 5158 τοῦ
3448 5106 3646 5159 ἁθανά·

2078 5210 2173 5244 του
2224 5192 2359 5245 Θεοῦ
2414 5193 2796 5264 κληρονόμους
2825 5194 3040 5264 ἀνάγκη
3072 5194 3135 5261 δὴ
3169 5193 3376 5263 φθορᾶς
3407 5196 3651 5263 ἀπηλλά-
3726 5198 3734 5206 ’

2080 5284 2224 5355 χῡαι.
2253 5304 2271 5337 ι
2308 5285 2383 5338 Οὑ
2409 5284 2515 5355 γὰρ
2544 5288 2576 5356 ἡ
2602 5285 2797 5355 φθορὰ,
2844 5284 3000 5353 φησὶ,
3049 5286 3147 5353 τὴν
3174 5284 3487 5353 ἀφθαρσίαν
3514 5285 3648 5351 κλη-

2084 5378 2337 5445 ρονομεϊο
2376 5394 2395 5427 ι
2439 5378 2575 5446 μετά
2628 5377 2739 5445 γὰρ
2791 5377 2892 5445 τὴν
2941 5378 3127 5445 κοινὴν
3182 5376 3289 5429 τῶν
3345 5377 3647 5445 ἀνθρώπων

2078 5471 2396 5534 ἀνάστασιν,
2441 5465 2506 5542 ἦς
2540 5471 2713 5522 αἴτιον
2749 5472 2781 5537 ἡ
2815 5469 2910 5523 τοῦ
2959 5472 3210 5541 Σωτῆρος
3242 5470 3558 5533 ἀνάστασις,
3590 5470 3650 5522 τὸ

2084 5562 2182 5632 μὲν
2215 5561 2479 5631 ἔσοπτρον
2513 5563 2793 5631 ὑποχωρεῖ
2817 5566 2912 5614 καὶ
2953 5563 3012 5613 τὸ
3038 5561 3290 5633 αἴνιγμα,
3314 5561 3538 5632 ἧψονται
3590 5562 3649 5617 δὲ

2085 5654 2374 5720 πρόσωπον
2411 5653 2547 5722 πρὸς
2578 5653 2872 5721 πρόσωπον
2897 5656 2986 5707 τθιν
3040 5654 3170 5707 Θεὸν
3210 5654 3266 5707 οἵ
3290 5670 3353 5723 γε
3385 5655 3483 5724 τὴν
3517 5670 3647 5725 καρ-

2081 5745 2197 5798 δῖαν
2233 5748 2656 5813 κεκλθαρμένοι.
