4030 6454
330 455 431 517 577

1352 456 1447 514 DE
1478 457 1648 515 VITA
1698 455 1774 515 lN
1818 456 2154 515 tilllilSTO
2196 458 2337 518 UB.
2387 457 2498 517 lli.
3474 466 3540 525 ετ

332 570 476 637 πέρα
507 568 756 637 μηχανῆς
790 569 1031 635 ἁπάσης,
1065 568 1160 619 καὶ
1187 568 1358 621 τᾶλλα
1407 570 1531 629 τοὺς
1559 567 1894 635 ἐπιδειξαμέ-

2000 567 2226 631 dicturi,
2266 579 2318 621 et
2354 570 2564 623 animos
2604 568 2911 637 impulsuri.
2944 579 2997 623 et
3023 571 3225 639 alioqui
3261 588 3435 639 uagos
3462 580 3583 628 sinc

328 677 454 720 νους
481 660 589 712 ἀπὸ
613 660 706 712 τοῦ
735 659 1039 730 μυστηρίου
1060 659 1325 721 λαὸόντας
1343 658 1503 728 ἔχειν.
1533 661 1596 712 Εἰ
1627 659 1732 727 γὰρ
1755 659 1896 727 μήτε

328 748 457 819 παρ’
503 750 636 802 αὐτὸ
662 748 723 802 τὺ
767 748 1043 802 τελεῖσθαι
1076 748 1135 802 τὸ
1171 750 1469 820 μυστήριον
1501 749 1757 817 ἐνεργοὺς
1791 749 1897 800 δείο

326 857 485 893 κνυσι
507 841 632 901 τοὺς
666 841 1025 909 τελουμένους
1053 840 1154 902 τὰς
1187 842 1566 907 πνευματικὰς
1594 839 1893 910 ἐνεργείας,

331 933 471 1001 μήτε
500 924 574 984 ὧν
606 935 785 1002 χρόνῳ
816 932 1043 1001 ὕστερον
1088 933 1242 986 αὐτοὶ
1298 932 1685 1000 πνευματικῶς
1742 933 1898 1001 ἐνερ-

327 1021 507 1091 γοῦσι.
545 1023 643 1091 τὴν
676 1024 897 1093 τελετὴν
956 1024 1240 1077 αἰτιᾶσθαι
1299 1025 1570 1092 προσῆκε,
1602 1025 1653 1074 τί
1685 1024 1765 1077 δεῖ
1802 1024 1895 1075 καὶ

333 1114 611 1182 μυηθῆναι
636 1133 650 1178 ;
672 1114 807 1183 πρὸς
838 1116 888 1168 τί
922 1114 966 1167 δ’
997 1116 1061 1167 ἂν
1081 1117 1212 1185 ἡμῖν
1241 1117 1271 1185 ἡ
1307 1114 1399 1167 τοῦ
1429 1115 1599 1186 μύρου
1623 1114 1716 1167 τοῦ
1747 1116 1895 1168 θείου

334 1205 535 1275 μύησις
566 1205 646 1258 ἔτι
706 1207 884 1276 φέροι,
932 1209 1190 1277 χορηγεῖν
1244 1208 1383 1274 ὑπὲρ
1419 1201 1479 1261 οὗ
1535 1207 1779 1275 ζητεῖται
1820 1208 1894 1274 μὴ

330 1301 641 1371 δυναμένη;
673 1303 781 1356 Καὶ
809 1303 927 1356 οὐδὲ
969 1305 1142 1356 ἐκεῖνο
1175 1304 1396 1366 εἰκότως
1429 1304 1572 1355 ἔστιν
1606 1302 1894 1367 εἰπεῖν,ὠς

329 1397 377 1448 εί
411 1394 485 1464 μὴ
542 1396 713 1448 ταῦτα
768 1394 1149 1465 ἀπολαύσομεν
1180 1395 1273 1446 τοῦ
1324 1396 1648 1465 χρίσματος.
1679 1396 1806 1449 ἄλλο
1839 1412 1891 1447 τι

333 1484 536 1537 δύναιτ’
559 1483 623 1538 ἂν
642 1486 824 1554 ἡμῖνὴ
850 1484 1040 1557 τελετὴ
1069 1484 1305 1553 βοηθεῖν.
1333 1485 1395 1536 Ei
1421 1486 1529 1553 γὰρ
1558 1486 1700 1552 ἅπερ
1726 1485 1896 1548 ἐπαγ-

335 1577 604 1644 γέλλεται,
638 1576 734 1630 καὶ
766 1577 897 1646 πρὸς
931 1576 967 1631 ἃ
1002 1577 1153 1629 πᾶσα
1191 1577 1438 1646 φέρεται,
1482 1578 1578 1629 καὶ
1605 1575 1735 1646 περὶ
1760 1569 1834 1630 ὧν
1864 1577 1893 1628 ὁ

334 1668 583 1739 τελεστὴς
629 1667 868 1737 εὓχεται,
918 1669 1010 1721 καὶ
1042 1668 1079 1722 ἃ
1117 1668 1291 1721 πείθει
1341 1668 1430 1720 τὸν
1459 1668 1782 1737 τελούμενον
1818 1668 1895 1729 ὡς

333 1762 529 1816 αὐτίκα
578 1760 830 1829 λήψεται,
867 1767 1072 1813 τούτων
1107 1763 1289 1830 τυχεῖν
1314 1761 1373 1813 οὐ
1410 1760 1646 1822 δίδωσιν,
1680 1759 1808 1811 ἄλλο
1840 1776 1893 1811 τι

330 1857 437 1908 τῶν
466 1854 690 1922 ἀγαθῶν
720 1856 932 1908 ἐκεῖθεν
963 1854 1126 1925 σχολῇ
1160 1871 1222 1921 γε
1272 1853 1351 1905 δεῖ
1384 1854 1687 1923 προσδοκᾷν
1708 1868 1721 1880 ·
1761 1854 1809 1905 εί
1843 1851 1889 1903 δ’

330 1950 391 2003 οὐ
425 1950 601 2021 μάτην
623 1951 683 2002 το
708 1951 1023 2019 μυστήριον,
1054 1951 1138 2003 ὅτι
1171 1949 1305 2021 μηδὲ
1342 1948 1471 2005 ἄλλο
1494 1948 1599 2001 τῶν
1632 1949 1673 2000 Χ
1685 1964 1893 2017 ριστια-

333 2045 494 2097 νικῶν
530 2043 717 2106 οὐδὲν,
760 2064 778 2095 ι
813 2045 885 2097 Οὐ
922 2043 1031 2113 γὰρ
1088 2044 1261 2106 κενὸν,
1309 2042 1462 2113 φησὶ,
1518 2040 1577 2093 τὸ
1630 2042 1893 2111 κήρυγμα

331 2137 516 2205 ἡμῶν,
549 2136 670 2189 οὐδὲ
702 2137 903 2206 ματαία
931 2136 964 2206 ἡ
992 2134 1174 2198 πίστις
1224 2134 1402 2202 ἡμῶν,
1436 2152 1453 2185 ι
1494 2134 1546 2185 εἴ
1572 2149 1692 2185 τινα
1732 2149 1895 2185 πνευ-

334 2228 566 2299 ματικὴν
617 2228 899 2298 ἐνέργειαν
946 2228 1123 2296 εὑρεῖν
1179 2227 1326 2280 ἔστιν
1367 2228 1424 2278 ἐν
1458 2224 1764 2294 ἀνθρώποις
1796 2224 1894 2277 καὶ

328 2318 421 2372 τοῦ
480 2320 678 2372 κύκλου
735 2320 844 2371 τῶν
878 2319 1088 2372 ἐκεῖθεν
1120 2320 1380 2389 χαρίτων,
1443 2321 1522 2372 είς
1575 2317 1675 2378 τὰς
1724 2316 1892 2386 εὐχὰς

328 2411 619 2479 ἀναφέρειν
652 2410 866 2479 ἀνάγκη
897 2409 1099 2474 ταύτας
1140 2410 1233 2464 καὶ
1262 2410 1320 2462 τὸ
1354 2411 1563 2480 χρίσμα
1599 2409 1657 2462 τὸ
1687 2409 1854 2477 ἱερόν.

406 2681 581 2739 Ὀλωε
618 2680 725 2749 γὰρ
755 2679 880 2735 οὔτε
925 2682 1093 2749 ἔστιν,
1124 2681 1226 2733 οὐκ
1254 2680 1401 2733 ἔστιν
1434 2680 1587 2734 οὐδὲν
1611 2681 1835 2747 ἀγαθὸν,
1866 2678 1894 2733 δ

332 2775 407 2844 τῷ
437 2775 554 2844 θεῷ
582 2776 946 2841 διαλλαγεῖσιν
972 2775 1181 2827 ἐκεῖθεν
1211 2775 1454 2845 ὑπῆρξεν
1500 2776 1832 2845 ἀνθρώποις,
1866 2774 1894 2827 ὃ

336 2868 407 2936 μὴ
437 2867 523 2920 διὰ
567 2865 660 2919 τοῦ
696 2867 1066 2927 καταστάντος
1118 2866 1252 2919 Θεοῦ
1299 2869 1392 2919 καὶ
1415 2866 1720 2935 ἀνθρώπιον
1753 2886 1894 2937 παρο

331 2958 526 3025 εσιέθη
564 2958 808 3025 μεσίτου.
845 2957 966 3011 οὗτε
1002 2958 1092 3009 τὸν
1128 2959 1352 3028 μεσίτην
1379 2958 1557 3027 εὑρεῖν
1588 2959 1680 3011 καὶ
1707 2960 1894 3011 λαϐεῖν

334 3050 423 3099 καὶ
458 3050 563 3099 τῶν
614 3047 821 3099 ἐκείνου
882 3034 1063 3117 τυχεῖν
1097 3048 1225 3100 ἄλλο
1258 3066 1312 3101 τι
1374 3048 1588 3102 δίδωσιν
1628 3050 1762 3117 ἡμῖν
1787 3048 1893 3101 τῶν

333 3142 582 3193 ἁπάντων
611 3136 731 3204 ἧτὰ
766 3141 1040 3207 μυστήρια
1062 3156 1076 3171 ·
1105 3130 1277 3194 ταῦτα
1304 3141 1410 3209 γὰρ
1440 3141 1720 3208 συγγενεῖς
1748 3141 1894 3209 ἡμᾶς

2001 658 2109 712 ullo
2142 660 2424 713 molimine
2471 662 2716 715 sanaturi
2769 672 2915 723 sunt,
2955 662 3120 730 etqui
3149 663 3253 716 alia
3293 664 3435 720 dona
3487 681 3583 721 ac-

1997 760 2279 820 ceperunt,
2302 766 2399 805 eos
2424 751 2678 807 videlicet
2702 753 2790 806 illa
2824 768 2855 807 a
2885 754 3149 823 mysterio
3205 765 3429 824 accepta
3480 760 3582 813 ha-

1997 841 2146 897 bere.
2179 842 2236 897 Si
2265 843 2407 897 enim
2440 857 2540 896 nec
2584 842 2701 910 ipsa
2759 844 3000 914 mysterii
3053 844 3274 898 collatio
3335 848 3579 905 initiatos

1996 934 2360 1003 spiritualium
2407 949 2634 1003 operum
2674 944 3024 990 exsecutores
3060 936 3255 1000 reddit,
3303 953 3403 991 nec
3458 955 3577 1003 quae

1998 1033 2241 1094 tempore
2273 1027 2606 1094 procedente
2661 1025 2764 1096 ipsi
2827 1027 3185 1095 spiritualiter
3251 1041 3569 1097 Operautur,

1998 1120 2290 1174 initiationi
2321 1122 2372 1173 in
2393 1120 2636 1189 acceptis
2681 1120 2964 1175 referenda
3011 1114 3170 1184 sunt,
3197 1125 3324 1189 quid
3352 1139 3576 1178 necesse

1996 1220 2082 1264 est
2124 1210 2669 1275 iuitiari?Quorsutn
2728 1226 2893 1280 porro
2943 1214 3101 1267 nobis
3124 1214 3305 1267 divina
3345 1215 3460 1269 Iure
3489 1215 3574 1268 itt-

1999 1302 2184 1356 uuctio
2232 1306 2522 1365 conducet,
2585 1318 2730 1366 cum,
2806 1312 3026 1372 pmpter
3090 1305 3235 1372 quod
3278 1308 3569 1372 expetitur,

1998 1394 2342 1463 Suppeditare
2374 1409 2485 1448 non
2518 1396 2730 1463 possit?
2762 1394 2872 1451 Nec
2924 1396 3053 1449 illud
3098 1399 3293 1453 merito
3350 1414 3577 1468 respon-

1998 1484 2114 1537 deri
2166 1493 2351 1551 queat,
2381 1499 2691 1553 quanquam
2738 1485 2925 1538 unctio
2970 1486 3115 1539 hunc
3144 1487 3302 1542 nobis
3338 1487 3577 1542 fructum

1999 1588 2106 1627 non
2148 1575 2343 1643 pariat,
2423 1590 2581 1643 posse
2635 1584 2817 1630 tamen
2850 1590 2949 1631 nos
2993 1578 3273 1645 adjuvare.
3319 1578 3373 1633 Si
3431 1584 3576 1635 enim

1998 1682 2121 1734 qua:
2150 1665 2441 1735 promittit,
2469 1675 2523 1720 et
2561 1667 2624 1720 ad
2682 1681 2803 1734 qum
2837 1676 2945 1720 tota
2984 1669 3174 1731 tendit,
3230 1684 3348 1737 quae
3393 1670 3578 1724 initia-

2000 1769 2084 1811 tor
2119 1768 2260 1822 erat,
2287 1767 2342 1810 et
2380 1774 2499 1827 qua:
2527 1758 2793 1811 initiaudo
2823 1759 3111 1828 persuadet
3172 1775 3295 1813 mox
3320 1772 3579 1830 acceptu-

1999 1861 2140 1910 rum,
2170 1846 2214 1899 si
2242 1846 2356 1899 haec
2382 1848 2646 1914 consequi
2681 1862 2784 1901 non
2835 1848 2951 1912 dat,
2993 1846 3139 1900 aliud
3185 1849 3311 1902 inde
3374 1850 3575 1903 bonum

1920 1899 1971 1959 Β
2000 1938 2421 2004 haudquaquam
2457 1936 2890 2005 exspectandum
2952 1946 3055 1991 est.
3094 1937 3250 2002 Quod
3286 1939 3330 1993 si
3364 1954 3467 1992 non
3495 1950 3580 1994 est

1998 2031 2163 2086 inane
2227 2028 2572 2098 mysterium,
2652 2028 2778 2096 quia
2837 2042 2938 2082 nec
2992 2028 3136 2084 aliud
3204 2030 3575 2085 Christianum

1998 2121 2194 2187 ullum,
2238 2138 2255 2171 ι
2288 2110 2404 2173 Non
2429 2119 2573 2173 enim
2599 2119 2777 2176 inanis
2797 2128 2900 2184 est,
2927 2121 3121 2187 inquit,
3140 2122 3456 2192 pnedicatio
3480 2140 3580 2177 uo-

1994 2225 2130 2275 stra,
2169 2227 2343 2282 neque
2384 2211 2566 2265 inanis
2604 2211 2736 2266 ﬁdes
2799 2214 3072 2279 vestra”;
3115 2234 3132 2264 θ
3171 2215 3214 2268 si
3246 2229 3406 2284 quam
3448 2231 3577 2283 ope—

1994 2305 2264 2359 rationem
2301 2305 2645 2374 spiritualem
2703 2305 2946 2361 invenire
2982 2318 3063 2362 est
3113 2309 3253 2362 inter
3303 2308 3575 2371 homines,

1995 2408 2048 2450 et
2091 2388 2347 2450 ex‘orhe
2405 2396 2496 2449 illo
2550 2398 2916 2465 spiritualium
2970 2400 3288 2469 gtatiarum,
3333 2414 3451 2455 eam
3508 2401 3574 2457 ad

1998 2488 2159 2541 ha~ce
2198 2504 2385 2556 preces
2427 2496 2480 2539 et
2519 2489 2829 2542 unctionem
2884 2505 3094 2544 sat-ram
3130 2491 3331 2546 referre
3398 2509 3577 2548 neces-

1996 2580 2140 2631 sario
2168 2579 2449 2632 debemus.

2063 2669 2230 2724 Plane
2274 2672 2417 2723 enim
2480 2686 2584 2723 non
2636 2679 2740 2736 est,
2795 2689 2900 2726 uou
2973 2682 3074 2731 est.
3112 2673 3365 2742 inquam,
3404 2675 3572 2728 ullum

1995 2764 2220 2828 bunum,
2259 2765 2384 2819 inde
2432 2764 2752 2818 hominihus
2790 2764 2901 2817 Deo
2935 2766 3304 2819 reconciliatis
3361 2767 3573 2834 praesti-

2000 2865 2136 2918 tum,
2175 2855 2319 2923 quod
2354 2872 2457 2907 non
2494 2869 2589 2923 per
2622 2854 2974 2907 mediatorem
3013 2854 3151 2908 inter
3184 2853 3350 2908 Deum
3385 2865 3438 2909 et
3475 2857 3571 2909 ho-

1996 2949 2174 3002 mines
2210 2949 2573 3003 constitutum
2622 2946 2783 3001 nobis
2820 2947 2891 3001 sit
2941 2947 3234 3010 collatum;
3288 2963 3465 3017 neque
3517 2956 3575 3001 ut

2001 3041 2360 3095 mediatorem
2409 3042 2771 3101 inveniamus,
2819 3050 2872 3092 et
2901 3041 3390 3107 apprchendamus,
3424 3051 3475 3094 et
3506 3042 3575 3094 il-

1998 3134 2103 3186 lius
2141 3135 2279 3186 houa
2314 3147 2705 3200 assequamur,
2733 3133 2799 3183 ab
2831 3130 2937 3184 alio
2977 3146 3040 3184 ex
3075 3131 3330 3186 omnibus
3356 3170 3371 3191 ,
3408 3148 3570 3200 quam

336 3238 477 3287 ποιεῖ
511 3234 619 3289 τῶν
650 3233 896 3304 αἱμάτων
929 3232 1177 3297 ἐκείνων,
1215 3235 1308 3287 καλ⁸
1358 3226 1433 3287 ὧν
1469 3234 1659 3303 eam,ch
1681 3234 1769 3287 διὰ
1798 3234 1894 3301 τὴν

2000 3240 2031 3280 tt
2061 3225 2421 3281 sacramentis
2454 3225 2824 3295 ad'piscimur.
2862 3222 2997 3278 Nam
3032 3226 3144 3277 haec
3175 3240 3273 3279 nos
3304 3225 3376 3277 illi
3413 3226 3568 3291 quasi

339 3327 513 3391 σέιρκχ
547 3326 784 3395 χαρίτων
816 3325 910 3376 καὶ
950 3320 1025 3377 ὧν
1058 3324 1251 3376 παθεῖν
1282 3324 1543 3394 ἠνέσχετο
1580 3323 1893 3385 κοινωνούς.

347 3417 499 3469 Ἐπεὶ
532 3418 638 3486 γὰρ
673 3418 818 3470 δυοῖν
849 3416 1040 3475 ὄντοιν,
1073 3414 1109 3469 ἃ.
1137 3415 1212 3485 τῷ
1238 3416 1353 3485 Θεῴ
1398 3416 1678 3483 συνίστησι
1711 3415 1804 3468 καὶ
1840 3419 1895 3467 ἐν

334 3503 411 3569 οἷς
442 3510 590 3560 πᾶσα
619 3507 725 3559 τῶν
758 3506 1062 3578 ἀνθρώπων
1089 3508 1119 3576 ὴ
1146 3505 1411 3576 σωτηρία,
1438 3506 1531 3558 τοῦ
1562 3524 1619 3559 τε
1640 3506 1706 3558 τΞι
1739 3505 1896 3575 ίερὼ-

331 3618 466 3653 τατα
534 3600 808 3670 μυστήρια
858 3598 1155 3669 μυηθῆναι,
1217 3600 1308 3652 καὶ
1358 3597 1450 3650 τοῦ
1504 3598 1638 3667 προς
1693 3596 1893 3666 ἀρετὴν

331 3695 566 3760 ἀσκῆσαι
611 3691 710 3760 τὴν
760 3690 1010 3759 γνώμην,
1070 3689 1162 3742 τοῦ
1193 3688 1471 3757 δευτέρου,
1529 3688 1672 3751 λέγω
1706 3687 1768 3753 δὴ
1797 3688 1895 3751 τῆς

332 3780 674 3849 ἀνθρωπείας
704 3778 965 3845 σπουδῆς,
1000 3778 1153 3830 οὐδὲν
1180 3776 1308 3830 ἄλλο
1345 3776 1542 3844 γένοιτ’
1570 3776 1635 3829 ἂν
1666 3776 1824 3843 ἔργον
1860 3774 1892 3845 ἢ

332 3875 396 3922 τὰ
428 3870 645 3923 δοθέντα
681 3869 854 3923 σῶσαι
892 3871 984 3923 καὶ
1022 3869 1095 3938 μὴ
1126 3868 1415 3937 προδοῦναι
1461 3867 1553 3919 τὸν
1584 3867 1855 3936 θησαυρόν
1876 3882 1892 3899 ο

330 3963 575 4014 λείπεται
608 3961 671 4030 δὴ
702 3962 870 4032 μόνην
892 3962 1131 4031 χορηγὸν
1165 3962 1299 4030 ἡμῖν
1334 3959 1437 4012 τῶν
1464 3960 1686 4026 ἀγαθῶν
1724 3960 1898 4013 ἀπάν-

330 4074 436 4108 των
463 4055 560 4123 τὴν
584 4054 692 4105 τῶν
722 4054 1039 4123 μυστηρίων
1066 4053 1297 4120 δύναμιν
1327 4047 1484 4105 εἶναι.
1517 4054 1623 4105 Καὶ
1659 4052 1764 4123 μὴν
1788 4052 1895 4104 τῶν

330 4146 563 4199 τελετῶν
618 4145 782 4214 ἄλλης
833 4144 932 4215 μὲν
994 4143 1154 4214 ἔργον
1193 4142 1320 4198 ἄλλο
1378 4161 1454 4209 τι,
1491 4142 1811 4215 [Ινεύματος
1838 4142 1895 4196 δὲ

333 4241 425 4290 καὶ
453 4238 562 4291 τῶν
600 4237 807 4289 ἐκείνου
865 4236 1253 4307 μετειληφέναι
1274 4236 1463 4308 δώρων
1486 4238 1578 4290 τοῦ
1613 4236 1897 4304 πακθαγοῦς

333 4330 630 4399 ἐξήρτητιι
670 4328 840 4398 μύρου
861 4344 876 4360 ο
907 4328 994 4381 διὰ
1025 4327 1197 4380 ταῦτα
1227 4326 1328 4381 κᾶν
1358 4328 1432 4395 μὴ
1463 4328 1594 4396 παρ’
1620 4329 1781 4382 αὑτὸν
1804 4328 1895 4382 τὸν

332 4421 430 4488 τῆς
461 4418 681 4488 τελετῆς
710 4418 924 4488 χρόνον,
961 4417 1183 4485 ὕστερον
1210 4418 1265 4469 δὲ
1308 4418 1488 4489 πολλῷ
1519 4420 1897 4487 πνευματικὴν

334 4510 533 4580 δυνηθῇ
587 4527 670 4571 τις
726 4509 1096 4573 ἐπιδείξασθαι
1129 4509 1359 4579 δωρεὰν,
1393 4510 1453 4563 οὐ
1481 4509 1562 4562 δεῖ
1589 4510 1686 4577 τὴν
1716 4512 1896 4563 αἰτίαν

2006 3317 2472 3387 consanguineos,
2514 3328 2568 3371 et
2617 3316 2959 3370 cruciatuutn
3009 3331 3145 3385 quos
3198 3316 3482 3378 sustinuit,
3521 3327 3577 3370 et

1996 3413 2317 3477 gratiarum.
2346 3425 2481 3476 quas
2515 3418 2739 3479 propter
2768 3424 2991 3464 carnem
3017 3409 3252 3477 aetepit,
3282 3410 3493 3477 pattici;
3518 3427 3577 3463 es

1997 3502 2259 3556 eﬂiciuut.
2303 3500 2439 3555 Cum
2481 3502 2630 3554 cnim
2666 3503 2772 3555 duo
2808 3502 2942 3565 sint,
2984 3516 3109 3568 quae
3162 3501 3409 3555 homines
3468 3504 3575 3555 Deo

1990 3595 2393 3660 commendent,
2415 3606 2469 3648 et
2491 3595 2692 3665 quibus
2727 3604 2835 3650 tota
2869 3597 3015 3650 salus
3047 3597 3285 3650 humana
3320 3596 3569 3658 fulcitur,

1994 3686 2223 3739 alterum
2256 3695 2314 3738 ut
2350 3688 2625 3755 mysteriis
2658 3687 3051 3741 sacratissimis
3083 3687 3363 3741 iuitiemur
3388 3728 3403 3753 ,
3437 3689 3573 3742 alte-

1996 3793 2139 3840 rum,
2175 3787 2229 3830 ut
2258 3778 2501 3830 animum
2529 3777 2594 3831 ad
2627 3778 2878 3832 virtutem
2916 3778 3279 3847 appellamus,
3308 3780 3571 3841 humana,

2005 3869 2228 3937 inquam
2262 3907 2275 3929 ,
2310 3868 2615 3938 diligentia,
2652 3871 2792 3923 nihil
2823 3871 2967 3924 aliud
3007 3887 3144 3941 opus
3192 3871 3374 3935 fuerit,
3407 3886 3571 3940 quam

1996 3962 2120 4014 data
2151 3976 2403 4024 servare,
2435 3969 2490 4016 et
2530 3961 2847 4015 thesmtrum
2915 3978 3018 4015 non
3082 3961 3330 4030 prodere.
3388 3960 3564 4014 llelin-

1996 4052 2183 4121 quitur
2217 4067 2373 4123 ergo,
2418 4052 2590 4106 solam
2623 4054 3004 4123 mysteriorum
3037 4054 3290 4107 virtutem
3325 4054 3568 4106 omnium

1997 4143 2266 4198 bonorum
2300 4142 2457 4196 nobis
2492 4142 2822 4213 largitricem
2856 4158 3000 4197 esse.
3027 4141 3185 4211 Atqui
3212 4142 3405 4197 horum
3432 4143 3571 4196 alius

1995 4234 2218 4291 eiii-ctus
2256 4242 2309 4289 et
2368 4250 2507 4303 opus
2566 4244 2669 4299 est,
2705 4234 2943 4304 Spiritus
3005 4234 3258 4303 illiusque
3306 4235 3572 4288 donorum

1997 4326 2315 4381 communio
2346 4340 2372 4377 a
2404 4327 2756 4380 sanctissima
2789 4327 3044 4380 unctione
3078 4330 3293 4395 ρριιιῑεῑ.
3345 4326 3575 4385 Idcirco,

2002 4419 2223 4472 tametsi
2257 4433 2364 4471 non
2402 4419 2520 4486 ipso
2561 4418 2891 4471 iuitiatiouis
2937 4425 3203 4487 tempore,
3259 4420 3353 4473 sed
3406 4420 3577 4471 multo

1998 4518 2143 4578 post,
2177 4509 2464 4577 Spirituale
2499 4509 2704 4562 donum
2737 4508 2802 4562 ad
2836 4524 2948 4561 rem
2980 4507 3233 4562 conferre
3264 4510 3389 4575 quis
3422 4522 3578 4578 pole-

335 4606 424 4655 καὶ
607 4604 639 4671 ἡ
664 4602 896 4670 δύναμις
925 4603 1161 4669 ἀγνοεῖν.
1210 4578 1365 4654 Ἐπεὶ
1398 4605 1495 4657 καὶ
1522 4605 1548 4655 ὁ
1582 4603 1674 4657 τοῦ
1703 4602 1894 4672 βαπτί-

2004 4604 2091 4666 rit,
2121 4600 2473 4653 nihilominus
2497 4614 2746 4660 causam,
2772 4608 2827 4652 et
2862 4599 3004 4652 unde
3034 4600 3202 4653 robur
3233 4599 3387 4660 illud,
3425 4600 3578 4665 igno-

336 4711 541 4761 σματος
602 4694 881 4762 φωτισμὸς
931 4695 1134 4746 ἐνίεται
1187 4695 1285 4762 μὲν
1349 4695 1511 4757 εὐθὺς
1545 4696 1901 4763 λουσαμένων

335 4789 452 4847 ταῖς
489 4784 598 4836 τῶν
650 4784 991 4851 τελουμένων
1036 4784 1257 4853 ψυχαῖς,
1311 4783 1431 4837 ἔστι
1489 4786 1545 4838 δὲ
1599 4784 1900 4852 τηνικαῦτα

335 4878 483 4939 δῆλος
511 4877 570 4929 οὐ
603 4877 788 4938 πᾶσιν,
815 4875 978 4937 ἐνίοις
1009 4876 1065 4928 δὲ
1100 4876 1208 4929 τῶν
1242 4877 1549 4930 σπουδαίων
1593 4878 1680 4929 διὰ
1708 4879 1901 4948 χρόνον

336 4966 584 5033 φαίνεται
614 4963 799 5033 ἱδρῶσι
834 4963 1048 5027 πολλοῖς
1072 4966 1169 5017 καὶ
1204 4964 1387 5026 πόνοις
1417 4966 1512 5019 καὶ
1555 4967 1621 5035 τῇ
1649 4967 1781 5037 περὶ
1815 4967 1903 5018 τὸν

335 5057 570 5126 ’Χριστὸν
599 5056 787 5126 ἀγάπῃ
813 5056 904 5107 τὸν
930 5054 1029 5123 τῆς
1050 5055 1231 5124 ψυχῆς
1262 5054 1571 5124 καθάρασιν
1599 5056 1898 5125 ὀφθαλμὸν,

334 5149 419 5201 διὰ
453 5146 613 5199 τοῦτο
660 5145 721 5198 τὺ
779 5144 953 5215 μύρον
983 5145 1290 5214 προσευχῆς
1345 5144 1442 5213 μὲν
1473 5140 1610 5198 οἴκοι
1644 5146 1779 5217 πρὸς
1803 5146 1901 5209 τὰς

336 5237 501 5308 εὐχὰς
535 5238 663 5306 ἡμῖν
690 5234 969 5306 βοηθοῦσι.
999 5236 1294 5306 Χριόμενοι
1324 5236 1433 5305 γὰρ
1471 5236 1548 5304 τῷ
1578 5236 1736 5306 μύρῳ
1754 5237 1901 5291 τοῦτ’

335 5327 468 5380 αὐτὸ
516 5325 762 5394 γίνονται
798 5326 931 5395 ἡμῖν
973 5326 1001 5378 δ
1045 5325 1357 5392 καλοῦνται,
1387 5325 1525 5379 διότι
1571 5327 1632 5378 τὸ
1664 5327 1901 5381 κενωθὲν

340 5420 509 5489 μύρον
566 5419 916 5487 παράκλητος
970 5420 1103 5489 ἡμῖν
1155 5421 1274 5472 ἐστι
1328 5419 1464 5487 πρὸς
1492 5420 1585 5471 τὶν
1639 5418 1771 5471 Θεὸν
1806 5420 1900 5472 καὶ

338 5512 555 5578 Πατέρα
587 5509 655 5562 δι’
710 5508 841 5561 αὐτὸ
874 5508 1052 5573 τοῦτο,
1090 5511 1173 5561 ὅτι
1207 5508 1507 5562 κεκένωται
1541 5509 1638 5561 καί⁸
1686 5508 1897 5577 χρίσμα

338 5605 552 5670 γέγονε,
591 5605 684 5656 καὶ
722 5602 881 5672 μέχρι
906 5601 1005 5670 τῆς
1031 5601 1245 5669 φύσεως
1273 5601 1437 5671 ἐχέθη
1470 5602 1568 5670 τῆς
1603 5601 1898 5671 ἡμετέρας.

338 5692 419 5745 Τὰ
441 5692 804 5762 θυσιαστήρια
827 5691 884 5744 δὲ
920 5691 1014 5762 τὴν
1039 5690 1132 5745 τοῦ
1159 5693 1407 5763 Σωτῆρος
1434 5693 1685 5762 μιμεῖται
1716 5692 1894 5759 χεῖρα,

416 5877 458 5908 ³⁸
489 5875 504 5927 ι
537 5875 660 5928 Cor.
692 5891 780 5938 κν,
824 5874 908 5926 Η.

2005 4706 2126 4742 rare
2167 4705 2272 4741 non
2316 4689 2591 4744 convenit.
2639 4688 2774 4741 Nam
2829 4700 2881 4740 et
2938 4689 3190 4755 baptismi
3243 4689 3575 4741 illutuina'io

2009 4798 2074 4833 ιιιι
2102 4797 2129 4833 x
2169 4780 2388 4848 quidem
2442 4780 2751 4832 ahltttorum
2790 4778 3081 4831 animabus
3130 4780 3488 4842 immittitur;
3526 4791 3580 4835 at

2008 4890 2112 4927 non
2154 4885 2281 4926 tunc
2318 4873 2385 4924 ah
2418 4871 2675 4923 omnibus
2724 4869 2991 4931 cernitur,
3038 4869 3133 4923 sed
3180 4884 3208 4923 a
3249 4871 3575 4937 quihusdam

2010 4969 2192 5038 prohis
2243 4958 2367 5036 post
2420 4964 2767 5018 intervallum
2817 4966 3191 5030 ceguoscitur,
3240 4966 3332 5031 qui
3396 4966 3579 5020 multis

2007 5059 2301 5115 sudoribus
2333 5066 2388 5111 et
2415 5055 2715 5119 laboribus,
2748 5064 2804 5109 et
2837 5054 3109 5109 charltate
3142 5070 3267 5121 erga
3306 5055 3577 5111 Christu‘n

2008 5150 2228 5205 oculum
2253 5148 2449 5201 anima:
2475 5155 2893 5215 perpurgarunt.
2927 5146 3159 5215 Pr0pter
3186 5144 3343 5198 istam
3373 5149 3582 5201 unctio-

2012 5258 2133 5298 nnm
2194 5243 2393 5298 domus
2433 5241 2694 5295 orationis
2726 5240 2792 5294 ad
2821 5255 3013 5308 preces
3036 5241 3194 5296 nobis
3224 5241 3578 5295 auxiliantur.

2011 5333 2199 5390 Uncttc
2230 5334 2376 5386 enim
2402 5339 2679 5401 unguento
2723 5331 2827 5385 hoc
2857 5330 3033 5392 ipsum
3066 5331 3227 5384 nobis
3254 5332 3411 5388 ﬁunt.
3435 5332 3578 5397 quod

2009 5431 2298 5485 vocantur,
2362 5422 2626 5490 quoniam
2676 5420 2906 5475 eﬂ‘usum
2960 5427 3315 5490 unguentum,
3348 5419 3580 5473 advoca-

2010 5525 2122 5570 tum
2154 5523 2238 5569 est
2267 5513 2425 5567 nobis
2449 5513 2588 5582 apud
2624 5511 2791 5567 Deum
2825 5521 2879 5567 et
2909 5511 3147 5572 Patrem,
3180 5519 3233 5563 et
3262 5510 3333 5564 ob
3358 5510 3460 5563 hoc
3500 5510 3581 5577 ip-

2008 5619 2151 5664 sum,
2192 5602 2335 5671 quod
2366 5602 2599 5655 cﬂ‘usum
2641 5610 2742 5667 est,
2778 5610 2832 5654 et
2860 5601 3099 5655 chrisma
3137 5597 3362 5659 factum,
3392 5606 3445 5652 et
3487 5614 3584 5652 us-

2008 5711 2112 5766 quo
2144 5693 2207 5747 ad
2241 5692 2475 5746 animam
2501 5705 2741 5747 nosu'am
2767 5692 2998 5745 effusum
3036 5698 3137 5744 est.
3167 5688 3372 5743 Altaria
3398 5697 3581 5744 autem
