4030 6510
1306 480 1401 537 DE
1448 480 1617 537 VITA
1658 479 1737 540 IN
1777 481 2113 541 CHRISTI)
2150 483 2296 545 LIB.
2356 483 2453 546 IV-

3388 484 3420 545 5

3424 484 3458 546 8

3461 482 3494 544 2

736 791 1131 920 ΠΕΡΙ
1208 734 1550 966 ΤΗΣ
1628 796 1836 921 EN
1893 797 2512 924 ΧΡΙΣΤΩ
2585 794 3030 922 ΖΩΗΣ

1355 1037 1721 1125 ,ΛΟΓΟΣ
1811 1041 2396 1126 ΤΕΤΑΡΤΟΣ.

1098 1208 1231 1261 Τίνα
1267 1211 1627 1261 συντέλειαν
1660 1207 1813 1275 αὐτῇ
1848 1207 2099 1262 δίδωσιν
2134 1212 2168 1277 ἡ
2209 1212 2335 1278 ἱερὰ
2362 1211 2661 1265 κοινωνία.

1066 1463 1262 1588 DE
1326 1465 1716 1592 VITA
1797 1467 1963 1590 IN
2022 1466 2716 1593 CIIRISTO

1377 1719 1726 1806 [ABER
1807 1720 2398 1826 QUARTUS.

910 1900 1109 1976 Quam
1143 1890 1200 1961 ei
1229 1901 1722 1962 commoditatem
1746 1901 1963 1979 pariat
2013 1910 2415 1962 sacrosancta
2465 1902 2850 1963 Communia.

347 2144 503 2198 Μετὰ
553 2142 607 2194 δὲ
651 2142 715 2195 :2;
737 2144 906 2213 μῦρον
932 2144 1020 2195 ἐπὶ
1044 2144 1141 2213 τὴν
1164 2144 1441 2215 τράπεζαν
1472 2140 1646 2215 εἶμεν,
1681 2147 1837 2199 τοῦτο
1867 2154 1908 2205 Α

272 2235 372 2302 τῆς
405 2233 549 2301 ζωῆς
578 2233 639 2284 τὸ
682 2236 875 2301 πέρας,
897 2227 959 2287 οὗ
1016 2235 1326 2301 γενομένοις
1356 2235 1568 2298 οὐδενὸς
1594 2237 1695 2306 ἤδη
1722 2236 1845 2304 δεή-

279 2340 362 2374 σει
398 2324 533 2389 πρὶς
562 2322 658 2391 τὴν
712 2323 1049 2392 ζητουμένην
1100 2324 1464 2394 εὐδαιμονίαν.
1499 2328 1695 2379 Οὐκέτι
1741 2329 1848 2396 γὰρ

276 2413 506 2467 θάνατον
541 2416 629 2483 καὶ
662 2415 830 2480 τάφον
862 2417 957 2468 καὶ
1007 2414 1152 2484 ζωῆς
1203 2417 1487 2484 ἀμείνονος
1543 2418 1845 2483 κοινωνίαν,

276 2505 393 2556 ἀλλ’
422 2504 581 2556 αὑτὸν
603 2504 849 2557 ἐντεῦθεν
886 2505 1221 2575 κομιζόμεθα
1250 2506 1342 2559 τὸν
1395 2507 1722 2571 ἀναστάντα,
1755 2509 1848 2561 οὐ·

278 2594 335 2646 δὲ
366 2594 470 2646 τῶν
503 2593 597 2646 τοῦ
636 2593 951 2664 Πνεύματος
985 2594 1193 2667 δώρων,
1239 2597 1338 2648 ὅσα
1381 2596 1563 2648 λαϐεῖν
1614 2596 1847 2664 ἔξεστιν,

279 2688 394 2740 ἀλλ’
429 2686 588 2739 αὐτον
614 2688 706 2740 τὸν
738 2688 1055 2756 εὐεργέτην,
1086 2688 1177 2740 τὸν
1212 2688 1349 2741 νεὼν
1399 2690 1581 2750 αὑτὸν,
1683 2693 1788 2754 πᾶς
1822 2693 1851 2745 ὁ

220 2774 229 2785 ’
282 2777 391 2830 τῶν
411 2776 647 2845 χαρίτων
677 2776 884 2847 ἵδρυται
914 2776 1132 2840 κῦκλος.
1168 2778 1323 2831 Ἐστι
1356 2779 1454 2847 μὲν
1476 2781 1583 2849 γὰρ
1612 2781 1695 2848 ἐφ’
1724 2781 1852 2849 εκά-

285 2886 397 2937 στῳ
438 2869 543 2922 τῶν
575 2869 907 2939 μυστηρίων,
945 2870 1039 2921 καὶ
1068 2869 1255 2923 τοῦτον
1284 2869 1444 2922 αὐτὸν
1495 2874 1586 2924 καὶ
1625 2873 1849 2941 χριόμε-

286 2958 355 3011 θα
389 2959 482 3011 καὶ
513 2958 776 3032 λιύμεϐα,
810 2961 903 3012 καὶ
933 2953 1086 3022 οὗτος
1117 2961 1246 3029 ἡμῖν
1279 2961 1338 3014 τὸ
1367 2962 1577 3013 δεῖπνον
1599 2981 1612 2996 ο
1637 2964 1850 3017 σύνεστι

285 3051 342 3103 ίὲ
370 3055 480 3114 τοῖς
510 3054 877 3121 τελουμένοις,
908 3053 1000 3105 καὶ
1026 3055 1130 3106 τῶν
1163 3054 1327 3106 αὐτοῦ
1384 3056 1753 3123 μεταδίδωσιν,
1791 3058 1850 3111 οὐ

286 3143 378 3196 τὸν
404 3143 563 3196 αὐτὸν
595 3145 652 3196 ἐν
675 3144 848 3197 ἅπασι
898 3130 1118 3215 τρὸιτον,
1144 3146 1280 3200 ἀλλὰ
1313 3147 1482 3200 λούων
1507 3147 1607 3216 μὲν
1657 3155 1853 3212 κακίας

287 3236 384 3288 τὸν
414 3234 582 3304 πηλὸν
608 3234 939 3290 ἀπαλλάττει
1000 3238 1093 3291 καὶ
1157 3239 1254 3309 τὴν
1308 3238 1521 3309 μορφὴν
1581 3240 1853 3309 ἐντίθησιν

287 3329 438 3398 αὐτῷ
467 3329 564 3399 τὴν
593 3328 779 3396 αὑτοῦ,
815 3329 985 3399 χρίων
1010 3329 1067 3382 δὲ
1095 3330 1316 3401 ἐνεργὸν
1346 3334 1580 3385 ποιεῖται
1632 3333 1730 3396 τὰς
1759 3332 1852 3386 τοῦ

287 3422 603 3493 Πνεύματος
629 3422 928 3492 ἐνεργείας,
964 3417 1039 3476 ὧν
1070 3424 1231 3485 αὐτὸς
1255 3425 1472 3490 ἐγένετο
1503 3425 1598 3495 τῆς
1655 3427 1855 3496 σαρκὸς

2029 2144 2160 2198 Post
2215 2158 2429 2198 sacram
2464 2141 2778 2197 unctionem
2835 2142 2902 2195 ad
2965 2150 3208 2197 sanctam
3271 2158 3515 2200 mensam

1949 2237 2349 2308 progredimur,
2382 2251 2502 2305 qum
2539 2235 2662 2289 vitre
2695 2234 2879 2304 hujus,
2903 2233 2971 2289 de
2996 2250 3102 2305 qua
3130 2235 3363 2305 agimus,
3396 2236 3517 2290 linis

1947 2346 2009 2383 ac.
2038 2337 2176 2381 meta
2228 2336 2361 2393 est;
2420 2343 2583 2396 quam
2635 2343 2760 2381 cum
2817 2327 3179 2394 attigerimus,
3231 2327 3365 2381 nihil
3405 2329 3516 2397 jam

1951 2420 2107 2474 nobis
2136 2420 2201 2473 ad
2234 2418 2517 2488 quaesitam
2559 2427 2612 2470 et
2655 2426 2894 2485 Optatam
2956 2416 3270 2472 felicitatem
3324 2418 3516 2471 deerit.

1951 2511 2065 2564 Non
2098 2509 2335 2579 amplius
2360 2510 2557 2578 quippe
2581 2518 2835 2572 mortem,
2869 2517 2921 2562 et
2951 2509 3289 2576 sepulcrum.
3324 2517 3377 2567 ct
3407 2524 3521 2562 tne-

1951 2599 2101 2653 lioris
2134 2600 2256 2652 vitae
2283 2597 2757 2658 communitatem,
2810 2597 2905 2651 sed
2944 2596 3126 2665 ipsum
3179 2596 3272 2665 qui
3336 2611 3521 2651 resur-

1950 2693 2123 2755 rexit;
2149 2706 2323 2761 neque
2343 2690 2609 2744 donorum
2636 2688 2869 2758 Spiritus
2894 2698 3154 2757 quantum
3179 2690 3295 2760 capi
3325 2698 3521 2758 potest,

1950 2784 2043 2837 sed
2076 2786 2252 2846 ipsum
2292 2781 2721 2845 betwi‘actorem,
2776 2784 3037 2853 templum
3073 2783 3277 2852 ipsum,
3326 2786 3378 2837 in
3410 2799 3521 2852 quo

1955 2885 2099 2929 totus
2148 2875 2449 2943 gratiarum
2507 2874 2660 2929 orbis
2700 2875 2839 2928 situs
2865 2886 2969 2940 est,
3024 2875 3151 2929 inde
3201 2875 3524 2945 accipimus.

1953 2969 2046 3022 Est
2073 2967 2217 3020 enim
2252 2966 2304 3019 in
2335 2981 2663 3035 unoquoque
2691 2968 2968 3037 mysterio,
2993 2978 3045 3022 et
3080 2969 3132 3022 in
3159 2968 3301 3022 hunc
3321 2969 3523 3037 ipsum,

1954 3070 2015 3115 ut
2054 3060 2127 3114 ita
2171 3062 2373 3125 dicam,
2408 3061 2771 3127 nngimnr'et
2813 3060 3087 3114 abluimur
3124 3078 3138 3114 :
3180 3075 3301 3123 seu,
3344 3061 3530 3114 unctio

1954 3161 2008 3205 et
2033 3151 2238 3207 ablutio
2265 3161 2452 3205 nostra
2488 3152 2605 3221 ipse
2637 3158 2740 3217 est,
2774 3159 2826 3205 et
2858 3150 3001 3205 idem
3044 3151 3160 3220 ipse
3191 3151 3350 3204 nobis
3373 3165 3531 3205 creua

1956 3254 2064 3300 est.
2098 3244 2267 3299 Adest
2298 3254 2479 3299 autem
2513 3244 2598 3298 his
2624 3243 2717 3313 qui
2755 3242 3070 3305 initiantur,
3106 3258 3315 3311 simque
3352 3243 3404 3296 in
3434 3257 3532 3297 eos

1966 3337 2077 3391 illis
2126 3352 2353 3390 munera
2401 3334 2641 3403 confert;
2685 3349 2792 3389 non
2847 3350 2978 3389 sane
3027 3336 3214 3389 eodem
3258 3334 3424 3389 modo
3475 3335 3530 3388 in

1960 3441 2178 3492 omnes,
2211 3427 2304 3479 sed
2334 3427 2561 3479 abluens
2586 3426 2758 3479 lutum
2796 3425 3053 3479 vitiorum
3086 3425 3248 3489 tollit,
3280 3440 3335 3479 et
3370 3425 3531 3479 abiu-

287 3514 449 3566 ἒνεκα
479 3514 769 3584 θησαυρός.
811 3514 1059 3569 Ἐπειδὰν
1086 3515 1143 3569 δὲ
1167 3518 1259 3571 ἐπὶ
1286 3516 1383 3587 τὴν
1412 3517 1692 3587 τράπεζαν
1716 3520 1850 3587 ἀγάο
1884 3505 1904 3566 I

1967 3531 2015 3571 ιο
2061 3517 2289 3572 formam
2348 3532 2504 3572 suam
2540 3517 2791 3588 imponit;
2834 3534 3041 3588 ungens
3092 3529 3297 3580 autem,
3322 3518 3373 3572 in
3405 3534 3534 3588 ope-

290 3623 364 3677 γῃ
389 3608 484 3659 καὶ
532 3606 607 3677 δῷ
641 3608 836 3677 φαγεῖν
881 3606 976 3660 τοῦ
1032 3606 1305 3678 σώματος,
1348 3608 1468 3662 ὅλον
1518 3610 1735 3678 ἀμείϐει
1769 3612 1859 3666 τὸν

289 3697 609 3751 τελεσθέντα
637 3701 732 3752 καὶ
765 3699 904 3769 πρὸς
934 3698 1033 3768 τὴν
1064 3699 1272 3753 οἰκείαν
1326 3700 1679 3770 μετατίθησιν
1726 3702 1859 3767 ἕξιν,

292 3793 385 3843 καὶ
412 3791 628 3861 ὀπηλὺς
662 3792 844 3843 οὐκέτι
887 3791 1077 3862 πηλὸς,
1137 3792 1196 3846 τὸ
1245 3791 1525 3861 βασιλικὸν
1575 3793 1862 3862 δεχόμενος

293 3877 453 3949 εἶδος,
485 3881 599 3934 ἀλλ’
652 3882 814 3947 αὐτὸς
847 3883 948 3956 ἤδη
983 3882 1140 3953 σῶμα
1199 3882 1296 3937 τοῦ
1332 3882 1618 3953 βασιλέως,
1674 3885 1862 3939 τούτου

300 3974 707 4044 μακαριώτερον
759 3975 881 4028 οὐδὲ
941 3975 1088 4029 ἔστιν
1139 3976 1534 4048 ἐνθυμηθῆναι.
1584 3978 1681 4033 Διὰ
1737 3979 1860 4033 τοῦ·

295 4082 356 4117 το
381 4067 473 4118 καὶ
506 4065 813 4120 τελευταῖον
839 4067 899 4120 τὸ
952 4069 1267 4137 μυστήριον,
1290 4070 1373 4122 ὅτι
1403 4071 1711 4139 περαιτέρω
1734 4088 1865 4139 7:90-

296 4159 470 4212 ελθεῖν
504 4159 604 4212 οὐκ
637 4158 783 4212 ἔστιν
810 4160 931 4213 οὐδὲ
966 4160 1283 4230 προσθεῖναι
1310 4177 1324 4191 ⁸
1354 4161 1415 4215 τὸ
1461 4162 1560 4232 μὲν
1583 4164 1691 4235 γὰρ
1718 4164 1870 4234 πρῶ·

297 4267 388 4302 τον
418 4248 576 4318 δῆλόν
608 4250 724 4303 ἐστι
752 4248 847 4302 τοῦ
874 4249 1040 4319 μέσου
1070 4250 1325 4321 δεόμενον
1351 4252 1443 4305 καὶ
1475 4253 1631 4307 τοῦτο
1658 4255 1751 4308 τοῦ
1785 4274 1872 4308 τε-
1916 4272 1919 4275 ·

298 4342 568 4394 λευταίου.
602 4341 753 4395 Μετά
792 4341 973 4411 δὲτὴν
1011 4343 1362 4413 εὐχαριστιαν
1425 4344 1527 4397 οὐκ
1580 4345 1726 4399 ἐστιν
1781 4353 1868 4419 ἐφ’

299 4433 326 4486 ὃ
350 4432 654 4503 χωροῦμεν,
686 4431 804 4485 ἀλλ’
833 4434 1065 4488 ἐνταῦθα
1091 4435 1172 4489 δεῖ
1204 4437 1437 4500 στάντας
1471 4442 1652 4495 ἐκεῖνα
1682 4438 1874 4515 πειρᾶ-

303 4526 426 4580 σθαι
470 4529 714 4590 σκοπεῖν,
749 4527 819 4580 δι’
850 4521 925 4582 ὧν
976 4527 1044 4582 ἂν
1094 4529 1305 4597 γένοιτο
1351 4532 1522 4587 σῶσαι
1553 4535 1644 4587 διὰ
1688 4537 1874 4604 τέλους

300 4618 391 4670 τὸν
427 4618 721 4689 Θησαυρόν.
758 4618 869 4671 Καὶ
891 4622 1074 4672 τοίνυν
1100 4621 1540 4693 βαπτισαμένους
1572 4627 1631 4678 τὸ
1665 4629 1873 4697 μυστή-

308 4725 418 4777 ριον
448 4709 547 4778 μὲν
578 4707 645 4761 τὰ
672 4710 838 4762 αὐτοῦ
880 4711 1028 4780 ἡμᾶς
1060 4712 1356 4781 εἰργάσατο
1383 4716 1558 4773 πάντα
1580 4734 1595 4750 ο
1625 4720 1787 4788 ἡμεῖς
1818 4718 1875 4770 δὲ

303 4801 520 4862 τελείως
561 4799 640 4852 ἔτι
668 4800 859 4870 δέομεν
905 4800 1069 4869 ἔχειν.
1096 4802 1261 4856 Οὔπω
1295 4806 1402 4873 γὰρ
1455 4807 1522 4859 τὰ
1571 4807 1721 4877 δῶρα
1777 4810 1871 4863 τοῦ

305 4890 457 4958 ἁγίου
483 4892 818 4958 Πνεύματος,
853 4892 889 4945 ἃ
921 4893 1013 4945 τοῦ
1041 4896 1318 4962 πακθαγοῦς
1351 4896 1643 4969 ἐξήρτηται
1672 4900 1866 4970 μύρου.

305 4981 426 5041 τοῖς
455 4980 564 5049 γὰρ
601 4981 705 5032 ὑπὸ
736 4980 829 5033 τοῦ
860 4981 1125 5037 Φιλίππου
1151 4983 1576 5054 βαπτισαμένοις
1605 4990 1666 5041 οὐ
1698 5006 1867 5057 προσ-

306 5073 370 5141 ῆν
400 5058 617 5136 οὐδέπω
642 5072 700 5124 τὸ
725 5073 947 5140 Πνεῦμα
984 5074 1045 5126 τὺ
1077 5075 1233 5142 ἆγιον
1280 5077 1388 5131 τῶν
1438 5079 1674 5147 χαρίτων
1713 5081 1873 5135 ἕνεκα

305 5161 533 5225 τούτων,
564 5160 679 5214 ἀλλ’
712 5162 932 5230 ἐδέησεν
965 5162 1107 5234 ὑπὲρ
1148 5166 1335 5218 τούτου
1359 5166 1467 5218 τῶν
1510 5168 1753 5222 Ἰωάννου
1783 5173 1874 5223 καὶ

308 5252 513 5322 Πέτρου
539 5255 773 5322 χειρῶν.
812 5274 829 5306 ι
859 5253 1025 5308 Οὔπω
1064 5257 1192 5325 γὰος
1215 5252 1303 5326 ἦν,
1357 5262 1541 5327 φησιν.
1577 5262 1664 5312 ἐπ’
1698 5263 1876 5316 οὐδενὶ

309 5336 489 5395 αὐτῶν
519 5343 923 5412 ὲπιπεπτωκὸς,
954 5345 1112 5416 μόνον
1140 5347 1195 5400 δὲ
1249 5347 1671 5421 βεϐαπτισμένοι
1736 5347 1877 5423 ἦσαν

309 5425 393 5498 εἰς’
418 5436 479 5488 τὸ
506 5437 675 5505 ὄνομα
698 5438 790 5489 τοῦ
824 5438 1029 5509 Κυρίου
1074 5439 1274 5511 Ἰησοῦ.
1298 5442 1430 5495 Τότε
1463 5444 1746 5497 ὲπετίθουν
1775 5446 1877 5508 τὰς

310 5532 496 5599 χεῖρας
530 5532 615 5580 ἐπ’
649 5530 848 5592 αὐτοὺς
888 5532 982 5583 καὶ
1015 5532 1320 5604 ἐλάμϐανον
1370 5536 1593 5605 Πνεῦμα
1636 5536 1815 5603 ἅγιον.
1854 5556 1873 5587 ι

311 5623 422 5674 Καὶ
451 5622 639 5673 τούτου
668 5622 723 5674 δὲ
753 5623 1006 5691 τυχόντες
1035 5627 1132 5678 καὶ
1163 5627 1262 5697 τῆς
1289 5627 1514 5697 τελετῆς
1533 5629 1635 5697 τὴν
1685 5629 1883 5699 ἑαυτῆς

311 5713 541 5784 δύναμιν
574 5715 649 5777 ἐν,
687 5717 818 5786 ἡμῖν
871 5716 1309 5788 ἐπιδειξαμένης,
1343 5721 1440 5789 τὴν
1474 5721 1572 5789 μὲν
1636 5720 1880 5774 δοθεῖσαν

314 5808 508 5877 ἔχομεν
532 5808 712 5876 χάριν,
743 5807 910 5861 τᾶλλα
938 5808 992 5861 δὲ
1023 5810 1082 5862 οὐ
1116 5811 1254 5864 πάνυ
1287 5813 1608 5885 συμὸαξνειν
1666 5813 1877 5882 ἀνάγκη

384 5925 430 5955 ¹¹
468 5924 594 5978 Act.
623 5937 740 5987 Vttt,
784 5922 962 5979 I647.

1900 4845 1944 4904 (ἶ

1963 3608 2114 3661 ribus
2164 3606 2403 3676 Spiritus
2453 3607 2626 3660 sancti
2661 3616 2948 3662 actuosum
2975 3623 3038 3662 ac
3074 3616 3358 3662 strenuum
3381 3606 3533 3672 facit,

1963 3714 2197 3767 quorum
2235 3699 2350 3767 ipse
2380 3708 2601 3765 propter
2629 3712 2850 3751 carnem
2901 3699 3076 3753 factus
3103 3707 3185 3754 est
3220 3698 3534 3753 thesaurus.

1965 3790 2260 3857 Postquam
2299 3802 2428 3841 vero
2476 3788 2748 3843 lnitiatum
2821 3789 2888 3843 ad
2930 3804 3195 3853 mensam,
3233 3789 3299 3843 ad
3336 3803 3535 3858 corpo-

1965 3883 2042 3934 ris
2077 3878 2331 3933 videlicet
2356 3879 2440 3932 sui
2474 3878 2613 3931 dona
2652 3878 2985 3933 comedenda
3018 3877 3331 3942 adduxerit,
3364 3887 3535 3931 totum

1968 3970 2243 4034 immutat,
2270 3977 2328 4023 et
2359 3968 2416 4023 in
2446 3969 2699 4023 habitum
2741 3984 2901 4023 suum
2943 3967 3232 4035 transfert,
3263 3984 3329 4022 ac
3360 3971 3535 4023 lutum

1968 4063 2035 4116 de
2066 4069 2266 4114 extero
2297 4075 2405 4114 non
2442 4060 2618 4114 lutum
2667 4058 2857 4130 (regali
2892 4059 3150 4113 nimirum
3207 4059 3380 4129 efﬁgie
3415 4075 3541 4114 sus-

1968 4154 2169 4223 cepta),
2229 4151 2324 4217 sed
2362 4151 2474 4222 jam
2515 4150 2694 4221 ipsius
2724 4151 2868 4219 regis
2895 4165 3094 4219 corpus
3121 4159 3223 4218 est,
3259 4167 3366 4220 quo
3408 4151 3540 4206 ben-

1972 4245 2080 4299 tius
2112 4247 2344 4315 cogitari
2396 4244 2532 4300 nihil
2571 4250 2773 4314 potest.
2824 4243 3196 4310 Quamobrem
3238 4256 3294 4299 et
3340 4253 3542 4316 myste-

1972 4338 2180 4391 riorum
2214 4346 2518 4392 extremum
2560 4344 2667 4399 est,
2708 4336 2975 4405 quoniam
3026 4335 3168 4390 ultra
3207 4350 3313 4390 non
3363 4351 3547 4404 proce-

1974 4433 2165 4485 ditur:
2226 4446 2327 4485 nec
2376 4430 2577 4500 apponi
2622 4431 2921 4500 quidquam
2975 4438 3172 4500 potest.
3199 4429 3420 4484 Clarum
3463 4441 3547 4485 est

1975 4523 2142 4585 enim,
2184 4520 2420 4590 primum
2457 4536 2615 4589 egere
2659 4521 2861 4585 medio,
2890 4521 3104 4586 ethoc,
3154 4528 3420 4573 extremo.
3477 4521 3547 4571 At

1978 4628 2103 4667 rcro
2132 4623 2251 4681 post
2283 4611 2690 4666 Eucltaristinm
2726 4611 2872 4664 haud
2926 4619 3176 4677 superest
3222 4623 3331 4677 quo
3362 4609 3551 4663 tenda-

1982 4720 2102 4758 mus
2127 4745 2142 4770 ,
2175 4719 2368 4757 verum
2403 4704 2489 4756 hic
2524 4703 2907 4763 consistentes,
2941 4702 3029 4753 illa
3060 4699 3335 4768 dispicere
3379 4714 3546 4769 Opur-

1981 4807 2076 4858 let.
2122 4812 2217 4866 per
2239 4812 2360 4866 qua:
2394 4796 2711 4849 thesaurum
2736 4794 2800 4846 ad
2829 4794 2985 4847 linem
3020 4807 3195 4860 usque
3221 4806 3547 4848 conservare
3574 4804 3577 4807 '

1980 4891 2280 4961 possimus.
2338 4886 2638 4957 Baptizatis
2691 4887 2854 4954 igitur
2925 4886 3082 4939 nobis
3139 4898 3545 4941 sacramentum

1981 4983 2113 5037 illud
2151 4997 2275 5053 qua:
2304 4981 2468 5036 debet
2498 4989 2719 5049 prastat
2751 4978 2932 5032 omnia
2989 4995 3004 5033 :
3041 4993 3142 5034 uos
3190 4988 3369 5034 tamen
3423 4997 3547 5047 per-

1983 5075 2111 5130 fecti
2149 5074 2392 5129 nondum
2426 5088 2640 5137 sumus.
2672 5072 2922 5124 Nondum
2954 5071 3153 5140 quippe
3199 5073 3339 5126 dona
3373 5073 3543 5126 sancti

1980 5166 2219 5235 Spiritus
2253 5166 2549 5224 habemus.
2584 5178 2704 5232 quze
2756 5177 2784 5214 a
2839 5163 3213 5216 sacratissimo
3271 5174 3550 5232 unguento

1981 5261 2237 5328 pendent.
2256 5257 2301 5309 A
2324 5255 2571 5326 Philippo
2596 5255 2739 5308 enim
2767 5253 3074 5323 liaptizatis,
3101 5242 3321 5324 propter
3344 5255 3551 5310 lieneli-

1979 5352 2123 5404 cium
2163 5352 2305 5405 istuc
2328 5349 2568 5403 nondum
2589 5346 2820 5415 Spiritus
2845 5357 3068 5401 sant-tus
3090 5349 3428 5415 contigerat;
3457 5346 3551 5399 sed

1981 5441 2207 5510 insuper
2235 5442 2382 5494 Petri
2419 5451 2471 5495 et
2498 5439 2725 5493 Joannis
2749 5439 3003 5494 manibus
3026 5455 3163 5509 opus
3202 5452 3345 5493 erat.
3375 5436 3555 5492 «Nou-

1978 5534 2107 5588 dum
2143 5533 2310 5599 enim,
2348 5533 2546 5601 inquit,
2575 5531 2812 5599 Spiritus
2834 5540 3053 5584 sanctus
3101 5531 3152 5584 in
3211 5544 3547 5599 quemquam

1982 5640 2173 5681 eorum
2206 5634 2448 5689 venerat,
2478 5623 2570 5677 sed
2602 5623 2855 5691 baptizatti
2883 5632 3092 5677 tantum
3144 5632 3300 5675 erant
3349 5623 3406 5675 in
3443 5641 3545 5676 nn-

1992 5717 2137 5771 tnine
2170 5717 2382 5771 Domini
2407 5715 2559 5771 Iesu.
2592 5712 2744 5768 Tunc
2772 5714 3123 5782 imponeliant
3162 5729 3355 5770 manus
3384 5732 3553 5782 super

1990 5811 2134 5875 illos,
2155 5806 2824 5877 elaceipiebantSpiritum
2853 5815 3099 5860 sanctum
3118 5807 3183 5861 “.
3214 5827 3232 5857 ι
3258 5807 3334 5862 Eo
3359 5809 3561 5879 :tdrpzo
