4030 6482
459 461 491 519 ῑο
506 460 572 519 8Ἱ

1708 458 2013 518 NlCOLil

2163 459 2380 518 B.\SlL
2410 457 2452 517 E
3630 461 3721 526 ΞΜ

456 585 514 630 et
549 572 856 628 initiatione
913 587 1068 627 suam
1119 572 1173 625 in
1230 571 1385 625 nnhis
1440 573 1694 627 virtutem
1743 582 2049 634 cxscrente,

2157 571 2233 641 τῷ
2270 573 2552 642 εἰεργέιη.
2578 572 2690 624 ἀλλ’
2715 570 2974 625 ἀδύνατον
3005 572 3191 625 οὐδέν*
3231 574 3390 627 ἐστιν
3424 569 3499 629 ὧν
3546 578 3630 630 καὶ
3654 579 3721 632 δί-

462 664 695 734 gratiam
766 661 981 731 quidem
1044 661 1227 715 datam
1284 671 1555 726 tenen.us,
1600 669 1800 717 caetera
1860 672 2041 717 autem

462 755 707 824 praestari
735 768 764 808 a
789 754 1134 807 benefactore
1165 769 1272 808 non
1332 755 1624 807 admolntn
1681 770 1909 809 necesse
1940 766 2043 810 est.

464 847 609 901 Fieri
641 846 787 901 enim
830 853 1030 912 potest,
1064 860 1167 899 nos
1198 847 1563 915 quorumdam
1595 861 1785 915 pmnas
1813 848 2042 912 debere;

463 955 564 993 nec
600 938 852 1005 prohibet
886 938 1213 1007 quidquam,
1249 947 1298 992 et
1340 938 1464 992 data
1515 954 1615 993 nos
1666 953 2044 1005 corrumpere,

462 1040 514 1087 et
547 1030 707 1086 ollicii
741 1045 1004 1085 numeros
1033 1046 1141 1083 non
1175 1030 1412 1098 explere.

533 1122 705 1192 Cujus
738 1122 812 1176 rei
846 1121 1001 1176 multi
1031 1129 1158 1176 sunt
1188 1130 1380 1187 testes,
1430 1133 1488 1176 et
1512 1122 1815 1181 Corinthiis
1843 1126 1893 1178 id
1921 1141 2051 1195 apo-

466 1215 624 1284 smlis
654 1214 951 1268 etiamnum
980 1213 1381 1276 vivis,aecidit.
1414 1213 1548 1267 Nam
1581 1231 1646 1267 ex
1683 1216 1764 1268 his
1797 1215 1887 1285 qui
1919 1216 2045 1284 Spi-

472 1308 579 1360 ritu
637 1316 793 1359 erant
842 1304 1006 1374 pleni,
1057 1305 1161 1374 qui
1228 1305 1654 1375 prophetahant,
1702 1308 1794 1375 qui
1843 1308 2048 1377 linguis

471 1398 862 1467 loquebantur,
916 1395 1148 1465 aliisque
1180 1398 1522 1453 ornamentis
1555 1399 1833 1464 conspicui
1866 1410 2045 1462 erant,

470 1497 683 1543 tantum
722 1496 901 1542 tamen
933 1488 1146 1548 aberat,
1185 1497 1245 1539 nt
1290 1503 1523 1556 prorsus
1569 1488 1738 1541 divini
1782 1498 1838 1544 et
1889 1490 2071 1563 spiris

468 1582 606 1636 tales
633 1587 837 1644 essent,
870 1589 927 1632 ut
961 1577 1187 1640 invidia,
1220 1579 1517 1632 ambitione
1545 1579 1878 1648 importuna.
1916 1597 2048 1634 ron-

471 1675 735 1734 tentione,
770 1682 824 1726 et
848 1670 1229 1738 hujuscemodi
1271 1670 1417 1724 vitiis
1449 1670 1782 1725 laborarent.
1821 1672 1885 1725 Et
1928 1673 2043 1726 haec

466 1764 576 1819 illis
602 1762 942 1831 exprobrans
975 1759 1200 1825 Paulus,
1243 1778 1261 1811 ι
1300 1761 1491 1815 Adhuc
1543 1764 1812 1827 carnales,
1853 1763 2047 1832 inquit,

2150 681 2252 726 κας
2282 664 2541 733 ὀφείλειν,
2571 666 2668 717 καὶ
2692 664 2847 717 οὐδὲν
2874 664 3073 718 κωλύει
3128 666 3188 718 τό
3219 683 3278 717 τε
3319 668 3611 739 μυστήριον
3637 687 3713 722 τεο

2147 755 2404 824 λεσθῆναι
2453 756 2548 809 καὶ
2576 756 2645 808 τά
2690 755 2914 809 δοθέντα
2970 757 3047 826 μὴ
3098 755 3408 828 διαφθεῖραι
3470 760 3561 813 καὶ
3617 760 3717 815 τῶν

2149 848 2378 903 δεόντων
2413 848 2679 913 ἐλλειπεῖς
2715 844 2876 905 εἶναι.

2222 1098 2439 1163 Τούτων
2464 1109 2653 1162 πολλοὶ
2689 1109 2997 1181 μάρτυρες,
3039 1112 3133 1165 καὶ
3173 1112 3483 1181 Κορινθίοις
3533 1112 3586 1167 δὲ
3636 1116 3722 1168 ἐπὶ

2147 1200 2254 1254 τῶν
2278 1201 2590 1253 ἀποστόλων
2621 1200 2818 1271 συνέϐη
2843 1217 2857 1231 ’
2890 1201 3000 1254 τῶν
3033 1201 3140 1272 γὰρ
3170 1201 3262 1254 τοῦ
3298 1201 3612 1270 Πνεύματος
3631 1206 3718 1269 γέ-

2153 1309 2342 1362 μοντες
2370 1296 2462 1345 καὶ
2495 1292 2958 1362 προφητεύοντες,
2996 1295 3087 1346 καὶ
3127 1292 3402 1361 γλώσσαις
3424 1293 3720 1357 λαλοῦντες,

2152 1386 2250 1438 καὶ
2272 1386 2444 1439 τᾶλλα
2474 1384 2914 1451 ἐπιδεικνύμενοι
2944 1385 3197 1440 τοσοῦτον
3249 1388 3479 1457 ἀπεῖχον
3519 1388 3720 1457 ἀμέλει,

2151 1477 2310 1541 θείως
2362 1476 2620 1544 καθάπαξ
2678 1479 2769 1530 καὶ
2808 1479 3200 1545 πνευματικῶς
3250 1479 3418 1548 ἔχειν,
3460 1478 3597 1533 ὥστε
3654 1478 3721 1550 μὴ

2151 1570 2340 1642 πὸρῤω
2375 1570 2677 1639 βασκανίας
2717 1572 2810 1623 καὶ
2840 1571 3150 1641 φιλοτιμίας
3204 1572 3442 1642 ἀκαίρου
3482 1572 3576 1627 καὶ
3616 1572 3721 1642 ἔρι-

2149 1662 2239 1723 δος
2288 1662 2381 1715 καὶ
2423 1662 2534 1715 τῶν
2583 1663 2841 1715 τοιούτων
2892 1664 3116 1716 ἑστάναι
3170 1665 3380 1717 κακῶν.
3427 1665 3535 1719 Καὶ
3560 1663 3718 1716 ταῦτα

2150 1756 2334 1818 αὐτοῖς
2364 1755 2658 1826 προφέρων
2698 1758 2727 1809 ὁ
2762 1756 2996 1821 Παῦλος,
3028 1775 3046 1807 ι
3072 1756 3362 1827 Σαρκικοὶ,
3396 1758 3581 1828 φησὶν,
3612 1757 3723 1809 ἐστὲ

466 1855 624 1919 estis,
687 1861 743 1908 et
800 1853 1103 1906 secundum
1139 1851 1414 1907 hominem
1477 1853 1771 1908 ambulatis
1820 1855 1920 1909 ³³.»
1958 1855 2050 1907 Λι-

2159 1849 2254 1899 καὶ
2285 1852 2426 1900 κατὰ
2456 1846 2744 1916 ἄνθρωπον
2793 1851 3145 1918 πἐριπατεϊτε
3168 1866 3181 1879 ο
3218 1867 3237 1899 ι
3271 1848 3456 1902 καίτοι
3490 1865 3723 1918 πνευμα-

467 1946 562 2013 qui
596 1943 911 2013 spirituales
933 1947 1109 2007 erant,
1140 1946 1285 2012 quod
1313 1944 1382 1998 ad
1413 1954 1618 2015 partem
1650 1947 1889 2016 aliquam
1920 1963 2043 2016 gra-

469 2039 670 2091 tiarum
710 2037 906 2090 attinet
936 2051 952 2102 ;
983 2036 1078 2091 sed
1112 2036 1217 2091 hoc
1246 2036 1325 2091 eis
1366 2039 1432 2091 ad
1478 2052 1695 2091 omnem
1745 2039 2043 2109 nequitiam

468 2146 533 2186 ex
563 2131 747 2184 anima
778 2128 1103 2198 ejiciendam
1136 2129 1364 2184 minime
1400 2128 1720 2185 snliieiebat.
1751 2131 1807 2184 ln
1837 2132 2050 2185 Eucha-

468 2223 623 2277 ristia
672 2235 802 2275 vero
829 2221 938 2276 tale
990 2219 1127 2274 nihil
1163 2229 1266 2275 est.
1324 2220 1381 2275 In
1438 2220 1638 2290 quibus
1696 2223 1842 2276 enim
1893 2223 2048 2291 panis

472 2314 594 2366 vitm
624 2328 687 2365 ea
730 2318 993 2379 operatus
1022 2316 1126 2375 est,
1165 2325 1259 2377 per
1297 2325 1419 2380 quae
1465 2321 1696 2364 mortetn
1747 2312 2046 2377 evitarnnt,

472 2414 526 2458 et
553 2417 728 2472 neque
749 2410 1028 2456 caenantes
1053 2401 1160 2456 ullo
1186 2401 1389 2456 scelere
1417 2401 1665 2457 obstricti
1693 2412 1842 2467 sunt,
1873 2420 2050 2473 neque

473 2497 641 2551 ullum
661 2496 1177 2564 superinduxerunt,
1204 2511 1362 2548 nemo
1387 2498 1520 2551 tales
1551 2500 1904 2553 aceusaverit.
1932 2499 2047 2554 Non

473 2589 615 2643 cnim
643 2597 837 2658 potest,
860 2602 969 2642 non
993 2596 1191 2658 potest,
1216 2588 1462 2657 inquam,
1484 2590 1585 2645 huc
1606 2593 1923 2660 mysterium
1957 2607 2053 2660 per

475 2680 658 2736 omnia
697 2680 936 2750 operari,
968 2688 1024 2735 et
1070 2680 1315 2736 initiatos
1349 2697 1379 2734 a
1433 2684 1802 2753 qualicunque
1855 2686 2053 2752 imper-

478 2775 716 2828 fectione
752 2772 1051 2826 vindicare.
1086 2771 1162 2825 Cu
1186 2787 1209 2824 r
1245 2772 1315 2825 ita
1343 2773 1366 2825 ?
1398 2773 1664 2839 Quoniam
1698 2774 1800 2829 hoc
1829 2784 1913 2829 est
1942 2791 2054 2845 my-

475 2866 701 2921 sterium
725 2862 963 2931 operari,
996 2863 1218 2931 quando
1241 2878 1305 2916 eo
1327 2862 1546 2919 allectos
1570 2865 1704 2918 nihil
1721 2881 1908 2920 eorum
1935 2882 2054 2935 qua:

470 2955 667 3009 adesse
728 2961 982 3022 possunt,
1049 2953 1273 3010 defecit.
1319 2952 1519 3008 Mensae
1552 2958 1698 3010 enim
1760 2961 2054 3026 promissio

472 3050 529 3100 in
593 3045 816 3101 Christo
878 3054 1101 3111 nos,-et
1168 3044 1222 3099 in
1279 3046 1438 3100 nobis
1479 3047 1754 3101 Christum
1809 3049 2054 3105 habitare

473 3137 628 3190 facit.
672 3136 765 3189 Ait
802 3134 948 3189 enim
1002 3152 1015 3189 :
1053 3133 1138 3188 tln
1169 3151 1255 3189 me
1295 3146 1498 3202 manet,
1549 3147 1603 3192 et
1632 3153 1732 3207 ego
1764 3140 1905 3195 ineo
1953 3144 2048 3197 “.i

473 3230 702 3284 Christo
738 3229 791 3281 in
822 3228 981 3282 nobis
1029 3239 1309 3294 manente,
1351 3231 1480 3297 quid
1532 3234 1767 3300 amplius
1806 3237 2050 3304 requira-

476 3320 608 3374 tur?
649 3329 742 3373 aut
794 3319 940 3389 quod
991 3319 1192 3373 bonum
1252 3335 1352 3374 nos
1392 3321 1671 3389 t-llugiat?
1726 3325 1783 3378 ln
1833 3326 2052 3381 Christo

477 3422 759 3467 manentes
787 3411 917 3481 quid
959 3410 1106 3465 aliud
1142 3411 1616 3468 desidet-abimus?
1651 3414 1743 3470 llle
1775 3418 2052 3474 habitator

475 3516 682 3566 noster,
715 3514 769 3559 et
794 3504 909 3574 ipse
940 3504 1204 3558 habitatio
1255 3514 1438 3559 nostra
1462 3516 1566 3561 est.
1609 3505 1653 3563 0
1685 3512 1913 3564 nos’tali
1966 3514 2054 3566 ha-

476 3599 744 3652 litatione
775 3596 970 3651 beatos
1001 3610 1016 3648 :
1048 3605 1103 3650 et
1136 3595 1323 3650 beatos
1354 3597 1570 3663 iterum,
1607 3605 1735 3668 quia
1779 3601 2047 3669 ejusmodi

474 3692 672 3745 domus
705 3688 897 3743 incola:
920 3687 1042 3742 l‘acti
1065 3703 1285 3742 sumus.
1317 3688 1437 3753 Quo
1460 3706 1694 3761 namque
1724 3692 1867 3746 bono
1891 3711 2053 3764 egere

475 3789 733 3849 poterunt
762 3781 843 3833 sic
870 3777 1046 3833 all'ecti
1082 3787 1136 3832 et
1172 3780 1503 3833 constituti?
1560 3779 1701 3846 Quid
1741 3784 2044 3847 vitiositati,

476 3884 531 3927 et
586 3874 639 3927 in
693 3881 843 3926 tanta
903 3871 1175 3925 charitate
1218 3873 1564 3927 versantibus
1606 3889 1896 3930 commune
1938 3879 2051 3931 sit?

475 3968 615 4034 Quid
663 3967 878 4021 tandem
954 3965 1080 4020 mali
1157 3973 1309 4019 tanto
1370 3965 1637 4020 bonorum
1707 3970 1926 4024 cumulo
1994 3987 2053 4025 se

474 4060 746 4130 opponat?
790 4057 932 4123 Quid
971 4057 1114 4110 enim
1173 4057 1255 4111 vel
1304 4073 1544 4126 praesens
1610 4061 1926 4123 subsistere,
1968 4065 2050 4118 vel

480 4154 680 4206 absens
707 4152 964 4220 ingruere
991 4156 1179 4216 queat,
1210 4148 1429 4216 quando
1448 4149 1702 4205 Christus
1726 4153 1861 4207 adeo
1897 4155 2054 4207 fami-

482 4244 690 4296 liariter
714 4240 1003 4294 nobiscum
1035 4247 1140 4302 est,
1167 4246 1222 4291 et
1255 4253 1356 4293 nos
1393 4248 1537 4294 totos
1572 4251 1837 4307 penetrat,
1870 4245 2051 4299 ontnia

479 4333 743 4386 interiora
787 4329 1053 4399 possidet,
1084 4336 1138 4382 et
1169 4344 1268 4383 nos
1319 4329 1486 4399 cingit
1515 4347 1577 4385 ac
1605 4334 1880 4403 protegit?
1917 4336 2050 4388 Nam

480 4425 586 4479 tela
615 4422 960 4478 extrinsecus
998 4421 1200 4489 jactata
1272 4436 1337 4475 ne
1380 4424 1429 4475 in
1480 4439 1578 4477 nos
1642 4427 1882 4480 incidant
1925 4444 2051 4499 pro-

2116 1941 2288 1991 ⁸τιγοὶ
2330 1936 2494 2010 ἦσαν,
2535 1941 2597 1993 τό
2646 1957 2709 2009 γε
2760 1941 2872 1993 τῶν
2913 1942 3153 2013 χαρίτων
3200 1943 3392 2012 μέρος,
3425 1941 3537 1995 ἀλλ’
3585 1943 3724 1996 οὐδὲν

2148 2034 2379 2102 ἧρκεσεν
2413 2033 2595 2096 αὐτοῖς
2635 2033 2771 2102 πρὸς
2805 2034 2864 2086 τὸ
2891 2035 2997 2086 πᾶν
3022 2033 3228 2100 φαῦλον
3263 2035 3376 2086 ἀπὸ
3421 2033 3521 2103 τῆς
3561 2033 3725 2103 ψυχῆς

2150 2125 2421 2178 ἐκϐαλεῖν.
2460 2124 2584 2177 Ἐπὶ
2611 2124 2667 2178 δὲ
2700 2129 2797 2194 τῆς
2826 2125 3188 2195 Εὐχαριστίας
3209 2125 3420 2178 τούτων
3443 2124 3622 2178 οὖδέν·
3650 2118 3724 2187 οἷς

2148 2218 2257 2286 γάρ
2284 2218 2310 2269 ὁ
2331 2217 2429 2287 τῆτ
2462 2215 2607 2285 ζωῆς
2631 2216 2795 2285 ἄρτος
2841 2216 3063 2286 ἐνεργὸς
3112 2217 3362 2285 ἐγένετο,
3384 2216 3450 2268 δι’
3480 2210 3555 2269 ὧν
3600 2216 3717 2284 sipu-

2150 2309 2380 2372 λάξαντο
2409 2308 2500 2361 τὸν
2531 2307 2779 2371 θάνατον,
2807 2310 2902 2361 καὶ
2924 2309 3049 2362 οὕτε
3100 2309 3454 2375 δειπνοῦντες
3497 2309 3720 2379 πονηρὸν

2151 2400 2304 2453 οὐδὲν
2336 2394 2503 2469 εἶχον,
2526 2398 2638 2453 οὔτ’
2671 2401 3058 2469 ἐπεισήγαγον,
3083 2400 3185 2453 οὐκ
3206 2400 3269 2453 ἄν
3299 2418 3390 2464 τις
3412 2400 3559 2455 οὐδὲν
3579 2401 3725 2469 ἔγκα-

2151 2495 2304 2546 λέσαι
2335 2494 2595 2546 τοιοῦτον.
2629 2494 2704 2545 Οὐ
2731 2494 2838 2562 γὰρ
2873 2493 3040 2558 ἔστιν,
3075 2494 3176 2547 οὐκ
3203 2493 3350 2562 ἔστι,
3378 2495 3475 2567 τὴν
3520 2492 3723 2563 τελετὴν

2154 2587 2377 2656 ἐνεργὸν
2434 2585 2784 2639 παντάπασιν
2841 2581 2981 2637 εἶναι
3035 2585 3132 2638 καὶ
3185 2588 3297 2649 τοῖς
3369 2587 3724 2657 μεμνημένοις

2155 2678 2471 2748 ἡστινοσοῦν
2508 2679 2749 2745 μετεῖναι
2805 2674 3170 2753 φαυλότητος·
3201 2676 3288 2730 διὰ
3323 2678 3554 2743 τί;”οτι
3579 2675 3723 2728 τοῦτὸ

2154 2771 2269 2821 ἐστι
2287 2767 2400 2838 ,τὴν
2431 2766 2651 2837 τελετὴν
2684 2767 2905 2836 ἐνεργὸν
2932 2762 3098 2829 εἶναι,
3138 2768 3197 2819 τὸ
3223 2768 3361 2830 τοὺς
3389 2768 3724 2836 τελουμένους

2154 2860 2367 2923 οὐδενδς
2396 2860 2506 2913 τῶν
2538 2861 2878 2929 γιγνομένων
2908 2858 3194 2913 ἐλλείπειν.
3230 2861 3305 2912 Ἦ
3357 2861 3463 2930 γάρ
3494 2861 3585 2931 τῆς
3606 2877 3720 2931 τρα·

2156 2952 2326 3023 πέζης
2359 2953 2659 3020 ἐπαγγελία
2689 2951 2766 3021 τῷ
2800 2951 3023 3021 Χριστῷ
3050 2953 3148 3019 μὲν
3178 2953 3327 3023 ἡμᾶ;
3346 2993 3362 3018 ,
3395 2955 3523 3024 ἡμῖν
3544 2952 3595 3005 δὲ
3645 2951 3725 3003 τὸν

2156 3047 2392 3117 Χριστὸν
2446 3046 2720 3108 ἐνοικίζει.
2762 3062 2780 3095 t
2823 3046 2911 3098 Ἐν
2966 3045 3089 3114 ἐμοὶ
3175 3045 3309 3114 γὰρ,
3370 3045 3521 3118 φησὶ,
3566 3044 3724 3114 μένει,

2162 3137 2318 3200 κάγὼ
2346 3139 2402 3187 ἐν
2430 3136 2578 3205 αὐτῷ
2598 3152 2611 3165 ·
2643 3156 2661 3187 ι
2704 3134 2798 3188 τοῦ
2822 3135 3057 3203 Χριστοῦ
3105 3135 3163 3189 δὲ
3195 3138 3251 3187 ὲν
3310 3138 3456 3207 ἡμῖν
3497 3137 3726 3207 μένοντος

2158 3231 2299 3290 τίνος
2331 3227 2412 3280 ἔτι
2440 3226 2642 3296 δεήσει,
2670 3228 2724 3279 τί
2748 3227 2792 3281 δ’
2828 3229 2892 3280 ἂν
2925 3228 3034 3282 τῶν
3067 3214 3288 3296 ἀγαθῶν
3319 3231 3607 3301 διαφύγοι;
3646 3230 3722 3282 Ἐν

2154 3324 2231 3390 τῷ
2267 3320 2487 3390 Χριστῷ
2517 3321 2572 3374 δὲ
2605 3322 2855 3389 μένοντες
2888 3322 3031 3385 τίνος
3058 3322 3482 3395 ἐπιθυμήσομεν
3532 3323 3715 3384 ἄλλους

2155 3415 2248 3467 καὶ
2287 3412 2492 3475 ἕνοικός
2522 3413 2669 3465 ἐστιν
2705 3414 2838 3483 ἡμῖν
2866 3414 2960 3466 καὶ
2997 3414 3167 3478 οἰκία,
3199 3416 3274 3477 ὡς
3320 3418 3576 3488 μακάριοι
3630 3415 3719 3483 μὲν

2154 3508 2252 3573 τῆς
2330 3507 2527 3569 οἰκίας,
2580 3505 2845 3576 μακάριοι
2900 3506 2955 3559 δὲ
2993 3508 3073 3560 ὅτι
3138 3508 3368 3579 τοιούτῳ
3441 3509 3720 3577 γεγόναμεν

2154 3600 2320 3653 οἰκία.
2355 3598 2420 3652 Τί
2455 3601 2563 3667 γὰρ
2601 3599 2711 3651 τῶν
2742 3598 2962 3664 ἀγαθῶν
3015 3599 3075 3651 οὐ
3142 3601 3382 3671 πάρεστι
3439 3603 3549 3656 τοῖς
3594 3599 3720 3653 οὕτω

2152 3692 2480 3756 διατεθεῖσι;
2541 3691 2593 3743 τί
2620 3691 2797 3743 κοινὸν
2836 3691 2924 3743 καὶ
2963 3679 3262 3760 φαυλότητι
3338 3698 3449 3756 τοῖς
3504 3691 3718 3745 ἐνταῦθα

2153 3785 2468 3855 γενομένοις
2512 3784 2899 3855 λαμπρότητος
2927 3801 2942 3848 ;
2973 3784 3027 3836 τί
3068 3786 3185 3837 ποτ’
3212 3784 3279 3838 ἂν
3307 3788 3465 3856 σταίη
3507 3785 3721 3854 πονηρὸν

2155 3878 2290 3949 προς
2328 3875 2583 3929 τοσοῦτον
2612 3874 2788 3939 σωρὸν
2820 3873 3075 3940 ἀγαθῶν;
3108 3875 3159 3926 τί
3193 3874 3292 3944 μὲν
3325 3875 3498 3946 παρὸν
3535 3873 3719 3927 δύναιτ’

2157 3971 2222 4022 ἂν
2264 3969 2469 4037 μένειν,
2499 3966 2551 4017 τί
2576 3965 2633 4017 δὲ
2663 3965 2802 4018 ἀπὸν
2861 3963 3079 4035 ῑσνύται
3138 3968 3530 4034 προσαγαγεῖν,
3557 3967 3673 4018 ὅταν
3696 3962 3721 4012 ὁ

2154 4059 2384 4130 Χριστὸς
2410 4057 2582 4119 οὕτως
2614 4055 2859 4125 ἀκριϐῶς
2889 4057 3018 4123 ἡμῖν
3047 4060 3176 4124 συνῇ
3206 4057 3299 4108 καὶ
3329 4058 3398 4112 δι’
3422 4058 3552 4111 ὅλων
3578 4053 3721 4125 ἡμῶν

2156 4154 2304 4222 χωρῇ
2337 4151 2428 4203 καὶ
2460 4150 2646 4203 τᾶνδον
2692 4154 2867 4200 πάντα
2909 4150 3157 4217 κατέχων
3189 4152 3281 4201 καὶ
3309 4154 3441 4220 περὶ
3485 4152 3624 4220 ἡμᾶς
3654 4142 3719 4220 ᾗ.

2156 4246 2237 4297 Τὰ
2271 4243 2366 4312 μὲν
2398 4245 2508 4311 γὰρ
2560 4241 2758 4304 ἔξωθεν
2807 4242 3027 4293 ἐπιόντα
3086 4241 3215 4311 βέλη
3280 4241 3480 4295 κωλύει
3540 4240 3721 4309 ψαύειν

2156 4335 2311 4402 ἡμῶν
2340 4332 2679 4401 πανταχόθεν
2718 4331 3186 4401 προϐεϐλημένος,
3223 4332 3377 4385 οἰκία
3403 4332 3508 4400 γάρ
3553 4333 3717 4381 ἔστιν’

2156 4422 2208 4474 εἴ
2235 4440 2286 4474 τι
2323 4421 2367 4473 δ’
2400 4422 2549 4473 ἔστιν
2584 4420 2765 4487 (ἔνδον
2788 4422 2802 4486 )
2829 4418 3053 4487 φαῦλον,
3078 4420 3442 4489 διωθούμενος
3492 4413 3723 4470 ἀπελαύ-

484 4515 652 4579 hibct,
689 4512 1052 4579 undecunque
1101 4526 1160 4564 se
1211 4511 1508 4578 objieicns;
1561 4527 1646 4568 est
1673 4519 1817 4571 enim
1849 4520 2050 4571 damus

2174 4536 2271 4581 νει,
2317 4516 2524 4575 Emam;
2553 4515 2657 4581 γάρ
2688 4516 2803 4565 ἐστι
2835 4514 3012 4565 πᾶσαν
3046 4511 3239 4564 ἑαυτοῦ
3273 4514 3498 4584 πληρῶν
3535 4510 3628 4578 τὴν
3652 4509 3722 4560 οἱ-

479 4618 535 4663 et
587 4610 630 4663 si
665 4607 798 4678 quid
841 4607 987 4660 intus
1012 4607 1264 4660 vitiosum
1315 4620 1418 4673 est,
1472 4610 1673 4678 disjieit
1710 4622 1764 4665 et
1794 4614 2057 4679 expellit;

479 4711 565 4758 est
592 4705 739 4758 enim
774 4702 976 4762 incola,
1045 4711 1098 4756 et
1164 4703 1385 4757 domum
1434 4718 1589 4758 suam
1642 4712 1808 4777 totam
1848 4703 2054 4773 implet.

485 4794 604 4845 Non
627 4795 770 4847 enim
802 4792 1008 4859 aliquid
1036 4792 1177 4860 ejus,
1210 4794 1304 4846 sed
1334 4807 1457 4845 eum
1487 4794 1664 4860 ipsum
1689 4793 2053 4856 continemus,

484 4901 586 4939 nec
615 4884 825 4938 radium
859 4885 1091 4951 aliquem
1145 4896 1207 4937 ac
1265 4883 1466 4947 lumen,
1520 4883 1614 4937 sed
1651 4882 1820 4937 solem
1874 4885 2054 4952 ipsum

489 4979 541 5031 in
576 4977 789 5029 animas
841 4976 1157 5043 recipimus,
1200 4986 1259 5029 ut
1314 4976 1679 5030 inhabitemus
1709 4985 1761 5030 et
1785 4976 2055 5031 inhabite-

492 5084 632 5130 mur,
671 5076 730 5118 ut
773 5065 1063 5118 induatnur
1088 5074 1141 5119 et
1176 5063 1464 5118 induamns
1500 5073 1556 5117 et
1599 5070 2051 5133 permisceamur,

487 5170 544 5214 et
577 5174 719 5213 unus
751 5157 978 5228 Spiritus
1008 5174 1131 5209 Clllil
1158 5172 1222 5209 eo
1259 5154 1573 5209 evadamus.
1606 5155 1818 5210 Etenim
1872 5157 2054 5211 anima

492 5264 546 5307 et
584 5268 808 5319 corpus,
837 5262 890 5305 et
926 5251 1212 5305 facultates
1247 5263 1437 5304 omnes
1477 5258 1698 5319 repente
1742 5250 2059 5320 spirituales

501 5344 799 5405 exsistunt,
832 5343 1092 5410 quoniam
1121 5340 1300 5392 anima
1347 5340 1561 5403 animae,
1602 5354 1799 5410 corpus
1819 5341 2055 5411 corpori,

490 5446 543 5489 et
575 5437 798 5503 sanguis
827 5432 1076 5500 sanguini
1106 5428 1385 5483 coalescit.
1424 5430 1562 5495 Quid
1586 5430 1753 5485 inde?
1786 5441 2051 5501 praestat»

490 5529 628 5579 tiara
662 5523 962 5593 pravalent
998 5519 1404 5583 humilioribus,
1441 5534 1493 5573 ct
1524 5535 1551 5573 a
1582 5520 1782 5576 divinis
1810 5523 2049 5576 humana

488 5626 845 5683 superantur,
934 5611 1188 5681 quodque
1257 5608 1324 5663 de
1377 5613 1778 5667 resurrectione
1846 5612 2049 5668 Paulus

2167 4615 2313 4666 κεαν.
2346 4611 2422 4662 (ιύ
2488 4614 2595 4679 γάρ
2630 4610 2813 4661 τιτῶν
2841 4609 3029 4671 αὐτοῦ,
3060 4607 3178 4660 ἀλλ’
3226 4608 3391 4660 αὑτὸν
3421 4607 3721 4677 μετέχομεν.

2164 4703 2285 4755 οὒδὲ
2317 4702 2512 4755 ἀκτῖνα
2545 4718 2665 4754 τινα
2697 4703 2790 4753 καὶ
2827 4700 2962 4768 φῶς,
3018 4699 3154 4754 ἀλλά
3208 4701 3300 4751 τῗν
3341 4701 3520 4753 δίσκον
3577 4696 3723 4751 αὐτὸν

2164 4796 2283 4856 ταῖς
2313 4792 2513 4861 ψυχαῖς
2541 4790 2833 4860 δεχόμεθα,
2862 4789 3006 4842 ὥστε
3036 4792 3130 4843 καὶ
3155 4790 3376 4855 οἰκῆσαι
3429 4790 3520 4840 καὶ
3577 4788 3725 4838 εἰσοι-

2166 4884 2420 4937 κίσασθαι
2476 4887 2570 4937 καὶ
2606 4874 2667 4934 ἒν
2704 4881 2920 4950 πνεῦμα
2946 4882 3220 4949 γενέσθαι.
3267 4883 3372 4936 Καὶ
3423 4882 3529 4950 γάρ
3589 4873 3722 4946 ψυχὴ

2167 4975 2446 5043 καὶσῶμα
2487 4974 2581 5025 καὶ
2616 4973 2786 5025 πᾶσαι
2836 4972 3097 5042 δυνάμεις
3128 4973 3325 5026 αὐτίκα
3373 4968 3720 5039 πνευματικὰ,
3763 4994 3767 4999 -

2163 5069 2245 5120 ὅτι
2283 5067 2429 5136 ψυχὴ
2466 5066 2561 5135 μὲν
2590 5065 2757 5135 ψυχῇ,
2796 5063 2957 5134 σῶμα
2989 5064 3045 5117 δὲ
3083 5064 3317 5131 σώματι,
3351 5065 3444 5117 καὶ
3481 5056 3614 5129 αἷμα
3642 5056 3717 5110 αἴ-

2169 5176 2299 5228 ματι
2357 5156 2776 5226 μίγνυταιοκαὶ
2836 5155 2887 5208 τί
2951 5155 3012 5206 τὸ
3071 5153 3357 5219 ἐντεῦθεν;
3425 5153 3494 5204 τὰ
3542 5148 3721 5221 βελτίω

2167 5250 2401 5320 κρείττω
2432 5248 2541 5300 τῶν
2576 5247 2875 5300 ἐλαττόνων
2904 5246 3001 5300 καὶ
3031 5250 3097 5298 τὰ
3148 5246 3269 5298 θεῖα
3312 5245 3419 5298 τῶν
3465 5238 3719 5312 ἀνθρωπί-

2167 5359 2274 5394 νων
2328 5340 2657 5409 ἐπικρατεῖο
2691 5338 2783 5392 καί
2820 5339 2848 5392 ὅ
2886 5354 3018 5407 φησι
3063 5341 3191 5408 περὶ
3245 5340 3340 5402 τῆς
3391 5336 3721 5391 ἀναστάσεως

2168 5431 2398 5491 Παῦλος.
2436 5450 2453 5482 ι
2483 5431 2556 5483 Τὸ
2620 5429 2813 5499 θνητὸν
2850 5430 2957 5482 ὑπὸ
3012 5431 3107 5500 τῆς
3155 5430 3299 5499 ζωῆς
3323 5428 3714 5484 καταπίνεται,ι

2160 5524 2219 5575 τὸ
2257 5523 2311 5575 δὲ
2347 5523 2501 5592 ὲξῆςο
2534 5542 2550 5573 t
2581 5522 2667 5575 Ζῶ
2695 5522 2753 5574 δὲ
2783 5521 2967 5575 οὐκέτι
3002 5527 3130 5591 ἐγὼ,
3159 5523 3314 5593 φησι,
3352 5522 3416 5593 ζῇ
3443 5521 3496 5574 δὲ
3522 5520 3576 5572 ὲν
3604 5512 3717 5584 ἐμοὶ

2159 5614 2415 5682 Χριστός.
2449 5633 2466 5663 ι

485 5712 731 5780 εςνινεὶις
763 5726 779 5758 ι
807 5706 1408 5761 Mortaleabsorbetura
1427 5707 1614 5762 vita”.
1643 5727 1660 5759 ι
1690 5708 1761 5763 De
1788 5720 2018 5764 cetero:
2048 5729 2065 5760 ι
2092 5710 2223 5766 Vivo
2246 5710 2359 5778 jam
2389 5724 2492 5762 non
2514 5725 2636 5779 ego,
2658 5710 2855 5780 inquit,
2880 5710 3013 5764 vivit
3032 5726 3157 5767 vero
3180 5712 3230 5765 in
3259 5727 3342 5766 me
3357 5708 3596 5766 Christus
3617 5702 3706 5753 ’⁸-³

560 5889 652 5940 "l
690 5889 811 5941 Cor.
841 5901 923 5949 ιιι,
955 5886 1005 5937 5.
1084 5885 1127 5914 ’³
1161 5882 1314 5938 Joan.
1344 5902 1417 5941 vl.
1447 5886 1533 5939 57.
1608 5890 1652 5919 ’⁵
1683 5890 1721 5941 ll
1765 5890 1888 5943 Cor.
1933 5907 1979 5953 ν,
2010 5892 2057 5943 4.

2137 5892 2181 5923 ³⁸
2218 5889 2392 5943 Galat.
2439 5907 2495 5953 ιι,
2520 5891 2609 5942 20.
