  <div class='ocr_page' id='page_1' title='image "/cluster/home/n/w/nwhite01/storage/ocr_20150623/150:no.1/coo.31924054870559/300.png"; bbox 0 0 4030 6452; ppageno 0'>
   <div class='ocr_carea' id='block_1_1' title="bbox 350 314 458 380">
    <p class='ocr_par' dir='ltr' id='par_1_1' title="bbox 350 314 458 380">
     <span class='ocr_line' id='line_1_1' title="bbox 350 314 458 380; baseline -0.009 0"><span class='ocrx_word' id='word_1_1' title='bbox 350 314 458 380; x_wconf 84' lang='grc'><strong>585</strong></span> 
     </span>
    </p>
   </div>
   <div class='ocr_carea' id='block_1_2' title="bbox 423 431 1138 505">
    <p class='ocr_par' dir='ltr' id='par_1_2' title="bbox 423 431 1138 505">
     <span class='ocr_line' id='line_1_2' title="bbox 423 431 1138 505; baseline 0.004 -19"><span class='ocrx_word' id='word_1_2' title='bbox 423 433 486 486; x_wconf 82' lang='grc' dir='ltr'><strong><em>Ὦ</em></strong></span> <span class='ocrx_word' id='word_1_3' title='bbox 538 431 632 486; x_wconf 89' lang='grc' dir='ltr'><strong>τοῦ</strong></span> <span class='ocrx_word' id='word_1_4' title='bbox 711 433 976 505; x_wconf 77' lang='grc' dir='ltr'>μεγέθους</span> <span class='ocrx_word' id='word_1_5' title='bbox 1029 435 1138 489; x_wconf 85' lang='grc' dir='ltr'><strong>τῶν</strong></span> 
     </span>
    </p>
   </div>
   <div class='ocr_carea' id='block_1_3' title="bbox 351 525 1926 601">
    <p class='ocr_par' dir='ltr' id='par_1_3' title="bbox 351 525 1926 601">
     <span class='ocr_line' id='line_1_3' title="bbox 351 525 1926 601; baseline 0.003 -21"><span class='ocrx_word' id='word_1_6' title='bbox 351 527 470 580; x_wconf 58' lang='grc' dir='ltr'>ἔστι</span> <span class='ocrx_word' id='word_1_7' title='bbox 519 525 612 580; x_wconf 88' lang='grc' dir='ltr'><strong>τὸν</strong></span> <span class='ocrx_word' id='word_1_8' title='bbox 671 529 765 582; x_wconf 92' lang='grc' dir='ltr'><strong>τοῦ</strong></span> <span class='ocrx_word' id='word_1_9' title='bbox 824 531 1062 598; x_wconf 81' lang='grc' dir='ltr'><strong>Χριστοῦ</strong></span> <span class='ocrx_word' id='word_1_10' title='bbox 1129 529 1253 583; x_wconf 92' lang='grc' dir='ltr'>νοῦν</span> <span class='ocrx_word' id='word_1_11' title='bbox 1303 530 1382 598; x_wconf 85' lang='grc' dir='ltr'><strong>τῷ</strong></span> <span class='ocrx_word' id='word_1_12' title='bbox 1409 530 1665 601; x_wconf 76' lang='grc' dir='ltr'><strong>ἡμετέρῳ</strong></span> <span class='ocrx_word' id='word_1_13' title='bbox 1723 530 1926 600; x_wconf 84' lang='grc' dir='ltr'>συμμί-</span> 
     </span>
    </p>
   </div>
   <div class='ocr_carea' id='block_1_4' title="bbox 351 617 1926 693">
    <p class='ocr_par' dir='ltr' id='par_1_4' title="bbox 351 617 1926 693">
     <span class='ocr_line' id='line_1_4' title="bbox 351 617 1926 693; baseline 0.003 -21"><span class='ocrx_word' id='word_1_14' title='bbox 351 619 441 685; x_wconf 80' lang='grc' dir='ltr'>ξαι</span> <span class='ocrx_word' id='word_1_15' title='bbox 475 617 574 688; x_wconf 85' lang='grc' dir='ltr'>νῷ,</span> <span class='ocrx_word' id='word_1_16' title='bbox 614 622 709 672; x_wconf 76' lang='grc' dir='ltr'>καὶ</span> <span class='ocrx_word' id='word_1_17' title='bbox 767 620 986 690; x_wconf 82' lang='grc' dir='ltr'><strong>θελήσει</strong></span> <span class='ocrx_word' id='word_1_18' title='bbox 1014 622 1234 684; x_wconf 82' lang='grc' dir='ltr'>θέλησιν</span> <span class='ocrx_word' id='word_1_19' title='bbox 1255 622 1469 693; x_wconf 82' lang='grc' dir='ltr'>ἐκείνην</span> <span class='ocrx_word' id='word_1_20' title='bbox 1500 625 1593 676; x_wconf 80' lang='grc' dir='ltr'>καὶ</span> <span class='ocrx_word' id='word_1_21' title='bbox 1623 622 1783 692; x_wconf 86' lang='grc' dir='ltr'>σῶμα</span> <span class='ocrx_word' id='word_1_22' title='bbox 1821 623 1926 676; x_wconf 82' lang='grc' dir='ltr'>σώ-</span> 
     </span>
    </p>
   </div>
   <div class='ocr_carea' id='block_1_5' title="bbox 354 707 1921 784">
    <p class='ocr_par' dir='ltr' id='par_1_5' title="bbox 354 707 1921 784">
     <span class='ocr_line' id='line_1_5' title="bbox 354 707 1921 784; baseline 0.003 -22"><span class='ocrx_word' id='word_1_23' title='bbox 354 729 482 779; x_wconf 86' lang='grc' dir='ltr'>ματι</span> <span class='ocrx_word' id='word_1_24' title='bbox 515 712 611 764; x_wconf 78' lang='grc' dir='ltr'><strong>καὶ</strong></span> <span class='ocrx_word' id='word_1_25' title='bbox 649 710 788 780; x_wconf 78' lang='grc' dir='ltr'>αἷμα</span> <span class='ocrx_word' id='word_1_26' title='bbox 815 714 1006 782; x_wconf 79' lang='grc' dir='ltr'>αἵματι</span> <span class='ocrx_word' id='word_1_27' title='bbox 1039 715 1403 784; x_wconf 83' lang='grc' dir='ltr'>κερασθῆναι·</span> <span class='ocrx_word' id='word_1_28' title='bbox 1435 707 1546 777; x_wconf 75' lang='grc' dir='ltr'>οἷος</span> <span class='ocrx_word' id='word_1_29' title='bbox 1608 714 1709 784; x_wconf 81' lang='grc' dir='ltr'>μὲν</span> <span class='ocrx_word' id='word_1_30' title='bbox 1747 717 1773 766; x_wconf 85' lang='grc' dir='ltr'>ὁ</span> <span class='ocrx_word' id='word_1_31' title='bbox 1795 714 1921 776; x_wconf 83' lang='grc' dir='ltr'><strong>νοῦς</strong></span> 
     </span>
    </p>
   </div>
   <div class='ocr_carea' id='block_1_6' title="bbox 351 802 1924 876">
    <p class='ocr_par' dir='ltr' id='par_1_6' title="bbox 351 802 1924 876">
     <span class='ocr_line' id='line_1_6' title="bbox 351 802 1924 876; baseline 0.003 -22"><span class='ocrx_word' id='word_1_32' title='bbox 351 803 482 870; x_wconf 80' lang='grc' dir='ltr'>ἡμῖν</span> <span class='ocrx_word' id='word_1_33' title='bbox 513 802 606 855; x_wconf 92' lang='grc' dir='ltr'><strong>τοῦ</strong></span> <span class='ocrx_word' id='word_1_34' title='bbox 633 802 778 856; x_wconf 87' lang='grc' dir='ltr'>θείου</span> <span class='ocrx_word' id='word_1_35' title='bbox 815 806 1336 876; x_wconf 84' lang='grc' dir='ltr'>κατακρατήσαντος</span> <span class='ocrx_word' id='word_1_36' title='bbox 1365 806 1477 872; x_wconf 92' lang='grc' dir='ltr'>νοῦ,</span> <span class='ocrx_word' id='word_1_37' title='bbox 1510 805 1602 860; x_wconf 78' lang='grc' dir='ltr'>οἵα</span> <span class='ocrx_word' id='word_1_38' title='bbox 1655 806 1710 859; x_wconf 81' lang='grc' dir='ltr'>δὲ</span> <span class='ocrx_word' id='word_1_39' title='bbox 1745 807 1774 876; x_wconf 77' lang='grc' dir='ltr'>ἡ</span> <span class='ocrx_word' id='word_1_40' title='bbox 1835 805 1924 858; x_wconf 69' lang='grc' dir='ltr'>θές-</span> 
     </span>
    </p>
   </div>
   <div class='ocr_carea' id='block_1_7' title="bbox 349 888 1924 966">
    <p class='ocr_par' dir='ltr' id='par_1_7' title="bbox 349 888 1924 966">
     <span class='ocr_line' id='line_1_7' title="bbox 349 888 1924 966; baseline 0.002 -22"><span class='ocrx_word' id='word_1_41' title='bbox 349 893 504 961; x_wconf 86' lang='grc' dir='ltr'>λησις</span> <span class='ocrx_word' id='word_1_42' title='bbox 540 893 640 962; x_wconf 85' lang='grc' dir='ltr'><strong>τῆς</strong></span> <span class='ocrx_word' id='word_1_43' title='bbox 671 895 948 963; x_wconf 78' lang='grc' dir='ltr'><strong>μακαρίας</strong></span> <span class='ocrx_word' id='word_1_44' title='bbox 975 895 1253 965; x_wconf 84' lang='grc' dir='ltr'>θελήσεως</span> <span class='ocrx_word' id='word_1_45' title='bbox 1299 895 1758 966; x_wconf 80' lang='grc' dir='ltr'><strong>περιγενομένης,</strong></span> <span class='ocrx_word' id='word_1_46' title='bbox 1811 888 1924 958; x_wconf 74' lang='grc' dir='ltr'>οἷος</span> 
     </span>
    </p>
   </div>
   <div class='ocr_carea' id='block_1_8' title="bbox 349 983 1924 1057">
    <p class='ocr_par' dir='ltr' id='par_1_8' title="bbox 349 983 1924 1057">
     <span class='ocr_line' id='line_1_8' title="bbox 349 983 1924 1057; baseline 0.003 -24"><span class='ocrx_word' id='word_1_47' title='bbox 349 983 405 1034; x_wconf 83' lang='grc' dir='ltr'>δὲ</span> <span class='ocrx_word' id='word_1_48' title='bbox 440 983 569 1051; x_wconf 84' lang='grc' dir='ltr'>χοῦς</span> <span class='ocrx_word' id='word_1_49' title='bbox 623 983 718 1036; x_wconf 90' lang='grc' dir='ltr'><strong>τοῦ</strong></span> <span class='ocrx_word' id='word_1_50' title='bbox 755 984 926 1054; x_wconf 90' lang='grc' dir='ltr'>πυρὸς</span> <span class='ocrx_word' id='word_1_51' title='bbox 979 985 1473 1057; x_wconf 88' lang='grc' dir='ltr'>ὑπερνενικηκότος</span> <span class='ocrx_word' id='word_1_52' title='bbox 1531 986 1774 1039; x_wconf 77' lang='grc' dir='ltr'>ἐκείνουι</span> <span class='ocrx_word' id='word_1_53' title='bbox 1818 985 1924 1038; x_wconf 76' lang='grc' dir='ltr'><strong>Καὶ</strong></span> 
     </span>
    </p>
   </div>
   <div class='ocr_carea' id='block_1_9' title="bbox 353 1074 1922 1146">
    <p class='ocr_par' dir='ltr' id='par_1_9' title="bbox 353 1074 1922 1146">
     <span class='ocr_line' id='line_1_9' title="bbox 353 1074 1922 1146; baseline 0.002 -19"><span class='ocrx_word' id='word_1_54' title='bbox 353 1074 460 1144; x_wconf 82' lang='grc' dir='ltr'>μὴν</span> <span class='ocrx_word' id='word_1_55' title='bbox 491 1075 575 1128; x_wconf 81' lang='grc' dir='ltr'>ὅτι</span> <span class='ocrx_word' id='word_1_56' title='bbox 619 1075 790 1128; x_wconf 84' lang='grc' dir='ltr'>ταῦτα</span> <span class='ocrx_word' id='word_1_57' title='bbox 829 1075 974 1129; x_wconf 77' lang='grc' dir='ltr'>οὕτω</span> <span class='ocrx_word' id='word_1_58' title='bbox 1034 1078 1323 1146; x_wconf 89' lang='grc' dir='ltr'>συμϐαίνει</span> <span class='ocrx_word' id='word_1_59' title='bbox 1383 1077 1627 1131; x_wconf 79' lang='grc' dir='ltr'>δείκνυσι</span> <span class='ocrx_word' id='word_1_60' title='bbox 1691 1077 1922 1142; x_wconf 84' lang='grc' dir='ltr'><strong>Παῦλος,</strong></span> 
     </span>
    </p>
   </div>
   <div class='ocr_carea' id='block_1_10' title="bbox 350 1165 1927 1239">
    <p class='ocr_par' dir='ltr' id='par_1_10' title="bbox 350 1165 1927 1239">
     <span class='ocr_line' id='line_1_10' title="bbox 350 1165 1927 1239; baseline 0.003 -21"><span class='ocrx_word' id='word_1_61' title='bbox 350 1165 475 1218; x_wconf 82' lang='grc' dir='ltr'>οὔτε</span> <span class='ocrx_word' id='word_1_62' title='bbox 511 1165 634 1218; x_wconf 83' lang='grc' dir='ltr'>νοῦν</span> <span class='ocrx_word' id='word_1_63' title='bbox 658 1166 818 1229; x_wconf 82' lang='grc' dir='ltr'>αὑτὸς</span> <span class='ocrx_word' id='word_1_64' title='bbox 851 1165 994 1236; x_wconf 78' lang='grc' dir='ltr'>ἔχειν</span> <span class='ocrx_word' id='word_1_65' title='bbox 1032 1165 1122 1220; x_wconf 91' lang='grc' dir='ltr'><strong>τὸν</strong></span> <span class='ocrx_word' id='word_1_66' title='bbox 1147 1166 1348 1220; x_wconf 80' lang='grc' dir='ltr'>ἑαυτοῦ</span> <span class='ocrx_word' id='word_1_67' title='bbox 1395 1167 1521 1222; x_wconf 74' lang='grc' dir='ltr'>οὔτε</span> <span class='ocrx_word' id='word_1_68' title='bbox 1553 1168 1768 1239; x_wconf 84' lang='grc' dir='ltr'>θέλησιν</span> <span class='ocrx_word' id='word_1_69' title='bbox 1827 1170 1927 1238; x_wconf 82' lang='grc' dir='ltr'><strong>φά-</strong></span> 
     </span>
    </p>
   </div>
   <div class='ocr_carea' id='block_1_11' title="bbox 354 1257 1925 1331">
    <p class='ocr_par' dir='ltr' id='par_1_11' title="bbox 354 1257 1925 1331">
     <span class='ocr_line' id='line_1_11' title="bbox 354 1257 1925 1331; baseline 0.003 -22"><span class='ocrx_word' id='word_1_70' title='bbox 354 1275 499 1310; x_wconf 90' lang='grc' dir='ltr'>σκων</span> <span class='ocrx_word' id='word_1_71' title='bbox 521 1257 644 1311; x_wconf 77' lang='grc' dir='ltr'>οὔτε</span> <span class='ocrx_word' id='word_1_72' title='bbox 678 1258 848 1329; x_wconf 82' lang='grc' dir='ltr'>ζωὴν,</span> <span class='ocrx_word' id='word_1_73' title='bbox 877 1258 1011 1314; x_wconf 84' lang='grc' dir='ltr'><strong>ἀλλά</strong></span> <span class='ocrx_word' id='word_1_74' title='bbox 1051 1261 1229 1314; x_wconf 85' lang='grc' dir='ltr'>πάντα</span> <span class='ocrx_word' id='word_1_75' title='bbox 1273 1258 1446 1314; x_wconf 90' lang='grc' dir='ltr'>ταῦτα</span> <span class='ocrx_word' id='word_1_76' title='bbox 1469 1261 1620 1331; x_wconf 86' lang='grc' dir='ltr'><strong>αὑτῷ</strong></span> <span class='ocrx_word' id='word_1_77' title='bbox 1669 1261 1925 1330; x_wconf 81' lang='grc' dir='ltr'>γενέσθαι</span> 
     </span>
    </p>
   </div>
   <div class='ocr_carea' id='block_1_12' title="bbox 351 1349 1923 1424">
    <p class='ocr_par' dir='ltr' id='par_1_12' title="bbox 351 1349 1923 1424">
     <span class='ocr_line' id='line_1_12' title="bbox 351 1349 1923 1424; baseline 0.001 -24"><span class='ocrx_word' id='word_1_78' title='bbox 351 1349 607 1418; x_wconf 84' lang='grc' dir='ltr'>Χριστόν’</span> <span class='ocrx_word' id='word_1_79' title='bbox 635 1350 730 1403; x_wconf 82' lang='grc' dir='ltr'>καὶ</span> <span class='ocrx_word' id='word_1_80' title='bbox 800 1351 931 1420; x_wconf 75' lang='grc' dir='ltr'>γὰρ,</span> <span class='ocrx_word' id='word_1_81' title='bbox 987 1369 1004 1401; x_wconf 83' lang='grc' dir='ltr'><strong>ι</strong></span> <span class='ocrx_word' id='word_1_82' title='bbox 1027 1351 1173 1403; x_wconf 87' lang='grc' dir='ltr'>Νοῦν</span> <span class='ocrx_word' id='word_1_83' title='bbox 1208 1350 1446 1421; x_wconf 82' lang='grc' dir='ltr'>Χριστοῦ</span> <span class='ocrx_word' id='word_1_84' title='bbox 1511 1352 1730 1424; x_wconf 73' lang='grc' dir='ltr'>ἔχομεν,</span> <span class='ocrx_word' id='word_1_85' title='bbox 1757 1371 1774 1404; x_wconf 81' lang='grc' dir='ltr'><strong>ι</strong></span> <span class='ocrx_word' id='word_1_86' title='bbox 1809 1354 1923 1418; x_wconf 75' lang='grc' dir='ltr'>καὶ,</span> 
     </span>
    </p>
   </div>
   <div class='ocr_carea' id='block_1_13' title="bbox 361 1440 1929 1520">
    <p class='ocr_par' dir='ltr' id='par_1_13' title="bbox 361 1440 1929 1520">
     <span class='ocr_line' id='line_1_13' title="bbox 361 1440 1929 1520; baseline 0.004 -30"><span class='ocrx_word' id='word_1_87' title='bbox 361 1440 652 1510; x_wconf 81' lang='grc' dir='ltr'>«Δοκιμὴν</span> <span class='ocrx_word' id='word_1_88' title='bbox 706 1440 942 1508; x_wconf 80' lang='grc' dir='ltr'>ζητεῖτε,</span> <span class='ocrx_word' id='word_1_89' title='bbox 1003 1441 1160 1520; x_wconf 71' lang='grc' dir='ltr'>φησὶ,</span> <span class='ocrx_word' id='word_1_90' title='bbox 1226 1441 1321 1495; x_wconf 90' lang='grc' dir='ltr'><strong>τοῦ</strong></span> <span class='ocrx_word' id='word_1_91' title='bbox 1359 1445 1418 1495; x_wconf 79' lang='grc' dir='ltr'>ὲν</span> <span class='ocrx_word' id='word_1_92' title='bbox 1469 1444 1594 1513; x_wconf 74' lang='grc' dir='ltr'>ἐμοὶ</span> <span class='ocrx_word' id='word_1_93' title='bbox 1641 1444 1929 1508; x_wconf 85' lang='grc' dir='ltr'>λαλοῦντος</span> 
     </span>
    </p>
   </div>
   <div class='ocr_carea' id='block_1_14' title="bbox 352 1531 1929 1604">
    <p class='ocr_par' dir='ltr' id='par_1_14' title="bbox 352 1531 1929 1604">
     <span class='ocr_line' id='line_1_14' title="bbox 352 1531 1929 1604; baseline 0.004 -22"><span class='ocrx_word' id='word_1_94' title='bbox 352 1531 652 1599; x_wconf 73' lang='grc' dir='ltr'>Χριστοῦ,ι</span> <span class='ocrx_word' id='word_1_95' title='bbox 694 1533 812 1594; x_wconf 79' lang='grc' dir='ltr'>καὶ,</span> <span class='ocrx_word' id='word_1_96' title='bbox 840 1532 1021 1584; x_wconf 81' lang='grc' dir='ltr'>ιΔοκῶ</span> <span class='ocrx_word' id='word_1_97' title='bbox 1041 1533 1264 1603; x_wconf 86' lang='grc' dir='ltr'>Πνεῦμα</span> <span class='ocrx_word' id='word_1_98' title='bbox 1282 1533 1415 1588; x_wconf 85' lang='grc' dir='ltr'>Θεοῦ</span> <span class='ocrx_word' id='word_1_99' title='bbox 1435 1533 1601 1604; x_wconf 77' lang='grc' dir='ltr'>ἔχειν.</span> <span class='ocrx_word' id='word_1_100' title='bbox 1629 1554 1647 1587; x_wconf 76' lang='grc' dir='ltr'><strong>ι</strong></span> <span class='ocrx_word' id='word_1_101' title='bbox 1672 1537 1784 1602; x_wconf 79' lang='grc' dir='ltr'>καὶ,</span> <span class='ocrx_word' id='word_1_102' title='bbox 1807 1537 1929 1588; x_wconf 72' lang='grc' dir='ltr'><strong>(Φι-</strong></span> 
     </span>
    </p>
   </div>
   <div class='ocr_carea' id='block_1_15' title="bbox 351 1621 1927 1696">
    <p class='ocr_par' dir='ltr' id='par_1_15' title="bbox 351 1621 1927 1696">
     <span class='ocr_line' id='line_1_15' title="bbox 351 1621 1927 1696; baseline 0.003 -23"><span class='ocrx_word' id='word_1_103' title='bbox 351 1621 427 1674; x_wconf 90' lang='grc' dir='ltr'><strong>λῶ</strong></span> <span class='ocrx_word' id='word_1_104' title='bbox 459 1623 601 1691; x_wconf 77' lang='grc' dir='ltr'>ὑμᾶς</span> <span class='ocrx_word' id='word_1_105' title='bbox 634 1624 692 1674; x_wconf 81' lang='grc' dir='ltr'>ὲν</span> <span class='ocrx_word' id='word_1_106' title='bbox 727 1624 1019 1691; x_wconf 82' lang='grc' dir='ltr'>σπλάγνοις</span> <span class='ocrx_word' id='word_1_107' title='bbox 1061 1625 1236 1695; x_wconf 88' lang='grc' dir='ltr'>Ἰησοῦ</span> <span class='ocrx_word' id='word_1_108' title='bbox 1269 1627 1529 1696; x_wconf 84' lang='grc' dir='ltr'>Χριστοῦ·</span> <span class='ocrx_word' id='word_1_109' title='bbox 1564 1627 1738 1680; x_wconf 75' lang='grc' dir='ltr'>ι’ὃθεν</span> <span class='ocrx_word' id='word_1_110' title='bbox 1769 1627 1927 1696; x_wconf 84' lang='grc' dir='ltr'>δῆλος</span> 
     </span>
    </p>
   </div>
   <div class='ocr_carea' id='block_1_16' title="bbox 352 1709 1928 1787">
    <p class='ocr_par' dir='ltr' id='par_1_16' title="bbox 352 1709 1928 1787">
     <span class='ocr_line' id='line_1_16' title="bbox 352 1709 1928 1787; baseline 0.004 -21"><span class='ocrx_word' id='word_1_111' title='bbox 352 1709 416 1782; x_wconf 82' lang='grc' dir='ltr'>ἦν</span> <span class='ocrx_word' id='word_1_112' title='bbox 446 1714 545 1784; x_wconf 82' lang='grc' dir='ltr'>τὴν</span> <span class='ocrx_word' id='word_1_113' title='bbox 577 1714 743 1785; x_wconf 79' lang='grc' dir='ltr'>αὑτὴν</span> <span class='ocrx_word' id='word_1_114' title='bbox 773 1716 968 1786; x_wconf 75' lang='grc' dir='ltr'>ἐκείνῳ</span> <span class='ocrx_word' id='word_1_115' title='bbox 995 1716 1210 1787; x_wconf 88' lang='grc' dir='ltr'>θέλησιν</span> <span class='ocrx_word' id='word_1_116' title='bbox 1247 1715 1386 1787; x_wconf 81' lang='grc' dir='ltr'>ἔχων</span> <span class='ocrx_word' id='word_1_117' title='bbox 1406 1735 1420 1751; x_wconf 77' lang='grc' dir='ltr'><strong>ο</strong></span> <span class='ocrx_word' id='word_1_118' title='bbox 1453 1719 1548 1774; x_wconf 77' lang='grc' dir='ltr'>καὶ</span> <span class='ocrx_word' id='word_1_119' title='bbox 1567 1718 1744 1772; x_wconf 83' lang='grc' dir='ltr'>πάντα</span> <span class='ocrx_word' id='word_1_120' title='bbox 1802 1734 1928 1772; x_wconf 71' lang='grc' dir='ltr'>συν-</span> 
     </span>
    </p>
   </div>
   <div class='ocr_carea' id='block_1_17' title="bbox 1381 321 2510 386">
    <p class='ocr_par' dir='ltr' id='par_1_17' title="bbox 1381 321 2510 386">
     <span class='ocr_line' id='line_1_17' title="bbox 1381 321 2510 386; baseline -0.002 -2"><span class='ocrx_word' id='word_1_121' title='bbox 1381 323 1480 384; x_wconf 89' lang='lat' dir='ltr'><strong>DE</strong></span> <span class='ocrx_word' id='word_1_122' title='bbox 1521 323 1697 383; x_wconf 88' lang='lat' dir='ltr'><strong>VlTA</strong></span> <span class='ocrx_word' id='word_1_123' title='bbox 1730 321 1813 383; x_wconf 82' lang='lat' dir='ltr'><strong>IN</strong></span> <span class='ocrx_word' id='word_1_124' title='bbox 1841 321 2174 384; x_wconf 82' lang='lat' dir='ltr'><strong>CHRISTO</strong></span> <span class='ocrx_word' id='word_1_125' title='bbox 2212 323 2360 386; x_wconf 86' lang='lat' dir='ltr'><strong>LIB.</strong></span> <span class='ocrx_word' id='word_1_126' title='bbox 2409 324 2510 386; x_wconf 83' lang='lat' dir='ltr'><strong>IV.</strong></span> 
     </span>
    </p>
   </div>
   <div class='ocr_carea' id='block_1_18' title="bbox 1221 432 1925 514">
    <p class='ocr_par' dir='ltr' id='par_1_18' title="bbox 1221 432 1918 514">
     <span class='ocr_line' id='line_1_18' title="bbox 1221 432 1918 514; baseline 0.006 -26"><span class='ocrx_word' id='word_1_127' title='bbox 1221 436 1538 514; x_wconf 76' lang='grc' dir='ltr'>μυστηρίων</span> <span class='ocrx_word' id='word_1_128' title='bbox 1561 437 1574 490; x_wconf 91' lang='lat' dir='ltr'><strong>l</strong></span> <span class='ocrx_word' id='word_1_129' title='bbox 1631 432 1756 490; x_wconf 76' lang='grc' dir='ltr'>Οἶον</span> <span class='ocrx_word' id='word_1_130' title='bbox 1813 436 1918 507; x_wconf 79' lang='grc' dir='ltr'><strong>γάρ</strong></span> 
     </span>
    </p>
   </div>
   <div class='ocr_carea' id='block_1_19' title="bbox 2029 432 3599 514">
    <p class='ocr_par' dir='ltr' id='par_1_19' title="bbox 2091 434 3599 508">
     <span class='ocr_line' id='line_1_19' title="bbox 2091 434 3599 508; baseline 0.003 -16"><span class='ocrx_word' id='word_1_131' title='bbox 2091 436 2136 492; x_wconf 94' lang='grc' dir='ltr'><strong>Ο</strong></span> <span class='ocrx_word' id='word_1_132' title='bbox 2167 438 2551 508; x_wconf 77' lang='lat' dir='ltr'><strong>mysteriorum</strong></span> <span class='ocrx_word' id='word_1_133' title='bbox 2582 434 3032 505; x_wconf 88' lang='lat' dir='ltr'><strong>magnitudinem!</strong></span> <span class='ocrx_word' id='word_1_134' title='bbox 3060 435 3335 502; x_wconf 87' lang='lat' dir='ltr'><strong>Quantum</strong></span> <span class='ocrx_word' id='word_1_135' title='bbox 3350 446 3430 492; x_wconf 89' lang='lat' dir='ltr'><strong>est</strong></span> <span class='ocrx_word' id='word_1_136' title='bbox 3453 442 3599 496; x_wconf 87' lang='lat' dir='ltr'><strong>enim</strong></span> 
     </span>
    </p>
   </div>
   <div class='ocr_carea' id='block_1_20' title="bbox 3497 323 3602 386">
    <p class='ocr_par' dir='ltr' id='par_1_20' title="bbox 3497 323 3602 386">
     <span class='ocr_line' id='line_1_20' title="bbox 3497 323 3602 386; baseline 0 -1"><span class='ocrx_word' id='word_1_137' title='bbox 3497 323 3602 386; x_wconf 79' lang='lat'><strong>586</strong></span> 
     </span>
    </p>
   </div>
   <div class='ocr_carea' id='block_1_21' title="bbox 2029 527 3602 601">
    <p class='ocr_par' dir='ltr' id='par_1_21' title="bbox 2029 527 3602 601">
     <span class='ocr_line' id='line_1_21' title="bbox 2029 527 3602 601; baseline 0.002 -17"><span class='ocrx_word' id='word_1_138' title='bbox 2029 527 2234 584; x_wconf 90' lang='lat' dir='ltr'><strong>Christi</strong></span> <span class='ocrx_word' id='word_1_139' title='bbox 2267 539 2504 584; x_wconf 88' lang='lat' dir='ltr'><strong>mentem</strong></span> <span class='ocrx_word' id='word_1_140' title='bbox 2537 543 2601 586; x_wconf 88' lang='lat' dir='ltr'><strong>ac</strong></span> <span class='ocrx_word' id='word_1_141' title='bbox 2631 543 2854 584; x_wconf 88' lang='lat' dir='ltr'><strong>sensum</strong></span> <span class='ocrx_word' id='word_1_142' title='bbox 2901 541 3102 584; x_wconf 68' lang='lat' dir='ltr'><strong>nostue</strong></span> <span class='ocrx_word' id='word_1_143' title='bbox 3133 529 3304 584; x_wconf 87' lang='lat' dir='ltr'><strong>menti</strong></span> <span class='ocrx_word' id='word_1_144' title='bbox 3335 534 3602 601; x_wconf 91' lang='lat' dir='ltr'><strong>copulari,</strong></span> 
     </span>
    </p>
   </div>
   <div class='ocr_carea' id='block_1_22' title="bbox 2028 619 3603 694">
    <p class='ocr_par' dir='ltr' id='par_1_22' title="bbox 2028 619 3603 694">
     <span class='ocr_line' id='line_1_22' title="bbox 2028 619 3603 694; baseline 0.005 -21"><span class='ocrx_word' id='word_1_145' title='bbox 2028 628 2082 674; x_wconf 89' lang='lat' dir='ltr'><strong>et</strong></span> <span class='ocrx_word' id='word_1_146' title='bbox 2131 619 2394 674; x_wconf 88' lang='lat' dir='ltr'><strong>voluntati</strong></span> <span class='ocrx_word' id='word_1_147' title='bbox 2443 629 2647 675; x_wconf 68' lang='lat' dir='ltr'><strong>nostra:</strong></span> <span class='ocrx_word' id='word_1_148' title='bbox 2697 620 2846 676; x_wconf 90' lang='lat' dir='ltr'><strong>illius</strong></span> <span class='ocrx_word' id='word_1_149' title='bbox 2904 621 3264 685; x_wconf 74' lang='lat' dir='ltr'><strong>voluntatem,</strong></span> <span class='ocrx_word' id='word_1_150' title='bbox 3300 631 3353 678; x_wconf 84' lang='grc' dir='ltr'><strong>ει</strong></span> <span class='ocrx_word' id='word_1_151' title='bbox 3400 641 3603 694; x_wconf 90' lang='lat' dir='ltr'><strong>corpus</strong></span> 
     </span>
    </p>
   </div>
   <div class='ocr_carea' id='block_1_23' title="bbox 2027 703 3602 779">
    <p class='ocr_par' dir='ltr' id='par_1_23' title="bbox 2027 703 3602 779">
     <span class='ocr_line' id='line_1_23' title="bbox 2027 703 3602 779; baseline 0.003 -19"><span class='ocrx_word' id='word_1_152' title='bbox 2027 703 2171 760; x_wconf 89' lang='lat' dir='ltr'><strong>illius</strong></span> <span class='ocrx_word' id='word_1_153' title='bbox 2193 716 2384 763; x_wconf 81' lang='lat' dir='ltr'><strong>nostro</strong></span> <span class='ocrx_word' id='word_1_154' title='bbox 2406 707 2621 776; x_wconf 84' lang='lat' dir='ltr'><strong>corpori</strong></span> <span class='ocrx_word' id='word_1_155' title='bbox 2654 707 2942 762; x_wconf 76' lang='lat' dir='ltr'><strong>admisceri</strong></span> <span class='ocrx_word' id='word_1_156' title='bbox 2965 709 2976 761; x_wconf 88' lang='lat'>!</span> <span class='ocrx_word' id='word_1_157' title='bbox 3001 708 3186 774; x_wconf 88' lang='lat' dir='ltr'><strong>Qualis</strong></span> <span class='ocrx_word' id='word_1_158' title='bbox 3204 720 3392 766; x_wconf 87' lang='lat' dir='ltr'><strong>nostra</strong></span> <span class='ocrx_word' id='word_1_159' title='bbox 3422 728 3602 779; x_wconf 76' lang='lat' dir='ltr'><strong>mens,</strong></span> 
     </span>
    </p>
   </div>
   <div class='ocr_carea' id='block_1_24' title="bbox 2027 798 3604 876">
    <p class='ocr_par' dir='ltr' id='par_1_24' title="bbox 2027 798 3604 876">
     <span class='ocr_line' id='line_1_24' title="bbox 2027 798 3604 876; baseline 0.005 -24"><span class='ocrx_word' id='word_1_160' title='bbox 2027 798 2208 852; x_wconf 76' lang='lat' dir='ltr'><strong>diruta</strong></span> <span class='ocrx_word' id='word_1_161' title='bbox 2239 806 2416 853; x_wconf 89' lang='lat' dir='ltr'><strong>mente</strong></span> <span class='ocrx_word' id='word_1_162' title='bbox 2454 799 3076 870; x_wconf 84' lang='lat' dir='ltr'><strong>obtinenteimperium!</strong></span> <span class='ocrx_word' id='word_1_163' title='bbox 3110 801 3297 867; x_wconf 80' lang='lat' dir='ltr'><strong>Qualis</strong></span> <span class='ocrx_word' id='word_1_164' title='bbox 3329 806 3604 876; x_wconf 74' lang='lat' dir='ltr'><strong>voluntas,</strong></span> 
     </span>
    </p>
   </div>
   <div class='ocr_carea' id='block_1_25' title="bbox 2026 889 3604 968">
    <p class='ocr_par' dir='ltr' id='par_1_25' title="bbox 2026 889 3604 968">
     <span class='ocr_line' id='line_1_25' title="bbox 2026 889 3604 968; baseline 0.007 -24"><span class='ocrx_word' id='word_1_165' title='bbox 2026 890 2185 945; x_wconf 79' lang='lat' dir='ltr'><strong>beata</strong></span> <span class='ocrx_word' id='word_1_166' title='bbox 2231 889 2322 945; x_wconf 92' lang='lat' dir='ltr'><strong>illa</strong></span> <span class='ocrx_word' id='word_1_167' title='bbox 2366 891 2647 946; x_wconf 84' lang='lat' dir='ltr'><strong>voluntate</strong></span> <span class='ocrx_word' id='word_1_168' title='bbox 2700 903 3019 968; x_wconf 81' lang='lat' dir='ltr'><strong>superante.</strong></span> <span class='ocrx_word' id='word_1_169' title='bbox 3087 894 3278 960; x_wconf 78' lang='lat' dir='ltr'><strong>Qualis</strong></span> <span class='ocrx_word' id='word_1_170' title='bbox 3312 906 3474 964; x_wconf 87' lang='lat' dir='ltr'><strong>terra,</strong></span> <span class='ocrx_word' id='word_1_171' title='bbox 3535 903 3604 956; x_wconf 92' lang='lat' dir='ltr'><strong>ab</strong></span> 
     </span>
    </p>
   </div>
   <div class='ocr_carea' id='block_1_26' title="bbox 2026 981 3602 1053">
    <p class='ocr_par' dir='ltr' id='par_1_26' title="bbox 2026 981 3602 1053">
     <span class='ocr_line' id='line_1_26' title="bbox 2026 981 3602 1053; baseline 0.007 -18"><span class='ocrx_word' id='word_1_172' title='bbox 2026 983 2151 1053; x_wconf 83' lang='lat' dir='ltr'><strong>igne</strong></span> <span class='ocrx_word' id='word_1_173' title='bbox 2177 983 2270 1038; x_wconf 90' lang='lat' dir='ltr'><strong>illo</strong></span> <span class='ocrx_word' id='word_1_174' title='bbox 2305 984 2462 1052; x_wconf 90' lang='lat' dir='ltr'><strong>longe</strong></span> <span class='ocrx_word' id='word_1_175' title='bbox 2489 985 2655 1038; x_wconf 86' lang='lat' dir='ltr'><strong>victa.</strong></span> <span class='ocrx_word' id='word_1_176' title='bbox 2688 981 2814 1038; x_wconf 67' lang='lat' dir='ltr'><strong>Haec</strong></span> <span class='ocrx_word' id='word_1_177' title='bbox 2836 998 3001 1053; x_wconf 89' lang='lat' dir='ltr'><strong>porro</strong></span> <span class='ocrx_word' id='word_1_178' title='bbox 3029 985 3102 1039; x_wconf 91' lang='lat' dir='ltr'><strong>ita</strong></span> <span class='ocrx_word' id='word_1_179' title='bbox 3136 989 3356 1044; x_wconf 81' lang='lat' dir='ltr'><strong>evenire</strong></span> <span class='ocrx_word' id='word_1_180' title='bbox 3385 990 3602 1047; x_wconf 65' lang='lat' dir='ltr'><strong>‘Paulus</strong></span> 
     </span>
    </p>
   </div>
   <div class='ocr_carea' id='block_1_27' title="bbox 2027 1072 3604 1146">
    <p class='ocr_par' dir='ltr' id='par_1_27' title="bbox 2027 1072 3604 1146">
     <span class='ocr_line' id='line_1_27' title="bbox 2027 1072 3604 1146; baseline 0.006 -20"><span class='ocrx_word' id='word_1_181' title='bbox 2027 1073 2370 1139; x_wconf 85' lang='lat' dir='ltr'><strong>testiﬁcatur,</strong></span> <span class='ocrx_word' id='word_1_182' title='bbox 2420 1072 2549 1127; x_wconf 90' lang='lat' dir='ltr'><strong>dum</strong></span> <span class='ocrx_word' id='word_1_183' title='bbox 2604 1086 2662 1126; x_wconf 88' lang='lat' dir='ltr'><strong>se</strong></span> <span class='ocrx_word' id='word_1_184' title='bbox 2700 1087 2800 1128; x_wconf 88' lang='lat' dir='ltr'><strong>nec</strong></span> <span class='ocrx_word' id='word_1_185' title='bbox 2845 1083 3082 1128; x_wconf 87' lang='lat' dir='ltr'><strong>mentem</strong></span> <span class='ocrx_word' id='word_1_186' title='bbox 3131 1091 3193 1130; x_wconf 87' lang='lat' dir='ltr'><strong>ac</strong></span> <span class='ocrx_word' id='word_1_187' title='bbox 3227 1090 3473 1146; x_wconf 86' lang='lat' dir='ltr'><strong>sensum,</strong></span> <span class='ocrx_word' id='word_1_188' title='bbox 3504 1096 3604 1136; x_wconf 91' lang='lat' dir='ltr'><strong>nec</strong></span> 
     </span>
    </p>
   </div>
   <div class='ocr_carea' id='block_1_28' title="bbox 2026 1165 3604 1232">
    <p class='ocr_par' dir='ltr' id='par_1_28' title="bbox 2026 1165 3604 1232">
     <span class='ocr_line' id='line_1_28' title="bbox 2026 1165 3604 1232; baseline 0.006 -15"><span class='ocrx_word' id='word_1_189' title='bbox 2026 1165 2383 1232; x_wconf 73' lang='lat' dir='ltr'><strong>voluntatem,</strong></span> <span class='ocrx_word' id='word_1_190' title='bbox 2419 1181 2520 1220; x_wconf 89' lang='lat' dir='ltr'><strong>nec</strong></span> <span class='ocrx_word' id='word_1_191' title='bbox 2545 1165 2710 1219; x_wconf 87' lang='lat' dir='ltr'><strong>vitam</strong></span> <span class='ocrx_word' id='word_1_192' title='bbox 2753 1180 2906 1220; x_wconf 90' lang='lat' dir='ltr'><strong>suam</strong></span> <span class='ocrx_word' id='word_1_193' title='bbox 2944 1166 3164 1232; x_wconf 84' lang='lat' dir='ltr'><strong>habere,</strong></span> <span class='ocrx_word' id='word_1_194' title='bbox 3206 1170 3300 1224; x_wconf 91' lang='lat' dir='ltr'><strong>sed</strong></span> <span class='ocrx_word' id='word_1_195' title='bbox 3333 1171 3448 1227; x_wconf 61' lang='lat' dir='ltr'><strong>haec</strong></span> <span class='ocrx_word' id='word_1_196' title='bbox 3479 1189 3604 1227; x_wconf 80' lang='lat' dir='ltr'><strong>ont-</strong></span> 
     </span>
    </p>
   </div>
   <div class='ocr_carea' id='block_1_29' title="bbox 2025 1256 3599 1322">
    <p class='ocr_par' dir='ltr' id='par_1_29' title="bbox 2025 1256 3599 1322">
     <span class='ocr_line' id='line_1_29' title="bbox 2025 1256 3599 1322; baseline 0.006 -11"><span class='ocrx_word' id='word_1_197' title='bbox 2025 1257 2116 1311; x_wconf 86' lang='lat' dir='ltr'><strong>nia</strong></span> <span class='ocrx_word' id='word_1_198' title='bbox 2135 1256 2412 1313; x_wconf 85' lang='lat' dir='ltr'><strong>Christum</strong></span> <span class='ocrx_word' id='word_1_199' title='bbox 2434 1258 2536 1313; x_wconf 87' lang='lat' dir='ltr'><strong>sibi</strong></span> <span class='ocrx_word' id='word_1_200' title='bbox 2572 1257 2776 1314; x_wconf 81' lang='lat' dir='ltr'><strong>factum</strong></span> <span class='ocrx_word' id='word_1_201' title='bbox 2807 1274 2928 1314; x_wconf 89' lang='lat' dir='ltr'><strong>esse</strong></span> <span class='ocrx_word' id='word_1_202' title='bbox 2962 1261 3270 1318; x_wconf 78' lang='lat' dir='ltr'><strong>confirmat.</strong></span> <span class='ocrx_word' id='word_1_203' title='bbox 3297 1266 3387 1319; x_wconf 85' lang='lat' dir='ltr'><strong>Ait</strong></span> <span class='ocrx_word' id='word_1_204' title='bbox 3414 1267 3559 1322; x_wconf 91' lang='lat' dir='ltr'><strong>enim</strong></span> <span class='ocrx_word' id='word_1_205' title='bbox 3585 1284 3599 1320; x_wconf 90' lang='lat'><strong>:</strong></span> 
     </span>
    </p>
   </div>
   <div class='ocr_carea' id='block_1_30' title="bbox 2033 1349 3606 1429">
    <p class='ocr_par' dir='ltr' id='par_1_30' title="bbox 2033 1349 3606 1429">
     <span class='ocr_line' id='line_1_30' title="bbox 2033 1349 3606 1429; baseline 0.001 -27"><span class='ocrx_word' id='word_1_206' title='bbox 2033 1349 2173 1404; x_wconf 70' lang='lat' dir='ltr'><strong>«Nos</strong></span> <span class='ocrx_word' id='word_1_207' title='bbox 2209 1364 2430 1404; x_wconf 90' lang='lat' dir='ltr'><strong>sensum</strong></span> <span class='ocrx_word' id='word_1_208' title='bbox 2462 1349 2664 1404; x_wconf 84' lang='lat' dir='ltr'><strong>Christi</strong></span> <span class='ocrx_word' id='word_1_209' title='bbox 2697 1351 3058 1417; x_wconf 81' lang='lat' dir='ltr'><strong>habemus&quot;;</strong></span> <span class='ocrx_word' id='word_1_210' title='bbox 3087 1370 3106 1405; x_wconf 83' lang='grc' dir='ltr'><strong>ι</strong></span> <span class='ocrx_word' id='word_1_211' title='bbox 3136 1361 3208 1421; x_wconf 88' lang='lat' dir='ltr'><strong>et,</strong></span> <span class='ocrx_word' id='word_1_212' title='bbox 3240 1373 3259 1406; x_wconf 80' lang='grc' dir='ltr'><strong>ι</strong></span> <span class='ocrx_word' id='word_1_213' title='bbox 3287 1357 3368 1410; x_wconf 85' lang='lat' dir='ltr'><strong>An</strong></span> <span class='ocrx_word' id='word_1_214' title='bbox 3398 1361 3606 1429; x_wconf 73' lang='grc' dir='ltr'>θιρει-ί.</span> 
     </span>
    </p>
   </div>
   <div class='ocr_carea' id='block_1_31' title="bbox 2029 1439 3606 1514">
    <p class='ocr_par' dir='ltr' id='par_1_31' title="bbox 2029 1439 3606 1514">
     <span class='ocr_line' id='line_1_31' title="bbox 2029 1439 3606 1514; baseline 0.006 -20"><span class='ocrx_word' id='word_1_215' title='bbox 2029 1449 2270 1496; x_wconf 90' lang='lat' dir='ltr'><strong>mentum</strong></span> <span class='ocrx_word' id='word_1_216' title='bbox 2311 1439 2556 1511; x_wconf 69' lang='lat' dir='ltr'><strong>quaeritis</strong></span> <span class='ocrx_word' id='word_1_217' title='bbox 2587 1441 2730 1509; x_wconf 84' lang='lat' dir='ltr'><strong>ejus,</strong></span> <span class='ocrx_word' id='word_1_218' title='bbox 2761 1441 2855 1510; x_wconf 91' lang='lat' dir='ltr'><strong>qui</strong></span> <span class='ocrx_word' id='word_1_219' title='bbox 2913 1443 2968 1497; x_wconf 92' lang='lat' dir='ltr'><strong>in</strong></span> <span class='ocrx_word' id='word_1_220' title='bbox 3019 1459 3106 1498; x_wconf 85' lang='lat' dir='ltr'><strong>me</strong></span> <span class='ocrx_word' id='word_1_221' title='bbox 3157 1444 3401 1514; x_wconf 88' lang='lat' dir='ltr'><strong>loquitur</strong></span> <span class='ocrx_word' id='word_1_222' title='bbox 3441 1449 3606 1503; x_wconf 78' lang='lat' dir='ltr'><strong>Chri-</strong></span> 
     </span>
    </p>
   </div>
   <div class='ocr_carea' id='block_1_32' title="bbox 2028 1531 3602 1606">
    <p class='ocr_par' dir='ltr' id='par_1_32' title="bbox 2028 1531 3602 1606">
     <span class='ocr_line' id='line_1_32' title="bbox 2028 1531 3602 1606; baseline 0.005 -20"><span class='ocrx_word' id='word_1_223' title='bbox 2028 1541 2147 1587; x_wconf 88' lang='lat' dir='ltr'><strong>stus</strong></span> <span class='ocrx_word' id='word_1_224' title='bbox 2170 1531 2215 1562; x_wconf 76' lang='grc'><strong>⁸⁸</strong></span> <span class='ocrx_word' id='word_1_225' title='bbox 2238 1531 2344 1586; x_wconf 84' lang='lat' dir='ltr'><strong>?Et</strong></span> <span class='ocrx_word' id='word_1_226' title='bbox 2374 1548 2389 1586; x_wconf 88' lang='lat'><strong>:</strong></span> <span class='ocrx_word' id='word_1_227' title='bbox 2422 1532 2589 1587; x_wconf 71' lang='lat' dir='ltr'><strong>«Puto</strong></span> <span class='ocrx_word' id='word_1_228' title='bbox 2617 1542 2800 1588; x_wconf 87' lang='lat' dir='ltr'><strong>autem</strong></span> <span class='ocrx_word' id='word_1_229' title='bbox 2823 1534 2968 1602; x_wconf 88' lang='lat' dir='ltr'><strong>quod</strong></span> <span class='ocrx_word' id='word_1_230' title='bbox 3009 1542 3066 1588; x_wconf 89' lang='lat' dir='ltr'><strong>et</strong></span> <span class='ocrx_word' id='word_1_231' title='bbox 3093 1549 3194 1606; x_wconf 81' lang='lat' dir='ltr'><strong>ego</strong></span> <span class='ocrx_word' id='word_1_232' title='bbox 3224 1534 3487 1605; x_wconf 89' lang='lat' dir='ltr'><strong>Spiritum</strong></span> <span class='ocrx_word' id='word_1_233' title='bbox 3511 1539 3602 1595; x_wconf 88' lang='lat' dir='ltr'><strong>Dei</strong></span> 
     </span>
    </p>
   </div>
   <div class='ocr_carea' id='block_1_33' title="bbox 2028 1623 3602 1694">
    <p class='ocr_par' dir='ltr' id='par_1_33' title="bbox 2028 1623 3602 1694">
     <span class='ocr_line' id='line_1_33' title="bbox 2028 1623 3602 1694; baseline 0.006 -18"><span class='ocrx_word' id='word_1_234' title='bbox 2028 1623 2256 1678; x_wconf 80' lang='lat' dir='ltr'><strong>habeam</strong></span> <span class='ocrx_word' id='word_1_235' title='bbox 2283 1624 2372 1690; x_wconf 80' lang='lat'><strong>”;</strong></span> <span class='ocrx_word' id='word_1_236' title='bbox 2410 1643 2429 1675; x_wconf 77' lang='grc' dir='ltr'><strong>ι</strong></span> <span class='ocrx_word' id='word_1_237' title='bbox 2485 1633 2543 1678; x_wconf 91' lang='lat' dir='ltr'><strong>et</strong></span> <span class='ocrx_word' id='word_1_238' title='bbox 2577 1641 2590 1678; x_wconf 91' lang='lat'><strong>:</strong></span> <span class='ocrx_word' id='word_1_239' title='bbox 2624 1642 2642 1675; x_wconf 76' lang='grc' dir='ltr'><strong>ι</strong></span> <span class='ocrx_word' id='word_1_240' title='bbox 2667 1623 2836 1694; x_wconf 80' lang='lat' dir='ltr'><strong>Diligo</strong></span> <span class='ocrx_word' id='word_1_241' title='bbox 2873 1639 2968 1679; x_wconf 89' lang='lat' dir='ltr'><strong>vos</strong></span> <span class='ocrx_word' id='word_1_242' title='bbox 3021 1625 3074 1678; x_wconf 92' lang='lat' dir='ltr'><strong>in</strong></span> <span class='ocrx_word' id='word_1_243' title='bbox 3123 1626 3424 1685; x_wconf 77' lang='lat' dir='ltr'><strong>visceribus</strong></span> <span class='ocrx_word' id='word_1_244' title='bbox 3470 1631 3602 1686; x_wconf 86' lang='lat' dir='ltr'><strong>Jcsu</strong></span> 
     </span>
    </p>
   </div>
   <div class='ocr_carea' id='block_1_34' title="bbox 2029 1712 3605 1784">
    <p class='ocr_par' dir='ltr' id='par_1_34' title="bbox 2029 1712 3605 1784">
     <span class='ocr_line' id='line_1_34' title="bbox 2029 1712 3605 1784; baseline 0.005 -17"><span class='ocrx_word' id='word_1_245' title='bbox 2029 1712 2230 1768; x_wconf 88' lang='lat' dir='ltr'><strong>Christi</strong></span> <span class='ocrx_word' id='word_1_246' title='bbox 2257 1713 2345 1780; x_wconf 84' lang='grc'><strong>⁸⁰;</strong></span> <span class='ocrx_word' id='word_1_247' title='bbox 2383 1732 2401 1766; x_wconf 81' lang='grc' dir='ltr'><strong>ι</strong></span> <span class='ocrx_word' id='word_1_248' title='bbox 2440 1729 2509 1769; x_wconf 88' lang='lat' dir='ltr'><strong>ex</strong></span> <span class='ocrx_word' id='word_1_249' title='bbox 2553 1728 2667 1784; x_wconf 91' lang='lat' dir='ltr'><strong>quo</strong></span> <span class='ocrx_word' id='word_1_250' title='bbox 2697 1721 2864 1784; x_wconf 90' lang='lat' dir='ltr'><strong>patet,</strong></span> <span class='ocrx_word' id='word_1_251' title='bbox 2924 1715 2973 1768; x_wconf 89' lang='lat' dir='ltr'><strong>ei</strong></span> <span class='ocrx_word' id='word_1_252' title='bbox 3015 1731 3284 1770; x_wconf 88' lang='lat' dir='ltr'><strong>summam</strong></span> <span class='ocrx_word' id='word_1_253' title='bbox 3332 1736 3456 1773; x_wconf 87' lang='lat' dir='ltr'><strong>cum</strong></span> <span class='ocrx_word' id='word_1_254' title='bbox 3511 1721 3605 1776; x_wconf 90' lang='lat' dir='ltr'><strong>illo</strong></span> 
     </span>
    </p>
   </div>
   <div class='ocr_carea' id='block_1_35' title="bbox 352 1798 1925 1881">
    <p class='ocr_par' dir='ltr' id='par_1_35' title="bbox 352 1805 1925 1881">
     <span class='ocr_line' id='line_1_35' title="bbox 352 1805 1925 1881; baseline 0.003 -23"><span class='ocrx_word' id='word_1_255' title='bbox 352 1805 508 1870; x_wconf 87' lang='grc' dir='ltr'>ελὼν,</span> <span class='ocrx_word' id='word_1_256' title='bbox 550 1825 568 1858; x_wconf 80' lang='grc' dir='ltr'><strong>ι</strong></span> <span class='ocrx_word' id='word_1_257' title='bbox 607 1807 693 1859; x_wconf 94' lang='grc' dir='ltr'>Ζῶ</span> <span class='ocrx_word' id='word_1_258' title='bbox 723 1807 780 1860; x_wconf 79' lang='grc' dir='ltr'>δὲ</span> <span class='ocrx_word' id='word_1_259' title='bbox 805 1807 988 1861; x_wconf 89' lang='grc' dir='ltr'>οὑκέτι</span> <span class='ocrx_word' id='word_1_260' title='bbox 1019 1809 1148 1877; x_wconf 81' lang='grc' dir='ltr'><strong>ἐγὼ,</strong></span> <span class='ocrx_word' id='word_1_261' title='bbox 1178 1810 1331 1880; x_wconf 76' lang='grc' dir='ltr'>φησὶ,</span> <span class='ocrx_word' id='word_1_262' title='bbox 1364 1809 1430 1880; x_wconf 80' lang='grc' dir='ltr'><strong>ζῇ</strong></span> <span class='ocrx_word' id='word_1_263' title='bbox 1473 1809 1527 1863; x_wconf 77' lang='grc' dir='ltr'>δὲ</span> <span class='ocrx_word' id='word_1_264' title='bbox 1558 1813 1615 1864; x_wconf 80' lang='grc' dir='ltr'>ὲν</span> <span class='ocrx_word' id='word_1_265' title='bbox 1642 1810 1764 1881; x_wconf 74' lang='grc' dir='ltr'>ἐμοὶ</span> <span class='ocrx_word' id='word_1_266' title='bbox 1791 1809 1925 1878; x_wconf 81' lang='grc' dir='ltr'>Χρι-</span> 
     </span>
    </p>
   </div>
   <div class='ocr_carea' id='block_1_36' title="bbox 2029 1798 3602 1881">
    <p class='ocr_par' dir='ltr' id='par_1_36' title="bbox 2032 1805 3602 1876">
     <span class='ocr_line' id='line_1_36' title="bbox 2032 1805 3602 1876; baseline 0.008 -18"><span class='ocrx_word' id='word_1_267' title='bbox 2032 1805 2368 1860; x_wconf 82' lang='lat' dir='ltr'><strong>voluntatem</strong></span> <span class='ocrx_word' id='word_1_268' title='bbox 2433 1808 2968 1876; x_wconf 88' lang='lat' dir='ltr'><strong>consensionemque</strong></span> <span class='ocrx_word' id='word_1_269' title='bbox 2999 1806 3169 1864; x_wconf 82' lang='lat' dir='ltr'><strong>fuisse</strong></span> <span class='ocrx_word' id='word_1_270' title='bbox 3209 1810 3261 1863; x_wconf 93' lang='lat' dir='ltr'><strong>in</strong></span> <span class='ocrx_word' id='word_1_271' title='bbox 3297 1813 3556 1870; x_wconf 89' lang='lat' dir='ltr'><strong>omnibus</strong></span> <span class='ocrx_word' id='word_1_272' title='bbox 3587 1831 3602 1869; x_wconf 92' lang='lat'><strong>:</strong></span> 
     </span>
    </p>
   </div>
   <div class='ocr_carea' id='block_1_37' title="bbox 353 1897 1923 1972">
    <p class='ocr_par' dir='ltr' id='par_1_37' title="bbox 353 1897 1923 1972">
     <span class='ocr_line' id='line_1_37' title="bbox 353 1897 1923 1972; baseline 0.003 -22"><span class='ocrx_word' id='word_1_273' title='bbox 353 1899 497 1960; x_wconf 88' lang='grc' dir='ltr'>στός.</span> <span class='ocrx_word' id='word_1_274' title='bbox 525 1916 544 1949; x_wconf 79' lang='grc' dir='ltr'><strong>ι</strong></span> <span class='ocrx_word' id='word_1_275' title='bbox 573 1897 730 1952; x_wconf 80' lang='grc' dir='ltr'>Οὕτω</span> <span class='ocrx_word' id='word_1_276' title='bbox 766 1900 974 1954; x_wconf 86' lang='grc' dir='ltr'>τέλειόν</span> <span class='ocrx_word' id='word_1_277' title='bbox 1000 1903 1115 1954; x_wconf 76' lang='grc' dir='ltr'>ἐστι</span> <span class='ocrx_word' id='word_1_278' title='bbox 1153 1904 1454 1972; x_wconf 83' lang='grc' dir='ltr'>μυστήριον</span> <span class='ocrx_word' id='word_1_279' title='bbox 1497 1903 1720 1972; x_wconf 87' lang='grc' dir='ltr'>τελετῆς</span> <span class='ocrx_word' id='word_1_280' title='bbox 1777 1902 1923 1956; x_wconf 81' lang='grc' dir='ltr'>ἀπά-</span> 
     </span>
    </p>
   </div>
   <div class='ocr_carea' id='block_1_38' title="bbox 352 1989 1925 2064">
    <p class='ocr_par' dir='ltr' id='par_1_38' title="bbox 352 1989 1925 2064">
     <span class='ocr_line' id='line_1_38' title="bbox 352 1989 1925 2064; baseline 0.003 -23"><span class='ocrx_word' id='word_1_281' title='bbox 352 2007 454 2058; x_wconf 88' lang='grc' dir='ltr'><strong>σης</strong></span> <span class='ocrx_word' id='word_1_282' title='bbox 483 1989 854 2059; x_wconf 70' lang='grc' dir='ltr'>διαφερόντως</span> <span class='ocrx_word' id='word_1_283' title='bbox 892 1993 989 2046; x_wconf 72' lang='grc' dir='ltr'>καὶ</span> <span class='ocrx_word' id='word_1_284' title='bbox 1031 1992 1138 2046; x_wconf 87' lang='grc' dir='ltr'><strong>τῶν</strong></span> <span class='ocrx_word' id='word_1_285' title='bbox 1186 1992 1409 2062; x_wconf 80' lang='grc' dir='ltr'><strong>ἀγαθῶν</strong></span> <span class='ocrx_word' id='word_1_286' title='bbox 1457 1993 1544 2046; x_wconf 80' lang='grc' dir='ltr'><strong>ἐπ’</strong></span> <span class='ocrx_word' id='word_1_287' title='bbox 1590 1993 1761 2064; x_wconf 86' lang='grc' dir='ltr'>αὑτὴν</span> <span class='ocrx_word' id='word_1_288' title='bbox 1800 1994 1925 2060; x_wconf 76' lang='grc' dir='ltr'>ἄγει</span> 
     </span>
    </p>
   </div>
   <div class='ocr_carea' id='block_1_39' title="bbox 350 2079 1926 2156">
    <p class='ocr_par' dir='ltr' id='par_1_39' title="bbox 350 2079 1926 2156">
     <span class='ocr_line' id='line_1_39' title="bbox 350 2079 1926 2156; baseline 0.004 -25"><span class='ocrx_word' id='word_1_289' title='bbox 350 2079 449 2149; x_wconf 83' lang='grc' dir='ltr'>τὴν</span> <span class='ocrx_word' id='word_1_290' title='bbox 491 2080 754 2150; x_wconf 82' lang='grc' dir='ltr'>κορυφὴν,</span> <span class='ocrx_word' id='word_1_291' title='bbox 792 2082 914 2134; x_wconf 74' lang='grc' dir='ltr'>ἐπεὶ</span> <span class='ocrx_word' id='word_1_292' title='bbox 939 2084 1034 2136; x_wconf 76' lang='grc' dir='ltr'>καὶ</span> <span class='ocrx_word' id='word_1_293' title='bbox 1069 2084 1249 2156; x_wconf 81' lang='grc' dir='ltr'>πάσης</span> <span class='ocrx_word' id='word_1_294' title='bbox 1305 2083 1656 2155; x_wconf 77' lang='grc' dir='ltr'>ἀνθρωπείας</span> <span class='ocrx_word' id='word_1_295' title='bbox 1689 2084 1926 2154; x_wconf 82' lang='grc' dir='ltr'>σπουδῆς</span> 
     </span>
    </p>
   </div>
   <div class='ocr_carea' id='block_1_40' title="bbox 350 2171 1927 2244">
    <p class='ocr_par' dir='ltr' id='par_1_40' title="bbox 350 2171 1927 2244">
     <span class='ocr_line' id='line_1_40' title="bbox 350 2171 1927 2244; baseline 0.003 -22"><span class='ocrx_word' id='word_1_296' title='bbox 350 2171 582 2224; x_wconf 79' lang='grc' dir='ltr'>ἐνταῦθα</span> <span class='ocrx_word' id='word_1_297' title='bbox 611 2172 674 2244; x_wconf 79' lang='grc' dir='ltr'>δὴ</span> <span class='ocrx_word' id='word_1_298' title='bbox 709 2172 768 2224; x_wconf 88' lang='grc' dir='ltr'><strong>τὸ</strong></span> <span class='ocrx_word' id='word_1_299' title='bbox 793 2173 1023 2244; x_wconf 74' lang='grc' dir='ltr'>ἔσχατον</span> <span class='ocrx_word' id='word_1_300' title='bbox 1051 2175 1223 2236; x_wconf 84' lang='grc' dir='ltr'>τέλος.</span> <span class='ocrx_word' id='word_1_301' title='bbox 1257 2173 1396 2228; x_wconf 86' lang='grc' dir='ltr'>Θεοῦ</span> <span class='ocrx_word' id='word_1_302' title='bbox 1433 2173 1540 2243; x_wconf 82' lang='grc' dir='ltr'>γὰρ</span> <span class='ocrx_word' id='word_1_303' title='bbox 1570 2174 1738 2228; x_wconf 88' lang='grc' dir='ltr'>αὑτοῦ</span> <span class='ocrx_word' id='word_1_304' title='bbox 1797 2190 1927 2242; x_wconf 86' lang='grc' dir='ltr'>τυγ-</span> 
     </span>
    </p>
   </div>
   <div class='ocr_carea' id='block_1_41' title="bbox 349 2262 1925 2336">
    <p class='ocr_par' dir='ltr' id='par_1_41' title="bbox 349 2262 1925 2336">
     <span class='ocr_line' id='line_1_41' title="bbox 349 2262 1925 2336; baseline 0.001 -20"><span class='ocrx_word' id='word_1_305' title='bbox 349 2262 584 2332; x_wconf 83' lang='grc' dir='ltr'>χάνομεν</span> <span class='ocrx_word' id='word_1_306' title='bbox 615 2265 672 2317; x_wconf 82' lang='grc' dir='ltr'>ὲν</span> <span class='ocrx_word' id='word_1_307' title='bbox 702 2264 848 2334; x_wconf 87' lang='grc' dir='ltr'><strong>αὑτῷ</strong></span> <span class='ocrx_word' id='word_1_308' title='bbox 881 2267 976 2319; x_wconf 79' lang='grc' dir='ltr'><strong>καὶ</strong></span> <span class='ocrx_word' id='word_1_309' title='bbox 1011 2264 1143 2329; x_wconf 86' lang='grc' dir='ltr'>Θεὸς</span> <span class='ocrx_word' id='word_1_310' title='bbox 1165 2267 1298 2336; x_wconf 73' lang='grc' dir='ltr'>ἡμῖν</span> <span class='ocrx_word' id='word_1_311' title='bbox 1332 2264 1549 2320; x_wconf 73' lang='grc' dir='ltr'>ἑνοῦται</span> <span class='ocrx_word' id='word_1_312' title='bbox 1597 2265 1695 2335; x_wconf 86' lang='grc' dir='ltr'><strong>τὴν</strong></span> <span class='ocrx_word' id='word_1_313' title='bbox 1726 2264 1925 2318; x_wconf 76' lang='grc' dir='ltr'>ἕνωσιν</span> 
     </span>
    </p>
   </div>
   <div class='ocr_carea' id='block_1_42' title="bbox 350 2353 1924 2428">
    <p class='ocr_par' dir='ltr' id='par_1_42' title="bbox 350 2353 1924 2428">
     <span class='ocr_line' id='line_1_42' title="bbox 350 2353 1924 2428; baseline 0.003 -24"><span class='ocrx_word' id='word_1_314' title='bbox 350 2353 446 2423; x_wconf 82' lang='grc' dir='ltr'>τὴν</span> <span class='ocrx_word' id='word_1_315' title='bbox 475 2353 809 2424; x_wconf 78' lang='grc' dir='ltr'>τελεωτάτην</span> <span class='ocrx_word' id='word_1_316' title='bbox 838 2373 852 2389; x_wconf 79' lang='grc' dir='ltr'><strong>ο</strong></span> <span class='ocrx_word' id='word_1_317' title='bbox 881 2357 975 2411; x_wconf 89' lang='grc' dir='ltr'><strong>τοῦ</strong></span> <span class='ocrx_word' id='word_1_318' title='bbox 1011 2357 1120 2428; x_wconf 80' lang='grc' dir='ltr'>γὰρ</span> <span class='ocrx_word' id='word_1_319' title='bbox 1152 2356 1210 2410; x_wconf 80' lang='grc' dir='ltr'>ἓν</span> <span class='ocrx_word' id='word_1_320' title='bbox 1242 2357 1458 2427; x_wconf 87' lang='grc' dir='ltr'>πνεῦμα</span> <span class='ocrx_word' id='word_1_321' title='bbox 1486 2355 1626 2427; x_wconf 83' lang='grc' dir='ltr'><strong>μετά</strong></span> <span class='ocrx_word' id='word_1_322' title='bbox 1658 2355 1752 2409; x_wconf 90' lang='grc' dir='ltr'><strong>τοῦ</strong></span> <span class='ocrx_word' id='word_1_323' title='bbox 1786 2355 1924 2410; x_wconf 88' lang='grc' dir='ltr'>Θεοῦ</span> 
     </span>
    </p>
   </div>
   <div class='ocr_carea' id='block_1_43' title="bbox 348 2444 1754 2520">
    <p class='ocr_par' dir='ltr' id='par_1_43' title="bbox 348 2444 1754 2520">
     <span class='ocr_line' id='line_1_43' title="bbox 348 2444 1754 2520; baseline 0.007 -24"><span class='ocrx_word' id='word_1_324' title='bbox 348 2444 624 2511; x_wconf 81' lang='grc' dir='ltr'>γενέσθαι,</span> <span class='ocrx_word' id='word_1_325' title='bbox 646 2447 728 2512; x_wconf 90' lang='grc' dir='ltr'><strong>τίς</strong></span> <span class='ocrx_word' id='word_1_326' title='bbox 762 2448 828 2502; x_wconf 83' lang='grc' dir='ltr'>ἂν</span> <span class='ocrx_word' id='word_1_327' title='bbox 869 2448 1238 2520; x_wconf 86' lang='grc' dir='ltr'>ἀκριϐεστέρα</span> <span class='ocrx_word' id='word_1_328' title='bbox 1270 2450 1476 2517; x_wconf 88' lang='grc' dir='ltr'>γένοιτο</span> <span class='ocrx_word' id='word_1_329' title='bbox 1509 2450 1754 2520; x_wconf 89' lang='grc' dir='ltr'>συναφή;</span> 
     </span>
    </p>
   </div>
   <div class='ocr_carea' id='block_1_44' title="bbox 420 2717 1926 2790">
    <p class='ocr_par' dir='ltr' id='par_1_44' title="bbox 420 2717 1926 2790">
     <span class='ocr_line' id='line_1_44' title="bbox 420 2717 1926 2790; baseline -0.001 -19"><span class='ocrx_word' id='word_1_330' title='bbox 420 2720 520 2772; x_wconf 86' lang='grc' dir='ltr'><strong>Διὰ</strong></span> <span class='ocrx_word' id='word_1_331' title='bbox 544 2719 721 2774; x_wconf 85' lang='grc' dir='ltr'>ταῦτα</span> <span class='ocrx_word' id='word_1_332' title='bbox 762 2721 994 2783; x_wconf 71' lang='grc' dir='ltr'>καὶτοῖς</span> <span class='ocrx_word' id='word_1_333' title='bbox 1021 2720 1200 2785; x_wconf 80' lang='grc' dir='ltr'>ἄλλοις</span> <span class='ocrx_word' id='word_1_334' title='bbox 1233 2719 1559 2790; x_wconf 80' lang='grc' dir='ltr'>μυστηρίοις</span> <span class='ocrx_word' id='word_1_335' title='bbox 1596 2719 1655 2772; x_wconf 87' lang='grc' dir='ltr'><strong>τὸ</strong></span> <span class='ocrx_word' id='word_1_336' title='bbox 1697 2717 1926 2781; x_wconf 84' lang='grc' dir='ltr'>τελείοις</span> 
     </span>
    </p>
   </div>
   <div class='ocr_carea' id='block_1_45' title="bbox 353 2806 1928 2884">
    <p class='ocr_par' dir='ltr' id='par_1_45' title="bbox 353 2806 1928 2884">
     <span class='ocr_line' id='line_1_45' title="bbox 353 2806 1928 2884; baseline 0 -21"><span class='ocrx_word' id='word_1_337' title='bbox 353 2806 491 2864; x_wconf 78' lang='grc' dir='ltr'>εἷναι</span> <span class='ocrx_word' id='word_1_338' title='bbox 515 2815 814 2882; x_wconf 82' lang='grc' dir='ltr'>παρέχεται</span> <span class='ocrx_word' id='word_1_339' title='bbox 873 2813 1007 2882; x_wconf 87' lang='grc' dir='ltr'>μόνη</span> <span class='ocrx_word' id='word_1_340' title='bbox 1049 2811 1281 2866; x_wconf 86' lang='grc' dir='ltr'>τελετῶν</span> <span class='ocrx_word' id='word_1_341' title='bbox 1321 2813 1355 2884; x_wconf 76' lang='grc' dir='ltr'><strong>ἡ</strong></span> <span class='ocrx_word' id='word_1_342' title='bbox 1415 2811 1750 2882; x_wconf 85' lang='grc' dir='ltr'>Εὑχαριστία</span> <span class='ocrx_word' id='word_1_343' title='bbox 1775 2827 1788 2840; x_wconf 80' lang='grc'><strong><em>⁸</em></strong></span> <span class='ocrx_word' id='word_1_344' title='bbox 1833 2810 1928 2865; x_wconf 72' lang='grc' dir='ltr'>καὶ</span> 
     </span>
    </p>
   </div>
   <div class='ocr_carea' id='block_1_46' title="bbox 355 2899 1928 2972">
    <p class='ocr_par' dir='ltr' id='par_1_46' title="bbox 355 2899 1928 2972">
     <span class='ocr_line' id='line_1_46' title="bbox 355 2899 1928 2972; baseline -0.002 -17"><span class='ocrx_word' id='word_1_345' title='bbox 355 2902 540 2972; x_wconf 85' lang='grc' dir='ltr'>βοηθεῖ</span> <span class='ocrx_word' id='word_1_346' title='bbox 575 2903 673 2971; x_wconf 85' lang='grc' dir='ltr'>μὲν</span> <span class='ocrx_word' id='word_1_347' title='bbox 726 2903 910 2966; x_wconf 82' lang='grc' dir='ltr'>αὑτοῖς</span> <span class='ocrx_word' id='word_1_348' title='bbox 934 2903 1219 2972; x_wconf 85' lang='grc' dir='ltr'>παράὑτὸ</span> <span class='ocrx_word' id='word_1_349' title='bbox 1267 2903 1328 2956; x_wconf 91' lang='grc' dir='ltr'><strong>τὸ</strong></span> <span class='ocrx_word' id='word_1_350' title='bbox 1383 2901 1660 2959; x_wconf 84' lang='grc' dir='ltr'>τελεῖσθαι</span> <span class='ocrx_word' id='word_1_351' title='bbox 1708 2899 1928 2954; x_wconf 84' lang='grc' dir='ltr'>τελέσαι</span> 
     </span>
    </p>
   </div>
   <div class='ocr_carea' id='block_1_47' title="bbox 355 2992 1928 3066">
    <p class='ocr_par' dir='ltr' id='par_1_47' title="bbox 355 2992 1928 3066">
     <span class='ocr_line' id='line_1_47' title="bbox 355 2992 1928 3066; baseline -0.001 -20"><span class='ocrx_word' id='word_1_352' title='bbox 355 2995 431 3065; x_wconf 71' lang='grc' dir='ltr'>μὴ</span> <span class='ocrx_word' id='word_1_353' title='bbox 467 2995 788 3063; x_wconf 85' lang='grc' dir='ltr'>δυναμένοις</span> <span class='ocrx_word' id='word_1_354' title='bbox 828 2995 999 3066; x_wconf 75' lang='grc' dir='ltr'>χωρὶς</span> <span class='ocrx_word' id='word_1_355' title='bbox 1046 2995 1234 3064; x_wconf 90' lang='grc' dir='ltr'>αὑτῆς,</span> <span class='ocrx_word' id='word_1_356' title='bbox 1293 2994 1481 3065; x_wconf 87' lang='grc' dir='ltr'>βοηθεῖ</span> <span class='ocrx_word' id='word_1_357' title='bbox 1531 2993 1588 3047; x_wconf 73' lang='grc' dir='ltr'>δὲ</span> <span class='ocrx_word' id='word_1_358' title='bbox 1640 2993 1780 3064; x_wconf 73' lang='grc' dir='ltr'>μετὰ</span> <span class='ocrx_word' id='word_1_359' title='bbox 1829 2992 1928 3063; x_wconf 81' lang='grc' dir='ltr'>τὴν</span> 
     </span>
    </p>
   </div>
   <div class='ocr_carea' id='block_1_48' title="bbox 351 3083 1927 3155">
    <p class='ocr_par' dir='ltr' id='par_1_48' title="bbox 351 3083 1927 3155">
     <span class='ocr_line' id='line_1_48' title="bbox 351 3083 1927 3155; baseline -0.006 -10"><span class='ocrx_word' id='word_1_360' title='bbox 351 3087 632 3145; x_wconf 83' lang='grc' dir='ltr'>τελείωσιν</span> <span class='ocrx_word' id='word_1_361' title='bbox 692 3089 750 3141; x_wconf 76' lang='grc' dir='ltr'>ὲν</span> <span class='ocrx_word' id='word_1_362' title='bbox 804 3089 918 3150; x_wconf 88' lang='grc' dir='ltr'>τοῖς</span> <span class='ocrx_word' id='word_1_363' title='bbox 955 3085 1313 3150; x_wconf 80' lang='grc' dir='ltr'>τελεσθεῖσιν,</span> <span class='ocrx_word' id='word_1_364' title='bbox 1363 3085 1582 3138; x_wconf 77' lang='grc' dir='ltr'>ἐπειδὰν</span> <span class='ocrx_word' id='word_1_365' title='bbox 1636 3083 1927 3155; x_wconf 83' lang='grc' dir='ltr'>ἁμαρτιῶν</span> 
     </span>
    </p>
   </div>
   <div class='ocr_carea' id='block_1_49' title="bbox 2039 1895 3606 1968">
    <p class='ocr_par' dir='ltr' id='par_1_49' title="bbox 2039 1895 3606 1968">
     <span class='ocr_line' id='line_1_49' title="bbox 2039 1895 3606 1968; baseline 0.009 -20"><span class='ocrx_word' id='word_1_366' title='bbox 2039 1895 2208 1952; x_wconf 68' lang='lat' dir='ltr'><strong>«Vivo</strong></span> <span class='ocrx_word' id='word_1_367' title='bbox 2233 1907 2413 1952; x_wconf 90' lang='lat' dir='ltr'><strong>autem</strong></span> <span class='ocrx_word' id='word_1_368' title='bbox 2441 1898 2554 1968; x_wconf 88' lang='lat' dir='ltr'><strong>jam</strong></span> <span class='ocrx_word' id='word_1_369' title='bbox 2585 1913 2693 1953; x_wconf 93' lang='lat' dir='ltr'><strong>non</strong></span> <span class='ocrx_word' id='word_1_370' title='bbox 2719 1914 2840 1968; x_wconf 84' lang='lat' dir='ltr'><strong>ego,</strong></span> <span class='ocrx_word' id='word_1_371' title='bbox 2870 1900 3070 1968; x_wconf 83' lang='lat' dir='ltr'><strong>inquit,</strong></span> <span class='ocrx_word' id='word_1_372' title='bbox 3107 1901 3242 1956; x_wconf 84' lang='lat' dir='ltr'><strong>vivit</strong></span> <span class='ocrx_word' id='word_1_373' title='bbox 3274 1918 3404 1960; x_wconf 87' lang='lat' dir='ltr'><strong>vero</strong></span> <span class='ocrx_word' id='word_1_374' title='bbox 3436 1905 3490 1961; x_wconf 91' lang='lat' dir='ltr'><strong>in</strong></span> <span class='ocrx_word' id='word_1_375' title='bbox 3519 1923 3606 1963; x_wconf 89' lang='lat' dir='ltr'><strong>me</strong></span> 
     </span>
    </p>
   </div>
   <div class='ocr_carea' id='block_1_50' title="bbox 2031 1989 3604 2060">
    <p class='ocr_par' dir='ltr' id='par_1_50' title="bbox 2031 1989 3604 2060">
     <span class='ocr_line' id='line_1_50' title="bbox 2031 1989 3604 2060; baseline 0.006 -16"><span class='ocrx_word' id='word_1_376' title='bbox 2031 1989 2335 2045; x_wconf 54' lang='lat' dir='ltr'><strong>Christus»</strong></span> <span class='ocrx_word' id='word_1_377' title='bbox 2373 1989 2524 2045; x_wconf 87' lang='lat' dir='ltr'><strong>Adeo</strong></span> <span class='ocrx_word' id='word_1_378' title='bbox 2563 1990 2866 2060; x_wconf 83' lang='lat' dir='ltr'><strong>perfectum</strong></span> <span class='ocrx_word' id='word_1_379' title='bbox 2911 2002 2993 2048; x_wconf 90' lang='lat' dir='ltr'><strong>est</strong></span> <span class='ocrx_word' id='word_1_380' title='bbox 3036 1993 3140 2048; x_wconf 89' lang='lat' dir='ltr'><strong>hoc</strong></span> <span class='ocrx_word' id='word_1_381' title='bbox 3193 2007 3604 2053; x_wconf 87' lang='lat' dir='ltr'><strong>sacramentum</strong></span> 
     </span>
    </p>
   </div>
   <div class='ocr_carea' id='block_1_51' title="bbox 2031 2081 3608 2148">
    <p class='ocr_par' dir='ltr' id='par_1_51' title="bbox 2031 2081 3608 2148">
     <span class='ocr_line' id='line_1_51' title="bbox 2031 2081 3608 2148; baseline 0.006 -13"><span class='ocrx_word' id='word_1_382' title='bbox 2031 2091 2085 2135; x_wconf 90' lang='lat' dir='ltr'><strong>et</strong></span> <span class='ocrx_word' id='word_1_383' title='bbox 2115 2081 2264 2136; x_wconf 91' lang='lat' dir='ltr'><strong>omni</strong></span> <span class='ocrx_word' id='word_1_384' title='bbox 2313 2091 2663 2137; x_wconf 89' lang='lat' dir='ltr'><strong>sacramento</strong></span> <span class='ocrx_word' id='word_1_385' title='bbox 2704 2083 3086 2148; x_wconf 81' lang='lat' dir='ltr'><strong>excellentius,</strong></span> <span class='ocrx_word' id='word_1_386' title='bbox 3140 2084 3409 2142; x_wconf 89' lang='lat' dir='ltr'><strong>bonorum</strong></span> <span class='ocrx_word' id='word_1_387' title='bbox 3455 2089 3608 2146; x_wconf 80' lang='lat' dir='ltr'><strong>fasti-</strong></span> 
     </span>
    </p>
   </div>
   <div class='ocr_carea' id='block_1_52' title="bbox 2032 2172 3604 2245">
    <p class='ocr_par' dir='ltr' id='par_1_52' title="bbox 2032 2172 3604 2245">
     <span class='ocr_line' id='line_1_52' title="bbox 2032 2172 3604 2245; baseline 0.007 -21"><span class='ocrx_word' id='word_1_388' title='bbox 2032 2172 2187 2242; x_wconf 85' lang='lat' dir='ltr'><strong>gium</strong></span> <span class='ocrx_word' id='word_1_389' title='bbox 2234 2181 2290 2228; x_wconf 91' lang='lat' dir='ltr'><strong>et</strong></span> <span class='ocrx_word' id='word_1_390' title='bbox 2323 2173 2534 2242; x_wconf 88' lang='lat' dir='ltr'><strong>apicem</strong></span> <span class='ocrx_word' id='word_1_391' title='bbox 2569 2173 2936 2242; x_wconf 89' lang='lat' dir='ltr'><strong>complectens</strong></span> <span class='ocrx_word' id='word_1_392' title='bbox 2970 2191 2984 2240; x_wconf 88' lang='lat'>;</span> <span class='ocrx_word' id='word_1_393' title='bbox 3041 2175 3310 2245; x_wconf 85' lang='lat' dir='ltr'><strong>siquidem</strong></span> <span class='ocrx_word' id='word_1_394' title='bbox 3347 2188 3400 2233; x_wconf 91' lang='lat' dir='ltr'><strong>et</strong></span> <span class='ocrx_word' id='word_1_395' title='bbox 3423 2183 3604 2237; x_wconf 86' lang='lat' dir='ltr'><strong>omnis</strong></span> 
     </span>
    </p>
   </div>
   <div class='ocr_carea' id='block_1_53' title="bbox 2035 2263 3606 2339">
    <p class='ocr_par' dir='ltr' id='par_1_53' title="bbox 2035 2263 3606 2339">
     <span class='ocr_line' id='line_1_53' title="bbox 2035 2263 3606 2339; baseline 0.008 -23"><span class='ocrx_word' id='word_1_396' title='bbox 2035 2264 2286 2318; x_wconf 70' lang='lat' dir='ltr'><strong>humana!</strong></span> <span class='ocrx_word' id='word_1_397' title='bbox 2317 2263 2600 2319; x_wconf 71' lang='lat' dir='ltr'><strong>industriae</strong></span> <span class='ocrx_word' id='word_1_398' title='bbox 2633 2263 2758 2319; x_wconf 83' lang='lat' dir='ltr'><strong>linis</strong></span> <span class='ocrx_word' id='word_1_399' title='bbox 2791 2265 3020 2320; x_wconf 88' lang='lat' dir='ltr'><strong>ultimus</strong></span> <span class='ocrx_word' id='word_1_400' title='bbox 3054 2264 3140 2322; x_wconf 78' lang='lat' dir='ltr'><strong>hic</strong></span> <span class='ocrx_word' id='word_1_401' title='bbox 3171 2271 3463 2339; x_wconf 90' lang='lat' dir='ltr'><strong>reperitur.</strong></span> <span class='ocrx_word' id='word_1_402' title='bbox 3497 2274 3606 2330; x_wconf 87' lang='lat' dir='ltr'><strong>Deo</strong></span> 
     </span>
    </p>
   </div>
   <div class='ocr_carea' id='block_1_54' title="bbox 2033 2355 3606 2427">
    <p class='ocr_par' dir='ltr' id='par_1_54' title="bbox 2033 2355 3606 2427">
     <span class='ocr_line' id='line_1_54' title="bbox 2033 2355 3606 2427; baseline 0.008 -17"><span class='ocrx_word' id='word_1_403' title='bbox 2033 2357 2178 2410; x_wconf 92' lang='lat' dir='ltr'><strong>enim</strong></span> <span class='ocrx_word' id='word_1_404' title='bbox 2213 2355 2332 2425; x_wconf 91' lang='lat' dir='ltr'><strong>ipso</strong></span> <span class='ocrx_word' id='word_1_405' title='bbox 2364 2358 2418 2411; x_wconf 91' lang='lat' dir='ltr'><strong>in</strong></span> <span class='ocrx_word' id='word_1_406' title='bbox 2445 2359 2630 2427; x_wconf 90' lang='lat' dir='ltr'><strong>seipso</strong></span> <span class='ocrx_word' id='word_1_407' title='bbox 2692 2359 2954 2427; x_wconf 89' lang='lat' dir='ltr'><strong>potimur,</strong></span> <span class='ocrx_word' id='word_1_408' title='bbox 2990 2367 3046 2414; x_wconf 91' lang='lat' dir='ltr'><strong>et</strong></span> <span class='ocrx_word' id='word_1_409' title='bbox 3080 2360 3226 2418; x_wconf 91' lang='lat' dir='ltr'><strong>Deus</strong></span> <span class='ocrx_word' id='word_1_410' title='bbox 3272 2364 3433 2421; x_wconf 90' lang='lat' dir='ltr'><strong>nobis</strong></span> <span class='ocrx_word' id='word_1_411' title='bbox 3475 2381 3606 2422; x_wconf 91' lang='lat' dir='ltr'><strong>con-</strong></span> 
     </span>
    </p>
   </div>
   <div class='ocr_carea' id='block_1_55' title="bbox 2027 2447 3604 2522">
    <p class='ocr_par' dir='ltr' id='par_1_55' title="bbox 2027 2447 3604 2522">
     <span class='ocr_line' id='line_1_55' title="bbox 2027 2447 3604 2522; baseline 0.009 -23"><span class='ocrx_word' id='word_1_412' title='bbox 2027 2447 2316 2517; x_wconf 84' lang='lat' dir='ltr'><strong>junctione</strong></span> <span class='ocrx_word' id='word_1_413' title='bbox 2369 2448 2785 2504; x_wconf 88' lang='lat' dir='ltr'><strong>absolutissima</strong></span> <span class='ocrx_word' id='word_1_414' title='bbox 2837 2451 3214 2522; x_wconf 75' lang='lat' dir='ltr'><strong>coniungitur.</strong></span> <span class='ocrx_word' id='word_1_415' title='bbox 3253 2455 3432 2510; x_wconf 91' lang='lat' dir='ltr'><strong>Unum</strong></span> <span class='ocrx_word' id='word_1_416' title='bbox 3457 2459 3604 2513; x_wconf 81' lang='lat' dir='ltr'><strong>enim</strong></span> 
     </span>
    </p>
   </div>
   <div class='ocr_carea' id='block_1_56' title="bbox 2032 2536 3607 2610">
    <p class='ocr_par' dir='ltr' id='par_1_56' title="bbox 2032 2536 3607 2610">
     <span class='ocr_line' id='line_1_56' title="bbox 2032 2536 3607 2610; baseline 0.01 -20"><span class='ocrx_word' id='word_1_417' title='bbox 2032 2551 2157 2590; x_wconf 89' lang='lat' dir='ltr'><strong>cum</strong></span> <span class='ocrx_word' id='word_1_418' title='bbox 2212 2536 2323 2592; x_wconf 91' lang='lat' dir='ltr'><strong>Deo</strong></span> <span class='ocrx_word' id='word_1_419' title='bbox 2372 2538 2626 2606; x_wconf 90' lang='lat' dir='ltr'><strong>spiritum</strong></span> <span class='ocrx_word' id='word_1_420' title='bbox 2671 2537 2830 2602; x_wconf 83' lang='lat' dir='ltr'><strong>elIici,</strong></span> <span class='ocrx_word' id='word_1_421' title='bbox 2875 2541 3007 2610; x_wconf 88' lang='lat' dir='ltr'><strong>quid</strong></span> <span class='ocrx_word' id='word_1_422' title='bbox 3057 2543 3160 2598; x_wconf 91' lang='lat' dir='ltr'><strong>hac</strong></span> <span class='ocrx_word' id='word_1_423' title='bbox 3197 2548 3607 2606; x_wconf 90' lang='lat' dir='ltr'><strong>consociatione</strong></span> 
     </span>
    </p>
   </div>
   <div class='ocr_carea' id='block_1_57' title="bbox 2034 2627 2713 2698">
    <p class='ocr_par' dir='ltr' id='par_1_57' title="bbox 2034 2627 2713 2698">
     <span class='ocr_line' id='line_1_57' title="bbox 2034 2627 2713 2698; baseline 0.001 -16"><span class='ocrx_word' id='word_1_424' title='bbox 2034 2627 2210 2697; x_wconf 88' lang='lat' dir='ltr'><strong>possit</strong></span> <span class='ocrx_word' id='word_1_425' title='bbox 2229 2641 2350 2684; x_wconf 88' lang='lat' dir='ltr'><strong>esse</strong></span> <span class='ocrx_word' id='word_1_426' title='bbox 2373 2627 2666 2698; x_wconf 83' lang='lat' dir='ltr'><strong>perfectius</strong></span> <span class='ocrx_word' id='word_1_427' title='bbox 2690 2630 2713 2683; x_wconf 71' lang='lat'><strong><em>2</em></strong></span> 
     </span>
    </p>
   </div>
   <div class='ocr_carea' id='block_1_58' title="bbox 2103 2719 3607 2794">
    <p class='ocr_par' dir='ltr' id='par_1_58' title="bbox 2103 2719 3607 2794">
     <span class='ocr_line' id='line_1_58' title="bbox 2103 2719 3607 2794; baseline 0.012 -21"><span class='ocrx_word' id='word_1_428' title='bbox 2103 2719 2284 2786; x_wconf 88' lang='lat' dir='ltr'><strong>Quare</strong></span> <span class='ocrx_word' id='word_1_429' title='bbox 2311 2729 2364 2775; x_wconf 89' lang='lat' dir='ltr'><strong>et</strong></span> <span class='ocrx_word' id='word_1_430' title='bbox 2389 2721 2510 2776; x_wconf 91' lang='lat' dir='ltr'><strong>aliis</strong></span> <span class='ocrx_word' id='word_1_431' title='bbox 2542 2724 2903 2780; x_wconf 88' lang='lat' dir='ltr'><strong>sacramentis</strong></span> <span class='ocrx_word' id='word_1_432' title='bbox 2937 2728 3324 2794; x_wconf 80' lang='lat' dir='ltr'><strong>perfectionem</strong></span> <span class='ocrx_word' id='word_1_433' title='bbox 3353 2733 3470 2788; x_wconf 89' lang='lat' dir='ltr'><strong>sola</strong></span> <span class='ocrx_word' id='word_1_434' title='bbox 3494 2731 3607 2790; x_wconf 82' lang='lat' dir='ltr'><strong>Eu-</strong></span> 
     </span>
    </p>
   </div>
   <div class='ocr_carea' id='block_1_59' title="bbox 2035 2809 3604 2888">
    <p class='ocr_par' dir='ltr' id='par_1_59' title="bbox 2035 2809 3604 2888">
     <span class='ocr_line' id='line_1_59' title="bbox 2035 2809 3604 2888; baseline 0.009 -26"><span class='ocrx_word' id='word_1_435' title='bbox 2035 2809 2292 2864; x_wconf 90' lang='lat' dir='ltr'><strong>charistia</strong></span> <span class='ocrx_word' id='word_1_436' title='bbox 2343 2810 2616 2879; x_wconf 84' lang='lat' dir='ltr'><strong>impertit,</strong></span> <span class='ocrx_word' id='word_1_437' title='bbox 2649 2826 2821 2882; x_wconf 89' lang='lat' dir='ltr'><strong>eaque</strong></span> <span class='ocrx_word' id='word_1_438' title='bbox 2857 2814 3119 2884; x_wconf 87' lang='lat' dir='ltr'><strong>adjuvat,</strong></span> <span class='ocrx_word' id='word_1_439' title='bbox 3158 2817 3290 2872; x_wconf 90' lang='lat' dir='ltr'><strong>dum</strong></span> <span class='ocrx_word' id='word_1_440' title='bbox 3343 2820 3564 2877; x_wconf 89' lang='lat' dir='ltr'><strong>initiant</strong></span> <span class='ocrx_word' id='word_1_441' title='bbox 3588 2863 3604 2888; x_wconf 87' lang='lat'><strong>,</strong></span> 
     </span>
    </p>
   </div>
   <div class='ocr_carea' id='block_1_60' title="bbox 2034 2895 3608 2974">
    <p class='ocr_par' dir='ltr' id='par_1_60' title="bbox 2034 2895 3608 2974">
     <span class='ocr_line' id='line_1_60' title="bbox 2034 2895 3608 2974; baseline 0.013 -24"><span class='ocrx_word' id='word_1_442' title='bbox 2034 2899 2480 2972; x_wconf 88' lang='lat' dir='ltr'><strong>quandoquidem</strong></span> <span class='ocrx_word' id='word_1_443' title='bbox 2522 2902 2641 2958; x_wconf 81' lang='lat' dir='ltr'><strong>sine</strong></span> <span class='ocrx_word' id='word_1_444' title='bbox 2673 2918 2737 2958; x_wconf 91' lang='lat' dir='ltr'><strong>ea</strong></span> <span class='ocrx_word' id='word_1_445' title='bbox 2771 2905 3011 2974; x_wconf 77' lang='lat' dir='ltr'><strong>perfecte</strong></span> <span class='ocrx_word' id='word_1_446' title='bbox 3037 2923 3147 2962; x_wconf 91' lang='lat' dir='ltr'><strong>non</strong></span> <span class='ocrx_word' id='word_1_447' title='bbox 3176 2895 3416 2966; x_wconf 58' lang='lat' dir='ltr'><strong>initiant.</strong></span> <span class='ocrx_word' id='word_1_448' title='bbox 3446 2911 3608 2970; x_wconf 80' lang='lat' dir='ltr'><strong>Juvat</strong></span> 
     </span>
    </p>
   </div>
   <div class='ocr_carea' id='block_1_61' title="bbox 2035 2991 3604 3070">
    <p class='ocr_par' dir='ltr' id='par_1_61' title="bbox 2035 2991 3604 3070">
     <span class='ocr_line' id='line_1_61' title="bbox 2035 2991 3604 3070; baseline 0.01 -24"><span class='ocrx_word' id='word_1_449' title='bbox 2035 2991 2200 3046; x_wconf 88' lang='lat' dir='ltr'><strong>etiam</strong></span> <span class='ocrx_word' id='word_1_450' title='bbox 2231 2992 2530 3046; x_wconf 91' lang='lat' dir='ltr'><strong>secundum</strong></span> <span class='ocrx_word' id='word_1_451' title='bbox 2559 2993 2916 3051; x_wconf 87' lang='lat' dir='ltr'><strong>initiationem</strong></span> <span class='ocrx_word' id='word_1_452' title='bbox 2944 2997 2995 3050; x_wconf 92' lang='lat' dir='ltr'><strong>in</strong></span> <span class='ocrx_word' id='word_1_453' title='bbox 3027 2998 3163 3067; x_wconf 86' lang='lat' dir='ltr'><strong>ipsis</strong></span> <span class='ocrx_word' id='word_1_454' title='bbox 3192 3001 3439 3070; x_wconf 85' lang='lat' dir='ltr'><strong>initiatis,</strong></span> <span class='ocrx_word' id='word_1_455' title='bbox 3477 3021 3604 3062; x_wconf 93' lang='lat' dir='ltr'><strong>cum</strong></span> 
     </span>
    </p>
   </div>
   <div class='ocr_carea' id='block_1_62' title="bbox 2039 3081 3603 3160">
    <p class='ocr_par' dir='ltr' id='par_1_62' title="bbox 2039 3081 3603 3160">
     <span class='ocr_line' id='line_1_62' title="bbox 2039 3081 3603 3160; baseline 0.01 -25"><span class='ocrx_word' id='word_1_456' title='bbox 2039 3081 2251 3136; x_wconf 88' lang='lat' dir='ltr'><strong>radium</strong></span> <span class='ocrx_word' id='word_1_457' title='bbox 2282 3097 2311 3137; x_wconf 89' lang='lat' dir='ltr'><strong>e</strong></span> <span class='ocrx_word' id='word_1_458' title='bbox 2343 3085 2704 3140; x_wconf 86' lang='lat' dir='ltr'><strong>sacramentis</strong></span> <span class='ocrx_word' id='word_1_459' title='bbox 2733 3095 3079 3142; x_wconf 88' lang='lat' dir='ltr'><strong>emanantem</strong></span> <span class='ocrx_word' id='word_1_460' title='bbox 3106 3129 3120 3152; x_wconf 91' lang='lat'><strong>,</strong></span> <span class='ocrx_word' id='word_1_461' title='bbox 3169 3099 3221 3143; x_wconf 87' lang='lat' dir='ltr'><strong>et</strong></span> <span class='ocrx_word' id='word_1_462' title='bbox 3251 3101 3603 3160; x_wconf 84' lang='lat' dir='ltr'><strong>peccatorum</strong></span> 
     </span>
    </p>
   </div>
   <div class='ocr_carea' id='block_1_63' title="bbox 354 3148 1925 3250">
    <p class='ocr_par' dir='ltr' id='par_1_63' title="bbox 354 3148 1925 3249">
     <span class='ocr_line' id='line_1_63' title="bbox 354 3148 1925 3249; baseline -0.004 -15"><span class='ocrx_word' id='word_1_463' title='bbox 354 3181 535 3234; x_wconf 85' lang='grc' dir='ltr'>σκότει</span> <span class='ocrx_word' id='word_1_464' title='bbox 574 3180 672 3249; x_wconf 85' lang='grc' dir='ltr'>τὴν</span> <span class='ocrx_word' id='word_1_465' title='bbox 699 3179 808 3233; x_wconf 85' lang='grc' dir='ltr'><strong>ἀπὸ</strong></span> <span class='ocrx_word' id='word_1_466' title='bbox 837 3148 948 3232; x_wconf 87' lang='grc' dir='ltr'><strong>τῶν</strong></span> <span class='ocrx_word' id='word_1_467' title='bbox 985 3148 1308 3249; x_wconf 81' lang='grc' dir='ltr'>μυστηρίων</span> <span class='ocrx_word' id='word_1_468' title='bbox 1336 3177 1534 3231; x_wconf 85' lang='grc' dir='ltr'>ἀκτῖνα</span> <span class='ocrx_word' id='word_1_469' title='bbox 1568 3148 1925 3246; x_wconf 50' lang='grc' dir='ltr'>συγᾷίεθεϊσαν</span> 
     </span>
    </p>
   </div>
   <div class='ocr_carea' id='block_1_64' title="bbox 2029 3148 3603 3250">
    <p class='ocr_par' dir='ltr' id='par_1_64' title="bbox 2033 3148 3603 3250">
     <span class='ocr_line' id='line_1_64' title="bbox 2033 3148 3603 3250; baseline 0.01 -22"><span class='ocrx_word' id='word_1_470' title='bbox 2033 3174 2271 3230; x_wconf 87' lang='lat' dir='ltr'><strong>tenebris</strong></span> <span class='ocrx_word' id='word_1_471' title='bbox 2304 3189 2638 3245; x_wconf 89' lang='lat' dir='ltr'><strong>oppressum</strong></span> <span class='ocrx_word' id='word_1_472' title='bbox 2683 3193 3009 3249; x_wconf 88' lang='lat' dir='ltr'><strong>recuperare</strong></span> <span class='ocrx_word' id='word_1_473' title='bbox 3039 3195 3176 3250; x_wconf 87' lang='lat' dir='ltr'><strong>opus</strong></span> <span class='ocrx_word' id='word_1_474' title='bbox 3201 3148 3306 3238; x_wconf 72' lang='lat' dir='ltr'><strong>est.</strong></span> <span class='ocrx_word' id='word_1_475' title='bbox 3336 3183 3473 3240; x_wconf 84' lang='lat' dir='ltr'><strong>Nam</strong></span> <span class='ocrx_word' id='word_1_476' title='bbox 3503 3189 3603 3243; x_wconf 85' lang='lat' dir='ltr'><strong>de-</strong></span> 
     </span>
    </p>
   </div>
   <div class='ocr_carea' id='block_1_65' title="bbox 351 3266 1926 3342">
    <p class='ocr_par' dir='ltr' id='par_1_65' title="bbox 351 3266 1926 3342">
     <span class='ocr_line' id='line_1_65' title="bbox 351 3266 1926 3342; baseline -0.006 -15"><span class='ocrx_word' id='word_1_477' title='bbox 351 3271 740 3327; x_wconf 80' lang='grc' dir='ltr'>ἀνακαλεῐσθαι</span> <span class='ocrx_word' id='word_1_478' title='bbox 828 3270 1022 3342; x_wconf 75' lang='grc' dir='ltr'>δεήσῃ.</span> <span class='ocrx_word' id='word_1_479' title='bbox 1081 3269 1154 3322; x_wconf 91' lang='grc' dir='ltr'>Τὸ</span> <span class='ocrx_word' id='word_1_480' title='bbox 1207 3267 1318 3337; x_wconf 85' lang='grc' dir='ltr'><strong>γὰρ</strong></span> <span class='ocrx_word' id='word_1_481' title='bbox 1399 3266 1752 3328; x_wconf 73' lang='grc' dir='ltr'>ἐκλείποντας</span> <span class='ocrx_word' id='word_1_482' title='bbox 1831 3266 1926 3319; x_wconf 80' lang='grc' dir='ltr'>καὶ</span> 
     </span>
    </p>
   </div>
   <div class='ocr_carea' id='block_1_66' title="bbox 351 3356 1924 3434">
    <p class='ocr_par' dir='ltr' id='par_1_66' title="bbox 351 3356 1924 3434">
     <span class='ocr_line' id='line_1_66' title="bbox 351 3356 1924 3434; baseline -0.004 -17"><span class='ocrx_word' id='word_1_483' title='bbox 351 3363 751 3434; x_wconf 79' lang='grc' dir='ltr'>νεκρουμένους</span> <span class='ocrx_word' id='word_1_484' title='bbox 773 3361 1077 3432; x_wconf 80' lang='grc' dir='ltr'>ἁμαρτίαις</span> <span class='ocrx_word' id='word_1_485' title='bbox 1108 3359 1265 3422; x_wconf 76' lang='grc' dir='ltr'>αὖθις</span> <span class='ocrx_word' id='word_1_486' title='bbox 1307 3356 1770 3419; x_wconf 77' lang='grc' dir='ltr'>ἀναϐιώσκεσθαι,</span> <span class='ocrx_word' id='word_1_487' title='bbox 1824 3356 1924 3426; x_wconf 66' lang='grc' dir='ltr'>μόυ</span> 
     </span>
    </p>
   </div>
   <div class='ocr_carea' id='block_1_67' title="bbox 349 3449 1926 3526">
    <p class='ocr_par' dir='ltr' id='par_1_67' title="bbox 349 3449 1926 3526">
     <span class='ocr_line' id='line_1_67' title="bbox 349 3449 1926 3526; baseline -0.005 -16"><span class='ocrx_word' id='word_1_488' title='bbox 349 3473 448 3526; x_wconf 81' lang='grc' dir='ltr'><strong>νης</strong></span> <span class='ocrx_word' id='word_1_489' title='bbox 469 3456 568 3525; x_wconf 89' lang='grc' dir='ltr'><strong>τῆς</strong></span> <span class='ocrx_word' id='word_1_490' title='bbox 593 3455 873 3526; x_wconf 78' lang='grc' dir='ltr'>τραπέζης</span> <span class='ocrx_word' id='word_1_491' title='bbox 903 3453 1066 3523; x_wconf 73' lang='grc' dir='ltr'>ἔργον</span> <span class='ocrx_word' id='word_1_492' title='bbox 1079 3451 1179 3521; x_wconf 89' lang='grc' dir='ltr'><strong>τῆς</strong></span> <span class='ocrx_word' id='word_1_493' title='bbox 1213 3452 1386 3521; x_wconf 79' lang='grc' dir='ltr'>ἱερᾶς.</span> <span class='ocrx_word' id='word_1_494' title='bbox 1418 3451 1492 3504; x_wconf 84' lang='grc' dir='ltr'><strong>Οὑ</strong></span> <span class='ocrx_word' id='word_1_495' title='bbox 1517 3450 1624 3520; x_wconf 80' lang='grc' dir='ltr'><strong>γὰρ</strong></span> <span class='ocrx_word' id='word_1_496' title='bbox 1661 3449 1806 3503; x_wconf 71' lang='grc' dir='ltr'>ἔστιν</span> <span class='ocrx_word' id='word_1_497' title='bbox 1834 3449 1926 3503; x_wconf 84' lang='grc' dir='ltr'>ἀν-</span> 
     </span>
    </p>
   </div>
   <div class='ocr_carea' id='block_1_68' title="bbox 350 3541 1923 3620">
    <p class='ocr_par' dir='ltr' id='par_1_68' title="bbox 350 3541 1923 3620">
     <span class='ocr_line' id='line_1_68' title="bbox 350 3541 1923 3620; baseline -0.005 -16"><span class='ocrx_word' id='word_1_498' title='bbox 350 3549 602 3620; x_wconf 77' lang='grc' dir='ltr'>θρωπεία</span> <span class='ocrx_word' id='word_1_499' title='bbox 630 3548 858 3617; x_wconf 84' lang='grc' dir='ltr'>δυνάμει</span> <span class='ocrx_word' id='word_1_500' title='bbox 889 3546 983 3598; x_wconf 90' lang='grc' dir='ltr'><strong>τὸν</strong></span> <span class='ocrx_word' id='word_1_501' title='bbox 1008 3545 1294 3615; x_wconf 81' lang='grc' dir='ltr'>ἄνθρωπον</span> <span class='ocrx_word' id='word_1_502' title='bbox 1325 3542 1624 3611; x_wconf 85' lang='grc' dir='ltr'>ἀναστῆναι</span> <span class='ocrx_word' id='word_1_503' title='bbox 1665 3541 1923 3607; x_wconf 86' lang='grc' dir='ltr'>πεσόντα,</span> 
     </span>
    </p>
   </div>
   <div class='ocr_carea' id='block_1_69' title="bbox 351 3633 1926 3706">
    <p class='ocr_par' dir='ltr' id='par_1_69' title="bbox 351 3633 1926 3706">
     <span class='ocr_line' id='line_1_69' title="bbox 351 3633 1926 3706; baseline -0.005 -14"><span class='ocrx_word' id='word_1_504' title='bbox 351 3639 474 3694; x_wconf 83' lang='grc' dir='ltr'>οὑδὲ</span> <span class='ocrx_word' id='word_1_505' title='bbox 518 3637 719 3692; x_wconf 85' lang='grc' dir='ltr'>κακίαν</span> <span class='ocrx_word' id='word_1_506' title='bbox 753 3635 1060 3706; x_wconf 87' lang='grc' dir='ltr'>ἀνθρώπων</span> <span class='ocrx_word' id='word_1_507' title='bbox 1096 3633 1412 3704; x_wconf 75' lang='grc' dir='ltr'>ἀνθρωπεία</span> <span class='ocrx_word' id='word_1_508' title='bbox 1443 3633 1675 3702; x_wconf 80' lang='grc' dir='ltr'>λυθῆναι</span> <span class='ocrx_word' id='word_1_509' title='bbox 1721 3633 1926 3686; x_wconf 83' lang='grc' dir='ltr'>δικαιο-</span> 
     </span>
    </p>
   </div>
   <div class='ocr_carea' id='block_1_70' title="bbox 353 3723 1924 3800">
    <p class='ocr_par' dir='ltr' id='par_1_70' title="bbox 353 3723 1924 3800">
     <span class='ocr_line' id='line_1_70' title="bbox 353 3723 1924 3800; baseline -0.003 -17"><span class='ocrx_word' id='word_1_510' title='bbox 353 3731 487 3800; x_wconf 81' lang='grc' dir='ltr'>σύνῃ</span> <span class='ocrx_word' id='word_1_511' title='bbox 508 3743 522 3758; x_wconf 89' lang='grc'><strong>·</strong></span> <span class='ocrx_word' id='word_1_512' title='bbox 549 3727 612 3782; x_wconf 81' lang='grc' dir='ltr'><strong>τὸ</strong></span> <span class='ocrx_word' id='word_1_513' title='bbox 645 3727 753 3800; x_wconf 86' lang='grc' dir='ltr'><strong>γάρ</strong></span> <span class='ocrx_word' id='word_1_514' title='bbox 785 3729 1124 3798; x_wconf 82' lang='grc' dir='ltr'>ἁμαρτάνειν</span> <span class='ocrx_word' id='word_1_515' title='bbox 1153 3727 1232 3787; x_wconf 82' lang='grc' dir='ltr'><strong>είς</strong></span> <span class='ocrx_word' id='word_1_516' title='bbox 1265 3725 1429 3777; x_wconf 82' lang='grc' dir='ltr'>αὑτὸν</span> <span class='ocrx_word' id='word_1_517' title='bbox 1483 3727 1576 3778; x_wconf 88' lang='grc' dir='ltr'><strong>τὸν</strong></span> <span class='ocrx_word' id='word_1_518' title='bbox 1605 3723 1738 3778; x_wconf 92' lang='grc' dir='ltr'>Θεὸν</span> <span class='ocrx_word' id='word_1_519' title='bbox 1767 3724 1924 3796; x_wconf 85' lang='grc' dir='ltr'>φέρει</span> 
     </span>
    </p>
   </div>
   <div class='ocr_carea' id='block_1_71' title="bbox 351 3813 1923 3890">
    <p class='ocr_par' dir='ltr' id='par_1_71' title="bbox 351 3813 1923 3890">
     <span class='ocr_line' id='line_1_71' title="bbox 351 3813 1923 3890; baseline -0.004 -18"><span class='ocrx_word' id='word_1_520' title='bbox 351 3819 448 3890; x_wconf 82' lang='grc' dir='ltr'><strong>τὴν</strong></span> <span class='ocrx_word' id='word_1_521' title='bbox 499 3817 658 3888; x_wconf 81' lang='grc' dir='ltr'>ὓϐριν</span> <span class='ocrx_word' id='word_1_522' title='bbox 679 3837 692 3849; x_wconf 89' lang='grc'><strong>·</strong></span> <span class='ocrx_word' id='word_1_523' title='bbox 725 3836 742 3868; x_wconf 80' lang='grc' dir='ltr'><strong>ι</strong></span> <span class='ocrx_word' id='word_1_524' title='bbox 769 3816 869 3870; x_wconf 78' lang='grc' dir='ltr'>Διά</span> <span class='ocrx_word' id='word_1_525' title='bbox 899 3816 1001 3886; x_wconf 85' lang='grc' dir='ltr'><strong>τῆς</strong></span> <span class='ocrx_word' id='word_1_526' title='bbox 1034 3814 1404 3885; x_wconf 80' lang='grc' dir='ltr'>παραϐάσεως</span> <span class='ocrx_word' id='word_1_527' title='bbox 1438 3813 1566 3883; x_wconf 84' lang='grc' dir='ltr'>γὰρ,</span> <span class='ocrx_word' id='word_1_528' title='bbox 1623 3814 1777 3883; x_wconf 80' lang='grc' dir='ltr'>φησὶ,</span> <span class='ocrx_word' id='word_1_529' title='bbox 1827 3813 1923 3867; x_wconf 89' lang='grc' dir='ltr'><strong>τοῦ</strong></span> 
     </span>
    </p>
   </div>
   <div class='ocr_carea' id='block_1_72' title="bbox 283 3904 1921 3981">
    <p class='ocr_par' dir='ltr' id='par_1_72' title="bbox 283 3904 1921 3981">
     <span class='ocr_line' id='line_1_72' title="bbox 283 3904 1921 3981; baseline -0.005 -17"><span class='ocrx_word' id='word_1_530' title='bbox 283 3943 286 3948; x_wconf 97' lang='grc'><strong><em>-</em></strong></span> <span class='ocrx_word' id='word_1_531' title='bbox 354 3914 525 3981; x_wconf 88' lang='grc' dir='ltr'>νόμου</span> <span class='ocrx_word' id='word_1_532' title='bbox 575 3910 670 3963; x_wconf 89' lang='grc' dir='ltr'><strong>τὸν</strong></span> <span class='ocrx_word' id='word_1_533' title='bbox 734 3910 867 3964; x_wconf 84' lang='grc' dir='ltr'>Θεὸν</span> <span class='ocrx_word' id='word_1_534' title='bbox 919 3907 1229 3978; x_wconf 73' lang='grc' dir='ltr'>ἀτιμάζεις,</span> <span class='ocrx_word' id='word_1_535' title='bbox 1268 3925 1286 3959; x_wconf 84' lang='grc' dir='ltr'><strong>ι</strong></span> <span class='ocrx_word' id='word_1_536' title='bbox 1322 3905 1416 3959; x_wconf 74' lang='grc' dir='ltr'>καὶ</span> <span class='ocrx_word' id='word_1_537' title='bbox 1473 3905 1557 3958; x_wconf 77' lang='grc' dir='ltr'>δεῖ</span> <span class='ocrx_word' id='word_1_538' title='bbox 1616 3904 1921 3975; x_wconf 75' lang='grc' dir='ltr'>μείζονοςῆ</span> 
     </span>
    </p>
   </div>
   <div class='ocr_carea' id='block_1_73' title="bbox 355 3994 1924 4070">
    <p class='ocr_par' dir='ltr' id='par_1_73' title="bbox 355 3994 1924 4070">
     <span class='ocr_line' id='line_1_73' title="bbox 355 3994 1924 4070; baseline -0.004 -16"><span class='ocrx_word' id='word_1_539' title='bbox 355 4002 498 4054; x_wconf 85' lang='grc' dir='ltr'><strong>κατά</strong></span> <span class='ocrx_word' id='word_1_540' title='bbox 557 4001 844 4070; x_wconf 83' lang='grc' dir='ltr'>ἄνθρωπον</span> <span class='ocrx_word' id='word_1_541' title='bbox 873 3999 1100 4070; x_wconf 86' lang='grc' dir='ltr'>ἀρετῆς,</span> <span class='ocrx_word' id='word_1_542' title='bbox 1137 4001 1170 4070; x_wconf 76' lang='grc' dir='ltr'><strong>ἠ</strong></span> <span class='ocrx_word' id='word_1_543' title='bbox 1213 3998 1275 4051; x_wconf 91' lang='grc' dir='ltr'><strong>τὸ</strong></span> <span class='ocrx_word' id='word_1_544' title='bbox 1329 3997 1584 4068; x_wconf 76' lang='grc' dir='ltr'>ἔγκλημα</span> <span class='ocrx_word' id='word_1_545' title='bbox 1634 3994 1924 4066; x_wconf 83' lang='grc' dir='ltr'>δυνήσεται</span> 
     </span>
    </p>
   </div>
   <div class='ocr_carea' id='block_1_74' title="bbox 351 4084 1924 4162">
    <p class='ocr_par' dir='ltr' id='par_1_74' title="bbox 351 4084 1924 4162">
     <span class='ocr_line' id='line_1_74' title="bbox 351 4084 1924 4162; baseline -0.007 -15"><span class='ocrx_word' id='word_1_546' title='bbox 351 4095 534 4147; x_wconf 66' lang='grc' dir='ltr'>λῦπαι.</span> <span class='ocrx_word' id='word_1_547' title='bbox 564 4094 668 4146; x_wconf 87' lang='grc' dir='ltr'>Τὸν</span> <span class='ocrx_word' id='word_1_548' title='bbox 698 4092 809 4162; x_wconf 79' lang='grc' dir='ltr'>γὰρ</span> <span class='ocrx_word' id='word_1_549' title='bbox 833 4091 1114 4161; x_wconf 77' lang='grc' dir='ltr'>ἐλάχιστον</span> <span class='ocrx_word' id='word_1_550' title='bbox 1150 4091 1232 4152; x_wconf 84' lang='grc' dir='ltr'><strong>είς</strong></span> <span class='ocrx_word' id='word_1_551' title='bbox 1257 4089 1349 4142; x_wconf 88' lang='grc' dir='ltr'><strong>τὸν</strong></span> <span class='ocrx_word' id='word_1_552' title='bbox 1396 4087 1657 4158; x_wconf 85' lang='grc' dir='ltr'>μέγιστον</span> <span class='ocrx_word' id='word_1_553' title='bbox 1705 4084 1924 4155; x_wconf 87' lang='grc' dir='ltr'>ὑϐρίσαι</span> 
     </span>
    </p>
   </div>
   <div class='ocr_carea' id='block_1_75' title="bbox 356 4178 1924 4256">
    <p class='ocr_par' dir='ltr' id='par_1_75' title="bbox 356 4178 1924 4256">
     <span class='ocr_line' id='line_1_75' title="bbox 356 4178 1924 4256; baseline -0.006 -18"><span class='ocrx_word' id='word_1_554' title='bbox 356 4187 456 4256; x_wconf 85' lang='grc' dir='ltr'>μὲν</span> <span class='ocrx_word' id='word_1_555' title='bbox 488 4185 724 4254; x_wconf 84' lang='grc' dir='ltr'>μάλιστα</span> <span class='ocrx_word' id='word_1_556' title='bbox 775 4185 870 4238; x_wconf 71' lang='grc' dir='ltr'>καὶ</span> <span class='ocrx_word' id='word_1_557' title='bbox 899 4183 1269 4254; x_wconf 84' lang='grc' dir='ltr'>διαφερόντως</span> <span class='ocrx_word' id='word_1_558' title='bbox 1327 4180 1572 4250; x_wconf 83' lang='grc' dir='ltr'>εὐχερὲς,</span> <span class='ocrx_word' id='word_1_559' title='bbox 1613 4178 1924 4249; x_wconf 84' lang='grc' dir='ltr'>ἀντισηκῶ-</span> 
     </span>
    </p>
   </div>
   <div class='ocr_carea' id='block_1_76' title="bbox 354 4266 1926 4346">
    <p class='ocr_par' dir='ltr' id='par_1_76' title="bbox 354 4266 1926 4346">
     <span class='ocr_line' id='line_1_76' title="bbox 354 4266 1926 4346; baseline -0.006 -15"><span class='ocrx_word' id='word_1_560' title='bbox 354 4295 444 4331; x_wconf 92' lang='grc' dir='ltr'><strong>σαι</strong></span> <span class='ocrx_word' id='word_1_561' title='bbox 478 4277 536 4330; x_wconf 86' lang='grc' dir='ltr'>δὲ</span> <span class='ocrx_word' id='word_1_562' title='bbox 569 4279 702 4346; x_wconf 85' lang='grc' dir='ltr'>τιμῇ</span> <span class='ocrx_word' id='word_1_563' title='bbox 739 4276 841 4344; x_wconf 78' lang='grc' dir='ltr'>τὴν</span> <span class='ocrx_word' id='word_1_564' title='bbox 873 4273 1031 4346; x_wconf 78' lang='grc' dir='ltr'>ὓϐριν</span> <span class='ocrx_word' id='word_1_565' title='bbox 1064 4274 1374 4344; x_wconf 83' lang='grc' dir='ltr'>ἀμήχανον,</span> <span class='ocrx_word' id='word_1_566' title='bbox 1399 4273 1496 4324; x_wconf 80' lang='grc' dir='ltr'>καὶ</span> <span class='ocrx_word' id='word_1_567' title='bbox 1550 4266 1765 4340; x_wconf 74' lang='grc' dir='ltr'>μάλισθ’</span> <span class='ocrx_word' id='word_1_568' title='bbox 1795 4269 1926 4322; x_wconf 84' lang='grc' dir='ltr'>ὅταν</span> 
     </span>
    </p>
   </div>
   <div class='ocr_carea' id='block_1_77' title="bbox 353 4361 1922 4439">
    <p class='ocr_par' dir='ltr' id='par_1_77' title="bbox 353 4361 1922 4439">
     <span class='ocr_line' id='line_1_77' title="bbox 353 4361 1922 4439; baseline -0.006 -15"><span class='ocrx_word' id='word_1_569' title='bbox 353 4373 556 4434; x_wconf 80' lang='grc' dir='ltr'>ἐκεῖνος</span> <span class='ocrx_word' id='word_1_570' title='bbox 588 4369 800 4423; x_wconf 83' lang='grc' dir='ltr'>πολλῶν</span> <span class='ocrx_word' id='word_1_571' title='bbox 837 4368 936 4439; x_wconf 82' lang='grc' dir='ltr'>μὲν</span> <span class='ocrx_word' id='word_1_572' title='bbox 983 4367 1267 4437; x_wconf 75' lang='grc' dir='ltr'>ὀφειλέτην</span> <span class='ocrx_word' id='word_1_573' title='bbox 1317 4365 1418 4436; x_wconf 73' lang='grc' dir='ltr'><strong>ἔχῃ</strong></span> <span class='ocrx_word' id='word_1_574' title='bbox 1483 4362 1574 4416; x_wconf 89' lang='grc' dir='ltr'><strong>τὸν</strong></span> <span class='ocrx_word' id='word_1_575' title='bbox 1637 4361 1922 4432; x_wconf 88' lang='grc' dir='ltr'>ὑϐρικότα,</span> 
     </span>
    </p>
   </div>
   <div class='ocr_carea' id='block_1_78' title="bbox 2027 3265 3608 3334">
    <p class='ocr_par' dir='ltr' id='par_1_78' title="bbox 2027 3265 3608 3334">
     <span class='ocr_line' id='line_1_78' title="bbox 2027 3265 3608 3334; baseline 0.009 -14"><span class='ocrx_word' id='word_1_576' title='bbox 2027 3265 2272 3323; x_wconf 83' lang='lat' dir='ltr'><strong>ticientes</strong></span> <span class='ocrx_word' id='word_1_577' title='bbox 2318 3275 2374 3323; x_wconf 90' lang='lat' dir='ltr'><strong>et</strong></span> <span class='ocrx_word' id='word_1_578' title='bbox 2415 3269 2716 3324; x_wconf 88' lang='lat' dir='ltr'><strong>sceleribus</strong></span> <span class='ocrx_word' id='word_1_579' title='bbox 2776 3270 3076 3328; x_wconf 87' lang='lat' dir='ltr'><strong>exstinctos</strong></span> <span class='ocrx_word' id='word_1_580' title='bbox 3111 3274 3180 3328; x_wconf 87' lang='lat' dir='ltr'><strong>ad</strong></span> <span class='ocrx_word' id='word_1_581' title='bbox 3221 3275 3386 3332; x_wconf 87' lang='lat' dir='ltr'><strong>vitam</strong></span> <span class='ocrx_word' id='word_1_582' title='bbox 3443 3293 3608 3334; x_wconf 84' lang='lat' dir='ltr'><strong>revo-</strong></span> 
     </span>
    </p>
   </div>
   <div class='ocr_carea' id='block_1_79' title="bbox 2027 3359 3609 3441">
    <p class='ocr_par' dir='ltr' id='par_1_79' title="bbox 2027 3359 3609 3441">
     <span class='ocr_line' id='line_1_79' title="bbox 2027 3359 3609 3441; baseline 0.009 -29"><span class='ocrx_word' id='word_1_583' title='bbox 2027 3373 2171 3424; x_wconf 90' lang='lat' dir='ltr'><strong>care,</strong></span> <span class='ocrx_word' id='word_1_584' title='bbox 2202 3359 2365 3414; x_wconf 89' lang='lat' dir='ltr'><strong>unius</strong></span> <span class='ocrx_word' id='word_1_585' title='bbox 2398 3374 2566 3416; x_wconf 71' lang='lat' dir='ltr'><strong>sacra:</strong></span> <span class='ocrx_word' id='word_1_586' title='bbox 2597 3376 2800 3418; x_wconf 73' lang='lat' dir='ltr'><strong>mensa:</strong></span> <span class='ocrx_word' id='word_1_587' title='bbox 2835 3379 3036 3418; x_wconf 91' lang='lat' dir='ltr'><strong>munus</strong></span> <span class='ocrx_word' id='word_1_588' title='bbox 3065 3374 3166 3420; x_wconf 91' lang='lat' dir='ltr'><strong>est.</strong></span> <span class='ocrx_word' id='word_1_589' title='bbox 3203 3363 3381 3422; x_wconf 86' lang='lat' dir='ltr'><strong>Homo</strong></span> <span class='ocrx_word' id='word_1_590' title='bbox 3407 3371 3609 3441; x_wconf 86' lang='lat' dir='ltr'><strong>quippe</strong></span> 
     </span>
    </p>
   </div>
   <div class='ocr_carea' id='block_1_80' title="bbox 2028 3449 3607 3526">
    <p class='ocr_par' dir='ltr' id='par_1_80' title="bbox 2028 3449 3607 3526">
     <span class='ocr_line' id='line_1_80' title="bbox 2028 3449 3607 3526; baseline 0.008 -22"><span class='ocrx_word' id='word_1_591' title='bbox 2028 3449 2215 3520; x_wconf 86' lang='lat' dir='ltr'><strong>lapsus</strong></span> <span class='ocrx_word' id='word_1_592' title='bbox 2250 3467 2355 3506; x_wconf 92' lang='lat' dir='ltr'><strong>non</strong></span> <span class='ocrx_word' id='word_1_593' title='bbox 2387 3461 2569 3522; x_wconf 89' lang='lat' dir='ltr'><strong>potest</strong></span> <span class='ocrx_word' id='word_1_594' title='bbox 2617 3453 2875 3508; x_wconf 87' lang='lat' dir='ltr'><strong>humanis</strong></span> <span class='ocrx_word' id='word_1_595' title='bbox 2904 3456 3115 3510; x_wconf 84' lang='lat' dir='ltr'><strong>viribus</strong></span> <span class='ocrx_word' id='word_1_596' title='bbox 3163 3459 3320 3526; x_wconf 85' lang='lat' dir='ltr'><strong>erigi.</strong></span> <span class='ocrx_word' id='word_1_597' title='bbox 3354 3473 3456 3514; x_wconf 90' lang='lat' dir='ltr'><strong>nec</strong></span> <span class='ocrx_word' id='word_1_598' title='bbox 3505 3463 3607 3515; x_wconf 85' lang='lat' dir='ltr'><strong>im-</strong></span> 
     </span>
    </p>
   </div>
   <div class='ocr_carea' id='block_1_81' title="bbox 2028 3540 3608 3616">
    <p class='ocr_par' dir='ltr' id='par_1_81' title="bbox 2028 3540 3608 3616">
     <span class='ocr_line' id='line_1_81' title="bbox 2028 3540 3608 3616; baseline 0.008 -22"><span class='ocrx_word' id='word_1_599' title='bbox 2028 3541 2276 3610; x_wconf 80' lang='lat' dir='ltr'><strong>probitas</strong></span> <span class='ocrx_word' id='word_1_600' title='bbox 2323 3540 2608 3597; x_wconf 88' lang='lat' dir='ltr'><strong>hominum</strong></span> <span class='ocrx_word' id='word_1_601' title='bbox 2658 3543 2897 3597; x_wconf 90' lang='lat' dir='ltr'><strong>humana</strong></span> <span class='ocrx_word' id='word_1_602' title='bbox 2939 3545 3152 3613; x_wconf 77' lang='lat' dir='ltr'><strong>iustitia</strong></span> <span class='ocrx_word' id='word_1_603' title='bbox 3203 3548 3434 3616; x_wconf 80' lang='lat' dir='ltr'><strong>expiari.</strong></span> <span class='ocrx_word' id='word_1_604' title='bbox 3467 3550 3608 3605; x_wconf 83' lang='lat' dir='ltr'><strong>Nam</strong></span> 
     </span>
    </p>
   </div>
   <div class='ocr_carea' id='block_1_82' title="bbox 2027 3631 3605 3702">
    <p class='ocr_par' dir='ltr' id='par_1_82' title="bbox 2027 3631 3605 3702">
     <span class='ocr_line' id='line_1_82' title="bbox 2027 3631 3605 3702; baseline 0.005 -16"><span class='ocrx_word' id='word_1_605' title='bbox 2027 3646 2278 3701; x_wconf 86' lang='lat' dir='ltr'><strong>peccare,</strong></span> <span class='ocrx_word' id='word_1_606' title='bbox 2337 3647 2429 3687; x_wconf 89' lang='lat' dir='ltr'><strong>res</strong></span> <span class='ocrx_word' id='word_1_607' title='bbox 2474 3632 2532 3686; x_wconf 89' lang='lat' dir='ltr'><strong>in</strong></span> <span class='ocrx_word' id='word_1_608' title='bbox 2575 3631 2754 3702; x_wconf 81' lang='lat' dir='ltr'><strong>ipsum</strong></span> <span class='ocrx_word' id='word_1_609' title='bbox 2792 3633 2966 3689; x_wconf 88' lang='lat' dir='ltr'><strong>Deum</strong></span> <span class='ocrx_word' id='word_1_610' title='bbox 3019 3637 3420 3693; x_wconf 88' lang='lat' dir='ltr'><strong>contumeliosa</strong></span> <span class='ocrx_word' id='word_1_611' title='bbox 3473 3649 3605 3694; x_wconf 89' lang='lat' dir='ltr'><strong>est:</strong></span> 
     </span>
    </p>
   </div>
   <div class='ocr_carea' id='block_1_83' title="bbox 2032 3722 3604 3797">
    <p class='ocr_par' dir='ltr' id='par_1_83' title="bbox 2032 3722 3604 3797">
     <span class='ocr_line' id='line_1_83' title="bbox 2032 3722 3604 3797; baseline 0.007 -22"><span class='ocrx_word' id='word_1_612' title='bbox 2032 3742 2051 3775; x_wconf 83' lang='grc' dir='ltr'><strong>ι</strong></span> <span class='ocrx_word' id='word_1_613' title='bbox 2091 3722 2195 3778; x_wconf 86' lang='lat' dir='ltr'><strong>Per</strong></span> <span class='ocrx_word' id='word_1_614' title='bbox 2225 3722 2732 3792; x_wconf 72' lang='lat' dir='ltr'><strong>prmvaricationem</strong></span> <span class='ocrx_word' id='word_1_615' title='bbox 2769 3724 2918 3778; x_wconf 90' lang='lat' dir='ltr'><strong>enim</strong></span> <span class='ocrx_word' id='word_1_616' title='bbox 2975 3725 3126 3795; x_wconf 82' lang='lat' dir='ltr'><strong>legis,</strong></span> <span class='ocrx_word' id='word_1_617' title='bbox 3185 3726 3381 3797; x_wconf 89' lang='lat' dir='ltr'><strong>inquit,</strong></span> <span class='ocrx_word' id='word_1_618' title='bbox 3435 3730 3604 3786; x_wconf 89' lang='lat' dir='ltr'><strong>Deum</strong></span> 
     </span>
    </p>
   </div>
   <div class='ocr_carea' id='block_1_84' title="bbox 2027 3813 3608 3889">
    <p class='ocr_par' dir='ltr' id='par_1_84' title="bbox 2027 3813 3608 3889">
     <span class='ocr_line' id='line_1_84' title="bbox 2027 3813 3608 3889; baseline 0.006 -22"><span class='ocrx_word' id='word_1_619' title='bbox 2027 3813 2332 3870; x_wconf 85' lang='lat' dir='ltr'><strong>inhonoras</strong></span> <span class='ocrx_word' id='word_1_620' title='bbox 2363 3815 2430 3868; x_wconf 81' lang='lat'><strong>&quot;.</strong></span> <span class='ocrx_word' id='word_1_621' title='bbox 2471 3832 2489 3866; x_wconf 84' lang='grc' dir='ltr'><strong>ι</strong></span> <span class='ocrx_word' id='word_1_622' title='bbox 2529 3814 2598 3868; x_wconf 83' lang='lat' dir='ltr'><strong>Et</strong></span> <span class='ocrx_word' id='word_1_623' title='bbox 2628 3817 2804 3884; x_wconf 87' lang='lat' dir='ltr'><strong>major</strong></span> <span class='ocrx_word' id='word_1_624' title='bbox 2848 3815 3121 3886; x_wconf 60' lang='lat' dir='ltr'><strong>quadam,</strong></span> <span class='ocrx_word' id='word_1_625' title='bbox 3157 3833 3321 3887; x_wconf 89' lang='lat' dir='ltr'><strong>quam</strong></span> <span class='ocrx_word' id='word_1_626' title='bbox 3370 3836 3468 3889; x_wconf 91' lang='lat' dir='ltr'><strong>pro</strong></span> <span class='ocrx_word' id='word_1_627' title='bbox 3506 3824 3608 3878; x_wconf 90' lang='lat' dir='ltr'><strong>ho-</strong></span> 
     </span>
    </p>
   </div>
   <div class='ocr_carea' id='block_1_85' title="bbox 2028 3907 3598 3978">
    <p class='ocr_par' dir='ltr' id='par_1_85' title="bbox 2028 3907 3598 3978">
     <span class='ocr_line' id='line_1_85' title="bbox 2028 3907 3598 3978; baseline 0.006 -17"><span class='ocrx_word' id='word_1_628' title='bbox 2028 3908 2173 3962; x_wconf 82' lang='lat' dir='ltr'><strong>mine</strong></span> <span class='ocrx_word' id='word_1_629' title='bbox 2201 3907 2375 3962; x_wconf 87' lang='lat' dir='ltr'><strong>virtus</strong></span> <span class='ocrx_word' id='word_1_630' title='bbox 2422 3907 2682 3978; x_wconf 89' lang='lat' dir='ltr'><strong>exigitur,</strong></span> <span class='ocrx_word' id='word_1_631' title='bbox 2713 3925 2837 3978; x_wconf 68' lang='lat' dir='ltr'><strong>quae</strong></span> <span class='ocrx_word' id='word_1_632' title='bbox 2880 3909 3091 3966; x_wconf 86' lang='lat' dir='ltr'><strong>crimen</strong></span> <span class='ocrx_word' id='word_1_633' title='bbox 3147 3913 3388 3969; x_wconf 90' lang='lat' dir='ltr'><strong>aboleat.</strong></span> <span class='ocrx_word' id='word_1_634' title='bbox 3430 3915 3598 3971; x_wconf 85' lang='lat' dir='ltr'><strong>Mini-</strong></span> 
     </span>
    </p>
   </div>
   <div class='ocr_carea' id='block_1_86' title="bbox 2028 3999 3606 4075">
    <p class='ocr_par' dir='ltr' id='par_1_86' title="bbox 2028 3999 3606 4075">
     <span class='ocr_line' id='line_1_86' title="bbox 2028 3999 3606 4075; baseline 0.005 -21"><span class='ocrx_word' id='word_1_635' title='bbox 2028 4014 2177 4054; x_wconf 91' lang='lat' dir='ltr'><strong>mum</strong></span> <span class='ocrx_word' id='word_1_636' title='bbox 2213 3999 2358 4054; x_wconf 90' lang='lat' dir='ltr'><strong>enim</strong></span> <span class='ocrx_word' id='word_1_637' title='bbox 2383 3999 2647 4055; x_wconf 89' lang='lat' dir='ltr'><strong>adversus</strong></span> <span class='ocrx_word' id='word_1_638' title='bbox 2713 4001 3010 4056; x_wconf 83' lang='lat' dir='ltr'><strong>maximum</strong></span> <span class='ocrx_word' id='word_1_639' title='bbox 3039 4018 3100 4060; x_wconf 85' lang='lat' dir='ltr'><strong>se</strong></span> <span class='ocrx_word' id='word_1_640' title='bbox 3130 4003 3395 4074; x_wconf 88' lang='lat' dir='ltr'><strong>injuriose</strong></span> <span class='ocrx_word' id='word_1_641' title='bbox 3421 4021 3487 4061; x_wconf 90' lang='lat' dir='ltr'><strong>ac</strong></span> <span class='ocrx_word' id='word_1_642' title='bbox 3518 4023 3606 4075; x_wconf 91' lang='lat' dir='ltr'><strong>pc-</strong></span> 
     </span>
    </p>
   </div>
   <div class='ocr_carea' id='block_1_87' title="bbox 2028 4092 3600 4163">
    <p class='ocr_par' dir='ltr' id='par_1_87' title="bbox 2028 4092 3600 4163">
     <span class='ocr_line' id='line_1_87' title="bbox 2028 4092 3600 4163; baseline 0.004 -17"><span class='ocrx_word' id='word_1_643' title='bbox 2028 4092 2266 4147; x_wconf 88' lang='lat' dir='ltr'><strong>tulanter</strong></span> <span class='ocrx_word' id='word_1_644' title='bbox 2312 4108 2523 4163; x_wconf 85' lang='lat' dir='ltr'><strong>gerere,</strong></span> <span class='ocrx_word' id='word_1_645' title='bbox 2561 4093 2801 4148; x_wconf 90' lang='lat' dir='ltr'><strong>immane</strong></span> <span class='ocrx_word' id='word_1_646' title='bbox 2849 4103 3114 4163; x_wconf 91' lang='lat' dir='ltr'><strong>quantum</strong></span> <span class='ocrx_word' id='word_1_647' title='bbox 3153 4106 3238 4152; x_wconf 91' lang='lat' dir='ltr'><strong>est</strong></span> <span class='ocrx_word' id='word_1_648' title='bbox 3269 4096 3449 4152; x_wconf 76' lang='lat' dir='ltr'><strong>facile.</strong></span> <span class='ocrx_word' id='word_1_649' title='bbox 3493 4099 3600 4153; x_wconf 80' lang='lat' dir='ltr'><strong>Sed</strong></span> 
     </span>
    </p>
   </div>
   <div class='ocr_carea' id='block_1_88' title="bbox 2026 4185 3608 4262">
    <p class='ocr_par' dir='ltr' id='par_1_88' title="bbox 2026 4185 3608 4262">
     <span class='ocr_line' id='line_1_88' title="bbox 2026 4185 3608 4262; baseline 0.003 -21"><span class='ocrx_word' id='word_1_650' title='bbox 2026 4185 2383 4254; x_wconf 88' lang='lat' dir='ltr'><strong>petulantiam</strong></span> <span class='ocrx_word' id='word_1_651' title='bbox 2415 4187 2558 4240; x_wconf 90' lang='lat' dir='ltr'><strong>hanc</strong></span> <span class='ocrx_word' id='word_1_652' title='bbox 2607 4195 2660 4240; x_wconf 94' lang='lat' dir='ltr'><strong>et</strong></span> <span class='ocrx_word' id='word_1_653' title='bbox 2683 4186 2940 4256; x_wconf 89' lang='lat' dir='ltr'><strong>iujuriam</strong></span> <span class='ocrx_word' id='word_1_654' title='bbox 2972 4190 3086 4256; x_wconf 88' lang='lat' dir='ltr'><strong>pari</strong></span> <span class='ocrx_word' id='word_1_655' title='bbox 3115 4189 3320 4244; x_wconf 88' lang='lat' dir='ltr'><strong>honore</strong></span> <span class='ocrx_word' id='word_1_656' title='bbox 3352 4206 3608 4262; x_wconf 86' lang='lat' dir='ltr'><strong>compen-</strong></span> 
     </span>
    </p>
   </div>
   <div class='ocr_carea' id='block_1_89' title="bbox 2025 4277 3606 4353">
    <p class='ocr_par' dir='ltr' id='par_1_89' title="bbox 2025 4277 3606 4353">
     <span class='ocr_line' id='line_1_89' title="bbox 2025 4277 3606 4353; baseline 0.009 -25"><span class='ocrx_word' id='word_1_657' title='bbox 2025 4288 2171 4339; x_wconf 86' lang='lat' dir='ltr'><strong>sare,</strong></span> <span class='ocrx_word' id='word_1_658' title='bbox 2208 4277 2312 4330; x_wconf 91' lang='lat' dir='ltr'><strong>hoc</strong></span> <span class='ocrx_word' id='word_1_659' title='bbox 2339 4290 2470 4331; x_wconf 89' lang='lat' dir='ltr'><strong>vero</strong></span> <span class='ocrx_word' id='word_1_660' title='bbox 2497 4289 2662 4331; x_wconf 86' lang='lat' dir='ltr'><strong>nemo</strong></span> <span class='ocrx_word' id='word_1_661' title='bbox 2687 4287 2883 4345; x_wconf 83' lang='lat' dir='ltr'><strong>potest,</strong></span> <span class='ocrx_word' id='word_1_662' title='bbox 2910 4281 3213 4347; x_wconf 60' lang='lat' dir='ltr'><strong>prasertim</strong></span> <span class='ocrx_word' id='word_1_663' title='bbox 3236 4281 3282 4337; x_wconf 91' lang='lat' dir='ltr'><strong>si</strong></span> <span class='ocrx_word' id='word_1_664' title='bbox 3307 4282 3606 4353; x_wconf 76' lang='lat' dir='ltr'><strong>iniuriosus</strong></span> 
     </span>
    </p>
   </div>
   <div class='ocr_carea' id='block_1_90' title="bbox 2026 4366 3606 4441">
    <p class='ocr_par' dir='ltr' id='par_1_90' title="bbox 2026 4366 3606 4441">
     <span class='ocr_line' id='line_1_90' title="bbox 2026 4366 3606 4441; baseline 0.007 -22"><span class='ocrx_word' id='word_1_665' title='bbox 2026 4366 2261 4435; x_wconf 89' lang='lat' dir='ltr'><strong>plurium</strong></span> <span class='ocrx_word' id='word_1_666' title='bbox 2311 4367 2388 4422; x_wconf 87' lang='lat' dir='ltr'><strong>illi</strong></span> <span class='ocrx_word' id='word_1_667' title='bbox 2456 4369 2668 4422; x_wconf 87' lang='lat' dir='ltr'><strong>debitor</strong></span> <span class='ocrx_word' id='word_1_668' title='bbox 2710 4367 2898 4434; x_wconf 80' lang='lat' dir='ltr'><strong>fuerit,</strong></span> <span class='ocrx_word' id='word_1_669' title='bbox 2927 4381 2981 4426; x_wconf 91' lang='lat' dir='ltr'><strong>et</strong></span> <span class='ocrx_word' id='word_1_670' title='bbox 3043 4371 3269 4441; x_wconf 90' lang='lat' dir='ltr'><strong>quidem</strong></span> <span class='ocrx_word' id='word_1_671' title='bbox 3318 4382 3428 4429; x_wconf 91' lang='lat' dir='ltr'><strong>tam</strong></span> <span class='ocrx_word' id='word_1_672' title='bbox 3469 4375 3606 4432; x_wconf 88' lang='lat' dir='ltr'><strong>iusi-</strong></span> 
     </span>
    </p>
   </div>
   <div class='ocr_carea' id='block_1_91' title="bbox 353 4449 1925 4536">
    <p class='ocr_par' dir='ltr' id='par_1_91' title="bbox 353 4449 1922 4531">
     <span class='ocr_line' id='line_1_91' title="bbox 353 4449 1922 4531; baseline -0.005 -17"><span class='ocrx_word' id='word_1_673' title='bbox 353 4461 605 4514; x_wconf 87' lang='grc' dir='ltr'>τοσοῦτον</span> <span class='ocrx_word' id='word_1_674' title='bbox 637 4460 692 4512; x_wconf 82' lang='grc' dir='ltr'>δὲ</span> <span class='ocrx_word' id='word_1_675' title='bbox 746 4459 1018 4531; x_wconf 76' lang='grc' dir='ltr'>ὑπερέχῃ,</span> <span class='ocrx_word' id='word_1_676' title='bbox 1054 4459 1130 4521; x_wconf 86' lang='grc' dir='ltr'><strong>ῶς</strong></span> <span class='ocrx_word' id='word_1_677' title='bbox 1191 4456 1327 4528; x_wconf 85' lang='grc' dir='ltr'>μηδὲ</span> <span class='ocrx_word' id='word_1_678' title='bbox 1386 4455 1586 4526; x_wconf 76' lang='grc' dir='ltr'>μέτρον</span> <span class='ocrx_word' id='word_1_679' title='bbox 1632 4449 1773 4508; x_wconf 81' lang='grc' dir='ltr'>εἶναι</span> <span class='ocrx_word' id='word_1_680' title='bbox 1826 4452 1922 4507; x_wconf 92' lang='grc' dir='ltr'><strong>τοῦ</strong></span> 
     </span>
    </p>
   </div>
   <div class='ocr_carea' id='block_1_92' title="bbox 2029 4449 3605 4536">
    <p class='ocr_par' dir='ltr' id='par_1_92' title="bbox 2032 4459 3605 4531">
     <span class='ocr_line' id='line_1_92' title="bbox 2032 4459 3605 4531; baseline 0.007 -19"><span class='ocrx_word' id='word_1_681' title='bbox 2032 4459 2240 4528; x_wconf 86' lang='lat' dir='ltr'><strong>gnium,</strong></span> <span class='ocrx_word' id='word_1_682' title='bbox 2271 4467 2327 4514; x_wconf 91' lang='lat' dir='ltr'><strong>ut</strong></span> <span class='ocrx_word' id='word_1_683' title='bbox 2354 4474 2423 4514; x_wconf 91' lang='lat' dir='ltr'><strong>ne</strong></span> <span class='ocrx_word' id='word_1_684' title='bbox 2452 4459 2666 4516; x_wconf 86' lang='lat' dir='ltr'><strong>dimidii</strong></span> <span class='ocrx_word' id='word_1_685' title='bbox 2699 4461 2920 4531; x_wconf 87' lang='lat' dir='ltr'><strong>quidem</strong></span> <span class='ocrx_word' id='word_1_686' title='bbox 2952 4463 3062 4518; x_wconf 89' lang='lat' dir='ltr'><strong>ulla</strong></span> <span class='ocrx_word' id='word_1_687' title='bbox 3092 4480 3346 4520; x_wconf 90' lang='lat' dir='ltr'><strong>mensura</strong></span> <span class='ocrx_word' id='word_1_688' title='bbox 3380 4467 3474 4522; x_wconf 91' lang='lat' dir='ltr'><strong>sit.</strong></span> <span class='ocrx_word' id='word_1_689' title='bbox 3500 4467 3605 4523; x_wconf 87' lang='lat' dir='ltr'><strong>Ne-</strong></span> 
     </span>
    </p>
   </div>
   <div class='ocr_carea' id='block_1_93' title="bbox 355 4548 1927 4624">
    <p class='ocr_par' dir='ltr' id='par_1_93' title="bbox 355 4548 1927 4624">
     <span class='ocr_line' id='line_1_93' title="bbox 355 4548 1927 4624; baseline -0.004 -18"><span class='ocrx_word' id='word_1_690' title='bbox 355 4555 548 4624; x_wconf 90' lang='grc' dir='ltr'>μέσου.</span> <span class='ocrx_word' id='word_1_691' title='bbox 605 4555 714 4610; x_wconf 77' lang='grc' dir='ltr'>Καὶ</span> <span class='ocrx_word' id='word_1_692' title='bbox 744 4553 855 4622; x_wconf 86' lang='grc' dir='ltr'>γὰρ</span> <span class='ocrx_word' id='word_1_693' title='bbox 909 4552 1150 4622; x_wconf 80' lang='grc' dir='ltr'>ἀνάγκη,</span> <span class='ocrx_word' id='word_1_694' title='bbox 1188 4550 1251 4603; x_wconf 93' lang='grc' dir='ltr'><strong>τὸ</strong></span> <span class='ocrx_word' id='word_1_695' title='bbox 1277 4549 1533 4620; x_wconf 76' lang='grc' dir='ltr'>ἔγκλημα</span> <span class='ocrx_word' id='word_1_696' title='bbox 1570 4548 1767 4601; x_wconf 85' lang='grc' dir='ltr'>λύοντα</span> <span class='ocrx_word' id='word_1_697' title='bbox 1828 4549 1927 4602; x_wconf 74' lang='grc' dir='ltr'>καὶ</span> 
     </span>
    </p>
   </div>
   <div class='ocr_carea' id='block_1_94' title="bbox 353 4642 1929 4718">
    <p class='ocr_par' dir='ltr' id='par_1_94' title="bbox 353 4642 1929 4718">
     <span class='ocr_line' id='line_1_94' title="bbox 353 4642 1929 4718; baseline -0.005 -16"><span class='ocrx_word' id='word_1_698' title='bbox 353 4649 453 4718; x_wconf 82' lang='grc' dir='ltr'><strong>τὴν</strong></span> <span class='ocrx_word' id='word_1_699' title='bbox 495 4649 887 4718; x_wconf 85' lang='grc' dir='ltr'>ἀπενεχθεῖσαν</span> <span class='ocrx_word' id='word_1_700' title='bbox 977 4645 1148 4716; x_wconf 79' lang='grc' dir='ltr'>τιμὴν</span> <span class='ocrx_word' id='word_1_701' title='bbox 1203 4643 1658 4712; x_wconf 83' lang='grc' dir='ltr'>ἀποκαταστῆσαι</span> <span class='ocrx_word' id='word_1_702' title='bbox 1695 4642 1773 4714; x_wconf 88' lang='grc' dir='ltr'>τῷ</span> <span class='ocrx_word' id='word_1_703' title='bbox 1833 4659 1929 4694; x_wconf 86' lang='grc' dir='ltr'>πε-</span> 
     </span>
    </p>
   </div>
   <div class='ocr_carea' id='block_1_95' title="bbox 359 4733 1929 4810">
    <p class='ocr_par' dir='ltr' id='par_1_95' title="bbox 359 4733 1929 4810">
     <span class='ocr_line' id='line_1_95' title="bbox 359 4733 1929 4810; baseline -0.005 -19"><span class='ocrx_word' id='word_1_704' title='bbox 359 4741 742 4810; x_wconf 81' lang='grc' dir='ltr'>παρῳνημένῳ</span> <span class='ocrx_word' id='word_1_705' title='bbox 760 4736 1027 4807; x_wconf 77' lang='grc' dir='ltr'>ζητοῦντα</span> <span class='ocrx_word' id='word_1_706' title='bbox 1068 4738 1239 4791; x_wconf 88' lang='grc' dir='ltr'>πλείω</span> <span class='ocrx_word' id='word_1_707' title='bbox 1261 4736 1371 4790; x_wconf 86' lang='grc' dir='ltr'><strong>τῶν</strong></span> <span class='ocrx_word' id='word_1_708' title='bbox 1423 4734 1789 4805; x_wconf 80' lang='grc' dir='ltr'>ὀφειλομένων</span> <span class='ocrx_word' id='word_1_709' title='bbox 1817 4733 1929 4784; x_wconf 80' lang='grc' dir='ltr'>εισ-</span> 
     </span>
    </p>
   </div>
   <div class='ocr_carea' id='block_1_96' title="bbox 358 4824 1924 4900">
    <p class='ocr_par' dir='ltr' id='par_1_96' title="bbox 358 4824 1924 4900">
     <span class='ocr_line' id='line_1_96' title="bbox 358 4824 1924 4900; baseline -0.006 -16"><span class='ocrx_word' id='word_1_710' title='bbox 358 4831 635 4898; x_wconf 79' lang='grc' dir='ltr'>ενεγκεῖν,</span> <span class='ocrx_word' id='word_1_711' title='bbox 659 4830 730 4884; x_wconf 82' lang='grc' dir='ltr'>τὰ</span> <span class='ocrx_word' id='word_1_712' title='bbox 765 4829 864 4900; x_wconf 72' lang='grc' dir='ltr'>μὲν</span> <span class='ocrx_word' id='word_1_713' title='bbox 893 4829 1234 4893; x_wconf 83' lang='grc' dir='ltr'>ἀποδιδόντα,</span> <span class='ocrx_word' id='word_1_714' title='bbox 1284 4828 1354 4881; x_wconf 82' lang='grc' dir='ltr'>τὰ</span> <span class='ocrx_word' id='word_1_715' title='bbox 1401 4827 1446 4881; x_wconf 85' lang='grc' dir='ltr'>δ’</span> <span class='ocrx_word' id='word_1_716' title='bbox 1488 4827 1547 4893; x_wconf 70' lang='grc' dir='ltr'><strong>ἐξ</strong></span> <span class='ocrx_word' id='word_1_717' title='bbox 1591 4824 1924 4897; x_wconf 77' lang='grc' dir='ltr'>ἀντιρῤόπου</span> 
     </span>
    </p>
   </div>
   <div class='ocr_carea' id='block_1_97' title="bbox 358 4914 1926 4994">
    <p class='ocr_par' dir='ltr' id='par_1_97' title="bbox 358 4914 1926 4994">
     <span class='ocr_line' id='line_1_97' title="bbox 358 4914 1926 4994; baseline -0.006 -17"><span class='ocrx_word' id='word_1_718' title='bbox 358 4925 489 4994; x_wconf 75' lang='grc' dir='ltr'>περὶ</span> <span class='ocrx_word' id='word_1_719' title='bbox 518 4919 592 4979; x_wconf 84' lang='grc' dir='ltr'><strong>ῶν</strong></span> <span class='ocrx_word' id='word_1_720' title='bbox 623 4925 850 4994; x_wconf 72' lang='grc' dir='ltr'>ἠδίκησε</span> <span class='ocrx_word' id='word_1_721' title='bbox 902 4922 1264 4994; x_wconf 86' lang='grc' dir='ltr'>προστιθέντα</span> <span class='ocrx_word' id='word_1_722' title='bbox 1288 4936 1302 4952; x_wconf 85' lang='lat'><strong><em>°</em></strong></span> <span class='ocrx_word' id='word_1_723' title='bbox 1334 4914 1378 4990; x_wconf 82' lang='grc' dir='ltr'><strong>ᾧ</strong></span> <span class='ocrx_word' id='word_1_724' title='bbox 1403 4921 1460 4975; x_wconf 76' lang='grc' dir='ltr'>δὲ</span> <span class='ocrx_word' id='word_1_725' title='bbox 1488 4922 1590 4974; x_wconf 88' lang='grc' dir='ltr'><strong>οὑκ</strong></span> <span class='ocrx_word' id='word_1_726' title='bbox 1625 4919 1774 4972; x_wconf 77' lang='grc' dir='ltr'>ἔστιν</span> <span class='ocrx_word' id='word_1_727' title='bbox 1815 4914 1926 4970; x_wconf 79' lang='grc' dir='ltr'>οὐδ’</span> 
     </span>
    </p>
   </div>
   <div class='ocr_carea' id='block_1_98' title="bbox 357 5007 1927 5086">
    <p class='ocr_par' dir='ltr' id='par_1_98' title="bbox 357 5007 1927 5086">
     <span class='ocr_line' id='line_1_98' title="bbox 357 5007 1927 5086; baseline -0.005 -16"><span class='ocrx_word' id='word_1_728' title='bbox 357 5019 524 5084; x_wconf 73' lang='grc' dir='ltr'>ἐγγὺς</span> <span class='ocrx_word' id='word_1_729' title='bbox 557 5017 840 5086; x_wconf 79' lang='grc' dir='ltr'>ἐφικέσθαι</span> <span class='ocrx_word' id='word_1_730' title='bbox 868 5016 975 5069; x_wconf 90' lang='grc' dir='ltr'><strong>τῶν</strong></span> <span class='ocrx_word' id='word_1_731' title='bbox 1008 5015 1332 5085; x_wconf 78' lang='grc' dir='ltr'>γινομένων,</span> <span class='ocrx_word' id='word_1_732' title='bbox 1360 5012 1441 5076; x_wconf 81' lang='grc' dir='ltr'><strong>τίς</strong></span> <span class='ocrx_word' id='word_1_733' title='bbox 1485 5012 1552 5066; x_wconf 84' lang='grc' dir='ltr'>ἂν</span> <span class='ocrx_word' id='word_1_734' title='bbox 1604 5011 1815 5080; x_wconf 86' lang='grc' dir='ltr'>γένοιτο</span> <span class='ocrx_word' id='word_1_735' title='bbox 1857 5007 1927 5062; x_wconf 91' lang='grc' dir='ltr'><strong>τά</strong></span> 
     </span>
    </p>
   </div>
   <div class='ocr_carea' id='block_1_99' title="bbox 359 5107 821 5178">
    <p class='ocr_par' dir='ltr' id='par_1_99' title="bbox 359 5107 821 5178">
     <span class='ocr_line' id='line_1_99' title="bbox 359 5107 821 5178; baseline 0.006 -18"><span class='ocrx_word' id='word_1_736' title='bbox 359 5107 532 5178; x_wconf 75' lang='grc' dir='ltr'>μείζω</span> <span class='ocrx_word' id='word_1_737' title='bbox 567 5109 780 5162; x_wconf 86' lang='grc' dir='ltr'>διώκων</span> <span class='ocrx_word' id='word_1_738' title='bbox 805 5123 821 5174; x_wconf 89' lang='lat'><strong>;</strong></span> 
     </span>
    </p>
   </div>
   <div class='ocr_carea' id='block_1_100' title="bbox 428 5190 1929 5268">
    <p class='ocr_par' dir='ltr' id='par_1_100' title="bbox 428 5190 1929 5268">
     <span class='ocr_line' id='line_1_100' title="bbox 428 5190 1929 5268; baseline -0.007 -14"><span class='ocrx_word' id='word_1_739' title='bbox 428 5201 528 5255; x_wconf 87' lang='grc' dir='ltr'>Διά</span> <span class='ocrx_word' id='word_1_740' title='bbox 559 5201 735 5256; x_wconf 88' lang='grc' dir='ltr'>ταῦτα</span> <span class='ocrx_word' id='word_1_741' title='bbox 762 5199 863 5253; x_wconf 86' lang='grc' dir='ltr'><strong>οὑκ</strong></span> <span class='ocrx_word' id='word_1_742' title='bbox 896 5194 966 5268; x_wconf 79' lang='grc' dir='ltr'>ἦν</span> <span class='ocrx_word' id='word_1_743' title='bbox 998 5196 1190 5252; x_wconf 72' lang='grc' dir='ltr'>οὐδένα</span> <span class='ocrx_word' id='word_1_744' title='bbox 1245 5192 1552 5264; x_wconf 84' lang='grc' dir='ltr'>ἀνθρώπων</span> <span class='ocrx_word' id='word_1_745' title='bbox 1603 5191 1781 5262; x_wconf 77' lang='grc' dir='ltr'>ἑαυτῷ</span> <span class='ocrx_word' id='word_1_746' title='bbox 1836 5190 1929 5244; x_wconf 86' lang='grc' dir='ltr'><strong>τὸν</strong></span> 
     </span>
    </p>
   </div>
   <div class='ocr_carea' id='block_1_101' title="bbox 357 5283 1925 5360">
    <p class='ocr_par' dir='ltr' id='par_1_101' title="bbox 357 5283 1925 5360">
     <span class='ocr_line' id='line_1_101' title="bbox 357 5283 1925 5360; baseline -0.006 -16"><span class='ocrx_word' id='word_1_747' title='bbox 357 5290 492 5344; x_wconf 89' lang='grc' dir='ltr'>Θεὸν</span> <span class='ocrx_word' id='word_1_748' title='bbox 527 5291 862 5356; x_wconf 82' lang='grc' dir='ltr'>καταλλάξαι</span> <span class='ocrx_word' id='word_1_749' title='bbox 897 5288 997 5360; x_wconf 82' lang='grc' dir='ltr'>τὴν</span> <span class='ocrx_word' id='word_1_750' title='bbox 1043 5285 1236 5342; x_wconf 75' lang='grc' dir='ltr'>ἑαυτοῦ</span> <span class='ocrx_word' id='word_1_751' title='bbox 1289 5283 1638 5353; x_wconf 85' lang='grc' dir='ltr'>δικαιοσύνην</span> <span class='ocrx_word' id='word_1_752' title='bbox 1686 5284 1925 5350; x_wconf 80' lang='grc' dir='ltr'>εἰσενεγ-</span> 
     </span>
    </p>
   </div>
   <div class='ocr_carea' id='block_1_102' title="bbox 357 5372 1928 5447">
    <p class='ocr_par' dir='ltr' id='par_1_102' title="bbox 357 5372 1928 5447">
     <span class='ocr_line' id='line_1_102' title="bbox 357 5372 1928 5447; baseline -0.007 -11"><span class='ocrx_word' id='word_1_753' title='bbox 357 5382 691 5447; x_wconf 82' lang='grc' dir='ltr'>κόντα,ὄθεν</span> <span class='ocrx_word' id='word_1_754' title='bbox 723 5381 899 5434; x_wconf 79' lang='grc' dir='ltr'>οῦτεὸ</span> <span class='ocrx_word' id='word_1_755' title='bbox 956 5379 1184 5441; x_wconf 88' lang='grc' dir='ltr'>παλαιὸς</span> <span class='ocrx_word' id='word_1_756' title='bbox 1246 5377 1410 5447; x_wconf 87' lang='grc' dir='ltr'>νόμος</span> <span class='ocrx_word' id='word_1_757' title='bbox 1473 5374 1709 5445; x_wconf 77' lang='grc' dir='ltr'>ἐδυνήθη</span> <span class='ocrx_word' id='word_1_758' title='bbox 1771 5372 1928 5426; x_wconf 91' lang='grc' dir='ltr'>λῦσαι</span> 
     </span>
    </p>
   </div>
   <div class='ocr_carea' id='block_1_103' title="bbox 357 5449 1926 5543">
    <p class='ocr_par' dir='ltr' id='par_1_103' title="bbox 357 5449 1926 5543">
     <span class='ocr_line' id='line_1_103' title="bbox 357 5449 1926 5543; baseline -0.006 -19"><span class='ocrx_word' id='word_1_759' title='bbox 357 5473 457 5543; x_wconf 81' lang='grc' dir='ltr'>τὴν</span> <span class='ocrx_word' id='word_1_760' title='bbox 495 5471 716 5542; x_wconf 68' lang='grc' dir='ltr'>ἔχθραν,</span> <span class='ocrx_word' id='word_1_761' title='bbox 743 5473 869 5525; x_wconf 77' lang='grc' dir='ltr'>οὔτε</span> <span class='ocrx_word' id='word_1_762' title='bbox 893 5473 1006 5533; x_wconf 84' lang='grc' dir='ltr'>τοῖς</span> <span class='ocrx_word' id='word_1_763' title='bbox 1049 5471 1107 5522; x_wconf 82' lang='grc' dir='ltr'>ὲν</span> <span class='ocrx_word' id='word_1_764' title='bbox 1137 5468 1321 5538; x_wconf 82' lang='grc' dir='ltr'>χάριτι</span> <span class='ocrx_word' id='word_1_765' title='bbox 1358 5449 1664 5536; x_wconf 60' lang='grc' dir='ltr'>ζῶσιθπρὸς</span> <span class='ocrx_word' id='word_1_766' title='bbox 1692 5461 1792 5532; x_wconf 81' lang='grc' dir='ltr'>τὴν</span> <span class='ocrx_word' id='word_1_767' title='bbox 1846 5464 1926 5514; x_wconf 80' lang='grc' dir='ltr'><strong>εἰ·</strong></span> 
     </span>
    </p>
   </div>
   <div class='ocr_carea' id='block_1_104' title="bbox 363 5549 1930 5630">
    <p class='ocr_par' dir='ltr' id='par_1_104' title="bbox 363 5549 1930 5630">
     <span class='ocr_line' id='line_1_104' title="bbox 363 5549 1930 5630; baseline -0.006 -20"><span class='ocrx_word' id='word_1_768' title='bbox 363 5559 534 5628; x_wconf 84' lang='grc' dir='ltr'>ρήνην</span> <span class='ocrx_word' id='word_1_769' title='bbox 563 5559 766 5630; x_wconf 85' lang='grc' dir='ltr'>ταύτην</span> <span class='ocrx_word' id='word_1_770' title='bbox 787 5558 1076 5629; x_wconf 81' lang='grc' dir='ltr'>ἀρκέσειεν</span> <span class='ocrx_word' id='word_1_771' title='bbox 1106 5556 1170 5610; x_wconf 85' lang='grc' dir='ltr'>ἂν</span> <span class='ocrx_word' id='word_1_772' title='bbox 1196 5558 1229 5626; x_wconf 79' lang='grc' dir='ltr'>ἡ</span> <span class='ocrx_word' id='word_1_773' title='bbox 1254 5554 1478 5625; x_wconf 81' lang='grc' dir='ltr'>σπουδή·</span> <span class='ocrx_word' id='word_1_774' title='bbox 1509 5553 1604 5607; x_wconf 79' lang='grc' dir='ltr'>καὶ</span> <span class='ocrx_word' id='word_1_775' title='bbox 1633 5552 1742 5622; x_wconf 74' lang='grc' dir='ltr'>γὰρ</span> <span class='ocrx_word' id='word_1_776' title='bbox 1773 5549 1930 5604; x_wconf 88' lang='grc' dir='ltr'>τοῦτο</span> 
     </span>
    </p>
   </div>
   <div class='ocr_carea' id='block_1_105' title="bbox 2029 4550 3601 4622">
    <p class='ocr_par' dir='ltr' id='par_1_105' title="bbox 2029 4550 3601 4622">
     <span class='ocr_line' id='line_1_105' title="bbox 2029 4550 3601 4622; baseline 0.006 -19"><span class='ocrx_word' id='word_1_777' title='bbox 2029 4561 2186 4603; x_wconf 87' lang='lat' dir='ltr'><strong>cesse</strong></span> <span class='ocrx_word' id='word_1_778' title='bbox 2213 4555 2294 4604; x_wconf 91' lang='lat' dir='ltr'><strong>est</strong></span> <span class='ocrx_word' id='word_1_779' title='bbox 2321 4550 2494 4615; x_wconf 90' lang='lat' dir='ltr'><strong>enim,</strong></span> <span class='ocrx_word' id='word_1_780' title='bbox 2521 4551 2615 4620; x_wconf 93' lang='lat' dir='ltr'><strong>qui</strong></span> <span class='ocrx_word' id='word_1_781' title='bbox 2646 4551 2857 4606; x_wconf 88' lang='lat' dir='ltr'><strong>crimen</strong></span> <span class='ocrx_word' id='word_1_782' title='bbox 2885 4553 3037 4622; x_wconf 90' lang='lat' dir='ltr'><strong>piare</strong></span> <span class='ocrx_word' id='word_1_783' title='bbox 3076 4555 3278 4618; x_wconf 88' lang='lat' dir='ltr'><strong>studet,</strong></span> <span class='ocrx_word' id='word_1_784' title='bbox 3310 4557 3474 4610; x_wconf 90' lang='lat' dir='ltr'><strong>etiam</strong></span> <span class='ocrx_word' id='word_1_785' title='bbox 3503 4559 3601 4612; x_wconf 92' lang='lat' dir='ltr'><strong>de-</strong></span> 
     </span>
    </p>
   </div>
   <div class='ocr_carea' id='block_1_106' title="bbox 2031 4640 3604 4714">
    <p class='ocr_par' dir='ltr' id='par_1_106' title="bbox 2031 4640 3604 4714">
     <span class='ocr_line' id='line_1_106' title="bbox 2031 4640 3604 4714; baseline 0.006 -21"><span class='ocrx_word' id='word_1_786' title='bbox 2031 4647 2262 4694; x_wconf 89' lang='lat' dir='ltr'><strong>tractum</strong></span> <span class='ocrx_word' id='word_1_787' title='bbox 2294 4640 2555 4695; x_wconf 88' lang='lat' dir='ltr'><strong>honorem</strong></span> <span class='ocrx_word' id='word_1_788' title='bbox 2584 4641 2714 4697; x_wconf 74' lang='lat' dir='ltr'><strong>laeso</strong></span> <span class='ocrx_word' id='word_1_789' title='bbox 2744 4657 3022 4711; x_wconf 89' lang='lat' dir='ltr'><strong>reparare,</strong></span> <span class='ocrx_word' id='word_1_790' title='bbox 3047 4651 3102 4698; x_wconf 87' lang='lat' dir='ltr'><strong>et</strong></span> <span class='ocrx_word' id='word_1_791' title='bbox 3130 4645 3255 4714; x_wconf 87' lang='lat' dir='ltr'><strong>plus</strong></span> <span class='ocrx_word' id='word_1_792' title='bbox 3282 4646 3486 4702; x_wconf 88' lang='lat' dir='ltr'><strong>debitis</strong></span> <span class='ocrx_word' id='word_1_793' title='bbox 3519 4665 3604 4704; x_wconf 83' lang='lat' dir='ltr'><strong>re-</strong></span> 
     </span>
    </p>
   </div>
   <div class='ocr_carea' id='block_1_107' title="bbox 2029 4727 3602 4804">
    <p class='ocr_par' dir='ltr' id='par_1_107' title="bbox 2029 4727 3602 4804">
     <span class='ocr_line' id='line_1_107' title="bbox 2029 4727 3602 4804; baseline 0.006 -23"><span class='ocrx_word' id='word_1_794' title='bbox 2029 4727 2266 4798; x_wconf 84' lang='lat' dir='ltr'><strong>pendere</strong></span> <span class='ocrx_word' id='word_1_795' title='bbox 2311 4729 2906 4800; x_wconf 86' lang='lat' dir='ltr'><strong>aliaque.restituere,</strong></span> <span class='ocrx_word' id='word_1_796' title='bbox 2957 4731 3061 4785; x_wconf 88' lang='lat' dir='ltr'><strong>alia</strong></span> <span class='ocrx_word' id='word_1_797' title='bbox 3113 4733 3313 4800; x_wconf 86' lang='lat' dir='ltr'><strong>quibus</strong></span> <span class='ocrx_word' id='word_1_798' title='bbox 3361 4734 3602 4804; x_wconf 89' lang='lat' dir='ltr'><strong>iniquior</strong></span> 
     </span>
    </p>
   </div>
   <div class='ocr_carea' id='block_1_108' title="bbox 2029 4818 3598 4892">
    <p class='ocr_par' dir='ltr' id='par_1_108' title="bbox 2029 4818 3598 4892">
     <span class='ocr_line' id='line_1_108' title="bbox 2029 4818 3598 4892; baseline 0.006 -19"><span class='ocrx_word' id='word_1_799' title='bbox 2029 4818 2155 4884; x_wconf 77' lang='lat' dir='ltr'><strong>fuit,</strong></span> <span class='ocrx_word' id='word_1_800' title='bbox 2192 4820 2339 4874; x_wconf 91' lang='lat' dir='ltr'><strong>velut</strong></span> <span class='ocrx_word' id='word_1_801' title='bbox 2378 4821 2574 4891; x_wconf 63' lang='lat' dir='ltr'><strong>aequali</strong></span> <span class='ocrx_word' id='word_1_802' title='bbox 2627 4821 2868 4892; x_wconf 88' lang='lat' dir='ltr'><strong>pondere</strong></span> <span class='ocrx_word' id='word_1_803' title='bbox 2915 4823 3300 4891; x_wconf 87' lang='lat' dir='ltr'><strong>superaddere.</strong></span> <span class='ocrx_word' id='word_1_804' title='bbox 3347 4825 3503 4890; x_wconf 89' lang='lat' dir='ltr'><strong>Quod</strong></span> <span class='ocrx_word' id='word_1_805' title='bbox 3552 4828 3598 4882; x_wconf 88' lang='lat' dir='ltr'><strong>si</strong></span> 
     </span>
    </p>
   </div>
   <div class='ocr_carea' id='block_1_109' title="bbox 2029 4912 3602 4987">
    <p class='ocr_par' dir='ltr' id='par_1_109' title="bbox 2029 4912 3602 4987">
     <span class='ocr_line' id='line_1_109' title="bbox 2029 4912 3602 4987; baseline 0.004 -21"><span class='ocrx_word' id='word_1_806' title='bbox 2029 4912 2352 4982; x_wconf 88' lang='lat' dir='ltr'><strong>neutiquam</strong></span> <span class='ocrx_word' id='word_1_807' title='bbox 2383 4913 2535 4983; x_wconf 85' lang='lat' dir='ltr'><strong>paria</strong></span> <span class='ocrx_word' id='word_1_808' title='bbox 2589 4913 3002 4983; x_wconf 85' lang='lat' dir='ltr'><strong>consequimur,</strong></span> <span class='ocrx_word' id='word_1_809' title='bbox 3048 4914 3256 4985; x_wconf 81' lang='lat' dir='ltr'><strong>majora</strong></span> <span class='ocrx_word' id='word_1_810' title='bbox 3301 4917 3428 4987; x_wconf 87' lang='lat' dir='ltr'><strong>quis</strong></span> <span class='ocrx_word' id='word_1_811' title='bbox 3471 4933 3602 4974; x_wconf 88' lang='lat' dir='ltr'><strong>con-</strong></span> 
     </span>
    </p>
   </div>
   <div class='ocr_carea' id='block_1_110' title="bbox 2027 5005 2293 5062">
    <p class='ocr_par' dir='ltr' id='par_1_110' title="bbox 2027 5005 2293 5062">
     <span class='ocr_line' id='line_1_110' title="bbox 2027 5005 2293 5062; baseline -0.011 0"><span class='ocrx_word' id='word_1_812' title='bbox 2027 5005 2293 5062; x_wconf 77' lang='lat' dir='ltr'><strong>sectetur?</strong></span> 
     </span>
    </p>
   </div>
   <div class='ocr_carea' id='block_1_111' title="bbox 2101 5182 3600 5256">
    <p class='ocr_par' dir='ltr' id='par_1_111' title="bbox 2101 5182 3600 5256">
     <span class='ocr_line' id='line_1_111' title="bbox 2101 5182 3600 5256; baseline 0 -18"><span class='ocrx_word' id='word_1_813' title='bbox 2101 5182 2443 5256; x_wconf 86' lang='lat' dir='ltr'><strong>Quapropter</strong></span> <span class='ocrx_word' id='word_1_814' title='bbox 2467 5184 2751 5239; x_wconf 89' lang='lat' dir='ltr'><strong>hominum</strong></span> <span class='ocrx_word' id='word_1_815' title='bbox 2782 5182 2964 5239; x_wconf 91' lang='lat' dir='ltr'><strong>nullus</strong></span> <span class='ocrx_word' id='word_1_816' title='bbox 2989 5182 3212 5240; x_wconf 91' lang='lat' dir='ltr'><strong>sibimet</strong></span> <span class='ocrx_word' id='word_1_817' title='bbox 3235 5184 3426 5252; x_wconf 90' lang='lat' dir='ltr'><strong>Deum,</strong></span> <span class='ocrx_word' id='word_1_818' title='bbox 3447 5201 3600 5240; x_wconf 90' lang='lat' dir='ltr'><strong>suam</strong></span> 
     </span>
    </p>
   </div>
   <div class='ocr_carea' id='block_1_112' title="bbox 2033 5275 3603 5348">
    <p class='ocr_par' dir='ltr' id='par_1_112' title="bbox 2033 5275 3603 5348">
     <span class='ocr_line' id='line_1_112' title="bbox 2033 5275 3603 5348; baseline 0.001 -18"><span class='ocrx_word' id='word_1_819' title='bbox 2033 5275 2383 5331; x_wconf 82' lang='lat' dir='ltr'><strong>retribuendo</strong></span> <span class='ocrx_word' id='word_1_820' title='bbox 2410 5276 2674 5344; x_wconf 85' lang='lat' dir='ltr'><strong>justitiam</strong></span> <span class='ocrx_word' id='word_1_821' title='bbox 2704 5276 3067 5332; x_wconf 87' lang='lat' dir='ltr'><strong>reconciliare</strong></span> <span class='ocrx_word' id='word_1_822' title='bbox 3110 5285 3302 5348; x_wconf 86' lang='lat' dir='ltr'><strong>potest.</strong></span> <span class='ocrx_word' id='word_1_823' title='bbox 3334 5276 3444 5332; x_wconf 89' lang='lat' dir='ltr'><strong>Ncc</strong></span> <span class='ocrx_word' id='word_1_824' title='bbox 3477 5291 3603 5331; x_wconf 88' lang='lat' dir='ltr'><strong>vero</strong></span> 
     </span>
    </p>
   </div>
   <div class='ocr_carea' id='block_1_113' title="bbox 2033 5367 3602 5440">
    <p class='ocr_par' dir='ltr' id='par_1_113' title="bbox 2033 5367 3602 5440">
     <span class='ocr_line' id='line_1_113' title="bbox 2033 5367 3602 5440; baseline 0.001 -18"><span class='ocrx_word' id='word_1_825' title='bbox 2033 5367 2293 5422; x_wconf 84' lang='lat' dir='ltr'><strong>vetuslex</strong></span> <span class='ocrx_word' id='word_1_826' title='bbox 2319 5367 2640 5424; x_wconf 89' lang='lat' dir='ltr'><strong>inimicitias</strong></span> <span class='ocrx_word' id='word_1_827' title='bbox 2671 5368 2803 5423; x_wconf 91' lang='lat' dir='ltr'><strong>istas</strong></span> <span class='ocrx_word' id='word_1_828' title='bbox 2822 5384 3148 5440; x_wconf 84' lang='lat' dir='ltr'><strong>componere</strong></span> <span class='ocrx_word' id='word_1_829' title='bbox 3180 5369 3384 5436; x_wconf 83' lang='lat' dir='ltr'><strong>valuit;</strong></span> <span class='ocrx_word' id='word_1_830' title='bbox 3420 5383 3520 5423; x_wconf 89' lang='lat' dir='ltr'><strong>nec</strong></span> <span class='ocrx_word' id='word_1_831' title='bbox 3549 5371 3602 5423; x_wconf 88' lang='lat' dir='ltr'><strong>in</strong></span> 
     </span>
    </p>
   </div>
   <div class='ocr_carea' id='block_1_114' title="bbox 2035 5456 3604 5529">
    <p class='ocr_par' dir='ltr' id='par_1_114' title="bbox 2035 5456 3604 5529">
     <span class='ocr_line' id='line_1_114' title="bbox 2035 5456 3604 5529; baseline 0.002 -19"><span class='ocrx_word' id='word_1_832' title='bbox 2035 5457 2226 5528; x_wconf 61' lang='lat' dir='ltr'><strong>gratia;</strong></span> <span class='ocrx_word' id='word_1_833' title='bbox 2249 5457 2365 5529; x_wconf 88' lang='lat' dir='ltr'><strong>lege</strong></span> <span class='ocrx_word' id='word_1_834' title='bbox 2393 5456 2717 5524; x_wconf 85' lang='lat' dir='ltr'><strong>viventibus,</strong></span> <span class='ocrx_word' id='word_1_835' title='bbox 2755 5456 2822 5510; x_wconf 88' lang='lat' dir='ltr'><strong>ad</strong></span> <span class='ocrx_word' id='word_1_836' title='bbox 2869 5473 3056 5526; x_wconf 76' lang='lat' dir='ltr'><strong>pacem</strong></span> <span class='ocrx_word' id='word_1_837' title='bbox 3089 5459 3230 5512; x_wconf 91' lang='lat' dir='ltr'><strong>hanc</strong></span> <span class='ocrx_word' id='word_1_838' title='bbox 3259 5473 3604 5527; x_wconf 78' lang='lat' dir='ltr'><strong>consequen-</strong></span> 
     </span>
    </p>
   </div>
   <div class='ocr_carea' id='block_1_115' title="bbox 2033 5547 3603 5618">
    <p class='ocr_par' dir='ltr' id='par_1_115' title="bbox 2033 5547 3603 5618">
     <span class='ocr_line' id='line_1_115' title="bbox 2033 5547 3603 5618; baseline 0 -13"><span class='ocrx_word' id='word_1_839' title='bbox 2033 5550 2157 5605; x_wconf 87' lang='lat' dir='ltr'><strong>dam</strong></span> <span class='ocrx_word' id='word_1_840' title='bbox 2189 5551 2432 5606; x_wconf 89' lang='lat' dir='ltr'><strong>studium</strong></span> <span class='ocrx_word' id='word_1_841' title='bbox 2466 5560 2520 5605; x_wconf 90' lang='lat' dir='ltr'><strong>et</strong></span> <span class='ocrx_word' id='word_1_842' title='bbox 2548 5548 2828 5618; x_wconf 83' lang='lat' dir='ltr'><strong>diligentia</strong></span> <span class='ocrx_word' id='word_1_843' title='bbox 2867 5547 3162 5603; x_wconf 75' lang='lat' dir='ltr'><strong>sull’ccerit.</strong></span> <span class='ocrx_word' id='word_1_844' title='bbox 3222 5549 3356 5602; x_wconf 82' lang='lat' dir='ltr'><strong>Nam</strong></span> <span class='ocrx_word' id='word_1_845' title='bbox 3403 5560 3456 5605; x_wconf 85' lang='lat' dir='ltr'><strong>et</strong></span> <span class='ocrx_word' id='word_1_846' title='bbox 3498 5551 3603 5604; x_wconf 87' lang='lat' dir='ltr'><strong>hoc</strong></span> 
     </span>
    </p>
   </div>
   <div class='ocr_carea' id='block_1_116' title="bbox 441 5726 1925 5802">
    <p class='ocr_par' dir='ltr' id='par_1_116' title="bbox 441 5727 1919 5802">
     <span class='ocr_line' id='line_1_116' title="bbox 441 5727 1919 5802; baseline -0.007 -9"><span class='ocrx_word' id='word_1_847' title='bbox 441 5739 484 5771; x_wconf 81' lang='lat'><strong>&quot;</strong></span> <span class='ocrx_word' id='word_1_848' title='bbox 523 5738 563 5792; x_wconf 90' lang='lat' dir='ltr'><strong>ll</strong></span> <span class='ocrx_word' id='word_1_849' title='bbox 595 5737 724 5793; x_wconf 90' lang='lat' dir='ltr'><strong>Cor.</strong></span> <span class='ocrx_word' id='word_1_850' title='bbox 763 5753 826 5802; x_wconf 91' lang='grc' dir='ltr'><strong>ιι,</strong></span> <span class='ocrx_word' id='word_1_851' title='bbox 864 5733 956 5789; x_wconf 78' lang='grc'><strong>16.</strong></span> <span class='ocrx_word' id='word_1_852' title='bbox 1030 5735 1076 5767; x_wconf 72' lang='grc'><strong>’⁸</strong></span> <span class='ocrx_word' id='word_1_853' title='bbox 1113 5733 1158 5789; x_wconf 90' lang='grc' dir='ltr'><strong>ιι</strong></span> <span class='ocrx_word' id='word_1_854' title='bbox 1197 5733 1326 5788; x_wconf 89' lang='lat' dir='ltr'><strong>Cor.</strong></span> <span class='ocrx_word' id='word_1_855' title='bbox 1371 5747 1489 5796; x_wconf 83' lang='lat' dir='ltr'><strong>xm,</strong></span> <span class='ocrx_word' id='word_1_856' title='bbox 1531 5731 1583 5786; x_wconf 78' lang='grc'><strong>5.</strong></span> <span class='ocrx_word' id='word_1_857' title='bbox 1664 5731 1708 5765; x_wconf 75' lang='grc'><strong>’⁸</strong></span> <span class='ocrx_word' id='word_1_858' title='bbox 1749 5727 1771 5784; x_wconf 82' lang='grc'><strong>1</strong></span> <span class='ocrx_word' id='word_1_859' title='bbox 1811 5729 1919 5784; x_wconf 80' lang='lat' dir='ltr'><strong>Cor</strong></span> 
     </span>
    </p>
   </div>
   <div class='ocr_carea' id='block_1_117' title="bbox 2029 5726 3317 5802">
    <p class='ocr_par' dir='ltr' id='par_1_117' title="bbox 2034 5726 3317 5800">
     <span class='ocr_line' id='line_1_117' title="bbox 2034 5726 3317 5800; baseline 0.003 -17"><span class='ocrx_word' id='word_1_860' title='bbox 2034 5745 2074 5794; x_wconf 89' lang='lat' dir='ltr'><strong>t,</strong></span> <span class='ocrx_word' id='word_1_861' title='bbox 2109 5728 2198 5785; x_wconf 74' lang='grc'><strong>40.</strong></span> <span class='ocrx_word' id='word_1_862' title='bbox 2277 5728 2320 5763; x_wconf 85' lang='grc'>³⁰</span> <span class='ocrx_word' id='word_1_863' title='bbox 2356 5729 2597 5800; x_wconf 85' lang='lat' dir='ltr'><strong>Philipp.</strong></span> <span class='ocrx_word' id='word_1_864' title='bbox 2632 5745 2672 5796; x_wconf 91' lang='grc' dir='ltr'><strong>ι,</strong></span> <span class='ocrx_word' id='word_1_865' title='bbox 2718 5727 2770 5783; x_wconf 89' lang='lat'><strong>8.</strong></span> <span class='ocrx_word' id='word_1_866' title='bbox 2853 5729 2894 5761; x_wconf 77' lang='lat'>“</span> <span class='ocrx_word' id='word_1_867' title='bbox 2940 5726 3101 5782; x_wconf 83' lang='lat' dir='ltr'><strong>Rom.</strong></span> <span class='ocrx_word' id='word_1_868' title='bbox 3139 5729 3317 5796; x_wconf 73' lang='lat'><strong>&quot;,25.</strong></span> 
     </span>
    </p>
   </div>
   <div class='ocr_carea' id='block_1_118' title="bbox 690 5829 1280 5895">
    <p class='ocr_par' dir='ltr' id='par_1_118' title="bbox 690 5829 1280 5895">
     <span class='ocr_line' id='line_1_118' title="bbox 690 5829 1280 5895; baseline -0.015 0"><span class='ocrx_word' id='word_1_869' title='bbox 690 5837 771 5895; x_wconf 75' lang='lat' dir='ltr'><strong>PA</strong></span> <span class='ocrx_word' id='word_1_870' title='bbox 790 5849 979 5894; x_wconf 74' lang='lat' dir='ltr'><strong>rent.</strong></span> <span class='ocrx_word' id='word_1_871' title='bbox 1009 5831 1124 5892; x_wconf 85' lang='lat' dir='ltr'><strong>Gn.</strong></span> <span class='ocrx_word' id='word_1_872' title='bbox 1157 5829 1280 5888; x_wconf 84' lang='lat' dir='ltr'><strong>CL.</strong></span> 
     </span>
    </p>
   </div>
   <div class='ocr_carea' id='block_1_119' title="bbox 3132 5827 3206 5884">
    <p class='ocr_par' dir='ltr' id='par_1_119' title="bbox 3132 5827 3206 5884">
     <span class='ocr_line' id='line_1_119' title="bbox 3132 5827 3206 5884; baseline 0 0"><span class='ocrx_word' id='word_1_873' title='bbox 3132 5827 3206 5884; x_wconf 78' lang='grc'><strong>19</strong></span> 
     </span>
    </p>
   </div>
  </div>
