4030 6482
457 344 566 408 58Ἷ

1700 341 2010 403 NICOLAI
2053 342 2442 402 CABASILIE

3612 345 3712 410 538

459 473 514 517 ct
556 462 689 516 illud
717 457 940 513 virtutis
985 458 1241 511 humanae
1267 470 1432 524 opera
1463 464 1516 509 et
1579 455 2044 525 humanajustitia

2156 461 2375 511 κάκεῖνο
2404 454 2690 524 δυνάμεως
2722 453 3023 525 ἀνθρώπων
3069 455 3205 524 ἔργα
3263 459 3364 511 καὶ
3405 457 3704 528 ἀνθρωπεία

455 566 622 616 sunt;
645 551 915 621 siquidem
945 558 1000 603 ct
1025 549 1201 618 legem
1235 548 1408 613 ipsam
1440 546 1498 601 Β.
1527 546 1735 602 Paulus
1757 549 2042 604 hominum

459 645 720 713 justitiam
772 642 1052 711 appellat:
1089 661 1105 691 ι
1154 639 1390 694 Iustitia:
1433 641 1578 694 enim
1636 641 1726 694 Dei
1754 679 1768 702 ,
1825 640 2044 709 inquit,

455 751 573 789 non
605 743 730 787 sunt
765 731 1016 797 subjecti,
1050 745 1204 784 suam
1236 731 1508 800 justitiam
1538 732 1876 785 constituere
1901 745 2047 800 qua:-

465 833 645 877 rentes
672 823 736 874 ".
777 839 794 870 ι
832 820 908 874 De
936 819 1104 873 veteri
1133 819 1249 888 lege
1281 820 1543 888 loquitur.
1578 819 1812 874 Tantum
1843 820 2047 889 quippe

453 913 729 967 duntaxat
757 920 943 965 contra
974 911 1107 964 vitia
1150 918 1344 964 nostra
1377 910 1627 976 valebat,
1664 920 1930 980 quantum
1963 919 2048 966 est

471 1006 536 1058 ad
581 1003 870 1058 sanitatem
908 1017 1238 1070 praeparare,
1287 1000 1600 1070 medicique
1638 1017 1801 1056 manu
1848 1002 2046 1072 dignos

456 1098 676 1151 edicere
707 1111 722 1148 :
753 1113 772 1145 ι
805 1094 914 1148 Lex
947 1094 1116 1154 enim.
1156 1094 1354 1162 inquit,
1386 1093 1711 1164 paedagogus
1737 1104 1919 1148 noster
1941 1092 2048 1147 fuit

462 1190 518 1242 in
551 1187 768 1241 Christo
799 1185 929 1241 Jesu
963 1187 1028 1238 ³³.
1071 1205 1088 1236 ι
1126 1183 1191 1239 Ει
1241 1195 1466 1239 sanctus
1515 1186 1758 1240 Joannes
1812 1187 1864 1240 in
1915 1201 2042 1241 eum

466 1279 561 1346 qui
613 1284 882 1332 venturus
930 1285 1048 1330 erat
1092 1287 1216 1345 post
1273 1275 1449 1342 ipsum
1514 1275 1824 1344 baptizabat
1869 1276 1937 1340 ⁸⁸,
1992 1284 2047 1331 et

464 1371 725 1426 universa
768 1369 1110 1438 philosophia
1158 1370 1418 1432 humana,
1456 1367 1746 1438 omnisque
1782 1368 1938 1423 labor
1977 1370 2042 1421 ad

464 1477 776 1534 germanam
804 1461 1072 1531 justitiam
1105 1463 1260 1526 quasi
1294 1462 1636 1515 initiamenta
1690 1468 1746 1514 et
1776 1475 2050 1530 prazpara-

467 1556 645 1609 tiones
684 1554 932 1618 quaedam
965 1561 1110 1606 sunt.
1141 1551 1321 1618 Quare
1348 1553 1606 1622 quoniam
1653 1566 1748 1620 per
1782 1567 1883 1607 nos
1935 1561 1992 1608 et
2014 1566 2046 1607 a

467 1648 632 1715 nobis
661 1647 796 1714 ipsis
829 1645 1097 1714 justitiam
1143 1645 1285 1698 hanc
1319 1654 1579 1712 praestare
1628 1643 1995 1712 nequibamus
2027 1682 2043 1708 ,

474 1758 494 1791 ι
529 1739 778 1792 Christus
815 1737 930 1805 ipse
974 1735 1130 1790 nobis
1157 1736 1368 1806 justitia
1407 1733 1588 1789 factus
1617 1747 1699 1788 eat
1732 1750 1762 1786 a
1799 1733 1906 1789 Deo
1940 1732 2044 1787 Pa-

2145 545 2486 614 δικαιοσύνη.
2526 543 2637 598 Καὶ
2662 544 2772 614 γάρ
2803 542 3022 604 καὶιτὸν
3072 545 3236 613 νόμον
3283 546 3444 600 αὐτὸν
3502 546 3703 616 ἀνθρώ-

2147 649 2266 687 πων
2314 633 2666 702 δικαιοσύνην
2715 635 2744 687 ό
2785 633 3056 703 μακάριος
3110 634 3268 686 καλεῖ
3315 635 3556 698 Παῦλοςν
3590 653 3608 686 ι
3635 636 3704 689 Ού

2146 725 2256 792 γὰρ
2291 727 2670 794 ὑπετάγησαν,
2703 722 2862 792 φησὶ,
2893 726 2960 793 τῇ
2990 723 3302 794 δικαιοσύνῃ
3329 725 3421 777 τοῦ
3452 723 3585 777 Θεοῦ
3615 725 3708 796 τὴν

2150 817 2288 868 ἰδίαν
2346 815 2696 882 δικαιοσύνην
2757 817 2952 884 στῆσαι
3007 813 3318 886 ζητοῦντες,
3352 833 3372 867 ι
3410 815 3501 869 τὸν
3555 816 3711 885 νόμον

2148 907 2320 974 λέγων
2371 907 2464 958 τὸν
2515 907 2782 960 παλαιόν·
2829 905 3085 958 τοσοῦτον
3127 906 3236 976 γὰρ
3279 907 3514 977 ἐδυνήθη
3559 909 3709 977 μόνον

2149 995 2290 1048 κατὰ
2343 996 2451 1049 τῶν
2510 996 2801 1065 ἡμετέρων
2857 995 3074 1062 κακῶν,
3127 995 3255 1048 ὅσον
3303 999 3714 1067 παρασκευάσαι

2146 1095 2284 1164 πρὸς
2319 1094 2417 1165 τὴν
2445 1095 2635 1162 ὑγείαν
2664 1095 2760 1148 καὶ
2798 1094 2984 1160 ἀξίους
3020 1095 3244 1164 ποιῆσαι
3276 1094 3376 1164 τῆς
3401 1095 3492 1148 τοῦ
3537 1095 3714 1166 ἰατροῦ

2147 1188 2350 1256 χειρός.
2398 1205 2416 1238 ι
2451 1189 2510 1239 Ὀ
2546 1188 2657 1257 γὰρ
2693 1188 2858 1256 νόμος
2906 1185 3258 1254 παιδαγωγὸς
3315 1187 3475 1256 ήμῶν
3513 1188 3712 1253 γέγονε.

2147 1281 2332 1350 φησιν,
2365 1281 2445 1343 εἰς
2469 1279 2708 1348 Χριστὸν
2749 1278 2976 1351 Ἰησοῦν,
3008 1299 3024 1330 ι
3061 1281 3157 1333 καὶ
3179 1282 3206 1332 ὁ
3239 1281 3510 1349 μακάριος
3548 1279 3717 1331 Ἰωάν-

2146 1386 2244 1440 νης
2281 1371 2362 1432 εἰς
2389 1370 2480 1422 τὸν
2507 1371 2802 1441 ἐρχόμενον
2832 1370 3118 1436 ὲύάπτιζε,
3147 1371 3241 1423 καὶ
3295 1372 3447 1424 πᾶσα
3510 1371 3716 1437 φιλοσοο

2148 1465 2247 1532 φία
2269 1462 2574 1533 ἀνθρώπων
2604 1463 2700 1516 καὶ
2729 1463 2891 1526 πόνος
2922 1463 3067 1525 ἅπας
3101 1462 3237 1533 πρὸς
3279 1465 3378 1531 τὴν
3431 1461 3601 1531 ἀληθῆ
3644 1461 3716 1512 δι-

2149 1556 2444 1624 καιοσύνην
2494 1555 2803 1624 προτέλειαί
2855 1555 3002 1618 τινές
3052 1555 3159 1608 εἰσι
3207 1555 3302 1608 καὶ
3353 1556 3714 1622 παρασκευαί.

2145 1648 2314 1704 Ταῦτ’
2347 1649 2456 1716 ἀρα
2473 1648 2568 1702 καὶ
2614 1648 2688 1710 ὡς
2717 1648 2782 1702 ἂν
2811 1646 3024 1701 οἴκοθεν
3052 1648 3145 1700 καὶ
3176 1647 3309 1715 παρ’
3342 1649 3370 1715 ή
3382 1645 3499 1715 μῶν
3549 1644 3716 1698 αὐτῶν

2148 1742 2518 1807 ἐπιδείξασθαι
2600 1741 2676 1811 μὴ
2741 1741 3066 1809 δυναμένοις
3138 1739 3495 1808 δικαιοσύνην
3567 1734 3719 1798 αὐτὸς

471 1839 574 1894 tre,
603 1840 656 1883 et
687 1826 1048 1882 sanctiﬁcatio
1073 1868 1087 1892 ,
1120 1837 1175 1881 et
1218 1828 1524 1896 redemptio
1550 1827 1617 1891 ³⁸,
1662 1846 1679 1878 ι
1714 1834 1769 1881 et
1801 1826 2037 1880 inimici-

2156 1835 2280 1905 ἡμῖν
2331 1801 2616 1901 όΧριστὸς
2665 1801 2894 1899 εγένετο
2917 1827 3232 1899 δικαιοσύνη
3288 1828 3400 1882 ἀπὸ
3443 1801 3576 1880 θεοῦ
3631 1843 3718 1880 και

471 1915 577 1968 tias
625 1916 679 1969 in
733 1929 899 1969 carne
930 1931 1026 1968 sua
1055 1915 1304 1970 dissolvit
1336 1916 1403 1982 ",
1434 1926 1488 1969 et
1525 1915 1693 1969 Deum
1726 1916 1884 1970 nobis
1925 1915 2040 1986 pla-

470 2019 584 2074 cat;
632 2024 739 2062 non
783 2007 958 2061 solum
999 2022 1120 2060 cum
1172 2017 1380 2061 natura:
1427 2007 1817 2073 communicat,
1864 2016 2042 2076 neque

472 2102 648 2156 solum
694 2101 918 2168 quando
964 2109 1138 2154 morte
1187 2100 1486 2164 occubuit,
1535 2099 1632 2154 sed
1696 2112 1934 2168 semper,
1989 2106 2044 2153 et

473 2192 774 2259 unicuique
822 2191 1102 2244 hominum
1135 2201 1296 2262 {tum
1342 2199 1399 2244 ut
1441 2190 1590 2247 cruci
1635 2188 1851 2256 aﬂixus,
1897 2205 2045 2246 nunc

475 2294 536 2337 ut
575 2283 796 2351 epulum
846 2282 1004 2344 dans,
1055 2282 1101 2337 si
1148 2282 1532 2351 resipiscentes
1582 2285 1796 2338 veniam
1841 2285 2044 2355 rogite-

461 2392 621 2431 ~mus.
666 2373 833 2430 Solus
872 2374 1016 2427 enim
1058 2384 1112 2428 et
1152 2375 1466 2429 universum
1512 2374 1783 2430 honorem
1824 2374 2045 2430 Parenti

475 2467 808 2530 retundere,
841 2477 896 2520 et
943 2467 1010 2520 de
1051 2466 1231 2520 ablato
1276 2465 1594 2520 satisfacere
1641 2467 1855 2536 potuit;
1913 2466 2045 2521 illttd

473 2562 607 2624 vita,
660 2560 762 2613 hoc
805 2572 945 2612 nece
986 2573 1105 2612 sna.
1143 2558 1368 2610 Mortem
1399 2557 1694 2626 siquidem,
1733 2573 1898 2628 quam
1945 2572 2049 2628 pro

465 2652 641 2721 gloria
689 2646 868 2702 Patris
913 2647 966 2701 in
1027 2661 1194 2701 cruce
1252 2647 1514 2716 pertulit,
1573 2646 1966 2702 contumeliam
2017 2661 2046 2700 a

478 2741 636 2796 nobis
697 2740 903 2792 illatam
944 2747 1290 2807 aequantem,
1341 2737 1555 2806 majore
1599 2738 1824 2792 cumulo
1886 2752 2048 2806 repo-

463 2847 632 2895 nens,
667 2830 954 2892 honorem,
997 2844 1160 2896 quem
1203 2830 1251 2882 ei
1283 2829 1564 2896 peccando
1605 2842 1706 2884 nos
1745 2827 2051 2882 abstulera-

465 2941 600 2978 anus
641 2924 934 2992 reparavit.
979 2918 1235 2989 Magnum
1280 2921 1468 2988 utique
1499 2919 1760 2989 pretiu.
1802 2919 1922 2974 Vita
1953 2933 2053 2972 au-

467 3027 585 3072 tem
633 3030 848 3068 omnem
897 3014 1160 3067 honorem
1202 3011 1458 3076 reddidit,
1503 3020 1558 3066 et
1598 3024 1709 3080 quo
1753 3011 1906 3065 illum
1957 3012 2054 3065 ho-

2146 1923 2417 1994 ἁγιασμὸς
2445 1922 2538 1974 καὶ
2567 1921 2965 1990 ἀπολύτρωσις,
3004 1921 3104 1973 καὶ
3141 1919 3258 1972 λύει
3293 1919 3395 1989 τὴν
3445 1917 3640 1987 ἔχθραν
3668 1917 3719 1969 ὲν

2145 2017 2212 2086 τῇ
2245 2015 2408 2084 σαρκὶ
2437 2012 2643 2066 καὶτὸν
2668 2011 2801 2064 Θεὸν
2830 2012 2966 2080 ἡμῖν
3007 2007 3398 2070 καταλλάττει,
3436 2007 3497 2060 ού
3520 2009 3584 2076 τῇ
3631 2005 3720 2073 φύ-

2149 2123 2232 2160 σει
2262 2105 2457 2166 κοινῶς
2485 2102 2596 2157 οὐδ’
2621 2103 2709 2156 ὅτε
2744 2103 3045 2173 ὲπὲθνησκε
3096 2102 3280 2171 μόνον,
3310 2099 3428 2154 ἀλλ’
3475 2100 3715 2152 ἑκάστοτε

2151 2199 2246 2251 καὶ
2276 2198 2494 2267 ἑκάστῳ
2524 2196 2634 2250 τῶν
2684 2195 3010 2266 ἀνθρώπων,
3054 2194 3243 2265 ὥσπερ
3318 2191 3714 2261 σταυρούμενος

2147 2293 2291 2358 τότε,
2369 2290 2466 2344 νῦν
2542 2287 2784 2359 εὐωχῶν,
2869 2286 3091 2340 ἐπειδὰν
3165 2286 3534 2358 μεταγνόντες
3597 2284 3717 2352 περὶ

2151 2378 2226 2438 ὧν
2259 2381 2584 2453 ἡμάρτομεν
2633 2377 3053 2448 παραιτώμεθα.
3110 2378 3291 2440 Μόνος
3351 2376 3461 2446 γὰρ
3500 2373 3715 2442 ἐδυνήθη

2150 2473 2244 2527 καὶ
2267 2471 2364 2541 τὴν
2393 2469 2757 2539 ὀφειλομένην
2807 2465 3032 2521 ἃπασαν
3093 2465 3397 2519 ἀποδοῦναι
3439 2462 3600 2534 τιμὴν
3651 2459 3719 2528 τῷ

2149 2563 2502 2635 γεγεννηκότι
2536 2562 2632 2615 καὶ
2657 2560 2787 2630 περὶ
2818 2560 2919 2629 τῆς
2947 2557 3349 2628 ἀπενεχθείσης
3395 2554 3720 2624 ἀπολογήσα-

2153 2657 2299 2717 σθαι,
2329 2650 2514 2721 τὸμὲν
2543 2651 2620 2720 τῷ
2661 2650 2782 2720 βίῳ,
2812 2649 2874 2701 τὸ
2924 2647 2983 2700 δὲ
3041 2649 3106 2716 τῇ
3166 2646 3422 2717 τελευτῇ.
3469 2645 3570 2700 Τὸν
3622 2641 3720 2711 γὰρ

2151 2745 2401 2810 θάνατον,
2426 2742 2485 2796 δν
2511 2743 2650 2806 ὑπὲρ
2670 2740 2773 2811 τῆς
2790 2739 2946 2809 δόξης
2975 2737 3070 2791 τοῦ
3097 2737 3311 2808 Πατρὸς
3351 2735 3612 2792 ἀπέθανεν
3637 2736 3721 2785 ἐπ.

2150 2838 2245 2892 τοῦ
2275 2834 2537 2905 σταυροῦ,
2569 2833 2668 2903 τῆς
2724 2832 2854 2902 παρ’
2885 2830 3044 2902 ήμῶν
3113 2829 3336 2900 ὕϐρεως
3410 2827 3722 2899 ἀντίρροπον

2153 2926 2483 2997 εἰσενεγκὼν
2543 2925 2684 2998 μετά
2743 2925 2990 2994 μείζονος
3052 2923 3150 2993 τῆς
3218 2921 3601 2991 παρασκευῆς,
3661 2916 3722 2987 ἢν

2155 3024 2317 3094 ἡμεῖς
2351 3018 2680 3088 ὀφειλόμεθα
2713 3018 2882 3088 τιμὴν
2922 3015 2990 3070 δι’
3021 3010 3096 3068 ὧν
3143 3013 3574 3085 ὲξημάρτομεν,
3608 3011 3726 3062 ἀνα-

475 3123 676 3164 norare
747 3117 800 3160 et
874 3104 1086 3158 Patrem
1138 3104 1400 3158 honorari
1450 3111 1881 3159 consentaneum
1931 3102 2051 3159 fuit.

2159 3115 2404 3168 καλεῖται
2454 3110 2636 3181 πολλῷ
2661 3109 2739 3179 τῷ
2768 3110 2883 3164 ὸντι
2907 3126 2921 3142 ο
2954 3108 3034 3178 τῷ
3065 3107 3124 3161 δὲ
3160 3107 3258 3177 βίῳ
3307 3109 3502 3160 πᾶσαν
3533 3103 3726 3158 ἀπέδω-

481 3201 691 3254 Etenim
727 3207 924 3268 praeter
959 3196 1128 3250 multa
1163 3209 1468 3266 magnaque
1515 3209 1682 3264 opera
1729 3210 1852 3264 quae
1895 3195 2054 3249 exhi-

479 3291 619 3356 buit,
663 3306 784 3356 qua:
819 3287 970 3342 Patri
1018 3287 1205 3357 gloriae
1250 3287 1498 3340 maxima:
1542 3286 1784 3352 fuerunt,
1815 3297 1930 3342 tum
1973 3287 2054 3342 vi-

481 3395 592 3438 tam
645 3395 813 3435 totam
864 3380 934 3433 ab
989 3379 1136 3432 omni
1180 3387 1404 3447 peccato
1444 3391 1637 3447 puram
1694 3378 1896 3447 gessit;
1941 3385 2054 3432 tum

481 3473 898 3531 accuratissime
948 3481 1002 3525 et
1061 3469 1459 3540 perfectissime
1507 3469 1651 3538 leges
1698 3468 1801 3522 sibi
1873 3469 1942 3522 ab
1988 3483 2055 3524 eo

454 3569 640 3625 «datas
680 3573 977 3621 exsecutus
1020 3572 1103 3616 est
1132 3599 1149 3627 ,
1197 3577 1304 3615 non
1360 3570 1572 3616 tantum
1625 3560 1695 3615 iis
1755 3574 1894 3630 quas
1938 3560 2056 3628 ipse

481 3659 718 3718 servavit
772 3656 994 3728 (etenim
1051 3671 1068 3704 t
1110 3653 1284 3706 Patris
1328 3651 1432 3705 mei
1469 3658 1734 3720 prtecepta
1775 3648 2011 3712 servavi,
2036 3667 2053 3698 ι

477 3754 662 3824 inquit
695 3753 788 3820 ³⁷),
818 3750 912 3805 sed
957 3750 1120 3803 etiam
1164 3759 1304 3815 quas
1345 3743 1626 3798 hominum
1655 3742 1778 3796 vitae
1808 3741 2061 3811 praescri-

481 3848 606 3916 psit,
640 3845 793 3898 solus
823 3841 1100 3897 caelestem
1131 3835 1536 3907 philosophiam
1587 3842 1747 3888 terra:
1785 3847 2060 3902 praemon-

481 3948 662 3990 strans
706 3941 760 3987 et
807 3932 1070 3994 inserens,
1097 3935 1357 3997 praeterea
1401 3923 1685 3978 miraculis
1727 3923 1884 3992 ipsis,
1927 3937 2061 3991 quo-

477 4042 603 4082 rum
641 4038 862 4080 causam
906 4029 961 4076 et
991 4027 1274 4072 auctorem
1307 4013 1523 4069 Patrem
1557 4013 1889 4084 praedicavit.

551 4295 759 4347 Praeter
789 4292 906 4342 haec
928 4284 1134 4348 omnia,
1158 4281 1284 4351 quis
1313 4297 1421 4336 non
1450 4281 1614 4347 videt,
1647 4284 1749 4336 hoc
1781 4298 1890 4338 uno
1946 4285 2062 4339 solo

486 4400 610 4440 cum
670 4379 985 4436 hominibus
1035 4381 1313 4428 versatum
1355 4388 1499 4439 esse,
1554 4383 1609 4427 et
1661 4373 1799 4428 adeo
1857 4375 2062 4444 integre

2157 3222 2219 3259 κε
2251 3203 2435 3272 τιμὴν,
2460 3201 2554 3254 καὶ
2588 3199 2652 3272 ἣν
2686 3199 2831 3262 εἰκὸς
2859 3192 2926 3269 ἧν
2952 3197 3179 3268 τιμῆσαι
3209 3197 3309 3265 μὲν
3391 3197 3607 3258 ἐκεῖνον,
3653 3209 3727 3246 τι·-

2161 3295 2398 3365 μηθῆναι
2423 3291 2480 3345 δὲ
2524 3292 2612 3344 τὸν
2666 3289 2913 3360 Πατέρα.
2947 3290 3110 3341 Ἀνευ
3145 3287 3251 3357 γὰρ
3312 3283 3398 3342 ὧν
3435 3285 3721 3350 ἐπεδείξατο

2158 3386 2370 3440 πολλῶν
2417 3385 2511 3437 καὶ
2545 3381 2794 3452 μεγάλων
2824 3381 3025 3452 ἔργων,
3067 3380 3101 3434 ἃ
3133 3379 3209 3449 τῷ
3244 3381 3424 3449 Πατρὶ
3451 3379 3544 3449 τήν
3575 3375 3714 3448 μεγί-

2161 3493 2294 3547 στην
2322 3471 2434 3544 εἶχε
2465 3473 2650 3543 τιμὴν,
2689 3471 2846 3524 τοῦτο
2876 3472 2972 3540 μὲν
3006 3471 3280 3541 ἁμαρτίας
3318 3472 3534 3540 ἀπάσης
3558 3468 3714 3522 καθα-

2166 3567 2256 3638 ρὸν
2284 3562 2698 3636 παρασχόμενος
2731 3562 2821 3615 τὸν
2855 3562 2988 3631 βίον,
3020 3563 3174 3615 τοῦτο
3204 3562 3260 3614 δὲ
3307 3563 3376 3616 δι’
3412 3557 3486 3617 ὧν
3513 3559 3718 3632 ἀκρισί-

2161 3671 2334 3708 στατα
2364 3654 2456 3706 καὶ
2486 3652 2792 3705 τελεώτατα
2846 3653 2972 3713 τοὺς
3025 3653 3232 3705 ἐκεῖθεν
3284 3653 3456 3706 ἔσωσε
3517 3654 3714 3722 νόμους,

2161 3747 2258 3817 οὐχ
2294 3742 2374 3809 οἷς
2401 3744 2559 3807 αὐτὸς
2579 3743 2869 3815 εἰργάσατο
2903 3744 3061 3812 μόνον
3116 3747 3164 3813 (ι
3189 3747 3302 3801 Καὶ
3330 3748 3438 3814 γὰρ
3470 3747 3560 3806 τὰς
3589 3746 3720 3796 ἐντο-

2163 3835 2261 3898 λὰς
2289 3835 2382 3888 τοῦ
2415 3833 2629 3903 Πατρός
2674 3849 2801 3901 μου,
2831 3835 2984 3902 φησὶ,
3045 3836 3324 3905 τετήρηκα
3362 3838 3432 3904 ι),
3467 3835 3593 3888 ἀλλά
3636 3832 3719 3885 καὶ

2163 3922 2243 3990 οἷς
2263 3926 2342 3997 τῷ
2389 3925 2490 3996 βίῳ
2549 3925 2659 3978 τῶν
2720 3923 3023 3993 ἀνθρώπων
3066 3925 3398 3992 ἐνομοθέτει,
3440 3927 3590 3996 μόνος
3630 3922 3717 3992 τὴν

2163 4018 2412 4086 οὐράνιον
2429 4019 2495 4086 τῇ
2531 4017 2602 4085 γῇ
2636 4012 2920 4084 προδείξας
2956 4014 3048 4066 καὶ
3081 4015 3356 4081 φυτεύσας
3396 4013 3715 4084 φιλοσοφίαν,

2165 4107 2247 4162 ἑτι
2272 4107 2326 4160 δὲ
2357 4107 2535 4160 αὐτῶν
2563 4106 2669 4158 τῶν
2697 4106 3010 4174 θαυμάτων,
3038 4100 3111 4160 ὧν
3144 4107 3317 4161 αἴτιον
3347 4109 3600 4178 ἐκήρυττε
3638 4103 3719 4155 τὸν

2165 4200 2556 4271 γεγεννηκότα.

2238 4291 2396 4364 Παρά
2418 4297 2596 4344 πάντα
2624 4289 2689 4359 δὴ
2712 4288 2885 4343 ταῦτα
2916 4289 2999 4352 τίς
3025 4290 3124 4343 οὐκ
3145 4283 3306 4356 οῖδεν,
3336 4291 3415 4354 ὡς
3429 4290 3557 4344 αὐτὸ
3578 4286 3724 4340 τοῦτο

2177 4385 2336 4454 μόνον
2368 4383 2426 4436 τὸ
2459 4383 2597 4454 μετά
2623 4383 2926 4452 ἀνθρώπων
2954 4381 3208 4450 γενέσθαι
3242 4385 3337 4435 καὶ
3369 4382 3538 4444 οὓτως
3574 4382 3720 4446 ἀκριο

489 4473 643 4530 carni
679 4468 1000 4537 implicitum
1038 4465 1242 4528 fuisse,
1283 4479 1392 4533 quo
1429 4465 1769 4520 clementiam
1798 4475 1850 4520 ct
1878 4467 2051 4536 benig-

2176 4476 2284 4538 δὼς
2328 4476 2492 4544 σαρκὶ
2529 4473 2898 4543 συναφθῆναι,
2945 4475 3045 4541 τὴν
3092 4473 3188 4525 τοῦ
3224 4474 3542 4542 πέμψαντος
3600 4486 3723 4540 χρη·

484 4569 711 4622 nitatent
750 4560 1014 4616 mittentis
1072 4573 1130 4612 se
1163 4557 1480 4628 plenissime
1528 4568 1584 4612 et
1626 4559 2051 4614 manifestissimt

2173 4569 2405 4637 στότητα
2453 4567 2548 4619 καὶ
2595 4566 3010 4634 φιλανθρωπίαν
3047 4564 3426 4636 ἀκριϐέστατα
3457 4567 3550 4617 καὶ
3578 4576 3725 4630 φανεο

475 4654 914 4718 demonstravit,
948 4651 1200 4721 gloriam,
1230 4665 1396 4718 quam
1427 4664 1621 4704 omnes
1649 4650 1697 4702 ei
1732 4651 2066 4704 convenien-

489 4765 567 4805 tes
612 4750 852 4806 tribuere
898 4743 1191 4805 debebant,
1229 4739 1576 4794 conciliatam
1623 4738 1783 4792 esse?
1814 4737 1871 4793 Si
1920 4741 2063 4794 enim

2174 4659 2394 4731 ρώτατα
2460 4657 2731 4721 διαδείξας
2780 4658 2881 4727 τὴν
2941 4658 3072 4726 περὶ
3135 4655 3302 4710 αὑτοῦ
3355 4657 3722 4727 προσήκουσαν

2169 4751 2395 4819 ἐνέθηκε
2422 4749 2578 4814 δόξαν
2601 4765 2618 4816 ;
2657 4749 2720 4802 Εἰ
2747 4750 2855 4817 γὰρ
2883 4747 2959 4818 τῷ
2984 4743 3042 4801 εὖ
3070 4750 3246 4800 ποιεῖν
3268 4747 3368 4819 τὴν
3393 4745 3724 4818 χρησεότητα

478 4843 704 4896 bonitas
734 4840 854 4906 ejus
893 4833 1193 4889 benefactis
1217 4831 1492 4887 metienda
1525 4840 1629 4896 est,
1665 4838 1718 4884 et
1752 4833 1937 4896 generi
1968 4831 2051 4885 hu-

2169 4843 2250 4896 δεῖ
2282 4844 2527 4913 μετρεῖν,
2557 4841 2703 4894 οὕτω
2732 4841 2788 4894 δὲ
2822 4841 2882 4894 τὸ
2912 4841 3068 4908 γένος
3099 4841 3189 4892 ἐπὶ
3209 4840 3308 4910 τῆς
3340 4837 3644 4907 οἰκονομίας
3669 4829 3722 4884 εὖ

489 4948 651 4988 manu
686 4946 778 4998 per
805 4926 1168 4982 meonomiam
1214 4924 1358 4977 Deus
1405 4922 1546 4976 adeo
1593 4921 1882 4989 benefecit,
1916 4931 1973 4977 ut
2003 4939 2051 4978 et

2174 4932 2474 5001 πεποίηκεν
2515 4933 2543 4984 ὁ
2597 4933 2753 4997 Θεὸς,
2784 4932 2859 4996 ὡς
2894 4932 3120 5004 μηδενὸς
3175 4932 3466 5001 φείσασθαι
3510 4931 3614 4982 τῶν
3650 4927 3723 4986 εἰς

477 5020 878 5093 pertinentium
912 5018 1046 5072 nulli
1069 5026 1338 5087 parceret,
1361 5014 1457 5068 sed
1479 5029 1670 5069 omnes
1692 5016 1913 5070 divitias
1936 5031 2051 5071 suat

2172 5023 2332 5076 τοῦτο
2375 5026 2672 5092 φερόντων,
2709 5022 2846 5076 ἀλλὰ
2880 5023 3058 5077 πάντα
3105 5023 3196 5076 τὸν
3244 5020 3474 5075 πλοῦτον
3499 5018 3717 5072 ἐνθεῖναι

490 5125 696 5167 natura:
728 5112 981 5163 humanae
1034 5105 1340 5160 includeret
1368 5103 1614 5173 (etenim,
1647 5105 1732 5157 tln
1768 5105 1883 5174 ipso
1915 5105 2067 5160 habi'

487 5213 584 5268 tat,
620 5201 813 5270 inquit,
863 5197 1042 5252 omnis
1092 5195 1372 5261 plenitudo
1421 5193 1724 5250 divinitatis
1765 5196 2065 5264 corporali-

480 5306 567 5348 ter
582 5293 710 5364 ³⁸)),
736 5289 1082 5361 perspicuum
1104 5297 1208 5352 est,
1229 5301 1331 5340 nos
1371 5283 1425 5338 in
1444 5283 1724 5340 Salvatone
1753 5301 2063 5356 supremam

485 5396 540 5440 et
569 5386 829 5440 extimatn
887 5378 1280 5448 benignitatem
1314 5376 1437 5444 ejus
1470 5376 1837 5444 cognovisse;
1874 5387 1928 5433 et
1969 5397 2064 5448 per

484 5491 548 5529 ea
576 5492 698 5545 quae
724 5472 1002 5544 praestitit,
1047 5470 1199 5522 solus
1231 5465 1482 5519 homines
1528 5467 1783 5532 erudivit,
1833 5483 2064 5539 quanto-

483 5583 615 5636 pere
643 5567 814 5622 Deus,
843 5562 1107 5616 mundum
1158 5554 1435 5620 dilexerit,
1465 5566 1781 5628 quantaque
1825 5565 1894 5616 sit
1944 5563 2064 5631 ejus

2171 5118 2238 5185 τῇ
2267 5114 2430 5181 φύσει
2460 5114 2551 5166 τὸν
2581 5112 2798 5178 ἑαυτοῦ,
2829 5115 2922 5166 καὶ
2949 5113 3056 5184 γὰρ
3089 5133 3108 5166 ι
3157 5113 3244 5166 Ἐν
3277 5111 3424 5181 αὐτῷ
3467 5105 3716 5163 κατοικεῖ,

2175 5207 2333 5277 φησι,
2367 5206 2475 5258 πᾶν
2502 5205 2564 5258 τὸ
2591 5205 2868 5276 πλήρωμα
2900 5206 3001 5276 τῆς
3041 5205 3295 5273 Θεότητος
3329 5198 3668 5271 σωματικῶς»
3696 5211 3712 5241 ³

2173 5296 2441 5367 πρόδηλον
2470 5297 2551 5348 ὅτι
2595 5295 2686 5348 τὸν
2711 5295 2938 5366 ἔσχατον
2970 5295 3072 5365 τῆς
3113 5295 3267 5356 θείας
3321 5285 3719 5362 φιλανθρωπίας

2168 5389 2294 5458 ὅρον
2323 5389 2409 5440 tua
2463 5385 2576 5458 τοῦΔ
2594 5387 2849 5457 Σωτῆρος
2896 5387 3167 5457 ἔγνωμεν,
3205 5387 3298 5440 καί
3338 5383 3407 5438 δι’
3435 5376 3509 5434 ὧν
3545 5376 3721 5447 εἰργά-

2171 5449 2305 5532 σατο
2339 5478 2500 5548 μόνος
2545 5449 2782 5543 ξδίδαξεν
2827 5449 3172 5551 ἀνθρώπους,
3213 5478 3359 5539 ὅπως
3397 5464 3722 5543 ὴγάπησενό

2166 5569 2300 5631 Θεὸς
2335 5569 2428 5622 τὸν
2483 5569 2688 5639 κόσμον
2714 5571 2808 5623 καὶ
2854 5571 2953 5640 ὅση
3003 5570 3084 5634 τίς
3124 5572 3274 5622 ἔστιν
3323 5566 3472 5634 αὐτῷ
3521 5559 3642 5626 περὶ
3662 5553 3720 5607 τὸ

558 5679 888 5751 nil-“,ng
1057 5672 1100 5704 ³³
1147 5670 1322 5751 Galat.
1357 5684 1440 5734 ιιι,
1506 5671 1595 5724 24.
1671 5675 1858 5732 "Act.
1900 5694 2051 5746 Xlx,‘

2177 5680 2421 5736 "lCor.
2485 5681 2644 5748 1,30.
2723 5682 2767 5715 "
2798 5681 2977 5751 Ephes
3061 5699 3116 5748 ιι,
3186 5684 3270 5746 14,
3335 5677 3420 5732 l6.
3499 5667 3718 5722 "Joan.

493 5764 583 5812 ιν,
618 5748 702 5803 ιο.
783 5746 826 5779 ³⁸
850 5745 1064 5800 Coloss.
1104 5757 1165 5809 ιι,
1189 5743 1275 5797 i9.
