4030 6454
388 352 494 417 58')

1463 363 1556 422 DE
1596 364 1774 425 VlTA
1805 364 1888 435 iN
1929 364 2264 428 CIiRlSTO
2302 371 2449 432 LIB.
2475 375 2576 435 1v.
2686 340 2689 344 ’

3533 385 3640 450 590

373 470 541 541 ⁹γένος
587 467 905 540 κηδεμονία.
931 468 1092 523 Ὅθεν
1143 470 1235 523 καὶ
1285 469 1374 522 τὸν
1425 470 1738 543 Νικόδημον
1769 473 1861 545 ἐπὶ
1905 477 1941 526 τέ

2068 493 2193 549 erga
2239 496 2410 551 genus
2442 491 2690 541 nostrum
2724 499 2856 542 cura
2902 497 2958 544 et
3003 490 3338 550 sollicitudo.
3391 491 3547 550 Unde
3591 503 3643 550 el

389 563 593 628 γνῶναι
621 562 719 632 τὴν
748 561 1163 631 φιλανθρωπίαν
1211 563 1307 616 τοῦ
1338 563 1550 633 Πατρὸς
1593 565 1847 619 ἐντεῦθεν
1879 569 1963 622 ὲν-

385 657 529 722 ἀγει,
565 657 660 708 καὶ
692 655 850 707 τοῦτο
877 655 1099 724 σημεῖον
1124 655 1308 707 ἱκανὸν
1331 659 1566 709 ποιεῖται
1601 657 1697 724 τῆς
1728 659 1957 728 ἀπείρου

383 749 768 816 χρηστότητος,
799 746 892 797 καὶ
923 764 939 796 ι
977 744 1157 809 Οὕτω,
1200 748 1382 817 φησιν,
1417 749 1444 800 ὁ
1471 747 1602 810 Θεὸς
1634 748 1723 802 τὸν
1755 749 1958 820 κόσμον

380 840 694 908 ἠγάπησεν.
727 837 869 890 ὥστε
907 837 999 890 τὸν
1044 839 1170 890 Υίὸν
1197 838 1361 892 αὑτοῦ
1398 839 1488 894 τὸν
1527 842 1794 911 μονογενῆ
1822 843 1954 895 ἔδωο

383 933 498 991 κεν,
531 929 621 982 ἴνα
671 932 778 992 πᾶς
810 931 838 979 ό
889 928 1163 982 πιστεύων
1197 932 1279 992 εἰς
1337 931 1499 983 αὑτὸν
1548 936 1628 1001 μὴ
1662 934 1953 1002 ἀπόληται,

381 1021 496 1073 ἀλλ’
526 1021 625 1091 ἔχῃ
672 1021 819 1091 ζωὴν
868 1019 1106 1073 αἰώνιον.
1149 1038 1166 1071 ι
1205 1022 1265 1074 El
1323 1021 1432 1091 γὰρ
1459 1016 1534 1076 ὧν
1578 1025 1840 1078 κατέθετο
1887 1028 1952 1094 τῇ

385 1113 544 1181 φύσει
583 1115 824 1183 χαρίτων
849 1113 943 1165 ἐπὶ
966 1115 1031 1182 τῇ
1065 1113 1278 1183 καθόδῳ
1313 1113 1405 1167 τοῦ
1438 1116 1758 1184 μονογενοῦς
1785 1119 1812 1169 ό
1840 1120 1952 1170 Πα-

378 1207 505 1273 τὴρ,
542 1205 762 1273 μείζους
806 1204 838 1273 ἢ
877 1205 1129 1267 καλλίους
1165 1206 1265 1257 οὐκ
1298 1205 1409 1276 ἔχει
1439 1207 1644 1270 δοῦναι,
1687 1207 1845 1276 δῆλον
1878 1208 1952 1264 ὡς

377 1294 498 1347 οὐδὲ
552 1295 725 1362 μείζω
775 1295 932 1360 δόξαν
990 1296 1056 1349 ἂν
1105 1297 1380 1366 παράσχοι
1445 1301 1814 1369 χρηστότητος
1859 1301 1952 1353 καὶ

378 1387 811 1456 φιλανθρωπίας,
835 1382 902 1458 ἧς
941 1389 1150 1442 ἐκεῖθεν
1187 1388 1396 1458 ὑπῆρξε
1438 1391 1659 1444 λαϐεῖν’
1706 1393 1801 1446 καὶ
1825 1393 1950 1446 τούς

376 1497 470 1531 του
525 1479 684 1550 χάριν
713 1481 803 1532 τὸν
851 1481 1054 1550 τρόπον
1090 1479 1280 1534 τοῦτον
1334 1487 1362 1536 ὁ
1404 1484 1596 1555 Σωτὴρ
1641 1484 1708 1537 δι’
1753 1484 1948 1538 ἑαυτοῦ

377 1571 541 1637 ἀξίως
600 1571 797 1625 ἑαυτοῦ
844 1573 938 1626 καὶ
999 1572 1093 1626 τοῦ
1153 1577 1551 1643 γεγεννηκότος
1604 1577 1695 1629 τὸν
1729 1578 1950 1648 Πατέρα

376 1662 528 1731 τιμᾷ.
569 1662 716 1730 Τιμὴ
744 1664 852 1732 γαρ
896 1662 1031 1715 Θεοῦ
1071 1665 1123 1716 τί
1151 1663 1352 1732 γένοιτ’
1381 1664 1447 1719 ἂν
1476 1665 1624 1731 ἄλλο,
1657 1667 1688 1738 ἢ
1739 1668 1798 1721 τὸ
1830 1668 1947 1722 δια-

377 1753 649 1823 δειχθῆνσῖι
672 1753 1040 1824 διαφερόντως
1071 1757 1274 1824 ἀγαθὸν
1299 1758 1426 1810 ὄντα
1450 1775 1465 1821 ;
1501 1759 1609 1812 Καὶ
1637 1759 1776 1830 αὕτη
1801 1763 1947 1815 ἐστὶν

2072 571 2429 628 Nicodemum
2468 575 2538 629 ad
2585 575 2760 634 Patris
2795 580 3190 636 humanitatem
3233 587 3638 652 agnoscendum

2065 661 2192 716 hinc
2226 663 2456 730 inducit,
2487 677 2540 721 et
2565 667 2708 723 istuc
2741 669 3006 726 bonitatis
3037 673 3157 742 ejus
3199 675 3474 731 suﬂiciens
3504 679 3642 733 indi-

2061 752 2204 807 cium
2236 770 2357 810 esse
2379 758 2534 812 vult:
2565 776 2585 810 ι
2621 759 2713 815 Sic
2741 761 2881 816 Deus
2912 763 3100 820 dilexit
3127 767 3414 832 mundum,
3442 769 3639 839 inquit,

2045 856 2119 920 _ut
2154 845 2348 901 Filium
2384 865 2542 904 suum
2594 853 2936 920 unigenitum
2983 855 3156 921 daret,
3213 867 3273 913 ut
3317 860 3500 915 omnis
3543 861 3637 929 qui

2059 937 2235 990 credit
2258 939 2309 992 in
2340 939 2517 1009 ipsum
2549 958 2657 997 non
2690 955 2898 1013 pereat,
2934 945 3028 1000 sed
3060 946 3257 1006 habeat
3284 949 3452 1004 vitam
3478 959 3638 1004 teter-

2039 1041 2182 1080 tnam
2216 1027 2283 1080 ".
2323 1047 2342 1080 ι
2389 1030 2444 1082 Si
2474 1032 2618 1084 enim
2653 1031 2814 1087 Pater
2841 1035 3052 1104 majora
3086 1043 3142 1090 et
3170 1038 3397 1092 meliora
3438 1039 3641 1094 beneti-

2055 1117 2139 1171 cia
2191 1117 2244 1171 in
2298 1127 2552 1174 naturam
2601 1123 2879 1178 collocare
2940 1140 3049 1179 non
3107 1127 3316 1195 potuit,
3368 1143 3532 1198 quam
3583 1130 3636 1182 in

2056 1205 2176 1260 Filii
2209 1209 2276 1262 ad
2305 1225 2404 1263 nos
2431 1209 2698 1266 descensu
2725 1213 3033 1282 collocavit,
3062 1216 3282 1284 planum
3314 1227 3419 1283 eat,
3439 1217 3635 1272 Filium

2052 1302 2100 1351 ei
2147 1300 2409 1369 majorem
2445 1301 2673 1371 gloriam
2730 1305 2992 1361 bonitatis
3035 1315 3086 1361 et
3139 1308 3496 1366 humanitatis
3546 1326 3639 1380 pa-

2053 1405 2172 1444 rere
2201 1408 2309 1447 non
2345 1395 2612 1462 potuisse,
2647 1411 2812 1465 quam
2845 1397 2974 1451 hinc
3007 1407 3093 1452 est
3127 1410 3478 1454 consecutus.
3520 1399 3635 1454 llac

2052 1481 2117 1536 de
2141 1498 2306 1538 causa
2338 1485 2448 1539 isto
2480 1487 2644 1541 modo
2681 1486 2932 1544 Salvator
2992 1503 3088 1558 per
3142 1491 3386 1556 seipsum
3411 1533 3428 1557 ,
3464 1501 3523 1545 ut
3576 1505 3635 1545 se

2050 1581 2102 1624 et
2148 1573 2396 1640 genitore
2441 1575 2662 1646 dignum
2710 1585 2813 1641 est,
2864 1592 2991 1631 eum
3026 1579 3280 1632 honorat.
3311 1579 3454 1644 Quid
3484 1580 3632 1634 enim

2049 1663 2197 1717 aliud
2229 1662 2322 1720 Dei
2363 1666 2542 1721 honor
2576 1667 2667 1730 sit,
2704 1683 2873 1736 quam
2915 1669 3271 1724 excellentem
3304 1671 3424 1739 ejus
3467 1669 3630 1725 boni-

2051 1764 2214 1809 tatem
2245 1754 2643 1813 demonstrari?
2669 1760 2852 1830 Atque
2889 1759 3003 1815 haec
3031 1769 3118 1816 est
3144 1762 3339 1830 gloria,
3371 1777 3494 1830 quas
3520 1761 3634 1832 jam

375 1847 410 1914 ὴ
444 1845 566 1910 δόξα
601 1847 634 1914 ἢ
678 1846 964 1917 πόρρωθεν
993 1847 1258 1915 ὠφείλετο
1291 1849 1415 1918 μὲν,
1443 1849 1546 1902 οὐκ
1571 1851 1698 1919 ὲνῆν
1724 1829 1782 1905 δέ
1814 1856 1941 1924 παρ’

2052 1844 2260 1914 pridem
2309 1847 2356 1900 ei
2397 1846 2699 1903 debebatur
2721 1889 2737 1914 ,
2766 1829 2822 1903 et
2859 1865 2890 1903 a
2923 1829 3235 1904 mortalium
3267 1829 3489 1904 nemine
3517 1829 3637 1918 per-

376 1938 589 2002 οὑδενὸς
618 1937 922 2008 ἀνθρώπων
950 1940 1347 2010 εἰσενεχθῆναι,
1369 1942 1464 1996 καὶ
1493 1941 1580 1995 διὰ
1604 1942 1761 1996 τοῦτο
1779 1985 1796 2011 ,
1828 1962 1846 1996 ι
1875 1946 1938 2000 Εἰ

377 2031 586 2101 Πατὴρ,
622 2034 808 2102 φησὶν,
839 2033 958 2102 εἰμί.
986 2032 1118 2101 ἐγὼ,
1173 2031 1278 2086 ποῦ
1303 2036 1449 2088 ἐστιν
1487 2038 1519 2106 ἡ
1563 2036 1693 2102 δόξα
1733 2055 1872 2106 μους
1913 2059 1931 2090 ι

363 2125 534 2193 Μόνῳ
585 2123 696 2194 γὰρ
744 2126 872 2195 ὲξῆν
925 2124 1003 2194 τῷ
1056 2127 1356 2196 Μονογενεί
1395 2129 1466 2183 τά
1521 2129 1706 2183 εἰκότα
1764 2133 1940 2186 πάντα

371 2215 638 2268 διασῶσαι
671 2214 806 2286 πρὸς
834 2215 924 2268 τὸν
964 2217 1185 2286 Πατέρα
1207 2236 1221 2249 ·
1259 2222 1353 2275 καὶ
1393 2220 1572 2274 τοίνυν
1619 2222 1754 2275 αὐτὸ
1781 2224 1942 2278 τοῦτο

368 2306 605 2371 δεικνὺς,
655 2305 730 2370 ὡς
773 2306 881 2376 ἄρα
935 2307 1097 2376 μόνος
1143 2309 1370 2380 ἐδυνήθη
1414 2313 1629 2364 τουτονὶ
1658 2313 1750 2366 τὸν
1777 2309 1939 2368 ἆθλον

369 2397 590 2462 ἁνῦσαι,
645 2397 773 2452 ἐπεὶ
802 2397 862 2450 τὸ
898 2401 1004 2452 πᾶν
1031 2401 1274 2454 ἐτέλεσεν
1314 2402 1476 2470 ἔργον
1505 2405 1640 2473 πρὸς
1674 2405 1765 2458 τὸν
1791 2424 1937 2460 τετι-

371 2490 615 2559 μημένον
666 2489 905 2558 Πατέρα,
941 2510 960 2542 ι
1009 2490 1168 2559 Ἐγὼ,
1222 2493 1406 2563 φησὶν,
1464 2495 1691 2562 ἑδόξασά
1731 2514 1790 2549 σε
1843 2498 1937 2551 ἐπὶ

365 2585 466 2652 τῆς
500 2585 624 2653 γῆς,
661 2585 982 2655 ὲφανέρωσά
1010 2603 1102 2640 σου
1137 2588 1196 2640 τὸ
1220 2589 1392 2658 ὄνομα
1417 2593 1530 2654 τοῖς
1547 2591 1878 2663 ἀνθρώποις.
1909 2613 1928 2647 ι

362 2676 625 2739 Εἰκότως.
674 2676 848 2744 Λόγος
892 2679 1000 2748 γάρ
1051 2680 1199 2732 ἐστιν
1245 2681 1470 2751 ἀκριϐὲς
1514 2683 1608 2737 τοῦ
1666 2701 1932 2756 γεγεννη-

364 2770 520 2832 κότος
567 2770 750 2840 φέρων
798 2767 860 2820 τὸ
901 2765 1060 2834 εἶδος,
1099 2772 1444 2844 ἀπαύγασμα
1478 2774 1580 2845 τῆς
1625 2775 1784 2846 δόξης
1835 2779 1933 2831 καὶ

366 2863 654 2932 χαρακτὴρ
689 2863 789 2932 τῆς
843 2863 1195 2926 ὑποστάσεως
1220 2866 1385 2920 αὑτοῦ
1409 2881 1422 2896 ⁶
1464 2869 1559 2920 καὶ
1603 2869 1725 2920 ἐπεὶ
1754 2869 1822 2922 δι’
1853 2863 1929 2924 ὧν

361 2954 534 3022 σαρκὶ
565 2956 831 3026 συνήφθη,
862 2958 976 3019 τοῖς
1006 2959 1064 3010 ὲν
1102 2956 1353 3026 αἰσθήσει
1389 2954 1526 3020 ζῶσι
1563 2960 1780 3022 συνετὸς
1812 2961 1938 3029 ἐγέ-

365 3061 506 3108 νετο,
539 3046 716 3098 πᾶσαν
744 3046 836 3099 τοῦ
867 3045 1293 3117 προενεγκόντος
1314 3047 1406 3100 νοῦ
1435 3049 1534 3115 τὴν
1558 3049 1770 3118 ἀγαθὴν
1797 3049 1937 3119 ἐμή-

2053 1938 2193 1992 solvi
2224 1950 2457 2008 poterat.
2492 1940 2648 2006 Hinc.
2691 1961 2709 1994 ‹
2749 1943 2804 1998 Si
2837 1942 3018 2008 Pater,
3051 1943 3226 2013 inquit
3257 1984 3272 2008 ,
3318 1959 3422 2014 ego
3469 1958 3588 1998 sum
3617 1981 3636 2008 ,

2054 2029 2145 2082 ubi
2177 2035 2260 2083 est
2285 2029 2462 2084 honor
2496 2047 2651 2086 mctts
2674 2031 2759 2086 δοῖ
2799 2051 2818 2085 ι
2851 2033 2963 2088 Soli
3010 2049 3247 2105 namque
3277 2033 3415 2090 Filio
3450 2034 3634 2088 omnia

2051 2129 2420 2175 consentanea
2461 2137 2590 2193 erga
2639 2123 2853 2180 Patrem
2902 2135 3162 2195 praestare
3218 2126 3396 2180 licuit.
3447 2125 3636 2194 Itaque

2050 2215 2153 2269 hoc
2181 2213 2356 2283 ipsum
2394 2217 2711 2282 ostendens,
2743 2233 2803 2273 se
2836 2221 3016 2273 solum
3051 2219 3296 2288 potuisse
3329 2218 3434 2272 hoc
3463 2232 3632 2286 nego-

2053 2304 2186 2360 tium
2215 2306 2488 2363 coniicere
2510 2349 2525 2375 ,
2555 2319 2846 2380 postquam
2883 2326 3024 2380 opus
3053 2324 3214 2366 omne
3245 2309 3500 2374 absolvit,
3529 2309 3632 2362 Pa-

2049 2407 2186 2452 trem
2221 2399 2432 2456 honore
2458 2400 2714 2456 aﬂ‘ectum
2747 2402 2834 2458 bis
2875 2403 3056 2458 verbis
3091 2403 3433 2472 alloquitur:
3467 2420 3485 2454 ι
3519 2400 3632 2472 Ego

2050 2500 2104 2545 te
2155 2491 2452 2546 clariﬁcavi
2495 2509 2661 2563 super
2721 2503 2962 2562 terram,
3020 2495 3369 2551 maniiestavi
3427 2508 3630 2550 nomen

2046 2593 2199 2639 tuum
2239 2586 2556 2642 hominibus
2580 2587 2649 2642 ⁸⁸.
2679 2605 2700 2640 ι
2735 2586 2921 2642 Recte.
2956 2587 3055 2644 Est
3091 2589 3238 2643 enim
3267 2587 3546 2654 Verbum,
3575 2595 3632 2640 et

2044 2673 2320 2731 Genitoris
2350 2692 2664 2746 expressam
2691 2677 2798 2733 fert
2821 2678 3136 2752 imaginem,
3170 2697 3188 2730 ι
3223 2678 3497 2747 Splendor
3516 2677 3630 2747 glo-

2045 2766 2160 2832 riae,
2191 2775 2244 2821 et
2270 2765 2442 2837 ﬁgura
2474 2768 2792 2824 substantiae
2811 2770 2934 2840 ejus
2957 2771 3057 2824 δ’.»
3087 2771 3154 2826 Et
3178 2771 3462 2842 quoniam,
3496 2769 3626 2839 quia

2046 2857 2198 2912 carni
2233 2859 2555 2928 copulatum
2593 2870 2718 2926 est,
2752 2877 2876 2916 cum
2911 2878 3078 2918 sensu
3110 2863 3420 2919 viventibus
3454 2863 3629 2917 evasit

2045 2947 2408 3022 intelligibile,
2439 2966 2662 3008 omnem
2699 2956 2896 3011 mentis
2923 2971 3046 3026 quae
3080 2958 3256 3028 ipsum
3285 2958 3498 3028 genuit.
3533 2958 3629 3011 bo-

2047 3059 2171 3096 nam
2210 3043 2542 3099 voluntatem
2581 3047 2878 3102 nuntiavit.
2924 3049 3003 3102 Ad
3039 3052 3186 3118 quod
3232 3059 3288 3105 et
3326 3051 3460 3105 illud
3509 3065 3635 3120 spe-

364 3155 493 3192 νυσε
540 3137 799 3206 θέλησιν⁹
834 3137 970 3208 πρὸς
1016 3137 1046 3191 ὃ
1078 3140 1301 3193 κάκεῖνο
1351 3140 1539 3206 φέρειν
1591 3140 1858 3210 ἡγοῦμαι,
1905 3140 1937 3196 ὃ

2047 3143 2190 3190 ctare
2219 3139 2435 3204 opinor,
2459 3139 2604 3206 quod
2637 3137 2888 3208 Philippo
2916 3138 3136 3195 Patrem
3171 3141 3354 3196 videre
3383 3141 3627 3209 cupienti

364 3229 504 3298 πρὸς
549 3229 640 3282 τὸν
697 3230 986 3295 Φίλιππον,
1025 3230 1154 3283 ίδεῖν
1198 3230 1290 3283 τὸν
1348 3231 1574 3303 Πατέρα
1636 3231 1931 3301 ζητοῦντα,

364 3321 526 3388 φησὶν
551 3321 578 3372 '5
611 3321 823 3393 Σωτὴρ,
859 3339 880 3374 ε
928 3321 988 3375 Ὀ
1027 3319 1290 3390 ἑωρακὼς
1324 3322 1425 3393 ἐμὲ
1454 3323 1674 3394 ἑώρακε
1701 3323 1792 3376 τὸν
1821 3325 1934 3377 Πα-

363 3415 518 3482 τέρα,
560 3432 578 3464 ι
618 3416 708 3465 καὶ
741 3414 830 3466 διὰ
853 3412 1011 3466 τοῦτό
1037 3431 1204 3482 φησιν
1242 3415 1495 3481 Ἡσαΐας,
1522 3432 1541 3466 ι
1581 3416 1842 3469 Καλείται
1871 3417 1934 3470 τὸ

361 3504 531 3572 ὄνομα
560 3504 725 3558 αὑτοῦ
759 3504 1001 3574 μεγάλης
1030 3504 1519 3575 βουλῆςἋγγελος.
1559 3524 1580 3558 ι

432 3595 588 3648 Οὕτω
619 3597 798 3649 τοίνυν
862 3597 1000 3666 πρὸς
1045 3597 1144 3668 τὴν
1179 3597 1342 3662 δόξαν
1380 3599 1476 3652 τοῦ
1515 3600 1726 3669 Πατρός
1781 3599 1936 3666 οὐδὲν

366 3689 692 3758 παραλιπὼν
731 3691 758 3741 ὁ
810 3689 1132 3760 Μονογενὴς
1170 3691 1334 3760 μόνος
1379 3689 1642 3760 καθαιρεῖ
1679 3691 1739 3744 τὸ
1775 3692 1936 3760 μεσό-

361 3799 542 3850 τοιχον
584 3782 682 3851 τῆς
731 3780 956 3849 ἔχθρας,
1006 3781 1102 3835 καὶ
1135 3780 1268 3859 λύει·
1302 3780 1411 3833 τῶν
1435 3782 1796 3852 ἐγκλημάτων
1846 3785 1936 3838 τὸν

365 3871 670 3940 ἄνθρωπον.
729 3870 882 3924 Ἐπεὶ
910 3871 968 3923 δὲ
1011 3869 1157 3923 κατά
1180 3869 1282 3940 τὴν
1326 3869 1524 3938 ἑτέραν
1548 3871 1657 3923 τῶν
1697 3871 1934 3940 φύσεων,

284 3963 289 3967 ’
365 3964 461 4031 τὴν
491 3964 764 4034 ἡμετέραν
810 3963 954 4030 λέγω
984 3963 1081 4032 τὴν
1108 3962 1475 4032 ἀνθρωπείαν,
1510 3963 1538 4016 ὁ
1572 3962 1792 4025 διπλοῦς
1833 3962 1940 4032 ’ἰηι-

365 4054 490 4118 σοῦς
519 4057 608 4108 τὸν
641 4055 860 4124 Πατέρα
892 4054 1125 4124 ἐτίμησε
1157 4054 1251 4108 καὶ
1281 4053 1390 4106 ἀπὸ
1420 4053 1514 4108 τοῦ
1551 4055 1803 4123 σώματος
1833 4054 1937 4107 αὐ·

361 4147 456 4198 τοῦ
489 4147 586 4199 καὶ
614 4145 707 4199 τοῦ
739 4146 973 4213 αἵματος
1005 4145 1094 4198 τὸν
1130 4145 1447 4214 θαυμαστὸν
1492 4147 1702 4197 εκεῖνον
1731 4143 1934 4212 στέφα-

365 4255 453 4290 νον
487 4238 585 4307 τῆς
614 4236 773 4304 δόξης
808 4234 1000 4299 ἔπλεξε
1051 4236 1130 4304 τῷ
1168 4235 1378 4304 Πατρί’
1434 4234 1522 4288 διὰ
1558 4234 1732 4287 ταῦτα
1777 4234 1938 4302 μόνον

366 4329 465 4396 μέν
489 4328 609 4380 ἐστι
634 4328 778 4380 κατά
807 4326 905 4394 τῆς
936 4327 1215 4396 ἁμαρτίας
1259 4330 1548 4397 φάρμακον
1587 4324 1649 4378 τὸ
1677 4324 1769 4378 τοῦ
1804 4327 1938 4396 Χρι-

363 4420 492 4472 στοῦ
531 4419 711 4488 σῶμα,
745 4419 886 4490 μόνη
914 4420 972 4474 δὲ
1003 4421 1036 4489 ή
1063 4418 1216 4480 λύσις
1242 4418 1660 4489 ἁμαρτημάτων
1684 4420 1745 4471 τὸ
1771 4413 1931 4488 αἷμα.

2040 3228 2118 3281 ait
2148 3244 2162 3279 :
2199 3246 2219 3278 ι
2257 3227 2360 3294 Qui
2397 3229 2553 3286 videt
2581 3244 2688 3296 me,
2721 3231 2871 3286 videt
2902 3241 2956 3288 et
2989 3233 3200 3288 Patrem
3231 3233 3300 3286 ⁸³.
3331 3251 3351 3286 ι
3393 3232 3462 3288 Ει
3499 3233 3630 3288 hinc

2039 3329 2123 3374 est
2159 3320 2302 3389 apud
2335 3320 2534 3376 lsaiam
2591 3338 2607 3377 ι
2649 3341 2668 3374 ι
2720 3321 3022 3380 Vocabitur
3054 3340 3254 3380 nomen
3287 3326 3410 3394 ejus
3445 3327 3626 3396 magni

2037 3411 2254 3467 consilii
2279 3410 2516 3483 Angelus
2541 3413 2605 3467 “.
2621 3432 2642 3467 ι

2110 3588 2202 3642 Sic
2235 3588 2396 3657 igitur
2427 3589 2564 3642 nihil
2594 3589 2658 3643 ad
2685 3591 2913 3660 gloriam
2949 3592 3132 3646 Patris
3162 3601 3612 3661 praetermittens,

2037 3679 2218 3733 solum
2261 3680 2503 3734 medium
2535 3681 2798 3749 parietem
2833 3681 3251 3738 inimicitiarum
3280 3683 3538 3751 destruit,
3563 3697 3620 3742 et

2039 3771 2317 3826 hominem
2335 3771 2663 3828 criminibus
2687 3772 2946 3828 absolvit.
2966 3774 3240 3840 Quoniam
3271 3789 3400 3831 vero
3427 3792 3624 3833 secun-

2037 3863 2166 3918 dum
2205 3863 2437 3918 alteram
2481 3871 2762 3932 naturam,
2820 3877 3088 3931 nostram,
3152 3869 3377 3937 inquam
3430 3879 3484 3926 et
3513 3870 3621 3925 bu-

2040 3969 2286 4021 manam,
2317 3955 2524 4025 duplici
2563 3963 2759 4011 natura
2792 3966 3052 4014 constans
3083 3956 3245 4015 Jesus
3275 3955 3492 4016 Patrem
3524 3962 3622 4017 ho-

2039 4047 2275 4110 noravit,
2307 4055 2362 4102 et
2389 4048 2458 4102 de
2502 4061 2736 4118 corpore
2764 4049 2834 4118 ﬁet
2875 4051 3144 4117 sanguine
3172 4066 3277 4108 suo
3324 4052 3622 4108 admirabi-

2039 4137 2146 4191 lem
2176 4135 2326 4194 illam
2362 4151 2627 4191 coronam
2657 4137 2707 4190 ei
2732 4136 2944 4204 nexuit,
2971 4137 3178 4194 idcirco
3211 4139 3390 4194 solum
3413 4140 3617 4196 Christi

2037 4239 2243 4294 corpus
2277 4226 2585 4280 remedium
2615 4227 2886 4280 adversus
2913 4236 3196 4295 peccatum
3243 4237 3345 4293 est,
3371 4238 3425 4284 et
3455 4231 3620 4285 unica

2041 4325 2396 4386 peccatorum
2428 4317 2659 4371 abolitio
2687 4318 2918 4387 sanguis
2941 4319 3081 4387 ejus.
3117 4317 3325 4390 Nempe
3367 4321 3438 4376 ob
3477 4325 3622 4376 hanc

2040 4424 2258 4478 quoque
2292 4423 2513 4463 causam
2549 4424 2577 4462 a
2611 4409 2884 4479 principio
2906 4411 3160 4468 conditus
3179 4421 3284 4478 est,
3318 4421 3376 4466 ut
3401 4412 3618 4468 Patrem

364 4511 470 4562 Καὶ
501 4509 604 4579 γὰρ
636 4510 724 4563 διὰ
761 4509 922 4563 τοῦτο
954 4511 1182 4579 συνέστη
1215 4511 1314 4578 τὴν
1347 4509 1544 4579 ἀρχὴν,
1580 4510 1672 4562 ἵνα
1701 4510 1791 4562 τὸν
1823 4511 1932 4563 Παυ-

2047 4501 2401 4569 glorilicaret,
2429 4500 2576 4555 sicut
2621 4503 2739 4569 ipse
2771 4503 3086 4562 confitetur.
3107 4518 3166 4556 se
3197 4502 3265 4556 ad
3291 4505 3394 4558 hoc
3427 4516 3618 4558 natum

357 4603 492 4672 τέρα
525 4601 750 4673 δοξάσῃ,
777 4601 872 4653 καὶ
899 4602 926 4653 ὃ
967 4617 1130 4669 φησιν
1159 4600 1319 4662 αὐτὸς
1346 4601 1373 4652 ὁ
1404 4599 1618 4670 Σωτὴρ,
1645 4601 1725 4663 εἰς
1765 4599 1928 4651 τοῦτο

2047 4608 2176 4656 asse,
2200 4605 2254 4648 et
2285 4594 2354 4648 ad
2411 4593 2514 4646 boc
2539 4591 2758 4647 venisse
2788 4593 2842 4644 in
2878 4593 3140 4646 mundum
3174 4608 3188 4644 :
3224 4602 3275 4646 et
3315 4607 3411 4659 per
3455 4609 3620 4648 omne

361 4693 682 4761 γεγέννηται
712 4693 806 4745 καὶ
840 4694 920 4754 εἰς
946 4691 1104 4744 τοῦτο
1153 4691 1411 4762 ἐλήλυθεν
1460 4693 1542 4751 εἰς
1583 4691 1674 4744 τὸν
1723 4691 1929 4759 κόσμον

2047 4698 2246 4752 cmpus
2264 4682 2540 4751 deinceps,
2561 4681 2940 4735 tantummodo
2965 4681 3228 4751 quidquid
3267 4682 3373 4736 huc
3407 4681 3618 4772 faceret

359 4783 451 4835 καὶ
506 4783 594 4836 τὸν
635 4781 760 4852 ἑξῆς
793 4783 1007 4836 ἅπαντα
1049 4783 1261 4852 χρόνον,
1321 4783 1482 4852 μόνον
1529 4782 1630 4852 μὲν
1682 4780 1742 4833 τὸ
1791 4780 1926 4852 πρὸς

2047 4773 2160 4844 agit,
2187 4774 2346 4844 hujus
2383 4774 2544 4828 unius
2569 4772 2646 4827 rei
2669 4772 2846 4842 gratia
2877 4768 3040 4826 etiam
3074 4779 3236 4840 atque
3260 4772 3421 4826 ctiam
3446 4768 3622 4842 majo-

356 4875 514 4927 τοῦτο
541 4875 703 4944 φέρον
731 4874 876 4928 ἀπαν
901 4875 1149 4926 ἐτέλεσεν
1180 4873 1364 4944 ἔργον,
1403 4871 1564 4943 μόνον
1589 4871 1646 4924 δὲ
1676 4875 1764 4926 τὸν
1789 4872 1927 4941 ὑπὲρ

2047 4881 2252 4936 'emque
2270 4866 2324 4920 in
2347 4865 2566 4919 modum
2591 4862 3007 4920 laboravit.lioc
3028 4876 3265 4931 namque
3307 4877 3510 4934 corpus
3533 4865 3620 4933 ple

355 4967 550 5018 τούτου
598 4963 964 5034 διαφερόντως
1011 4965 1403 5035 ὑπομεμένηκε
1454 4964 1637 5017 πόνον.
1672 4962 1784 5016 Καὶ
1813 4962 1921 5032 γὰρ

2047 4959 2293 5014 titudinis
2320 4957 2621 5012 divinitatis
2644 4959 2934 5012 thesaurus
2974 4956 3095 5022 fuit,
3120 4966 3177 5011 et
3205 4959 3385 5013 omnis
3412 4959 3618 5028 peccati

359 5052 516 5104 τοῦτο
551 5050 613 5104 τὸ
650 5051 812 5121 σῶμα
861 5051 956 5105 τοῦ
999 5052 1371 5124 πληρώματος
1403 5052 1506 5119 τῆς
1541 5052 1794 5121 θεότητος
1815 5053 1932 5119 ne

2047 5065 2241 5121 expers
2285 5059 2426 5115 erat,
2472 5063 2692 5104 omnem
2732 5048 3004 5118 justitiam
3065 5048 3348 5118 implebat,
3404 5066 3620 5120 generis

357 5159 480 5193 νετο
514 5141 785 5212 θησαυρὸς
808 5143 903 5196 καὶ
929 5145 1108 5212 πάσης
1137 5143 1235 5214 μὲν
1261 5139 1329 5212 ἦν
1347 5142 1610 5212 ἄγευστον
1633 5141 1930 5212 ἁμαρτίας,

2047 5141 2390 5198 consortibus
2426 5138 2788 5210 (hominibus)
2821 5139 3039 5194 Patrem
3073 5156 3234 5214 quem
3269 5140 3617 5209 ignorabant,

359 5235 650 5304 ἐπλήρωσε
683 5233 740 5286 δὲ
780 5235 963 5287 πᾶσαν
1015 5233 1390 5303 δικαιοσύνην,
1434 5233 1673 5302 ἐκήρυξε
1714 5233 1772 5286 δὲ
1823 5236 1937 5298 τοῖς

2047 5230 2446 5302 promulgabat,
2484 5238 2597 5284 tum
2621 5241 2720 5297 ‘per
2754 5244 2816 5283 ea
2846 5245 2968 5298 qua;
2995 5230 3347 5300 loquebatur,
3377 5238 3494 5283 tum
3522 5243 3620 5297 per

356 5327 652 5396 ὀμογενέσι
691 5325 1060 5397 ἀγνοούμενον
1108 5325 1203 5379 τὸν
1239 5325 1480 5393 Πατέρα,
1533 5328 1630 5377 καὶ
1673 5318 1753 5389 οἷς
1783 5323 1938 5393 ἔλεγε

2047 5339 2111 5377 ea
2145 5337 2267 5392 quas
2288 5323 2617 5391 patiebatur.
2653 5321 2998 5376 lmmolatum
3025 5322 3388 5378 estnimirum
3411 5319 3464 5374 in
3489 5335 3618 5372 cru-

357 5418 453 5469 καὶ
488 5411 567 5479 οἷς
615 5416 982 5469 ἐπεδείκνυτο.
1031 5415 1202 5470 Τοῦτό
1239 5417 1356 5468 ἐστι
1386 5415 1447 5467 τὸ
1481 5415 1688 5483 σφαγὲν
1725 5417 1816 5468 ἐπὶ
1844 5413 1939 5468 τοῦ

2047 5430 2132 5480 ce,
2160 5423 2355 5483 etquae
2407 5411 2840 5468 immolationem
2874 5422 3292 5476 praecesserunt,
3341 5411 3617 5482 pavidum,

360 5507 629 5570 σταυροῦο
662 5508 758 5560 καὶ
789 5507 817 5559 ὃ
873 5508 940 5577 τῇ
996 5509 1178 5576 σφαγῇ
1233 5506 1533 5575 προσάγον,
1583 5505 1787 5557 ἐδειλία
1845 5505 1939 5558 καὶ

2047 5505 2276 5562 anxium
2337 5503 2468 5572 fuit,
2522 5505 2726 5560 sudore
2770 5505 3004 5561 ditiluxit
3047 5504 3346 5574 proditum,
3369 5516 3621 5573 compre-

358 5601 570 5668 ἠγωνία
609 5602 704 5655 καί⁵
742 5601 931 5671 ἱδρῶσι
979 5603 1327 5672 περιερρεῖτο
1372 5603 1466 5654 καὶ
1518 5599 1795 5671 προὺδόθη
1845 5599 1941 5651 καὶ

2048 5597 2282 5653 hensum
2332 5606 2436 5664 est,
2464 5597 2731 5666 judicium
2767 5597 3016 5667 iniquum
3054 5597 3244 5661 subiit,
3273 5596 3376 5650 sub
3421 5595 3617 5650 Pontio

452 5779 500 5810 "
535 5776 690 5832 Joan.
719 5791 801 5843 III,
843 5776 927 5832 16.
1005 5778 1051 5811 δ’
1083 5776 1316 5830 Malach.
1346 5793 1383 5840 ι,
1418 5777 1471 5830 6.
1549 5775 1593 5807 “
1619 5774 1778 5831 Joan.
1815 5791 1941 5842 xvn,

2110 5773 2153 5807 ⁸³
2194 5773 2362 5827 Hebr.
2396 5787 2434 5839 I,
2463 5773 2517 5824 5.
2598 5770 2824 5826 “Joan.
2852 5787 2963 5838 XIV,
2991 5769 3043 5826 9.
3121 5771 3168 5803 “
3202 5771 3308 5829 lsa.
3335 5787 3394 5840 ιι,
3419 5773 3470 5829 6.
