4036 6460
447 383 554 450 591

1683 380 1996 443 NICOLAI
2038 380 2300 444 CABAS]
2313 380 2424 443 LA!
3589 376 3685 440 59?.

451 499 632 551 Pilato
656 491 1032 549 tesﬁmonium
1059 489 1351 562 perhibuit,
1378 491 1574 544 bonam
1604 491 2033 557 confessionem,

2140 491 2452 562 συνελήφθη
2514 490 2609 544 καὶ
2661 488 2866 562 κριτῶν
2913 486 3174 560 ἢνέσχετο
3221 485 3552 555 παρανόμων
3599 489 3688 542 καὶ

450 599 513 643 ut
563 586 764 640 Paulus
792 584 1084 654 inquit‘“,
1118 597 1423 651 poenasque
1467 580 1832 638 confessionis
1864 583 2025 652 hujus

453 681 509 735 in
542 693 705 734 cruce
735 676 976 731 moriens
1018 673 1169 728 dedit
1197 690 1212 739 ;
1248 683 1304 728 et
1339 671 1544 743 ﬂagella
1575 683 1748 744 tergo,
1775 674 2030 736 manibus

450 781 506 827 et
540 770 770 840 pedibus
794 768 1007 832 clavos,
1045 766 1214 821 latere
1273 765 1521 820 lanceam
1550 767 1786 836 excepit.
1818 765 2032 838 Flagris

450 871 765 931 coopertum
796 859 991 923 doluit,
1019 865 1074 912 et
1093 859 1368 914 confixum
1403 859 1571 914 clavis
1592 859 1897 914 cruciatum
1925 869 2029 915 est.

449 951 551 1005 llic
582 950 808 1020 sanguis
857 964 889 1004 e
937 949 1261 1004 vulneribus
1316 963 1614 1017 erumpens
1668 946 1800 1004 solis
1848 947 2031 1002 lumen

451 1041 797 1104 obscuravit,
823 1049 879 1094 et
907 1048 1111 1093 terram
1157 1037 1462 1102 concussit,
1491 1045 1543 1092 et
1580 1051 1763 1092 aerem
1791 1035 2035 1092 sanctiﬁ—

450 1132 616 1192 cavit,
657 1139 712 1184 et
755 1129 1016 1183 mundum
1069 1128 1388 1182 universum
1444 1141 1475 1182 a
1533 1127 1741 1193 peccati
1775 1127 2033 1184 sordibus

452 1222 606 1277 lavit.
645 1220 834 1289 Itaque
863 1218 1006 1273 sicut
1063 1218 1279 1288 scriptae
1330 1217 1434 1286 legi
1486 1217 1712 1272 omnino
1761 1217 2033 1285 spirituali

453 1313 571 1382 lege
623 1327 761 1380 opus
803 1309 928 1374 fuit,
987 1308 1325 1378 imperfectae
1376 1307 1637 1376 perfecta,
1673 1308 1722 1362 ei
1770 1301 1892 1377 qua:
1925 1323 2032 1362 non

453 1406 633 1476 potuit
667 1403 966 1474 perfectum
993 1402 1172 1456 facere
1207 1402 1557 1465 servientem,
1582 1415 1644 1455 ea
1668 1415 1789 1469 quae
1818 1409 2029 1469 potest:

453 1497 644 1550 eodem
678 1501 840 1550 modo
867 1495 958 1564 qui
990 1505 1114 1564 post
1137 1493 1470 1563 baptismum
1498 1492 1552 1545 in
1581 1491 1812 1562 gratiam
1846 1506 2036 1560 pecca-

452 1599 673 1651 verunt,
725 1586 1175 1654 suppliciumque
1211 1586 1600 1654 deprecantur,
1630 1583 1848 1636 illorum
1885 1582 2037 1636 labo-

454 1680 630 1743 ribus,
663 1676 961 1732 sudoribus
997 1685 1052 1729 et
1101 1674 1356 1745 lacrymis
1385 1673 1663 1754 sanguine.
1687 1672 1820 1726 Novi
1843 1673 2037 1728 Testa-

2133 583 2488 653 ἐμαρτύρησε
2530 582 2632 653 μὲν
2687 582 2782 636 ἐπὶ
2828 580 3054 634 Ποντίου
3105 577 3340 631 Πιλάτου
3385 577 3484 648 τὴν
3525 577 3690 648 καλὴν

2130 675 2441 745 ὁμολογίαν,
2540 691 2673 744 φησι
2704 671 2942 736 Παῦλος,
2972 669 3141 723 ἔδωκε
3172 668 3230 722 δὲ
3254 668 3413 739 δίκην
3435 669 3535 736 τῆς
3565 671 3688 736 ὀμο-

2130 767 2323 834 λογίας
2344 767 2594 831 θάνατον,
2625 765 2721 820 καὶ
2751 765 2941 818 τοῦτον
2962 764 3054 815 ἐπὶ
3083 761 3345 831 σταυροῦ,
3376 760 3468 813 καὶ
3502 760 3692 830 μάστι-

2132 877 2237 928 γας
2272 863 2371 928 μὲν
2399 859 2492 912 ἐπὶ
2537 858 2646 912 τῶν
2685 856 3069 928 μεταφρένων,
3104 854 3198 907 ἐπὶ
3249 855 3306 907 δὲ
3355 853 3463 907 τῶν
3500 853 3693 923 χειρῶν

2133 951 2228 1004 καί⁵
2275 949 2381 1003 τῶν
2425 949 2603 1004 ποδῶν
2659 950 2845 1020 ἥλους,
2891 950 2957 1019 τῇ
3011 947 3225 1017 πλευρᾷ
3273 944 3329 997 δὲ
3368 944 3468 1016 τὴν
3503 944 3696 1016 λόγχην

2133 1041 2349 1108 ἐδέξατο
2407 1042 2502 1094 καὶ
2555 1040 2762 1110 ἤλγησε
2817 1037 3256 1108 μαστιγούμενον
3307 1037 3402 1089 καὶ
3453 1035 3695 1105 ὠδυνήθη

2136 1132 2604 1204 προσηλούμενον,
2646 1131 2806 1186 τοῦτο
2835 1131 2898 1184 τὸ
2947 1124 3085 1200 οιίμα
3121 1129 3232 1182 τῶν
3280 1127 3505 1199 πληγῶν
3537 1128 3700 1198 ἐκπη-

2134 1225 2307 1294 δῆσαν
2339 1224 2432 1278 τὸν
2458 1224 2610 1294 ἥλιον
2637 1222 2829 1276 ἔσϐεσε
2861 1221 2955 1276 καὶ
2980 1220 3082 1291 τὴν
3123 1220 3232 1289 γῆν
3264 1219 3444 1272 ἔσεισε
3479 1219 3574 1271 καὶ
3611 1220 3697 1271 τὸν

2135 1316 2276 1387 ἀέρα
2332 1316 2529 1386 ὴγίασε
2600 1315 2723 1369 καὶ-ι
2758 1314 2956 1377 πάντα,
3010 1314 3102 1367 τὸν
3160 1313 3367 1383 κόσμον
3431 1313 3697 1366 ἀπέκλυσε

2134 1408 2228 1460 τοῦ
2277 1407 2450 1477 ῥύπου
2503 1407 2601 1477 τῆς
2643 1406 2938 1476 ἁμαρτίας.
2969 1404 3134 1459 Ὅθεν
3182 1405 3437 1473 καθάπερ
3482 1404 3694 1473 ἐδέησεν

2137 1498 2324 1563 ἁπλῶς
2363 1499 2438 1568 τῷ
2487 1498 2721 1570 γραπτῷ
2767 1497 2916 1569 νόμῳ
2952 1496 3046 1551 τοῦ
3094 1495 3472 1566 πνευματικοῦ
3516 1495 3697 1565 νόμου,

2133 1590 2215 1662 τῷ
2245 1589 2454 1653 ἀτελῶς
2485 1589 2666 1660 ἔχοντι
2695 1588 2791 1642 τοῦ
2823 1588 3054 1655 τελείου,
3087 1587 3164 1659 τῷ
3195 1587 3406 1640 τέλειον
3435 1586 3698 1655 ἀποφῆναι

2137 1680 2230 1734 τδν
2263 1680 2636 1750 κατορθοῦντα
2673 1679 2748 1751 μὴ
2797 1679 3080 1750 δυναμένῳ
3103 1678 3199 1732 τοῦ
3241 1678 3544 1747 δυναμένου
3569 1690 3584 1706 °
3615 1676 3698 1729 τὸν

463 1769 655 1834 menti,
689 1779 740 1821 ot
808 1766 1163 1821 immaculato
1212 1780 1442 1834 corpore
1513 1780 1650 1835 opus
1695 1773 1799 1830 est,
1853 1773 2039 1834 utpote

2141 1771 2256 1824 ίσον
2284 1772 2489 1844 τρόπον
2520 1773 2612 1825 καὶ
2659 1771 2764 1826 τῶν
2792 1772 2932 1841 μετά
2969 1771 3030 1824 τδ
3056 1771 3302 1841 λουτρὸν,
3333 1771 3463 1839 περὶ
3497 1763 3570 1822 ὧν
3614 1766 3697 1832 ἐξ·

454 1861 591 1915 citra
629 1860 745 1913 hmc
780 1858 888 1913 illis
915 1856 1049 1910 nihil
1083 1855 1413 1914 valentibus.

2063 1843 2109 1900 Β
2138 1843 2410 1935 ήμαρτνον,
2449 1863 2532 1927 είς
2564 1863 2662 1935 τὴν
2715 1864 2877 1934 χάριν
2912 1861 3364 1933 παραιτουμένων
3394 1863 3503 1922 τοῖς
3531 1858 3700 1918 πόνοις

455 1955 550 2006 καὶ
581 1955 694 2016 τοῖς
720 1951 951 2021 δάκρυσι
989 1949 1082 2003 τοῦ
1113 1948 1346 2012 αἵματος
1371 1946 1452 2000 δεῖ
1475 1949 1572 2017 τῆς
1600 1947 1787 2020 κοινῆς
1820 1947 2099 2024 Διαθήκης
2129 1957 2224 2008 καὶ
2254 1953 2348 2008 τοῦ
2379 1955 2684 2026 σφαγέντος
2707 1952 2980 2026 σώματος,
3042 1953 3120 2017 ὡς
3179 1953 3336 2007 οὐδὶν
3401 1951 3593 2022 ὄφελος
3646 1946 3700 2000 ὃν

441 2043 680 2098 ίὲκείνων
711 2042 916 2096 τούτων
946 2041 1138 2111 χωρίς,

514 2140 753 2195 ‘Dirinus
786 2153 950 2208 porro
987 2137 1275 2208 Dionysius
1306 2144 1360 2191 et
1391 2136 1537 2206 ipsas
1565 2135 1901 2195 initiationes
1931 2139 2038 2196 rite

2213 2140 2494 2204 Διονύσιος
2515 2141 2571 2195 δὲ
2603 2142 2631 2195 ό
2659 2141 2806 2205 θεῖος
2837 2139 2934 2194 καὶ
2959 2137 3061 2202 τὰς
3105 2136 3259 2208 ίεράς
3289 2134 3464 2198 αὐτὰς
3493 2131 3702 2194 τελετὰς

441 2235 738 2304 peragi,et
783 2246 979 2285 munus
1029 2247 1192 2286 suum
1218 2231 1399 2286 facere
1416 2244 1575 2300 posse
1611 2239 1788 2299 negat,
1818 2231 1862 2284 si
1882 2245 2038 2286 sacra

2147 2231 2223 2304 μὴ
2251 2233 2319 2286 ἂν
2343 2233 2562 2286 τελέσαι
2601 2231 2757 2302 φησὶ,
2791 2231 2923 2303 μηδὲ
2965 2231 3032 2285 τὰ
3065 2228 3244 2282 αὐτῶν
3297 2226 3591 2297 δυνηθῆναι
3631 2225 3701 2295 μὴ

460 2339 616 2378 omna
648 2337 755 2377 non
787 2321 1078 2378 accesserit
1101 2338 1116 2377 :
1139 2322 1310 2377 multo
1363 2322 1546 2376 minus
1576 2321 1816 2376 laborem
1852 2330 1906 2377 et
1945 2322 2037 2390 ju-

2142 2323 2238 2379 τοῦ
2290 2325 2509 2379 δείπνου
2545 2323 2939 2396 προστεθέντος
2981 2321 3074 2375 τοῦ
3130 2319 3304 2391 ἱεροῦ.
3345 2319 3511 2390 σχολῇ
3557 2335 3617 2386 γε
3643 2317 3702 2381 δὴ

458 2415 658 2470 stitiam
693 2413 998 2476 hominum,
1020 2421 1238 2481 peccata
1269 2413 1573 2467 emaculare
1624 2419 1678 2465 et
1719 2410 1823 2464 alia
1852 2409 2037 2466 effice-

2143 2417 2307 2471 πόνον
2351 2417 2446 2471 καὶ
2474 2416 2826 2485 δικαιοσύνην
2874 2413 3177 2486 ἀνθρώπων
3223 2412 3501 2480 ἁμαρτίας
3551 2408 3702 2462 δύνα-

459 2521 523 2559 re
539 2519 703 2574 posse
739 2503 1065 2558 credendum
1107 2513 1210 2558 est.
1279 2501 1482 2556 Deinde
1529 2510 1585 2555 et
1620 2501 1723 2557 hoc
1755 2516 1922 2556 unum
1953 2510 2038 2558 est

2145 2507 2269 2561 σθαι
2306 2507 2455 2562 λύειν
2494 2507 2588 2561 καὶ
2631 2507 2699 2560 τά
2746 2504 2970 2559 τοιαῦτα
3023 2506 3308 2573 περαίνειν
3370 2503 3512 2574 ἔχειν
3568 2499 3704 2562 εἰκός

461 2595 532 2652 de
566 2596 945 2660 sacramentis,
973 2597 1037 2649 de
1057 2594 1300 2665 peccatis
1318 2594 1667 2664 pmnitentes,
1719 2603 1774 2649 et
1821 2594 2035 2664 seipsos

2140 2601 2290 2653 ἔστιν
2312 2615 2327 2630 ο
2362 2599 2537 2662 ἄλλως
2568 2615 2627 2651 τε
2661 2599 2768 2651 τῶν
2805 2597 2852 2650 ίε
2864 2596 2975 2668 ρῶν
3006 2595 3065 2649 ἒν
3090 2596 3184 2650 καὶ
3213 2595 3377 2649 τοῦτο
3405 2595 3703 2666 μυστηρίων

447 2687 835 2742 ‘Saccrdotibus
867 2686 1190 2755 aperientes,
1225 2685 1294 2740 ab
1329 2685 1475 2739 omni
1509 2699 1666 2754 poena
1693 2685 1833 2754 apud
1869 2685 2034 2741 Deum

2141 2691 2269 2752 τοὺς
2303 2691 2434 2759 περὶ
2466 2681 2541 2742 ὧν
2573 2687 2883 2758 ἐξήμαρτον
2927 2686 3297 2756 μεταγνόντας
3344 2687 3441 2739 καὶ
3470 2700 3703 2753 προσαγ⁶

454 2776 700 2847 iudicem
736 2776 1129 2844 eximere,'qua
1154 2775 1444 2830 eﬂtcientia
1479 2773 1732 2828 similiter
1755 2776 1914 2844 potiri
1949 2790 2040 2832 ne-

2144 2779 2432 2850 γείλαντας
2477 2781 2702 2842 ἑαυτοὺς
2732 2781 2847 2842 τοῖς
2895 2777 3100 2849 ἱερεῦσι
3146 2779 3331 2846 πάσης
3384 2776 3704 2832 ἀπολύεσθαι

465 2869 722 2937 quibunt.
755 2871 845 2936 qui
884 2867 1057 2922 sacris
1083 2867 1258 2935 epulis
1293 2881 1398 2920 non
1455 2865 1829 2920 accubuerint.
1887 2867 2041 2932 Quo-

2146 2871 2307 2939 δίκης
2338 2873 2488 2942 παρᾶ
2535 2873 2656 2942 Θεῷ
2685 2873 2938 2943 δικαστῇ.
2969 2870 3182 2925 Οὐκοῦν
3227 2872 3358 2925 οὐδὲ
3395 2871 3579 2926 τούτου
3617 2869 3703 2938 γέ-

468 2958 616 3010 circa
647 2971 953 3025 quanquam
1005 2955 1175 3010 semel
1201 2956 1514 3020 invitamur,
1544 2955 1742 3024 sapius
1767 2967 1944 3009 tamen
1976 2954 2045 3010 ad

2147 2967 2278 3018 von‘
2310 2963 2378 3016 ἂν
2409 2966 2594 3034 τυχεῖν
2636 2963 2884 3036 ἐνεργοῦ,
2927 2965 2999 3033 μὴ
3031 2963 3091 3016 τὸ
3139 2963 3288 3034 ἱερὸν
3319 2963 3705 3032 δειπνήσαντας

472 3049 615 3102 hanc
656 3062 903 3101 mensam
927 3045 1272 3102 accedimus:
1307 3046 1749 3116 quandoquidem
1803 3047 2050 3102 homines

472 3149 629 3194 natos
646 3153 859 3208 semper
879 3137 1044 3192 Deum
1063 3137 1339 3192 oﬁ‘endere
1365 3139 1650 3208 contingit,
1685 3137 1841 3192 noxis
1866 3147 2047 3192 autem

465 3232 620 3286 exire
661 3239 940 3294 conantes,
969 3230 1309 3298 paenitentia,
1343 3229 1623 3285 laboribus
1683 3239 1739 3284 et
1769 3231 2045 3300 triumpho

2142 3241 2263 3312 Θεῷ
2299 3244 2668 3312 προσκρούειν
2699 3243 3019 3315 ἀνθρώπους
3044 3243 3222 3307 ὄντας.
3267 3242 3426 3297 λύειν
3462 3244 3515 3298 δὲ
3549 3241 3605 3294 τδ
3624 3241 3704 3306 έγ-

466 3323 704 3394 quodam
727 3323 793 3376 de
831 3329 1056 3391 peccato
1082 3321 1347 3390 indigent.
1366 3321 1544 3390 Atque
1569 3321 1672 3376 hoc
1693 3330 1883 3376 contra
1915 3335 2043 3391 pec-

2144 3333 2331 3402 κλημοι
2359 3334 2728 3404 πειρωμένοις
2759 3324 3050 3403 μετανοίας
3078 3335 3236 3405 χρείᾳ
3289 3338 3394 3388 καὶ
3423 3335 3596 3388 πόνων
3623 3331 3707 3386 καὶ

471 3426 652 3470 catum
686 3414 911 3478 facient,
951 3414 1021 3480 si,
1065 3414 1209 3482 quod
1242 3414 1417 3469 solum
1452 3423 1536 3470 est
1569 3414 1832 3469 adversus
1867 3415 2042 3469 homi-

2142 3387 2641 3492 τοῦ-θριαμβεῦσαι
2815 3387 3127 3493 ἁμαρτίαν,κε
3165 3387 3431 3477 ταῦταῖδὲ
3474 3423 3707 3493 δράσειεν

466 3522 598 3561 num
630 3513 853 3576 peccata
883 3503 1366 3572 medicamentum,
1407 3503 1710 3560 adhibitum
1753 3503 1932 3558 fuerit.

2143 3511 2211 3565 ἀν
2237 3511 2379 3565 κατὰ
2424 3512 2526 3580 τῆς
2561 3513 2861 3584 ἁμαρτίας,
2899 3514 2964 3580 ἦν
2989 3513 3049 3566 τὸ
3084 3513 3246 3584 μόνον
3292 3515 3414 3569 τῶν
3445 3511 3708 3583 ἀνθρωπί-

2143 3622 2250 3661 νων
2288 3605 2477 3658 κακῶν
2503 3604 2792 3675 φάρμακον
2818 3606 3115 3676 προστεθῇ.

2217 3695 2482 3768 Καθάπερ
2509 3696 2619 3767 γὰρ
2648 3697 2750 3766 τὴν
2775 3695 3093 3766 ἀγριέλαιον
3115 3698 3149 3768 ἠ
3175 3697 3547 3764 καλλιέλαιος,
3575 3699 3710 3752 ἐπει·-

2143 3786 2242 3840 δάν
2263 3787 2651 3858 έγκεντρισθῇ,
2679 3787 2816 3858 πρὸς
2848 3787 3052 3857 ἑαυτὴν
3087 3788 3348 3855 καθάπαξ
3381 3791 3594 3860 ἀμείϐει
3625 3790 3712 3843 καὶ

2145 3880 2175 3932 ὁ
2212 3879 2424 3950 καρπὸς
2471 3879 2768 3950 οὐδαμόθεν
2820 3881 3018 3951 κοτίνῳ
3064 3881 3398 3952 προσήκων·
3460 3886 3548 3937 τὸν
3605 3883 3706 3934 ίσον

2146 3971 2346 4042 τρόπον
2381 3972 2478 4054 καὶ
2515 3974 2550 4037 ἡ
2582 3975 2690 4027 τῶν
2732 3971 3034 4042 ἀνθρώπων
3085 3974 3408 4046 δικαιοσύνη
3452 3977 3583 4042 αὑτὴ
3615 3974 3705 4043 μὲν

2149 4059 2287 4130 πρὸς
2308 4059 2458 4113 οὐδὲν
2479 4061 2636 4131 φέρει
2659 4061 2728 4115 δι’
2755 4063 2977 4132 ἑαυτὴν.
2997 4061 3076 4132 τῷ
3102 4063 3158 4115 δὲ
3178 4063 3406 4135 Χριστῷ
3428 4065 3706 4133 συναφθέν-

2150 4168 2262 4206 των
2305 4152 2401 4204 καὶ
2433 4153 2634 4223 σαρκὸς
2673 4155 2770 4206 καὶ
2811 4153 3044 4221 αἵματος
3098 4158 3596 4226 κεκοινωνηκότων,
3641 4153 3706 4204 τὰ

2155 4241 2389 4312 μέγιστα
2415 4242 2524 4296 τῶν
2553 4243 2775 4312 ἀγαθῶν
2807 4242 2968 4306 εὐθὺς
2989 4244 3243 4314 ἐδυνήθη,
3275 4246 3561 4316 ἁμαρτιῶν
3586 4246 3708 4312 ἀφε-

2153 4349 2239 4387 σιν
2269 4335 2364 4388 καὶ
2404 4333 2683 4404 βασιλείας
2711 4335 3100 4407 κληρονομίαν,
3142 4337 3178 4392 ἀ
3204 4337 3302 4408 τῆς
3357 4339 3451 4392 τοῦ
3484 4334 3705 4408 Χριστοῦ

2149 3056 2387 3110 δεῖπνον.
2419 3059 2517 3110 Διὰ
2544 3058 2700 3111 τοῦτο
2725 3060 2818 3112 καὶ
2837 3058 3080 3128 λούμεθα
3115 3059 3212 3126 μὲν
3241 3056 3416 3123 usus.
3453 3058 3704 3126 πρόσιμεν

2145 3148 2203 3202 δὲ
2235 3151 2300 3219 τῇ
2324 3150 2574 3222 τραπέζῃ
2603 3149 2881 3216 πολλάκις,
2907 3151 2988 3204 ὅτι
3011 3150 3302 3222 συμϐαίνει
3334 3151 3436 3220 μὲν
3462 3149 3703 3203 ἑκάστοτε

532 3682 693 3736 Sicut
717 3681 859 3736 enim
890 3678 1190 3735 oleastrum
1217 3679 1320 3735 sibi
1343 3681 1613 3733 insertum
1639 3678 1783 3732 oliva
1814 3677 2041 3732 horten-

455 3775 546 3828 sis
569 3789 696 3828 mox
715 3775 770 3828 in
801 3788 860 3827 se
875 3775 1166 3837 convertit,
1197 3785 1251 3828 et
1268 3773 1480 3827 fructus
1514 3780 1700 3840 postea
1719 3771 2040 3841 neutiquam

461 3866 708 3921 oleastro
721 3866 998 3930 convenit,
1029 3864 1104 3918 ita
1125 3873 1179 3918 et
1200 3864 1438 3918 humana
1447 3861 1660 3931 justitia
1680 3861 1797 3932 ipsa
1823 3862 2041 3931 quidem

455 3973 566 4028 per
598 3973 656 4012 se
701 3958 872 4026 ipsam
938 3956 1003 4010 ad
1057 3955 1193 4014 niht.
1241 3954 1523 4018 conducit;
1585 3953 1683 4009 sed
1714 3954 1770 4006 in
1836 3953 1920 4008 his
1950 3951 2045 4022 qui

451 4051 688 4106 'Cbristo
739 4047 977 4117 copulati
1006 4045 1230 4109 fuerint,
1280 4045 1542 4114 carnique
1561 4054 1621 4099 et
1655 4043 1902 4113 sanguini
1927 4041 2046 4110 ejus

468 4138 1016 4201 eommunicaveriut,
1070 4137 1330 4191 continuo
1359 4135 1499 4190 bona
1554 4136 1888 4205 amplissima
1917 4149 2047 4205 pro-

455 4238 714 4300 generat,
767 4235 1112 4297 peccatorum
1161 4225 1542 4279 remissionem
1574 4233 1628 4280 et
1673 4225 2045 4280 haereditatem

473 4321 646 4390 regni,
675 4321 767 4386 qui
796 4316 1024 4388 iustitiae
1054 4315 1266 4372 Christi
1323 4315 1534 4372 fructus
1599 4327 1748 4374 sunt.
1789 4315 1869 4374 Ut
1897 4321 2045 4374 enim

461 4427 501 4466 ε
533 4424 693 4466 sacra
724 4423 912 4464 mensa
948 4407 1151 4463 Christi
1189 4421 1387 4478 corpus
1442 4410 1762 4480 accipimus,
1794 4417 1848 4464 et
1902 4409 2045 4479 quod

2149 4423 2498 4496 δικαιοσύνης
2526 4425 2646 4479 ἐστὶ
2670 4428 2905 4498 καρπός.
2941 4428 3152 4498 Ὠσπερ
3178 4407 3287 4498 γὰρ
3315 4430 3424 4483 ἀπὸ
3456 4407 3550 4498 τῆς
3569 4427 3709 4498 ἱερᾶς

467 4499 820 4572 praestantius
843 4507 947 4563 est,
973 4511 1175 4568 corpus
1198 4509 1447 4552 nostrum
1473 4500 1629 4570 longe
1653 4501 1846 4554 vincit:
1869 4501 1945 4554 ita
1963 4515 2045 4556 se-

2150 4515 2434 4589 τράπεζης
2467 4519 2528 4571 τὸ
2563 4518 2722 4589 σῶμα
2760 4519 2998 4590 Χριστοῦ
3036 4521 3381 4590 κομιζόμεθα
3429 4507 3584 4591 σῶμα
3610 4518 3708 4572 τῶν

471 4592 661 4662 quitur
680 4591 790 4655 hic,
822 4598 882 4644 ut
902 4588 1114 4660 justitia
1136 4597 1321 4643 nostra
1344 4588 1544 4646 Christi
1564 4591 1791 4661 iustitiae
1813 4594 2045 4661 speciem

2150 4588 2484 4677 κρειττόνων
2507 4588 2947 4682 ύπερνικώντων,
2971 4588 3146 4675 οὕτως
3172 4588 3468 4667 ἀκόλουθον
3491 4588 3712 4666 ἐνταῦθα

456 4682 791 4751 wultumque
809 4679 863 4733 in
879 4693 938 4734 se
951 4686 1221 4747 capessat.
1245 4678 1372 4732 Haec
1386 4679 1555 4745 enim,
1581 4697 1598 4730 ι
1617 4678 1832 4748 Corpus
1848 4680 2045 4736 Christi

2155 4699 2250 4752 καὶ
2277 4699 2379 4771 τὴν
2428 4678 2782 4773 δικαιοσύνην
2817 4678 2976 4772 ἡμῶν
3003 4703 3310 4773 χριστοειδῆ
3359 4703 3609 4772 γενέσθαι
3637 4699 3712 4753 δι-

453 4788 689 4839 -sumus,
711 4781 768 4826 et
785 4771 1028 4826 membra
1045 4785 1111 4825 ex
1131 4779 1286 4840 parte
1307 4771 1352 4801 “
1369 4811 1385 4836 ,
1411 4789 1431 4822 ι
1463 4785 1570 4825 non
1595 4770 1665 4825 de
1694 4785 1928 4842 corpore
1944 4773 2045 4830 dici

2152 4770 2470 4861 καιοσύνην.
2503 4792 2576 4846 Τὸ
2605 4793 2714 4861 γὰρ
2736 4770 2766 4844 ⁷(
2799 4770 2965 4864 Σῶμα
2990 4770 3228 4864 ᾖριποῦ
3260 4770 3433 4863 ἐσμεν
3461 4794 3556 4846 καὶ
3583 4790 3708 4861 μέλη

469 4863 648 4916 solum
673 4860 1048 4915 existimemus
1078 4860 1226 4924 licet,
1245 4860 1416 4915 multo
1435 4869 1615 4914 autem
1638 4861 1840 4930 justius
1859 4863 2045 4919 anima

2152 4880 2221 4933 ὲκ
2271 4860 2490 4952 μέρους,
2543 4901 2561 4934 ι
2617 4860 2960 4938 δοκατάίτδ
3015 4860 3174 4954 σῶμα
3229 4860 3391 4955 μόνον
3441 4860 3710 4954 νομιστέον

457 4961 530 5006 set
577 4949 780 5004 actioni
823 4948 946 5018 ejus
997 4951 1136 5004 hanc
1193 4950 1632 5005 communionem
1684 4952 2050 5022 tribuendam;

458 5038 929 5112 quandoquidem
952 5055 986 5090 ιι
1028 5039 1129 5104 Qui
1167 5041 1410 5096 adhaeret
1439 5040 1682 5106 Christo,
1715 5058 1858 5098 unus
1887 5044 2050 5113 spiri-

461 5142 566 5185 tus
588 5137 814 5184 est~cum
844 5143 910 5182 eo
937 5127 1033 5181 ⁸⁵⁸.
1065 5147 1082 5178 ι
1114 5129 1532 5194 Quibusverbis
1561 5130 1892 5198 declaratur,
1909 5135 2050 5191 hanc

463 5227 922 5278 communionem
955 5222 1452 5278 cteoalescentiam
1488 5223 1542 5276 in
1577 5225 1757 5278 anima
1806 5235 1863 5281 et
1899 5241 2052 5281 men-

481 5328 532 5373 te
557 5317 736 5387 potius
762 5316 1090 5371 consistere.
1135 5315 1268 5371 Ideo
1330 5332 1438 5370 non
1494 5331 1690 5386 corpus
1724 5318 1926 5384 solum,
1957 5320 2052 5376 sed

462 5410 718 5462 .animam
751 5416 1046 5477 quoque,et
1080 5420 1333 5471 mentem,
1359 5417 1412 5462 et
1447 5409 1798 5476 voluntatem,
1825 5421 1877 5466 et
1905 5429 2054 5483 quae-

466 5513 702 5567 cunque
723 5499 955 5552 humana
988 5499 1306 5566 assumpsit,
1339 5501 1568 5554 utnobis
1600 5503 1729 5557 totis
1755 5506 1898 5560 uniri
1922 5523 2050 5574 pos-

2155 4971 2429 5041 είρῆσθαι,
2462 4973 2598 5026 ἀλλὰ
2646 4973 2829 5045 πολλῷ
2858 4975 3198 5045 δικαιότερον
3244 4978 3309 5046 τῇ
3341 4974 3626 5044 ψυχῇ,καὶ
3652 4970 3710 5038 τῇ

2155 5059 2279 5112 κατ’
2308 5060 2478 5132 αὐτὴν
2507 5063 2760 5134 ἐνεργείᾳ
2787 5064 2887 5134 τὴν
2911 5064 3199 5119 κοινωνίαν
3234 5065 3524 5117 ἀποδοτέον
3554 5060 3710 5113 ἐστίν’

2150 5148 2277 5204 ius!
2303 5152 2399 5205 καὶ
2435 5171 2453 5204 ι
2483 5156 2510 5206 ὀ
2528 5153 2872 5225 κολλώμενος
2900 5156 2977 5226 τῷ
2998 5157 3190 5226 Κυρίῳ
3217 5155 3274 5208 ἒν
3297 5155 3662 5223 πνεῦμάέστι,
3690 5167 3707 5200 ι

2154 5239 2312 5294 τοῦτό
2349 5243 2482 5296 ἐστι·
2513 5245 2846 5309 δεικνύντος,
2891 5247 2992 5316 τὴν
3039 5247 3326 5300 κοινωνίαν
3380 5245 3585 5311 ταύτην
3627 5240 3714 5292 καὶ

2159 5334 2440 5400 συμφυΐαν
2480 5334 2575 5388 ἐπὶ
2611 5335 2707 5389 τοῦ
2747 5337 2838 5390 νοῦ
2874 5338 3109 5408 μάλιστα
3141 5337 3464 5389 συνεστάναι
3497 5334 3589 5386 καὶ
3622 5331 3714 5397 τῆς

2153 5420 2354 5491 ψυχῆς.
2400 5424 2500 5478 Διά
2544 5426 2700 5479 τοῦτο
2735 5428 2842 5498 γάρ
2882 5428 2948 5480 ού
3000 5428 3156 5496 σῶμα
3208 5425 3488 5496 περιέθετο
3543 5425 3711 5490 μόνον,

2156 5512 2293 5565 ἀλλὰ
2319 5513 2414 5566 καὶ
2441 5515 2618 5586 ψυχὴν
2652 5517 2810 5570 ἔλαϐε
2841 5518 2934 5572 καὶ
2965 5516 3089 5570 νοῦν
3112 5519 3203 5571 καὶ
3237 5517 3456 5583 θέλησιν
3488 5513 3578 5565 καὶ
3609 5507 3713 5560 πᾶν

467 5594 588 5654 set,
613 5601 820 5658 nosque
842 5595 985 5641 totos
1001 5587 1343 5656 pervaderet,
1395 5589 1520 5644 etin
1547 5591 1784 5662 seipsum
1815 5597 2045 5652 resolve-

2159 5603 2343 5658 δτιοῦν
2379 5607 2744 5678 ἀνθρώπειον,
2785 5609 2857 5664 ἵν’
2888 5611 3030 5674 ὅλοις
3060 5611 3193 5681 ἡμῖν
3225 5607 3488 5676 ένωθῆναι
3518 5599 3714 5671 δυνηθῆ

550 5767 671 5823 “ﬁl
695 5766 841 5823 Tim.
883 5779 964 5832 rt,
997 5765 1051 5819 2.
1127 5766 1216 5821 “l
1247 5766 1372 5824 Cor.
1401 5784 1500 5838 an,
1536 5772 1625 5828 27.
1703 5770 1773 5805 δ”
1807 5775 1973 5832 l-Cor.
2002 5794 2078 5848 vr,
2115 5779 2202 5833 17.
