4036 6438
403 463 508 525 593

1426 475 1524 533 DE
1565 475 1739 534 Vl'l‘A
1786 476 1865 535 IN
1907 477 2244 537 CHRISTO
2302 479 2445 538 [ΑΒ.
2489 478 2588 540 ιν.

3540 478 3645 543 594

404 576 498 647 καὶ
522 577 590 630 δι’
621 577 759 631 ὅλων
802 580 962 648 ἡμῶν
990 583 1237 655 χωρήσῃ,
1274 586 1369 637 καὶ
1403 587 1538 655 πρὸς
1584 587 1778 640 ἑαυτὸν
1814 589 1963 658 ἡμᾶς

2091 597 2172 651 'et,
2204 604 2329 643 cum
2363 590 2620 645 omnibus
2650 588 2853 655 omnia,
2886 589 3090 646 nostris
3124 604 3222 646 sua
3277 595 3646 661 congnuinas-

406 669 671 741 ἀναλύσῃ,
702 673 837 725 πᾶσι
887 674 1067 727 πάντα
1117 676 1363 746 συνάψας
1403 681 1516 741 τοῖς
1561 680 1854 749 ἡμετέροις
1898 681 1969 734 τὰ

2091 692 2172 736 iet.
2201 682 2357 737 Unde
2380 683 2727 750 peccantibus
2750 683 2994 753 adaptari
3037 692 3092 737 et
3114 685 3389 739 cohaerere
3422 701 3525 739 non
3544 702 3646 755 po-

404 760 623 827 ιαυτοῦ,
675 762 799 815 ὅθεν
852 765 1259 834 ἁμαρτάνουσιν
1314 770 1659 838 ἀνάρμοστός
1711 772 1825 824 ἐστι
1874 771 1970 824 καὶ

2092 784 2215 839 est,
2237 775 2493 842 quoniam
2521 776 2621 828 hac
2653 784 2863 828 tantum
2892 776 3103 829 ratione
3138 775 3285 829 nulla
3325 776 3487 831 nobis
3516 793 3641 830 cum

405 853 726 920 ἀκόλλητος,
755 857 835 908 ὅτι
869 857 1038 928 ταύτῃ
1078 858 1239 928 μόνον
1283 860 1463 913 κοινὸν
1494 863 1625 930 ἡμῖν
1652 862 1790 931 πρὸς
1830 864 1971 915 ὲκεί-

406 958 516 994 νον.
552 942 631 995 Τὰ
658 945 770 1014 γὰρ
802 944 934 998 ἄλλα
960 946 1140 999 πάντα
1171 949 1263 1000 καὶ
1298 948 1516 1016 ἐδέξατο
1544 952 1673 1021 παρ’
1699 953 1856 1022 ἡμῶν
1886 968 1972 1020 φι-

404 1033 742 1104 λανθρώπως
793 1039 888 1090 καὶ
939 1040 1071 1108 ἡμῖν
1119 1039 1385 1094 συνάπτει
1435 1041 1967 1112 φιλανθρωπότερον.

407 1125 478 1175 Τὸ
517 1125 619 1190 μιν
648 1128 757 1197 γὰρ
783 1124 852 1195 ἦν
894 1130 984 1182 τὸν
1012 1130 1146 1183 Θεὸν
1192 1130 1273 1192 είς
1297 1132 1400 1199 τὴν
1438 1133 1541 1201 γῆν
1580 1133 1882 1195 κατελθεῖν,
1912 1132 1972 1184 τὸ

406 1214 463 1266 δὲ
485 1215 632 1284 ἡμᾶς
666 1216 877 1271 ἐνθένδε
903 1220 1204 1288 ἀναγαγεῖν
1226 1240 1241 1255 ο
1280 1221 1379 1273 καὶ
1407 1223 1468 1273 τὸ
1495 1221 1595 1292 μὲν
1628 1222 1790 1276 αὐτὸν
1823 1224 1976 1276 ἐναν-

405 1309 720 1379 θρωπῆσαι,
758 1311 819 1365 τὺ
860 1312 917 1365 δὲ
963 1314 1054 1366 τὸν
1102 1316 1393 1385 ἄνθρωπον
1434 1316 1736 1385 θεωθῆναι·
1777 1315 1873 1370 καὶ
1913 1315 1975 1369 τὸ

412 1403 511 1472 μὲν
545 1403 645 1471 τὴν
676 1403 837 1473 φύσιν
869 1404 1061 1470 ἁπλῶς
1103 1406 1213 1461 τῶν
1249 1408 1465 1463 ὀνειδῶν
1508 1408 1863 1473 ἀπαλλάττει,
1887 1408 1975 1478 ἐφ’

405 1496 491 1547 ἑνὶ
525 1492 739 1566 σώματι
777 1498 872 1550 καὶ
907 1500 1008 1568 μιᾷ
1032 1497 1179 1569 ψυχῇ
1217 1499 1315 1569 τὴν
1343 1500 1623 1570 ἁμαρτίαν
1648 1502 1975 1571 νικήσασαν,

406 1586 469 1637 τὸ
495 1586 552 1639 δὲ
588 1586 820 1641 ἕκαστον
839 1589 951 1643 τῶν
983 1590 1287 1659 ἀνθρώπων
1313 1594 1600 1661 ἁμαρτιῶν
1630 1593 1855 1646 ἀπολύει
1881 1592 1977 1647 καὶ

405 1676 527 1747 Θεῷ
559 1678 841 1749 συνίστησι
864 1697 880 1711 ο
915 1680 1092 1736 ταῦτα
1114 1682 1172 1735 δὲ
1200 1682 1424 1737 ἐκείνων
1463 1683 1975 1754 φιλανθρωπότερα.

421 1770 575 1823 Ἐπεὶ
614 1772 725 1841 γὰρ
780 1772 883 1827 οὐκ
918 1774 1047 1844 ινῆν
1089 1775 1237 1843 ἡμᾶς
1280 1775 1607 1839 ἀνελθόντας
1657 1776 1767 1829 τῶν
1810 1777 1974 1831 αὐτοῦ

413 1865 728 1933 μετασχεῖν,
765 1864 925 1928 αὐτὸς
957 1867 1238 1920 κατελθὼν
1272 1868 1351 1931 είς
1375 1870 1520 1937 ἡμᾶς
1547 1867 1657 1921 τῶν
1682 1869 1974 1939 ἡμετέρων

414 1956 843 2025 μεταλαμϐάνει,
883 1961 978 2011 καὶ
1008 1958 1183 2021 οὕτως
1226 1962 1474 2031 ἀκριϐῶς
1506 1960 1587 2022 οἷς
1623 1961 1784 2015 ἔλαϐε
1844 1980 1971 2016 συν-

412 2047 574 2118 εφύη,
601 2048 741 2102 ὥστε
771 2051 836 2103 δι’
861 2044 936 2105 ὧν
956 2054 1108 2121 ἡμῖν,
1132 2052 1168 2106 ἃ
1190 2052 1322 2122 παρ’
1352 2053 1509 2122 ἡμῶν
1539 2053 1753 2119 ἔλαϐεν,
1794 2055 1976 2108 ἂποδί-

412 2140 597 2204 δωσιν,
628 2142 821 2195 ἑαυτοῦ
868 2144 1215 2210 μεταδίδωσι,
1241 2145 1333 2198 καὶ
1375 2144 1575 2215 σαρκὸς
1610 2146 1704 2201 καὶ
1745 2146 1976 2215 αἵματος

418 2234 734 2302 μετέχοντες
767 2235 1115 2303 ἀνθρωπείου
1148 2236 1239 2289 τὸν
1272 2236 1404 2290 Θεὸν
1441 2239 1605 2293 αὐτὸν
1635 2241 1755 2301 ταῖς
1776 2241 1979 2308 ψυχαῖς

410 2323 698 2393 δεχόμεθα,
731 2325 824 2378 καὶ
856 2326 1015 2396 σῶμα
1042 2326 1183 2379 Θεοῦ
1205 2328 1303 2381 καὶ
1335 2324 1475 2395 αἷμα
1503 2333 1597 2385 καὶ
1636 2330 1815 2401 ψυχὴν
1843 2329 1978 2384 Θεοῦ

416 2419 511 2470 καὶ
539 2419 665 2472 νοῦν
693 2418 788 2471 καὶ
839 2418 1057 2489 θέλησιν
1089 2420 1243 2472 οὐδὲν
1283 2421 1507 2475 ἔλαττον
1553 2425 1590 2493 ἢ
1640 2424 1977 2494 ἀνθρώπινα.

422 2509 570 2563 Ἔδει
600 2509 707 2581 γὰρ
755 2512 850 2564 καὶ
876 2510 1035 2564 τοῦτο
1065 2507 1204 2565 εἶναι
1248 2515 1468 2566 κάκεῖνο
1499 2515 1750 2581 γενέσθαι
1792 2516 1852 2568 τδ
1883 2518 1983 2585 τῆς

422 2602 560 2670 ἐμῆς
590 2602 870 2664 ἀσθενείας
897 2605 1189 2673 φάρμακον
1218 2621 1231 2635 ·
1257 2607 1307 2658 εί
1349 2606 1451 2670 μὲν
1477 2607 1584 2676 γὰρ
1627 2607 1758 2668 Θεὸς
1792 2604 1858 2678 ἦν
1889 2608 1983 2677 μό-

420 2710 531 2754 νον.
562 2693 658 2747 οὐκ
681 2694 747 2747 ἃν
773 2694 943 2757 οὕτως
979 2696 1159 2767 ήνὼθη
1186 2713 1199 2728 ·
1219 2697 1337 2760 πῶς
1367 2699 1475 2766 γὰρ
1505 2702 1571 2752 ἂν
1610 2702 1742 2770 ἡμῖν
1768 2702 1985 2769 ἐγένετο

419 2785 665 2849 δεῖπνονς
706 2788 766 2840 Εἰ
810 2787 856 2840 δ’
904 2788 1043 2857 ὅπερ
1093 2789 1255 2858 ἡμεῖς
1310 2791 1490 2858 μόνον,
1555 2792 1654 2844 οὐκ
1704 2793 1770 2846 ἂν
1811 2793 1985 2858 οὕτως

423 2878 634 2946 ἔδρασε.
666 2878 780 2932 Νῦν
812 2880 872 2934 δὲ
901 2879 960 2932 τὸ
992 2879 1400 2949 συναμφότερον
1420 2895 1434 2908 ’
1460 2883 1603 2934 οὕτω
1630 2883 1728 2951 μὲν
1758 2882 1833 2947 ὡς
1858 2885 1987 2952 ὀμο-

422 2974 636 3040 γενέσιν
687 2971 901 3026 ἑνοῦται
956 2974 1048 3025 καὶ
1109 2973 1417 3043 συμφύεται
1474 2977 1585 3038 τοῖς
1638 2975 1985 3046 ἀνθρώποις,

424 3062 646 3124 ἐκείνως
677 3064 732 3115 δὲ
761 3064 857 3134 τὴν
884 3063 1049 3133 φύσιν
1088 3062 1219 3135 ἆραι
1253 3064 1475 3119 δύναται
1514 3065 1609 3119 καὶ
1643 3067 1867 3136 νικῆσαι
1893 3068 1990 3121 καὶ

2070 865 2163 918 illo
2191 866 2545 920 consociatio.
2565 864 2697 920 Nam
2727 876 2920 920 caetera
2964 866 3143 920 omnia
3178 877 3233 920 et
3263 867 3572 920 humaniter
3615 885 3645 921 a

2073 954 2232 1010 nobis
2253 956 2514 1026 suscepit,
2539 968 2592 1012 et
2609 973 2705 1012 sua
2725 956 3644 1024 nobiscumhumaniusconjunxit.

2076 1046 2211 1101 Illud
2248 1056 2366 1102 erat
2400 1046 2567 1101 Deum
2615 1049 2667 1101 in
2721 1055 2898 1103 terras
2928 1047 3295 1111 descendisse,
3330 1047 3474 1102 istud
3540 1065 3642 1103 nos

2075 1138 2199 1192 hinc
2226 1139 2281 1192 in
2319 1138 2517 1193 caelum
2551 1140 2912 1203 subvexisse;
2952 1139 3080 1192 illud
3104 1138 3290 1208 ipsum
3353 1139 3637 1192 hominem

2073 1232 2275 1288 factum
2304 1247 2447 1298 esse,
2475 1234 2576 1288 hoc
2612 1234 2886 1287 hominem
2924 1232 3092 1286 Deum
3117 1232 3398 1297 evasisse;
3422 1240 3479 1286 et-
3513 1232 3647 1285 illud

2074 1322 2295 1389 quidem
2342 1332 2599 1378 naturam
2632 1324 2847 1393 probris
2874 1338 2937 1377 ac
2968 1323 3235 1377 dedecore
3261 1323 3480 1392 penitus
3517 1323 3645 1375 lihe-

2075 1424 2179 1479 rat,
2212 1415 2340 1485 quia
2372 1416 2425 1469 in
2462 1431 2569 1469 uno
2623 1430 2853 1486 corpore
2886 1423 2940 1469 et
2995 1430 3115 1469 unav
3144 1414 3320 1468 anima
3366 1424 3649 1483 peccatum

2076 1509 2299 1569 devicit;
2327 1510 2427 1562 hoc
2450 1523 2895 1578 unumquemque
2923 1507 3197 1561 hominem
3227 1523 3253 1558 a
3278 1512 3505 1574 peccato
3528 1506 3651 1557 vin-

2077 1599 2223 1655 dicat
2281 1599 2497 1667 Deoque
2520 1598 2887 1653 commendat.
2946 1596 3072 1652 Haec
3127 1612 3286 1665 porro
3315 1596 3423 1649 illis
3457 1596 3652 1648 huma-

2075 1689 2245 1742 nitate
2272 1694 2554 1756 prazstant.
2587 1685 2856 1751 Quoniam
2917 1684 3062 1739 enim
3119 1683 3565 1743 nosascendere.
3600 1689 3653 1735 et

2076 1779 2345 1837 bonorum
2376 1779 2497 1847 ejus
2537 1777 2835 1847 participes
2871 1777 2985 1830 fieri
3020 1792 3124 1829 non
3162 1774 3495 1833 valebamus.
3542 1774 3655 1839 ipse

2077 1871 2144 1925 ad
2176 1866 2276 1925 nes
2308 1869 2613 1932 descendit,
2649 1877 2999 1936 nostramque
3039 1865 3408 1919 conditionem
3466 1864 3653 1928 subiit,

2079 1964 2322 2033 adeoque
2342 1962 2589 2032 perfecte
2616 1963 2682 2016 iis
2703 1975 2826 2030 quae
2850 1960 3171 2029 assumpsit,
3202 1957 3429 2023 coaluit,
3467 1966 3527 2011 ut
3564 1970 3656 2024 per

2079 2070 2203 2125 quae
2214 2054 2393 2118 nobis,
2407 2068 2528 2123 quae
2539 2068 2571 2108 a
2589 2053 2744 2107 nobis
2758 2050 3315 2121 sumpsit,reddit,per
3329 2064 3391 2104 ea
3412 2048 3649 2117 seipsum

2079 2144 2464 2207 communicet,
2493 2154 2545 2198 et
2565 2158 2726 2198 carne
2743 2144 3114 2214 sanguineque
3136 2143 3374 2194 humano
3401 2146 3662 2194 constan-

2081 2245 2184 2302 tes,
2220 2237 2387 2290 Deum
2418 2236 2595 2305 ipsum
2624 2235 2915 2289 animabus
2938 2233 3324 2302 suscipiamus,
3360 2239 3415 2285 et
3452 2244 3653 2296 corpus

2079 2338 2137 2386 et
2161 2330 2502 2400 sanguinem,
2528 2338 2583 2382 et
2611 2326 2847 2381 animam
2874 2335 2929 2380 et
2960 2331 3192 2378 mentem
3218 2337 3282 2377 ac
3318 2321 3655 2376 voluntatem

2083 2418 2177 2472 Dei
2216 2433 2369 2487 aeque
2414 2415 2749 2470 uthominis.
2785 2413 3085 2483 Oportebat
3112 2411 3383 2481 siquidem
3438 2419 3488 2463 et
3512 2409 3657 2463 aliud

2082 2528 2229 2573 esse,
2258 2519 2311 2564 et
2343 2511 2488 2565 aliud
2523 2508 2638 2563 fieri
2677 2507 2983 2578 aegritudini
3030 2520 3163 2558 meae
3220 2502 3569 2556 medicinam.
3600 2501 3659 2554 Si

2084 2604 2227 2656 enim
2249 2600 2389 2655 Deus
2413 2608 2555 2654 esset
2578 2605 2811 2659 tantum,
2841 2610 2947 2650 non
2970 2595 3043 2648 ita
3076 2593 3341 2646 uniretur.
3370 2589 3474 2654 Qui
3505 2590 3652 2641 enim

2085 2693 2244 2746 nobis
2276 2706 2427 2747 cinna
2454 2689 2641 2744 ﬁeret?
2655 2688 2712 2742 Si
2741 2695 2927 2741 autem
2945 2695 3093 2740 esset
3124 2690 3338 2736 tantum
3371 2679 3533 2748 quod-
3556 2694 3657 2732 nos

2088 2800 2301 2847 sumus,
2328 2783 2611 2837 nobiscum
2641 2796 2747 2835 non
2767 2780 2848 2834 sic
2864 2778 3085 2846 egisset.
3110 2774 3267 2828 Nunc
3298 2788 3423 2827 cum
3443 2782 3659 2826 utrum-

2088 2893 2193 2946 que
2210 2877 2300 2940 sit,
2322 2876 2427 2929 hoc
2456 2873 2677 2943 quidem
2733 2870 3071 2933 hominibus,
3109 2876 3166 2921 ut
3197 2867 3362 2920 homo
3391 2864 3659 2934 jungitur.

2088 2977 2142 3021 et
2170 2966 2443 3021 coalescit:
2477 2963 2565 3018 illo
2591 2971 2837 3018 naturam
2856 2959 3117 3016 extollere
3146 2968 3199 3012 et
3227 2956 3487 3016 excitare,
3518 2962 3571 3007 et
3604 2954 3656 3006 in

2090 3058 2330 3126 seipsum
2363 3054 2662 3108 transferre
2691 3060 2889 3120 potest.
2946 3048 3256 3103 Facultates
3286 3045 3430 3098 enim
3467 3052 3661 3112 poten-

427 3155 561 3222 πρὸς
610 3156 801 3207 ἑαυτὸν
864 3158 1223 3224 μεταστῆσαι.
1259 3157 1380 3211 Τῶν
1423 3157 1533 3230 γάρ
1574 3159 1860 3229 δυνάμεων
1892 3161 1991 3224 τὰς

2097 3150 2293 3212 tiores,
2323 3146 2370 3200 si
2396 3146 2449 3199 in
2486 3142 2815 3198 infirmiores
2855 3139 3170 3201 inciderint,
3212 3136 3516 3190 consistere
3567 3148 3664 3187 cas

424 3248 678 3311 ὲλάττους
710 3250 766 3302 αί
795 3249 1017 3320 μείζους
1045 3252 1140 3304 ἐπὶ
1183 3251 1291 3304 τῶν
1321 3227 1511 3305 αὐτῶν
1539 3227 1743 3322 μένειν,
1768 3255 1988 3309 ἐπειδὰν

2093 3243 2148 3297 iu
2171 3242 2362 3295 iisdem
2394 3253 2501 3293 non
2537 3238 2853 3306 patiuntur.
2876 3232 2940 3286 Et
2962 3230 3165 3286 ferrum
3194 3229 3300 3299 igni
3350 3227 3662 3297 impositum

423 3341 617 3403 αὐταῖς
651 3341 1069 3411 συνενεχθῶσιν,
1099 3343 1161 3395 οὐ
1209 3343 1575 3413 συγχωροῦσι,
1626 3348 1720 3398 καὶ
1767 3346 1984 3416 σίδηρος

2095 3328 2230 3391 nihil
2262 3333 2390 3388 ferri
2415 3331 2630 3387 retinet.
2647 3328 2814 3383 Terra
2839 3327 2966 3381 item
2992 3334 3044 3380 et
3060 3338 3202 3394 aqua
3231 3325 3284 3375 in
3310 3322 3486 3391 ignem
3522 3334 3662 3372 con-

422 3434 575 3488 οὐδὲν
612 3434 833 3503 σιδήρου
888 3434 1043 3503 φέρει
1098 3435 1231 3505 πυρὶ⁹
1288 3435 1580 3499 συνελθὼν,
1643 3438 1737 3489 καὶ
1771 3438 1842 3504 γῆ
1893 3414 1988 3491 καὶ

2091 3428 2230 3497 iecta
2274 3424 2385 3495 igni
2438 3429 2738 3477 mutantur.
2772 3419 2924 3485 Quod
2954 3417 3001 3471 si
3037 3414 3350 3469 facultatum
3406 3421 3666 3480 cognata-

420 3525 569 3594 ὕδωρ
595 3526 704 3577 τῶν
737 3526 952 3579 οἰκείων
978 3528 1042 3578 τὰ
1078 3528 1171 3579 τοῦ
1214 3527 1386 3595 πυρὸς
1422 3515 1772 3581 ἀλλάττονται
1818 3531 1988 3599 πυρὸς

2091 3534 2211 3574 rum
2248 3515 2542 3572 validiores
2571 3514 2652 3567 sic
2709 3512 2763 3564 in
2795 3507 3179 3563 imbecilliores
3210 3510 3397 3573 agunt,
3440 3501 3667 3569 quidede

423 3593 876 3672 ἀπολελαυκὸτα·
910 3619 958 3671 εί
1010 3618 1069 3670 δὲ
1114 3618 1223 3670 τῶν
1275 3593 1549 3686 ὀμογενῶν
1595 3593 1989 3685 δυνάμεωνίαί

2093 3612 2182 3665 illa
2199 3607 2462 3681 singulari
2507 3614 2565 3659 et
2586 3601 2895 3657 admirabili
2921 3598 3181 3653 facultate
3211 3593 3668 3649 existimabimus“?

426 3710 708 3779 κρείττους
730 3708 875 3761 οὕτω
898 3707 1097 3777 δρῶσιν
1126 3709 1205 3770 είς
1231 3707 1330 3769 τὰς
1376 3708 1650 3770 ἐλάττους,
1680 3709 1734 3762 τί
1756 3709 1837 3761 δεῖ
1864 3709 1991 3778 περὶ

2091 3701 2320 3759 Constat
2353 3699 2513 3769 igitur
2563 3694 2839 3749 Christum
2895 3688 3181 3743 infundere
3242 3696 3303 3739 et
3343 3686 3574 3739 miscene
3610 3701 3668 3736 se

426 3802 524 3870 τῆς
551 3799 867 3872 ὑπερφυοῦς
898 3800 1115 3867 ἐκείνης
1142 3797 1396 3867 νομίσαι;
1426 3798 1666 3868 Φανερὺν
1688 3799 1889 3861 τοίνυν,
1916 3800 1990 3862 ὼς

2094 3792 2276 3855 nobis,
2313 3795 2524 3843 mutare
2556 3799 2676 3847 nos,
2704 3791 2758 3836 et
2787 3782 2842 3834 in
2871 3796 2930 3835 se
2980 3785 3371 3839 trar‘tsmutare,
3404 3782 3669 3841 tanquam

426 3867 671 3963 ὲχχεῖταί
711 3894 809 3961 μὲν
849 3893 982 3960 ἡμῖν
1009 3893 1037 3943 ὁ
1077 3890 1311 3957 Χριστὸς
1341 3892 1436 3943 καὶ¹
1474 3867 1833 3959 ἀναμίγνυσιν
1865 3893 1991 3945 sau-

2095 3899 2250 3953 aqua:
2284 3890 2491 3952 guttam
2521 3876 2788 3931 modicam
2822 3872 3061 3927 infusam
3110 3869 3377 3923 immenso
3408 3867 3671 3935 unguenti

424 3986 536 4050 τὸν,
565 3984 782 4054 ἀμείϐει
823 3984 878 4036 δὲ
915 3986 1007 4036 καὶ
1041 3982 1176 4053 πρὸς
1212 3981 1404 4034 ἑαυτὸν
1448 3982 1775 4052 μεταϐάλλει
1825 3984 1998 4038 καθά-

427 4092 534 4144 περ
567 4072 756 4142 ῥανίδα
788 4072 989 4142 μικρὰν
1015 4070 1554 4140 ὖδατοᾳέγχεθεῖσαν
1575 4072 1792 4142 ἀπείρῳ
1821 4072 1994 4144 μύρου

430 4166 678 4233 πελάγει.
728 4163 978 4216 Τοσαῦτα
1012 4164 1122 4233 γὰρ
1152 4163 1377 4216 δύναται
1401 4164 1513 4225 τοῖς
1554 4161 1856 4232 ἐμπεσοῦσι
1880 4163 1997 4216 τόδε

427 4258 487 4308 τὸ
538 4257 730 4325 μύρον,
788 4254 926 4307 ὥστε
966 4256 1067 4306 οὐκ
1112 4253 1333 4315 εὐώδεις
1382 4254 1765 4306 ἀποδείκνυσιν
1812 4253 1999 4317 ἁπλῶς

427 4347 548 4401 οὐδὲ
581 4348 754 4415 μύρου
791 4344 1056 4405 πνέοντας
1087 4342 1268 4413 μόνον,
1304 4341 1418 4395 ἀλλ’
1450 4342 1680 4396 εὐωδίαν
1707 4343 1877 4411 αὐτὴν
1901 4342 2000 4412 τὴν

430 4441 542 4502 ἕξιν
574 4438 739 4491 αὐτοῦ
767 4436 862 4489 τοῦ
896 4435 1226 4496 κενωθέντος
1262 4433 1326 4486 δι’
1355 4435 1503 4504 ἡμᾶς
1561 4436 1765 4506 μύρου⁰
1808 4453 1827 4485 ι
1863 4436 2002 4504 Χρι-

436 4533 563 4588 στοῦ
593 4533 723 4601 γὰρ,
759 4533 945 4599 φησιν,
977 4530 1176 4584 εὐωδία
1204 4527 1392 4595 ἐσμέν.
1426 4547 1445 4579 ι

2098 3978 2304 4048 pelago.
2341 3972 2574 4027 Tantum
2609 3968 2808 4037 quippe
2847 3961 3217 4051 incidentibus
3256 3958 3393 4013 inse
3421 3971 3666 4026 unguen-

2100 4077 2239 4133 tum,
2267 4066 2407 4120 istuc
2449 4067 2691 4133 praestat,
2737 4066 2799 4111 ut
2822 4072 2929 4111 non
2957 4049 3137 4111 solum
3188 4052 3347 4122 plaue
3381 4049 3667 4113 odoratos,

2100 4175 2201 4215 nec
2260 4164 2610 4227 unguentum
2671 4150 2947 4221 spirantes
3002 4143 3403 4203 tantummodo.
3433 4141 3526 4196 sed
3564 4140 3674 4194 fra-

2101 4249 2375 4323 grantiam
2402 4249 2579 4318 ipsam
2614 4244 2825 4305 habitu,
2870 4250 2926 4295 et
2958 4240 3160 4295 bonum
3219 4237 3444 4291 odorem
3505 4232 3678 4302 ipsius

2105 4342 2365 4414 unguenti
2393 4346 2613 4409 propter
2645 4352 2747 4391 nos
2787 4333 2951 4390 effusi
2985 4332 3206 4387 reddat:
3252 4344 3271 4379 ι
3305 4324 3519 4383 Christi
3533 4324 3675 4378 enim

2103 4437 2280 4493 bonus
2301 4435 2434 4488 odor
2464 4445 2653 4487 sumus
2684 4430 2750 4498 “,
2783 4446 2803 4481 ι
2832 4426 3029 4497 inquit.

504 4592 783 4693 roresqu
804 4592 914 4690 έχει
935 4592 1178 4689 ’δύναμιν
1212 4592 1305 4673 καὶ
1327 4621 1487 4690 χάριν
1512 4619 1625 4682 τοῖς
1675 4618 1991 4690 τετελεσμέ-

2178 4608 2328 4662 lianc
2374 4606 2479 4660 vim
2503 4613 2556 4659 et
2581 4602 2809 4674 gratiam
2841 4601 2992 4670 apud
3018 4596 3495 4654 communicantes
3526 4606 3683 4646 omna

434 4735 546 4779 νοις
580 4718 640 4768 τὸ
677 4716 913 4771 δεῖπνον.
958 4713 1052 4766 ὲάν
1083 4729 1147 4781 γε
1191 4712 1421 4780 καθαροὶ
1468 4708 1860 4778 προσελθόντες
1897 4727 2001 4763 κα-

434 4810 558 4871 κίας
583 4807 804 4875 ἁπάσης
833 4802 997 4875 μηδὲν
1023 4802 1483 4870 ὲπεισαγάγωμεν
1510 4801 1700 4854 ἔπειτα
1731 4802 1964 4872 πονηρόν
1982 4817 1996 4831 ·

434 4899 579 4952 οὕτω
615 4898 723 4968 γὰρ
747 4897 931 4963 ἔχουσι
981 4896 1074 4949 καὶ
1110 4893 1653 4964 παρεσκευασμένοις
1701 4891 1853 4944 οὐδὲν
1886 4908 1997 4945 κω-

435 4991 589 5045 λύσει
618 4989 708 5041 τὸν
758 4986 993 5055 Χριστὸν
1022 4984 1196 5045 οὕτως
1236 4982 1482 5052 ἀκριϐῶς
1513 4983 1646 5055 ἡμῖν
1689 4982 1958 5050 ὲνωθῆναι
1980 4996 1994 5011 ·

444 5100 464 5133 ι
496 5082 569 5134 Τὸ
605 5052 907 5148 μυστήριον
932 5073 1092 5126 τοῦτο
1118 5072 1260 5144 μέγα
1291 5073 1426 5132 ἐστὶ,
1469 5089 1487 5123 ι
1527 5052 1627 5140 τὴν
1655 5071 1847 5123 ἕνωσιν
1876 5069 2005 5123 ταύ-

437 5191 538 5244 την
585 5171 814 5239 ἐξαίρων
846 5169 874 5221 ὀ
916 5164 1183 5235 μακάριος
1232 5162 1336 5230 ἔφη
1397 5161 1642 5223 Παῦλος·
1689 5161 1847 5214 τοῦτο
1896 5160 2006 5231 γάρ

439 5267 589 5317 ἐστιν
620 5263 647 5315 ὀ
680 5261 856 5329 γάμος
906 5260 933 5308 ὁ
966 5255 1367 5325 πολυύμνητος,
1419 5252 1541 5304 καθ’
1580 5252 1639 5304 ὃν
1684 5253 1713 5303 ὀ
1741 5253 2007 5320 πανάγιος

441 5354 669 5424 νυμφίος
688 5356 790 5421 τὴν
826 5348 1151 5418 Ἐκκλησίαν
1172 5345 1245 5409 ὡς
1270 5344 1538 5413 παρθένον
1557 5344 1748 5409 ἀγεται
1765 5343 2005 5411 νύμφην.

445 5447 555 5499 Καὶ
585 5444 695 5512 γὰρ
742 5439 977 5493 ἐνταῦθα
1008 5438 1106 5507 μὲν
1143 5438 1170 5488 ὁ
1200 5432 1432 5503 Χριστὸς
1462 5429 1730 5499 ἐκτρέφει
1760 5431 1852 5482 τὸν
1883 5429 2012 5499 περὶ

442 5537 606 5588 αὐτὴν
632 5534 811 5604 χορὸν,
833 5532 1005 5599 τούτῳ
1027 5529 1082 5580 δὲ
1115 5527 1259 5597 μόνῳ
1289 5526 1396 5579 τῶν
1420 5524 1732 5593 μυστηρίων
1763 5540 1781 5574 ι
1810 5523 2015 5589 σάρκες

447 5627 613 5694 ἐσμὲν
642 5627 706 5675 ὲκ
735 5621 844 5676 τῶν
870 5619 1088 5690 σαρκῶν
1113 5617 1302 5685 αὐτοῦ,
1327 5617 1423 5670 καὶ
1438 5616 1573 5669 ὀστᾶ
1595 5616 1661 5667 ἐκ
1698 5616 1808 5666 τῶν
1836 5611 2016 5666 ὀστῶν

450 5715 638 5772 αὐτοῦ.
669 5734 687 5767 ι
721 5713 907 5767 Ταῦτα
926 5712 983 5765 δέ
1009 5714 1179 5777 ἐστιν,
1209 5703 1291 5773 οἷς
1322 5710 1350 5763 ὀ
1379 5707 1676 5771 ἀπόστολος
1698 5706 2017 5776 ὁριζόμενος

2106 4696 2562 4767 habet,siquidem
2575 4692 2721 4749 omni
2738 4691 3114 4746 labecarentes
3126 4703 3246 4742 cum
3263 4681 3679 4745 accesserimus,

2105 4790 2243 4846 nihil
2275 4798 2460 4858 postea
2481 4785 2605 4842 novi
2625 4783 2851 4840 sceleris
2867 4778 3314 4836 consciverimus.
3336 4774 3427 4831 Sic
3444 4774 3589 4829 enim
3613 4772 3687 4826 af-

2105 4882 2283 4947 fectis,
2306 4889 2361 4934 et
2387 4878 2594 4949 paratis
2615 4874 2792 4940 nobis,
2820 4872 2957 4927 nihil
2982 4870 3274 4941 perfectam
3308 4865 3514 4921 Christi
3547 4880 3688 4919 con-

2097 4972 2435 5051 junCtionem
2460 4967 2746 5022 nobiscum
2771 4959 3092 5017 retardabit:
3118 4954 3690 5051 «Sacramentum‘hoc

2112 5044 2370 5131 magnum
2387 5058 2578 5121 est",r
2598 5055 2851 5123 copulam
2872 5053 3032 5106 istam
3056 5047 3313 5112 efferens,
3337 5047 3528 5101 beatus
3548 5044 3687 5096 Pau-

2113 5153 2202 5208 lus
2233 5152 2332 5207 ait.
2361 5149 2453 5205 Hae
2489 5156 2618 5202 sunt
2650 5146 2797 5200 enim
2829 5139 3464 5214 nuptiaelaudatissimae,
3491 5135 3693 5205 quibus

2114 5243 2460 5300 'castissimus
2478 5241 2568 5295 ille
2584 5251 2819 5309 sponsus
2840 5235 3139 5290 Ecclesiam
3165 5242 3224 5287 ut
3239 5231 3504 5300 virginem
3530 5240 3694 5294 span-

2120 5351 2235 5390 sam
2268 5334 2439 5389 ducit.
2470 5330 2571 5386 llic
2601 5330 2746 5385 enim
2766 5328 3014 5381 Christus
3063 5327 3290 5380 chorum
3325 5320 3439 5377 sibi
3472 5318 3689 5371 aﬂixum

2121 5426 2237 5481 alit.
2259 5424 2373 5479 Hoc
2393 5423 2512 5478 solo
2532 5421 2788 5492 mysterio
2809 5434 2968 5474 «caro
2987 5432 3183 5474 sumus.
3198 5416 3264 5469 de
3292 5426 3456 5467 carne
3484 5411 3624 5478 ejus,
3641 5417 3697 5461 ct

2122 5532 2245 5572 ossa
2276 5517 2343 5571 de
2370 5516 2590 5571 ossibus
2610 5515 2729 5583 ejus
2762 5514 2828 5568 “.
2877 5511 3057 5566 nitate
3086 5516 3214 5565 sunt
3239 5547 3254 5573 ,
3280 5504 3483 5575 quibus
3545 5502 3665 5570 Apo
3684 5528 3697 5540 ι

2124 5608 2304 5665 stolus
2326 5609 2544 5678 nuptias
2559 5607 2826 5663 definiens
2856 5605 3132 5659 Christum
3161 5614 3286 5656 esse
3311 5611 3573 5667 sponsum
3597 5594 3697 5650 do-

2127 5711 2233 5769 cet,
2264 5707 2324 5757 et
2348 5714 2473 5757 eum
2502 5714 2763 5771 sponsam
2794 5697 2989 5753 habere
3016 5694 3277 5760 Joannes,
3308 5689 3471 5761 hujus
3487 5703 3699 5745 conuu-

535 5897 581 5931 “
613 5900 654 5953 ll
685 5897 815 5954 Cor.
851 5911 913 5963 ιι,
953 5894 1035 5950 15.
1115 5894 1156 5925 ’⁸⁷
1184 5890 1383 5964 Ephrs.
1421 5905 1475 5957 ν,
1511 5887 1600 5943 52.
1680 5886 1722 5918 "
1749 5883 1883 5940 Gen.
1930 5897 1989 5948 ιι,
2022 5881 2110 5937 21.
