4036 6456
489 455 598 521 595

1697 469 2008 529 NICOLAI
2045 468 2438 531 CABASILIE

3609 477 3703 540 596

495 572 573 628 bii
602 587 804 644 auspex
834 582 888 645 et
910 574 1235 632 conciliator
1263 576 1340 631 ait
1370 577 1438 631 ".
1486 577 1598 633 Hoc
1655 589 2046 634 sacramentum

2159 584 2249 638 τδν
2284 585 2488 652 γάμον,
2535 583 2768 652 νυμφίον
2813 582 3162 637 ἀποδείκνυσι
3204 583 3297 636 τὸν
3325 585 3550 654 Χριστὸν
3579 584 3705 642 εἶναι

491 662 676 721 lumen
713 676 796 720 est
824 667 940 734 jam
1007 668 1270 736 purgatis;
1300 667 1355 722 in
1390 669 1474 724 his
1503 679 1708 730 autem.
1746 672 1838 739 qui
1863 671 2058 725 etiam-

493 771 623 810 num
657 767 976 826 purgantur,
1007 759 1270 828 purgandi
1299 759 1615 816 facultatem
1645 762 1808 817 habet
1838 773 2058 817 contra-

489 866 595 918 que
617 850 912 920 malignum
939 860 994 906 et
1024 852 1364 909 turbulentas
1386 854 1551 909 animi
1577 855 1846 910 motiones
1865 856 2057 910 decer-

490 951 687 1004 tantes.
723 942 869 996 sicut
897 943 1134 998 athletas
1171 945 1223 998 in
1258 947 1614 1014 gymnasticis
1665 947 2058 1001 certaminibus

490 1029 662 1097 ungit.
695 1029 806 1085 Illis
842 1046 1080 1100 namque
1119 1034 1252 1088 nihil
1289 1043 1459 1090 restat
1503 1035 1673 1098 aliud,
1715 1051 1876 1104 quam
1909 1036 2059 1089 velut

490 1121 646 1187 pulso
681 1121 750 1177 ab
797 1123 972 1179 oculis
1019 1125 1156 1178 vitio
1191 1167 1205 1190 ,
1261 1125 1444 1181 lumen
1499 1127 1685 1182 mundi
1750 1129 2054 1182 admittere.

489 1214 591 1277 Qui
634 1223 812 1268 autem
857 1219 1000 1271 unde
1060 1219 1275 1285 purgari
1307 1227 1531 1288 queant,
1568 1221 1746 1276 adhuc
1787 1222 2052 1292 indigent,

486 1321 584 1360 cos
618 1306 878 1374 quidnam
906 1309 1078 1370 aliud,
1103 1312 1568 1381 quaeso,purget?
1608 1331 1625 1363 ι
1655 1311 1888 1380 Sanguis
1909 1317 2052 1369 enim

485 1397 611 1451 Filii
657 1397 751 1452 Dei
783 1400 1042 1454 emundat
1098 1416 1198 1458 nos
1231 1403 1299 1457 ab
1345 1405 1494 1457 omni
1541 1418 1786 1473 peccato,
1833 1425 1851 1457 ι
1881 1408 2058 1475 inquit

483 1486 724 1545 Joannes
752 1490 798 1522 '°
836 1489 1054 1545 Christo
1110 1491 1489 1549 charissimns.
1547 1495 1839 1551 Victoriam
1899 1513 2058 1567 porro

483 1590 674 1635 contra
733 1581 1048 1652 malignum,
1079 1598 1110 1636 a
1164 1584 1388 1639 Christo
1422 1588 1542 1641 solo
1577 1588 1878 1656 dependere
1935 1593 2057 1660 quis

489 1670 707 1725 nescit?
764 1671 925 1740 cujus
994 1673 1165 1731 solius
1216 1689 1416 1745 corpus
1473 1682 1731 1747 tropaeum
1797 1682 2058 1738 adversos

486 1770 767 1827 peccatum
826 1763 1018 1826 erexit,
1082 1773 1137 1817 et
1203 1780 1296 1830 per
1349 1767 1453 1822 hoc
1505 1771 1827 1840 oppugnatis
1865 1776 2060 1829 afferre

486 1853 748 1913 auxilium
801 1863 976 1922 potest
1001 1893 1017 1918 ,
1054 1856 1109 1910 in
1139 1872 1250 1927 quo
1303 1859 1420 1927 ipso
1463 1877 1657 1929 passus
1713 1869 1814 1926 est,
1851 1874 1904 1918 et
1941 1876 2057 1919 ten-

487 1950 630 1998 tatus
689 1945 838 2000 vicit.
879 1945 1146 2010 Quoniam
1196 1949 1338 2004 enim
1395 1953 1542 2007 carni
1601 1970 1724 2009 cum
1779 1957 1886 2010 vita
1943 1958 2044 2025 spi-

487 2031 665 2087 rituznli
717 2033 852 2087 nihil
892 2035 970 2089 rei
1029 2046 1114 2090 est
1149 2052 1310 2106 quant
1356 2041 1521 2096 etiam
1575 2044 1846 2100 hostiliter
1887 2047 2001 2101 odit
2042 2065 2056 2102 :

489 2139 508 2173 ι
556 2122 908 2193 Concupiscit
953 2129 1121 2192 enim,
1163 2130 1362 2201 inquit,
1406 2148 1535 2189 caro
1585 2137 1845 2192 adversus
1891 2140 2056 2208 spiri-

487 2225 601 2268 tum
629 2214 697 2279 ⁸¹;
738 2233 758 2267 ι
792 2217 862 2272 ob
886 2217 940 2272 id
972 2222 1274 2290 excogitata
1310 2234 1363 2278 et
1397 2225 1615 2281 inventa
1648 2237 1733 2283 est
1760 2245 1888 2286 caro
1920 2246 2056 2286 con-

481 2314 567 2362 tra
637 2322 883 2374 carnem,
937 2321 1124 2367 contra
1183 2323 1452 2372 terrenam
1493 2322 1792 2389 spiritualis
1829 2344 1842 2379 :
1879 2335 1932 2379 et
1973 2326 2056 2381 lex

481 2399 666 2455 carnis
695 2401 1006 2472 abrogatur,
1037 2413 1090 2460 et
1109 2421 1238 2462 caro
1260 2410 1403 2464 cedit
1451 2414 1684 2480 spiritui,
1710 2426 1764 2469 ct
1793 2417 2056 2474 adversus

484 2488 652 2559 legem
681 2493 882 2559 peccati
907 2494 1012 2549 fert
1040 2497 1367 2553 subsidium.
1387 2500 1526 2567 Quia
1556 2520 1788 2574 namque
1824 2523 1950 2563 caro
1982 2511 2055 2566 is-

483 2587 536 2632 ta
578 2578 735 2633 beata
790 2581 1032 2638 nondum
1080 2595 1366 2655 compacta
1395 2597 1451 2644 et
1482 2603 1858 2662 coagmentata
1915 2612 2051 2662 erat,

482 2669 644 2726 vitam
678 2673 1015 2744 spiritualem
1055 2676 1238 2732 vivere
1282 2683 1490 2738 nemini
1525 2687 1769 2741 omnium
1791 2692 2056 2746 concede-

482 2762 680 2818 batur:
714 2769 932 2834 quando
955 2785 1057 2825 nec
1082 2771 1198 2840 ipsa
1232 2773 1317 2828 lex
1339 2777 1679 2842 servabatur,
1703 2782 1919 2836 tametsi
1943 2797 2049 2837 non

475 2855 772 2909 admodum
798 2860 1076 2914 recondita
1098 2869 1154 2915 et
1168 2863 1417 2920 abstrusa
1452 2882 1468 2931 ;
1498 2867 1877 2925 necefﬁciebat
1895 2874 2053 2940 quid-

477 2959 644 3012 quam
683 2946 735 3000 in
755 2946 1099 3014 hominibus,
1127 2967 1253 3007 cum
1303 2967 1500 3010 natura
1540 2971 1726 3015 nostra
1783 2965 2049 3019 deteriora

477 3047 821 3108 sequeretur.
867 3039 1257 3098 lntirmabatur
1303 3048 1450 3102 enim
1481 3051 1566 3104 lex
1600 3067 1697 3120 per
1724 3067 1966 3118 carnem,
1997 3067 2051 3111 et

478 3130 587 3185 alia
618 3147 784 3188 carne
810 3149 947 3203 opus
976 3135 1238 3205 habebat,
1261 3156 1384 3209 quae
1414 3144 1582 3196 robur
1597 3159 1716 3211 ejus
1748 3148 1882 3200 tueri
1926 3163 2050 3218 pos-

2161 678 2255 728 κα¹ι
2284 677 2382 743 τὴν
2411 675 2630 746 νύμφην
2654 674 2824 745 ἔχειν,
2859 676 2889 728 6
2929 678 3306 744 νυμφαγωγός
3352 693 3511 747 φησιν
3545 679 3706 733 Ἰωάνα

2158 784 2276 836 νης.
2311 764 2485 820 Τοῦτο
2522 766 2584 820 τὸ
2614 768 2920 835 μυστήριον
2951 765 3069 832 φῶς
3099 766 3199 833 μέν
3226 768 3341 818 ἐστι
3369 768 3480 829 τοῖς
3501 769 3595 837 ἤδη
3625 787 3708 821 κε-

2161 859 2548 927 καθαρμένοις,
2595 857 2892 927 καθάρσιον
2921 858 2979 910 δὲ
3005 859 3117 920 τοῖς
3161 857 3242 910 ἔτι
3285 858 3707 927 καθαιρομένοις,

2159 949 2424 1017 ἀλείπτης
2453 947 2512 1001 δέ
2541 947 2684 1001 κατὰ
2709 946 2804 999 τοῦ
2836 945 3078 1016 πονηροῦ
3108 945 3334 997 καὶτῶν
3363 945 3548 998 παθῶν
3579 948 3711 1012 ἀγω-

2157 1039 2496 1108 νιζομένοιςο
2546 1039 2657 1100 τοῖς
2693 1038 2794 1106 μέν
2821 1036 2932 1106 γὰρ
2976 1037 3130 1088 οὐδὲν
3163 1035 3292 1089 ἄλλο
3321 1035 3503 1088 λοιπὸν
3533 1035 3563 1104 ἢ
3588 1036 3710 1088 καθ’

2156 1133 2301 1202 άπερ
2354 1129 2622 1199 ὀφθαλμῷ
2670 1129 2768 1196 τὴν
2805 1129 2985 1196 λύμην
3031 1127 3354 1196 ἀποθεμένῳ
3395 1127 3455 1179 τὸ
3479 1127 3588 1194 φῶς
3623 1127 3709 1179 τοῦ

2157 1225 2363 1291 κόσμου
2390 1221 2671 1286 δέξασθαι,
2695 1223 2807 1282 τοῖς
2838 1220 2895 1272 δὲ
2921 1219 3201 1287 δεομένοις
3234 1217 3316 1270 ἔτι
3356 1218 3448 1270 τοῦ
3487 1217 3706 1286 καθᾶραι

2157 1314 2479 1384 δυναμένου,
2523 1312 2818 1382 καθάρσιον
2842 1311 2895 1363 τί
2933 1310 3130 1377 γένοιτ’
3156 1308 3222 1362 ἂν
3267 1308 3435 1373 ἄλλος
3468 1327 3484 1358 ι
3522 1309 3590 1359 Τὸ
3611 1309 3709 1376 γὰρ

2158 1401 2295 1475 αἷμα
2322 1404 2412 1457 τοῦ
2449 1402 2582 1457 Υίοῦ
2613 1403 2706 1456 τοῦ
2732 1401 2868 1454 Θεοῦ
2899 1401 3186 1469 καθαρίζει
3211 1401 3380 1468 ἡμᾶς.
3409 1399 3588 1468 φησὶν,
3613 1399 3709 1450 ἀπὸ

2159 1500 2338 1568 πάσης
2362 1497 2656 1566 ἁμαρτίας,
2689 1515 2708 1547 ι
2741 1497 2768 1550 6
2798 1495 3164 1562 διαφερόντως
3191 1493 3268 1563 τῷ
3292 1491 3511 1558 Χριστῷ
3535 1488 3707 1556 φιλού-

2161 1608 2322 1661 μενος
2365 1590 2652 1658 Ἰωάννης⁹
2707 1588 2803 1657 τὴν
2859 1587 2916 1639 δὲ
2955 1589 3098 1639 κατὰ
3133 1585 3224 1638 τοῦ
3279 1583 3519 1650 πονηροῦ
3565 1581 3710 1646 νίκην

2158 1683 2242 1746 τίς
2271 1683 2372 1736 οὐκ
2397 1676 2561 1743 οἶδεν,
2588 1679 2665 1743 ὡς
2697 1681 2725 1732 6
2757 1677 2991 1748 Χριστὸς
3021 1675 3293 1746 ἀνῄρηται
3325 1675 3508 1743 μόνος,
3535 1666 3593 1725 06
3626 1669 3706 1738 μό-

2158 1792 2246 1827 νον
2281 1773 2411 1841 ἐστη
2442 1772 2703 1842 τρόπαιον
2725 1771 2865 1822 κατὰ
2886 1767 2989 1836 τῆς
3020 1766 3296 1835 ἁμαρτίας
3320 1765 3384 1816 τὸ
3417 1763 3589 1830 σῶμα,
3627 1761 3712 1813 καὶ

2161 1866 2334 1936 τούτῳ
2378 1864 2605 1917 δύναται
2646 1861 2914 1932 βοηθῆσαι
2973 1858 3422 1926 πολεμουμένοις,
3463 1858 3518 1907 ἐν
3547 1849 3588 1918 ᾧ
3620 1853 3708 1905 πέ-

2161 1959 2356 2011 πονθεν
2401 1955 2562 2016 αὐτὸς
2601 1954 2696 2007 καὶ
2726 1953 2980 2020 νενίκηκε
3026 1947 3382 2018 πειρασθεί;;
3427 1945 3578 1998 Ἐπεὶ
3611 1943 3709 2010 γὰρ

2158 2053 2226 2122 τῇ
2253 2050 2418 2119 σαρκὶ
2450 2047 2586 2116 πρὸς
2633 2045 2732 2114 τὴν
2760 2043 3140 2112 πνευματικὴν
3182 2039 3328 2108 ζωὴν
3365 2038 3541 2092 κοινὸν
3569 2035 3708 2087 οὐδὲν

2157 2139 2249 2212 ἦν,
2297 2143 2332 2210 ἧ
2396 2157 2458 2206 γε
2497 2141 2589 2193 καὶ
2633 2139 2755 2191 λίαν
2805 2135 3064 2203 ἀπεχθῶς
3117 2132 3230 2201 ἔχει
3280 2132 3380 2184 καὶ
3427 2127 3708 2195 πολεμίως,

2165 2252 2184 2285 ι
2207 2233 2502 2300 Ἐπιθυμεῖ
2529 2231 2657 2301 γὰρ,
2698 2229 2853 2298 φησὶ,
2890 2225 3031 2304 κατὰ
3064 2227 3158 2278 τοῦ
3208 2222 3542 2320 πνεύματος,
3564 2242 3601 2320 -ι
3625 2218 3710 2320 διὰ

2157 2325 2332 2379 ταῦτα
2359 2323 2495 2391 σὰρξ
2518 2320 2787 2385 ἐπενοήθη
2814 2319 2956 2373 κατὰ
2980 2319 3078 2387 τῆς
3108 2317 3336 2381 σαρκὸς,
3371 2313 3468 2382 τῆς
3501 2313 3707 2378 χοῖκῆς,

2156 2420 2191 2488 ἠ
2225 2414 2593 2484 πνευματικὴ,
2632 2413 2729 2467 καὶ
2773 2411 2960 2463 λύεται
3011 2408 3211 2476 σαρκὸς
3259 2406 3414 2474 νόμῳ
3466 2399 3710 2467 σαρκικδς

2155 2509 2342 2576 νόμος,
2378 2508 2471 2561 καὶ
2523 2503 2663 2575 σὰρξ
2705 2503 2844 2556 εῐκει
2884 2500 3158 2565 πνεύματι
3213 2497 3309 2550 καὶ
3357 2495 3541 2567 βοηθεί
3581 2489 3708 2544 κατὰ

2153 2601 2250 2655 τοῦ
2291 2603 2458 2668 νόμου
2487 2597 2588 2664 τῆς
2615 2594 2915 2664 ἁμαρτίας.
2951 2593 3050 2644 Διά
3083 2589 3258 2688 ταῦτα
3280 2588 3395 2657 γὰρ
3558 2599 3707 2684 πνευ-

2156 2692 2392 2766 ματικὴν
2425 2691 2585 2760 ζῆσαι
2628 2687 2775 2756 ζωὴν
2807 2685 2984 2739 οὐδενὶ
3021 2683 3129 2736 τῶν
3177 2681 3403 2736 πάντων
3445 2677 3587 2766 ἐξῆν,
3619 2677 3708 2766 τῆς

2155 2762 2433 2856 μακαρίας
2487 2778 2689 2849 σαρκὸς
2733 2775 2938 2870 ταύτης
2987 2767 3503 2870 μήπωιπαγείσης,
3558 2762 3706 2870 ὁπότε

2151 2855 2278 2945 μηδ’
2306 2872 2470 2933 αὐτὸς
2505 2872 2534 2924 6
2584 2869 2749 2937 νόμος
2782 2865 3040 2930 ἐσώζετο.
3093 2862 3271 2916 καίτοι
3321 2859 3464 2929 μηδέ
3514 2855 3705 2924 σφόδρα

2153 2964 2474 3036 φιλοσοφίας
2505 2959 2922 3028 ἐπειλημμένος,
2971 2957 3082 3010 οὐδ’
3110 2957 3294 3024 ῐσχυεν
3343 2949 3499 3004 οὐδὲν
3543 2953 3595 3002 ἐν
3620 2947 3706 2998 ἀν-

2151 3054 2412 3127 θρώποις,
2445 3053 2542 3105 τοῦ
2575 3049 2698 3105 καθ’
2729 3050 2873 3117 ἡμᾶς
2902 3047 3166 3140 πεφυκότι
3202 3048 3267 3140 τῇ
3308 3046 3520 3140 χείρονι
3555 3039 3705 3140 μοίρᾳ

2151 3148 2492 3220 βοηθοῦντος.
2526 3162 2546 3197 ι
2589 3141 2839 3197 Ἦσθένει
2866 3140 2996 3208 γὰρ,
3025 3139 3213 3206 φησὶν,
3241 3137 3270 3189 6
3297 3137 3467 3203 νόμος
3495 3134 3580 3187 διὰ
3617 3134 3706 3196 τῆς

475 3227 582 3275 set.
623 3239 644 3274 ι
672 3221 806 3278 Nam
837 3227 981 3294 quod
1013 3228 1346 3297 impossibile
1380 3243 1499 3288 erat
1525 3234 1651 3304 legi,
1679 3255 1698 3288 ι
1723 3237 1917 3308 inquit,
1944 3259 1962 3293 ι
1993 3240 2046 3296 in

2155 3241 2378 3313 σαρκὸς,
2411 3255 2430 3292 ι
2462 3238 2558 3292 καὶ
2590 3232 2794 3306 σαρκὸς
2839 3232 3034 3300 ἐτέρας
3067 3230 3238 3283 ἐδεῖτο
3283 3228 3464 3281 σῶσαι
3493 3221 3710 3313 δυναμὲς

483 3325 594 3380 quo
622 3312 1008 3373 iniirmabatur
1037 3335 1133 3389 per
1153 3335 1398 3392 carnem,
1423 3323 1567 3381 Deus
1609 3329 1827 3385 mittens
1843 3328 2038 3385 Filium

473 3415 636 3459 suum
667 3405 723 3460 in
753 3407 1160 3467 similitudinem
1183 3415 1364 3470 carnis
1381 3419 1616 3485 peccati,
1633 3429 1690 3475 et
1715 3421 1783 3476 de
1817 3433 2043 3492 peccato

474 3495 754 3554 damnavit
776 3510 1060 3569 peccatum
1092 3504 1148 3559 in
1179 3521 1398 3562 carnem
1427 3510 1498 3565 ⁸³.
1537 3529 1554 3557 ι
1593 3515 1768 3578 Quam
1805 3516 1875 3570 ob
1903 3531 2040 3572 cau-

473 3600 590 3640 sam
627 3601 793 3644 carne
825 3590 928 3647 hac
955 3607 1170 3664 semper
1198 3613 1444 3667 egemus,
1475 3609 1529 3656 et
1545 3604 1736 3659 crebro
1779 3604 1864 3661 his
1890 3608 2043 3676 dapi-

476 3676 582 3733 bus
621 3695 720 3736 nos
771 3682 1070 3750 reﬁcimus,
1111 3696 1171 3742 ut
1211 3689 1298 3744 lex
1324 3692 1547 3760 spiritus
1581 3697 1633 3749 in
1659 3697 1816 3752 nobis
1849 3712 2041 3769 opere-

474 3777 582 3836 tur,
615 3777 670 3824 et
719 3773 844 3828 vitae
871 3778 1054 3833 carnis
1082 3778 1237 3837 locus
1261 3783 1443 3841 nullus
1469 3787 1828 3858 relinquatur,
1864 3807 2040 3862 neque

472 3863 816 3919 occasionem
872 3866 1121 3925 inveniat
1181 3871 1236 3927 in
1283 3882 1485 3930 terram
1527 3879 2041 3948 devergendi,sicut

473 3955 658 4022 gravia
687 3970 938 4028 corpora,
982 3962 1332 4019 adminiculis
1363 3977 1418 4021 et
1447 3973 1839 4031 sustentaculis
1872 3974 2042 4030 desti.

476 4054 608 4099 tuta.
646 4045 743 4102 Est
775 4049 921 4104 enim
954 4063 1356 4110 sacramentum
1403 4059 1698 4125 perfectum
1737 4068 2038 4121 secundum

471 4131 677 4198 omnia,
709 4149 888 4205 neque
936 4143 1225 4210 requirunt
1243 4145 1448 4214 aliquid
1484 4149 1577 4217 qui
1620 4164 1687 4205 eo
1720 4153 2040 4225 impertiun-

474 4235 582 4290 tur,
613 4229 757 4294 quod
782 4242 892 4283 non
921 4231 1120 4286 eximie
1148 4237 1474 4304 suppeditet.

545 4402 682 4469 Quia
709 4420 838 4460 vero
863 4409 1101 4466 materiae
1145 4425 1347 4470 nostra
1371 4418 1633 4476 vitiositas
1662 4425 1897 4494 sigillum
1930 4429 2038 4482 im-

474 4505 684 4550 motum
713 4513 932 4554 manere
957 4516 1060 4556 non
1084 4503 1214 4558 sinit
1243 4523 1257 4558 :
1295 4507 1599 4567 «Habemus
1637 4517 1778 4570 enim
1816 4519 2034 4575 thesau-

2099 3347 2109 3356 -
2151 3311 2250 3405 νης
2280 3331 2428 3402 αὐτῷ
2453 3329 2549 3399 τὴν
2581 3326 2771 3397 ἰσχύν·
2809 3343 2830 3376 ι
2865 3324 2939 3378 Te
2967 3323 3077 3392 γὰρ
3127 3321 3420 3384 ἀδύνατον,
3452 3318 3602 3387 φησὶ,
3627 3311 3708 3366 τοῦ

2149 3427 2338 3494 νόμου,
2368 3423 2426 3474 ἐν
2447 3413 2494 3489 ᾧ
2519 3419 2736 3487 ἠσθένει
2763 3415 2853 3468 διὰ
2885 3415 2982 3481 τῆς
3012 3412 3234 3478 σαρκὸς,
3266 3414 3294 3465 6
3321 3412 3464 3473 Θεὸς
3487 3409 3573 3462 τὸν
3597 3408 3712 3461 eau-

2151 3515 2244 3570 τοῦ
2273 3514 2404 3567 Υίὺν
2458 3509 2682 3579 πέμψας
2720 3509 2778 3559 ἐν
2817 3504 3126 3574 ὁμοιώματι
3185 3500 3397 3572 σαρκὸς
3453 3497 3712 3565 ἁμαρτίας

2150 3606 2437 3675 κατέκρινε
2488 3600 2586 3671 τὴν
2641 3597 2917 3666 ἁμαρτίαν
2969 3597 3026 3648 ἐν
3074 3598 3140 3664 τῇ
3198 3595 3455 3688 σαρκί.)
3503 3589 3710 3688 Τούτιρν

2147 3701 2313 3754 ἕνεκα
2345 3697 2449 3765 τῆς
2483 3691 2683 3761 σαρκὸς
2711 3690 2917 3757 ταύτης
2946 3689 3034 3741 ἀεὶ
3064 3686 3297 3754 δεόμεθα
3325 3687 3436 3741 καὶ
3467 3686 3712 3786 συνεχοξς

2149 3787 2504 3854 ἀπολαύομεν
2524 3783 2624 3853 τῆς
2651 3781 2952 3852 τραπέζης,
2981 3779 3057 3843 ὡς
3081 3781 3147 3832 ἂν
3179 3781 3206 3832 6
3228 3779 3405 3845 νόμος
3435 3775 3528 3830 τοῦ
3558 3775 3715 3828 πνεύ-

2153 3897 2322 3953 ματος
2354 3881 2410 3932 ἐν
2442 3879 2576 3949 ἡμῖν
2620 3874 2840 3943 ἐνεργὸς
2870 3871 2925 3945 ᾖ,
2959 3873 3051 3966 καὶ
3177 3870 3324 3966 Δζωῇ
3366 3871 3465 3966 τῇς
3520 3865 3711 3966 capaci):

2153 3971 2395 4044 μηδεμία
2434 3969 2658 4038 γένηται
2694 3969 2872 4036 χώρα,
2927 3965 3061 4034 μηδέ
3093 3963 3234 4032 λάϐῃ
3256 3963 3453 4030 καιρὸν
3485 3961 3564 4022 είς
3612 3961 3708 4022 γῆν

2146 4063 2458 4133 ἐνεχθῆναι,
2506 4060 2763 4126 καθάπερ
2783 4057 2853 4111 τὰ
2883 4056 3056 4125 βαρέα
3087 4055 3197 4106 τῶν
3228 4054 3505 4154 σωμάτιον
3545 4046 3707 4154 διαλί-

2149 4158 2342 4219 πόντος
2375 4154 2471 4208 τοῦ
2513 4152 2899 4220 ὑπανέχοντος.
2931 4150 3089 4201 Ἐστι
3132 4147 3231 4217 μὲν
3259 4145 3375 4213 γὰρ
3413 4143 3475 4196 τὺ
3508 4143 3708 4210 μυστή-

2150 4265 2268 4321 ριον
2289 4247 2492 4302 τέλειον
2525 4247 2688 4299 ἕνεκα
2733 4245 2952 4298 πάντων
2981 4249 3073 4297 καὶ
3104 4245 3205 4297 οὐκ
3234 4244 3384 4296 ἐστιν
3414 4248 3460 4311 ᾧ
3497 4241 3577 4293 δεῖ
3603 4237 3711 4296 τοῖς

2147 4337 2514 4406 τελουμένοις,
2543 4334 2572 4386 ὅ
2602 4334 2677 4404 μὴ
2711 4333 2943 4404 παρέχει
2977 4334 3372 4403 διαφερόντως.

2233 4427 2391 4481 Ἐπεὶ
2419 4426 2533 4496 δέή
2564 4425 2665 4494 τῆς
2693 4426 2827 4495 ὕλης
2865 4425 3140 4492 φαυλότης
3179 4427 3283 4478 οὐκ
3315 4427 3383 4494 ἐᾷ
3409 4425 3510 4492 τὴν
3542 4436 3710 4488 σφρα-

2151 4519 2273 4587 γῖδα
2303 4518 2484 4586 μένειν
2514 4515 2775 4583 ἀκίνητον
2823 4514 2879 4585 (ι
2913 4515 3151 4584 Ἕχομεν
3184 4515 3292 4583 γὰρ
3326 4515 3420 4566 τὸν
3444 4508 3710 4584 θησαυρὸν

474 4602 591 4639 rum
621 4587 784 4644 istum
819 4590 872 4645 in
914 4593 1058 4650 vasis
1118 4597 1369 4655 ﬁctilibus
1402 4603 1470 4669 ⁵³;
1511 4622 1530 4656 ι
1561 4606 1693 4660 obid
1721 4623 1826 4664 non
1852 4615 2040 4680 semel,

2150 4611 2336 4663 τοῦτον
2377 4611 2435 4662 ἐν
2473 4608 2818 4678 ὀστρακίνοις
2870 4608 3113 4672 σκεύεσι,
3159 4606 3242 4676 ι),
3288 4608 3380 4662 διὰ
3409 4609 3566 4661 τοῦτο
3617 4605 3709 4671 οὐχ

472 4677 566 4732 sed
597 4679 822 4734 assiduo
853 4684 1176 4740 medicinam
1198 4693 1554 4758 capessimus,
1585 4695 1920 4767 figulumque
1951 4677 2036 4758 lu;

471 4780 526 4824 to
558 4786 774 4842 semper
821 4777 1069 4833 assidere
1106 4791 1338 4850 oportet,
1380 4799 1434 4840 et
1471 4788 1754 4844 confusam
1808 4793 2034 4864 etiigiem

470 4862 664 4914 iterum
716 4864 1018 4937 iterumque
1073 4886 1344 4940 reparare,
1375 4886 1429 4931 et
1477 4878 1789 4949 frequenter
1835 4862 2038 4940 sentire

468 4968 570 5006 nos
594 4968 814 5008 manum
846 4961 1066 5028 medici,
1102 4965 1192 5029 qui
1253 4969 1534 5023 materiam
1582 4971 1925 5029 fatiscentem
1953 4991 2034 5031 re-

465 5042 753 5112 dintegret,
786 5053 838 5100 et
858 5047 1131 5106 labantem
1165 5055 1499 5111 voluntatem
1535 5061 1729 5130 erigat,
1784 5078 1851 5117 ne
1884 5079 2032 5120 mors

467 5134 900 5203 imprudentibus
925 5141 1170 5212 obrepat.
1207 5163 1228 5198 ι
1253 5146 1388 5202 Nam
1417 5165 1541 5203 cum
1571 5165 1816 5206 essemus
1833 5157 2030 5210 mortui

470 5225 729 5292 peccatis,
784 5230 1188 5290 conviviﬁcavit
1259 5253 1359 5292 nos
1425 5239 1476 5292 in
1520 5239 1737 5297 Christo
1792 5244 1859 5310 ",
1900 5265 1918 5297 ι
1978 5256 2033 5300 et

473 5331 493 5365 ι
531 5313 762 5386 Sanguis
808 5320 1010 5376 Chriin
1066 5328 1324 5382 emundat
1401 5333 1764 5391 conscientias
1814 5347 2029 5393 nostras

465 5407 534 5458 ab
589 5409 840 5475 operibus
923 5418 1173 5483 mortuis,
1255 5419 1322 5473 ad
1373 5425 1719 5480 serviendum
1780 5429 1890 5485 Deo
1945 5432 2033 5486 vi-

463 5499 609 5551 venti
640 5500 711 5554 ⁸⁸.
773 5520 793 5553 ι
851 5503 1047 5559 Veram
1105 5523 1340 5577 namque
1401 5513 1568 5567 vitam
1599 5531 1770 5574 sacrae
1830 5537 2031 5578 mensa:

463 5591 636 5646 virtus
661 5609 689 5647 a
735 5609 894 5650 sacro
932 5597 1027 5652 illo
1048 5601 1212 5653 corde
1258 5601 1311 5654 in
1349 5619 1446 5658 nos
1479 5606 1712 5675 derivat;
1744 5620 1799 5664 et
1837 5619 1895 5665 ut
1919 5611 2029 5669 Deo

465 5683 666 5749 pariter
713 5686 1039 5752 serviamus,
1076 5688 1200 5744 inde
1224 5693 1380 5748 nobis
1412 5697 1750 5752 conceditur.
1789 5701 1845 5753 Si
1882 5703 2024 5758 cnim

2143 4704 2289 4770 ἃπαξ
2325 4702 2464 4756 ἀλλὰ
2513 4700 2796 4772 διηνεκοῦς
2848 4699 3198 4768 ἀπολαύομεν
3249 4699 3344 4753 τοῦ
3394 4699 3708 4768 φαρμάκου,

2143 4797 2239 4848 καὶ
2286 4795 2375 4847 τὸν
2405 4793 2652 4862 πλάστην
2692 4791 2781 4845 ἀεὶ
2823 4791 2943 4845 δέον
2968 4790 3047 4858 τῷ
3089 4789 3245 4859 πηλῷ
3285 4787 3712 4860 παρακαθῆσθαι

2144 4890 2237 4942 καὶ
2271 4889 2640 4957 συγχεόμενον
2670 4887 2732 4940 τὸ
2777 4883 2919 4946 εἶδος
2957 4885 3113 4948 αὖθις
3161 4885 3579 4946 ἀνακαλεῖσθαι,
3623 4879 3712 4932 καὶ

2145 4979 2404 5047 συνεχοῦς
2442 4979 2589 5047 ήμᾶς
2640 4976 2934 5029 ἀπολαύειν
2979 4979 3078 5044 τῆς
3123 4974 3218 5028 τοῦ
3269 4975 3456 5041 ἰατροῦ
3513 4971 3706 5043 χειρὸς,

2141 5047 2518 5142 χαυνουμένην
2577 5070 2812 5140 ίωμὲνου
2881 5069 2981 5139 τὴν
3035 5066 3168 5138 ὕλην
3223 5069 3320 5120 καὶ
3383 5063 3710 5134 κλινομένην

2141 5160 2613 5233 ἐπανορθουμένου
2646 5161 2744 5230 τὴν
2779 5159 3027 5228 γνώμην,
3058 5159 3132 5228 μὴ
3168 5159 3263 5212 καὶ
3311 5158 3456 5228 λάθῃ
3487 5157 3710 5212 θάνατος

2143 5253 2456 5324 παρελθών.
2491 5271 2509 5303 ι
2551 5253 2800 5321 Νεκροὺς
2854 5254 2963 5322 γὰρ
2997 5250 3179 5316 ὄντας,
3225 5252 3378 5320 φησὶ,
3439 5252 3555 5310 τοῖς
3613 5262 3715 5296 πα-

2140 5343 2466 5414 ραπτὼμμσι
2478 5343 2908 5412 συνεζωοποίησε
2925 5343 3003 5413 τῷ
3019 5344 3256 5413 Χριστῷ.
3269 5360 3289 5395 ι
3308 5343 3403 5395 καί
3415 5361 3426 5373 ’
3455 5361 3473 5393 ι
3487 5343 3560 5394 Τὸ
3577 5332 3712 5406 αἷμα

2136 5409 2233 5488 τοῦ
2264 5409 2503 5506 Χριστοῦ
2554 5409 2845 5504 καθαρῐζει
2891 5409 2989 5505 τὴν
3041 5409 3346 5504 συνείδησιν
3397 5433 3556 5505 ἡμῶν
3603 5429 3710 5484 ἀπὸ

2137 5525 2348 5595 νεκρῶν
2376 5525 2554 5594 ἔργων
2579 5525 2656 5586 είς
2687 5525 2747 5577 τὸ
2780 5524 3065 5593 λατρεύειν
3089 5526 3208 5595 Θεῷ
3232 5526 3417 5590 ζῶντι.
3461 5544 3478 5576 ι
3515 5524 3626 5591 Τήν
3654 5537 3710 5570 τε

2136 5618 2244 5686 γὰρ
2268 5616 2530 5686 ἀληθινὴν
2561 5616 2709 5686 ζωὴν
2739 5618 2818 5679 εἰς
2857 5618 3006 5686 ἡμᾶς
3035 5618 3069 5686 ἡ
3102 5617 3204 5686 τῆς
3241 5619 3394 5686 ἱερᾶς
3428 5615 3711 5686 τραπέζης

2134 5709 2365 5778 δύναμις
2396 5709 2505 5762 ἀπὸ
2532 5711 2631 5777 τῆς
2683 5710 2963 5780 μακαρίας
2996 5711 3211 5781 ἐκείνης
3260 5711 3409 5763 ἐλκει
3461 5705 3707 5775 καρδίας,

531 5796 579 5894 ξς
603 5795 789 5894 lio-an..-
813 5801 1020 5894 11:329.
1098 5805 1188 5858 ⁵⁰Ι
1231 5806 1388 5867 Joan.
1425 5826 1461 5875 ι,
1502 5811 1552 5867 7.
1627 5815 1668 5846 ⁵¹
1697 5813 1872 5870 Galat.
1911 5834 1962 5881 ν,
2000 5819 2046 5873 ιτ

2163 5823 2209 5856 ⁵³
2244 5823 2402 5878 Rern.
2427 5839 2546 5890 vm,
2577 5825 2631 5878 ὅ.
2709 5823 2754 5854 ³³
2795 5821 2837 5876 ll
2868 5823 2996 5879 Cor.
3033 5842 3108 5892 tv,
3132 5825 3181 5881 7.
3258 5825 3303 5861 ³⁸
3355 5822 3560 5894 Ephes.
3589 5820 3701 5877 115.

463 5863 506 5893 ⁸⁸
542 5863 701 5918 llebr.
739 5882 814 5929 ιτ,
855 5867 940 5923 14.
