4036 6470
403 481 508 546 597

1386 493 1485 552 DE
1528 494 1705 555 VlTA
1738 493 1821 553 IN
1863 493 2196 554 CHRISTO
2258 497 2515 559 ΜΒΝ.

3535 497 3644 561 598

391 613 472 689 «τὸΔ
484 617 545 652 τε
568 600 850 674 λατρεύειν
871 606 991 677 Θεῷ
1019 609 1276 680 καθαρῶς
1300 611 1552 664 ιντεῦθεν
1581 613 1731 681 ἡμῖν.
1765 611 1829 663 Εἰ
1853 613 1960 681 γὰρ

2080 627 2180 666 nec
2225 623 2311 668 est
2362 619 2580 670 sincera
2610 615 2704 672 Dei
2735 618 2992 684 servitus,
3067 618 3287 688 subiici.
3353 617 3638 689 οὒῑθῐηβθδ

389 687 549 742 τοῦτό
579 691 696 742 ἐστι
733 693 954 765 καθαρά
995 695 1223 768 λατρεία
1251 699 1412 766 Θεοῦ,
1457 701 1519 754 τὸ
1567 699 1957 770 ὑποτετάχθαι,

392 786 456 838 τὸ
485 785 808 853 ὑπακούειν,
835 789 896 842 τὸ
935 791 1102 844 αὑτοῦ
1128 793 1404 857 κινοῦντος
1427 795 1607 848 πάντα
1632 797 1832 860 ποιεῖν,
1857 795 1957 848 οὐκ

392 871 511 929 οἶδα
540 877 660 930 πότ’
682 876 750 931 ἂν
783 880 985 949 μᾶλλον
1017 883 1356 962 ὑποταγῆναι
1389 884 1508 956 Θεῷ
1533 884 1880 956 δυνηθεῖμεν,
1921 885 1954 954 ἢ

393 967 617 1021 ἐπειδὰν
648 971 812 1024 αὐτοῦ
863 974 1153 1044 γενώμεθα
1183 977 1341 1046 μέλη.
1376 978 1494 1031 Τίνι
1525 977 1634 1048 γὰρ
1678 979 1744 1033 ἂν
1778 979 1959 1032 ὁτιοῦν

396 1059 702 1114 ἐπιτάττειν
725 1062 940 1118 δύναιτο
970 1067 1196 1135 μᾶλλον,
1221 1068 1253 1140 ἢ
1275 1071 1386 1131 τοῖς
1406 1069 1624 1139 μέλεσιν
1649 1072 1683 1141 ή
1712 1071 1959 1140 κεφαλῆς

394 1151 548 1220 Μέλη
578 1153 688 1224 γὰρ
716 1157 954 1226 Χριστοῦ
988 1160 1114 1224 τοὺς
1159 1162 1509 1231 τελουμένους
1541 1163 1634 1216 καὶ
1659 1163 1839 1234 πάσης
1866 1163 1961 1217 ἀλ-

394 1244 490 1312 λης
523 1247 678 1315 ίερᾶς
705 1249 930 1320 τελετῆς
976 1253 1432 1323 ἀπεργαζομένης
1462 1253 1793 1326 τελεώτερον
1830 1256 1962 1325 ἡμῖν

389 1337 418 1388 ὁ
443 1337 543 1406 τῆς
570 1337 716 1410 ζωῆς
747 1341 907 1394 τοῦτο
939 1343 1160 1397 δίδωσιν
1203 1345 1390 1416 ἄρτος.
1423 1347 1694 1415 Καθάπερ
1737 1346 1846 1417 γὰρ
1873 1349 1963 1402 διὰ

392 1430 490 1500 τὴν
523 1433 769 1504 κεφαλὴν
803 1435 898 1487 καὶ
922 1437 1026 1504 τὴν
1052 1439 1286 1507 καρδίαν
1321 1439 1390 1492 τὰ
1421 1440 1554 1511 μέλη
1585 1479 1600 1505 ,
1631 1440 1805 1505 οὕτως
1839 1460 1858 1493 ι
1903 1441 1962 1496 ’0

393 1520 622 1590 τρώγων
655 1541 748 1592 με,
793 1529 982 1595 φησιν,
1019 1529 1272 1593 κάκεῖνος
1304 1531 1532 1602 ζήσεται
1577 1532 1645 1586 δι’
1674 1533 1798 1602 ἐμὲ.
1831 1551 1849 1584 ι
1887 1536 1961 1604 Ζῇ

397 1615 499 1683 μὲν
539 1615 648 1685 γὰρ
678 1618 776 1670 και
806 1618 895 1673 διὰ
929 1620 1028 1690 τὴν
1067 1623 1299 1692 τροφήν.
1341 1623 1406 1676 Ἦ
1439 1624 1632 1695 τελετὴ
1666 1624 1722 1678 δὲ
1755 1627 1817 1679 ού
1841 1626 1965 1678 τοῦ·

392 1722 484 1758 τον
504 1707 614 1776 ἔχει
641 1708 734 1761 τὸν
760 1710 962 1779 τρόπον
983 1728 996 1741 ·
1025 1713 1057 1782 ή
1083 1713 1258 1785 τροφὴ
1283 1715 1382 1782 μὲν
1409 1717 1518 1786 γὰρ
1542 1716 1637 1770 ἆτε
1669 1717 1802 1787 μηδὲ
1825 1719 1962 1787 αὐτὴ

394 1796 560 1865 ζῶσα,
592 1798 738 1870 ζωὴν
779 1804 878 1870 μὲν
926 1805 1058 1874 ἡμῖν
1096 1803 1228 1874 παρ’
1249 1807 1451 1877 ἑαυτῆς
1481 1810 1580 1861 ούκ
1615 1807 1682 1861 ἂν
1716 1811 1962 1878 εἰσενέγ-

395 1907 478 1945 κοι
524 1907 540 1922 ·
570 1892 648 1962 τῷ
680 1893 736 1946 δὲ
776 1895 842 1964 τῇ
877 1896 1152 1968 προσούσῃ
1196 1897 1273 1967 τῷ
1316 1899 1530 1968 σώματι
1572 1900 1786 1969 βοηθεῖν
1815 1903 1962 1955 αίτία

2067 718 2209 764 rare,
2265 705 2382 773 ipso
2441 712 2691 764 movente
2726 719 2802 764 'et‘
2844 709 3155 778 impellente
3207 710 3387 784 facere
3432 710 3655 776 omnia,

2069 810 2175 848 nou
2227 797 2385 851 video
2440 801 2712 867 quomodo
2741 801 2914 866 magis
2949 800 3058 854 Deo
3111 801 3308 870 subjici
3337 803 3641 870 possimus,

2068 904 2230 958 quam
2282 891 2324 945 si
2359 891 2479 959 ejus
2514 892 2758 947 membra
2793 893 3009 948 ﬁamus.
3047 893 3185 959 Quid
3225 896 3371 948 enim
3421 894 3642 947 tandem

2069 981 2244 1050 magis
2291 984 2528 1052 cuipiam
2589 984 2838 1054 imperet,
2892 998 3056 1054 quam
3123 994 3288 1052 caput
3343 985 3644 1039 membris?

2071 1072 2484 1145 Sane'quidem,
2541 1084 2598 1130 ut
2632 1079 2870 1132 membra
2931 1077 3138 1132 Christi
3179 1078 3371 1143 simus,
3432 1078 3484 1130 in
3541 1078 3645 1132 hoe

2071 1169 2333 1237 mysterio
2355 1166 2671 1234 perfectius,
2700 1183 2863 1237 quam
2890 1167 2942 1222 in
2976 1167 3170 1237 quovis
3190 1167 3460 1235 alio,ipse
3488 1169 3646 1236 panis

2072 1259 2194 1313 vitae
2231 1259 2389 1313 nobis
2422 1260 2674 1330 largitur.
2709 1259 3180 1325 Quemadmodum
3238 1261 3383 1313 cnim
3428 1269 3648 1329 propter

2069 1362 2234 1420 caput
2262 1360 2316 1405 et
2345 1365 2439 1405 cor
2487 1352 2727 1406 membra
2758 1351 2969 1418 vivunt,
3021 1353 3100 1405 sic
3162 1371 3182 1403 ι
3219 1349 3321 1419 Qui
3354 1352 3653 1404 manducata

2071 1457 2180 1507 me,
2201 1443 2399 1512 inquit,
2430 1454 2483 1496 et
2513 1445 2628 1512 ipse
2653 1444 2796 1498 vivet
2821 1457 3039 1512 propter
3061 1461 3146 1498 me
3164 1446 3234 1496 ⁸⁸.
3273 1464 3289 1494 ι
3323 1444 3462 1497 Vivit
3483 1445 3644 1497 etiam

2072 1545 2292 1604 propter
2322 1535 2676 1599 alimentum;
2712 1545 2768 1589 at
2829 1550 2957 1590 vero
3010 1545 3413 1590 sacramentum
3480 1536 3643 1590 aliam

2074 1628 2340 1681 rationem
2377 1627 2558 1681 habet.
2590 1626 2724 1680 Nam
2786 1627 3208 1689 nutrimentum,
3270 1636 3458 1695 utpote
3498 1627 3644 1696 quod

2074 1718 2248 1787 ipsum
2281 1721 2384 1773 vita
2408 1727 2579 1782 caret,
2621 1722 2789 1773 vitam
2816 1720 2974 1773 nobis
3004 1733 3033 1771 a
3067 1720 3247 1788 seipse
3275 1721 3514 1774 inserere
3537 1734 3644 1772 non

2071 1821 2236 1878 queat
2255 1827 2270 1864 :
2287 1812 2376 1864 sed
2398 1810 2488 1879 qui
2509 1812 2672 1864 vitam
2687 1812 2934 1880 corporis
2953 1825 3114 1880 quam
3135 1810 3339 1864 invenit
3353 1818 3646 1874 sustentat,

2073 1903 2484 1957 comedentibus
2500 1903 2621 1957 vitae
2637 1903 3058 1969 causajvidetur.
3077 1901 3174 1956 Ast
3195 1903 3350 1971 panis
3367 1903 3489 1954 vitae
3510 1901 3650 1968 ipse-

396 1979 543 2049 ζωῆς
573 1984 681 2044 τοῖς
707 1987 1091 2056 προσιεμένοις
1123 1967 1264 2041 εἶναι
1294 1967 1462 2043 δοκεῖ.
1513 1967 1581 2042 ’οἻ
1604 1967 1664 2044 δέ
1685 1996 1785 2063 τῆς
1816 1994 1962 2063 ζωῆς

2080 2002 2177 2047 met
2206 1996 2353 2057 vivit,
2388 2005 2441 2048 et
2467 2005 2688 2064 propter
2727 1967 2874 2047 illum
2900 2007 3026 2048 vere
3049 1967 3257 2054 vivunt,
3278 1994 3478 2061 quibus
3500 1967 3648 2044 illum

396 2072 558 2140 ἄρτος
587 2074 746 2136 αύτός
773 2077 834 2129 τέ
867 2079 984 2130 ἐστι
1017 2076 1146 2143 ζῶν,
1180 2081 1271 2131 καὶ
1294 2079 1362 2131 δι’
1393 2082 1604 2136 ἑκείνον
1639 2081 1717 2144 ὡς
1743 2083 1962 2152 ἀληθῶς

395 2161 581 2230 ζῶσιν,
634 2158 713 2228 οἷς
745 2164 816 2220 ἂν
855 2167 1022 2220 αὐτοῦ
1082 2170 1370 2241 μεταδοίη⁶
1401 2171 1524 2225 ὅθεν
1562 2173 1595 2242 ή
1656 2173 1756 2242 μὲν
1783 2174 1961 2245 τροφὴ

398 2254 534 2322 πρὸς
553 2255 644 2308 τὸν
667 2257 987 2325 σιτούμενον
1021 2261 1349 2327 μεταϐάλλει
1376 2261 1472 2316 καὶ
1501 2262 1654 2332 ἰχθὺς
1684 2268 1780 2319 καὶ
1797 2267 1963 2338 ἄρτος

398 2344 494 2398 καὶ
530 2347 714 2400 ὁτιοῦν
749 2348 880 2402 ἄλλο
923 2352 1092 2404 σιτίον
1137 2349 1278 2422 αἷμα
1315 2355 1674 2424 ἀνθρώπειον,
1727 2361 1965 2416 ἐνταῦθα

397 2437 452 2488 δὲ
487 2438 793 2492 τούναντίον
845 2442 1012 2496 ἅπαν.
1063 2443 1123 2495 '0
1152 2444 1261 2514 γὰρ
1289 2447 1388 2515 τῆς
1420 2447 1568 2518 ζωῆς
1609 2451 1769 2520 ἄρτος
1800 2453 1964 2518 αὐτὸς

402 2531 541 2581 κινεῖ
578 2531 669 2583 τὸν
716 2535 1035 2604 σιτούμενον
1071 2536 1166 2589 καὶ
1210 2538 1498 2610 μεθίστησι
1545 2543 1807 2614 καὶπρὸς
1838 2547 1966 2599 ἑαυ.

397 2623 488 2672 τὸν
540 2623 890 2688 μεταϐάλλει,
927 2629 1021 2681 καὶ
1067 2627 1097 2680 δ
1131 2629 1230 2698 τῆς
1283 2633 1511 2699 καρδίας
1556 2636 1814 2701 ἐπιεικῶς
1850 2642 1966 2694 ἐστι

399 2716 492 2766 καὶ
529 2717 627 2784 τῆς
679 2718 946 2787 κεφαλῆς,
1000 2721 1304 2790 κινούμεθα
1355 2724 1448 2778 καὶ
1486 2726 1673 2796 ζῶμεν
1700 2730 1761 2782 τό
1791 2747 1854 2800 γε
1887 2735 1968 2797 είς

399 2807 556 2859 αὐτὸν
591 2803 746 2878 ἧκον,
784 2811 859 2873 ὡς
882 2810 995 2881 ἔχει
1028 2811 1177 2882 ζωῆς
1209 2815 1420 2880 ἐκεῖνος
1438 2833 1454 2849 ο
1482 2817 1511 2870 ὃ
1542 2819 1636 2873 καὶ
1659 2821 1836 2892 δηλῶν
1865 2827 1965 2878 αύ-

402 2899 493 2962 τὸς
520 2901 550 2952 ὁ
580 2902 792 2972 Σωτὴρ,
827 2903 903 2966 ὡς
932 2905 994 2956 ού
1025 2906 1119 2959 τὸν
1144 2908 1331 2962 σιτίων
1361 2909 1566 2979 τρόπον
1611 2913 1744 2983 ἡμῖν
1786 2915 1969 2986 ἀνέχει

398 2991 490 3044 τὸν
519 2992 655 3062 βίον,
686 2995 804 3047 ἀλλ’
848 2996 1005 3057 αὐτὸς
1038 2995 1176 3068 ἔχων
1204 2998 1416 3053 οἴκοθεν
1461 3002 1680 3071 ὲμπνεῖ,
1714 3007 1806 3059 καὶ
1839 3008 1971 3060 καθ-

399 3085 542 3155 άπερ
566 3085 762 3154 καρδία
795 3087 1018 3157 μέλεσιν
1063 3090 1097 3161 ἥ
1125 3092 1335 3162 κεφαλὴ
1377 3094 1650 3151 διαδίδωσι
1677 3097 1776 3169 τὴν
1801 3100 1969 3171 ζωὴν,

401 3177 576 3239 ζῶντα
600 3180 657 3232 δὲ
689 3181 881 3234 ἑαυτὸν
906 3181 1164 3236 ἐκάλεσεν
1195 3185 1376 3255 ἄρτον,
1417 3188 1530 3249 καὶ,
1563 3205 1582 3240 ι
1629 3188 1688 3243 Ὁ
1745 3189 1973 3261 τρώγων

409 3286 497 3339 με,
528 3271 682 3338 φησὶ,
720 3272 975 3336 κάκεῖνος
1003 3272 1231 3345 ζήσεται
1260 3278 1330 3330 δι’
1357 3279 1478 3348 ἐμέ.
1521 3298 1540 3330 ι

472 3363 727 3417 Φαίνεται
750 3365 932 3418 τοίνυν
952 3361 1052 3419 ’τὸν
1090 3368 1228 3421 Θεὸν
1262 3374 1590 3439 προσκυνεῖν
1613 3361 2002 3448 ί;ν.πνεύματιό

404 3455 500 3508 καὶ
526 3456 753 3527 ἀληθείᾳ
778 3458 872 3511 καὶ
894 3458 1176 3530 λατρεύειν
1201 3461 1480 3534 καθαρῶς,
1512 3468 1611 3537 τῆς
1638 3467 1788 3538 ίερᾶς
1812 3469 1973 3540 ἔργον

402 3543 545 3600 εἶναι
593 3547 915 3618 τραπέζης·
945 3551 1004 3601 οὐ
1058 3551 1218 3618 μόνον
1259 3553 1498 3622 Χριστοῦ
1554 3555 1776 3624 μέλεσιν
1832 3555 1973 3610 εἶναι

412 3639 502 3692 καὶ
532 3639 721 3692 τοῦτον
750 3642 922 3694 εῖκειν
941 3641 1091 3711 αὐτῷ
1119 3641 1211 3695 τὸν
1251 3644 1466 3711 τρόπον,
1499 3645 1607 3698 ἀπὸ
1627 3647 1738 3700 τῶν
1767 3663 1972 3719 μυστη-

409 3731 542 3801 ρίων
593 3731 933 3801 περιγίνεται
987 3731 1196 3787 τούτων
1232 3735 1387 3804 ἡμῖν,
1436 3735 1552 3790 ιίιλλ⁹
1609 3738 1691 3790 ὃτι
1743 3739 1974 3809 νεκροὺς

410 3822 512 3890 μὲν
565 3821 725 3887 ὄντας
759 3823 860 3876 ούκ
909 3821 978 3877 ἂν
1019 3824 1232 3892 γένοιτο
1285 3823 1450 3888 ζῶντι
1499 3826 1787 3898 λατρεύειν
1831 3827 1974 3899 θεῷ,

405 3915 616 3977 ζῶντας
643 3915 701 3970 δὲ
747 3911 889 3970 εἶναι
917 3917 1012 3970 καὶ
1050 3915 1227 3985 ἔργων
1256 3916 1602 3988 ἀπηλλάχθαι
1645 3922 1859 3990 νεκρῶν
1899 3924 1976 3996 μὴ

403 4006 566 4060 τοῦτο
616 4006 704 4060 ἀεὶ
755 4006 1107 4072 δειπνοῦντας
1152 4010 1212 4065 τὸ
1264 4011 1500 4067 δεῖπνον.
1543 4013 1814 4083 Καθάπερ
1867 4021 1978 4091 γὰρ

413 4117 432 4151 ι
469 4100 695 4170 Πνεῦμα
741 4100 834 4153 τὸν
871 4100 1007 4153 Θεὸν
1035 4100 1167 4156 ὄντα
1219 4103 1314 4158 καὶ
1355 4104 1486 4166 τοὺς
1533 4108 1977 4175 προσκυνοῦντας

405 4191 569 4243 αὐτὸν
620 4192 678 4245 ὲν
708 4190 981 4260 πνεύματι
1013 4193 1111 4245 καὶ
1155 4190 1383 4263 ἀληθείᾳ
1431 4193 1514 4247 δεῖ
1559 4200 1908 4265 προσκυνεῖν,
1953 4218 1972 4251 ι

403 4284 548 4337 οὕτω
595 4284 688 4338 καὶ
737 4283 900 4348 ζῶντι
954 4283 1164 4348 ζῶντας
1198 4281 1340 4339 εῐνιιι
1386 4288 1655 4358 προσήκει
1705 4290 1835 4352 τοὺς
1865 4291 1977 4344 λα-

409 4375 625 4446 τρεύειν
687 4377 1148 4448 προῃρημένους·
1190 4396 1210 4429 ι
1262 4378 1336 4431 Οὐ
1387 4379 1498 4450 γάρ
1540 4382 1690 4434 ἐστιν
1751 4383 1781 4435 ὁ
1820 4383 1978 4451 Θεὸς,

408 4471 564 4541 φησι,
592 4469 724 4531 Θεὸς
751 4469 984 4538 νεκρῶν,
1015 4467 1150 4522 ἀλλά
1179 4467 1418 4532 ζώντων.
1459 4490 1477 4522 ι

487 4561 646 4614 Ἐστι
677 4563 775 4632 μὲν
804 4556 896 4615 οὖν
951 4563 1046 4615 καὶ
1094 4563 1155 4614 τὸ
1190 4561 1292 4632 ζῇν
1317 4563 1462 4618 κατά
1489 4565 1583 4618 τὸν
1627 4566 1789 4636 ὀρθὸν
1821 4566 1979 4634 λόγον

2069 2085 2512 2141 communicarit.
2557 2084 2710 2140 Unde
2731 2085 3053 2139 alimentum
3085 2084 3137 2137 in
3182 2099 3306 2137 eum
3341 2084 3432 2151 qui
3461 2082 3648 2145 alitur,

2071 2173 2488 2239 transmutatur,
2522 2185 2571 2230 et
2607 2177 2793 2246 piscis,
2821 2186 2875 2231 et
2919 2175 3098 2246 panis,
3123 2184 3176 2228 et
3207 2173 3474 2242 quidquid
3499 2174 3653 2226 aliud-

2070 2269 2404 2324 cibariorum
2436 2277 2538 2333 est,
2575 2268 2630 2321 in
2667 2268 2986 2337 sanguinem
3023 2265 3260 2321 hominis
3289 2266 3650 2319 convertitur.

2073 2360 2168 2416 llis
2198 2377 2424 2431 prorsus
2467 2362 2526 2416 lit
2555 2361 2914 2416 contrarium.
2950 2358 3115 2414 Panis
3167 2361 3314 2413 enim
3364 2357 3489 2412 vitae
3537 2359 3662 2427 ipse

2074 2461 2255 2506 movet
2280 2466 2406 2506 eum
2438 2453 2527 2521 qui
2561 2451 2828 2520 pascitur,
2858 2463 2913 2506 et
2947 2450 3228 2511 transfert,
3261 2459 3426 2518 atque
3474 2449 3528 2504 in
3568 2465 3640 2505 se-

2074 2545 2254 2613 ipsum
2299 2552 2517 2607 mutat;
2573 2545 2830 2613 quodque
2866 2543 3061 2596 merito
3118 2543 3302 2596 cordis
3359 2552 3412 2596 et
3459 2541 3661 2611 capitis

2072 2648 2177 2701 est,
2220 2649 2504 2690 movemur
2528 2643 2582 2689 et
2609 2635 2870 2697 vivimus,
2919 2641 3183 2702 quantum
3224 2633 3276 2686 in
3307 2633 3427 2702 ipso
3453 2643 3560 2692 est.
3597 2642 3657 2685 ut

2074 2731 2194 2798 ipse
2223 2738 2472 2783 movetur
2516 2735 2571 2782 et
2591 2726 2750 2780 vivit.
2801 2724 2917 2780 Hoc
2952 2725 3091 2779 idem
3136 2726 3407 2791 indicans,
3463 2724 3657 2780 videli-

2076 2829 2181 2885 cet,
2210 2835 2316 2874 non
2352 2821 2528 2874 instar
2553 2832 2807 2874 escarum
2861 2832 2920 2872 se
2970 2818 3135 2872 vitam
3166 2828 3414 2872 nostram
3470 2820 3652 2883 alere;

2075 2912 2174 2970 sed
2208 2927 2372 2982 quam
2405 2911 2523 2981 ipse
2576 2910 2798 2974 habeat,
2826 2923 2944 2963 eam
2980 2908 3124 2961 ultro
3168 2907 3325 2963 nobis
3362 2908 3664 2977 inspirare,

2079 3015 2132 3060 et
2163 3004 2330 3058 veluti
2364 3018 2462 3058 cor
2513 3010 2608 3056 aut
2650 3012 2818 3070 caput
2853 3001 3114 3054 membris
3165 3001 3331 3054 vitam
3360 2999 3656 3069 impertiri,

2079 3108 2129 3153 et
2163 3099 2346 3152 vivum
2371 3109 2566 3165 panem
2600 3108 2722 3149 sese
2745 3093 3056 3164 appellavit,
3084 3103 3138 3147 et
3167 3110 3180 3148 :
3225 3111 3243 3143 ι
3283 3093 3385 3158 Qui
3429 3095 3658 3148 mandu-

2083 3197 2172 3245 cat
2201 3203 2311 3250 me,
2347 3186 2547 3256 inquit,
2578 3192 2634 3239 et
2659 3185 2774 3254 ipse
2811 3185 2955 3238 vivet
2982 3191 3205 3252 propter
3233 3196 3318 3236 me
3339 3182 3408 3234 ".
3455 3200 3477 3233 ι

2147 3367 2376 3423 Planum
2423 3375 2509 3420 est
2539 3363 2729 3434 igitur,
2769 3362 2936 3418 Deum
2979 3361 3041 3418 in
3087 3360 3294 3432 spiritu
3325 3369 3379 3416 et
3429 3362 3661 3418 veritate

2075 3460 2330 3523 adorare,
2398 3465 2452 3512 et
2515 3454 2591 3508 illi
2654 3455 2867 3510 sincere
2923 3453 3153 3518 servire,
3218 3468 3390 3508 saera!
3460 3468 3660 3508 mensa:

2077 3552 2298 3617 deberi;
2351 3563 2460 3602 non
2523 3546 2699 3601 solum
2725 3546 2856 3614 quia
2902 3552 2958 3599 ut
2999 3544 3204 3598 Christi
3272 3545 3518 3599 membra
3584 3547 3660 3601 si-

2080 3658 2236 3709 mus,
2306 3649 2364 3695 et
2423 3639 2524 3693 hac
2597 3637 2808 3692 ratione
2881 3635 3301 3690 similitudinem
3360 3638 3656 3706 quamdam

2080 3733 2225 3788 illius
2285 3743 2704 3800 consequamur,
2744 3728 2812 3782 ab
2848 3726 2999 3782 hisce
3046 3727 3319 3797 mysteriis
3369 3728 3661 3794 habemus,

2076 3839 2266 3880 verum
2317 3823 2526 3885 etiam,
2584 3820 2712 3888 quia
2767 3819 2968 3873 mortui
3028 3819 3235 3872 servire
3296 3819 3496 3874 viventi
3549 3835 3659 3874 non

2079 3931 2388 3988 possemus.
2445 3915 2716 3970 Caeterum
2744 3914 2948 3979 vivere,
2999 3921 3053 3968 et
3103 3913 3173 3968 ab
3217 3913 3478 3983 operibus
3507 3929 3659 3967 mor-

2081 4010 2190 4065 tuis
2260 4011 2558 4064 immuuem
2615 4022 2738 4063 esse
2797 4006 3140 4076 impossibile
3189 4015 3318 4072 est,
3369 4006 3474 4061 nisi
3536 4006 3661 4075 quis

2082 4106 2223 4158 hanc
2269 4117 2480 4159 coenam
2532 4099 2975 4168 frequentissime
3052 4099 3224 4154 ineat.
3290 4098 3445 4153 Sicut
3511 4098 3659 4153 enim

2083 4196 2276 4261 Deum,
2336 4214 2356 4247 ι
2398 4210 2523 4249 cum
2579 4195 2649 4248 sit
2707 4193 2957 4263 spiritus,
3018 4192 3074 4247 in
3128 4192 3324 4260 spiritu
3352 4199 3406 4245 et
3436 4193 3663 4245 veritate

2081 4295 2296 4356 oportet
2343 4289 2574 4342 adorare
2605 4285 2678 4350 ³⁸,
2744 4304 2765 4336 ι
2804 4285 2880 4339 ita
2923 4284 3078 4340 vivos
3111 4299 3232 4340 esse
3258 4285 3432 4345 decet,
3458 4283 3552 4354 qui
3587 4284 3666 4335 vi-

2087 4398 2214 4436 vum
2275 4381 2458 4436 colere
2482 4387 2798 4435 statuerunt
2836 4395 2850 4433 :
2893 4396 2912 4429 ι
2944 4377 3064 4432 Non
3113 4387 3199 4432 est
3253 4379 3427 4442 enim,
3463 4377 3662 4445 inquit,

2089 4475 2232 4529 Deus
2269 4481 2635 4535 mortuorum,
2678 4471 2773 4527 sed
2795 4469 3046 4524 vivorum
3085 4469 3155 4524 ⁵⁹.
3195 4487 3215 4521 ι

2158 4567 2466 4623 Secundum
2502 4573 2706 4620 rectam
2737 4562 3004 4616 rationem
3036 4576 3200 4630 porro
3223 4563 3428 4624 vivere,
3465 4568 3663 4613 etcum

412 4655 508 4708 καὶ
539 4655 673 4724 πρὸς
706 4653 906 4725 ἀρετὴν
939 4653 1103 4723 ἔχειν,
1134 4652 1254 4726 Θεῷ
1288 4656 1577 4726 λατρεύειν
1602 4672 1616 4687 ⁸
1647 4658 1764 4712 ἀλλ’
1807 4660 1970 4714 ἐκεϊνι

2094 4659 2294 4711 virtute
2323 4654 2714 4710 commercium
2747 4653 2971 4713 habere,
2999 4651 3161 4704 etiam
3193 4650 3300 4702 Deo
3331 4649 3536 4702 servire
3559 4657 3663 4702 est.

410 4743 511 4813 μὲν
540 4745 634 4797 καὶ
662 4743 866 4796 δούλων
893 4743 1089 4812 γένοιτ’
1114 4744 1179 4799 ἂν
1202 4745 1363 4816 ἔργον
1385 4761 1401 4779 ·
1427 4765 1446 4798 ι
1481 4746 1653 4801 Ὅταν
1676 4749 1785 4819 γὰρ
1807 4750 1980 4804 ταῦτα

409 4833 591 4888 πάντα
643 4835 930 4902 ποιήσητε,
969 4833 1126 4902 φησὶ,
1183 4834 1374 4904 λέγετε
1403 4835 1486 4889 ὅτι
1525 4837 1762 4908 ’Δχρεῖοι
1800 4840 1980 4894 δοῦλοί

406 4930 593 4996 ὲσμεν.
623 4944 643 4979 ι
680 4925 828 4998 Αὕτη
863 4924 922 4978 δὲ
970 4927 1002 4997 ή
1035 4925 1262 4997 λατρεία
1291 4927 1431 4997 πρὸς
1464 4927 1575 4981 τῶν
1603 4929 1734 4983 υἱῶν
1771 4931 1983 4992 γίνεται

413 5020 608 5088 μόνων,
647 5021 809 5090 ἡμεῖς
841 5017 898 5072 δὲ
929 5019 991 5073 οὐ
1040 5017 1148 5072 τῶν
1173 5017 1418 5085 ’δούλων,
1474 5020 1590 5074 ἀλλ’
1639 5023 1719 5084 είς
1744 5021 1838 5076 τὸν
1870 5025 1983 5077 τῶν

418 5112 623 5165 παίδων
648 5110 962 5181 καλούμεθα
997 5110 1179 5178 χορόν.
1214 5111 1315 5164 Διά
1339 5111 1499 5165 τοῦτο
1531 5113 1736 5182 σαρκὸς
1765 5113 1861 5167 καὶ
1893 5114 1980 5167 αἴ-

418 5223 588 5276 ματος
636 5205 784 5277 αύτῷ
825 5205 1232 5276 κοινωνοῦμεν*
1273 5222 1292 5257 ι
1329 5207 1413 5259 Τὰ
1438 5207 1547 5277 γὰρ
1577 5206 1788 5271 παιδία,
1827 5209 1980 5276 φησι,

418 5295 785 5367 κεκοινώνηκε
837 5296 1041 5366 σαρκὸς
1077 5297 1170 5350 καὶ
1206 5295 1460 5365 αἵματος.
1502 5315 1520 5347 ι
1572 5297 1841 5366 Καθάπερ
1875 5299 1984 5369 γὰρ

421 5389 646 5453 ἐκεῖνος,
683 5389 768 5441 ἵνα
797 5388 980 5458 πατὴρ
1013 5387 1279 5458 ἡμέτερος
1317 5388 1541 5456 γένηται
1567 5387 1662 5441 καὶ
1698 5389 1789 5440 τὸν
1828 5389 1984 5456 λόγον

420 5483 627 5534 ἐκεῖνον
670 5481 870 5552 δυνηθῇ
915 5482 1119 5550 λέγειν,
1159 5499 1177 5533 t
1230 5482 1362 5535 Ἰδοὺ
1395 5480 1506 5548 ἐγὼ
1535 5484 1628 5533 καὶ
1671 5482 1739 5533 τὰ
1770 5483 1984 5548 παιδία,

2089 4751 2192 4804 Sed
2217 4749 2320 4803 hoc
2353 4760 2634 4804 servorum
2655 4759 2877 4814 quoque
2915 4741 3149 4796 oﬂicinm
3183 4748 3343 4808 atque
3375 4757 3512 4808 opus
3535 4757 3664 4795 cen-

2091 4850 2278 4897 seatur
2315 4860 2328 4894 :
2369 4858 2387 4890 ι
2424 4839 2560 4893 Cum
2610 4835 2758 4890 enim
2792 4833 3029 4890 feceritis
3063 4833 3179 4887 haec
3231 4833 3435 4896 omnia,
3468 4833 3665 4900 inquit,

2092 4932 2272 4986 adhuc
2302 4930 2487 4994 dicite,
2532 4927 2658 4998 quia
2692 4926 2831 4980 servi
2857 4924 3080 4981 inutiles
3114 4937 3308 4978 sumus
3364 4922 3431 4976 6°.
3493 4941 3510 4972 ι
3543 4923 3668 4976 Haec

2095 5033 2274 5076 autem
2305 5021 2464 5074 la'tria
2497 5009 2764 5090 (servitus
2795 5017 2909 5072 sive
2938 5016 3144 5085 cultus)
3179 5030 3210 5069 a
3245 5014 3373 5069 ﬁliis
3400 5015 3668 5069 duntaxat

2095 5122 2414 5182 praestatur;
2443 5119 2496 5166 et
2527 5125 2630 5167 nos
2657 5126 2764 5164 non
2796 5110 2850 5163 in
2881 5123 3186 5172 servorum,
3217 5108 3312 5162 sed
3347 5106 3398 5160 in
3433 5108 3665 5160 ﬁliorum

2093 5205 2342 5260 ordinem
2394 5213 2447 5258 et
2492 5203 2674 5259 locum
2701 5215 2994 5267 vocamur;
3019 5201 3091 5256 ob
3125 5201 3178 5255 id
3209 5216 3430 5256 carnem
3467 5208 3519 5253 et
3543 5212 3668 5251 san-

2094 5297 2315 5365 guinem
2352 5297 2472 5365 ejus
2526 5295 2923 5366 participamus
2963 5313 2976 5349 :
3021 5315 3039 5346 ι
3073 5293 3238 5349 Pueri
3266 5293 3435 5356 enim,
3465 5291 3662 5360 inquit,

2092 5389 2248 5445 carni
2269 5398 2323 5442 et
2349 5389 2606 5460 sanguini
2647 5388 3125 5443 communit-erunt
3145 5389 3212 5441 ".
3249 5406 3268 5436 ι
3295 5385 3668 5450 Quemadmo-

2094 5480 2223 5533 dum
2277 5495 2518 5549 namque
2557 5480 2698 5551 ipse,
2748 5489 2808 5533 ut
2843 5489 2998 5548 pater
3045 5486 3226 5532 noster
3259 5476 3371 5540 ﬁat,
3408 5485 3462 5527 et
3508 5473 3667 5527 verba

419 5574 452 5627 ὅ.
489 5592 580 5645 μοι
611 5574 812 5628 ἔδωκεν
855 5574 884 5626 ὁ
929 5573 1088 5640 Θεὸς,
1121 5593 1139 5624 ›
1179 5575 1385 5645 σαρκὸς
1437 5574 1530 5627 καὶ
1579 5575 1808 5644 αἵματος
1851 5577 1970 5646 ὴμῖε

2097 5574 2188 5628 illa
2213 5589 2464 5642 promere
2485 5583 2673 5643 queat,
2703 5590 2722 5623 ι
2762 5570 2900 5626 Ecce
2931 5585 3033 5637 ego
3063 5577 3117 5620 et
3158 5566 3310 5636 pueri
3368 5565 3495 5629 mei,
3531 5578 3668 5631 quos

419 5667 632 5734 ἐγένετο
661 5666 940 5731 κοινωνὸς,
981 5665 1125 5719 οὕτω
1154 5665 1249 5718 καὶ
1290 5666 1460 5734 ἡμᾶς,
1493 5665 1562 5717 ἶν’
1591 5666 1785 5735 ἐκείνῳ
1815 5665 1985 5732 γενώ-

426 5763 562 5829 μεθα
600 5760 812 5824 παῖδες,
859 5759 1075 5828 ἀνάγκη
1110 5757 1218 5812 τῶν
1253 5757 1465 5811 ἐκείνου
1523 5755 1986 5827 μεταλαμϐάνειν,

489 5873 536 5905 ⁸⁸
569 5871 725 5928 Joan-
761 5889 834 5935 vt,
864 5871 953 5925 57.
1029 5873 1071 5904 ⁵⁷
1098 5870 1256 5927 Joan.
1305 5888 1380 5939 v1,
1404 5873 1493 5928 58.
1568 5873 1614 5904 "
1651 5869 1810 5925 Joan.
1843 5885 1916 5938 ιν,
1942 5868 2034 5924 '24.
2113 5871 2156 5903 ”
2189 5869 2380 5925 Matth.
2418 5885 2549 5928 nu.
2605 5869 2673 5923 32
2699 5910 2712 5923 .

429 5956 487 6008 ιι,
518 5942 603 5997 Η.
675 5945 720 5977 ⁸³
756 5946 864 5998 lsa.
899 5957 1013 6009 vm,
1051 5942 1136 5998 l8.

2098 5666 2247 5720 dedit
2279 5665 2410 5720 mihi
2440 5665 2582 5719 Deus
2621 5665 2690 5729 ⁸³,
2731 5683 2751 5716 ι
2786 5663 2970 5718 carnis
3001 5667 3056 5714 et
3099 5658 3382 5726 sanguinis
3439 5671 3669 5711 consors

2101 5756 2256 5812 nobis
2285 5756 2462 5812 factus
2489 5765 2574 5811 est
2609 5772 2622 5810 :
2653 5755 2730 5811 sic
2752 5762 2806 5809 et
2833 5769 2953 5818 nos,
2980 5759 3038 5806 ut
3067 5750 3214 5805 illius
3242 5749 3333 5802 lilii
3355 5747 3669 5809 evadamus,

2795 5865 3007 5938 “-LuL.
3073 5880 3208 5932 nn,
3264 5863 3350 5917 l0.
3428 5860 3670 5918 “Hebr.
