  <div class='ocr_page' id='page_1' title='image "/cluster/home/n/w/nwhite01/storage/ocr_20150623/150:no.1/coo.31924054870559/307.png"; bbox 0 0 4036 6470; ppageno 0'>
   <div class='ocr_carea' id='block_1_1' title="bbox 457 481 569 547">
    <p class='ocr_par' dir='ltr' id='par_1_1' title="bbox 457 481 569 547">
     <span class='ocr_line' id='line_1_1' title="bbox 457 481 569 547; baseline 0.018 -2"><span class='ocrx_word' id='word_1_1' title='bbox 457 481 569 547; x_wconf 75' lang='lat'><strong>599</strong></span> 
     </span>
    </p>
   </div>
   <div class='ocr_carea' id='block_1_2' title="bbox 1644 479 2382 541">
    <p class='ocr_par' dir='ltr' id='par_1_2' title="bbox 1644 479 2382 541">
     <span class='ocr_line' id='line_1_2' title="bbox 1644 479 2382 541; baseline 0 -1"><span class='ocrx_word' id='word_1_2' title='bbox 1644 481 1955 541; x_wconf 83' lang='lat' dir='ltr'><strong>NICOLAI</strong></span> <span class='ocrx_word' id='word_1_3' title='bbox 1995 479 2382 540; x_wconf 75' lang='lat' dir='ltr'><strong>CABASIL/E</strong></span> 
     </span>
    </p>
   </div>
   <div class='ocr_carea' id='block_1_3' title="bbox 3583 472 3679 536">
    <p class='ocr_par' dir='ltr' id='par_1_3' title="bbox 3583 472 3679 536">
     <span class='ocr_line' id='line_1_3' title="bbox 3583 472 3679 536; baseline 0 -3"><span class='ocrx_word' id='word_1_4' title='bbox 3583 472 3679 536; x_wconf 79' lang='lat' dir='ltr'><strong>6C0</strong></span> 
     </span>
    </p>
   </div>
   <div class='ocr_carea' id='block_1_4' title="bbox 461 582 2019 664">
    <p class='ocr_par' dir='ltr' id='par_1_4' title="bbox 461 582 2019 664">
     <span class='ocr_line' id='line_1_4' title="bbox 461 582 2019 664; baseline -0.002 -18"><span class='ocrx_word' id='word_1_5' title='bbox 461 582 688 649; x_wconf 73' lang='lat' dir='ltr'><strong>necesse</strong></span> <span class='ocrx_word' id='word_1_6' title='bbox 711 588 1066 649; x_wconf 66' lang='lat' dir='ltr'><strong>&#39;es&#39;t&#39;vicissim</strong></span> <span class='ocrx_word' id='word_1_7' title='bbox 1096 604 1353 649; x_wconf 86' lang='lat' dir='ltr'><strong>carmset</strong></span> <span class='ocrx_word' id='word_1_8' title='bbox 1393 591 1678 664; x_wconf 85' lang='lat' dir='ltr'><strong>sanguinis</strong></span> <span class='ocrx_word' id='word_1_9' title='bbox 1704 591 1824 658; x_wconf 89' lang='lat' dir='ltr'><strong>ejus</strong></span> <span class='ocrx_word' id='word_1_10' title='bbox 1853 590 2019 659; x_wconf 78' lang='lat' dir='ltr'><strong>parti~</strong></span> 
     </span>
    </p>
   </div>
   <div class='ocr_carea' id='block_1_5' title="bbox 2122 582 3679 664">
    <p class='ocr_par' dir='ltr' id='par_1_5' title="bbox 2126 585 3679 663">
     <span class='ocr_line' id='line_1_5' title="bbox 2126 585 3679 663; baseline -0.004 -19"><span class='ocrx_word' id='word_1_11' title='bbox 2126 590 2220 644; x_wconf 71' lang='lat' dir='ltr'><strong>mi</strong></span> <span class='ocrx_word' id='word_1_12' title='bbox 2253 589 2445 644; x_wconf 87' lang='grc' dir='ltr'><strong>τοῦτον</strong></span> <span class='ocrx_word' id='word_1_13' title='bbox 2472 590 2566 646; x_wconf 81' lang='grc' dir='ltr'><strong>τὸν</strong></span> <span class='ocrx_word' id='word_1_14' title='bbox 2589 596 2790 663; x_wconf 78' lang='grc' dir='ltr'><strong>τρόπον</strong></span> <span class='ocrx_word' id='word_1_15' title='bbox 2815 591 2875 644; x_wconf 80' lang='grc' dir='ltr'><strong>οὐ</strong></span> <span class='ocrx_word' id='word_1_16' title='bbox 2906 586 3042 662; x_wconf 86' lang='grc' dir='ltr'><strong>μέλη</strong></span> <span class='ocrx_word' id='word_1_17' title='bbox 3066 588 3154 644; x_wconf 82' lang='grc' dir='ltr'><strong>διὰ</strong></span> <span class='ocrx_word' id='word_1_18' title='bbox 3176 586 3276 659; x_wconf 78' lang='grc' dir='ltr'><strong>τὴν</strong></span> <span class='ocrx_word' id='word_1_19' title='bbox 3300 585 3518 657; x_wconf 76' lang='grc' dir='ltr'><strong>τελετὴν</strong></span> <span class='ocrx_word' id='word_1_20' title='bbox 3540 589 3679 656; x_wconf 81' lang='grc' dir='ltr'><strong>αὐτῷ</strong></span> 
     </span>
    </p>
   </div>
   <div class='ocr_carea' id='block_1_6' title="bbox 457 682 2024 753">
    <p class='ocr_par' dir='ltr' id='par_1_6' title="bbox 457 682 2024 753">
     <span class='ocr_line' id='line_1_6' title="bbox 457 682 2024 753; baseline -0.001 -17"><span class='ocrx_word' id='word_1_21' title='bbox 457 685 612 751; x_wconf 87' lang='lat' dir='ltr'><strong>cipes</strong></span> <span class='ocrx_word' id='word_1_22' title='bbox 645 699 788 739; x_wconf 77' lang='lat' dir='ltr'><strong>esse.</strong></span> <span class='ocrx_word' id='word_1_23' title='bbox 823 684 1002 753; x_wconf 84' lang='lat' dir='ltr'><strong>Atque</strong></span> <span class='ocrx_word' id='word_1_24' title='bbox 1024 683 1130 740; x_wconf 82' lang='lat' dir='ltr'><strong>isto</strong></span> <span class='ocrx_word' id='word_1_25' title='bbox 1181 682 1343 738; x_wconf 89' lang='lat' dir='ltr'><strong>modo</strong></span> <span class='ocrx_word' id='word_1_26' title='bbox 1378 698 1486 738; x_wconf 86' lang='lat' dir='ltr'><strong>non</strong></span> <span class='ocrx_word' id='word_1_27' title='bbox 1522 682 1698 738; x_wconf 87' lang='lat' dir='ltr'><strong>solum</strong></span> <span class='ocrx_word' id='word_1_28' title='bbox 1730 682 1782 736; x_wconf 89' lang='lat' dir='ltr'><strong>ei</strong></span> <span class='ocrx_word' id='word_1_29' title='bbox 1811 695 1906 749; x_wconf 86' lang='lat' dir='ltr'><strong>per</strong></span> <span class='ocrx_word' id='word_1_30' title='bbox 1931 695 2024 736; x_wconf 85' lang='lat' dir='ltr'><strong>sa-</strong></span> 
     </span>
    </p>
   </div>
   <div class='ocr_carea' id='block_1_7' title="bbox 456 773 2025 842">
    <p class='ocr_par' dir='ltr' id='par_1_7' title="bbox 456 773 2025 842">
     <span class='ocr_line' id='line_1_7' title="bbox 456 773 2025 842; baseline -0.001 -15"><span class='ocrx_word' id='word_1_31' title='bbox 456 784 797 828; x_wconf 75' lang='lat' dir='ltr'><strong>cramentum</strong></span> <span class='ocrx_word' id='word_1_32' title='bbox 861 775 964 829; x_wconf 90' lang='lat' dir='ltr'><strong>hoc</strong></span> <span class='ocrx_word' id='word_1_33' title='bbox 1017 775 1260 829; x_wconf 87' lang='lat' dir='ltr'><strong>membra</strong></span> <span class='ocrx_word' id='word_1_34' title='bbox 1317 774 1616 840; x_wconf 89' lang='lat' dir='ltr'><strong>reddimur,</strong></span> <span class='ocrx_word' id='word_1_35' title='bbox 1663 775 1758 828; x_wconf 85' lang='lat' dir='ltr'><strong>sed</strong></span> <span class='ocrx_word' id='word_1_36' title='bbox 1803 773 2025 842; x_wconf 88' lang='lat' dir='ltr'><strong>insuper</strong></span> 
     </span>
    </p>
   </div>
   <div class='ocr_carea' id='block_1_8' title="bbox 461 862 2022 926">
    <p class='ocr_par' dir='ltr' id='par_1_8' title="bbox 461 862 2022 926">
     <span class='ocr_line' id='line_1_8' title="bbox 461 862 2022 926; baseline 0 -11"><span class='ocrx_word' id='word_1_37' title='bbox 461 864 580 926; x_wconf 91' lang='lat' dir='ltr'><strong>ﬁlii,</strong></span> <span class='ocrx_word' id='word_1_38' title='bbox 610 874 668 916; x_wconf 93' lang='lat' dir='ltr'><strong>ut</strong></span> <span class='ocrx_word' id='word_1_39' title='bbox 702 864 929 918; x_wconf 72' lang='lat' dir='ltr'><strong>libentes</strong></span> <span class='ocrx_word' id='word_1_40' title='bbox 956 864 1005 919; x_wconf 89' lang='lat' dir='ltr'><strong>ei</strong></span> <span class='ocrx_word' id='word_1_41' title='bbox 1029 897 1035 920; x_wconf 70' lang='grc' dir='ltr'><strong><em>ς</em></strong></span> <span class='ocrx_word' id='word_1_42' title='bbox 1060 871 1116 920; x_wconf 89' lang='lat' dir='ltr'><strong>et</strong></span> <span class='ocrx_word' id='word_1_43' title='bbox 1139 864 1324 918; x_wconf 87' lang='lat' dir='ltr'><strong>animo</strong></span> <span class='ocrx_word' id='word_1_44' title='bbox 1355 865 1570 920; x_wconf 88' lang='lat' dir='ltr'><strong>volente</strong></span> <span class='ocrx_word' id='word_1_45' title='bbox 1593 865 1764 918; x_wconf 84' lang='lat' dir='ltr'><strong>instar</strong></span> <span class='ocrx_word' id='word_1_46' title='bbox 1789 862 2022 916; x_wconf 91' lang='lat' dir='ltr'><strong>ﬁliorum</strong></span> 
     </span>
    </p>
   </div>
   <div class='ocr_carea' id='block_1_9' title="bbox 456 952 2023 1026">
    <p class='ocr_par' dir='ltr' id='par_1_9' title="bbox 456 952 2023 1026">
     <span class='ocr_line' id='line_1_9' title="bbox 456 952 2023 1026; baseline 0.001 -21"><span class='ocrx_word' id='word_1_47' title='bbox 456 968 766 1022; x_wconf 88' lang='lat' dir='ltr'><strong>pareamus.</strong></span> <span class='ocrx_word' id='word_1_48' title='bbox 802 953 1096 1026; x_wconf 81' lang='lat' dir='ltr'><strong>Diligenter</strong></span> <span class='ocrx_word' id='word_1_49' title='bbox 1122 957 1272 1022; x_wconf 90' lang='lat' dir='ltr'><strong>item,</strong></span> <span class='ocrx_word' id='word_1_50' title='bbox 1301 955 1758 1024; x_wconf 80' lang='lat' dir='ltr'><strong>quemadmodum</strong></span> <span class='ocrx_word' id='word_1_51' title='bbox 1779 952 2023 1007; x_wconf 87' lang='lat' dir='ltr'><strong>membra</strong></span> 
     </span>
    </p>
   </div>
   <div class='ocr_carea' id='block_1_10' title="bbox 456 1044 2022 1109">
    <p class='ocr_par' dir='ltr' id='par_1_10' title="bbox 456 1044 2022 1109">
     <span class='ocr_line' id='line_1_10' title="bbox 456 1044 2022 1109; baseline 0.001 -10"><span class='ocrx_word' id='word_1_52' title='bbox 456 1044 687 1100; x_wconf 74' lang='lat' dir='ltr'><strong>scilicet.</strong></span> <span class='ocrx_word' id='word_1_53' title='bbox 727 1044 818 1100; x_wconf 89' lang='lat' dir='ltr'><strong>Sic</strong></span> <span class='ocrx_word' id='word_1_54' title='bbox 840 1048 984 1101; x_wconf 89' lang='lat' dir='ltr'><strong>enim</strong></span> <span class='ocrx_word' id='word_1_55' title='bbox 1009 1047 1247 1103; x_wconf 83' lang='lat' dir='ltr'><strong>servitus</strong></span> <span class='ocrx_word' id='word_1_56' title='bbox 1272 1047 1330 1103; x_wconf 89' lang='lat' dir='ltr'><strong>ﬁt</strong></span> <span class='ocrx_word' id='word_1_57' title='bbox 1359 1047 1717 1109; x_wconf 82' lang='lat' dir='ltr'><strong>admirabilis,</strong></span> <span class='ocrx_word' id='word_1_58' title='bbox 1748 1055 1798 1100; x_wconf 91' lang='lat' dir='ltr'><strong>et</strong></span> <span class='ocrx_word' id='word_1_59' title='bbox 1823 1046 2022 1100; x_wconf 73' lang='lat' dir='ltr'><strong>eximia</strong></span> 
     </span>
    </p>
   </div>
   <div class='ocr_carea' id='block_1_11' title="bbox 454 1133 2023 1205">
    <p class='ocr_par' dir='ltr' id='par_1_11' title="bbox 454 1133 2023 1205">
     <span class='ocr_line' id='line_1_11' title="bbox 454 1133 2023 1205; baseline 0.003 -21"><span class='ocrx_word' id='word_1_60' title='bbox 454 1147 702 1201; x_wconf 85' lang='lat' dir='ltr'><strong>prorsus.</strong></span> <span class='ocrx_word' id='word_1_61' title='bbox 741 1133 1013 1200; x_wconf 83' lang='lat' dir='ltr'><strong>Quocirca</strong></span> <span class='ocrx_word' id='word_1_62' title='bbox 1042 1146 1095 1191; x_wconf 91' lang='lat' dir='ltr'><strong>et</strong></span> <span class='ocrx_word' id='word_1_63' title='bbox 1127 1137 1240 1191; x_wconf 73' lang='lat' dir='ltr'><strong>haec</strong></span> <span class='ocrx_word' id='word_1_64' title='bbox 1263 1145 1316 1190; x_wconf 89' lang='lat' dir='ltr'><strong>et</strong></span> <span class='ocrx_word' id='word_1_65' title='bbox 1339 1137 1453 1201; x_wconf 88' lang='lat' dir='ltr'><strong>illa,</strong></span> <span class='ocrx_word' id='word_1_66' title='bbox 1489 1137 1748 1202; x_wconf 89' lang='lat' dir='ltr'><strong>ﬁliorum,</strong></span> <span class='ocrx_word' id='word_1_67' title='bbox 1777 1137 2023 1205; x_wconf 89' lang='lat' dir='ltr'><strong>inquam,</strong></span> 
     </span>
    </p>
   </div>
   <div class='ocr_carea' id='block_1_12' title="bbox 454 1225 2026 1298">
    <p class='ocr_par' dir='ltr' id='par_1_12' title="bbox 454 1225 2026 1298">
     <span class='ocr_line' id='line_1_12' title="bbox 454 1225 2026 1298; baseline 0.004 -23"><span class='ocrx_word' id='word_1_68' title='bbox 454 1230 508 1276; x_wconf 79' lang='lat' dir='ltr'><strong>ct</strong></span> <span class='ocrx_word' id='word_1_69' title='bbox 531 1225 904 1280; x_wconf 86' lang='lat' dir='ltr'><strong>membrorum</strong></span> <span class='ocrx_word' id='word_1_70' title='bbox 935 1226 1116 1298; x_wconf 84' lang='lat' dir='ltr'><strong>imago</strong></span> <span class='ocrx_word' id='word_1_71' title='bbox 1174 1227 1482 1283; x_wconf 80' lang='lat' dir='ltr'><strong>inducenda</strong></span> <span class='ocrx_word' id='word_1_72' title='bbox 1530 1235 1633 1291; x_wconf 87' lang='lat' dir='ltr'><strong>est.</strong></span> <span class='ocrx_word' id='word_1_73' title='bbox 1670 1227 1888 1296; x_wconf 85' lang='lat' dir='ltr'><strong>quando</strong></span> <span class='ocrx_word' id='word_1_74' title='bbox 1918 1241 2026 1281; x_wconf 85' lang='lat' dir='ltr'><strong>una</strong></span> 
     </span>
    </p>
   </div>
   <div class='ocr_carea' id='block_1_13' title="bbox 453 1313 2024 1388">
    <p class='ocr_par' dir='ltr' id='par_1_13' title="bbox 453 1313 2024 1388">
     <span class='ocr_line' id='line_1_13' title="bbox 453 1313 2024 1388; baseline 0.003 -21"><span class='ocrx_word' id='word_1_75' title='bbox 453 1313 521 1368; x_wconf 89' lang='lat' dir='ltr'><strong>ad</strong></span> <span class='ocrx_word' id='word_1_76' title='bbox 550 1329 664 1368; x_wconf 90' lang='lat' dir='ltr'><strong>rem</strong></span> <span class='ocrx_word' id='word_1_77' title='bbox 701 1324 828 1371; x_wconf 91' lang='lat' dir='ltr'><strong>ante</strong></span> <span class='ocrx_word' id='word_1_78' title='bbox 859 1321 1045 1375; x_wconf 89' lang='lat' dir='ltr'><strong>oculos</strong></span> <span class='ocrx_word' id='word_1_79' title='bbox 1075 1319 1381 1388; x_wconf 85' lang='lat' dir='ltr'><strong>ponendam</strong></span> <span class='ocrx_word' id='word_1_80' title='bbox 1435 1317 1572 1372; x_wconf 85' lang='lat' dir='ltr'><strong>satis</strong></span> <span class='ocrx_word' id='word_1_81' title='bbox 1602 1333 1713 1372; x_wconf 87' lang='lat' dir='ltr'><strong>non</strong></span> <span class='ocrx_word' id='word_1_82' title='bbox 1748 1326 1849 1372; x_wconf 89' lang='lat' dir='ltr'><strong>est.</strong></span> <span class='ocrx_word' id='word_1_83' title='bbox 1881 1315 2024 1382; x_wconf 86' lang='lat' dir='ltr'><strong>Quid</strong></span> 
     </span>
    </p>
   </div>
   <div class='ocr_carea' id='block_1_14' title="bbox 455 1406 2023 1480">
    <p class='ocr_par' dir='ltr' id='par_1_14' title="bbox 455 1406 2023 1480">
     <span class='ocr_line' id='line_1_14' title="bbox 455 1406 2023 1480; baseline 0.002 -19"><span class='ocrx_word' id='word_1_84' title='bbox 455 1407 600 1461; x_wconf 86' lang='lat' dir='ltr'><strong>enim</strong></span> <span class='ocrx_word' id='word_1_85' title='bbox 635 1406 1019 1464; x_wconf 81' lang='lat' dir='ltr'><strong>admirationis</strong></span> <span class='ocrx_word' id='word_1_86' title='bbox 1053 1410 1237 1474; x_wconf 88' lang='lat' dir='ltr'><strong>habet,</strong></span> <span class='ocrx_word' id='word_1_87' title='bbox 1269 1410 1418 1466; x_wconf 91' lang='lat' dir='ltr'><strong>nullo</strong></span> <span class='ocrx_word' id='word_1_88' title='bbox 1444 1425 1544 1480; x_wconf 88' lang='lat' dir='ltr'><strong>per</strong></span> <span class='ocrx_word' id='word_1_89' title='bbox 1585 1425 1645 1464; x_wconf 80' lang='lat' dir='ltr'><strong>se</strong></span> <span class='ocrx_word' id='word_1_90' title='bbox 1696 1420 1848 1464; x_wconf 89' lang='lat' dir='ltr'><strong>motu</strong></span> <span class='ocrx_word' id='word_1_91' title='bbox 1887 1424 2023 1479; x_wconf 53' lang='lat' dir='ltr'><strong>prae.</strong></span> 
     </span>
    </p>
   </div>
   <div class='ocr_carea' id='block_1_15' title="bbox 451 1497 2026 1570">
    <p class='ocr_par' dir='ltr' id='par_1_15' title="bbox 451 1497 2026 1570">
     <span class='ocr_line' id='line_1_15' title="bbox 451 1497 2026 1570; baseline 0.002 -20"><span class='ocrx_word' id='word_1_92' title='bbox 451 1497 619 1562; x_wconf 90' lang='lat' dir='ltr'><strong>ditos,</strong></span> <span class='ocrx_word' id='word_1_93' title='bbox 656 1500 806 1552; x_wconf 89' lang='lat' dir='ltr'><strong>velut</strong></span> <span class='ocrx_word' id='word_1_94' title='bbox 834 1500 1102 1561; x_wconf 89' lang='lat' dir='ltr'><strong>membra.</strong></span> <span class='ocrx_word' id='word_1_95' title='bbox 1137 1516 1166 1557; x_wconf 89' lang='lat' dir='ltr'><strong>a</strong></span> <span class='ocrx_word' id='word_1_96' title='bbox 1193 1501 1303 1556; x_wconf 85' lang='lat' dir='ltr'><strong>Deo</strong></span> <span class='ocrx_word' id='word_1_97' title='bbox 1337 1515 1438 1557; x_wconf 81' lang='lat' dir='ltr'><strong>ceu</strong></span> <span class='ocrx_word' id='word_1_98' title='bbox 1459 1517 1490 1556; x_wconf 88' lang='lat' dir='ltr'><strong>a</strong></span> <span class='ocrx_word' id='word_1_99' title='bbox 1531 1501 1712 1570; x_wconf 83' lang='lat' dir='ltr'><strong>capite</strong></span> <span class='ocrx_word' id='word_1_100' title='bbox 1745 1501 1947 1555; x_wconf 83' lang='lat' dir='ltr'><strong>moveri</strong></span> <span class='ocrx_word' id='word_1_101' title='bbox 1971 1507 2026 1554; x_wconf 84' lang='lat' dir='ltr'><strong>et</strong></span> 
     </span>
    </p>
   </div>
   <div class='ocr_carea' id='block_1_16' title="bbox 454 1587 2023 1662">
    <p class='ocr_par' dir='ltr' id='par_1_16' title="bbox 454 1587 2023 1662">
     <span class='ocr_line' id='line_1_16' title="bbox 454 1587 2023 1662; baseline 0.002 -20"><span class='ocrx_word' id='word_1_102' title='bbox 454 1587 672 1643; x_wconf 79' lang='lat' dir='ltr'><strong>incitari</strong></span> <span class='ocrx_word' id='word_1_103' title='bbox 698 1590 724 1644; x_wconf 65' lang='grc' dir='ltr'><em>ἲ</em></span> <span class='ocrx_word' id='word_1_104' title='bbox 751 1591 890 1655; x_wconf 87' lang='lat' dir='ltr'><strong>Quid</strong></span> <span class='ocrx_word' id='word_1_105' title='bbox 916 1592 1216 1660; x_wconf 82' lang='lat' dir='ltr'><strong>singulare,</strong></span> <span class='ocrx_word' id='word_1_106' title='bbox 1241 1592 1389 1647; x_wconf 83' lang='lat' dir='ltr'><strong>velut</strong></span> <span class='ocrx_word' id='word_1_107' title='bbox 1413 1593 1660 1662; x_wconf 84' lang='lat' dir='ltr'><strong>patribus</strong></span> <span class='ocrx_word' id='word_1_108' title='bbox 1677 1593 1860 1648; x_wconf 88' lang='lat' dir='ltr'><strong>carnis</strong></span> <span class='ocrx_word' id='word_1_109' title='bbox 1879 1590 2023 1647; x_wconf 89' lang='lat' dir='ltr'><strong>Patri</strong></span> 
     </span>
    </p>
   </div>
   <div class='ocr_carea' id='block_1_17' title="bbox 452 1680 2025 1754">
    <p class='ocr_par' dir='ltr' id='par_1_17' title="bbox 452 1680 2025 1754">
     <span class='ocr_line' id='line_1_17' title="bbox 452 1680 2025 1754; baseline 0 -18"><span class='ocrx_word' id='word_1_110' title='bbox 452 1680 746 1750; x_wconf 75' lang='lat' dir='ltr'><strong>spirituum</strong></span> <span class='ocrx_word' id='word_1_111' title='bbox 778 1682 972 1751; x_wconf 86' lang='lat' dir='ltr'><strong>subiici</strong></span> <span class='ocrx_word' id='word_1_112' title='bbox 1001 1683 1023 1736; x_wconf 81' lang='lat' dir='ltr'><strong>i</strong></span> <span class='ocrx_word' id='word_1_113' title='bbox 1054 1683 1153 1737; x_wconf 82' lang='lat' dir='ltr'><strong>Ast</strong></span> <span class='ocrx_word' id='word_1_114' title='bbox 1209 1692 1508 1754; x_wconf 84' lang='lat' dir='ltr'><strong>utrumque</strong></span> <span class='ocrx_word' id='word_1_115' title='bbox 1558 1683 1720 1739; x_wconf 88' lang='lat' dir='ltr'><strong>simul</strong></span> <span class='ocrx_word' id='word_1_116' title='bbox 1771 1691 2025 1738; x_wconf 85' lang='lat' dir='ltr'><strong>naturam</strong></span> 
     </span>
    </p>
   </div>
   <div class='ocr_carea' id='block_1_18' title="bbox 452 1771 2022 1839">
    <p class='ocr_par' dir='ltr' id='par_1_18' title="bbox 452 1771 2022 1839">
     <span class='ocr_line' id='line_1_18' title="bbox 452 1771 2022 1839; baseline 0.004 -17"><span class='ocrx_word' id='word_1_117' title='bbox 452 1771 689 1836; x_wconf 78' lang='lat' dir='ltr'><strong>excedit,</strong></span> <span class='ocrx_word' id='word_1_118' title='bbox 715 1786 841 1826; x_wconf 92' lang='lat' dir='ltr'><strong>cum</strong></span> <span class='ocrx_word' id='word_1_119' title='bbox 877 1772 1092 1827; x_wconf 88' lang='lat' dir='ltr'><strong>arbitrii</strong></span> <span class='ocrx_word' id='word_1_120' title='bbox 1125 1773 1371 1829; x_wconf 88' lang='lat' dir='ltr'><strong>libertate</strong></span> <span class='ocrx_word' id='word_1_121' title='bbox 1424 1781 1634 1830; x_wconf 88' lang='lat' dir='ltr'><strong>retenta</strong></span> <span class='ocrx_word' id='word_1_122' title='bbox 1677 1784 1737 1829; x_wconf 93' lang='lat' dir='ltr'><strong>ut</strong></span> <span class='ocrx_word' id='word_1_123' title='bbox 1787 1774 1904 1839; x_wconf 90' lang='lat' dir='ltr'><strong>ﬁlii,</strong></span> <span class='ocrx_word' id='word_1_124' title='bbox 1932 1787 2022 1832; x_wconf 37' lang='lat' dir='ltr'><strong>sua</strong></span> 
     </span>
    </p>
   </div>
   <div class='ocr_carea' id='block_1_19' title="bbox 453 1859 1540 1934">
    <p class='ocr_par' dir='ltr' id='par_1_19' title="bbox 453 1859 1540 1934">
     <span class='ocr_line' id='line_1_19' title="bbox 453 1859 1540 1934; baseline 0.006 -20"><span class='ocrx_word' id='word_1_125' title='bbox 453 1859 614 1916; x_wconf 87' lang='lat' dir='ltr'><strong>besse</strong></span> <span class='ocrx_word' id='word_1_126' title='bbox 651 1875 873 1930; x_wconf 86' lang='lat' dir='ltr'><strong>possum</strong></span> <span class='ocrx_word' id='word_1_127' title='bbox 886 1879 948 1918; x_wconf 89' lang='lat' dir='ltr'><strong>us</strong></span> <span class='ocrx_word' id='word_1_128' title='bbox 972 1873 1230 1934; x_wconf 88' lang='lat' dir='ltr'><strong>tanquam</strong></span> <span class='ocrx_word' id='word_1_129' title='bbox 1274 1865 1540 1920; x_wconf 85' lang='lat' dir='ltr'><strong>membra.</strong></span> 
     </span>
    </p>
   </div>
   <div class='ocr_carea' id='block_1_20' title="bbox 529 1952 2026 2026">
    <p class='ocr_par' dir='ltr' id='par_1_20' title="bbox 529 1952 2026 2026">
     <span class='ocr_line' id='line_1_20' title="bbox 529 1952 2026 2026; baseline 0.003 -20"><span class='ocrx_word' id='word_1_130' title='bbox 529 1952 596 2006; x_wconf 86' lang='lat' dir='ltr'><strong>Et</strong></span> <span class='ocrx_word' id='word_1_131' title='bbox 622 1953 739 2008; x_wconf 71' lang='lat' dir='ltr'><strong>haec</strong></span> <span class='ocrx_word' id='word_1_132' title='bbox 769 1962 852 2008; x_wconf 86' lang='lat' dir='ltr'><strong>est</strong></span> <span class='ocrx_word' id='word_1_133' title='bbox 874 1954 964 2008; x_wconf 88' lang='lat' dir='ltr'><strong>illa</strong></span> <span class='ocrx_word' id='word_1_134' title='bbox 994 1957 1342 2026; x_wconf 70' lang='lat' dir='ltr'><strong>praedicanda</strong></span> <span class='ocrx_word' id='word_1_135' title='bbox 1372 1957 1606 2012; x_wconf 90' lang='lat' dir='ltr'><strong>ﬁliorum</strong></span> <span class='ocrx_word' id='word_1_136' title='bbox 1635 1954 1884 2024; x_wconf 89' lang='lat' dir='ltr'><strong>adoptio,</strong></span> <span class='ocrx_word' id='word_1_137' title='bbox 1914 1970 2026 2010; x_wconf 90' lang='lat' dir='ltr'><strong>non</strong></span> 
     </span>
    </p>
   </div>
   <div class='ocr_carea' id='block_1_21' title="bbox 455 2042 2026 2113">
    <p class='ocr_par' dir='ltr' id='par_1_21' title="bbox 455 2042 2026 2113">
     <span class='ocr_line' id='line_1_21' title="bbox 455 2042 2026 2113; baseline 0.001 -19"><span class='ocrx_word' id='word_1_138' title='bbox 455 2042 509 2094; x_wconf 93' lang='lat' dir='ltr'><strong>in</strong></span> <span class='ocrx_word' id='word_1_139' title='bbox 540 2057 673 2098; x_wconf 89' lang='lat' dir='ltr'><strong>voce</strong></span> <span class='ocrx_word' id='word_1_140' title='bbox 693 2050 746 2097; x_wconf 87' lang='lat' dir='ltr'><strong>et</strong></span> <span class='ocrx_word' id='word_1_141' title='bbox 768 2043 1480 2113; x_wconf 83' lang='lat' dir='ltr'><strong>appellatione.consistens,</strong></span> <span class='ocrx_word' id='word_1_142' title='bbox 1502 2051 1562 2097; x_wconf 92' lang='lat' dir='ltr'><strong>ut</strong></span> <span class='ocrx_word' id='word_1_143' title='bbox 1579 2044 1631 2100; x_wconf 90' lang='lat' dir='ltr'><strong>in</strong></span> <span class='ocrx_word' id='word_1_144' title='bbox 1654 2044 1815 2096; x_wconf 86' lang='lat' dir='ltr'><strong>rebus</strong></span> <span class='ocrx_word' id='word_1_145' title='bbox 1837 2042 2026 2095; x_wconf 88' lang='lat' dir='ltr'><strong>huma-</strong></span> 
     </span>
    </p>
   </div>
   <div class='ocr_carea' id='block_1_22' title="bbox 453 2133 2030 2207">
    <p class='ocr_par' dir='ltr' id='par_1_22' title="bbox 453 2133 2030 2207">
     <span class='ocr_line' id='line_1_22' title="bbox 453 2133 2030 2207; baseline 0 -19"><span class='ocrx_word' id='word_1_146' title='bbox 453 2135 562 2202; x_wconf 88' lang='lat' dir='ltr'><strong>nis,</strong></span> <span class='ocrx_word' id='word_1_147' title='bbox 601 2151 701 2191; x_wconf 86' lang='lat' dir='ltr'><strong>nec</strong></span> <span class='ocrx_word' id='word_1_148' title='bbox 729 2151 904 2207; x_wconf 89' lang='lat' dir='ltr'><strong>usque</strong></span> <span class='ocrx_word' id='word_1_149' title='bbox 925 2151 991 2192; x_wconf 89' lang='lat' dir='ltr'><strong>eo</strong></span> <span class='ocrx_word' id='word_1_150' title='bbox 1013 2137 1369 2193; x_wconf 90' lang='lat' dir='ltr'><strong>honorabilis.</strong></span> <span class='ocrx_word' id='word_1_151' title='bbox 1393 2137 1528 2192; x_wconf 87' lang='lat' dir='ltr'><strong>Nam</strong></span> <span class='ocrx_word' id='word_1_152' title='bbox 1555 2136 1698 2191; x_wconf 88' lang='lat' dir='ltr'><strong>inter</strong></span> <span class='ocrx_word' id='word_1_153' title='bbox 1720 2150 1841 2197; x_wconf 83' lang='lat' dir='ltr'><strong>nos,</strong></span> <span class='ocrx_word' id='word_1_154' title='bbox 1862 2133 2030 2202; x_wconf 87' lang='lat' dir='ltr'><strong>adop-</strong></span> 
     </span>
    </p>
   </div>
   <div class='ocr_carea' id='block_1_23' title="bbox 453 2227 2024 2297">
    <p class='ocr_par' dir='ltr' id='par_1_23' title="bbox 453 2227 2024 2297">
     <span class='ocr_line' id='line_1_23' title="bbox 453 2227 2024 2297; baseline 0.002 -18"><span class='ocrx_word' id='word_1_155' title='bbox 453 2227 552 2280; x_wconf 89' lang='lat' dir='ltr'><strong>tati</strong></span> <span class='ocrx_word' id='word_1_156' title='bbox 581 2242 706 2281; x_wconf 90' lang='lat' dir='ltr'><strong>cum</strong></span> <span class='ocrx_word' id='word_1_157' title='bbox 761 2227 1152 2297; x_wconf 88' lang='lat' dir='ltr'><strong>adoptantibus</strong></span> <span class='ocrx_word' id='word_1_158' title='bbox 1179 2230 1398 2284; x_wconf 90' lang='lat' dir='ltr'><strong>nomine</strong></span> <span class='ocrx_word' id='word_1_159' title='bbox 1428 2229 1545 2285; x_wconf 87' lang='lat' dir='ltr'><strong>solo</strong></span> <span class='ocrx_word' id='word_1_160' title='bbox 1592 2228 2024 2291; x_wconf 82' lang='lat' dir='ltr'><strong>communicant,</strong></span> 
     </span>
    </p>
   </div>
   <div class='ocr_carea' id='block_1_24' title="bbox 453 2320 2028 2393">
    <p class='ocr_par' dir='ltr' id='par_1_24' title="bbox 453 2320 2028 2393">
     <span class='ocr_line' id='line_1_24' title="bbox 453 2320 2028 2393; baseline -0.001 -18"><span class='ocrx_word' id='word_1_161' title='bbox 453 2328 508 2375; x_wconf 89' lang='lat' dir='ltr'><strong>et</strong></span> <span class='ocrx_word' id='word_1_162' title='bbox 546 2334 613 2374; x_wconf 90' lang='lat' dir='ltr'><strong>eo</strong></span> <span class='ocrx_word' id='word_1_163' title='bbox 637 2335 808 2391; x_wconf 85' lang='lat' dir='ltr'><strong>usque</strong></span> <span class='ocrx_word' id='word_1_164' title='bbox 861 2322 968 2376; x_wconf 91' lang='lat' dir='ltr'><strong>illis</strong></span> <span class='ocrx_word' id='word_1_165' title='bbox 1011 2323 1321 2379; x_wconf 88' lang='lat' dir='ltr'><strong>communis</strong></span> <span class='ocrx_word' id='word_1_166' title='bbox 1355 2331 1441 2378; x_wconf 86' lang='lat' dir='ltr'><strong>est</strong></span> <span class='ocrx_word' id='word_1_167' title='bbox 1479 2331 1654 2393; x_wconf 90' lang='lat' dir='ltr'><strong>pater,</strong></span> <span class='ocrx_word' id='word_1_168' title='bbox 1688 2322 1835 2376; x_wconf 89' lang='lat' dir='ltr'><strong>nulla</strong></span> <span class='ocrx_word' id='word_1_169' title='bbox 1858 2320 2028 2376; x_wconf 84' lang='lat' dir='ltr'><strong>inter-</strong></span> 
     </span>
    </p>
   </div>
   <div class='ocr_carea' id='block_1_25' title="bbox 453 2410 2023 2484">
    <p class='ocr_par' dir='ltr' id='par_1_25' title="bbox 453 2410 2023 2484">
     <span class='ocr_line' id='line_1_25' title="bbox 453 2410 2023 2484; baseline 0.001 -19"><span class='ocrx_word' id='word_1_170' title='bbox 453 2410 596 2466; x_wconf 87' lang='lat' dir='ltr'><strong>cedit</strong></span> <span class='ocrx_word' id='word_1_171' title='bbox 612 2413 914 2482; x_wconf 83' lang='lat' dir='ltr'><strong>generatio,</strong></span> <span class='ocrx_word' id='word_1_172' title='bbox 953 2415 1082 2469; x_wconf 90' lang='lat' dir='ltr'><strong>nulli</strong></span> <span class='ocrx_word' id='word_1_173' title='bbox 1125 2425 1346 2484; x_wconf 87' lang='lat' dir='ltr'><strong>partus;</strong></span> <span class='ocrx_word' id='word_1_174' title='bbox 1380 2415 1469 2471; x_wconf 89' lang='lat' dir='ltr'><strong>hic</strong></span> <span class='ocrx_word' id='word_1_175' title='bbox 1499 2424 1676 2471; x_wconf 82' lang='lat' dir='ltr'><strong>autem</strong></span> <span class='ocrx_word' id='word_1_176' title='bbox 1703 2423 1756 2470; x_wconf 90' lang='lat' dir='ltr'><strong>et</strong></span> <span class='ocrx_word' id='word_1_177' title='bbox 1796 2427 2023 2484; x_wconf 80' lang='lat' dir='ltr'><strong>genera-</strong></span> 
     </span>
    </p>
   </div>
   <div class='ocr_carea' id='block_1_26' title="bbox 454 2503 2023 2576">
    <p class='ocr_par' dir='ltr' id='par_1_26' title="bbox 454 2503 2023 2576">
     <span class='ocr_line' id='line_1_26' title="bbox 454 2503 2023 2576; baseline 0 -18"><span class='ocrx_word' id='word_1_178' title='bbox 454 2503 530 2558; x_wconf 89' lang='lat' dir='ltr'><strong>tio</strong></span> <span class='ocrx_word' id='word_1_179' title='bbox 546 2513 631 2560; x_wconf 82' lang='lat' dir='ltr'><strong>est</strong></span> <span class='ocrx_word' id='word_1_180' title='bbox 650 2521 859 2573; x_wconf 84' lang='lat' dir='ltr'><strong>revera,</strong></span> <span class='ocrx_word' id='word_1_181' title='bbox 878 2517 930 2560; x_wconf 89' lang='lat' dir='ltr'><strong>et</strong></span> <span class='ocrx_word' id='word_1_182' title='bbox 949 2507 1264 2562; x_wconf 89' lang='lat' dir='ltr'><strong>communio</strong></span> <span class='ocrx_word' id='word_1_183' title='bbox 1290 2521 1414 2561; x_wconf 86' lang='lat' dir='ltr'><strong>cum</strong></span> <span class='ocrx_word' id='word_1_184' title='bbox 1437 2506 1748 2576; x_wconf 80' lang='lat' dir='ltr'><strong>Unigenito,</strong></span> <span class='ocrx_word' id='word_1_185' title='bbox 1777 2519 1883 2560; x_wconf 89' lang='lat' dir='ltr'><strong>non</strong></span> <span class='ocrx_word' id='word_1_186' title='bbox 1905 2514 2023 2559; x_wconf 82' lang='lat' dir='ltr'><strong>tan-</strong></span> 
     </span>
    </p>
   </div>
   <div class='ocr_carea' id='block_1_27' title="bbox 453 2597 2020 2671">
    <p class='ocr_par' dir='ltr' id='par_1_27' title="bbox 453 2597 2020 2671">
     <span class='ocr_line' id='line_1_27' title="bbox 453 2597 2020 2671; baseline -0.001 -21"><span class='ocrx_word' id='word_1_187' title='bbox 453 2605 565 2650; x_wconf 92' lang='lat' dir='ltr'><strong>tum</strong></span> <span class='ocrx_word' id='word_1_188' title='bbox 581 2598 844 2664; x_wconf 83' lang='lat' dir='ltr'><strong>nominis,</strong></span> <span class='ocrx_word' id='word_1_189' title='bbox 863 2599 961 2654; x_wconf 88' lang='lat' dir='ltr'><strong>sed</strong></span> <span class='ocrx_word' id='word_1_190' title='bbox 981 2615 1160 2655; x_wconf 87' lang='lat' dir='ltr'><strong>rerum</strong></span> <span class='ocrx_word' id='word_1_191' title='bbox 1186 2613 1408 2671; x_wconf 81' lang='lat' dir='ltr'><strong>quoque</strong></span> <span class='ocrx_word' id='word_1_192' title='bbox 1424 2601 1689 2670; x_wconf 89' lang='lat' dir='ltr'><strong>ipsarum,</strong></span> <span class='ocrx_word' id='word_1_193' title='bbox 1714 2597 2020 2669; x_wconf 79' lang='lat' dir='ltr'><strong>sanguinis,</strong></span> 
     </span>
    </p>
   </div>
   <div class='ocr_carea' id='block_1_28' title="bbox 451 2687 2018 2764">
    <p class='ocr_par' dir='ltr' id='par_1_28' title="bbox 451 2687 2018 2764">
     <span class='ocr_line' id='line_1_28' title="bbox 451 2687 2018 2764; baseline 0 -24"><span class='ocrx_word' id='word_1_194' title='bbox 451 2687 725 2756; x_wconf 90' lang='lat' dir='ltr'><strong>corporis,</strong></span> <span class='ocrx_word' id='word_1_195' title='bbox 757 2688 903 2764; x_wconf 58' lang='lat' dir='ltr'><strong>vitae.</strong></span> <span class='ocrx_word' id='word_1_196' title='bbox 930 2689 1068 2756; x_wconf 90' lang='lat' dir='ltr'><strong>Quid</strong></span> <span class='ocrx_word' id='word_1_197' title='bbox 1101 2690 1246 2745; x_wconf 89' lang='lat' dir='ltr'><strong>enim</strong></span> <span class='ocrx_word' id='word_1_198' title='bbox 1279 2690 1653 2760; x_wconf 83' lang='lat' dir='ltr'><strong>praestantius,</strong></span> <span class='ocrx_word' id='word_1_199' title='bbox 1701 2703 1864 2759; x_wconf 91' lang='lat' dir='ltr'><strong>quam</strong></span> <span class='ocrx_word' id='word_1_200' title='bbox 1895 2703 2018 2742; x_wconf 87' lang='lat' dir='ltr'><strong>cum</strong></span> 
     </span>
    </p>
   </div>
   <div class='ocr_carea' id='block_1_29' title="bbox 450 2778 2021 2850">
    <p class='ocr_par' dir='ltr' id='par_1_29' title="bbox 450 2778 2021 2850">
     <span class='ocr_line' id='line_1_29' title="bbox 450 2778 2021 2850; baseline 0.001 -18"><span class='ocrx_word' id='word_1_201' title='bbox 450 2781 567 2848; x_wconf 89' lang='lat' dir='ltr'><strong>ipse</strong></span> <span class='ocrx_word' id='word_1_202' title='bbox 589 2780 748 2834; x_wconf 88' lang='lat' dir='ltr'><strong>Pater</strong></span> <span class='ocrx_word' id='word_1_203' title='bbox 772 2778 1044 2849; x_wconf 82' lang='lat' dir='ltr'><strong>Unigeniti</strong></span> <span class='ocrx_word' id='word_1_204' title='bbox 1073 2783 1159 2837; x_wconf 91' lang='lat' dir='ltr'><strong>sui</strong></span> <span class='ocrx_word' id='word_1_205' title='bbox 1191 2783 1435 2837; x_wconf 90' lang='lat' dir='ltr'><strong>membra</strong></span> <span class='ocrx_word' id='word_1_206' title='bbox 1463 2782 1516 2836; x_wconf 93' lang='lat' dir='ltr'><strong>in</strong></span> <span class='ocrx_word' id='word_1_207' title='bbox 1552 2782 1709 2837; x_wconf 90' lang='lat' dir='ltr'><strong>nobis</strong></span> <span class='ocrx_word' id='word_1_208' title='bbox 1731 2779 2021 2850; x_wconf 76' lang='lat' dir='ltr'><strong>agnoscit?</strong></span> 
     </span>
    </p>
   </div>
   <div class='ocr_carea' id='block_1_30' title="bbox 449 2870 2023 2943">
    <p class='ocr_par' dir='ltr' id='par_1_30' title="bbox 449 2870 2023 2943">
     <span class='ocr_line' id='line_1_30' title="bbox 449 2870 2023 2943; baseline 0.001 -18"><span class='ocrx_word' id='word_1_209' title='bbox 449 2886 574 2926; x_wconf 81' lang='lat' dir='ltr'><strong>cum</strong></span> <span class='ocrx_word' id='word_1_210' title='bbox 597 2870 770 2943; x_wconf 87' lang='lat' dir='ltr'><strong>ipsam</strong></span> <span class='ocrx_word' id='word_1_211' title='bbox 790 2871 1165 2939; x_wconf 83' lang='lat' dir='ltr'><strong>Filii_iormam</strong></span> <span class='ocrx_word' id='word_1_212' title='bbox 1183 2875 1236 2929; x_wconf 90' lang='lat' dir='ltr'><strong>in</strong></span> <span class='ocrx_word' id='word_1_213' title='bbox 1253 2875 1496 2930; x_wconf 85' lang='lat' dir='ltr'><strong>vultibus</strong></span> <span class='ocrx_word' id='word_1_214' title='bbox 1517 2878 1722 2930; x_wconf 85' lang='lat' dir='ltr'><strong>nostris</strong></span> <span class='ocrx_word' id='word_1_215' title='bbox 1743 2873 2023 2930; x_wconf 85' lang='lat' dir='ltr'><strong>intuetur?</strong></span> 
     </span>
    </p>
   </div>
   <div class='ocr_carea' id='block_1_31' title="bbox 455 2961 2023 3033">
    <p class='ocr_par' dir='ltr' id='par_1_31' title="bbox 455 2961 2023 3033">
     <span class='ocr_line' id='line_1_31' title="bbox 455 2961 2023 3033; baseline 0.003 -21"><span class='ocrx_word' id='word_1_216' title='bbox 455 2977 478 3012; x_wconf 71' lang='grc' dir='ltr'><strong>ε</strong></span> <span class='ocrx_word' id='word_1_217' title='bbox 515 2962 664 3028; x_wconf 87' lang='lat' dir='ltr'><strong>Quos</strong></span> <span class='ocrx_word' id='word_1_218' title='bbox 700 2961 1128 3030; x_wconf 69' lang='lat' dir='ltr'><strong>praedestinavit,</strong></span> <span class='ocrx_word' id='word_1_219' title='bbox 1167 2964 1364 3033; x_wconf 87' lang='lat' dir='ltr'><strong>inquit,</strong></span> <span class='ocrx_word' id='word_1_220' title='bbox 1391 2964 1702 3020; x_wconf 82' lang='lat' dir='ltr'><strong>coniormcs</strong></span> <span class='ocrx_word' id='word_1_221' title='bbox 1740 2964 1855 3018; x_wconf 86' lang='lat' dir='ltr'><strong>ﬁeri</strong></span> <span class='ocrx_word' id='word_1_222' title='bbox 1886 2965 2023 3018; x_wconf 85' lang='lat' dir='ltr'><strong>ima-</strong></span> 
     </span>
    </p>
   </div>
   <div class='ocr_carea' id='block_1_32' title="bbox 450 3049 2017 3125">
    <p class='ocr_par' dir='ltr' id='par_1_32' title="bbox 450 3049 2017 3125">
     <span class='ocr_line' id='line_1_32' title="bbox 450 3049 2017 3125; baseline 0.001 -22"><span class='ocrx_word' id='word_1_223' title='bbox 450 3049 592 3121; x_wconf 91' lang='lat' dir='ltr'><strong>ginis</strong></span> <span class='ocrx_word' id='word_1_224' title='bbox 625 3049 748 3105; x_wconf 84' lang='lat' dir='ltr'><strong>Filii</strong></span> <span class='ocrx_word' id='word_1_225' title='bbox 795 3051 881 3106; x_wconf 87' lang='lat' dir='ltr'><strong>sui</strong></span> <span class='ocrx_word' id='word_1_226' title='bbox 915 3051 982 3107; x_wconf 83' lang='grc'><strong>⁶⁸.</strong></span> <span class='ocrx_word' id='word_1_227' title='bbox 1033 3070 1051 3104; x_wconf 77' lang='grc' dir='ltr'><strong>ι</strong></span> <span class='ocrx_word' id='word_1_228' title='bbox 1085 3051 1156 3125; x_wconf 39' lang='grc' dir='ltr'><strong>,Ει</strong></span> <span class='ocrx_word' id='word_1_229' title='bbox 1193 3053 1320 3123; x_wconf 89' lang='lat' dir='ltr'><strong>quid</strong></span> <span class='ocrx_word' id='word_1_230' title='bbox 1373 3069 1473 3123; x_wconf 89' lang='lat' dir='ltr'><strong>ego</strong></span> <span class='ocrx_word' id='word_1_231' title='bbox 1497 3053 1657 3109; x_wconf 88' lang='lat' dir='ltr'><strong>istam</strong></span> <span class='ocrx_word' id='word_1_232' title='bbox 1723 3054 2017 3108; x_wconf 86' lang='lat' dir='ltr'><strong>humanam</strong></span> 
     </span>
    </p>
   </div>
   <div class='ocr_carea' id='block_1_33' title="bbox 442 3139 2020 3212">
    <p class='ocr_par' dir='ltr' id='par_1_33' title="bbox 442 3139 2020 3212">
     <span class='ocr_line' id='line_1_33' title="bbox 442 3139 2020 3212; baseline 0.003 -22"><span class='ocrx_word' id='word_1_233' title='bbox 442 3139 793 3210; x_wconf 76' lang='lat' dir='ltr'><strong>adoptionem</strong></span> <span class='ocrx_word' id='word_1_234' title='bbox 815 3155 1073 3196; x_wconf 90' lang='lat' dir='ltr'><strong>enumero</strong></span> <span class='ocrx_word' id='word_1_235' title='bbox 1093 3141 1116 3195; x_wconf 84' lang='lat'><strong>?</strong></span> <span class='ocrx_word' id='word_1_236' title='bbox 1135 3156 1255 3196; x_wconf 91' lang='lat' dir='ltr'><strong>cum</strong></span> <span class='ocrx_word' id='word_1_237' title='bbox 1275 3142 1363 3197; x_wconf 88' lang='lat' dir='ltr'><strong>hic</strong></span> <span class='ocrx_word' id='word_1_238' title='bbox 1391 3142 1508 3211; x_wconf 89' lang='lat' dir='ltr'><strong>ipsa</strong></span> <span class='ocrx_word' id='word_1_239' title='bbox 1538 3142 1770 3196; x_wconf 83' lang='lat' dir='ltr'><strong>naturali</strong></span> <span class='ocrx_word' id='word_1_240' title='bbox 1795 3156 2020 3212; x_wconf 87' lang='lat' dir='ltr'><strong>genera-</strong></span> 
     </span>
    </p>
   </div>
   <div class='ocr_carea' id='block_1_34' title="bbox 2125 677 3681 756">
    <p class='ocr_par' dir='ltr' id='par_1_34' title="bbox 2125 677 3681 756">
     <span class='ocr_line' id='line_1_34' title="bbox 2125 677 3681 756; baseline -0.003 -23"><span class='ocrx_word' id='word_1_241' title='bbox 2125 680 2389 751; x_wconf 79' lang='grc' dir='ltr'><strong>γινόμεθα</strong></span> <span class='ocrx_word' id='word_1_242' title='bbox 2426 682 2608 756; x_wconf 87' lang='grc' dir='ltr'><strong>μόνον,</strong></span> <span class='ocrx_word' id='word_1_243' title='bbox 2658 683 2795 736; x_wconf 81' lang='grc' dir='ltr'><strong>ἀλλὰ</strong></span> <span class='ocrx_word' id='word_1_244' title='bbox 2827 681 2924 737; x_wconf 75' lang='grc' dir='ltr'><strong>καὶ</strong></span> <span class='ocrx_word' id='word_1_245' title='bbox 2961 681 3171 745; x_wconf 77' lang='grc' dir='ltr'><strong>παῖδες,</strong></span> <span class='ocrx_word' id='word_1_246' title='bbox 3228 677 3370 732; x_wconf 85' lang='grc' dir='ltr'><strong>ὥστε</strong></span> <span class='ocrx_word' id='word_1_247' title='bbox 3407 677 3681 746; x_wconf 80' lang='grc' dir='ltr'><strong>λατρεύειν</strong></span> 
     </span>
    </p>
   </div>
   <div class='ocr_carea' id='block_1_35' title="bbox 2127 770 3682 843">
    <p class='ocr_par' dir='ltr' id='par_1_35' title="bbox 2127 770 3682 843">
     <span class='ocr_line' id='line_1_35' title="bbox 2127 770 3682 843; baseline -0.002 -17"><span class='ocrx_word' id='word_1_248' title='bbox 2127 773 2602 843; x_wconf 73' lang='grc' dir='ltr'><strong>ὑποταττομένους</strong></span> <span class='ocrx_word' id='word_1_249' title='bbox 2655 775 2878 836; x_wconf 77' lang='grc' dir='ltr'><strong>ἑκόντας</strong></span> <span class='ocrx_word' id='word_1_250' title='bbox 2930 775 3028 843; x_wconf 78' lang='grc' dir='ltr'><strong>μὲν</strong></span> <span class='ocrx_word' id='word_1_251' title='bbox 3068 772 3166 827; x_wconf 82' lang='grc' dir='ltr'><strong>καὶ</strong></span> <span class='ocrx_word' id='word_1_252' title='bbox 3221 772 3338 841; x_wconf 81' lang='grc' dir='ltr'><strong>μετ’</strong></span> <span class='ocrx_word' id='word_1_253' title='bbox 3384 770 3682 824; x_wconf 72' lang='grc' dir='ltr'><strong>ὶθελουσίου</strong></span> 
     </span>
    </p>
   </div>
   <div class='ocr_carea' id='block_1_36' title="bbox 2127 858 3682 933">
    <p class='ocr_par' dir='ltr' id='par_1_36' title="bbox 2127 858 3682 933">
     <span class='ocr_line' id='line_1_36' title="bbox 2127 858 3682 933; baseline -0.004 -18"><span class='ocrx_word' id='word_1_254' title='bbox 2127 861 2371 932; x_wconf 81' lang='grc' dir='ltr'><strong>γνώμης,</strong></span> <span class='ocrx_word' id='word_1_255' title='bbox 2426 862 2614 933; x_wconf 82' lang='grc' dir='ltr'><strong>ὥσπερ</strong></span> <span class='ocrx_word' id='word_1_256' title='bbox 2648 864 2696 916; x_wconf 87' lang='grc' dir='ltr'>οί</span> <span class='ocrx_word' id='word_1_257' title='bbox 2728 863 2938 926; x_wconf 82' lang='grc' dir='ltr'><strong>παῖδες.</strong></span> <span class='ocrx_word' id='word_1_258' title='bbox 2997 860 3266 931; x_wconf 80' lang='grc' dir='ltr'><strong>Ἀκριὸὦς</strong></span> <span class='ocrx_word' id='word_1_259' title='bbox 3323 858 3380 911; x_wconf 82' lang='grc' dir='ltr'><strong>δὲ</strong></span> <span class='ocrx_word' id='word_1_260' title='bbox 3442 859 3682 923; x_wconf 79' lang='grc' dir='ltr'><strong>καθάπερ</strong></span> 
     </span>
    </p>
   </div>
   <div class='ocr_carea' id='block_1_37' title="bbox 2126 948 3685 1024">
    <p class='ocr_par' dir='ltr' id='par_1_37' title="bbox 2126 948 3685 1024">
     <span class='ocr_line' id='line_1_37' title="bbox 2126 948 3685 1024; baseline -0.004 -18"><span class='ocrx_word' id='word_1_261' title='bbox 2126 953 2195 1006; x_wconf 88' lang='grc' dir='ltr'><strong>τὰ</strong></span> <span class='ocrx_word' id='word_1_262' title='bbox 2225 953 2360 1023; x_wconf 85' lang='grc' dir='ltr'><strong>μέλη</strong></span> <span class='ocrx_word' id='word_1_263' title='bbox 2385 969 2398 983; x_wconf 95' lang='grc'><strong>·</strong></span> <span class='ocrx_word' id='word_1_264' title='bbox 2429 952 2573 1006; x_wconf 84' lang='grc' dir='ltr'><strong>οὕτω</strong></span> <span class='ocrx_word' id='word_1_265' title='bbox 2597 953 2706 1024; x_wconf 80' lang='grc' dir='ltr'><strong>γὰρ</strong></span> <span class='ocrx_word' id='word_1_266' title='bbox 2744 955 2776 1023; x_wconf 83' lang='grc' dir='ltr'><strong>ἠ</strong></span> <span class='ocrx_word' id='word_1_267' title='bbox 2812 952 3040 1023; x_wconf 84' lang='grc' dir='ltr'><strong>λατρεία</strong></span> <span class='ocrx_word' id='word_1_268' title='bbox 3071 950 3361 1020; x_wconf 84' lang='grc' dir='ltr'><strong>θαυμαστὴ</strong></span> <span class='ocrx_word' id='word_1_269' title='bbox 3393 950 3488 1003; x_wconf 78' lang='grc' dir='ltr'><strong>καὶ</strong></span> <span class='ocrx_word' id='word_1_270' title='bbox 3518 948 3685 1010; x_wconf 74' lang='grc' dir='ltr'><strong>οὓτως</strong></span> 
     </span>
    </p>
   </div>
   <div class='ocr_carea' id='block_1_38' title="bbox 2127 1041 3682 1116">
    <p class='ocr_par' dir='ltr' id='par_1_38' title="bbox 2127 1041 3682 1116">
     <span class='ocr_line' id='line_1_38' title="bbox 2127 1041 3682 1116; baseline -0.004 -19"><span class='ocrx_word' id='word_1_271' title='bbox 2127 1045 2433 1115; x_wconf 72' lang='grc' dir='ltr'><strong>ὑπερφυὴς,</strong></span> <span class='ocrx_word' id='word_1_272' title='bbox 2461 1045 2604 1098; x_wconf 80' lang='grc' dir='ltr'><strong>ὥστε</strong></span> <span class='ocrx_word' id='word_1_273' title='bbox 2633 1046 2725 1097; x_wconf 77' lang='grc' dir='ltr'><strong>καὶ</strong></span> <span class='ocrx_word' id='word_1_274' title='bbox 2745 1044 2951 1116; x_wconf 83' lang='grc' dir='ltr'><strong>ταύτης</strong></span> <span class='ocrx_word' id='word_1_275' title='bbox 2978 1043 3241 1110; x_wconf 77' lang='grc' dir='ltr'><strong>κάκείνης</strong></span> <span class='ocrx_word' id='word_1_276' title='bbox 3265 1042 3343 1095; x_wconf 85' lang='grc' dir='ltr'><strong>δεῖ</strong></span> <span class='ocrx_word' id='word_1_277' title='bbox 3365 1042 3464 1111; x_wconf 85' lang='grc' dir='ltr'><strong>τῆς</strong></span> <span class='ocrx_word' id='word_1_278' title='bbox 3485 1041 3682 1103; x_wconf 78' lang='grc' dir='ltr'><strong>εἰκόνος</strong></span> 
     </span>
    </p>
   </div>
   <div class='ocr_carea' id='block_1_39' title="bbox 2127 1128 3681 1203">
    <p class='ocr_par' dir='ltr' id='par_1_39' title="bbox 2127 1128 3681 1203">
     <span class='ocr_line' id='line_1_39' title="bbox 2127 1128 3681 1203; baseline -0.005 -15"><span class='ocrx_word' id='word_1_279' title='bbox 2127 1135 2222 1190; x_wconf 81' lang='grc' dir='ltr'><strong>καὶ</strong></span> <span class='ocrx_word' id='word_1_280' title='bbox 2258 1136 2358 1203; x_wconf 85' lang='grc' dir='ltr'><strong>τῆς</strong></span> <span class='ocrx_word' id='word_1_281' title='bbox 2387 1135 2496 1188; x_wconf 85' lang='grc' dir='ltr'><strong>τῶν</strong></span> <span class='ocrx_word' id='word_1_282' title='bbox 2526 1136 2660 1188; x_wconf 73' lang='grc' dir='ltr'><strong>υἱῶν</strong></span> <span class='ocrx_word' id='word_1_283' title='bbox 2691 1135 2787 1188; x_wconf 76' lang='grc' dir='ltr'><strong>καὶ</strong></span> <span class='ocrx_word' id='word_1_284' title='bbox 2815 1136 2916 1197; x_wconf 69' lang='grc' dir='ltr'><strong>τῆς</strong></span> <span class='ocrx_word' id='word_1_285' title='bbox 2960 1135 3070 1187; x_wconf 82' lang='grc' dir='ltr'><strong>τῶν</strong></span> <span class='ocrx_word' id='word_1_286' title='bbox 3107 1131 3306 1202; x_wconf 86' lang='grc' dir='ltr'><strong>μελῶν,</strong></span> <span class='ocrx_word' id='word_1_287' title='bbox 3338 1131 3414 1192; x_wconf 83' lang='grc' dir='ltr'><strong>ὼς</strong></span> <span class='ocrx_word' id='word_1_288' title='bbox 3443 1128 3543 1182; x_wconf 81' lang='grc' dir='ltr'><strong>οὐκ</strong></span> <span class='ocrx_word' id='word_1_289' title='bbox 3584 1129 3681 1196; x_wconf 84' lang='grc' dir='ltr'><strong>ἀρ-</strong></span> 
     </span>
    </p>
   </div>
   <div class='ocr_carea' id='block_1_40' title="bbox 2127 1217 3683 1298">
    <p class='ocr_par' dir='ltr' id='par_1_40' title="bbox 2127 1217 3683 1298">
     <span class='ocr_line' id='line_1_40' title="bbox 2127 1217 3683 1298; baseline -0.004 -18"><span class='ocrx_word' id='word_1_290' title='bbox 2127 1227 2330 1296; x_wconf 83' lang='grc' dir='ltr'><strong>κούσης</strong></span> <span class='ocrx_word' id='word_1_291' title='bbox 2380 1227 2480 1296; x_wconf 85' lang='grc' dir='ltr'><strong>τῆς</strong></span> <span class='ocrx_word' id='word_1_292' title='bbox 2513 1227 2707 1298; x_wconf 75' lang='grc' dir='ltr'><strong>ἑτέρας</strong></span> <span class='ocrx_word' id='word_1_293' title='bbox 2749 1225 2812 1280; x_wconf 80' lang='grc' dir='ltr'><strong>τὸ</strong></span> <span class='ocrx_word' id='word_1_294' title='bbox 2847 1225 2907 1279; x_wconf 79' lang='grc' dir='ltr'><strong>ὃν</strong></span> <span class='ocrx_word' id='word_1_295' title='bbox 2945 1222 3304 1290; x_wconf 73' lang='grc' dir='ltr'><strong>ἐνδείξασθαι.</strong></span> <span class='ocrx_word' id='word_1_296' title='bbox 3337 1220 3403 1272; x_wconf 84' lang='grc' dir='ltr'><strong>Τί</strong></span> <span class='ocrx_word' id='word_1_297' title='bbox 3451 1219 3548 1289; x_wconf 75' lang='grc' dir='ltr'><strong>μὲν</strong></span> <span class='ocrx_word' id='word_1_298' title='bbox 3579 1217 3683 1286; x_wconf 85' lang='grc' dir='ltr'><strong>γὰρ</strong></span> 
     </span>
    </p>
   </div>
   <div class='ocr_carea' id='block_1_41' title="bbox 2127 1309 3680 1389">
    <p class='ocr_par' dir='ltr' id='par_1_41' title="bbox 2127 1309 3680 1389">
     <span class='ocr_line' id='line_1_41' title="bbox 2127 1309 3680 1389; baseline -0.008 -17"><span class='ocrx_word' id='word_1_299' title='bbox 2127 1316 2288 1372; x_wconf 81' lang='grc' dir='ltr'><strong>τοῦτο</strong></span> <span class='ocrx_word' id='word_1_300' title='bbox 2317 1317 2652 1388; x_wconf 70' lang='grc' dir='ltr'><strong>θαυμαστὸν,</strong></span> <span class='ocrx_word' id='word_1_301' title='bbox 2690 1317 2960 1389; x_wconf 83' lang='grc' dir='ltr'><strong>μηδεμίαν</strong></span> <span class='ocrx_word' id='word_1_302' title='bbox 2995 1316 3206 1386; x_wconf 83' lang='grc' dir='ltr'><strong>κίνησιν</strong></span> <span class='ocrx_word' id='word_1_303' title='bbox 3235 1312 3446 1367; x_wconf 74' lang='grc' dir='ltr'><strong>οἴκοθεν</strong></span> <span class='ocrx_word' id='word_1_304' title='bbox 3491 1309 3680 1371; x_wconf 80' lang='grc' dir='ltr'><strong>αὐτοὺς</strong></span> 
     </span>
    </p>
   </div>
   <div class='ocr_carea' id='block_1_42' title="bbox 2128 1399 3680 1481">
    <p class='ocr_par' dir='ltr' id='par_1_42' title="bbox 2128 1399 3680 1481">
     <span class='ocr_line' id='line_1_42' title="bbox 2128 1399 3680 1481; baseline -0.008 -17"><span class='ocrx_word' id='word_1_305' title='bbox 2128 1411 2523 1481; x_wconf 67' lang='grc' dir='ltr'><strong>κεκτημένους,</strong></span> <span class='ocrx_word' id='word_1_306' title='bbox 2555 1409 2746 1481; x_wconf 86' lang='grc' dir='ltr'><strong>ὥσπερ</strong></span> <span class='ocrx_word' id='word_1_307' title='bbox 2785 1409 2854 1462; x_wconf 74' lang='grc' dir='ltr'><strong>τὰ</strong></span> <span class='ocrx_word' id='word_1_308' title='bbox 2882 1407 3020 1479; x_wconf 84' lang='grc' dir='ltr'><strong>μέλη</strong></span> <span class='ocrx_word' id='word_1_309' title='bbox 3061 1407 3136 1468; x_wconf 82' lang='grc' dir='ltr'><strong>ὡς</strong></span> <span class='ocrx_word' id='word_1_310' title='bbox 3182 1403 3287 1458; x_wconf 75' lang='grc' dir='ltr'><strong>ὑπὸ</strong></span> <span class='ocrx_word' id='word_1_311' title='bbox 3318 1401 3562 1469; x_wconf 80' lang='grc' dir='ltr'><strong>κεφαλῆς</strong></span> <span class='ocrx_word' id='word_1_312' title='bbox 3593 1399 3680 1452; x_wconf 86' lang='grc' dir='ltr'><strong>τοῦ</strong></span> 
     </span>
    </p>
   </div>
   <div class='ocr_carea' id='block_1_43' title="bbox 2127 1495 3682 1570">
    <p class='ocr_par' dir='ltr' id='par_1_43' title="bbox 2127 1495 3682 1570">
     <span class='ocr_line' id='line_1_43' title="bbox 2127 1495 3682 1570; baseline -0.007 -17"><span class='ocrx_word' id='word_1_313' title='bbox 2127 1499 2263 1554; x_wconf 80' lang='grc' dir='ltr'><strong>Θεοῦ</strong></span> <span class='ocrx_word' id='word_1_314' title='bbox 2309 1500 2635 1570; x_wconf 84' lang='grc' dir='ltr'><strong>κινηθῆναι;</strong></span> <span class='ocrx_word' id='word_1_315' title='bbox 2671 1501 2737 1554; x_wconf 88' lang='grc' dir='ltr'>Τί</span> <span class='ocrx_word' id='word_1_316' title='bbox 2781 1499 2839 1553; x_wconf 75' lang='grc' dir='ltr'><strong>δὲ</strong></span> <span class='ocrx_word' id='word_1_317' title='bbox 2873 1501 3050 1552; x_wconf 75' lang='grc' dir='ltr'><strong>έκεῖνο</strong></span> <span class='ocrx_word' id='word_1_318' title='bbox 3079 1497 3242 1567; x_wconf 84' lang='grc' dir='ltr'><strong>μέγα,</strong></span> <span class='ocrx_word' id='word_1_319' title='bbox 3275 1495 3529 1562; x_wconf 86' lang='grc' dir='ltr'><strong>καθάπερ</strong></span> <span class='ocrx_word' id='word_1_320' title='bbox 3575 1495 3682 1554; x_wconf 84' lang='grc' dir='ltr'><strong>τοῖς</strong></span> 
     </span>
    </p>
   </div>
   <div class='ocr_carea' id='block_1_44' title="bbox 2127 1584 3688 1665">
    <p class='ocr_par' dir='ltr' id='par_1_44' title="bbox 2127 1584 3688 1665">
     <span class='ocr_line' id='line_1_44' title="bbox 2127 1584 3688 1665; baseline -0.007 -19"><span class='ocrx_word' id='word_1_321' title='bbox 2127 1594 2374 1662; x_wconf 76' lang='grc' dir='ltr'><strong>πατράσι</strong></span> <span class='ocrx_word' id='word_1_322' title='bbox 2400 1594 2500 1661; x_wconf 83' lang='grc' dir='ltr'><strong>τῆς</strong></span> <span class='ocrx_word' id='word_1_323' title='bbox 2527 1593 2730 1665; x_wconf 78' lang='grc' dir='ltr'><strong>σαρκὸς</strong></span> <span class='ocrx_word' id='word_1_324' title='bbox 2747 1591 2842 1662; x_wconf 71' lang='grc' dir='ltr'><strong>,τῷ</strong></span> <span class='ocrx_word' id='word_1_325' title='bbox 2867 1589 3042 1662; x_wconf 66' lang='grc' dir='ltr'><strong>πατρὶ⁵</strong></span> <span class='ocrx_word' id='word_1_326' title='bbox 3066 1589 3174 1642; x_wconf 85' lang='grc' dir='ltr'><strong>τῶν</strong></span> <span class='ocrx_word' id='word_1_327' title='bbox 3205 1587 3534 1656; x_wconf 80' lang='grc' dir='ltr'><strong>πνευμάτων</strong></span> <span class='ocrx_word' id='word_1_328' title='bbox 3561 1584 3688 1638; x_wconf 80' lang='grc' dir='ltr'><strong>ὑπο-</strong></span> 
     </span>
    </p>
   </div>
   <div class='ocr_carea' id='block_1_45' title="bbox 2126 1673 3681 1755">
    <p class='ocr_par' dir='ltr' id='par_1_45' title="bbox 2126 1673 3681 1755">
     <span class='ocr_line' id='line_1_45' title="bbox 2126 1673 3681 1755; baseline -0.012 -11"><span class='ocrx_word' id='word_1_329' title='bbox 2126 1686 2396 1754; x_wconf 77' lang='grc' dir='ltr'><strong>ταγῆναι;</strong></span> <span class='ocrx_word' id='word_1_330' title='bbox 2440 1686 2513 1740; x_wconf 82' lang='grc' dir='ltr'>Τὸ</span> <span class='ocrx_word' id='word_1_331' title='bbox 2551 1685 2610 1740; x_wconf 72' lang='grc' dir='ltr'><strong>δὲ</strong></span> <span class='ocrx_word' id='word_1_332' title='bbox 2643 1684 3054 1755; x_wconf 84' lang='grc' dir='ltr'><strong>συναμφότερον</strong></span> <span class='ocrx_word' id='word_1_333' title='bbox 3101 1679 3402 1750; x_wconf 80' lang='grc' dir='ltr'><strong>ὑπερφυὲς,</strong></span> <span class='ocrx_word' id='word_1_334' title='bbox 3431 1679 3557 1731; x_wconf 78' lang='grc' dir='ltr'><strong>ὅταν</strong></span> <span class='ocrx_word' id='word_1_335' title='bbox 3593 1673 3681 1727; x_wconf 91' lang='grc' dir='ltr'><strong>τοῦ</strong></span> 
     </span>
    </p>
   </div>
   <div class='ocr_carea' id='block_1_46' title="bbox 2126 1765 3684 1848">
    <p class='ocr_par' dir='ltr' id='par_1_46' title="bbox 2126 1765 3684 1848">
     <span class='ocr_line' id='line_1_46' title="bbox 2126 1765 3684 1848; baseline -0.008 -19"><span class='ocrx_word' id='word_1_336' title='bbox 2126 1777 2290 1846; x_wconf 82' lang='grc' dir='ltr'><strong>λόγου</strong></span> <span class='ocrx_word' id='word_1_337' title='bbox 2323 1777 2422 1848; x_wconf 83' lang='grc' dir='ltr'><strong>τὴν</strong></span> <span class='ocrx_word' id='word_1_338' title='bbox 2468 1776 2798 1847; x_wconf 75' lang='grc' dir='ltr'><strong>αὐτονομίαν</strong></span> <span class='ocrx_word' id='word_1_339' title='bbox 2849 1773 3113 1839; x_wconf 77' lang='grc' dir='ltr'><strong>σώζοντες</strong></span> <span class='ocrx_word' id='word_1_340' title='bbox 3147 1771 3338 1842; x_wconf 81' lang='grc' dir='ltr'><strong>ὥσπερ</strong></span> <span class='ocrx_word' id='word_1_341' title='bbox 3378 1770 3427 1821; x_wconf 86' lang='grc' dir='ltr'>οί</span> <span class='ocrx_word' id='word_1_342' title='bbox 3482 1765 3684 1829; x_wconf 79' lang='grc' dir='ltr'><strong>παῖδες,</strong></span> 
     </span>
    </p>
   </div>
   <div class='ocr_carea' id='block_1_47' title="bbox 2129 1862 3313 1939">
    <p class='ocr_par' dir='ltr' id='par_1_47' title="bbox 2129 1862 3313 1939">
     <span class='ocr_line' id='line_1_47' title="bbox 2129 1862 3313 1939; baseline -0.007 -15"><span class='ocrx_word' id='word_1_343' title='bbox 2129 1870 2468 1939; x_wconf 79' lang='grc' dir='ltr'><strong>ὑποταγῆναι</strong></span> <span class='ocrx_word' id='word_1_344' title='bbox 2499 1868 2816 1939; x_wconf 82' lang='grc' dir='ltr'><strong>δυνηθῶμεν</strong></span> <span class='ocrx_word' id='word_1_345' title='bbox 2838 1865 3024 1934; x_wconf 83' lang='grc' dir='ltr'><strong>ὥσπερ</strong></span> <span class='ocrx_word' id='word_1_346' title='bbox 3051 1866 3120 1917; x_wconf 76' lang='grc' dir='ltr'><strong>τὰ</strong></span> <span class='ocrx_word' id='word_1_347' title='bbox 3155 1862 3313 1932; x_wconf 82' lang='grc' dir='ltr'><strong>μέλη.</strong></span> 
     </span>
    </p>
   </div>
   <div class='ocr_carea' id='block_1_48' title="bbox 2200 1947 3681 2029">
    <p class='ocr_par' dir='ltr' id='par_1_48' title="bbox 2200 1947 3681 2029">
     <span class='ocr_line' id='line_1_48' title="bbox 2200 1947 3681 2029; baseline -0.011 -15"><span class='ocrx_word' id='word_1_348' title='bbox 2200 1961 2311 2014; x_wconf 79' lang='grc' dir='ltr'><strong>Καὶ</strong></span> <span class='ocrx_word' id='word_1_349' title='bbox 2343 1959 2500 2014; x_wconf 87' lang='grc' dir='ltr'><strong>τοῦτό</strong></span> <span class='ocrx_word' id='word_1_350' title='bbox 2531 1961 2648 2013; x_wconf 74' lang='grc' dir='ltr'><strong>ἐστι</strong></span> <span class='ocrx_word' id='word_1_351' title='bbox 2686 1959 2748 2011; x_wconf 85' lang='grc' dir='ltr'><strong>τὸ</strong></span> <span class='ocrx_word' id='word_1_352' title='bbox 2779 1957 2972 2029; x_wconf 85' lang='grc' dir='ltr'><strong>χρῆμα</strong></span> <span class='ocrx_word' id='word_1_353' title='bbox 2996 1957 3093 2020; x_wconf 80' lang='grc' dir='ltr'><strong>τῆς</strong></span> <span class='ocrx_word' id='word_1_354' title='bbox 3119 1952 3468 2024; x_wconf 75' lang='grc' dir='ltr'><strong>ὑμνουμένης</strong></span> <span class='ocrx_word' id='word_1_355' title='bbox 3513 1947 3681 2002; x_wconf 83' lang='grc' dir='ltr'><strong>υιοθε·</strong></span> 
     </span>
    </p>
   </div>
   <div class='ocr_carea' id='block_1_49' title="bbox 2131 2039 3684 2123">
    <p class='ocr_par' dir='ltr' id='par_1_49' title="bbox 2131 2039 3684 2123">
     <span class='ocr_line' id='line_1_49' title="bbox 2131 2039 3684 2123; baseline -0.01 -16"><span class='ocrx_word' id='word_1_356' title='bbox 2131 2053 2274 2118; x_wconf 91' lang='grc' dir='ltr'><strong>σίας,</strong></span> <span class='ocrx_word' id='word_1_357' title='bbox 2303 2054 2404 2107; x_wconf 77' lang='grc' dir='ltr'><strong>οὐκ</strong></span> <span class='ocrx_word' id='word_1_358' title='bbox 2438 2055 2529 2106; x_wconf 73' lang='grc' dir='ltr'><strong>ἐπὶ</strong></span> <span class='ocrx_word' id='word_1_359' title='bbox 2553 2053 2652 2123; x_wconf 86' lang='grc' dir='ltr'><strong>τῆς</strong></span> <span class='ocrx_word' id='word_1_360' title='bbox 2676 2052 2858 2120; x_wconf 84' lang='grc' dir='ltr'><strong>φωνῆς</strong></span> <span class='ocrx_word' id='word_1_361' title='bbox 2897 2048 3210 2118; x_wconf 74' lang='grc' dir='ltr'><strong>ἱσταμένης,</strong></span> <span class='ocrx_word' id='word_1_362' title='bbox 3236 2045 3426 2113; x_wconf 81' lang='grc' dir='ltr'><strong>ὥσπερ</strong></span> <span class='ocrx_word' id='word_1_363' title='bbox 3464 2041 3552 2095; x_wconf 74' lang='grc' dir='ltr'><strong>ἐπὶ</strong></span> <span class='ocrx_word' id='word_1_364' title='bbox 3583 2039 3684 2093; x_wconf 84' lang='grc' dir='ltr'><strong>τῶν</strong></span> 
     </span>
    </p>
   </div>
   <div class='ocr_carea' id='block_1_50' title="bbox 2130 2132 3686 2217">
    <p class='ocr_par' dir='ltr' id='par_1_50' title="bbox 2130 2132 3686 2217">
     <span class='ocr_line' id='line_1_50' title="bbox 2130 2132 3686 2217; baseline -0.012 -17"><span class='ocrx_word' id='word_1_365' title='bbox 2130 2146 2507 2217; x_wconf 78' lang='grc' dir='ltr'><strong>ἀνθρωπίνων,</strong></span> <span class='ocrx_word' id='word_1_366' title='bbox 2533 2145 2654 2199; x_wconf 70' lang='grc' dir='ltr'><strong>οὐδὲ</strong></span> <span class='ocrx_word' id='word_1_367' title='bbox 2685 2145 2846 2214; x_wconf 85' lang='grc' dir='ltr'><strong>μέχρι</strong></span> <span class='ocrx_word' id='word_1_368' title='bbox 2868 2143 3058 2197; x_wconf 84' lang='grc' dir='ltr'><strong>τούτου</strong></span> <span class='ocrx_word' id='word_1_369' title='bbox 3086 2139 3357 2210; x_wconf 84' lang='grc' dir='ltr'><strong>τιμώσης.</strong></span> <span class='ocrx_word' id='word_1_370' title='bbox 3391 2135 3508 2204; x_wconf 81' lang='grc' dir='ltr'><strong>Ἐφ’</strong></span> <span class='ocrx_word' id='word_1_371' title='bbox 3539 2132 3686 2202; x_wconf 70' lang='grc' dir='ltr'><strong>ἡμῶν</strong></span> 
     </span>
    </p>
   </div>
   <div class='ocr_carea' id='block_1_51' title="bbox 2133 2227 3688 2308">
    <p class='ocr_par' dir='ltr' id='par_1_51' title="bbox 2133 2227 3688 2308">
     <span class='ocr_line' id='line_1_51' title="bbox 2133 2227 3688 2308; baseline -0.01 -17"><span class='ocrx_word' id='word_1_372' title='bbox 2133 2239 2236 2308; x_wconf 80' lang='grc' dir='ltr'><strong>μὲν</strong></span> <span class='ocrx_word' id='word_1_373' title='bbox 2273 2237 2383 2307; x_wconf 88' lang='grc' dir='ltr'><strong>γὰρ</strong></span> <span class='ocrx_word' id='word_1_374' title='bbox 2429 2238 2479 2291; x_wconf 89' lang='lat' dir='ltr'><strong>0i</strong></span> <span class='ocrx_word' id='word_1_375' title='bbox 2537 2237 2752 2306; x_wconf 62' lang='grc' dir='ltr'><strong>ποιητοί</strong></span> <span class='ocrx_word' id='word_1_376' title='bbox 2807 2237 2920 2299; x_wconf 91' lang='grc' dir='ltr'><strong>τοῖς</strong></span> <span class='ocrx_word' id='word_1_377' title='bbox 2957 2232 3383 2303; x_wconf 85' lang='grc' dir='ltr'><strong>γεγεννημένοις</strong></span> <span class='ocrx_word' id='word_1_378' title='bbox 3435 2227 3688 2296; x_wconf 82' lang='grc' dir='ltr'><strong>ὀνόματος</strong></span> 
     </span>
    </p>
   </div>
   <div class='ocr_carea' id='block_1_52' title="bbox 2128 2316 3687 2400">
    <p class='ocr_par' dir='ltr' id='par_1_52' title="bbox 2128 2316 3687 2400">
     <span class='ocr_line' id='line_1_52' title="bbox 2128 2316 3687 2400; baseline -0.01 -18"><span class='ocrx_word' id='word_1_379' title='bbox 2128 2330 2448 2384; x_wconf 80' lang='grc' dir='ltr'><strong>κοινωνοῦσι</strong></span> <span class='ocrx_word' id='word_1_380' title='bbox 2480 2329 2662 2400; x_wconf 89' lang='grc' dir='ltr'><strong>μόνον,</strong></span> <span class='ocrx_word' id='word_1_381' title='bbox 2701 2329 2796 2383; x_wconf 79' lang='grc' dir='ltr'><strong>καὶ</strong></span> <span class='ocrx_word' id='word_1_382' title='bbox 2831 2328 2993 2398; x_wconf 77' lang='grc' dir='ltr'><strong>μέχρι</strong></span> <span class='ocrx_word' id='word_1_383' title='bbox 3010 2324 3201 2379; x_wconf 83' lang='grc' dir='ltr'><strong>τούτου</strong></span> <span class='ocrx_word' id='word_1_384' title='bbox 3230 2321 3414 2385; x_wconf 81' lang='grc' dir='ltr'><strong>κοινὸς</strong></span> <span class='ocrx_word' id='word_1_385' title='bbox 3447 2319 3624 2379; x_wconf 83' lang='grc' dir='ltr'><strong>αὐτοῖς</strong></span> <span class='ocrx_word' id='word_1_386' title='bbox 3661 2316 3687 2366; x_wconf 88' lang='grc' dir='ltr'>ὁ</span> 
     </span>
    </p>
   </div>
   <div class='ocr_carea' id='block_1_53' title="bbox 2128 2401 3687 2491">
    <p class='ocr_par' dir='ltr' id='par_1_53' title="bbox 2128 2401 3687 2491">
     <span class='ocr_line' id='line_1_53' title="bbox 2128 2401 3687 2491; baseline -0.013 -18"><span class='ocrx_word' id='word_1_387' title='bbox 2128 2419 2332 2491; x_wconf 80' lang='grc' dir='ltr'><strong>πατὴρ,</strong></span> <span class='ocrx_word' id='word_1_388' title='bbox 2367 2420 2622 2490; x_wconf 86' lang='grc' dir='ltr'><strong>γέννησις</strong></span> <span class='ocrx_word' id='word_1_389' title='bbox 2649 2419 2706 2472; x_wconf 79' lang='grc' dir='ltr'><strong>δὲ</strong></span> <span class='ocrx_word' id='word_1_390' title='bbox 2731 2416 2958 2486; x_wconf 75' lang='grc' dir='ltr'><strong>οὐδεμία</strong></span> <span class='ocrx_word' id='word_1_391' title='bbox 2980 2414 3100 2468; x_wconf 83' lang='grc' dir='ltr'><strong>οὐδὲ</strong></span> <span class='ocrx_word' id='word_1_392' title='bbox 3118 2412 3308 2473; x_wconf 81' lang='grc' dir='ltr'><strong>ὠδῖνες</strong></span> <span class='ocrx_word' id='word_1_393' title='bbox 3330 2425 3347 2443; x_wconf 89' lang='grc'><strong>·</strong></span> <span class='ocrx_word' id='word_1_394' title='bbox 3381 2405 3610 2463; x_wconf 73' lang='grc' dir='ltr'><strong>ἐνταῦθα</strong></span> <span class='ocrx_word' id='word_1_395' title='bbox 3635 2401 3687 2453; x_wconf 83' lang='grc' dir='ltr'><strong>δὲ</strong></span> 
     </span>
    </p>
   </div>
   <div class='ocr_carea' id='block_1_54' title="bbox 2127 2495 3684 2582">
    <p class='ocr_par' dir='ltr' id='par_1_54' title="bbox 2127 2495 3684 2582">
     <span class='ocr_line' id='line_1_54' title="bbox 2127 2495 3684 2582; baseline -0.013 -16"><span class='ocrx_word' id='word_1_396' title='bbox 2127 2512 2223 2566; x_wconf 70' lang='grc' dir='ltr'><strong>καὶ</strong></span> <span class='ocrx_word' id='word_1_397' title='bbox 2264 2511 2513 2582; x_wconf 84' lang='grc' dir='ltr'><strong>γέννησίς</strong></span> <span class='ocrx_word' id='word_1_398' title='bbox 2541 2511 2692 2564; x_wconf 66' lang='grc' dir='ltr'><strong>ἐστιν</strong></span> <span class='ocrx_word' id='word_1_399' title='bbox 2752 2507 2969 2576; x_wconf 82' lang='grc' dir='ltr'><strong>ἀληθῶς</strong></span> <span class='ocrx_word' id='word_1_400' title='bbox 3002 2507 3096 2560; x_wconf 78' lang='grc' dir='ltr'><strong>καὶ</strong></span> <span class='ocrx_word' id='word_1_401' title='bbox 3141 2500 3401 2556; x_wconf 79' lang='grc' dir='ltr'><strong>κοινωνία</strong></span> <span class='ocrx_word' id='word_1_402' title='bbox 3444 2497 3575 2567; x_wconf 76' lang='grc' dir='ltr'>πρὸς</span> <span class='ocrx_word' id='word_1_403' title='bbox 3598 2495 3684 2548; x_wconf 84' lang='grc' dir='ltr'><strong>τὸν</strong></span> 
     </span>
    </p>
   </div>
   <div class='ocr_carea' id='block_1_55' title="bbox 2125 2593 3686 2674">
    <p class='ocr_par' dir='ltr' id='par_1_55' title="bbox 2125 2593 3686 2674">
     <span class='ocr_line' id='line_1_55' title="bbox 2125 2593 3686 2674; baseline -0.013 -15"><span class='ocrx_word' id='word_1_404' title='bbox 2125 2602 2426 2674; x_wconf 80' lang='grc' dir='ltr'><strong>Μονογενῆ,</strong></span> <span class='ocrx_word' id='word_1_405' title='bbox 2462 2604 2524 2657; x_wconf 81' lang='grc' dir='ltr'><strong>οὐ</strong></span> <span class='ocrx_word' id='word_1_406' title='bbox 2563 2605 2663 2673; x_wconf 88' lang='grc' dir='ltr'><strong>τῆς</strong></span> <span class='ocrx_word' id='word_1_407' title='bbox 2692 2601 3009 2670; x_wconf 67' lang='grc' dir='ltr'><strong>ἐπωνυμίας</strong></span> <span class='ocrx_word' id='word_1_408' title='bbox 3038 2598 3218 2667; x_wconf 81' lang='grc' dir='ltr'><strong>μόνον⁹</strong></span> <span class='ocrx_word' id='word_1_409' title='bbox 3251 2593 3396 2650; x_wconf 73' lang='grc' dir='ltr'><strong>ἀλλὰ</strong></span> <span class='ocrx_word' id='word_1_410' title='bbox 3431 2593 3524 2645; x_wconf 76' lang='grc' dir='ltr'><strong>καὶ</strong></span> <span class='ocrx_word' id='word_1_411' title='bbox 3557 2604 3686 2656; x_wconf 88' lang='grc' dir='ltr'>πρα-</span> 
     </span>
    </p>
   </div>
   <div class='ocr_carea' id='block_1_56' title="bbox 2125 2681 3682 2768">
    <p class='ocr_par' dir='ltr' id='par_1_56' title="bbox 2125 2681 3682 2768">
     <span class='ocr_line' id='line_1_56' title="bbox 2125 2681 3682 2768; baseline -0.008 -14"><span class='ocrx_word' id='word_1_412' title='bbox 2125 2700 2352 2768; x_wconf 85' lang='grc' dir='ltr'><strong>γμάτων</strong></span> <span class='ocrx_word' id='word_1_413' title='bbox 2371 2696 2572 2761; x_wconf 79' lang='grc' dir='ltr'><strong>αὐτῶν,</strong></span> <span class='ocrx_word' id='word_1_414' title='bbox 2589 2695 2684 2750; x_wconf 85' lang='grc' dir='ltr'><strong>τοῦ</strong></span> <span class='ocrx_word' id='word_1_415' title='bbox 2707 2695 2962 2764; x_wconf 75' lang='grc' dir='ltr'><strong>αἵματος,</strong></span> <span class='ocrx_word' id='word_1_416' title='bbox 2980 2691 3074 2745; x_wconf 89' lang='grc' dir='ltr'><strong>τοῦ</strong></span> <span class='ocrx_word' id='word_1_417' title='bbox 3099 2691 3377 2759; x_wconf 82' lang='grc' dir='ltr'><strong>σώματος,</strong></span> <span class='ocrx_word' id='word_1_418' title='bbox 3394 2686 3492 2753; x_wconf 86' lang='grc' dir='ltr'><strong>τῆς</strong></span> <span class='ocrx_word' id='word_1_419' title='bbox 3527 2681 3682 2748; x_wconf 77' lang='grc' dir='ltr'><strong>ζωῆς·</strong></span> 
     </span>
    </p>
   </div>
   <div class='ocr_carea' id='block_1_57' title="bbox 2124 2777 3686 2860">
    <p class='ocr_par' dir='ltr' id='par_1_57' title="bbox 2124 2777 3686 2860">
     <span class='ocr_line' id='line_1_57' title="bbox 2124 2777 3686 2860; baseline -0.013 -15"><span class='ocrx_word' id='word_1_420' title='bbox 2124 2793 2233 2846; x_wconf 65' lang='grc' dir='ltr'><strong>Καὶ</strong></span> <span class='ocrx_word' id='word_1_421' title='bbox 2260 2791 2315 2843; x_wconf 84' lang='grc' dir='ltr'><strong>τί</strong></span> <span class='ocrx_word' id='word_1_422' title='bbox 2343 2788 2450 2860; x_wconf 78' lang='grc' dir='ltr'><strong>γὰρ</strong></span> <span class='ocrx_word' id='word_1_423' title='bbox 2490 2788 2676 2860; x_wconf 80' lang='grc' dir='ltr'><strong>μεῖζον</strong></span> <span class='ocrx_word' id='word_1_424' title='bbox 2708 2787 2742 2856; x_wconf 80' lang='grc' dir='ltr'><strong>ἢ</strong></span> <span class='ocrx_word' id='word_1_425' title='bbox 2766 2787 2894 2840; x_wconf 83' lang='grc' dir='ltr'><strong>ὃταν</strong></span> <span class='ocrx_word' id='word_1_426' title='bbox 2920 2784 3082 2847; x_wconf 77' lang='grc' dir='ltr'><strong>αὐτὸς</strong></span> <span class='ocrx_word' id='word_1_427' title='bbox 3109 2785 3135 2836; x_wconf 86' lang='grc' dir='ltr'>ὁ</span> <span class='ocrx_word' id='word_1_428' title='bbox 3160 2780 3358 2849; x_wconf 80' lang='grc' dir='ltr'><strong>Πατὴρ</strong></span> <span class='ocrx_word' id='word_1_429' title='bbox 3388 2777 3480 2832; x_wconf 88' lang='grc' dir='ltr'><strong>τοῦ</strong></span> <span class='ocrx_word' id='word_1_430' title='bbox 3527 2777 3686 2829; x_wconf 86' lang='grc' dir='ltr'><strong>Μονο-</strong></span> 
     </span>
    </p>
   </div>
   <div class='ocr_carea' id='block_1_58' title="bbox 2124 2865 3680 2952">
    <p class='ocr_par' dir='ltr' id='par_1_58' title="bbox 2124 2865 3680 2952">
     <span class='ocr_line' id='line_1_58' title="bbox 2124 2865 3680 2952; baseline -0.012 -16"><span class='ocrx_word' id='word_1_431' title='bbox 2124 2883 2314 2952; x_wconf 81' lang='grc' dir='ltr'><strong>γενοῦς</strong></span> <span class='ocrx_word' id='word_1_432' title='bbox 2366 2884 2424 2935; x_wconf 78' lang='grc' dir='ltr'><strong>ἐν</strong></span> <span class='ocrx_word' id='word_1_433' title='bbox 2451 2883 2584 2951; x_wconf 78' lang='grc' dir='ltr'><strong>ἡμῖν</strong></span> <span class='ocrx_word' id='word_1_434' title='bbox 2637 2878 2981 2949; x_wconf 69' lang='grc' dir='ltr'><strong>ἐπιγινώσκῃ</strong></span> <span class='ocrx_word' id='word_1_435' title='bbox 3024 2877 3093 2929; x_wconf 83' lang='grc' dir='ltr'><strong>τὰ</strong></span> <span class='ocrx_word' id='word_1_436' title='bbox 3146 2874 3304 2945; x_wconf 78' lang='grc' dir='ltr'><strong>μέλῃ,</strong></span> <span class='ocrx_word' id='word_1_437' title='bbox 3345 2874 3475 2927; x_wconf 71' lang='grc' dir='ltr'><strong>ὅταν</strong></span> <span class='ocrx_word' id='word_1_438' title='bbox 3519 2865 3680 2935; x_wconf 79' lang='grc' dir='ltr'><strong>αὐτὴν</strong></span> 
     </span>
    </p>
   </div>
   <div class='ocr_carea' id='block_1_59' title="bbox 2123 2959 3682 3045">
    <p class='ocr_par' dir='ltr' id='par_1_59' title="bbox 2123 2959 3682 3045">
     <span class='ocr_line' id='line_1_59' title="bbox 2123 2959 3682 3045; baseline -0.012 -18"><span class='ocrx_word' id='word_1_439' title='bbox 2123 2975 2356 3045; x_wconf 80' lang='grc' dir='ltr'><strong>εὑρίσκῃ</strong></span> <span class='ocrx_word' id='word_1_440' title='bbox 2385 2975 2484 3040; x_wconf 77' lang='grc' dir='ltr'><strong>τὴν</strong></span> <span class='ocrx_word' id='word_1_441' title='bbox 2528 2970 2739 3041; x_wconf 71' lang='grc' dir='ltr'><strong>μορφὴν</strong></span> <span class='ocrx_word' id='word_1_442' title='bbox 2759 2968 2854 3023; x_wconf 90' lang='grc' dir='ltr'><strong>τοῦ</strong></span> <span class='ocrx_word' id='word_1_443' title='bbox 2888 2967 3076 3028; x_wconf 82' lang='grc' dir='ltr'><strong>παιδὸς</strong></span> <span class='ocrx_word' id='word_1_444' title='bbox 3106 2967 3201 3020; x_wconf 75' lang='grc' dir='ltr'><strong>ἐπὶ</strong></span> <span class='ocrx_word' id='word_1_445' title='bbox 3240 2964 3358 3016; x_wconf 86' lang='grc' dir='ltr'><strong>τῶν</strong></span> <span class='ocrx_word' id='word_1_446' title='bbox 3389 2959 3682 3032; x_wconf 83' lang='grc' dir='ltr'><strong>προσώπων</strong></span> 
     </span>
    </p>
   </div>
   <div class='ocr_carea' id='block_1_60' title="bbox 2121 3050 3683 3134">
    <p class='ocr_par' dir='ltr' id='par_1_60' title="bbox 2121 3050 3683 3134">
     <span class='ocr_line' id='line_1_60' title="bbox 2121 3050 3683 3134; baseline -0.012 -17"><span class='ocrx_word' id='word_1_447' title='bbox 2121 3066 2230 3117; x_wconf 83' lang='grc' dir='ltr'><strong>τῶν</strong></span> <span class='ocrx_word' id='word_1_448' title='bbox 2260 3062 2567 3134; x_wconf 73' lang='grc' dir='ltr'><strong>ἡμετέρων.</strong></span> <span class='ocrx_word' id='word_1_449' title='bbox 2617 3080 2636 3113; x_wconf 76' lang='grc' dir='ltr'><strong>ι</strong></span> <span class='ocrx_word' id='word_1_450' title='bbox 2671 3059 3039 3130; x_wconf 79' lang='grc' dir='ltr'><strong>Συμμόρφους</strong></span> <span class='ocrx_word' id='word_1_451' title='bbox 3070 3057 3199 3125; x_wconf 87' lang='grc' dir='ltr'><strong>γὰρ,</strong></span> <span class='ocrx_word' id='word_1_452' title='bbox 3235 3055 3396 3124; x_wconf 62' lang='grc' dir='ltr'><strong>φησὶ,</strong></span> <span class='ocrx_word' id='word_1_453' title='bbox 3423 3050 3683 3124; x_wconf 83' lang='grc' dir='ltr'><strong>προώρισε</strong></span> 
     </span>
    </p>
   </div>
   <div class='ocr_carea' id='block_1_61' title="bbox 2121 3139 3684 3225">
    <p class='ocr_par' dir='ltr' id='par_1_61' title="bbox 2121 3139 3684 3225">
     <span class='ocr_line' id='line_1_61' title="bbox 2121 3139 3684 3225; baseline -0.012 -18"><span class='ocrx_word' id='word_1_454' title='bbox 2121 3155 2221 3225; x_wconf 88' lang='grc' dir='ltr'><strong>τῆς</strong></span> <span class='ocrx_word' id='word_1_455' title='bbox 2277 3153 2482 3214; x_wconf 89' lang='grc' dir='ltr'><strong>είκόνος</strong></span> <span class='ocrx_word' id='word_1_456' title='bbox 2519 3152 2614 3204; x_wconf 82' lang='grc' dir='ltr'><strong>τοῦ</strong></span> <span class='ocrx_word' id='word_1_457' title='bbox 2669 3151 2797 3204; x_wconf 80' lang='grc' dir='ltr'><strong>Υίοῦ</strong></span> <span class='ocrx_word' id='word_1_458' title='bbox 2848 3149 3034 3204; x_wconf 84' lang='grc' dir='ltr'><strong>αὑτοῦ.</strong></span> <span class='ocrx_word' id='word_1_459' title='bbox 3095 3166 3114 3199; x_wconf 74' lang='grc' dir='ltr'><strong>ι</strong></span> <span class='ocrx_word' id='word_1_460' title='bbox 3150 3147 3259 3199; x_wconf 76' lang='grc' dir='ltr'><strong>Καὶ</strong></span> <span class='ocrx_word' id='word_1_461' title='bbox 3301 3146 3365 3198; x_wconf 83' lang='grc' dir='ltr'><strong>τι</strong></span> <span class='ocrx_word' id='word_1_462' title='bbox 3411 3146 3552 3208; x_wconf 85' lang='grc' dir='ltr'><strong>λέγω</strong></span> <span class='ocrx_word' id='word_1_463' title='bbox 3592 3139 3684 3208; x_wconf 84' lang='grc' dir='ltr'><strong>τὴν</strong></span> 
     </span>
    </p>
   </div>
   <div class='ocr_carea' id='block_1_62' title="bbox 446 3233 2019 3316">
    <p class='ocr_par' dir='ltr' id='par_1_62' title="bbox 446 3233 2009 3304">
     <span class='ocr_line' id='line_1_62' title="bbox 446 3233 2009 3304; baseline -0.001 -16"><span class='ocrx_word' id='word_1_464' title='bbox 446 3234 595 3288; x_wconf 88' lang='lat' dir='ltr'><strong>tione</strong></span> <span class='ocrx_word' id='word_1_465' title='bbox 627 3233 910 3288; x_wconf 88' lang='lat' dir='ltr'><strong>astrictius</strong></span> <span class='ocrx_word' id='word_1_466' title='bbox 942 3233 1196 3300; x_wconf 86' lang='lat' dir='ltr'><strong>quiddam</strong></span> <span class='ocrx_word' id='word_1_467' title='bbox 1231 3234 1517 3303; x_wconf 79' lang='lat' dir='ltr'><strong>magisque</strong></span> <span class='ocrx_word' id='word_1_468' title='bbox 1563 3243 1852 3304; x_wconf 81' lang='lat' dir='ltr'><strong>cognatum</strong></span> <span class='ocrx_word' id='word_1_469' title='bbox 1914 3234 2009 3300; x_wconf 87' lang='lat' dir='ltr'><strong>sit,</strong></span> 
     </span>
    </p>
   </div>
   <div class='ocr_carea' id='block_1_63' title="bbox 2122 3233 3684 3316">
    <p class='ocr_par' dir='ltr' id='par_1_63' title="bbox 2124 3238 3684 3316">
     <span class='ocr_line' id='line_1_63' title="bbox 2124 3238 3684 3316; baseline -0.01 -16"><span class='ocrx_word' id='word_1_470' title='bbox 2124 3249 2347 3314; x_wconf 81' lang='grc' dir='ltr'><strong>υίότητα</strong></span> <span class='ocrx_word' id='word_1_471' title='bbox 2392 3245 2490 3316; x_wconf 86' lang='grc' dir='ltr'><strong>τὴν</strong></span> <span class='ocrx_word' id='word_1_472' title='bbox 2521 3243 2916 3313; x_wconf 86' lang='grc' dir='ltr'><strong>πεποιημένην,</strong></span> <span class='ocrx_word' id='word_1_473' title='bbox 2963 3243 3094 3296; x_wconf 81' lang='grc' dir='ltr'><strong>ὅταν</strong></span> <span class='ocrx_word' id='word_1_474' title='bbox 3121 3239 3220 3309; x_wconf 88' lang='grc' dir='ltr'><strong>τῆς</strong></span> <span class='ocrx_word' id='word_1_475' title='bbox 3262 3238 3507 3308; x_wconf 81' lang='grc' dir='ltr'><strong>φυσικῆς</strong></span> <span class='ocrx_word' id='word_1_476' title='bbox 3528 3247 3684 3301; x_wconf 74' lang='grc' dir='ltr'>προσ-</span> 
     </span>
    </p>
   </div>
   <div class='ocr_carea' id='block_1_64' title="bbox 442 3322 2019 3408">
    <p class='ocr_par' dir='ltr' id='par_1_64' title="bbox 442 3322 2018 3396">
     <span class='ocr_line' id='line_1_64' title="bbox 442 3322 2018 3396; baseline 0 -16"><span class='ocrx_word' id='word_1_477' title='bbox 442 3332 498 3380; x_wconf 88' lang='lat' dir='ltr'><strong>et</strong></span> <span class='ocrx_word' id='word_1_478' title='bbox 525 3325 597 3379; x_wconf 89' lang='lat' dir='ltr'><strong>ita</strong></span> <span class='ocrx_word' id='word_1_479' title='bbox 617 3323 730 3378; x_wconf 90' lang='lat' dir='ltr'><strong>nati</strong></span> <span class='ocrx_word' id='word_1_480' title='bbox 754 3325 926 3394; x_wconf 84' lang='lat' dir='ltr'><strong>magis</strong></span> <span class='ocrx_word' id='word_1_481' title='bbox 953 3322 1044 3376; x_wconf 84' lang='lat' dir='ltr'><strong>Dei</strong></span> <span class='ocrx_word' id='word_1_482' title='bbox 1065 3323 1159 3378; x_wconf 88' lang='lat' dir='ltr'><strong>ﬁlii</strong></span> <span class='ocrx_word' id='word_1_483' title='bbox 1189 3325 1319 3390; x_wconf 91' lang='lat' dir='ltr'><strong>sint,</strong></span> <span class='ocrx_word' id='word_1_484' title='bbox 1345 3340 1506 3394; x_wconf 89' lang='lat' dir='ltr'><strong>quam</strong></span> <span class='ocrx_word' id='word_1_485' title='bbox 1537 3340 1726 3380; x_wconf 84' lang='lat' dir='ltr'><strong>eorum</strong></span> <span class='ocrx_word' id='word_1_486' title='bbox 1758 3325 1848 3396; x_wconf 92' lang='lat' dir='ltr'><strong>qui</strong></span> <span class='ocrx_word' id='word_1_487' title='bbox 1872 3323 2018 3394; x_wconf 90' lang='lat' dir='ltr'><strong>ipsos</strong></span> 
     </span>
    </p>
   </div>
   <div class='ocr_carea' id='block_1_65' title="bbox 2122 3322 3686 3408">
    <p class='ocr_par' dir='ltr' id='par_1_65' title="bbox 2123 3325 3686 3408">
     <span class='ocr_line' id='line_1_65' title="bbox 2123 3325 3686 3408; baseline -0.011 -16"><span class='ocrx_word' id='word_1_488' title='bbox 2123 3340 2419 3408; x_wconf 78' lang='grc' dir='ltr'><strong>φυέστερον</strong></span> <span class='ocrx_word' id='word_1_489' title='bbox 2468 3337 2564 3391; x_wconf 77' lang='grc' dir='ltr'><strong>καὶ</strong></span> <span class='ocrx_word' id='word_1_490' title='bbox 2621 3336 3046 3404; x_wconf 83' lang='grc' dir='ltr'><strong>συγγενέστερον</strong></span> <span class='ocrx_word' id='word_1_491' title='bbox 3097 3331 3233 3405; x_wconf 74' lang='grc' dir='ltr'><strong>ἔχῃ,</strong></span> <span class='ocrx_word' id='word_1_492' title='bbox 3303 3331 3409 3385; x_wconf 81' lang='grc' dir='ltr'><strong>καὶ</strong></span> <span class='ocrx_word' id='word_1_493' title='bbox 3454 3330 3501 3382; x_wconf 92' lang='grc' dir='ltr'><strong>οί</strong></span> <span class='ocrx_word' id='word_1_494' title='bbox 3553 3325 3686 3379; x_wconf 77' lang='grc' dir='ltr'><strong>οὕτω</strong></span> 
     </span>
    </p>
   </div>
   <div class='ocr_carea' id='block_1_66' title="bbox 443 3415 2019 3500">
    <p class='ocr_par' dir='ltr' id='par_1_66' title="bbox 443 3415 2016 3488">
     <span class='ocr_line' id='line_1_66' title="bbox 443 3415 2016 3488; baseline -0.001 -15"><span class='ocrx_word' id='word_1_495' title='bbox 443 3417 740 3473; x_wconf 83' lang='lat' dir='ltr'><strong>secundum</strong></span> <span class='ocrx_word' id='word_1_496' title='bbox 799 3431 1002 3486; x_wconf 88' lang='lat' dir='ltr'><strong>corpus</strong></span> <span class='ocrx_word' id='word_1_497' title='bbox 1029 3428 1392 3488; x_wconf 81' lang='lat' dir='ltr'><strong>procreat-unt</strong></span> <span class='ocrx_word' id='word_1_498' title='bbox 1419 3435 1433 3473; x_wconf 91' lang='lat'><strong>:</strong></span> <span class='ocrx_word' id='word_1_499' title='bbox 1469 3415 1633 3486; x_wconf 90' lang='lat' dir='ltr'><strong>idque</strong></span> <span class='ocrx_word' id='word_1_500' title='bbox 1660 3432 1726 3473; x_wconf 90' lang='lat' dir='ltr'><strong>eo</strong></span> <span class='ocrx_word' id='word_1_501' title='bbox 1759 3417 2016 3487; x_wconf 86' lang='lat' dir='ltr'><strong>amplius,</strong></span> 
     </span>
    </p>
   </div>
   <div class='ocr_carea' id='block_1_67' title="bbox 2122 3415 3686 3500">
    <p class='ocr_par' dir='ltr' id='par_1_67' title="bbox 2123 3421 3686 3500">
     <span class='ocr_line' id='line_1_67' title="bbox 2123 3421 3686 3500; baseline -0.01 -18"><span class='ocrx_word' id='word_1_502' title='bbox 2123 3429 2470 3500; x_wconf 78' lang='grc' dir='ltr'><strong>γεννηθέντες</strong></span> <span class='ocrx_word' id='word_1_503' title='bbox 2499 3428 2605 3480; x_wconf 78' lang='grc' dir='ltr'><strong>υἱοὶ</strong></span> <span class='ocrx_word' id='word_1_504' title='bbox 2635 3427 2770 3480; x_wconf 85' lang='grc' dir='ltr'><strong>Θεοῦ</strong></span> <span class='ocrx_word' id='word_1_505' title='bbox 2823 3426 3027 3496; x_wconf 80' lang='grc' dir='ltr'><strong>μᾶλλον</strong></span> <span class='ocrx_word' id='word_1_506' title='bbox 3077 3423 3110 3494; x_wconf 80' lang='grc' dir='ltr'><strong>ἢ</strong></span> <span class='ocrx_word' id='word_1_507' title='bbox 3140 3422 3252 3476; x_wconf 84' lang='grc' dir='ltr'><strong>τῶν</strong></span> <span class='ocrx_word' id='word_1_508' title='bbox 3281 3421 3686 3490; x_wconf 79' lang='grc' dir='ltr'><strong>γεγεννηκότων</strong></span> 
     </span>
    </p>
   </div>
   <div class='ocr_carea' id='block_1_68' title="bbox 442 3509 2019 3588">
    <p class='ocr_par' dir='ltr' id='par_1_68' title="bbox 442 3509 2019 3579">
     <span class='ocr_line' id='line_1_68' title="bbox 442 3509 2019 3579; baseline 0 -16"><span class='ocrx_word' id='word_1_509' title='bbox 442 3518 648 3579; x_wconf 83' lang='lat' dir='ltr'><strong>quanto</strong></span> <span class='ocrx_word' id='word_1_510' title='bbox 691 3509 924 3577; x_wconf 87' lang='lat' dir='ltr'><strong>amplius</strong></span> <span class='ocrx_word' id='word_1_511' title='bbox 959 3509 1201 3573; x_wconf 89' lang='lat' dir='ltr'><strong>illorum,</strong></span> <span class='ocrx_word' id='word_1_512' title='bbox 1236 3524 1399 3579; x_wconf 92' lang='lat' dir='ltr'><strong>quam</strong></span> <span class='ocrx_word' id='word_1_513' title='bbox 1429 3512 1670 3564; x_wconf 74' lang='lat' dir='ltr'><strong>materia:</strong></span> <span class='ocrx_word' id='word_1_514' title='bbox 1692 3509 1760 3564; x_wconf 86' lang='lat' dir='ltr'><strong>ad</strong></span> <span class='ocrx_word' id='word_1_515' title='bbox 1791 3523 2019 3579; x_wconf 78' lang='lat' dir='ltr'><strong>concep—</strong></span> 
     </span>
    </p>
   </div>
   <div class='ocr_carea' id='block_1_69' title="bbox 2122 3509 3684 3588">
    <p class='ocr_par' dir='ltr' id='par_1_69' title="bbox 2123 3509 3684 3588">
     <span class='ocr_line' id='line_1_69' title="bbox 2123 3509 3684 3588; baseline -0.008 -12"><span class='ocrx_word' id='word_1_516' title='bbox 2123 3521 2328 3586; x_wconf 83' lang='grc' dir='ltr'><strong>αὐτῶν,</strong></span> <span class='ocrx_word' id='word_1_517' title='bbox 2355 3521 2449 3575; x_wconf 78' lang='grc' dir='ltr'>καὶ</span> <span class='ocrx_word' id='word_1_518' title='bbox 2473 3520 2694 3573; x_wconf 83' lang='grc' dir='ltr'><strong>τοσοῦτο</strong></span> <span class='ocrx_word' id='word_1_519' title='bbox 2736 3519 2962 3588; x_wconf 79' lang='grc' dir='ltr'><strong>μᾶλλον,</strong></span> <span class='ocrx_word' id='word_1_520' title='bbox 3010 3519 3134 3573; x_wconf 79' lang='grc' dir='ltr'>ὅσον</span> <span class='ocrx_word' id='word_1_521' title='bbox 3161 3515 3402 3568; x_wconf 75' lang='grc' dir='ltr'><strong>ἐκείνων</strong></span> <span class='ocrx_word' id='word_1_522' title='bbox 3435 3513 3630 3584; x_wconf 75' lang='grc' dir='ltr'><strong>μᾶλλον</strong></span> <span class='ocrx_word' id='word_1_523' title='bbox 3654 3509 3684 3580; x_wconf 82' lang='grc' dir='ltr'>ἢ</span> 
     </span>
    </p>
   </div>
   <div class='ocr_carea' id='block_1_70' title="bbox 444 3599 2019 3681">
    <p class='ocr_par' dir='ltr' id='par_1_70' title="bbox 444 3599 2019 3671">
     <span class='ocr_line' id='line_1_70' title="bbox 444 3599 2019 3671; baseline 0 -15"><span class='ocrx_word' id='word_1_524' title='bbox 444 3613 560 3656; x_wconf 87' lang='lat' dir='ltr'><strong>tum</strong></span> <span class='ocrx_word' id='word_1_525' title='bbox 615 3601 910 3670; x_wconf 67' lang='lat' dir='ltr'><strong>suppositae</strong></span> <span class='ocrx_word' id='word_1_526' title='bbox 941 3609 1088 3656; x_wconf 90' lang='lat' dir='ltr'><strong>sunt.</strong></span> <span class='ocrx_word' id='word_1_527' title='bbox 1106 3599 1248 3667; x_wconf 83' lang='lat' dir='ltr'><strong>Quid</strong></span> <span class='ocrx_word' id='word_1_528' title='bbox 1301 3600 1446 3657; x_wconf 90' lang='lat' dir='ltr'><strong>enim</strong></span> <span class='ocrx_word' id='word_1_529' title='bbox 1468 3609 1574 3668; x_wconf 89' lang='lat' dir='ltr'><strong>est,</strong></span> <span class='ocrx_word' id='word_1_530' title='bbox 1592 3601 1734 3670; x_wconf 89' lang='lat' dir='ltr'><strong>quod</strong></span> <span class='ocrx_word' id='word_1_531' title='bbox 1757 3616 1914 3657; x_wconf 90' lang='lat' dir='ltr'><strong>veros</strong></span> <span class='ocrx_word' id='word_1_532' title='bbox 1931 3616 2019 3671; x_wconf 87' lang='lat' dir='ltr'><strong>pa-</strong></span> 
     </span>
    </p>
   </div>
   <div class='ocr_carea' id='block_1_71' title="bbox 2122 3599 3686 3681">
    <p class='ocr_par' dir='ltr' id='par_1_71' title="bbox 2124 3603 3686 3681">
     <span class='ocr_line' id='line_1_71' title="bbox 2124 3603 3686 3681; baseline -0.009 -15"><span class='ocrx_word' id='word_1_533' title='bbox 2124 3613 2233 3666; x_wconf 81' lang='grc' dir='ltr'><strong>τῶν</strong></span> <span class='ocrx_word' id='word_1_534' title='bbox 2290 3611 2742 3681; x_wconf 79' lang='grc' dir='ltr'><strong>ὑποσα).λομὲνων</strong></span> <span class='ocrx_word' id='word_1_535' title='bbox 2795 3609 2936 3674; x_wconf 74' lang='lat' dir='ltr'><strong>sici;</strong></span> <span class='ocrx_word' id='word_1_536' title='bbox 2998 3608 3064 3660; x_wconf 90' lang='grc' dir='ltr'><strong>Τί</strong></span> <span class='ocrx_word' id='word_1_537' title='bbox 3109 3608 3216 3677; x_wconf 81' lang='grc' dir='ltr'><strong>γάρ</strong></span> <span class='ocrx_word' id='word_1_538' title='bbox 3271 3609 3456 3671; x_wconf 72' lang='grc' dir='ltr'><strong>ἐστιν,</strong></span> <span class='ocrx_word' id='word_1_539' title='bbox 3503 3605 3530 3657; x_wconf 84' lang='grc' dir='ltr'><strong>ὃ</strong></span> <span class='ocrx_word' id='word_1_540' title='bbox 3571 3603 3686 3660; x_wconf 71' lang='grc' dir='ltr'><strong>τοὺς</strong></span> 
     </span>
    </p>
   </div>
   <div class='ocr_carea' id='block_1_72' title="bbox 441 3688 2019 3776">
    <p class='ocr_par' dir='ltr' id='par_1_72' title="bbox 441 3688 2019 3769">
     <span class='ocr_line' id='line_1_72' title="bbox 441 3688 2019 3769; baseline 0 -25"><span class='ocrx_word' id='word_1_541' title='bbox 441 3698 551 3744; x_wconf 75' lang='lat' dir='ltr'><strong>tres</strong></span> <span class='ocrx_word' id='word_1_542' title='bbox 578 3688 735 3744; x_wconf 84' lang='lat' dir='ltr'><strong>nobis</strong></span> <span class='ocrx_word' id='word_1_543' title='bbox 752 3688 1082 3769; x_wconf 61' lang='lat' dir='ltr'><strong>facitiQuod</strong></span> <span class='ocrx_word' id='word_1_544' title='bbox 1108 3705 1173 3744; x_wconf 83' lang='lat' dir='ltr'><strong>ex</strong></span> <span class='ocrx_word' id='word_1_545' title='bbox 1207 3692 1448 3760; x_wconf 91' lang='lat' dir='ltr'><strong>ipsorum</strong></span> <span class='ocrx_word' id='word_1_546' title='bbox 1467 3705 1630 3745; x_wconf 90' lang='lat' dir='ltr'><strong>carne</strong></span> <span class='ocrx_word' id='word_1_547' title='bbox 1647 3692 2019 3745; x_wconf 81' lang='lat' dir='ltr'><strong>carnemlianc</strong></span> 
     </span>
    </p>
   </div>
   <div class='ocr_carea' id='block_1_73' title="bbox 2122 3688 3690 3776">
    <p class='ocr_par' dir='ltr' id='par_1_73' title="bbox 2122 3694 3690 3776">
     <span class='ocr_line' id='line_1_73' title="bbox 2122 3694 3690 3776; baseline -0.01 -18"><span class='ocrx_word' id='word_1_548' title='bbox 2122 3705 2341 3776; x_wconf 79' lang='grc' dir='ltr'><strong>ἀληθεῖς</strong></span> <span class='ocrx_word' id='word_1_549' title='bbox 2361 3706 2495 3774; x_wconf 79' lang='grc' dir='ltr'><strong>ἡμῖν</strong></span> <span class='ocrx_word' id='word_1_550' title='bbox 2539 3703 2782 3770; x_wconf 85' lang='grc' dir='ltr'><strong>πατέρας</strong></span> <span class='ocrx_word' id='word_1_551' title='bbox 2807 3703 2950 3755; x_wconf 81' lang='grc' dir='ltr'><strong>ποιεῖ</strong></span> <span class='ocrx_word' id='word_1_552' title='bbox 2967 3717 2983 3765; x_wconf 92' lang='lat'><strong>;</strong></span> <span class='ocrx_word' id='word_1_553' title='bbox 3001 3702 3097 3754; x_wconf 87' lang='grc' dir='ltr'><strong>Ἐκ</strong></span> <span class='ocrx_word' id='word_1_554' title='bbox 3122 3700 3228 3754; x_wconf 86' lang='grc' dir='ltr'><strong>τῶν</strong></span> <span class='ocrx_word' id='word_1_555' title='bbox 3263 3697 3494 3768; x_wconf 72' lang='grc' dir='ltr'><strong>σαρκῶν</strong></span> <span class='ocrx_word' id='word_1_556' title='bbox 3526 3694 3690 3748; x_wconf 78' lang='grc' dir='ltr'><strong>αὐτῶν</strong></span> 
     </span>
    </p>
   </div>
   <div class='ocr_carea' id='block_1_74' title="bbox 443 3782 2019 3867">
    <p class='ocr_par' dir='ltr' id='par_1_74' title="bbox 443 3782 2019 3853">
     <span class='ocr_line' id='line_1_74' title="bbox 443 3782 2019 3853; baseline 0.002 -17"><span class='ocrx_word' id='word_1_557' title='bbox 443 3782 726 3846; x_wconf 84' lang='lat' dir='ltr'><strong>habemus,</strong></span> <span class='ocrx_word' id='word_1_558' title='bbox 757 3793 862 3837; x_wconf 86' lang='lat' dir='ltr'><strong>ete</strong></span> <span class='ocrx_word' id='word_1_559' title='bbox 886 3782 1150 3853; x_wconf 85' lang='lat' dir='ltr'><strong>sanguine</strong></span> <span class='ocrx_word' id='word_1_560' title='bbox 1170 3783 1383 3837; x_wconf 91' lang='lat' dir='ltr'><strong>illorum</strong></span> <span class='ocrx_word' id='word_1_561' title='bbox 1409 3784 1515 3838; x_wconf 89' lang='lat' dir='ltr'><strong>vita</strong></span> <span class='ocrx_word' id='word_1_562' title='bbox 1575 3785 1734 3839; x_wconf 90' lang='lat' dir='ltr'><strong>nobis</strong></span> <span class='ocrx_word' id='word_1_563' title='bbox 1783 3784 2019 3839; x_wconf 84' lang='lat' dir='ltr'><strong>conﬂata</strong></span> 
     </span>
    </p>
   </div>
   <div class='ocr_carea' id='block_1_75' title="bbox 2122 3782 3692 3867">
    <p class='ocr_par' dir='ltr' id='par_1_75' title="bbox 2122 3786 3692 3867">
     <span class='ocr_line' id='line_1_75' title="bbox 2122 3786 3692 3867; baseline -0.009 -16"><span class='ocrx_word' id='word_1_564' title='bbox 2122 3799 2327 3867; x_wconf 82' lang='grc' dir='ltr'><strong>ταύτην</strong></span> <span class='ocrx_word' id='word_1_565' title='bbox 2349 3796 2543 3867; x_wconf 75' lang='grc' dir='ltr'><strong>ἔχομεν</strong></span> <span class='ocrx_word' id='word_1_566' title='bbox 2561 3798 2659 3866; x_wconf 80' lang='grc' dir='ltr'><strong>τὴν</strong></span> <span class='ocrx_word' id='word_1_567' title='bbox 2682 3796 2880 3864; x_wconf 82' lang='grc' dir='ltr'>σάρκα,</span> <span class='ocrx_word' id='word_1_568' title='bbox 2906 3793 3004 3848; x_wconf 74' lang='grc' dir='ltr'><strong>καὶ</strong></span> <span class='ocrx_word' id='word_1_569' title='bbox 3022 3795 3086 3846; x_wconf 86' lang='grc' dir='ltr'><strong>ὲκ</strong></span> <span class='ocrx_word' id='word_1_570' title='bbox 3107 3792 3216 3845; x_wconf 85' lang='grc' dir='ltr'><strong>τῶν</strong></span> <span class='ocrx_word' id='word_1_571' title='bbox 3238 3791 3499 3858; x_wconf 73' lang='grc' dir='ltr'><strong>αἱμάτων</strong></span> <span class='ocrx_word' id='word_1_572' title='bbox 3523 3786 3692 3841; x_wconf 85' lang='grc' dir='ltr'><strong>αὐτῶν</strong></span> 
     </span>
    </p>
   </div>
   <div class='ocr_carea' id='block_1_76' title="bbox 440 3871 2019 3960">
    <p class='ocr_par' dir='ltr' id='par_1_76' title="bbox 440 3871 2018 3945">
     <span class='ocr_line' id='line_1_76' title="bbox 440 3871 2018 3945; baseline 0.002 -16"><span class='ocrx_word' id='word_1_573' title='bbox 440 3881 548 3929; x_wconf 87' lang='lat' dir='ltr'><strong>est.</strong></span> <span class='ocrx_word' id='word_1_574' title='bbox 592 3872 706 3928; x_wconf 83' lang='lat' dir='ltr'><strong>lioc</strong></span> <span class='ocrx_word' id='word_1_575' title='bbox 733 3888 862 3928; x_wconf 87' lang='lat' dir='ltr'><strong>vero</strong></span> <span class='ocrx_word' id='word_1_576' title='bbox 910 3875 1042 3928; x_wconf 88' lang='lat' dir='ltr'><strong>etin</strong></span> <span class='ocrx_word' id='word_1_577' title='bbox 1103 3871 1387 3930; x_wconf 86' lang='lat' dir='ltr'><strong>Salvatore</strong></span> <span class='ocrx_word' id='word_1_578' title='bbox 1445 3875 1806 3945; x_wconf 86' lang='lat' dir='ltr'><strong>acquirimus.</strong></span> <span class='ocrx_word' id='word_1_579' title='bbox 1874 3876 2018 3932; x_wconf 87' lang='lat' dir='ltr'><strong>Caro</strong></span> 
     </span>
    </p>
   </div>
   <div class='ocr_carea' id='block_1_77' title="bbox 2122 3871 3684 3960">
    <p class='ocr_par' dir='ltr' id='par_1_77' title="bbox 2122 3881 3684 3960">
     <span class='ocr_line' id='line_1_77' title="bbox 2122 3881 3684 3960; baseline -0.007 -16"><span class='ocrx_word' id='word_1_580' title='bbox 2122 3891 2453 3959; x_wconf 78' lang='grc' dir='ltr'><strong>συνέστηκεν</strong></span> <span class='ocrx_word' id='word_1_581' title='bbox 2477 3891 2609 3960; x_wconf 82' lang='grc' dir='ltr'><strong>ἡμῖν</strong></span> <span class='ocrx_word' id='word_1_582' title='bbox 2636 3890 2669 3958; x_wconf 81' lang='grc' dir='ltr'>ἡ</span> <span class='ocrx_word' id='word_1_583' title='bbox 2697 3889 2833 3956; x_wconf 82' lang='grc' dir='ltr'><strong>ζωή.</strong></span> <span class='ocrx_word' id='word_1_584' title='bbox 2862 3885 3032 3940; x_wconf 85' lang='grc' dir='ltr'><strong>Τοῦτο</strong></span> <span class='ocrx_word' id='word_1_585' title='bbox 3056 3885 3150 3938; x_wconf 75' lang='grc' dir='ltr'><strong>καὶ</strong></span> <span class='ocrx_word' id='word_1_586' title='bbox 3175 3885 3266 3938; x_wconf 74' lang='grc' dir='ltr'><strong>ἐπὶ</strong></span> <span class='ocrx_word' id='word_1_587' title='bbox 3286 3884 3390 3937; x_wconf 82' lang='grc' dir='ltr'><strong>τοῦ</strong></span> <span class='ocrx_word' id='word_1_588' title='bbox 3422 3881 3684 3950; x_wconf 58' lang='grc' dir='ltr'><strong>Σωτῆρος</strong></span> 
     </span>
    </p>
   </div>
   <div class='ocr_carea' id='block_1_78' title="bbox 441 3964 2013 4034">
    <p class='ocr_par' dir='ltr' id='par_1_78' title="bbox 441 3964 2013 4034">
     <span class='ocr_line' id='line_1_78' title="bbox 441 3964 2013 4034; baseline 0.002 -16"><span class='ocrx_word' id='word_1_589' title='bbox 441 3964 588 4018; x_wconf 91' lang='lat' dir='ltr'><strong>enim</strong></span> <span class='ocrx_word' id='word_1_590' title='bbox 621 3978 687 4018; x_wconf 82' lang='lat' dir='ltr'><strong>ex</strong></span> <span class='ocrx_word' id='word_1_591' title='bbox 715 3964 838 4034; x_wconf 85' lang='lat' dir='ltr'><strong>ejus</strong></span> <span class='ocrx_word' id='word_1_592' title='bbox 869 3977 1036 4019; x_wconf 89' lang='lat' dir='ltr'><strong>carne</strong></span> <span class='ocrx_word' id='word_1_593' title='bbox 1062 3975 1118 4020; x_wconf 88' lang='lat' dir='ltr'><strong>et</strong></span> <span class='ocrx_word' id='word_1_594' title='bbox 1150 3979 1276 4019; x_wconf 91' lang='lat' dir='ltr'><strong>ossa</strong></span> <span class='ocrx_word' id='word_1_595' title='bbox 1307 3980 1371 4019; x_wconf 83' lang='lat' dir='ltr'><strong>ex</strong></span> <span class='ocrx_word' id='word_1_596' title='bbox 1402 3965 1522 4033; x_wconf 87' lang='lat' dir='ltr'><strong>eius</strong></span> <span class='ocrx_word' id='word_1_597' title='bbox 1552 3967 1771 4022; x_wconf 87' lang='lat' dir='ltr'><strong>ossibus</strong></span> <span class='ocrx_word' id='word_1_598' title='bbox 1796 3981 2013 4023; x_wconf 89' lang='lat' dir='ltr'><strong>sumus.</strong></span> 
     </span>
    </p>
   </div>
   <div class='ocr_carea' id='block_1_79' title="bbox 443 4053 2020 4136">
    <p class='ocr_par' dir='ltr' id='par_1_79' title="bbox 443 4053 2020 4136">
     <span class='ocr_line' id='line_1_79' title="bbox 443 4053 2020 4136; baseline 0.003 -27"><span class='ocrx_word' id='word_1_599' title='bbox 443 4053 551 4109; x_wconf 86' lang='lat' dir='ltr'><strong>Sed</strong></span> <span class='ocrx_word' id='word_1_600' title='bbox 581 4053 869 4124; x_wconf 89' lang='lat' dir='ltr'><strong>utriusque</strong></span> <span class='ocrx_word' id='word_1_601' title='bbox 901 4055 1306 4110; x_wconf 88' lang='lat' dir='ltr'><strong>communionis</strong></span> <span class='ocrx_word' id='word_1_602' title='bbox 1337 4056 1485 4108; x_wconf 88' lang='lat' dir='ltr'><strong>haud</strong></span> <span class='ocrx_word' id='word_1_603' title='bbox 1522 4057 1799 4136; x_wconf 71' lang='lat' dir='ltr'><strong>mediocre</strong></span> <span class='ocrx_word' id='word_1_604' title='bbox 1851 4058 2020 4113; x_wconf 85' lang='lat' dir='ltr'><strong>inter-</strong></span> 
     </span>
    </p>
   </div>
   <div class='ocr_carea' id='block_1_80' title="bbox 441 4146 2021 4218">
    <p class='ocr_par' dir='ltr' id='par_1_80' title="bbox 441 4146 2021 4218">
     <span class='ocr_line' id='line_1_80' title="bbox 441 4146 2021 4218; baseline 0.003 -17"><span class='ocrx_word' id='word_1_605' title='bbox 441 4147 643 4202; x_wconf 83' lang='lat' dir='ltr'><strong>vallum</strong></span> <span class='ocrx_word' id='word_1_606' title='bbox 677 4156 781 4200; x_wconf 89' lang='lat' dir='ltr'><strong>est.</strong></span> <span class='ocrx_word' id='word_1_607' title='bbox 819 4147 958 4202; x_wconf 79' lang='lat' dir='ltr'><strong>Nam</strong></span> <span class='ocrx_word' id='word_1_608' title='bbox 987 4147 1043 4199; x_wconf 90' lang='lat' dir='ltr'><strong>in</strong></span> <span class='ocrx_word' id='word_1_609' title='bbox 1088 4146 1428 4201; x_wconf 88' lang='lat' dir='ltr'><strong>naturalibus</strong></span> <span class='ocrx_word' id='word_1_610' title='bbox 1463 4147 1556 4218; x_wconf 90' lang='lat' dir='ltr'><strong>qui</strong></span> <span class='ocrx_word' id='word_1_611' title='bbox 1582 4162 1728 4202; x_wconf 90' lang='lat' dir='ltr'><strong>nunc</strong></span> <span class='ocrx_word' id='word_1_612' title='bbox 1759 4156 1842 4204; x_wconf 85' lang='lat' dir='ltr'><strong>est</strong></span> <span class='ocrx_word' id='word_1_613' title='bbox 1891 4165 2021 4206; x_wconf 88' lang='lat' dir='ltr'><strong>san-</strong></span> 
     </span>
    </p>
   </div>
   <div class='ocr_carea' id='block_1_81' title="bbox 444 4236 2014 4308">
    <p class='ocr_par' dir='ltr' id='par_1_81' title="bbox 444 4236 2014 4308">
     <span class='ocr_line' id='line_1_81' title="bbox 444 4236 2014 4308; baseline 0.003 -16"><span class='ocrx_word' id='word_1_614' title='bbox 444 4241 568 4304; x_wconf 80' lang='lat' dir='ltr'><strong>guis</strong></span> <span class='ocrx_word' id='word_1_615' title='bbox 589 4236 849 4301; x_wconf 86' lang='lat' dir='ltr'><strong>ﬁliorum,</strong></span> <span class='ocrx_word' id='word_1_616' title='bbox 885 4245 1170 4305; x_wconf 85' lang='lat' dir='ltr'><strong>parentum</strong></span> <span class='ocrx_word' id='word_1_617' title='bbox 1201 4237 1313 4308; x_wconf 86' lang='lat' dir='ltr'><strong>jam</strong></span> <span class='ocrx_word' id='word_1_618' title='bbox 1348 4255 1454 4292; x_wconf 91' lang='lat' dir='ltr'><strong>non</strong></span> <span class='ocrx_word' id='word_1_619' title='bbox 1504 4249 1609 4307; x_wconf 90' lang='lat' dir='ltr'><strong>est,</strong></span> <span class='ocrx_word' id='word_1_620' title='bbox 1641 4242 1736 4296; x_wconf 88' lang='lat' dir='ltr'><strong>sed</strong></span> <span class='ocrx_word' id='word_1_621' title='bbox 1788 4242 2014 4298; x_wconf 90' lang='lat' dir='ltr'><strong>illorum</strong></span> 
     </span>
    </p>
   </div>
   <div class='ocr_carea' id='block_1_82' title="bbox 441 4327 2018 4404">
    <p class='ocr_par' dir='ltr' id='par_1_82' title="bbox 441 4327 2018 4404">
     <span class='ocr_line' id='line_1_82' title="bbox 441 4327 2018 4404; baseline 0.002 -19"><span class='ocrx_word' id='word_1_622' title='bbox 441 4330 545 4386; x_wconf 83' lang='lat' dir='ltr'><strong>fuit</strong></span> <span class='ocrx_word' id='word_1_623' title='bbox 600 4328 916 4400; x_wconf 86' lang='lat' dir='ltr'><strong>priusquam</strong></span> <span class='ocrx_word' id='word_1_624' title='bbox 952 4327 1189 4385; x_wconf 91' lang='lat' dir='ltr'><strong>ﬁliorum</strong></span> <span class='ocrx_word' id='word_1_625' title='bbox 1217 4340 1380 4386; x_wconf 88' lang='lat' dir='ltr'><strong>esset.</strong></span> <span class='ocrx_word' id='word_1_626' title='bbox 1413 4333 1590 4402; x_wconf 83' lang='lat' dir='ltr'><strong>Atque</strong></span> <span class='ocrx_word' id='word_1_627' title='bbox 1612 4335 1725 4389; x_wconf 85' lang='lat' dir='ltr'><strong>haec</strong></span> <span class='ocrx_word' id='word_1_628' title='bbox 1751 4343 1836 4391; x_wconf 89' lang='lat' dir='ltr'><strong>est</strong></span> <span class='ocrx_word' id='word_1_629' title='bbox 1864 4335 2018 4404; x_wconf 85' lang='lat' dir='ltr'><strong>origo</strong></span> 
     </span>
    </p>
   </div>
   <div class='ocr_carea' id='block_1_83' title="bbox 441 4421 2015 4494">
    <p class='ocr_par' dir='ltr' id='par_1_83' title="bbox 441 4421 2015 4494">
     <span class='ocr_line' id='line_1_83' title="bbox 441 4421 2015 4494; baseline 0.003 -18"><span class='ocrx_word' id='word_1_630' title='bbox 441 4421 679 4494; x_wconf 79' lang='lat' dir='ltr'><strong>generis,</strong></span> <span class='ocrx_word' id='word_1_631' title='bbox 765 4421 894 4491; x_wconf 89' lang='lat' dir='ltr'><strong>quia</strong></span> <span class='ocrx_word' id='word_1_632' title='bbox 976 4422 1071 4492; x_wconf 90' lang='lat' dir='ltr'><strong>qui</strong></span> <span class='ocrx_word' id='word_1_633' title='bbox 1138 4424 1363 4492; x_wconf 80' lang='lat' dir='ltr'><strong>sanguis</strong></span> <span class='ocrx_word' id='word_1_634' title='bbox 1443 4440 1588 4479; x_wconf 89' lang='lat' dir='ltr'><strong>nunc</strong></span> <span class='ocrx_word' id='word_1_635' title='bbox 1635 4434 1720 4481; x_wconf 84' lang='lat' dir='ltr'><strong>est</strong></span> <span class='ocrx_word' id='word_1_636' title='bbox 1797 4427 2015 4494; x_wconf 88' lang='lat' dir='ltr'><strong>horum,</strong></span> 
     </span>
    </p>
   </div>
   <div class='ocr_carea' id='block_1_84' title="bbox 441 4513 2014 4582">
    <p class='ocr_par' dir='ltr' id='par_1_84' title="bbox 441 4513 2014 4582">
     <span class='ocr_line' id='line_1_84' title="bbox 441 4513 2014 4582; baseline 0.002 -12"><span class='ocrx_word' id='word_1_637' title='bbox 441 4525 569 4570; x_wconf 86' lang='lat' dir='ltr'><strong>ante</strong></span> <span class='ocrx_word' id='word_1_638' title='bbox 619 4513 838 4570; x_wconf 91' lang='lat' dir='ltr'><strong>illorum</strong></span> <span class='ocrx_word' id='word_1_639' title='bbox 901 4525 1040 4571; x_wconf 90' lang='lat' dir='ltr'><strong>erat.</strong></span> <span class='ocrx_word' id='word_1_640' title='bbox 1086 4513 1167 4571; x_wconf 80' lang='lat' dir='ltr'><strong>Ex</strong></span> <span class='ocrx_word' id='word_1_641' title='bbox 1225 4528 1569 4573; x_wconf 85' lang='lat' dir='ltr'><strong>sacramento</strong></span> <span class='ocrx_word' id='word_1_642' title='bbox 1619 4527 1799 4574; x_wconf 90' lang='lat' dir='ltr'><strong>autem</strong></span> <span class='ocrx_word' id='word_1_643' title='bbox 1855 4519 2014 4582; x_wconf 88' lang='lat' dir='ltr'><strong>istoc,</strong></span> 
     </span>
    </p>
   </div>
   <div class='ocr_carea' id='block_1_85' title="bbox 2123 3968 3684 4049">
    <p class='ocr_par' dir='ltr' id='par_1_85' title="bbox 2123 3968 3684 4049">
     <span class='ocr_line' id='line_1_85' title="bbox 2123 3968 3684 4049; baseline -0.01 -15"><span class='ocrx_word' id='word_1_644' title='bbox 2123 3981 2324 4049; x_wconf 77' lang='grc' dir='ltr'><strong>σάρκες</strong></span> <span class='ocrx_word' id='word_1_645' title='bbox 2345 3979 2514 4047; x_wconf 73' lang='grc' dir='ltr'><strong>ἐσμὲν</strong></span> <span class='ocrx_word' id='word_1_646' title='bbox 2539 3980 2602 4032; x_wconf 80' lang='grc' dir='ltr'><strong>ἐκ</strong></span> <span class='ocrx_word' id='word_1_647' title='bbox 2621 3978 2729 4031; x_wconf 84' lang='grc' dir='ltr'><strong>τῶν</strong></span> <span class='ocrx_word' id='word_1_648' title='bbox 2749 3976 2970 4047; x_wconf 86' lang='grc' dir='ltr'>σαρκῶν</span> <span class='ocrx_word' id='word_1_649' title='bbox 2996 3974 3189 4040; x_wconf 85' lang='grc' dir='ltr'><strong>αὐτοῦ,</strong></span> <span class='ocrx_word' id='word_1_650' title='bbox 3221 3972 3320 4028; x_wconf 78' lang='grc' dir='ltr'><strong>καὶ</strong></span> <span class='ocrx_word' id='word_1_651' title='bbox 3339 3975 3476 4027; x_wconf 83' lang='grc' dir='ltr'><strong>ὀστᾶ,</strong></span> <span class='ocrx_word' id='word_1_652' title='bbox 3501 3975 3562 4024; x_wconf 82' lang='grc' dir='ltr'><strong>ὲκ</strong></span> <span class='ocrx_word' id='word_1_653' title='bbox 3587 3968 3684 4022; x_wconf 85' lang='grc' dir='ltr'><strong>τῶν</strong></span> 
     </span>
    </p>
   </div>
   <div class='ocr_carea' id='block_1_86' title="bbox 2120 4058 3685 4136">
    <p class='ocr_par' dir='ltr' id='par_1_86' title="bbox 2120 4058 3685 4136">
     <span class='ocr_line' id='line_1_86' title="bbox 2120 4058 3685 4136; baseline -0.008 -15"><span class='ocrx_word' id='word_1_654' title='bbox 2120 4068 2296 4124; x_wconf 81' lang='grc' dir='ltr'><strong>ὀστῶν</strong></span> <span class='ocrx_word' id='word_1_655' title='bbox 2327 4067 2517 4132; x_wconf 83' lang='grc' dir='ltr'><strong>αὑτοῦ,</strong></span> <span class='ocrx_word' id='word_1_656' title='bbox 2547 4067 2685 4121; x_wconf 82' lang='grc' dir='ltr'><strong>ἀλλὰ</strong></span> <span class='ocrx_word' id='word_1_657' title='bbox 2713 4068 2814 4136; x_wconf 88' lang='grc' dir='ltr'><strong>τῆς</strong></span> <span class='ocrx_word' id='word_1_658' title='bbox 2843 4067 3131 4128; x_wconf 87' lang='grc' dir='ltr'><strong>κοινωνίας</strong></span> <span class='ocrx_word' id='word_1_659' title='bbox 3161 4067 3438 4136; x_wconf 75' lang='grc' dir='ltr'><strong>ἑκατέρας.</strong></span> <span class='ocrx_word' id='word_1_660' title='bbox 3471 4061 3602 4114; x_wconf 83' lang='grc' dir='ltr'><strong>πολὺ</strong></span> <span class='ocrx_word' id='word_1_661' title='bbox 3629 4058 3685 4109; x_wconf 78' lang='grc' dir='ltr'><strong>τὸ</strong></span> 
     </span>
    </p>
   </div>
   <div class='ocr_carea' id='block_1_87' title="bbox 2123 4149 3684 4232">
    <p class='ocr_par' dir='ltr' id='par_1_87' title="bbox 2123 4149 3684 4232">
     <span class='ocr_line' id='line_1_87' title="bbox 2123 4149 3684 4232; baseline -0.006 -19"><span class='ocrx_word' id='word_1_662' title='bbox 2123 4161 2309 4232; x_wconf 86' lang='grc' dir='ltr'><strong>μέσον.</strong></span> <span class='ocrx_word' id='word_1_663' title='bbox 2347 4159 2473 4212; x_wconf 77' lang='grc' dir='ltr'><strong>Ἐπὶ</strong></span> <span class='ocrx_word' id='word_1_664' title='bbox 2507 4158 2607 4229; x_wconf 77' lang='grc' dir='ltr'><strong>μὲν</strong></span> <span class='ocrx_word' id='word_1_665' title='bbox 2640 4159 2749 4228; x_wconf 82' lang='grc' dir='ltr'><strong>γὰρ</strong></span> <span class='ocrx_word' id='word_1_666' title='bbox 2780 4157 2891 4211; x_wconf 85' lang='grc' dir='ltr'><strong>τῶν</strong></span> <span class='ocrx_word' id='word_1_667' title='bbox 2917 4155 3169 4226; x_wconf 82' lang='grc' dir='ltr'><strong>φυσικῶν</strong></span> <span class='ocrx_word' id='word_1_668' title='bbox 3201 4157 3262 4208; x_wconf 79' lang='grc' dir='ltr'><strong>τὸ</strong></span> <span class='ocrx_word' id='word_1_669' title='bbox 3290 4157 3389 4208; x_wconf 89' lang='grc' dir='ltr'><strong>νῦν</strong></span> <span class='ocrx_word' id='word_1_670' title='bbox 3415 4151 3553 4222; x_wconf 78' lang='grc' dir='ltr'><strong>αἷμα</strong></span> <span class='ocrx_word' id='word_1_671' title='bbox 3583 4149 3684 4203; x_wconf 84' lang='grc' dir='ltr'><strong>τῶν</strong></span> 
     </span>
    </p>
   </div>
   <div class='ocr_carea' id='block_1_88' title="bbox 2079 4235 3685 4318">
    <p class='ocr_par' dir='ltr' id='par_1_88' title="bbox 2079 4235 3685 4318">
     <span class='ocr_line' id='line_1_88' title="bbox 2079 4235 3685 4318; baseline -0.01 -13"><span class='ocrx_word' id='word_1_672' title='bbox 2079 4244 2087 4253; x_wconf 79' lang='grc'><em>’</em></span> <span class='ocrx_word' id='word_1_673' title='bbox 2121 4252 2327 4305; x_wconf 88' lang='grc' dir='ltr'><strong>παίδων</strong></span> <span class='ocrx_word' id='word_1_674' title='bbox 2346 4250 2530 4304; x_wconf 81' lang='grc' dir='ltr'><strong>οὐκέτι</strong></span> <span class='ocrx_word' id='word_1_675' title='bbox 2557 4250 2649 4303; x_wconf 77' lang='grc' dir='ltr'><strong>καὶ</strong></span> <span class='ocrx_word' id='word_1_676' title='bbox 2684 4249 2792 4302; x_wconf 84' lang='grc' dir='ltr'><strong>τῶν</strong></span> <span class='ocrx_word' id='word_1_677' title='bbox 2824 4248 3240 4318; x_wconf 84' lang='grc' dir='ltr'><strong>γεγεννηκότων</strong></span> <span class='ocrx_word' id='word_1_678' title='bbox 3277 4247 3451 4309; x_wconf 75' lang='grc' dir='ltr'><strong>ἐστὶν,</strong></span> <span class='ocrx_word' id='word_1_679' title='bbox 3482 4242 3592 4296; x_wconf 78' lang='grc' dir='ltr'><strong>ἀλλ’</strong></span> <span class='ocrx_word' id='word_1_680' title='bbox 3622 4235 3685 4309; x_wconf 81' lang='grc' dir='ltr'><strong>ἦν</strong></span> 
     </span>
    </p>
   </div>
   <div class='ocr_carea' id='block_1_89' title="bbox 2119 4331 3686 4411">
    <p class='ocr_par' dir='ltr' id='par_1_89' title="bbox 2119 4331 3686 4411">
     <span class='ocr_line' id='line_1_89' title="bbox 2119 4331 3686 4411; baseline -0.008 -17"><span class='ocrx_word' id='word_1_681' title='bbox 2119 4341 2344 4394; x_wconf 62' lang='grc' dir='ltr'><strong>ἐκείνων</strong></span> <span class='ocrx_word' id='word_1_682' title='bbox 2365 4340 2533 4411; x_wconf 85' lang='grc' dir='ltr'><strong>πρινὴ</strong></span> <span class='ocrx_word' id='word_1_683' title='bbox 2563 4341 2670 4392; x_wconf 84' lang='grc' dir='ltr'><strong>τῶν</strong></span> <span class='ocrx_word' id='word_1_684' title='bbox 2701 4339 2905 4393; x_wconf 82' lang='grc' dir='ltr'><strong>παίδων</strong></span> <span class='ocrx_word' id='word_1_685' title='bbox 2937 4333 3100 4401; x_wconf 75' lang='grc' dir='ltr'><strong>εἶναι,</strong></span> <span class='ocrx_word' id='word_1_686' title='bbox 3133 4337 3226 4390; x_wconf 79' lang='grc' dir='ltr'><strong>καὶ</strong></span> <span class='ocrx_word' id='word_1_687' title='bbox 3254 4335 3416 4390; x_wconf 86' lang='grc' dir='ltr'><strong>τοῦτο</strong></span> <span class='ocrx_word' id='word_1_688' title='bbox 3457 4336 3600 4389; x_wconf 86' lang='grc' dir='ltr'><strong>ποιεῖ</strong></span> <span class='ocrx_word' id='word_1_689' title='bbox 3630 4331 3686 4383; x_wconf 72' lang='grc' dir='ltr'><strong>τὸ</strong></span> 
     </span>
    </p>
   </div>
   <div class='ocr_carea' id='block_1_90' title="bbox 2119 4421 3686 4500">
    <p class='ocr_par' dir='ltr' id='par_1_90' title="bbox 2119 4421 3686 4500">
     <span class='ocr_line' id='line_1_90' title="bbox 2119 4421 3686 4500; baseline -0.01 -14"><span class='ocrx_word' id='word_1_690' title='bbox 2119 4433 2294 4500; x_wconf 85' lang='grc' dir='ltr'><strong>γένος,</strong></span> <span class='ocrx_word' id='word_1_691' title='bbox 2333 4431 2417 4483; x_wconf 83' lang='grc' dir='ltr'><strong>δτι</strong></span> <span class='ocrx_word' id='word_1_692' title='bbox 2445 4430 2474 4482; x_wconf 81' lang='grc' dir='ltr'><strong>ὃ</strong></span> <span class='ocrx_word' id='word_1_693' title='bbox 2496 4428 2590 4484; x_wconf 85' lang='grc' dir='ltr'><strong>νῦν</strong></span> <span class='ocrx_word' id='word_1_694' title='bbox 2619 4427 2847 4493; x_wconf 81' lang='grc' dir='ltr'><strong>τούτων,</strong></span> <span class='ocrx_word' id='word_1_695' title='bbox 2872 4427 3096 4480; x_wconf 77' lang='grc' dir='ltr'><strong>ἐκείνων</strong></span> <span class='ocrx_word' id='word_1_696' title='bbox 3124 4427 3392 4496; x_wconf 85' lang='grc' dir='ltr'><strong>πρότερον</strong></span> <span class='ocrx_word' id='word_1_697' title='bbox 3417 4421 3484 4496; x_wconf 79' lang='grc' dir='ltr'><strong>ἦν</strong></span> <span class='ocrx_word' id='word_1_698' title='bbox 3505 4441 3518 4454; x_wconf 91' lang='grc'><strong>·</strong></span> <span class='ocrx_word' id='word_1_699' title='bbox 3555 4425 3608 4478; x_wconf 83' lang='grc' dir='ltr'><strong>τὸ</strong></span> <span class='ocrx_word' id='word_1_700' title='bbox 3632 4421 3686 4473; x_wconf 76' lang='grc' dir='ltr'><strong>δὲ</strong></span> 
     </span>
    </p>
   </div>
   <div class='ocr_carea' id='block_1_91' title="bbox 2118 4508 3790 4592">
    <p class='ocr_par' dir='ltr' id='par_1_91' title="bbox 2118 4508 3790 4592">
     <span class='ocr_line' id='line_1_91' title="bbox 2118 4508 3790 4592; baseline -0.008 -16"><span class='ocrx_word' id='word_1_701' title='bbox 2118 4524 2218 4592; x_wconf 88' lang='grc' dir='ltr'><strong>τῆς</strong></span> <span class='ocrx_word' id='word_1_702' title='bbox 2251 4522 2470 4590; x_wconf 82' lang='grc' dir='ltr'><strong>τελετῆς</strong></span> <span class='ocrx_word' id='word_1_703' title='bbox 2496 4521 2680 4592; x_wconf 77' lang='grc' dir='ltr'><strong>ἔργον,</strong></span> <span class='ocrx_word' id='word_1_704' title='bbox 2708 4521 2768 4573; x_wconf 85' lang='grc' dir='ltr'><strong>τὸ</strong></span> <span class='ocrx_word' id='word_1_705' title='bbox 2795 4514 2933 4585; x_wconf 80' lang='grc' dir='ltr'><strong>αἷμα</strong></span> <span class='ocrx_word' id='word_1_706' title='bbox 2960 4512 3003 4586; x_wconf 79' lang='grc' dir='ltr'>ᾧ</span> <span class='ocrx_word' id='word_1_707' title='bbox 3029 4517 3231 4586; x_wconf 76' lang='grc' dir='ltr'><strong>ζῶμεν,</strong></span> <span class='ocrx_word' id='word_1_708' title='bbox 3260 4516 3357 4570; x_wconf 88' lang='grc' dir='ltr'><strong>νῦν</strong></span> <span class='ocrx_word' id='word_1_709' title='bbox 3383 4519 3530 4569; x_wconf 79' lang='grc' dir='ltr'><strong>ἐστιν</strong></span> <span class='ocrx_word' id='word_1_710' title='bbox 3555 4508 3687 4582; x_wconf 76' lang='grc' dir='ltr'><strong>αἷμα</strong></span> <span class='ocrx_word' id='word_1_711' title='bbox 3788 4515 3790 4517; x_wconf 75' lang='grc'><em>’</em></span> 
     </span>
    </p>
   </div>
   <div class='ocr_carea' id='block_1_92' title="bbox 439 4600 2019 4686">
    <p class='ocr_par' dir='ltr' id='par_1_92' title="bbox 439 4605 2015 4678">
     <span class='ocr_line' id='line_1_92' title="bbox 439 4605 2015 4678; baseline 0.001 -16"><span class='ocrx_word' id='word_1_712' title='bbox 439 4607 662 4678; x_wconf 87' lang='lat' dir='ltr'><strong>sanguis</strong></span> <span class='ocrx_word' id='word_1_713' title='bbox 725 4621 836 4676; x_wconf 88' lang='lat' dir='ltr'><strong>quo</strong></span> <span class='ocrx_word' id='word_1_714' title='bbox 865 4605 1118 4671; x_wconf 81' lang='lat' dir='ltr'><strong>vivimus,</strong></span> <span class='ocrx_word' id='word_1_715' title='bbox 1151 4605 1315 4661; x_wconf 87' lang='lat' dir='ltr'><strong>etiam</strong></span> <span class='ocrx_word' id='word_1_716' title='bbox 1347 4622 1492 4662; x_wconf 89' lang='lat' dir='ltr'><strong>nunc</strong></span> <span class='ocrx_word' id='word_1_717' title='bbox 1543 4609 1766 4678; x_wconf 83' lang='lat' dir='ltr'><strong>sanguis</strong></span> <span class='ocrx_word' id='word_1_718' title='bbox 1814 4607 2015 4664; x_wconf 88' lang='lat' dir='ltr'><strong>Christi</strong></span> 
     </span>
    </p>
   </div>
   <div class='ocr_carea' id='block_1_93' title="bbox 2122 4600 3682 4686">
    <p class='ocr_par' dir='ltr' id='par_1_93' title="bbox 2122 4609 3682 4686">
     <span class='ocr_line' id='line_1_93' title="bbox 2122 4609 3682 4686; baseline -0.009 -17"><span class='ocrx_word' id='word_1_719' title='bbox 2122 4614 2382 4686; x_wconf 80' lang='grc' dir='ltr'><strong>Χριστοῦ,</strong></span> <span class='ocrx_word' id='word_1_720' title='bbox 2405 4613 2502 4668; x_wconf 71' lang='grc' dir='ltr'><strong>καὶ</strong></span> <span class='ocrx_word' id='word_1_721' title='bbox 2518 4615 2551 4683; x_wconf 84' lang='grc' dir='ltr'>ὴ</span> <span class='ocrx_word' id='word_1_722' title='bbox 2571 4612 2730 4682; x_wconf 79' lang='grc' dir='ltr'>σὰρξ,</span> <span class='ocrx_word' id='word_1_723' title='bbox 2756 4613 2822 4683; x_wconf 75' lang='grc' dir='ltr'><strong>ἢν</strong></span> <span class='ocrx_word' id='word_1_724' title='bbox 2845 4612 3111 4681; x_wconf 74' lang='grc' dir='ltr'><strong>πήγνυσιν</strong></span> <span class='ocrx_word' id='word_1_725' title='bbox 3131 4611 3262 4679; x_wconf 77' lang='grc' dir='ltr'><strong>ἡμῖν</strong></span> <span class='ocrx_word' id='word_1_726' title='bbox 3282 4610 3345 4661; x_wconf 82' lang='grc' dir='ltr'><strong>τὸ</strong></span> <span class='ocrx_word' id='word_1_727' title='bbox 3371 4609 3682 4678; x_wconf 75' lang='grc' dir='ltr'><strong>μυστήριον,</strong></span> 
     </span>
    </p>
   </div>
   <div class='ocr_carea' id='block_1_94' title="bbox 438 4696 2023 4770">
    <p class='ocr_par' dir='ltr' id='par_1_94' title="bbox 438 4696 2023 4770">
     <span class='ocr_line' id='line_1_94' title="bbox 438 4696 2023 4770; baseline 0.002 -19"><span class='ocrx_word' id='word_1_728' title='bbox 438 4705 540 4752; x_wconf 89' lang='lat' dir='ltr'><strong>est.</strong></span> <span class='ocrx_word' id='word_1_729' title='bbox 596 4696 664 4750; x_wconf 86' lang='lat' dir='ltr'><strong>Et</strong></span> <span class='ocrx_word' id='word_1_730' title='bbox 724 4710 874 4761; x_wconf 88' lang='lat' dir='ltr'><strong>caro,</strong></span> <span class='ocrx_word' id='word_1_731' title='bbox 940 4710 1105 4765; x_wconf 89' lang='lat' dir='ltr'><strong>quam</strong></span> <span class='ocrx_word' id='word_1_732' title='bbox 1162 4696 1345 4766; x_wconf 71' lang='lat' dir='ltr'><strong>nobis!</strong></span> <span class='ocrx_word' id='word_1_733' title='bbox 1375 4707 1740 4770; x_wconf 84' lang='lat' dir='ltr'><strong>coagmentat,</strong></span> <span class='ocrx_word' id='word_1_734' title='bbox 1820 4715 2023 4770; x_wconf 86' lang='lat' dir='ltr'><strong>corpus</strong></span> 
     </span>
    </p>
   </div>
   <div class='ocr_carea' id='block_1_95' title="bbox 439 4788 2015 4862">
    <p class='ocr_par' dir='ltr' id='par_1_95' title="bbox 439 4788 2015 4862">
     <span class='ocr_line' id='line_1_95' title="bbox 439 4788 2015 4862; baseline 0.001 -18"><span class='ocrx_word' id='word_1_735' title='bbox 439 4789 638 4844; x_wconf 86' lang='lat' dir='ltr'><strong>Christi</strong></span> <span class='ocrx_word' id='word_1_736' title='bbox 667 4797 767 4855; x_wconf 86' lang='lat' dir='ltr'><strong>est,</strong></span> <span class='ocrx_word' id='word_1_737' title='bbox 785 4797 838 4844; x_wconf 89' lang='lat' dir='ltr'><strong>et</strong></span> <span class='ocrx_word' id='word_1_738' title='bbox 854 4788 1162 4843; x_wconf 90' lang='lat' dir='ltr'><strong>communia</strong></span> <span class='ocrx_word' id='word_1_739' title='bbox 1187 4789 1408 4859; x_wconf 83' lang='lat' dir='ltr'><strong>insuper</strong></span> <span class='ocrx_word' id='word_1_740' title='bbox 1426 4791 1689 4856; x_wconf 91' lang='lat' dir='ltr'><strong>membra,</strong></span> <span class='ocrx_word' id='word_1_741' title='bbox 1712 4793 2015 4862; x_wconf 83' lang='lat' dir='ltr'><strong>communis</strong></span> 
     </span>
    </p>
   </div>
   <div class='ocr_carea' id='block_1_96' title="bbox 439 4885 572 4935">
    <p class='ocr_par' dir='ltr' id='par_1_96' title="bbox 439 4885 572 4935">
     <span class='ocr_line' id='line_1_96' title="bbox 439 4885 572 4935; baseline 0.03 -4"><span class='ocrx_word' id='word_1_742' title='bbox 439 4885 572 4935; x_wconf 73' lang='lat' dir='ltr'><strong>vita.</strong></span> 
     </span>
    </p>
   </div>
   <div class='ocr_carea' id='block_1_97' title="bbox 506 4972 2017 5038">
    <p class='ocr_par' dir='ltr' id='par_1_97' title="bbox 506 4972 2017 5038">
     <span class='ocr_line' id='line_1_97' title="bbox 506 4972 2017 5038; baseline 0.004 -13"><span class='ocrx_word' id='word_1_743' title='bbox 506 4973 684 5035; x_wconf 76' lang='lat' dir='ltr'><strong>Atque</strong></span> <span class='ocrx_word' id='word_1_744' title='bbox 750 4972 868 5029; x_wconf 85' lang='lat' dir='ltr'><strong>haec</strong></span> <span class='ocrx_word' id='word_1_745' title='bbox 939 4984 1024 5031; x_wconf 82' lang='lat' dir='ltr'><strong>est</strong></span> <span class='ocrx_word' id='word_1_746' title='bbox 1079 4989 1203 5030; x_wconf 86' lang='lat' dir='ltr'><strong>vera</strong></span> <span class='ocrx_word' id='word_1_747' title='bbox 1257 4975 1596 5038; x_wconf 90' lang='lat' dir='ltr'><strong>communio,</strong></span> <span class='ocrx_word' id='word_1_748' title='bbox 1639 4989 1764 5029; x_wconf 91' lang='lat' dir='ltr'><strong>cum</strong></span> <span class='ocrx_word' id='word_1_749' title='bbox 1825 4975 2017 5031; x_wconf 86' lang='lat' dir='ltr'><strong>ambo-</strong></span> 
     </span>
    </p>
   </div>
   <div class='ocr_carea' id='block_1_98' title="bbox 442 5065 2014 5139">
    <p class='ocr_par' dir='ltr' id='par_1_98' title="bbox 442 5065 2014 5139">
     <span class='ocr_line' id='line_1_98' title="bbox 442 5065 2014 5139; baseline 0.001 -20"><span class='ocrx_word' id='word_1_750' title='bbox 442 5067 543 5120; x_wconf 87' lang='lat' dir='ltr'><strong>bus</strong></span> <span class='ocrx_word' id='word_1_751' title='bbox 577 5065 718 5119; x_wconf 92' lang='lat' dir='ltr'><strong>idem</strong></span> <span class='ocrx_word' id='word_1_752' title='bbox 745 5066 934 5120; x_wconf 82' lang='lat' dir='ltr'><strong>eodem</strong></span> <span class='ocrx_word' id='word_1_753' title='bbox 963 5079 1212 5139; x_wconf 73' lang='lat' dir='ltr'><strong>tempore</strong></span> <span class='ocrx_word' id='word_1_754' title='bbox 1257 5067 1432 5122; x_wconf 89' lang='lat' dir='ltr'><strong>adest.</strong></span> <span class='ocrx_word' id='word_1_755' title='bbox 1483 5065 1617 5122; x_wconf 86' lang='lat' dir='ltr'><strong>Nam</strong></span> <span class='ocrx_word' id='word_1_756' title='bbox 1683 5070 1728 5121; x_wconf 87' lang='lat' dir='ltr'><strong>si</strong></span> <span class='ocrx_word' id='word_1_757' title='bbox 1785 5074 2014 5136; x_wconf 89' lang='lat' dir='ltr'><strong>uterque</strong></span> 
     </span>
    </p>
   </div>
   <div class='ocr_carea' id='block_1_99' title="bbox 439 5157 2015 5229">
    <p class='ocr_par' dir='ltr' id='par_1_99' title="bbox 439 5157 2015 5229">
     <span class='ocr_line' id='line_1_99' title="bbox 439 5157 2015 5229; baseline 0.003 -18"><span class='ocrx_word' id='word_1_758' title='bbox 439 5159 626 5222; x_wconf 82' lang='lat' dir='ltr'><strong>habet,</strong></span> <span class='ocrx_word' id='word_1_759' title='bbox 666 5159 781 5228; x_wconf 88' lang='lat' dir='ltr'><strong>jam</strong></span> <span class='ocrx_word' id='word_1_760' title='bbox 848 5157 960 5224; x_wconf 85' lang='lat' dir='ltr'><strong>hic,</strong></span> <span class='ocrx_word' id='word_1_761' title='bbox 991 5161 1103 5229; x_wconf 87' lang='lat' dir='ltr'><strong>jam</strong></span> <span class='ocrx_word' id='word_1_762' title='bbox 1143 5161 1254 5224; x_wconf 89' lang='lat' dir='ltr'><strong>ille,</strong></span> <span class='ocrx_word' id='word_1_763' title='bbox 1313 5162 1416 5214; x_wconf 90' lang='lat' dir='ltr'><strong>hoc</strong></span> <span class='ocrx_word' id='word_1_764' title='bbox 1454 5174 1563 5213; x_wconf 88' lang='lat' dir='ltr'><strong>non</strong></span> <span class='ocrx_word' id='word_1_765' title='bbox 1613 5159 1797 5228; x_wconf 88' lang='lat' dir='ltr'><strong>potius</strong></span> <span class='ocrx_word' id='word_1_766' title='bbox 1849 5159 2015 5216; x_wconf 78' lang='lat' dir='ltr'><strong>fuerit</strong></span> 
     </span>
    </p>
   </div>
   <div class='ocr_carea' id='block_1_100' title="bbox 437 5250 2011 5320">
    <p class='ocr_par' dir='ltr' id='par_1_100' title="bbox 437 5250 2011 5320">
     <span class='ocr_line' id='line_1_100' title="bbox 437 5250 2011 5320; baseline 0.002 -16"><span class='ocrx_word' id='word_1_767' title='bbox 437 5250 864 5313; x_wconf 90' lang='lat' dir='ltr'><strong>communicare,</strong></span> <span class='ocrx_word' id='word_1_768' title='bbox 898 5265 1058 5320; x_wconf 87' lang='lat' dir='ltr'><strong>quam</strong></span> <span class='ocrx_word' id='word_1_769' title='bbox 1087 5250 1352 5306; x_wconf 60' lang='lat' dir='ltr'><strong>diszidere</strong></span> <span class='ocrx_word' id='word_1_770' title='bbox 1398 5265 1464 5304; x_wconf 91' lang='lat' dir='ltr'><strong>ac</strong></span> <span class='ocrx_word' id='word_1_771' title='bbox 1520 5250 1849 5318; x_wconf 86' lang='lat' dir='ltr'><strong>discrepare.</strong></span> <span class='ocrx_word' id='word_1_772' title='bbox 1891 5250 2011 5307; x_wconf 88' lang='lat' dir='ltr'><strong>Non</strong></span> 
     </span>
    </p>
   </div>
   <div class='ocr_carea' id='block_1_101' title="bbox 436 5340 2008 5413">
    <p class='ocr_par' dir='ltr' id='par_1_101' title="bbox 436 5340 2008 5413">
     <span class='ocr_line' id='line_1_101' title="bbox 436 5340 2008 5413; baseline 0.004 -20"><span class='ocrx_word' id='word_1_773' title='bbox 436 5349 521 5396; x_wconf 80' lang='lat' dir='ltr'><strong>est</strong></span> <span class='ocrx_word' id='word_1_774' title='bbox 553 5341 695 5394; x_wconf 89' lang='lat' dir='ltr'><strong>enim</strong></span> <span class='ocrx_word' id='word_1_775' title='bbox 731 5343 875 5411; x_wconf 83' lang='lat' dir='ltr'><strong>quod</strong></span> <span class='ocrx_word' id='word_1_776' title='bbox 906 5343 1220 5413; x_wconf 75' lang='lat' dir='ltr'><strong>coniungat,</strong></span> <span class='ocrx_word' id='word_1_777' title='bbox 1250 5341 1506 5412; x_wconf 89' lang='lat' dir='ltr'><strong>quoniam</strong></span> <span class='ocrx_word' id='word_1_778' title='bbox 1546 5356 1651 5396; x_wconf 93' lang='lat' dir='ltr'><strong>non</strong></span> <span class='ocrx_word' id='word_1_779' title='bbox 1689 5340 1888 5397; x_wconf 86' lang='lat' dir='ltr'><strong>habent</strong></span> <span class='ocrx_word' id='word_1_780' title='bbox 1920 5359 2008 5400; x_wconf 89' lang='lat' dir='ltr'><strong>se-</strong></span> 
     </span>
    </p>
   </div>
   <div class='ocr_carea' id='block_1_102' title="bbox 437 5432 2004 5502">
    <p class='ocr_par' dir='ltr' id='par_1_102' title="bbox 437 5432 2004 5502">
     <span class='ocr_line' id='line_1_102' title="bbox 437 5432 2004 5502; baseline 0.004 -18"><span class='ocrx_word' id='word_1_781' title='bbox 437 5432 676 5486; x_wconf 88' lang='lat' dir='ltr'><strong>cundum</strong></span> <span class='ocrx_word' id='word_1_782' title='bbox 709 5433 851 5488; x_wconf 87' lang='lat' dir='ltr'><strong>idem</strong></span> <span class='ocrx_word' id='word_1_783' title='bbox 898 5435 1086 5499; x_wconf 88' lang='lat' dir='ltr'><strong>ambo,</strong></span> <span class='ocrx_word' id='word_1_784' title='bbox 1150 5434 1296 5502; x_wconf 88' lang='lat' dir='ltr'><strong>quod</strong></span> <span class='ocrx_word' id='word_1_785' title='bbox 1335 5433 1542 5488; x_wconf 89' lang='lat' dir='ltr'><strong>utervis</strong></span> <span class='ocrx_word' id='word_1_786' title='bbox 1609 5433 1760 5489; x_wconf 91' lang='lat' dir='ltr'><strong>solus</strong></span> <span class='ocrx_word' id='word_1_787' title='bbox 1823 5436 2004 5493; x_wconf 86' lang='lat' dir='ltr'><strong>habet.</strong></span> 
     </span>
    </p>
   </div>
   <div class='ocr_carea' id='block_1_103' title="bbox 438 5524 2004 5593">
    <p class='ocr_par' dir='ltr' id='par_1_103' title="bbox 438 5524 2004 5593">
     <span class='ocr_line' id='line_1_103' title="bbox 438 5524 2004 5593; baseline 0.005 -18"><span class='ocrx_word' id='word_1_788' title='bbox 438 5524 705 5587; x_wconf 82' lang='lat' dir='ltr'><strong>Quocirca</strong></span> <span class='ocrx_word' id='word_1_789' title='bbox 733 5540 830 5579; x_wconf 82' lang='lat' dir='ltr'><strong>nec</strong></span> <span class='ocrx_word' id='word_1_790' title='bbox 861 5541 988 5581; x_wconf 88' lang='lat' dir='ltr'><strong>vere</strong></span> <span class='ocrx_word' id='word_1_791' title='bbox 1025 5534 1275 5580; x_wconf 91' lang='lat' dir='ltr'><strong>mutuum</strong></span> <span class='ocrx_word' id='word_1_792' title='bbox 1316 5525 1370 5578; x_wconf 90' lang='lat' dir='ltr'><strong>in</strong></span> <span class='ocrx_word' id='word_1_793' title='bbox 1410 5524 1520 5578; x_wconf 91' lang='lat' dir='ltr'><strong>ullo</strong></span> <span class='ocrx_word' id='word_1_794' title='bbox 1578 5527 2004 5593; x_wconf 85' lang='lat' dir='ltr'><strong>communicant,</strong></span> 
     </span>
    </p>
   </div>
   <div class='ocr_carea' id='block_1_104' title="bbox 441 5615 2008 5688">
    <p class='ocr_par' dir='ltr' id='par_1_104' title="bbox 441 5615 2008 5688">
     <span class='ocr_line' id='line_1_104' title="bbox 441 5615 2008 5688; baseline 0.005 -23"><span class='ocrx_word' id='word_1_795' title='bbox 441 5627 538 5668; x_wconf 86' lang='lat' dir='ltr'><strong>nec</strong></span> <span class='ocrx_word' id='word_1_796' title='bbox 569 5616 1074 5671; x_wconf 89' lang='lat' dir='ltr'><strong>communicarunt.</strong></span> <span class='ocrx_word' id='word_1_797' title='bbox 1099 5615 1204 5670; x_wconf 85' lang='lat' dir='ltr'><strong>Sed</strong></span> <span class='ocrx_word' id='word_1_798' title='bbox 1218 5615 1354 5684; x_wconf 84' lang='lat' dir='ltr'><strong>quia</strong></span> <span class='ocrx_word' id='word_1_799' title='bbox 1384 5615 1526 5670; x_wconf 90' lang='lat' dir='ltr'><strong>idem</strong></span> <span class='ocrx_word' id='word_1_800' title='bbox 1556 5624 1658 5681; x_wconf 89' lang='lat' dir='ltr'><strong>est,</strong></span> <span class='ocrx_word' id='word_1_801' title='bbox 1684 5616 1828 5687; x_wconf 91' lang='lat' dir='ltr'><strong>quod</strong></span> <span class='ocrx_word' id='word_1_802' title='bbox 1854 5620 2008 5688; x_wconf 90' lang='lat' dir='ltr'><strong>prius</strong></span> 
     </span>
    </p>
   </div>
   <div class='ocr_carea' id='block_1_105' title="bbox 436 5705 2004 5780">
    <p class='ocr_par' dir='ltr' id='par_1_105' title="bbox 436 5705 2004 5780">
     <span class='ocr_line' id='line_1_105' title="bbox 436 5705 2004 5780; baseline 0.006 -23"><span class='ocrx_word' id='word_1_803' title='bbox 436 5714 557 5758; x_wconf 86' lang='lat' dir='ltr'><strong>erat</strong></span> <span class='ocrx_word' id='word_1_804' title='bbox 583 5705 764 5775; x_wconf 87' lang='lat' dir='ltr'><strong>hujus,</strong></span> <span class='ocrx_word' id='word_1_805' title='bbox 800 5722 948 5761; x_wconf 89' lang='lat' dir='ltr'><strong>nunc</strong></span> <span class='ocrx_word' id='word_1_806' title='bbox 994 5715 1078 5762; x_wconf 90' lang='lat' dir='ltr'><strong>est</strong></span> <span class='ocrx_word' id='word_1_807' title='bbox 1129 5707 1297 5771; x_wconf 88' lang='lat' dir='ltr'><strong>illius,</strong></span> <span class='ocrx_word' id='word_1_808' title='bbox 1329 5708 1540 5776; x_wconf 85' lang='lat' dir='ltr'><strong>species</strong></span> <span class='ocrx_word' id='word_1_809' title='bbox 1570 5710 1816 5780; x_wconf 66' lang='lat' dir='ltr'><strong>quendam</strong></span> <span class='ocrx_word' id='word_1_810' title='bbox 1851 5726 2004 5766; x_wconf 90' lang='lat' dir='ltr'><strong>com-</strong></span> 
     </span>
    </p>
   </div>
   <div class='ocr_carea' id='block_1_106' title="bbox 505 5888 982 5967">
    <p class='ocr_par' dir='ltr' id='par_1_106' title="bbox 505 5888 982 5967">
     <span class='ocr_line' id='line_1_106' title="bbox 505 5888 982 5967; baseline -0.002 -25"><span class='ocrx_word' id='word_1_811' title='bbox 505 5889 555 5967; x_wconf 64' lang='grc' dir='ltr'><strong>ξ’</strong></span> <span class='ocrx_word' id='word_1_812' title='bbox 602 5888 767 5958; x_wconf 73' lang='lat' dir='ltr'><strong>Hebr.</strong></span> <span class='ocrx_word' id='word_1_813' title='bbox 798 5905 858 5953; x_wconf 87' lang='grc' dir='ltr'><strong>ιι,</strong></span> <span class='ocrx_word' id='word_1_814' title='bbox 895 5888 982 5941; x_wconf 69' lang='grc'><strong>13.</strong></span> 
     </span>
    </p>
   </div>
   <div class='ocr_carea' id='block_1_107' title="bbox 2125 4695 3684 4776">
    <p class='ocr_par' dir='ltr' id='par_1_107' title="bbox 2125 4695 3684 4776">
     <span class='ocr_line' id='line_1_107' title="bbox 2125 4695 3684 4776; baseline -0.009 -16"><span class='ocrx_word' id='word_1_815' title='bbox 2125 4706 2288 4776; x_wconf 84' lang='grc' dir='ltr'><strong>σῶμά</strong></span> <span class='ocrx_word' id='word_1_816' title='bbox 2318 4708 2435 4759; x_wconf 77' lang='grc' dir='ltr'><strong>ἐστι</strong></span> <span class='ocrx_word' id='word_1_817' title='bbox 2467 4705 2560 4758; x_wconf 88' lang='grc' dir='ltr'><strong>τοῦ</strong></span> <span class='ocrx_word' id='word_1_818' title='bbox 2589 4703 2856 4775; x_wconf 74' lang='grc' dir='ltr'><strong>Χριστοῦ,</strong></span> <span class='ocrx_word' id='word_1_819' title='bbox 2884 4702 2977 4756; x_wconf 76' lang='grc' dir='ltr'><strong>καὶ</strong></span> <span class='ocrx_word' id='word_1_820' title='bbox 3008 4701 3165 4754; x_wconf 79' lang='grc' dir='ltr'><strong>κοινὰ</strong></span> <span class='ocrx_word' id='word_1_821' title='bbox 3202 4700 3283 4752; x_wconf 76' lang='grc' dir='ltr'><strong>ἔτι</strong></span> <span class='ocrx_word' id='word_1_822' title='bbox 3318 4701 3390 4753; x_wconf 76' lang='grc' dir='ltr'><strong>τὰ</strong></span> <span class='ocrx_word' id='word_1_823' title='bbox 3426 4699 3566 4770; x_wconf 85' lang='grc' dir='ltr'><strong>μέλη</strong></span> <span class='ocrx_word' id='word_1_824' title='bbox 3597 4695 3684 4748; x_wconf 79' lang='grc' dir='ltr'><strong>καὶ</strong></span> 
     </span>
    </p>
   </div>
   <div class='ocr_carea' id='block_1_108' title="bbox 2124 4799 2512 4870">
    <p class='ocr_par' dir='ltr' id='par_1_108' title="bbox 2124 4799 2512 4870">
     <span class='ocr_line' id='line_1_108' title="bbox 2124 4799 2512 4870; baseline -0.008 0"><span class='ocrx_word' id='word_1_825' title='bbox 2124 4800 2280 4870; x_wconf 79' lang='grc' dir='ltr'><strong>κοινὴ</strong></span> <span class='ocrx_word' id='word_1_826' title='bbox 2311 4800 2345 4868; x_wconf 73' lang='grc' dir='ltr'>ὴ</span> <span class='ocrx_word' id='word_1_827' title='bbox 2375 4799 2512 4867; x_wconf 68' lang='grc' dir='ltr'><strong>ζωή.</strong></span> 
     </span>
    </p>
   </div>
   <div class='ocr_carea' id='block_1_109' title="bbox 2195 4961 3681 5045">
    <p class='ocr_par' dir='ltr' id='par_1_109' title="bbox 2195 4961 3681 5045">
     <span class='ocr_line' id='line_1_109' title="bbox 2195 4961 3681 5045; baseline -0.013 -14"><span class='ocrx_word' id='word_1_828' title='bbox 2195 4977 2364 5031; x_wconf 88' lang='grc' dir='ltr'><strong>Τοῦτο</strong></span> <span class='ocrx_word' id='word_1_829' title='bbox 2393 4977 2449 5031; x_wconf 83' lang='grc' dir='ltr'><strong>δέ</strong></span> <span class='ocrx_word' id='word_1_830' title='bbox 2472 4977 2621 5028; x_wconf 74' lang='grc' dir='ltr'><strong>ἐστιν</strong></span> <span class='ocrx_word' id='word_1_831' title='bbox 2649 4977 2682 5045; x_wconf 77' lang='grc' dir='ltr'><strong>ἡ</strong></span> <span class='ocrx_word' id='word_1_832' title='bbox 2705 4972 2912 5044; x_wconf 81' lang='grc' dir='ltr'><strong>ἀληθὴς</strong></span> <span class='ocrx_word' id='word_1_833' title='bbox 2940 4969 3220 5036; x_wconf 85' lang='grc' dir='ltr'><strong>κοινωνία,</strong></span> <span class='ocrx_word' id='word_1_834' title='bbox 3246 4969 3375 5021; x_wconf 85' lang='grc' dir='ltr'><strong>ὅταν</strong></span> <span class='ocrx_word' id='word_1_835' title='bbox 3398 4967 3599 5038; x_wconf 77' lang='grc' dir='ltr'><strong>ἀμφοῖν</strong></span> <span class='ocrx_word' id='word_1_836' title='bbox 3625 4961 3681 5014; x_wconf 85' lang='grc' dir='ltr'><strong>τὸ</strong></span> 
     </span>
    </p>
   </div>
   <div class='ocr_carea' id='block_1_110' title="bbox 2122 5054 3680 5133">
    <p class='ocr_par' dir='ltr' id='par_1_110' title="bbox 2122 5054 3680 5133">
     <span class='ocr_line' id='line_1_110' title="bbox 2122 5054 3680 5133; baseline -0.013 -10"><span class='ocrx_word' id='word_1_837' title='bbox 2122 5069 2256 5124; x_wconf 75' lang='grc' dir='ltr'><strong>αὐτὸ</strong></span> <span class='ocrx_word' id='word_1_838' title='bbox 2304 5067 2451 5120; x_wconf 76' lang='grc' dir='ltr'><strong>κατὰ</strong></span> <span class='ocrx_word' id='word_1_839' title='bbox 2497 5067 2587 5119; x_wconf 84' lang='grc' dir='ltr'><strong>τὸν</strong></span> <span class='ocrx_word' id='word_1_840' title='bbox 2645 5065 2806 5118; x_wconf 73' lang='grc' dir='ltr'><strong>αὐτὸν</strong></span> <span class='ocrx_word' id='word_1_841' title='bbox 2855 5063 3046 5133; x_wconf 86' lang='grc' dir='ltr'><strong>χρόνον</strong></span> <span class='ocrx_word' id='word_1_842' title='bbox 3103 5063 3276 5131; x_wconf 78' lang='grc' dir='ltr'><strong>παρῇ,</strong></span> <span class='ocrx_word' id='word_1_843' title='bbox 3327 5059 3409 5120; x_wconf 85' lang='grc' dir='ltr'><strong>ὡς</strong></span> <span class='ocrx_word' id='word_1_844' title='bbox 3467 5054 3680 5110; x_wconf 77' lang='grc' dir='ltr'><strong>ἐπειδὰν</strong></span> 
     </span>
    </p>
   </div>
   <div class='ocr_carea' id='block_1_111' title="bbox 2121 5145 3676 5230">
    <p class='ocr_par' dir='ltr' id='par_1_111' title="bbox 2121 5145 3676 5230">
     <span class='ocr_line' id='line_1_111' title="bbox 2121 5145 3676 5230; baseline -0.01 -18"><span class='ocrx_word' id='word_1_845' title='bbox 2121 5162 2379 5230; x_wconf 81' lang='grc' dir='ltr'><strong>ἑκάτερος</strong></span> <span class='ocrx_word' id='word_1_846' title='bbox 2411 5157 2530 5228; x_wconf 72' lang='grc' dir='ltr'><strong>ἔχῃ,</strong></span> <span class='ocrx_word' id='word_1_847' title='bbox 2563 5157 2656 5209; x_wconf 72' lang='grc' dir='ltr'><strong>καὶ</strong></span> <span class='ocrx_word' id='word_1_848' title='bbox 2683 5154 2778 5209; x_wconf 90' lang='grc' dir='ltr'><strong>νῦν</strong></span> <span class='ocrx_word' id='word_1_849' title='bbox 2813 5157 2912 5225; x_wconf 82' lang='grc' dir='ltr'><strong>μὲν</strong></span> <span class='ocrx_word' id='word_1_850' title='bbox 2941 5147 3115 5219; x_wconf 77' lang='grc' dir='ltr'><strong>οὗτος,</strong></span> <span class='ocrx_word' id='word_1_851' title='bbox 3151 5151 3244 5206; x_wconf 88' lang='grc' dir='ltr'><strong>νῦν</strong></span> <span class='ocrx_word' id='word_1_852' title='bbox 3273 5153 3331 5204; x_wconf 64' lang='grc' dir='ltr'><strong>δὲ</strong></span> <span class='ocrx_word' id='word_1_853' title='bbox 3369 5151 3594 5208; x_wconf 78' lang='grc' dir='ltr'><strong>ἐκεῖνος,</strong></span> <span class='ocrx_word' id='word_1_854' title='bbox 3619 5145 3676 5197; x_wconf 84' lang='grc' dir='ltr'><strong>οὐ</strong></span> 
     </span>
    </p>
   </div>
   <div class='ocr_carea' id='block_1_112' title="bbox 2119 5236 3676 5317">
    <p class='ocr_par' dir='ltr' id='par_1_112' title="bbox 2119 5236 3676 5317">
     <span class='ocr_line' id='line_1_112' title="bbox 2119 5236 3676 5317; baseline -0.012 -11"><span class='ocrx_word' id='word_1_855' title='bbox 2119 5253 2395 5306; x_wconf 79' lang='grc' dir='ltr'><strong>κοινωνεῖν</strong></span> <span class='ocrx_word' id='word_1_856' title='bbox 2424 5249 2490 5304; x_wconf 83' lang='grc' dir='ltr'><strong>ἂν</strong></span> <span class='ocrx_word' id='word_1_857' title='bbox 2521 5248 2606 5317; x_wconf 71' lang='grc' dir='ltr'><strong>εἴη</strong></span> <span class='ocrx_word' id='word_1_858' title='bbox 2633 5249 2831 5316; x_wconf 82' lang='grc' dir='ltr'><strong>μᾶλλον</strong></span> <span class='ocrx_word' id='word_1_859' title='bbox 2858 5247 2890 5316; x_wconf 79' lang='grc' dir='ltr'>ἢ</span> <span class='ocrx_word' id='word_1_860' title='bbox 2920 5247 3215 5301; x_wconf 85' lang='grc' dir='ltr'><strong>διεστάναι.</strong></span> <span class='ocrx_word' id='word_1_861' title='bbox 3243 5244 3317 5296; x_wconf 87' lang='grc' dir='ltr'><strong>Οὑ</strong></span> <span class='ocrx_word' id='word_1_862' title='bbox 3350 5242 3460 5311; x_wconf 83' lang='grc' dir='ltr'><strong>γάρ</strong></span> <span class='ocrx_word' id='word_1_863' title='bbox 3488 5242 3602 5291; x_wconf 75' lang='grc' dir='ltr'><strong>ἐστι</strong></span> <span class='ocrx_word' id='word_1_864' title='bbox 3622 5236 3676 5288; x_wconf 58' lang='grc' dir='ltr'><strong>τό</strong></span> 
     </span>
    </p>
   </div>
   <div class='ocr_carea' id='block_1_113' title="bbox 2119 5332 3673 5412">
    <p class='ocr_par' dir='ltr' id='par_1_113' title="bbox 2119 5332 3673 5412">
     <span class='ocr_line' id='line_1_113' title="bbox 2119 5332 3673 5412; baseline -0.012 -14"><span class='ocrx_word' id='word_1_865' title='bbox 2119 5347 2409 5409; x_wconf 88' lang='grc' dir='ltr'><strong>συνάπτον,</strong></span> <span class='ocrx_word' id='word_1_866' title='bbox 2438 5345 2520 5398; x_wconf 84' lang='grc' dir='ltr'><strong>ὅτι</strong></span> <span class='ocrx_word' id='word_1_867' title='bbox 2559 5341 2632 5412; x_wconf 78' lang='grc' dir='ltr'><strong>μὴ</strong></span> <span class='ocrx_word' id='word_1_868' title='bbox 2663 5342 2897 5410; x_wconf 82' lang='grc' dir='ltr'><strong>πάρεστι</strong></span> <span class='ocrx_word' id='word_1_869' title='bbox 2927 5339 3070 5392; x_wconf 85' lang='grc' dir='ltr'><strong>κατὰ</strong></span> <span class='ocrx_word' id='word_1_870' title='bbox 3093 5338 3288 5390; x_wconf 80' lang='grc' dir='ltr'><strong>ταύτὸν</strong></span> <span class='ocrx_word' id='word_1_871' title='bbox 3323 5332 3673 5404; x_wconf 82' lang='grc' dir='ltr'><strong>ἀμφοτέροις,</strong></span> 
     </span>
    </p>
   </div>
   <div class='ocr_carea' id='block_1_114' title="bbox 2113 5425 3675 5507">
    <p class='ocr_par' dir='ltr' id='par_1_114' title="bbox 2113 5425 3675 5507">
     <span class='ocr_line' id='line_1_114' title="bbox 2113 5425 3675 5507; baseline -0.013 -14"><span class='ocrx_word' id='word_1_872' title='bbox 2113 5441 2142 5493; x_wconf 85' lang='grc' dir='ltr'>ὅ</span> <span class='ocrx_word' id='word_1_873' title='bbox 2171 5455 2236 5506; x_wconf 86' lang='grc' dir='ltr'><strong>γε</strong></span> <span class='ocrx_word' id='word_1_874' title='bbox 2275 5437 2433 5507; x_wconf 89' lang='grc' dir='ltr'><strong>μόνος</strong></span> <span class='ocrx_word' id='word_1_875' title='bbox 2481 5436 2745 5504; x_wconf 79' lang='grc' dir='ltr'><strong>ἑκάτερος</strong></span> <span class='ocrx_word' id='word_1_876' title='bbox 2785 5433 2932 5502; x_wconf 74' lang='grc' dir='ltr'><strong>ἔχει·</strong></span> <span class='ocrx_word' id='word_1_877' title='bbox 2975 5433 3100 5485; x_wconf 82' lang='grc' dir='ltr'><strong>ὅθεν</strong></span> <span class='ocrx_word' id='word_1_878' title='bbox 3152 5429 3279 5483; x_wconf 77' lang='grc' dir='ltr'><strong>οὕτε</strong></span> <span class='ocrx_word' id='word_1_879' title='bbox 3334 5425 3675 5481; x_wconf 84' lang='grc' dir='ltr'><strong>κοινωνοῦσιν</strong></span> 
     </span>
    </p>
   </div>
   <div class='ocr_carea' id='block_1_115' title="bbox 2115 5519 3680 5599">
    <p class='ocr_par' dir='ltr' id='par_1_115' title="bbox 2115 5519 3680 5599">
     <span class='ocr_line' id='line_1_115' title="bbox 2115 5519 3680 5599; baseline -0.013 -16"><span class='ocrx_word' id='word_1_880' title='bbox 2115 5529 2390 5599; x_wconf 83' lang='grc' dir='ltr'><strong>ἀλλήλοις,</strong></span> <span class='ocrx_word' id='word_1_881' title='bbox 2430 5525 2742 5580; x_wconf 81' lang='grc' dir='ltr'><strong>οὑτινοσοῦν</strong></span> <span class='ocrx_word' id='word_1_882' title='bbox 2784 5523 3001 5590; x_wconf 78' lang='grc' dir='ltr'><strong>ἀληθῶς</strong></span> <span class='ocrx_word' id='word_1_883' title='bbox 3039 5521 3163 5575; x_wconf 78' lang='grc' dir='ltr'><strong>οὔτε</strong></span> <span class='ocrx_word' id='word_1_884' title='bbox 3207 5519 3680 5587; x_wconf 65' lang='grc' dir='ltr'><strong>κεκοινωνήκασιν,</strong></span> 
     </span>
    </p>
   </div>
   <div class='ocr_carea' id='block_1_116' title="bbox 2115 5602 3676 5685">
    <p class='ocr_par' dir='ltr' id='par_1_116' title="bbox 2115 5602 3676 5685">
     <span class='ocr_line' id='line_1_116' title="bbox 2115 5602 3676 5685; baseline -0.013 -12"><span class='ocrx_word' id='word_1_885' title='bbox 2115 5619 2230 5674; x_wconf 82' lang='grc' dir='ltr'><strong>ἀλλ’</strong></span> <span class='ocrx_word' id='word_1_886' title='bbox 2261 5622 2287 5672; x_wconf 87' lang='grc' dir='ltr'><strong>ὄ</strong></span> <span class='ocrx_word' id='word_1_887' title='bbox 2315 5635 2369 5671; x_wconf 87' lang='grc' dir='ltr'><strong>τι</strong></span> <span class='ocrx_word' id='word_1_888' title='bbox 2395 5619 2456 5670; x_wconf 85' lang='grc' dir='ltr'><strong>τὸ</strong></span> <span class='ocrx_word' id='word_1_889' title='bbox 2486 5618 2621 5670; x_wconf 88' lang='grc' dir='ltr'><strong>αὐτό</strong></span> <span class='ocrx_word' id='word_1_890' title='bbox 2643 5620 2810 5681; x_wconf 78' lang='grc' dir='ltr'><strong>ἐστιν,</strong></span> <span class='ocrx_word' id='word_1_891' title='bbox 2833 5615 2862 5668; x_wconf 78' lang='grc' dir='ltr'><strong>δ</strong></span> <span class='ocrx_word' id='word_1_892' title='bbox 2890 5614 3155 5685; x_wconf 84' lang='grc' dir='ltr'><strong>πρότερον</strong></span> <span class='ocrx_word' id='word_1_893' title='bbox 3180 5607 3248 5684; x_wconf 84' lang='grc' dir='ltr'><strong>ἦν</strong></span> <span class='ocrx_word' id='word_1_894' title='bbox 3269 5611 3481 5671; x_wconf 85' lang='grc' dir='ltr'><strong>τούτου,</strong></span> <span class='ocrx_word' id='word_1_895' title='bbox 3504 5606 3596 5658; x_wconf 77' lang='grc' dir='ltr'><strong>νῦν</strong></span> <span class='ocrx_word' id='word_1_896' title='bbox 3621 5602 3676 5653; x_wconf 81' lang='grc' dir='ltr'><strong>δὲ</strong></span> 
     </span>
    </p>
   </div>
   <div class='ocr_carea' id='block_1_117' title="bbox 2115 5693 3675 5775">
    <p class='ocr_par' dir='ltr' id='par_1_117' title="bbox 2115 5693 3675 5775">
     <span class='ocr_line' id='line_1_117' title="bbox 2115 5693 3675 5775; baseline -0.01 -11"><span class='ocrx_word' id='word_1_897' title='bbox 2115 5711 2347 5775; x_wconf 74' lang='grc' dir='ltr'><strong>ἐκείνου,</strong></span> <span class='ocrx_word' id='word_1_898' title='bbox 2377 5709 2562 5763; x_wconf 78' lang='grc' dir='ltr'><strong>εἰκόνα</strong></span> <span class='ocrx_word' id='word_1_899' title='bbox 2595 5709 2716 5764; x_wconf 73' lang='grc' dir='ltr'><strong>τινὰ</strong></span> <span class='ocrx_word' id='word_1_900' title='bbox 2769 5707 3056 5771; x_wconf 79' lang='grc' dir='ltr'><strong>κοινωνίας</strong></span> <span class='ocrx_word' id='word_1_901' title='bbox 3101 5705 3237 5775; x_wconf 73' lang='grc' dir='ltr'><strong>ἔχει.</strong></span> <span class='ocrx_word' id='word_1_902' title='bbox 3274 5700 3541 5767; x_wconf 82' lang='grc' dir='ltr'><strong>Καθάπερ</strong></span> <span class='ocrx_word' id='word_1_903' title='bbox 3572 5693 3675 5762; x_wconf 74' lang='grc' dir='ltr'><strong>γὰρ</strong></span> 
     </span>
    </p>
   </div>
  </div>
