4036 6438
365 468 473 534 (ἓθό

1432 475 1530 535 DE
1555 475 1733 535 VlTA
1766 472 1847 534 IN
1887 474 2227 535 CHRISTO'
2259 471 2408 534 LIB.
2448 473 2544 533 ιν.

3509 459 3617 523 606

369 589 601 658 δύναμιν
625 588 874 658 ἡντινοῦν
899 590 1270 660 κεκτημένους
1306 592 1448 663 ὑπὲρ
1477 591 1571 644 τοῦ
1600 592 1770 646 καλοῦ
1813 592 1944 662 δρασ-

2047 592 2378 648 currendum
2420 589 2529 643 ulla
2595 586 2799 639 virtute
2858 560 3114 652 praeditos
3160 579 3459 648 accipiens,
3503 595 3616 633 non

374 685 515 752 μεῖν,
535 682 601 736 οὐ
631 683 808 752 μάτην
833 684 988 752 ἡμᾶς
1007 684 1183 740 ταῦτα
1205 685 1384 738 πάντα
1413 688 1614 755 προῖκα
1644 686 1939 754 ἐργάζεται

365 777 461 829 καὶ
490 774 666 828 δεῖται
694 775 803 827 τῶν
825 775 956 843 παρ’
979 777 1137 843 ἡμῶν
1151 775 1388 842 οὐδενὸς,
1417 777 1494 839 ὡς
1516 776 1584 830 ἂν
1609 777 1941 841 εἰσενεγκεῖν

363 865 697 935 δυναμένων.
768 864 833 920 Ἦ
877 867 1130 935 τράπεζα
1191 866 1250 920 δὲ
1303 869 1635 921 συνεστῶσιν
1693 869 1796 939 ἠδη
1846 871 1940 921 καὶ

366 955 500 1021 ζῶσι
524 958 620 1011 καὶ
638 956 959 1026 δυναμένοις
982 960 1172 1027 ἀρκεῖν
1200 960 1335 1028 ἡμῖν
1362 958 1546 1021 αὐτοῖς
1575 960 1937 1029 προκειμένη,

367 1046 605 1115 χρῆσθαι
637 1049 705 1117 τῇ
737 1047 969 1117 δυνάμει
997 1049 1227 1113 καὶτοῖς
1246 1048 1482 1102 δοθεῖσιν
1505 1050 1690 1112 ὅπλοις
1720 1052 1937 1120 ἀφίησι,

368 1137 459 1191 καὶ
488 1138 710 1192 διώκειν
730 1141 969 1207 τάγαθὸν
999 1141 1184 1194 οὐκέτι
1205 1143 1603 1211 κομιζομένους
1642 1143 1753 1196 οὐδ’
1785 1143 1941 1196 ἑλκο-

375 1231 592 1299 μένους,
625 1233 741 1286 ἀλλ’
776 1235 981 1297 αὐτοὺς
1003 1234 1217 1288 οἴκοθεν
1254 1237 1350 1288 καὶ
1393 1235 1523 1304 παρ’
1549 1237 1706 1307 ἡμῶν
1758 1237 1941 1289 αὐτῶν

370 1323 656 1392 ὁρμῶντας
693 1325 790 1378 καὶ
820 1328 1196 1396 κινουμένους,
1228 1329 1305 1389 ώς
1329 1329 1397 1383 ἀν
1439 1328 1540 1398 ἥδη
1568 1329 1787 1397 τρέχειν
1815 1329 1940 1382 ἐπι-

372 1413 693 1480 σταμένους.
722 1415 790 1470 Τί
823 1418 923 1486 μὲν
951 1417 1060 1487 γὰρ
1083 1417 1192 1472 ἔδει
1224 1421 1314 1472 καὶ
1345 1420 1569 1489 ποιῆσαι
1608 1421 1816 1485 λαϐεῖν,
1857 1415 1940 1482 οἷς

368 1503 469 1558 οὐκ
494 1504 972 1576 ἐδειχρήσασθαις
1018 1509 1071 1561 τί
1104 1508 1162 1562 δὲ
1203 1509 1470 1577 ρωννύναι
1523 1511 1617 1561 καὶ
1674 1509 1940 1563 καθοπλί-

373 1593 483 1656 {etv
507 1594 601 1648 τὸν
629 1596 768 1650 οῐκοι
788 1597 1053 1665 μέλλοντα
1079 1597 1360 1651 καθεύδειν
1391 1616 1408 1665 ;
1440 1600 1499 1651 Ei
1530 1599 1638 1669 γὰρ
1678 1599 1814 1669 μήτε
1840 1601 1940 1671 τὴν

372 1685 543 1756 ἀρχὴν
576 1689 939 1757 γεννωμένοις
974 1687 1102 1758 μήθ’
1137 1687 1365 1759 ὕστερον
1391 1690 1749 1759 καθαίρεσθαι
1818 1690 1940 1760 βου-

371 1776 615 1845 λομένοις
672 1779 904 1848 ἀγώνων
966 1777 1037 1851 ἦν
1079 1782 1175 1835 καὶ
1234 1784 1415 1838 πόνων
1441 1784 1655 1852 καιρὸς,
1681 1783 1780 1839 οὐκ
1819 1781 1937 1838 οἴδα

374 1870 490 1922 πότ’
516 1870 584 1924 ἂν
609 1872 742 1939 ἡμῖν
766 1872 954 1935 αὐτοῖς
974 1873 1275 1942 ἐγενόμεθα
1309 1875 1590 1945 χρήσιμοι,
1611 1876 1664 1928 τί
1694 1875 1740 1930 δ’
1770 1875 1837 1928 ἀν
1867 1871 1938 1946 ἢν

375 1959 532 2026 ἔργον
589 1961 878 2029 ἀνθρώπου
934 1963 1044 2015 τῶν
1088 1963 1229 2032 ὑπὲρ
1291 1964 1392 2033 τῆς
1449 1965 1654 2034 ἀρετῆς
1719 1965 1938 2034 δρόμων
1970 1947 2009 2001 Β

376 2051 754 2120 ἀνῃρημένων,
789 2053 990 2121 μᾶλλον
1023 2052 1083 2106 δὲ
1105 2054 1157 2108 τί
1189 2056 1372 2125 χεῖρον
1399 2055 1469 2111 ἀν
1496 2051 1566 2126 ἦν
1592 2057 1941 2125 πράγματος,

374 2142 720 2210 πραττόντων
749 2143 849 2213 μὲν
870 2139 945 2197 ὧν
973 2146 1192 2209 ἔπαινός
1222 2149 1369 2200 ἐστιν
1390 2148 1510 2200 οὐδὲ
1559 2147 1640 2211 ἐν,
1695 2147 1832 2216 πρὸς
1886 2148 1943 2202 δὲ

372 2232 433 2284 τὸ
469 2233 700 2302 πονηρὸν
722 2234 942 2304 ἐνεργὸν
975 2235 1208 2304 ἐχόντων
1262 2237 1523 2290 ἑκάστοτε
1568 2237 1670 2308 τὴν
1726 2237 1939 2307 ψυχήνς

376 2325 475 2376 Διὰ
503 2324 675 2377 ταῦτα
704 2327 869 2382 τόπον
894 2327 1072 2395 ἔργων
1104 2327 1412 2397 ἀνθρώποις
1443 2329 1550 2382 ἔδει
1583 2329 1946 2399 συγχωρηθῆ-

376 2430 464 2467 ναι
510 2414 600 2467 καὶ
656 2416 846 2484 καιρὸν
875 2417 1124 2483 ἀγώνων,
1177 2416 1240 2471 τό
1282 2434 1347 2484 γε
1397 2416 1626 2482 τελείοις
1680 2418 1944 2488 ἀνδράσιν

374 2499 516 2557 εἶναι
550 2506 700 2578 παρά
730 2506 841 2562 τῶν
877 2509 1202 2577 μυστηρίων
1241 2508 1338 2580 ἤδη
1366 2509 1592 2563 λαϐοῦσι
1636 2510 1734 2562 καὶ
1781 2510 1945 2563 δυναο

376 2598 562 2666 μένοις
585 2600 647 2652 τὸ
667 2603 732 2671 τῇ
764 2599 925 2668 φύσει
956 2605 1233 2671 προσῆκον
1254 2601 1415 2672 ἔργον
1445 2601 1796 2670 ἐργάζεσθαι,
1849 2603 1945 2655 καὶ

376 2690 477 2759 τῆς
512 2692 726 2763 ἡμέρας
754 2695 1042 2763 φανείσης,
1072 2694 1142 2766 ἥν
1164 2696 1195 2747 ὁ
1226 2693 1431 2763 Κύριος
1449 2694 1696 2767 ἐποίησε,
1746 2695 1946 2765 μηκέτι

378 2782 689 2849 καθεύδειν,
721 2785 838 2839 ἀλλ’
872 2787 962 2838 ἐπ’
991 2785 1129 2855 ἔργα
1162 2787 1383 2856 χωρεῖν,
1409 2780 1563 2859 καὶῇ
1591 2803 1725 2854 φησι
1782 2786 1947 2840 Δαδὶδ

384 2897 405 2929 ι
448 2877 572 2931 Ἐπὶ
601 2877 662 2931 τὸ
680 2878 846 2949 ἔργον
871 2879 1041 2932 αὐτοῦ
1071 2882 1165 2932 καὶ
1206 2880 1298 2934 ἐπὶ
1328 2879 1429 2949 τὴν
1457 2880 1724 2947 ἐργασίαν
1775 2877 1946 2933 αὑτοῦ

377 2970 471 3023 τὶν
528 2970 815 3040 ἄνθρωπον
867 2970 1105 3036 ἐξελθεῖν
1163 2971 1267 3035 ἕως
1306 2970 1569 3041 ἑσπέρας.
1599 2990 1619 3024 ι
1680 2970 1948 3042 Καθάπερ

380 3065 487 3131 γὰρ
510 3064 648 3132 μετά
686 3064 891 3131 ταύτην
917 3064 1016 3135 τήν
1035 3065 1250 3136 ἡμέραν
1273 3064 1492 3136 ἔρχεται
1538 3063 1655 3130 νὺξ,
1708 3066 1799 3119 ὅτε
1849 3066 1946 3118 οὐ·

378 3154 490 3218 δαὶς
511 3154 735 3211 δύναται
760 3157 1119 3226 ἐργάζεσθαι,
1152 3157 1295 3211 οὕτω
1321 3160 1415 3213 καὶ
1467 3159 1577 3227 πρὸ
1599 3158 1805 3230 ταύτης
1852 3154 1944 3230 ἧν,

379 3247 467 3299 ὅτε
499 3248 768 3317 παντελὴς
792 3243 860 3318 ἦν
888 3249 985 3302 τοῦ
1004 3251 1273 3320 πράττειν
1289 3250 1594 3320 ἀδυναμία,
1620 3256 1718 3304 καὶ
1774 3250 1948 3314 οὐδεὶς

381 3337 499 3409 ᾔδει
532 3341 624 3392 ποῖ
644 3339 727 3393 δεῖ
746 3341 1000 3407 βαδίζειν,
1032 3343 1227 3407 νυκτὸς
1249 3341 1486 3413 ἐχούσης
1537 3341 1618 3395 ἔτι
1665 3341 1768 3411 τὴν
1820 3341 1944 3410 γῆν,

386 3450 404 3481 ι
444 3431 504 3482 ἐν
553 3424 610 3504 ᾗ,
639 3434 826 3500 φησὶν,
859 3434 887 3486 ὁ
913 3434 1234 3502 περιπατῶν
1260 3434 1362 3488 οὐκ
1391 3433 1499 3488 οἶδε
1533 3433 1638 3488 ποῦ
1674 3435 1944 3502 ὑπάγειν»

377 3522 472 3576 τοῦ
496 3524 646 3593 ἡλίου
669 3524 729 3577 δὲ
756 3525 1202 3595 ἀνασχόντοςικαὶ
1226 3526 1503 3598 πανταχοῦ
1540 3528 1631 3583 διὰ
1681 3527 1793 3581 τῶν
1841 3545 1950 3597 μυ·

381 3617 619 3684 στηρίων
642 3616 743 3686 τῆς
796 3618 1018 3679 ἀκτῖνος
1058 3617 1332 3688 χεθείσης,
1400 3620 1615 3691 ἀνάγκη
1674 3621 1949 3690 μηδεμίαν

380 3706 732 3776 ἀνθρωπίνων
786 3707 968 3777 ἔργων
1032 3704 1174 3761 εἶναι
1236 3708 1333 3762 καὶ
1394 3709 1577 3763 πόνων
1634 3709 1908 3780 ἀναϐολὴν
1931 3750 1947 3775 ,

381 3798 520 3852 ἀλλά
580 3797 846 3853 σιτεῖσθαι
876 3799 966 3852 τὸν
1021 3798 1191 3868 ἀρτον
1252 3797 1446 3852 τοῦτον
1493 3800 1552 3854 ἐν
1611 3800 1799 3869 ἱδρῶτι
1853 3799 1947 3853 τοῦ

384 3893 675 3960 προσώπου
702 3892 793 3945 τὸν
821 3892 1091 3962 ἡμέτερον
1116 3890 1193 3955 ὡς
1233 3890 1376 3962 ὑπὲρ
1427 3893 1460 3962 ἡ
1472 3892 1591 3961 μῶν
1642 3891 1946 3962 κλώμενον,

2044 693 2250 739 temere
2282 683 2335 736 in
2375 681 2538 736 nobis
2573 682 2686 733 lure
2716 676 2903 731 omnia
2955 672 3129 744 gratis
3157 680 3438 741 operatur.
3483 684 3537 725 et
3587 688 3617 724 a

2043 777 2204 830 nobis
2257 775 2393 828 nihil
2449 771 2697 838 requirit,
2770 775 2960 838 utpote
3012 765 3103 832 qui
3162 764 3418 819 conferre
3475 762 3617 816 nihil

2043 869 2340 938 possimus.
2404 865 2589 920 Mensa
2640 870 2819 918 autem
2862 861 3139 929 pr0posita
3194 855 3444 911 formatis
3476 856 3614 923 jam.

2041 970 2096 1015 et
2140 959 2472 1023 viventibus,
2524 969 2580 1012 et
2613 955 2921 1010 valentibus
2975 953 3133 1007 nobis
3184 951 3319 1018 ipsis
3369 948 3616 1005 sufﬁcere

2043 1053 2279 1117 viribus,
2312 1050 2561 1119 datisque
2586 1050 2759 1105 armis
2786 1047 2866 1102 ttti
2913 1047 3067 1108 sinit,
3098 1054 3155 1101 et
3183 1046 3386 1099 bonum
3424 1055 3614 1111 perse-

2040 1146 2159 1212 qui,
2192 1158 2305 1196 non
2362 1143 2471 1212 jam
2506 1150 2771 1212 portatus,
2811 1154 2993 1210 neque
3027 1147 3255 1197 tractos.
3311 1135 3406 1190 sed
3466 1133 3616 1203 ipsos

2041 1244 2234 1302 sponte
2275 1250 2339 1288 ac
2392 1249 2486 1304 per
2536 1250 2638 1289 nos
2692 1233 2997 1288 concitatos
3057 1240 3223 1299 atque
3281 1237 3612 1289 commotos,

2041 1330 2190 1383 velut
2238 1328 2349 1397 jam
2404 1341 2604 1395 gnaros
2654 1340 2898 1380 currere.
2954 1324 3096 1390 Quid
3145 1323 3289 1377 enim
3345 1319 3616 1373 referebat

2042 1422 2223 1476 facere
2247 1428 2307 1474 ut
2348 1421 2739 1488 acciperemus,
2785 1419 2986 1487 quibus
3013 1414 3279 1470 utendum
3321 1430 3426 1467 non
3464 1410 3618 1464 erat?

2040 1512 2181 1579 Quid
2214 1511 2577 1566 corroborare
2605 1520 2661 1563 et
2707 1524 2923 1563 armare
2958 1507 3103 1563 domi
3132 1502 3535 1562 dormiturum?
3562 1501 3618 1556 Si

2040 1606 2185 1659 enim
2252 1619 2426 1674 neque
2491 1603 2667 1672 primo
2735 1601 3131 1661 nascentibus,
3188 1613 3367 1666 neque
3429 1603 3619 1664 postea

2041 1696 2263 1768 purgari
2296 1695 2609 1750 volentibus
2656 1691 2980 1749 certandum
3015 1700 3069 1745 et
3113 1689 3478 1743 laborandum
3511 1694 3619 1751 est,

2041 1790 2228 1844 nescio
2256 1789 2476 1858 quando
2536 1786 2693 1841 nobis
2749 1785 2885 1853 ipsis
2945 1787 3410 1838 commendemus.
3471 1776 3620 1838 Jam,

2040 1881 2185 1950 quod
2217 1880 2454 1934 hominis
2480 1894 2639 1949 opus.
2665 1878 2717 1934 si
2747 1875 2968 1930 virtutis
2995 1873 3334 1928 curriculum
3366 1870 3625 1924 auferas?

2042 1969 2157 2025 lmo
2187 1986 2314 2023 vero
2340 1969 2471 2039 quid
2502 1983 2665 2037 opere
2681 1975 2871 2022 nostro
2902 1964 3167 2028 deterius,
3191 1964 3233 2017 si
3267 1962 3404 2016 nihil
3433 1973 3621 2015 eorum

2043 2078 2164 2130 quae
2197 2061 2494 2115 laudantur
2546 2058 2830 2120 facientes,
2870 2072 2927 2110 In
2987 2055 3339 2124 improbitate
3384 2052 3623 2105 animam

2046 2151 2396 2206 continenter
2453 2159 2782 2217 occupatam
2823 2145 3164 2200 habeamus?
3218 2147 3410 2213 Itaque
3444 2144 3624 2197 locum

2046 2257 2274 2311 operum
2300 2240 2642 2301 hominibus,
2658 2238 3239 2308 opportunitatemque
3261 2233 3626 2289 certaminum

2046 2333 2352 2389 concedere
2398 2333 2708 2402 oportebat,
2765 2330 2858 2399 qui
2895 2327 3116 2400 quidem
3173 2338 3232 2383 ut
3267 2326 3495 2397 perfecti
3527 2326 3628 2380 viri

2044 2434 2257 2488 essent,
2313 2440 2341 2480 a
2406 2425 2687 2496 mysteriis
2723 2423 2835 2492 jam
2870 2422 3235 2490 accepissent,
3292 2429 3629 2487 possentque

2046 2531 2185 2586 opus
2238 2527 2451 2570 natura:
2490 2516 2834 2570 conveniens
2889 2515 3125 2583 operari,
3158 2522 3213 2566 et
3272 2513 3627 2566 illucescente

2046 2609 2155 2674 die,
2182 2623 2341 2677 quem
2361 2607 2491 2662 fecit
2512 2607 2773 2662 Dominus
2793 2606 2859 2671 ⁸³,
2883 2620 2991 2659 non
3025 2605 3267 2659 dormire
3286 2604 3352 2658 de
3383 2611 3584 2658 cartero
3608 2618 3625 2658 :

2046 2702 2139 2759 sed
2172 2701 2238 2756 ad
2268 2715 2434 2768 opera
2471 2698 2820 2761 incumbere,
2848 2704 2904 2751 et
2935 2706 2998 2752 ut
3032 2696 3198 2751 David
3232 2697 3411 2765 inquit
3443 2714 3456 2750 :
3493 2713 3512 2747 ι
3543 2696 3625 2751 Ad

2047 2811 2186 2866 opus
2215 2809 2396 2858 suum,
2447 2800 2503 2848 et
2547 2791 2615 2848 ad
2646 2789 3023 2862 operationem
3074 2804 3229 2844 suam
3265 2788 3418 2841 exire
3453 2802 3623 2856 usque

2049 2889 2115 2943 ad
2151 2902 2431 2957 vesperam
2455 2885 2521 2940 °’.
2565 2904 2583 2936 ι
2621 2883 2778 2939 Sicut
2806 2882 2952 2938 enim
2984 2892 3106 2952 post
3135 2882 3283 2935 hunc
3314 2882 3456 2936 diem
3484 2879 3631 2933 venit

2048 2992 2183 3043 nox,
2216 2977 2438 3045 quando
2483 2990 2645 3030 nemo
2693 2982 2875 3044 potest
2930 2975 3149 3043 operari
3179 2973 3249 3038 '°.,
3287 2971 3366 3025 sic
3402 2979 3462 3024 et
3505 2979 3631 3023 ante

2048 3072 2194 3127 hunc
2228 3070 2371 3125 diem
2408 3084 2516 3124 nox
2554 3075 2699 3129 erat,
2731 3065 2954 3136 quando
2985 3079 3197 3118 summa
3224 3072 3345 3117 erat
3367 3061 3628 3132 Operandi

2049 3164 2420 3231 imbecillitas,
2489 3171 2545 3217 et
2606 3175 2717 3231 quo
2778 3158 3171 3214 ambulandum
3243 3171 3398 3218 esse,
3469 3169 3632 3209 nemo

2052 3257 2281 3324 sciebat,
2313 3271 2438 3312 cum
2473 3253 2654 3309 adhuc
2705 3266 2813 3307 uox
2849 3258 3025 3305 terras
3083 3256 3314 3312 teneret,
3351 3265 3369 3298 t
3404 3245 3457 3300 in
3526 3260 3632 3315 qua

2060 3351 2141 3422 (ut
2173 3360 2255 3406 est
2296 3348 2349 3405 in
2417 3345 2735 3417 Evangelia)
2777 3345 2869 3414 qui
2947 3342 3211 3405 ambulat,
3283 3340 3455 3394 nescit
3524 3354 3634 3408 quo

2053 3439 2221 3495 vadat
2243 3439 2310 3492 τί.
2371 3455 2392 3489 ι
2471 3434 2598 3490 Sole
2669 3443 2850 3488 autem
2914 3442 3129 3493 exorto,
3195 3431 3470 3500 radiisque
3540 3445 3635 3497 per

2056 3539 2399 3588 sacramenta
2442 3526 2642 3595 ubique
2670 3521 2905 3586 tlilfusis,
2961 3522 3168 3575 nullam
3216 3534 3444 3587 operum
3477 3519 3634 3572 labo-
3742 3528 3745 3531 ‘

2059 3636 2293 3691 rumque
2324 3619 2690 3674 humanorum
2744 3614 3065 3670 dilationem
3108 3612 3315 3682 perpeti
3365 3625 3463 3681 par
3495 3619 3583 3665 est
3613 3628 3628 3664 :

2059 3717 2153 3772 sed
2179 3715 2391 3771 comedi
2426 3728 2619 3784 panem
2651 3712 2799 3767 hunc
2830 3711 2884 3765 in
2917 3709 3116 3765 sudore
3144 3708 3330 3763 vultus
3361 3716 3631 3770 nostrum,

2057 3807 2208 3881 (quia
2237 3822 2333 3875 pro
2363 3804 2519 3859 nobis
2554 3803 2792 3868 factum;
2831 3808 3091 3870 praeterea
3116 3798 3241 3868 quia
3269 3797 3402 3852 solis
3430 3788 3637 3849 ratione

2054 3900 2332 3957 utentibus
2393 3897 2701 3952 destinatus
2762 3893 2889 3962 est),
2928 3901 2982 3948 et
3009 3889 3152 3959 quod
3214 3890 3290 3943 ait
3348 3886 3633 3952 Dominus,

379 3985 554 4048 άλλως
586 3984 634 4037 θ’
660 3985 745 4037 ὅτι
780 3985 890 4047 τοῖς
927 3983 1166 4052 λογικοῖς
1196 3983 1503 4052 ἀφώρισται
1534 3984 1741 4053 μόνοις,
1780 3986 1875 4038 καὶ
1920 3985 1944 4038 δ

2054 3991 2273 4061 operari
2310 3989 2514 4053 cibum,
2546 3987 2637 4058 qui
2668 3991 2953 4055 permanet
2976 3980 3223 4051 ":quod
3254 3990 3342 4035 est
3372 3978 3633 4049 iubentis,

381 4079 597 4148 φησινδ
625 4078 855 4146 Κύριος,
891 4075 1226 4146 ἐργάζεσθαι
1268 4075 1368 4145 τὴν
1418 4093 1440 4127 ι
1485 4076 1755 4146 μένουσαν
1805 4076 1944 4147 βρῶ-

2056 4096 2127 4137 ne
2171 4082 2336 4137 otiosi
2364 4095 2492 4153 .nec
2527 4077 2832 4133 inefficaces
2889 4072 2959 4128 ad
3009 4074 3154 4127 hanc
3194 4087 3406 4126 contam
3439 4070 3634 4127 venia-
3718 4068 3723 4073 ’

384 4188 486 4236 σιν,
521 4189 543 4223 ι
579 4171 717 4240 ὅπερ
748 4168 869 4221 ἐστὶ
898 4167 1237 4232 κελεύοντος,
1271 4169 1372 4221 οὐκ
1393 4168 1601 4238 ἀργοὺς
1636 4169 1747 4225 οὐδ’
1773 4170 1944 4241 ἀπρὼ

2060 4187 2203 4227 mus.
2267 4171 2327 4226 Si
2379 4172 2522 4226 enim
2580 4169 2791 4224 otiosos
2850 4165 3005 4220 Pauli
3073 4164 3155 4218 lex
3221 4167 3385 4221 etiam
3450 4180 3635 4219 mensa

382 4279 561 4327 κτους,
612 4261 728 4315 ἀλλ’
784 4259 1189 4332 ἐργαζομένους
1246 4259 1339 4312 ἐπὶ
1393 4260 1458 4312 τδ
1504 4259 1720 4313 δεῖπνον
1790 4259 1944 4313 τοῦτο

2060 4264 2369 4319 intereunte
2423 4263 2667 4320 excludit
2720 4265 2780 4333 (ι
2812 4263 2855 4318 si
2900 4263 3025 4330 quis
3055 4262 3306 4316 laborare
3350 4275 3458 4313 non
3497 4259 3635 4321 vult,

382 4356 601 4424 χωρεῖν.
655 4353 720 4406 El
757 4351 866 4422 γὰρ
903 4353 1040 4415 τοὺς
1064 4351 1269 4418 ἀργοὺς
1302 4351 1396 4406 καὶ
1424 4352 1525 4421 τῆς
1569 4352 1944 4423 ἀπολλυμένης

2057 4358 2260 4428 inquit,
2316 4372 2419 4412 nec
2451 4358 2856 4428 manducet")
2892 4376 2939 4423 ι,
2993 4357 3195 4426 quibus
3251 4355 3511 4426 operibus
3569 4353 3635 4407 ad

379 4446 658 4517 τραπέζης
718 4447 747 4499 ὁ
792 4443 888 4497 τοῦ
928 4444 1141 4498 Παύλου
1198 4445 1361 4515 νόμος
1391 4445 1597 4512 ἀπάγει
1639 4446 1710 4515 (ι
1765 4447 1795 4499 δ
1847 4446 1944 4517 γὰρ

2061 4453 2205 4506 hanc
2237 4466 2482 4507 mensam
2511 4453 2694 4507 vocati
2728 4452 3005 4521 egebunt?

381 4539 569 4609 ἀργὸς,
637 4539 792 4609 φησι,
853 4538 987 4608 μηδέ
1028 4538 1276 4592 ’ἐσθιέτω
1320 4537 1392 4601 ι),
1445 4538 1608 4590 τίνων
1625 4538 1812 4608 δεήσει
1836 4540 1947 4592 τῶν
1973 4538 2152 4610 ἔργων
2205 4546 2320 4607 τοῖς
2380 4545 2472 4598 ἐπί
2534 4545 2739 4614 ταύτην
2772 4544 3131 4612 καλουμένοις
3172 4541 3272 4611 τὴν
3317 4538 3634 4610 τράπεζαν;

452 4634 577 4687 Ὅτι
617 4633 714 4701 μέν
745 4632 839 4684 οὖν
882 4629 1053 4692 οὕτως
1102 4631 1272 4701 ἐχρῆν
1307 4631 1419 4685 τῶν
1464 4631 1631 4699 ίερῶν
1679 4631 1944 4686 ἅπτεσθαι

2129 4634 2220 4690 Sic
2252 4639 2424 4706 igitur
2452 4653 2608 4693 sacra
2642 4639 2782 4691 dona
2813 4637 3157 4706 attingenda,
3186 4643 3242 4689 et
3271 4634 3342 4687 ob
3376 4632 3477 4686 hoc
3511 4644 3638 4686 ante

380 4727 586 4796 δώρων,
622 4727 715 4780 καὶ
736 4726 928 4779 τούτου
969 4724 1127 4794 χάριν
1165 4723 1274 4794 πρὸ
1322 4723 1424 4793 τῆς
1478 4723 1703 4793 τελετῆς
1749 4725 1944 4781 οἴκοθεπ

2068 4735 2473 4782 sacramentum
2517 4742 2613 4797 per
2662 4734 2836 4783 semet
2871 4742 3106 4797 purgare
3138 4741 3197 4779 se
3244 4732 3519 4796 oportere,
3574 4739 3638 4776 ex

380 4819 578 4881 αὐτοὺς
604 4815 968 4888 καθαίρεσθαι
1006 4815 1108 4877 δεῖ,
1129 4815 1366 4885 φανερὸν
1393 4817 1457 4867 ἐκ
1478 4816 1590 4868 τῶν
1619 4816 1944 4886 είρημένωνε

2065 4819 2228 4874 dictis
2257 4819 2427 4888 liquet
2460 4835 2474 4873 :
2508 4817 2652 4888 quod
2686 4833 2790 4873 non
2823 4815 3102 4871 inferioris
3132 4815 3315 4880 modo,
3350 4813 3442 4869 sed
3473 4817 3635 4868 etiant

380 4912 461 4966 δτι
492 4912 548 4965 δὲ
580 4910 740 4964 τοῦτό
763 4913 912 4963 ἐστιν
941 4908 1045 4961 οὐκ
1072 4908 1280 4962 ἐλάττω
1307 4908 1469 4978 μόνον
1496 4908 1604 4960 τῶν
1634 4909 1813 4963 ἄλλων
1851 4929 1944 4979 μυ-

2064 4912 2391 4979 potentioris
2421 4909 2662 4981 mysterii
2720 4923 2868 4973 esse,
2918 4907 3046 4962 inde
3094 4916 3338 4977 apparet.
3391 4906 3635 4963 Primum

384 5003 640 5074 στηρίων,
667 5001 799 5055 ἀλλά
829 5000 921 5053 καὶ
943 4997 1113 5069 μείζω
1151 4998 1474 5068 δυναμένου,
1513 4998 1675 5067 δῆλον
1718 5001 1944 5056 ἐκεῖθεν.

2060 5004 2231 5067 enim,
2261 5004 2305 5056 si
2341 5002 2664 5057 melioribus
2695 4986 2840 5056 Deus
2880 5000 3089 5066 majora
3126 5000 3311 5064 donat,
3349 5000 3442 5071 qui
3476 5000 3640 5054 mise-

385 5093 612 5164 Πρῶτον
662 5093 763 5162 μὲν
794 5092 904 5159 γάρ
934 5091 983 5142 εί
1017 5090 1132 5151 τοῖς
1167 5086 1430 5157 βελτίοσιν
1456 5087 1486 5140 δ
1514 5087 1649 5151 Θεδς
1683 5089 1753 5142 τὰ
1783 5088 1944 5161 μείζω

2063 5094 2359 5151 ricordiam
2391 5091 2604 5158 statuit,
2624 5100 2679 5146 et
2699 5092 2854 5161 juxta
2888 5089 3209 5161 prophetam
3228 5089 3275 5149 7"
3309 5091 3364 5143 in
3395 5089 3638 5160 pondere

381 5186 658 5255 δωρεῖται,
687 5182 747 5247 ὃς
780 5182 875 5235 τὸν
892 5181 1040 5235 ἔλεον
1065 5180 1249 5250 ῖστησι
1285 5180 1377 5231 καὶ
1395 5177 1547 5248 ζυγῷ
1571 5197 1700 5242 τινι,
1743 5183 1804 5234 τὸ
1857 5182 1944 5236 τοῦ

2062 5196 2118 5242 et
2170 5187 2383 5257 iustitia
2434 5186 2617 5242 omnia
2675 5184 2823 5250 facit,
2865 5183 3038 5240 multo
3098 5183 3272 5255 magis
3324 5183 3640 5238 melioribus

384 5280 686 5347 προφήτου.
715 5276 813 5329 καὶ
837 5273 1161 5346 δικαιοσύνῃ
1218 5272 1398 5327 πάντα
1444 5274 1611 5337 ποιεῖ,
1657 5272 1840 5344 πολλῷ
1896 5274 1944 5327 δὲ

2067 5279 2247 5341 nobis,
2280 5288 2472 5349 utpote
2521 5277 2633 5348 jam
2666 5292 2764 5348 per
2799 5285 3144 5332 sacramenta
3175 5275 3425 5339 initiatis,
3475 5281 3528 5327 et
3569 5275 3640 5327 ob

383 5370 638 5433 καλλίους
665 5369 812 5438 ἡμᾶς
851 5368 1083 5433 εὐποιεῖ,
1124 5366 1545 5436 τετελεσμένους
1582 5366 1683 5438 ἥδη
1726 5366 1821 5421 καί
1852 5385 1944 5422 που

2064 5371 2322 5426 virtutem
2382 5369 2497 5439 jam
2561 5369 2784 5426 luctatis
2846 5367 3142 5432 benefacit,
3200 5382 3361 5437 quam
3411 5380 3641 5436 prorsus

385 5463 484 5517 καὶ
511 5463 643 5532 περὶ
672 5463 875 5530 ἀρετῆς
899 5461 1371 5530 ἀγωνισαμένους,
1408 5458 1441 5531 ἢ
1482 5458 1619 5529 μηδέ
1648 5460 1750 5529 τὴν
1783 5461 1944 5534 ἀρχὴη

2067 5477 2179 5518 non
2223 5462 2449 5518 ablutis.
2484 5461 2835 5532 Relinquitur
2863 5475 2997 5530 ergo
3028 5467 3083 5515 et
3119 5458 3351 5529 gratiam
3390 5458 3534 5511 hanc
3555 5449 3639 5513 illi

383 5554 771 5621 λουσαμένους,
800 5552 1047 5606 λείπεται
1067 5553 1163 5606 καὶ
1191 5551 1291 5623 τὴν
1314 5553 1475 5624 χάριν
1502 5552 1709 5623 ταύτην
1739 5553 1944 5624 ἐκείνης

2067 5567 2375 5626 praestare,
2436 5564 2493 5609 et
2568 5554 2812 5610 initiatos
2872 5553 3029 5606 donis
3094 5549 3352 5606 secundis
3418 5550 3640 5603 meliora

385 5641 527 5697 εἶναι
585 5644 781 5713 βελτίω
830 5644 929 5700 καὶ
987 5643 1098 5699 τῶν
1149 5644 1425 5716 δευτέρων
1480 5645 1785 5716 ἀμεινόνων
1833 5647 1944 5710 τοὺς

2069 5644 2383 5718 consequi.‘
2405 5644 2501 5700 Est
2553 5653 2736 5699 autem
2784 5643 2916 5698 illud
2976 5643 3269 5712 baptisma,
3323 5641 3430 5694 hoc
3484 5654 3640 5696 coena

386 5738 773 5809 μεμυημένους
809 5737 1123 5810 τυγχάνειν.
1164 5737 1387 5793 Ἔστιδ¹
1412 5738 1588 5792 ἐκεῖνο
1618 5738 1717 5807 μὲν
1753 5739 1816 5793 τὸ
1857 5738 1927 5810 βά

2069 5756 2248 5803 sacra,
2284 5754 2447 5809 quam
2478 5746 2630 5793 tanto
2662 5735 3043 5806 perfectiorem
3073 5733 3397 5789 existimare
3439 5748 3644 5788 convc-

458 5856 504 5889 “
544 5855 683 5914 Psal,
713 5875 881 5925 cxvu,
943 5860 1034 5916 24.
1110 5860 1155 5892 θ’
1194 5858 1334 5915 Psal.
1369 5877 1484 5926 cm,
1517 5861 1609 5917 23.
1687 5861 1735 5894 ⁷ο
1778 5858 1936 5917 Joan.

2083 5860 2135 5916 4.
2213 5858 2255 5891 ⁷¹
2284 5857 2546 5920 ιῐοαιιιιιι,
2577 5857 2665 5914 5’3.
2744 5857 2790 5889 τ’
2817 5851 2979 5909 Joan.
3023 5867 3100 5917 v1,
3123 5850 3214 5907 2'7.
3292 5852 3339 5888 ⁷³
3366 5851 3407 5907 ll
3441 5848 3641 5908 Thess.

391 5941 474 5996 tn,
514 5927 597 5983 10.
669 5929 717 5963 ’δ
762 5929 865 5987 Isa.
908 5945 1094 5997 xxvm,
1130 5929 1213 5986 l7.
