4036 6472
404 475 514 540 607
1629 471 1942 533 NICOLAI
1971 472 2366 532 CABASILAI
3532 465 3640 527 608

410 588 510 646 nit.
546 592 752 654 quianto
786 598 906 638 eam
955 582 1109 636 obire
1145 581 1451 636 valentibus
1503 581 1712 644 maiore
1771 597 1978 649 pracpa-

2109 600 2313 648 ιτισμα,
2367 580 2528 636 τοῦτο
2573 581 2629 634 δὲ
2694 580 2754 636 rb
2803 581 3020 636 δεῖπνον
3063 581 3125 635 rb
3153 581 3316 652 ἱερὸν,
3368 579 3398 634 δ
3424 581 3648 634 τοσοῦτο

408 677 620 732 ratione
669 691 807 744 opus
853 683 954 728 est.
994 673 1144 726 llaud
1196 673 1341 727 enim
1377 688 1596 742 mquum
1629 683 1735 739 est,
1792 675 1972 745 majus

2110 674 2402 744 ελεώτερον
2434 674 2685 741 ἡγεῖσθαι
2747 677 3046 744 προσῆκεν,
3087 674 3197 743 ὅσῳ
3270 673 3519 742 μείζονος
3567 674 3652 726 δεῖ

407 768 609 822 volenti
647 768 886 830 cuilibet,
930 767 1112 820 minus
1143 782 1237 836 per
1289 752 1588 820 certamina
1640 778 1736 822 aut
1789 783 1974 822 sacra-

2109 770 2192 822 οῖς
2221 766 2543 835 προσελθεῖν
2608 765 2955 834 βουλομένοις
2989 767 3368 835 παρασκευῆς.
3411 764 3488 816 Οὐ
3542 766 3653 833 γὰρ

411 870 592 912 menta
659 857 903 928 purgatis
978 859 1292 927 contingere
1357 874 1372 912 :
1431 859 1563 928 quin
1634 859 1972 913 contrarium

2116 860 2248 921 ἰκὺς,
2280 859 2343 910 rb
2371 857 2559 926 μεῖζον
2592 859 2689 924 μὲν
2731 859 2844 920 τοῖς
2880 857 3226 926 βουλομένοις
3260 855 3455 918 ἀπασι,
3487 855 3548 907 rb
3607 856 3654 908 δ’

409 952 592 1020 potius
645 951 771 1004 hinc
823 949 1136 1019 conjectare
1190 949 1272 1004 fas
1325 958 1431 1012 est,
1486 961 1787 1020 putareque
1846 948 1977 1002 illud

2109 950 2307 1003 ζλαττον
2357 953 2469 1012 τοῖς
2523 950 2731 1017 ἀγῶσιν
2790 949 2823 1017 ἦ
2876 950 3204 1019 μυστηρίοις
3248 947 3656 1017 καθηραμένοις

410 1057 529 1096 esse
582 1041 878 1110 perfectius
909 1081 922 1105 ,
981 1041 1127 1108 quod
1192 1041 1295 1096 nisi
1351 1042 1536 1097 multis
1587 1051 1643 1096 et
1697 1039 1980 1111 generosis

2109 1043 2287 1109 ,ξεῖναι
2324 1057 2337 1093 '.
2368 1043 2682 1094 τούναντίον
2707 1041 2806 1110 μὲν
2843 1039 2937 1094 οῦν
2977 1040 3226 1093 ἐντεῦθεν
3259 1039 3479 1107 εὔλογον
3526 1055 3656 1090 τεκ-

410 1135 692 1188 laboribus
719 1149 827 1188 non
853 1134 1075 1189 emitur.

2095 1132 2392 1204 μαίρεσθαι
2431 1134 2527 1188 καὶ
2560 1133 2893 1203 τελεώτερον
2926 1131 3072 1202 ἔχειν
3135 1133 3314 1186 έκεῖνο
3337 1131 3602 1200 νομίζειν,
3628 1129 3658 1182 ὃ

415 1227 490 1294 μὴ
553 1227 762 1279 πολλῶν
823 1225 1000 1295 ἔργων
1052 1224 1146 1278 καὶ
1205 1225 1471 1291 γενναίων
1502 1225 1602 1279 οὐκ
1653 1226 1800 1279 ἔστιν
1830 1225 2172 1295 ὠνήσασθαι.

489 1317 688 1373 Deinde
731 1319 917 1372 ethoc
959 1319 1268 1384 sciendum,
1302 1321 1604 1380 Chrismm,
1645 1321 1737 1385 qui
1776 1321 1981 1387 prabet

2169 1320 2402 1374 Ἔπειτα
2426 1320 2647 1374 κάκεῖνο
2673 1317 2780 1388 χρὴ
2807 1317 3062 1383 συνιδεῖν,
3111 1319 3195 1371 ὅτι
3251 1317 3661 1386 συναγωνιστὴς

413 1411 660 1480 epulum,
710 1412 1030 1466 certaminis
1080 1412 1251 1466 nostri
1301 1412 1508 1466 socium
1571 1421 1624 1465 et
1676 1411 1980 1477 adiutorem

2109 1431 2239 1467 εστιν
2270 1416 2403 1482 ἡμῖν
2431 1415 2458 1465 ό
2511 1412 2748 1483 Χριστὸς
2779 1411 3025 1480 εὑωχῶν,
3078 1412 3108 1464 ό
3150 1411 3207 1464 δὲ
3253 1411 3662 1480 συναγωνιστὴς

413 1517 556 1555 csse.
589 1501 823 1570 Adjutor
849 1512 1025 1556 autem
1060 1519 1282 1556 manum
1341 1505 1573 1572 porrigit
1618 1519 1724 1556 non
1752 1503 1985 1572 jacenti-

416 1591 540 1654 bus,
579 1609 686 1646 non
723 1594 1133 1662 aegrotantibus,
1185 1594 1280 1647 sed
1334 1609 1362 1646 a
1412 1594 1610 1646 robore
1665 1603 1717 1647 et
1756 1594 1982 1646 audacia

416 1685 612 1744 ﬁrmis.
648 1693 704 1738 et
733 1685 1000 1740 adversus
1026 1685 1403 1739 adversarium
1437 1685 1683 1739 animose
1742 1686 1988 1754 beneque

416 1775 829 1830 dimicantibus.
859 1777 982 1845 Ipse
1027 1777 1171 1830 enim
1205 1775 1459 1830 Christus
1512 1778 1671 1830 nobis
1728 1792 1984 1845 operaus,

421 1867 474 1920 in
551 1881 881 1934 unoquoque
943 1877 1288 1921 sacramento
1351 1868 1533 1922 omnia
1601 1867 1699 1931 fit,
1760 1869 1986 1936 plastes,

2094 1508 2248 1575 χεῖρα
2269 1505 2481 1558 δίδωσιν
2513 1507 2577 1559 οὐ
2604 1506 2882 1576 κειμένοις
2908 1507 3033 1559 οὐδὲ
3060 1505 3329 1567 νοσοῦσιν.
3366 1507 3506 1560 ἀλλά
3559 1506 3664 1575 9di-

2097 1615 2204 1667 μης
2241 1599 2338 1667 μὲν
2369 1597 2462 1651 καὶ
2487 1599 2688 1669 τόλμης
2718 1599 2934 1667 ἔχουσιν
2973 1595 3057 1659 εὖ.
3084 1599 3221 1668 πρὸς
3248 1599 3304 1652 δὲ
3358 1599 3450 1651 τὸν
3495 1599 3664 1652 ἀκτα-

2093 1691 2366 1758 γωνιστὴν
2422 1692 2686 1754 γενναίως
2723 1691 2818 1744 καὶ
2847 1689 3033 1753 καλῶς
3095 1691 3430 1760 ἱσταμένοις.
3489 1690 3661 1754 Αὐτὸς

2093 1781 2202 1849 γὰρ
2229 1782 2361 1850 ἡμῖν
2384 1782 2411 1833 ό
2435 1780 2670 1850 Χριστὸς
2689 1781 2930 1848 ἐνεργῶν
2963 1781 3022 1834 έν
3049 1780 3266 1851 ἑκάστῳ
3298 1782 3406 1834 τῶν
3454 1799 3666 1851 μυστη-

2099 1870 2232 1939 ρίων
2265 1871 2437 1924 πάντα
2465 1871 2698 1938 γίνεται,
2742 1870 3010 1940 πλάστης,
3065 1870 3352 1940 ἀλείπτης,
3411 1888 3661 1938 συναγω·

334 1988 341 1997 -
420 1959 638 2026 aliptes,
693 1958 1011 2026 opitulator,
1067 1967 1121 2012 et
1174 1960 1423 2023 abluens,
1456 1969 1508 2012 et
1540 1975 1770 2029 ungens,
1801 1968 1853 2011 et
1889 1975 1992 2011 nu-

2109 1960 2304 2030 θιστὴς,
2342 1961 2402 2014 τὸ
2440 1961 2538 2030 μὲν
2565 1961 2758 2027 λούων,
2797 1961 2934 2014 τὸδὲ
2969 1961 3160 2032 χρίων,
3209 1962 3271 2015 rb
3323 1963 3380 2016 δὲ
3423 1963 3664 2032 τρέφων.

421 2051 614 2105 triens.
666 2049 741 2103 lbi
779 2051 924 2104 enim
963 2067 992 2105 a
1040 2052 1312 2120 principio
1347 2053 1593 2107 membra
1654 2052 1994 2119 fabricatur;

422 2140 513 2196 hic
576 2143 771 2210 spiritu
837 2143 1210 2207 corroborat;
1275 2144 1326 2195 in
1401 2159 1586 2198 mensa
1654 2157 1782 2196 vero
1849 2144 2000 2196 adest

424 2232 681 2298 perfecte,
724 2241 779 2284 et
827 2248 929 2283 una
960 2239 1234 2285 certamen
1285 2232 1545 2285 sustinet.
1581 2230 1866 2284 Defunctis
1907 2231 2001 2284 de-

424 2339 576 2378 mum
611 2323 910 2376 certamine
957 2333 1272 2376 muneratur
1314 2321 1437 2386 erit,
1473 2331 1528 2376 et
1579 2321 1784 2376 sanctis
1831 2321 1997 2390 juder

425 2416 635 2470 sedebit
671 2416 943 2480 laborum,
995 2429 1230 2482 quorum
1266 2413 1381 2479 ipse
1439 2428 1564 2482 pars
1622 2427 1818 2481 magna
1875 2412 1998 2466 fuit.

425 2509 628 2564 Adhmc
681 2525 803 2563 cum
863 2508 1103 2562 victores
1159 2506 1429 2560 redimere
1488 2506 1794 2574 oportebit,
1855 2504 1996 2558 idem

426 2617 643 2670 quoque
670 2615 874 2654 corona
903 2599 1026 2652 erit.
1060 2598 1139 2650 Ad
1173 2612 1376 2665 agones
1407 2595 1572 2668 igitur
1606 2611 1704 2665 pro
1752 2596 1998 2665 philoso-

427 2693 556 2762 phia
594 2691 898 2754 audcudos,
934 2699 985 2742 et
1010 2688 1076 2742 ad
1109 2688 1487 2743 excellentiam
1526 2686 1997 2755 consequendam,

431 2789 640 2853 fingens
694 2791 748 2836 et
795 2797 1006 2850 ungens
1039 2779 1253 2834 confert
1300 2779 1485 2832 omnia
1540 2778 1704 2831 simul
1757 2788 1999 2840 certans,

429 2889 540 2929 non
587 2874 772 2926 omnia
812 2890 826 2926 :
862 2880 915 2925 et
947 2879 1194 2940 tempore
1229 2868 1449 2936 quidem
1486 2869 1807 2924 certaminis
1836 2869 2000 2924 nihil.

428 2965 544 3021 Nec
598 2965 744 3019 enim
789 2963 1010 3032 aliptem
1071 2971 1126 3018 et
1181 2961 1390 3032 plasten
1441 2961 1650 3015 licitum
1700 2963 1996 3030 quidquam

434 3045 872 3126 praetermittere,
925 3069 1048 3124 quae
1101 3054 1358 3106 athletam
1397 3069 1590 3122 parare
1621 3070 1681 3107 ac
1715 3055 2003 3123 disponere

433 3157 686 3218 possunt,
754 3160 933 3215 neque
992 3145 1418 3200 commilitonem
1487 3146 1797 3200 communis
1861 3146 2002 3199 ratio

437 3240 574 3294 sinit
607 3240 658 3292 in
701 3253 760 3292 se
794 3239 978 3292 omnia
1015 3237 1279 3306 recipere,
1326 3245 1380 3291 et
1410 3237 1580 3290 alium
1617 3236 1835 3306 quidem
1870 3237 2003 3290 deli-

2115 2051 2261 2105 Ἐκεῖ
2297 2052 2394 2120 μὲν
2431 2053 2540 2122 γὰρ
2574 2052 2633 2119 ἐξ
2671 2053 2849 2123 ἀρχῆς
2887 2054 2956 2106 τά
2997 2052 3130 2122 μέλη
3179 2052 3524 2122 δημιουργεῖ,
3576 2056 3664 2106 ὲν-

2097 2143 2269 2197 ταῦθα
2292 2145 2349 2198 δὲ
2370 2145 2450 2216 τῷ
2480 2145 2752 2208 πνεύματι
2789 2147 3079 2216 ρώννυσιν,
3121 2149 3214 2202 ἐπὶ
3241 2149 3296 2201 δὲ
3327 2151 3425 2218 τῆς
3460 2151 3666 2217 τραπέ-

2097 2235 2198 2306 ζης
2223 2237 2471 2291 σύνεστιν
2503 2237 2749 2307 ἀκριϐῶς
2805 2240 2899 2292 καὶ
2929 2240 3275 2308 συνδιαφέρει
3321 2242 3410 2292 τὸν
3480 2237 3663 2303 ἆθλον,

2101 2328 2239 2398 μετά
2265 2329 2323 2382 δὲ
2357 2327 2456 2398 τὴν
2502 2328 2828 2398 ἀπαλλαγὴν
2862 2329 3157 2400 ἀθλοθέτης
3199 2330 3353 2384 ἔσται
3399 2333 3492 2384 καὶ
3537 2330 3671 2382 καο-

2097 2421 2297 2474 εδεῖται
2321 2423 2432 2484 τοῖς
2464 2422 2641 2488 ἀγίοις
2663 2421 2861 2489 κριτὴς
2923 2413 2998 2474 ὧν
3051 2405 3391 2489 ἐκοινώνησε
3447 2421 3664 2472 πόνωνσ

2098 2507 2217 2566 εἶτα
2257 2513 2354 2565 καὶ
2393 2513 2543 2581 νίκη,
2577 2513 2702 2575 τοὺς
2734 2512 3224 2580 ἀποδεδειγμένους
3253 2513 3516 2580 ἀναδῆσαι
3540 2511 3670 2579 δεῆ-

2101 2621 2220 2668 σαν,
2251 2603 2348 2656 καὶ
2399 2602 2662 2670 στέφανός
2724 2602 2925 2655 ἑστινό
2959 2601 3140 2665 αὐτός.
3197 2601 3338 2672 Πρὸς
3377 2603 3560 2654 τοίνυν
3611 2603 3672 2654 rb

2101 2693 2377 2764 θαρρῆσαι
2404 2693 2533 2755 τοὺς
2565 2693 2703 2761 ὑπὲρ
2729 2692 3050 2760 φιλοσοφίας
3081 2691 3301 2759 ἀγῶνας
3329 2693 3423 2745 καὶ
3458 2691 3671 2759 διενεγ-

2100 2787 2220 2841 κεῖν
2263 2784 2582 2854 δυνηθῆναι,
2613 2783 2867 2836 πλάττων
2921 2784 3020 2851 μὲν
3082 2781 3174 2834 καὶ
3227 2781 3463 2850 ἀλείφων
3495 2785 3671 2834 πάντα

2101 2879 2304 2940 δίδωσι,
2359 2875 2864 2946 συναγωνιζόμενος
2899 2873 2959 2926 δὲ
3014 2874 3076 2926 οὐ
3099 2875 3298 2940 πάντα,
3350 2875 3442 2927 ἐπὶ
3475 2871 3532 2926 δὲ
3572 2874 3668 2927 τοῦ

2101 2967 2297 3037 καιροῦ
2333 2968 2438 3020 τῶν
2469 2967 2647 3020 ἄθλων
2669 2966 2843 3020 οὐδέν.
2907 2963 3046 3016 Οὔτε
3093 2966 3202 3035 γὰρ
3251 2965 3346 3019 τὸν
3403 2965 3672 3037 ἀλείπτην

2102 3060 2196 3114 καὶ
2221 3059 2472 3128 πλάστην
2510 3057 2735 3126 εὔλογον
2777 3058 3111 3126 παραλιπεῖν
3135 3077 3188 3111 τι
3241 3059 3350 3112 τῶν
3405 3059 3672 3113 διαθεῖναι

2103 3152 2193 3206 τὸν
2229 3152 2541 3222 ἀγωνιστὴν
2579 3151 2914 3222 δυναμένων,
2959 3150 3083 3204 οὔτε
3132 3152 3225 3206 τὸν
3268 3153 3674 3221 συναγωνιστὴν

2103 3245 2131 3296 ὁ
2158 3242 2251 3296 τοῦ
2287 3241 2547 3296 κοινωνοῦ
2577 3241 2759 3296 δίδωσι
2792 3242 2952 3310 λόγος
2976 3243 3058 3306 είς
3096 3242 3288 3296 ἑαυτὸν
3318 3243 3380 3296 rb
3410 3245 3522 3296 πᾶν
3569 3246 3662 3297 ἀνι

433 3333 552 3386 cias
609 3332 788 3385 facere
836 3330 1065 3400 perpeti,
1131 3329 1309 3398 ipsum
1366 3330 1542 3383 solum
1597 3329 1662 3381 ad
1725 3339 2000 3382 certamen

2109 3336 2346 3398 ελέσθαι,
2369 3336 2465 3388 καὶ
2524 3335 2616 3387 rbv
2647 3335 2747 3404 μὲν
2781 3334 3097 3403 ἐπιτρέπειν
3125 3335 3359 3406 τρυφᾷν,
3408 3336 3569 3388 αὐτὸν
3615 3336 3674 3390 δὲ

435 3423 677 3494 aggredi.
710 3423 872 3492 Atqui
907 3436 1006 3476 nec
1051 3421 1230 3490 ipsum
1281 3421 1373 3490 qui
1421 3421 1734 3476 certaminis
1781 3421 2002 3490 praemia

434 3518 712 3589 proponit,
771 3524 865 3570 aut
913 3515 1006 3580 qui
1064 3515 1299 3584 ipsemet
1360 3531 1567 3570 corona
1636 3525 1742 3580 est,
1805 3531 2006 3585 ungere

433 3618 752 3676 certatores,
786 3609 898 3674 aut:
927 3607 1187 3672 formare,
1243 3615 1338 3661 aut
1373 3609 1569 3663 medici
1619 3617 1801 3667 partes
1846 3622 2006 3664 aaere

432 3703 590 3757 decet
639 3719 652 3756 :
706 3717 803 3756 nec
853 3701 1114 3764 victoriae,
1179 3709 1277 3754 aut
1332 3699 1695 3766 fortitudinis,
1759 3712 1855 3756 aut
1920 3718 2007 3756 ro-

434 3797 606 3862 boris,
651 3804 745 3848 aut
784 3795 998 3851 virtutis
1042 3795 1418 3864 cujuscunque
1447 3794 1671 3850 alterius
1709 3796 2002 3865 quidquam

435 3889 658 3946 athletis
691 3904 1008 3958 apponere:
1047 3888 1138 3942 sed
1175 3887 1354 3942 solum
1397 3903 1517 3955 quae
1546 3898 1650 3953 est,
1687 3899 1742 3942 et
1780 3888 2004 3953 enituit,

433 3997 554 4037 eam
587 3984 958 4036 condecorare
987 3995 1169 4034 "0858.
1201 3978 1298 4033 Εει
1328 3991 1510 4034 autem
1547 3980 1781 4035 fortibus
1811 3981 2008 4036 melius

433 4074 733 4137 coronari,
802 4088 969 4143 quam
1036 4072 1298 4128 certando
1360 4073 1620 4136 vincere,
1687 4081 1743 4127 et
1811 4075 2008 4130 melius

432 4172 673 4230 vincere,
704 4182 866 4236 quam
904 4167 1127 4220 formari
1157 4175 1320 4235 atque
1351 4166 1500 4234 ungi.
1555 4157 1691 4218 [hec
1716 4164 1860 4220 enim
1887 4182 2010 4235 pro-

429 4272 554 4331 pter
583 4261 866 4314 victoriam
902 4259 1057 4320 fiunt,
1083 4258 1309 4313 victoria
1337 4267 1558 4326 propter
1601 4272 1834 4313 coronas
1856 4275 2008 4329 quae-

437 4355 598 4408 ritur.
656 4351 810 4416 Quod
843 4351 885 4406 si
922 4352 1022 4404 hoc
1053 4351 1267 4420 signum
1297 4358 1381 4402 est
1410 4348 1738 4417 imperfecta:
1790 4351 2012 4407 inferio-

436 4447 624 4514 risque
666 4444 852 4507 sortis,
910 4457 1019 4496 non
1079 4458 1143 4496 ex
1201 4440 1350 4495 omni
1399 4450 1552 4508 parte
1611 4457 1864 4511 purgare,
1911 4459 2012 4498 nec

436 4552 743 4611 przeparare
774 4552 837 4590 ac
858 4537 1080 4605 lingere,
1126 4543 1402 4588 extremus
1435 4534 1784 4589 beatitudinis
1821 4536 2012 4588 termi-

435 4650 538 4688 nus
559 4633 740 4687 minus
766 4629 830 4684 ad
857 4627 1165 4683 felicitatem
1189 4625 1391 4678 valeret
1417 4641 1429 4677 :
1454 4635 1602 4694 puta,
1625 4624 1732 4678 Deo
1750 4641 2007 4678 coronanv

2113 3425 2275 3495 μόνον
2300 3425 2649 3490 ἀποδύεσθαι,
2685 3426 2780 3479 καὶ
2809 3426 2919 3496 μὴν
2945 3425 3064 3479 οὐδὲ
3082 3426 3173 3479 τὸν
3201 3425 3496 3494 ἀθλοθέτην
3523 3427 3555 3496 ἦ
3587 3428 3676 3480 τὸν

2114 3520 2380 3588 στέφανον
2408 3519 2571 3573 αὐτὸν
2590 3519 2831 3586 ἀλείφειν
2860 3519 3027 3583 είκὺς,
3057 3521 3090 3588 ἦ
3124 3519 3403 3576 πλάττειν.
3429 3520 3461 3589 ἢ
3490 3520 3556 3572 τά
3579 3521 3672 3573 τοῦ

2115 3612 2297 3677 ἰατροῦ
2333 3613 2530 3674 ποιεῖν,
2570 3611 2690 3663 οὐδέ
2715 3628 2768 3664 τι
2795 3611 3145 3681 προστιθέναι
3177 3612 3336 3680 νίκης
3363 3611 3395 3680 ἢ
3425 3612 3674 3680 ἀνδρείας

2112 3704 2354 3774 ἣρὠης
2389 3704 2420 3773 ἢ
2450 3688 2648 3772 ἀρετῆς
2685 3701 3002 3772 ἡστινοσοῦν
3044 3702 3210 3771 ἄλλης
3254 3705 3368 3764 τοῖς
3391 3704 3674 3774 ἀθληταῖς,

2115 3794 2248 3847 ἀλλά
2267 3795 2366 3864 τὴν
2394 3791 2559 3849 οὖσαν
2594 3794 2755 3861 μόνον
2805 3793 2901 3846 καὶ
2945 3797 3210 3861 φανεῖσαν
3247 3795 3473 3862 εἰδέναι,
3549 3814 3675 3848 κοσ-

2117 3887 2257 3955 μεῖν.
2290 3886 2444 3938 Ἔστι
2474 3885 2530 3938 δὲ
2559 3887 2670 3947 τοῖς
2699 3884 3017 3953 ἀριστεῦσιν
3049 3884 3274 3954 ἀμεινον
3313 3886 3414 3954 μὲν
3456 3887 3514 3938 rb
3554 3905 3677 3939 ors-

2115 3976 2418 4046 φανοῦσθαι
2448 3977 2540 4030 τοῦ
2573 3977 2730 4046 νικᾷν
2763 3977 3227 4044 ἀγωνιζομένους,
3276 3976 3500 4045 ἄμεινον
3531 3977 3587 4028 δὲ
3620 3978 3680 4030 rb

2114 4070 2339 4140 νικητάς
2375 4063 2517 4122 εῖναι
2550 4067 2644 4120 τοῦ
2679 4067 3014 4121 πλάττεσθαι
3047 4084 3062 4100 ·
3115 4069 3176 4121 rb
3235 4068 3337 4138 μὲν
3375 4068 3484 4137 γάρ
3538 4069 3679 4138 ὑπὲρ

2114 4161 2208 4213 τοῦ
2236 4161 2415 4231 νικᾷν,
2445 4160 2478 4228 ἠ
2506 4159 2630 4228 νίκη
2661 4159 2718 4211 δὲ
2739 4156 2850 4210 τῶν
2881 4158 3164 4225 στεφάνων
3192 4157 3356 4212 ἕνεκα
3389 4175 3404 4191 ·
3469 4160 3586 4213 ἀλλ’
3631 4161 3681 4213 εί

2115 4252 2272 4307 τοῦτο
2304 4253 2530 4321 σημεῖον
2561 4245 2628 4320 ἦν
2656 4250 2880 4313 ἀτελοῦς
2914 4249 3010 4304 καὶ
3065 4250 3168 4316 τῆς
3217 4251 3504 4312 ἐλάσσονος
3566 4253 3684 4320 μοί-

2120 4362 2240 4416 ρας,
2274 4343 2334 4396 rb
2360 4345 2434 4414 μὴ
2478 4343 2654 4412 πάντη
2711 4344 2997 4414 καθαίρειν
3043 4343 3178 4413 μηδὲ
3234 4345 3683 4412 παρασκευάζειν

2116 4435 2212 4488 καὶ
2239 4434 2514 4498 πλάττειν,
2539 4427 2703 4502 ἦττον
2731 4431 2796 4486 ἂν
2821 4428 2890 4504 ἧν
2921 4435 3001 4496 είς
3043 4433 3390 4502 εὐδαιμονίαν
3416 4434 3444 4485 ὁ
3493 4435 3684 4487 τελευ-

2116 4529 2270 4589 ταῖος
2291 4527 2393 4595 τῆς
2424 4526 2828 4597 μακαριότητος
2858 4525 3005 4592 ὄρος.
3049 4526 3208 4592 Λέγω
3264 4525 3328 4594 δὴ
3384 4525 3442 4577 τὸ
3497 4529 3686 4595 τυχεῖν

2117 4616 2254 4671 Θεοῦ
2289 4617 2682 4684 στεφανοῦντος
2705 4614 2800 4667 τοῦ
2840 4614 2978 4682 μετά
3025 4617 3548 4686 παραπετασμάτων
3596 4618 3688 4668 ἐπὶ

436 4736 488 4781 te
510 4725 688 4794 potiri,
713 4722 890 4776 etsth
933 4718 1200 4772 velamine
1226 4717 1280 4770 in
1331 4732 1484 4771 sacra
1509 4732 1693 4770 mensa
1744 4715 1862 4785 ejus
1895 4731 2003 4784 par-

2120 4711 2219 4778 τῆς
2243 4708 2522 4779 τραπέζης
2553 4706 2717 4760 αὐτοῦ
2752 4707 3019 4776 μετέχειν,
3047 4706 3121 4767 ὼς
3157 4706 3255 4774 τῆς
3281 4704 3379 4773 μὲν
3404 4706 3688 4774 τραπέζης

435 4819 652 4892 ticipem
685 4815 824 4879 ﬁeri,
875 4812 1031 4880 quasi
1060 4825 1246 4864 mensa
1264 4817 1319 4863 et
1342 4807 1794 4878 prmparationem
1813 4823 2003 4876 qttamv

434 4909 656 4972 dam,et
686 4904 1056 4974 purgationem
1091 4899 1338 4960 haberet,
1383 4912 1708 4952 coronarum
1760 4911 1887 4949 vero
1939 4910 2005 4948 ex

436 4999 520 5054 his
556 5008 831 5051 neutrum.
864 4993 992 5058 Quae.
1023 5007 1146 5047 cum
1181 4991 1253 5045 ita
1281 4991 1409 5052 sint,
1449 4987 1753 5042 mirandum
1774 5002 1880 5040 non
1903 4996 2008 5050 est,

436 5092 481 5145 si
525 5103 696 5145 omnes
761 5086 1099 5156 mysterium,
1138 5080 1399 5152 quamvis
1452 5078 1766 5148 perfectius,
1825 5080 2009 5132 minus

435 5195 616 5237 tamen
649 5185 864 5249 purget.
895 5177 1125 5244 Insuper
1155 5173 1317 5228 etiam
1347 5171 1629 5241 praemium
1655 5178 1738 5224 est
1763 5169 1864 5223 hoc
1916 5169 2016 5223 do—

439 5289 591 5328 num.
627 5269 949 5340 Hujusmodi
1012 5278 1196 5322 autem
1242 5264 1466 5335 prtemia
1513 5277 1622 5316 non
1679 5264 2020 5316 constituunt

439 5381 613 5435 neque
637 5363 843 5418 faciunt
870 5359 1228 5422 fortissimos,
1248 5355 1343 5411 sed
1369 5353 1673 5410 ostendunt
1721 5362 1776 5408 et
1799 5361 2019 5408 ornant.

437 5459 555 5516 Non
585 5459 729 5515 enim
765 5457 818 5512 in
838 5469 995 5510 caena
1026 5451 1277 5522 purgatio
1338 5455 1550 5502 tantum
1596 5455 1652 5499 et
1708 5445 2019 5505 auxiliator,

440 5555 533 5608 sed
565 5563 621 5608 et
643 5551 924 5622 przemium
950 5554 1035 5600 est
1059 5543 1332 5604 Christus,
1356 5538 1500 5608 quod
1529 5539 1830 5593 certamine
1890 5552 2012 5604 per-

442 5644 642 5698 functis
691 5639 1082 5709 reportandum
1112 5641 1219 5689 est.
1250 5632 1390 5698 Quid
1445 5633 1588 5685 enim
1632 5629 1776 5683 aliud
1812 5628 2013 5682 sanctis

442 5749 541 5802 pro
575 5731 852 5786 laboribus
889 5729 939 5783 in
968 5727 1067 5780 hoc
1093 5737 1208 5779 aevo
1240 5722 1480 5777 toleratis
1505 5721 1724 5790 dignius
1751 5719 2014 5788 rependa-

443 5832 554 5886 tur,
582 5836 741 5890 quam
776 5819 1055 5872 Christum
1075 5814 1321 5880 accipere
1367 5822 1420 5868 et
1475 5829 1597 5869 cum
1653 5826 1720 5866 eo
1775 5825 1916 5875 esse,
1947 5809 2016 5863 Et

446 5915 649 5970 Paulus
670 5911 1080 5979 emigrationcm
1113 5913 1239 5977 post
1260 5919 1478 5963 cursum
1505 5906 1662 5962 illum
1705 5904 1758 5963 in
1782 5904 1884 5959 hoc
1925 5918 2016 5957 ex-

2108 4805 2203 4856 καὶ
2226 4799 2584 4872 παρασκευὴν
2635 4799 2868 4868 ἐχούσης
2918 4798 3040 4850 τινὰ
3098 4796 3194 4850 καὶ
3242 4797 3530 4864 κάθαρσιν,
3579 4797 3688 4850 τῶν

2110 4894 2388 4963 στεφάνων
2415 4892 2473 4946 δὲ
2519 4890 2722 4944 τούτων
2752 4890 3054 4958 οὐδέτερον.
3105 4890 3203 4942 Διά
3245 4888 3414 4941 ταῦτα
3463 4889 3523 4940 οὑ
3583 4887 3687 4957 χρὴ

2111 4981 2432 5052 θαυμάζειν,
2451 4982 2498 5034 εί
2521 4980 2854 5046 τελειότερον
2881 4977 2938 5032 ὃν
2965 4979 3262 5047 μυστήριον
3284 4976 3342 5028 rb
3358 4977 3572 5029 δεῖπνον
3594 4971 3689 5046 ἦτ-

2111 5096 2203 5132 τον
2231 5073 2338 5130 οίδε
2375 5073 2685 5142 καθαίρειν,
2709 5072 2882 5131 ἄλλως
2921 5086 2980 5120 τε
3027 5068 3164 5135 πρὸς
3215 5069 3327 5129 τοῖς
3379 5066 3688 5135 εἰρημένοις

2120 5168 2214 5223 καὶ
2231 5163 2392 5220 ἆθλόν
2422 5164 2539 5216 εστι
2561 5159 2714 5213 τουτὶ
2745 5160 2802 5210 rb
2823 5158 2995 5227 δῶρον
3014 5173 3026 5186 ·
3053 5155 3299 5209 τοιοῦτον
3323 5156 3380 5208 δὲ
3404 5155 3465 5207 rb
3501 5155 3688 5224 χρῆμα

2121 5257 2231 5311 τῶν
2262 5255 2440 5312 ἄθλων
2462 5254 2522 5306 οὐ
2560 5251 2887 5318 καθίστησιν
2912 5247 3034 5300 οὐδὲ
3067 5245 3365 5315 ἐργάζεται
3389 5247 3514 5307 τοὺς
3559 5245 3683 5313 ἀρί-

2119 5365 2300 5412 στους,
2329 5344 2445 5399 ἀλλ’
2466 5342 2820 5398 ἀναδείκνυσι
2879 5339 2973 5392 καὶ
3017 5339 3234 5408 κοσμεῖ.
3275 5337 3350 5389 Οὐ
3414 5337 3522 5406 γὰρ
3556 5336 3690 5388 καθ-

2119 5440 2312 5508 άρσιον
2358 5437 2418 5489 έν
2467 5433 2546 5504 τῷ
2608 5433 2810 5502 δείπνῳ
2860 5431 2956 5482 καὶ
3018 5427 3432 5497 συναγωνιστὴς
3503 5428 3685 5497 μόνον,

2123 5530 2256 5586 ἀλλά
2295 5528 2391 5582 καὶ
2417 5527 2586 5594 γέρας
2615 5526 2762 5578 ἐστὶν
2802 5525 2830 5575 ό
2855 5521 3112 5593 Χριστος,
3142 5520 3170 5573 ὃ
3197 5522 3280 5574 δεῖ
3313 5522 3498 5574 λαόεῖν
3537 5521 3689 5586 ἀγωο

2119 5623 2445 5692 νισαμένους
2483 5636 2497 5650 ο
2527 5618 2581 5672 τί
2601 5619 2709 5687 γὰρ
2741 5617 2872 5672 ἀλλο
2909 5618 3023 5677 τοῖς
3063 5615 3357 5686 μακαρίοις
3415 5612 3536 5665 ἀντὶ
3583 5613 3694 5664 τῶν

2120 5713 2357 5768 ἐνταῦθα
2380 5713 2558 5765 πόνων
2589 5711 2622 5780 ἢ
2673 5709 2733 5762 rb
2781 5709 2967 5762 λαϐεῖν
3001 5707 3237 5778 Χριστὸν
3262 5707 3354 5760 καὶ
3405 5706 3640 5758 συνεῖναι
3675 5718 3690 5765 ;

2123 5806 2232 5860 Καὶ
2259 5804 2473 5867 Παῦλος
2512 5805 2649 5873 μετά
2687 5804 2782 5855 τὸν
2817 5802 3019 5870 δρόμον
3074 5803 3284 5854 ἐκεῖνον
3323 5798 3422 5866 τὴν
3474 5795 3688 5849 ἐνθένδε

2124 5898 2382 5953 ἀνάλυσιν
2400 5896 2479 5960 είς
2503 5894 2660 5950 τοῦτο
2695 5894 2886 5966 λήγειν
2924 5893 3150 5963 ἔσχατον
3188 5891 3293 5961 ἔφη
3327 5888 3420 5945 τὸν
3439 5887 3534 5944 τοῦ
3564 5886 3689 5958 Χριο
