4036 6440
415 364 519 433 €09

1457 372 1555 433 DE
1591 376 1769 437 VITA
1810 374 1884 435 lN
1919 380 2005 440 Cll
2022 377 2247 439 [ὶΙὸΤο
2284 377 2432 437 LIB.
2474 376 2573 438 IV.

3554 380 3661 444 610

416 485 542 540 στοῦ
594 482 885 538 συνουσίαν
914 499 930 515 ο
975 503 994 537 ι
1031 482 1320 540 Ἀναλῦσαι
1347 485 1455 557 γάρ
1479 526 1494 551 ,
1534 488 1697 559 φησὶ,
1752 490 1848 541 καὶ⁵
1873 492 1971 543 σὺν

2080 498 2312 543 tremum
2328 488 2577 542 desinere
2611 486 2706 553 ait,
2733 501 2927 558 nempe
2956 501 3080 541 eum
3134 484 3354 544 Christo
3370 491 3552 547 vivere
3602 504 3657 549 et

412 577 633 647 Χριστῷ
654 574 792 630 εἶναι
819 577 995 647 πολλῷ
1021 578 1225 647 μᾶλλον
1257 579 1535 649 κρεῖσσον·
1565 598 1585 632 ι
1616 579 1776 634 τοῦτο
1815 579 1873 633 δὲ
1915 578 1976 632 τὸ

412 669 509 739 τῆς
544 668 828 739 τραπέζης
861 668 1020 739 ἔργον
1044 669 1435 738 διαφερόντως.
1462 671 1524 724 Ei
1551 671 1659 742 γὰρ
1694 673 1787 726 καὶ
1827 671 1979 743 παρά

412 764 521 823 τοῖς
542 762 725 823 ἀλλοις
780 761 1099 832 μυστηρίοις
1145 761 1294 815 ἔστιν
1318 763 1505 832 εὑρεῖν
1569 762 1661 817 τδν
1715 765 1974 834 Χριστὸν,

412 850 526 903 ἀλλ’
560 851 704 903 ὥστε
758 852 834 920 τῷ
893 851 1081 905 λαϐεῖν
1133 853 1659 923 παρασκευασθῆναι
1717 854 1855 923 πρὸς
1916 854 1978 906 τὸ

411 942 705 1011 δυνηθῆναι
738 944 997 1007 συνεῖναι,
1035 944 1269 999 ἐνταῦθα
1301 945 1356 997 δὲ
1387 944 1528 998 ὥστε
1576 946 1678 1016 ἤδη
1716 945 1977 1016 καθαρῶς

413 1032 595 1085 λαϐεῖν
640 1035 733 1085 καὶ
759 1037 996 1088 συνεῖναι
1022 1052 1036 1065 ·
1059 1036 1155 1089 τοῦ
1179 1039 1285 1109 γάρ
1315 1038 1424 1091 τῶν
1445 1037 1620 1091 ἄλλων
1644 1038 1701 1092 τὸ
1727 1038 1785 1091 ἒν
1819 1040 1980 1109 σῶμα

414 1124 508 1177 καὶ
530 1124 587 1176 ἒν
622 1127 840 1194 πνεῦμα
872 1129 967 1179 καὶ
996 1128 1055 1180 τὸ
1091 1129 1277 1197 μένειν
1312 1130 1411 1199 μὲν
1433 1131 1492 1184 ὲν
1522 1130 1695 1200 αὐτῷ,
1747 1133 1977 1202 μένοντα

414 1213 471 1266 δὲ
502 1214 646 1284 ἔχειν
673 1216 859 1278 αὐτὸν,
899 1217 1041 1287 ὑπὲρ
1078 1210 1141 1270 οὗ
1176 1218 1318 1272 δοκῶ
1352 1221 1446 1273 καὶ
1509 1220 1748 1289 Χριστὸς
1815 1222 1979 1288 αὐτὸς

415 1303 512 1372 τὴν
538 1306 914 1374 μακαριότητα
943 1307 1052 1361 τῶν
1079 1309 1303 1363 δικαίων
1328 1310 1543 1364 δεῖπνον
1590 1308 1730 1366 εἷναί
1788 1330 1978 1384 φησιν,

415 1396 575 1449 αὑτὸν
594 1397 715 1466 ἕχον
744 1397 1113 1456 διακονοῦντα.

486 1574 642 1628 Οῦιω
678 1577 776 1646 μὲν
806 1570 897 1630 οὖν
936 1572 1102 1631 ἆθλόν
1146 1566 1296 1634 ἐστιν
1341 1582 1369 1633 6
1413 1580 1513 1649 τῆς
1575 1580 1725 1649 ζωῆς
1771 1582 1933 1650 ἄρτος
1964 1596 1980 1612 ο

415 1668 539 1719 ἐπεὶ
591 1667 648 1720 δὲ
686 1669 735 1720 οἱ
803 1668 961 1721 τοῦτο
1011 1670 1295 1740 δεχόμενοι
1317 1671 1377 1723 τὸ
1412 1672 1587 1742 δῶρον
1615 1673 1715 1742 τὴν
1763 1674 1867 1742 γῆν
1900 1671 1982 1725 ἔτι

2078 578 2306 633 versari.
2337 577 2627 643 «Dissolvi,
2663 578 2860 647 inquit,
2881 586 2935 631 et
2958 591 3079 631 cum
3101 577 3320 632 Christo
3345 594 3485 645 esse,
3516 583 3659 636 mul-

2080 676 2136 724 to
2163 669 2333 738 magis
2364 668 2558 722 melius
2582 667 2650 721 ⁷⁸.
2689 685 2707 717 ι
2747 667 2903 731 Quod
2929 667 3045 720 haec
3086 682 3269 719 mensa
3301 678 3524 736 prmstat
3578 671 3659 723 iu-

2080 758 2326 825 siguiter.
2357 756 2468 811 Etsi
2494 756 2637 810 enim
2666 756 2721 809 in
2750 756 2872 808 aliis
2898 770 3117 824 quoque
3149 757 3429 825 mysteriis
3462 757 3659 812 Chris-

2079 856 2193 903 tum
2231 847 2473 901 invenire
2500 847 2642 910 licet,
2674 846 2770 901 sed
2808 856 3058 905 eatenus.
3093 856 3151 900 ut
3205 848 3656 915 praeparationem

2080 939 2206 994 inde
2228 939 2488 1004 feramus,
2513 954 2620 1009 quo
2641 954 2762 993 eum
2789 953 2856 993 eo
2870 955 2993 993 esse
3014 939 3308 1008 possimus.
3334 939 3433 992 llic
3457 950 3658 1001 autem,

2082 1032 2267 1101 utjam
2297 1047 2429 1101 pure
2451 1049 2572 1087 eum
2632 1033 2983 1101 accipiamus,
3039 1041 3091 1086 et
3146 1046 3271 1087 cum
3331 1031 3422 1085 illo
3465 1032 3658 1086 simus.

2082 1118 2185 1174 Ubi
2218 1121 2361 1172 enim
2396 1120 2448 1173 iu
2474 1121 2595 1175 aliis
2638 1122 2875 1189 reperias
2905 1135 3068 1175 unum
3117 1136 3316 1189 corpus
3380 1130 3434 1175 et
3492 1137 3658 1175 unum

2082 1207 2358 1277 spiritum,
2381 1218 2437 1263 et
2467 1226 2695 1264 manere
2723 1212 2775 1264 in
2801 1212 2940 1279 ipso,
2970 1222 3389 1281 mancntemque
3415 1213 3655 1267 vicissim

2086 1299 2288 1354 habere
2330 1301 2383 1353 in
2412 1300 2638 1369 seipso?
2687 1301 2914 1371 Propter
2947 1303 3072 1370 hoe,
3107 1314 3164 1356 ut
3199 1305 3452 1367 arbitror,
3495 1307 3656 1361 etiam

2081 1389 2331 1445 Christus
2360 1391 2475 1459 ipse
2510 1391 2901 1446 beatitudinem
2925 1393 3197 1462 justorum
3254 1409 3471 1451 caenam
3520 1413 3660 1451 nun-

2082 1483 2321 1551 cupavit,
2352 1484 2403 1535 in
2432 1498 2538 1552 qua
2561 1483 2675 1553 ipse
2708 1486 3059 1540 ministraret.

2154 1573 2248 1628 Sic
2271 1573 2435 1642 igitur
2463 1574 2618 1644 panis
2640 1575 2764 1629 vitae
2794 1580 3071 1645 praemium
3109 1579 3487 1646 est.Quoniam
3530 1595 3660 1636 vero
3740 1612 3747 1617 -

2081 1660 2282 1717 donum
2311 1665 2451 1719 istuc
2480 1665 2839 1735 suscipientes
2866 1677 3066 1722 terram
3098 1670 3279 1724 adhuc
3333 1675 3570 1735 calcant,
3606 1682 3659 1727 et

416 1758 648 1812 πατοῦσι
684 1759 780 1814 καὶ
802 1761 1163 1832 ὁδοιποροῦσι,
1201 1764 1295 1816 καὶ
1320 1764 1408 1818 διὰ
1428 1764 1589 1818 τοῦτο
1613 1764 1707 1818 καὶ
1744 1764 1974 1828 κονίζον-

2088 1764 2149 1811 ut
2178 1756 2414 1812 viatores
2445 1758 2665 1827 pulvere
2709 1760 3084 1829 inquiuantur,
3111 1771 3165 1815 et
3196 1764 3429 1832 pedibus
3480 1763 3657 1817 offen-

414 1868 507 1905 ται
527 1853 617 1906 καὶ
644 1854 1052 1923 προσκόπτουσι
1070 1856 1164 1908 καὶ
1185 1855 1401 1927 λῃστῶν
1448 1855 1718 1910 δεδοίκασι
1766 1859 1974 1927 χεῖρας,

2081 1848 2238 1912 dunt,
2266 1860 2959 1919 grassatorumqusmauus
3010 1853 3223 1920 timent,
3252 1870 3352 1923 pro
3402 1856 3657 1925 praesenti

413 1944 551 2014 πρὸς
577 1944 675 2016 τὴν
724 1945 1011 2016 παροῦσαν
1063 1948 1253 2018 χρείαν
1292 1949 1479 2011 αὐτοῖς
1534 1948 1761 2011 είκότως
1816 1948 1979 2016 ἀρκεῖ

414 2036 504 2086 καὶ
530 2036 627 2105 τὴν
654 2036 806 2105 ίσχὺν
838 2036 1021 2106 ἀνέχει
1051 2038 1144 2092 καὶ
1175 2039 1398 2108 ἡγεμών
1443 2039 1673 2093 ἐστικαὶ
1696 2038 1973 2109 καθαίρει,

414 2126 517 2188 ἕως
538 2127 958 2192 καταλύσουσιν,
981 2122 1044 2181 οῦ
1082 2130 1226 2183 κατά
1254 2130 1349 2182 τὸν
1385 2132 1595 2202 Πέτρου
1629 2131 1788 2201 λόγον
1809 2130 1975 2185 καλὸν

414 2214 550 2269 εἶναι
581 2218 674 2271 τὸν
708 2219 1018 2289 ἄνθρωπον,
1052 2221 1188 2274 ὅπου
1214 2222 1325 2275 τῶν
1352 2222 1530 2277 ἄλλων
1581 2223 1684 2293 μὶν
1746 2225 1974 2293 οὐδεμία

412 2312 585 2377 χώρα,
616 2308 674 2362 ὲν
700 2309 929 2380 καθαρῷ
967 2313 1311 2381 πραγμάτων
1328 2314 1512 2384 χωρίῳ
1547 2314 1797 2383 μένουσιν
1846 2316 1972 2385 ἥδη.

414 2399 937 2470 μόνονδὲστέφανός
987 2404 1137 2457 ἐστιν
1177 2403 1361 2466 αὐτοῖς
1416 2406 1445 2458 ὁ
1500 2402 1736 2474 Χριστὸς
1797 2408 1975 2457 συνὼν

411 2490 687 2560 καθαρῶς.
723 2491 934 2546 Οῡκοῦν
970 2492 1044 2555 ὡς
1076 2493 1175 2563 μὲν
1206 2493 1507 2564 καθάρσιον
1523 2496 1622 2549 καὶ⁹
1650 2495 1790 2563 πρὸς
1815 2495 1975 2550 τοῦτο

413 2583 615 2652 συστᾷν
643 2583 703 2649 ἐξ
737 2583 913 2655 ἀρχῆς
939 2585 1215 2654 μολυσμοῦ
1272 2585 1474 2648 παντὸς
1516 2586 1868 2653 ἀπαλλάττει,
1897 2588 1974 2652 ὡς

410 2674 468 2726 δέ
498 2677 750 2739 κοινωνὸς
780 2677 914 2746 ἡμῖν
942 2676 1049 2729 τῶν
1067 2676 1317 2746 ἀγώνων,
1351 2672 1427 2732 ὧν
1461 2678 1688 2749 ἡγεμὼν
1735 2681 1970 2751 ὑπῆρξε,

414 2766 759 2835 πρωτότοκος
788 2770 870 2832 είς
895 2769 1125 2831 τούτους
1161 2770 1579 2841 ἀποδυσάμενος
1628 2773 1783 2842 ἰσχὺν
1831 2775 1972 2828 κατά

410 2857 519 2909 τῶν
553 2857 936 2927 πολεμούντων
965 2860 1201 2929 παρέχει
1233 2876 1248 2892 ·
1299 2862 1380 2914 δτι
1428 2862 1485 2916 δὲ
1523 2863 1618 2917 καὶ
1648 2863 1820 2933 γέρας
1872 2866 1973 2918 οὐκ

411 2944 542 2998 ἄνευ
580 2947 777 3013 πόνων,
809 2947 838 3000 ὃ
870 2949 1053 3002 τοίνυν
1080 2950 1155 3014 ὡς
1182 2946 1344 3004 ἆθλον
1370 2950 1483 3021 ἔχει
1512 2952 1574 3004 τὸ
1623 2953 1840 3006 δεῖπνον
1879 2956 1972 3008 καὶ

411 3037 486 3099 ὠς
514 3038 713 3108 ἐσχάτη
747 3040 1111 3110 μακαριότης,
1160 3041 1261 3094 τίν’
1300 3040 1414 3110 ἔχει
1435 3040 1614 3110 λόγον,
1643 3042 1721 3108 ὡς
1766 3043 1973 3099 ἐλάττω

410 3127 710 3197 δυναμένου
745 3130 1018 3185 ποιεῖσθαι
1046 3133 1349 3202 τεκμήριον
1374 3151 1389 3201 ;
1420 3134 1527 3187 Τδν
1554 3136 1666 3188 ῖσον
1688 3136 1745 3189 δὲ
1769 3136 1972 3208 τρόπον

412 3222 517 3291 χρὴ
552 3224 643 3275 καὶ
677 3224 803 3293 περὶ
834 3223 1064 3295 θατέρου
1101 3225 1437 3295 ψηφίζεσθαι
1479 3228 1573 3282 καὶ
1616 3228 1877 3297 νομίζειν,
1905 3234 1971 3301 τῇ

408 3318 708 3384 τελειότητι
737 3314 833 3367 τοῦ
868 3318 1166 3385 μυστηρίου
1196 3320 1272 3389 μὴ
1322 3319 1600 3389 πολεμεῖν.
1634 3321 1709 3373 Οὐ
1750 3320 1859 3390 γάρ
1891 3322 1973 3372 ὅτι

412 3408 555 3474 μέγα
578 3406 828 3472 δύναται,
850 3409 941 3463 τὸν
960 3411 1257 3482 ἁμαρτίαις
1283 3412 1682 3484 διεφθαρμένον
1721 3414 1822 3465 οὐκ
1845 3415 1975 3467 ἀνα-

409 3498 657 3565 πλάττει,
719 3500 835 3553 ἀλλ’
862 3502 1026 3554 αὐτὸν
1058 3504 1133 3575 μὴ
1161 3503 1462 3574 δυνάμενον
1488 3506 1662 3559 ταῦτα
1708 3504 1973 3571 δέξασθαι

408 3593 504 3643 καὶ
528 3593 742 3655 παθεῖν,
777 3593 872 3646 ἀτε
912 3593 1013 3664 τὴν
1074 3594 1300 3667 πρώτην
1333 3597 1413 3650 ἐτι
1456 3596 1692 3669 φέροντα
1752 3598 1971 3663 πλάσιν,

408 3678 554 3757 ᾗπερ
586 3690 643 3737 ἐν
672 3688 787 3747 τοῖς
826 3687 1064 3756 πρόσθεν
1086 3689 1299 3757 εῖρηται
1343 3688 1544 3756 λόγοις,
1587 3691 1655 3760 ἢν
1706 3691 1972 3759 ἀφανίσαι

409 3774 636 3827 καὶτῶν
677 3775 865 3845 ψυχῶν
934 3776 1137 3841 ἐξελεῖν
1178 3780 1286 3832 τῶν
1320 3778 1471 3844 ἅπαξ
1526 3780 1969 3850 βαπτισαμένων,

407 3867 528 3919 οὐδὲ
556 3867 654 3933 τῆς
679 3868 915 3937 ἐσχάτης
946 3869 1062 3922 ἐστὶ
1098 3872 1361 3940 πονηρίας
1435 3869 1544 3925 οὐδ’
1570 3871 1638 3925 ἂν
1679 3872 1850 3944 αὐτὴν
1874 3875 1973 3944 ἀρ-

408 3955 676 4023 νήσασθαι
724 3956 1093 4025 τολμήσωσιν,
1144 3959 1213 4030 ἢν
1248 3958 1622 4031 ζώμολόγησαν
1666 3961 1744 4031 τῷ
1810 3963 1973 4033 κοινῷ

408 4049 653 4119 Δεσπότῃ
689 4048 961 4116 δουλείαν,
996 4050 1070 4112 ὡς
1102 4052 1224 4105 οὐδὲ
1256 4052 1357 4118 τῆς
1386 4052 1561 4125 ἄκρας
1584 4054 1903 4124 φιλοσοφίας
1937 4057 1972 4128 ἢ

406 4138 571 4207 ψιλῆς
594 4140 692 4208 τῆς
719 4140 1013 4209 ὁμολογίας
1046 4143 1371 4214 δυνηθείσης
1394 4145 1652 4213 ἐνθεῖναι,
1678 4146 1858 4200 ἔπειθ’
1889 4148 1973 4200 ὃτι

409 4231 504 4283 καὶ
530 4230 764 4284 καθόλου
796 4233 1065 4302 κρείττων
1099 4235 1250 4288 ἐστὶν
1279 4238 1306 4289 ό
1337 4237 1626 4306 ἄνθρωπος
1656 4238 1688 4311 ἢ
1716 4238 1973 4293 τεθνάναι

406 4324 503 4374 καὶ
528 4324 936 4394 συντετρίφθαι,
959 4324 1151 4379 τούτου
1182 4326 1238 4379 δὲ
1266 4329 1437 4399 χωρὶς
1471 4328 1571 4382 οὐκ
1603 4325 1673 4401 ἦν
1696 4330 1975 4385 ἀναπλάτ-

404 4413 617 4468 τεσθαι.
654 4415 762 4469 Καὶ
790 4414 946 4486 γάρό
979 4416 1081 4486 μὶν
1112 4416 1343 4480 θάνατος
1389 4417 1482 4471 τοῦ
1538 4420 1777 4473 παλαιοῦ
1836 4421 1972 4491 κόμ-

410 4519 599 4573 ματος,
642 4506 737 4558 καὶ
761 4498 916 4567 οὗτος
951 4507 979 4559 ὁ
1001 4506 1298 4577 δυνάμενος
1351 4509 1736 4580 ἀποθνήσκειν,
1787 4512 1847 4566 ὃν
1879 4517 1973 4566 ἀν·

405 4593 608 4647 έδωκεν
645 4597 672 4646 ὁ
704 4594 850 4664 χοῦς,
882 4613 902 4646 ι
944 4597 1009 4648 Ἦ
1065 4596 1174 4665 γὰρ
1225 4596 1402 4668 ἀξίνη,
1468 4604 1635 4671 φησὶν
1689 4602 1968 4673 Ἰωάννης,

406 4686 543 4755 πρῖς
573 4684 669 4754 τὴν
699 4685 858 4755 ῥίζαν
893 4686 1001 4739 τῶν
1029 4687 1260 4759 δένδρων
1291 4692 1471 4743 κεῖται
1503 4706 1519 4722 ⁶
1549 4709 1570 4743 ι
1613 4694 1641 4745 ὀ
1668 4692 1728 4745 δὲ
1787 4692 1970 4747 λελου-

407 4776 569 4845 μένος
599 4777 829 4847 ἠδη.τδν
864 4778 983 4831 νέον
1018 4782 1200 4850 φορεῖ,
1234 4781 1432 4834 οὐκοῦν
1466 4782 1583 4845 πῶς
1620 4783 1721 4853 μὲν
1756 4786 1969 4839 ἀποθα-

404 4871 576 4921 νεῖται
599 4869 735 4939 πρδς
771 4869 863 4922 τὸν
903 4870 1077 4941 ’Λδὰμ
1114 4873 1482 4943 ἡρμοσμένος,
1523 4875 1582 4938 ὃς
1605 4877 1791 4931 οὐκέτι
1838 4880 1975 4932 ἀπο-

404 4958 668 5029 θνήσκεις
710 4958 851 5012 ’Δνθ⁹
874 4961 997 5013 ὅτου
1032 4962 1076 5014 δ’
1127 4961 1194 5015 ἂν
1230 4963 1514 5030 ἀποθάνοι,
1576 4966 1634 5018 δν
1686 4968 1826 5039 ὑπὲρ
1877 4969 1973 5023 τοῦ

404 5049 591 5101 λαϐεῖν
620 5049 727 5104 ἔδει
752 5049 1029 5113 τεθνάνάι,
1046 5049 1235 5106 τοῦτον
1256 5052 1338 5105 έτι
1369 5054 1554 5124 φέρων
1587 5056 1646 5107 έν
1680 5058 1745 5125 τῇ
1776 5057 1921 5129 ψυχῇ
1952 5075 1967 5123 ;

403 5138 577 5193 Τοῦτο
609 5140 667 5193 δέ
691 5140 802 5193 οὐδ’
828 5140 924 5194 ἀπ’
975 5141 1142 5194 αὑτοῦ
1215 5141 1401 5197 λαϐεῖν
1450 5145 1660 5210 ἔξεστιν
1707 5147 1802 5201 τοῦ
1849 5148 1976 5202 λου-

401 5230 533 5301 τροῦ
555 5247 570 5263 ο
594 5231 711 5295 πῶς
730 5230 821 5286 οῦν
845 5232 913 5286 ἂν
937 5233 1150 5301 γένοιτο
1166 5233 1275 5286 τῶν
1300 5234 1535 5289 τελετῶν
1556 5236 1759 5308 ταύτης
1788 5240 1971 5309 ἐκείνη

400 5324 580 5393 τούτῳ
626 5323 872 5392 βελτίων,
897 5322 927 5375 δ
949 5325 1079 5394 παρ’
1118 5326 1322 5395 ἀμφοῖν
1347 5327 1551 5396 ὁμοίως
1577 5326 1679 5380 οὐκ
1709 5328 1861 5382 ἔστιν
1889 5331 1981 5382 εὑ-

404 5416 520 5482 ρεῖν
541 5431 555 5478 ;
583 5415 658 5465 Οὐ
675 5416 786 5483 γὰρ
806 5414 916 5467 οὐδ’
948 5414 1080 5466 αὐτὸ
1099 5414 1321 5469 δύναται
1346 5418 1405 5469 τὸ
1424 5415 1712 5487 βάπτισμα
1728 5420 1853 5481 τοὺς
1876 5418 1976 5489 ἤδη

399 5504 689 5575 περιόντας
713 5506 810 5557 καὶ
834 5505 1252 5574 πεπλασμένους
1269 5507 1422 5572 αὖθις
1435 5508 1757 5579 ἀναγεννᾷν,
1775 5511 1803 5563 ὅ
1822 5527 1881 5561 τε
1906 5512 1984 5563 ίε-

402 5598 494 5668 ρδς
513 5598 712 5666 θεσμὸς
728 5598 920 5653 οὐδένα
949 5597 1038 5651 διὰ
1053 5598 1225 5651 ταῦτα
1244 5600 1324 5665 δὶς
1342 5600 1560 5655 έλουσεν
1583 5602 1681 5656 ἀνθ
1690 5620 1890 5673 ρωπον,
1914 5602 1975 5654 οὐ

2082 1941 2403 1995 necessitate
2420 1942 2551 2011 ipsis
2575 1942 2732 2010 plane
2759 1942 2953 1998 sufﬁcit
2978 1945 3064 1998 hic
3088 1949 3264 2015 panis,
3283 1958 3336 2001 et
3357 1948 3498 2001 vires
3524 1964 3657 2003 sus~

2082 2038 2272 2095 tentat,
2310 2040 2364 2085 et
2412 2032 2521 2085 dux
2552 2042 2655 2098 est,
2700 2043 2751 2087 et
2781 2042 2995 2103 purgat,
3022 2034 3195 2090 donec
3220 2037 3508 2105 divertaut,
3566 2039 3657 2092 ubi

2081 2122 2379 2178 secundum
2412 2122 2557 2177 Petri
2612 2125 2775 2178 verba
2806 2126 2854 2156 ⁷⁸
2883 2126 3084 2179 bonum
3110 2136 3189 2181 est
3217 2128 3488 2183 hominem
3517 2142 3657 2193 esse,

2082 2213 2173 2267 ubi
2209 2213 2330 2266 aliis
2360 2214 2539 2267 nullus
2568 2213 2813 2279 locus,in
2844 2218 3063 2283 regione
3086 2232 3115 2270 a
3139 2219 3367 2286 negotiis
3415 2220 3659 2273 molestis

2080 2304 2370 2374 liberajam
2389 2305 2762 2366 manentibus,
2780 2306 2929 2359 solus
2948 2317 3129 2361 autem
3146 2323 3345 2362 corona
3363 2309 3661 2377 ipsisChri-

2081 2405 2201 2451 stus
2228 2404 2334 2463 est,
2359 2412 2479 2450 cum
2512 2396 2592 2450 eis
2624 2396 3055 2453 familiarissime
3092 2415 3335 2455 versans.
3388 2401 3556 2471 Igitur
3601 2415 3660 2457 ut

2087 2486 2358 2557 purgandi
2396 2488 2502 2540 vim
2538 2488 2768 2553 habens,
2793 2497 2847 2542 et
2876 2491 2941 2542 ad
2976 2493 3077 2543 hoc
3124 2505 3153 2542 a
3179 2493 3447 2561 principio
3499 2495 3660 2548 insti-

2082 2588 2288 2644 tutum,
2330 2581 2746 2650 inquinamento
2773 2584 2920 2635 omni
2948 2583 3165 2637 liberat.
3198 2583 3268 2639 Ut
3325 2597 3506 2641 autem
3558 2605 3660 2644 nos

2080 2673 2134 2728 iu
2164 2674 2550 2727 certaminibus
2569 2675 2807 2742 adjuvat,
2845 2691 3075 2743 quorum
3113 2676 3227 2744 ipse
3277 2678 3527 2732 Christus
3549 2681 3657 2734 dux

2081 2759 2181 2815 fuit
2224 2768 2370 2825 ante,
2404 2762 2613 2828 primus
2642 2762 2707 2816 ad
2742 2778 2801 2817 ea
2833 2779 3143 2832 aggressus.
3178 2766 3344 2820 robur
3396 2773 3659 2824 adversus

2079 2862 2458 2922 oppugnantes
2498 2853 2750 2923 largitur.
2819 2854 2955 2920 Quia
2993 2871 3121 2910 vero
3165 2858 3325 2911 etiam
3377 2862 3659 2927 nitentium

2078 2956 2181 3012 est,
2218 2948 2432 3003 labores
2459 2949 2660 3018 quibus
2706 2946 2968 3003 debeatur
3021 2954 3275 3021 postu!at.
3334 2955 3434 3018 Oui
3494 2957 3663 3021 igitur

2081 3053 2293 3093 cmnam
2326 3051 2381 3094 ut
2419 3040 2728 3109 prmmium,
2759 3051 2812 3095 et
2844 3053 2898 3096 ut
2919 3056 3231 3111 supremam
3268 3045 3656 3101 beatitudinem

2082 3124 2260 3191 habet,
2277 3132 2770 3200 quomodoczetcris
2790 3134 2968 3187 minus
2984 3149 3142 3202 posse
3160 3136 3514 3191 nihilominus
3534 3154 3669 3192 con-

2000 3202 2044 3267 c
2077 3212 2253 3284 iiciet?
2265 3222 2408 3276 ldem
2425 3221 2495 3278 de
2512 3223 2684 3278 altero
2698 3222 3122 3287 decernendum,
3138 3227 3666 3299 exisdmandnmqne

2080 3312 2404 3384 perfectioni
2434 3315 2680 3385 mysterii
2719 3329 2827 3368 non
2859 3330 3181 3385 repugnare.
3215 3319 3329 3373 Non
3363 3322 3508 3374 enim
3537 3323 3664 3391 quia

2081 3420 2190 3459 non
2217 3406 2450 3459 multum
2489 3415 2690 3475 potest,
2721 3408 2959 3475 peccatis
2988 3411 3256 3477 perditum
3303 3427 3408 3464 non
3430 3415 3661 3483 retingit,

2080 3500 2173 3552 sed
2204 3499 2331 3567 quia
2358 3512 2482 3552 cum
2515 3497 2746 3566 primam
2804 3497 3184 3554 formationem
3243 3517 3336 3555 seu
3386 3505 3667 3561 characte-

2078 3601 2195 3641 rem
2220 3588 2399 3641 adhuc
2428 3586 2714 3652 ferat,a|io
2742 3587 2989 3655 insigniri
3018 3590 3229 3658 nequit.
3261 3591 3402 3646 sicut
3431 3603 3558 3648 ante
3583 3596 3666 3649 di-

2078 3687 2225 3733 ctum
2257 3687 2342 3732 est
2380 3695 2396 3743 ;
2424 3692 2586 3749 quem
2647 3677 2830 3732 delere
2861 3689 2914 3733 et
2940 3695 3004 3733 ex
3032 3682 3321 3737 animabus
3352 3685 3518 3739 semel
3571 3688 3667 3741 ba-

2078 3768 2405 3836 ptizatorum
2442 3767 2684 3833 eradere,
2716 3782 2814 3822 nec
2837 3779 3096 3824 extrema:
3128 3773 3345 3839 quidem
3397 3775 3663 3843 improbi-

2078 3856 2207 3911 tatis
2232 3868 2337 3922 εει,
2370 3870 2473 3912 nec
2498 3855 2550 3910 id
2570 3865 2844 3925 poterunt,
2864 3860 3114 3927 quamvis
3136 3872 3345 3930 pactam
3386 3869 3663 3921 communi

2080 3946 2620 4003 Dominiservitutem
2635 3949 2905 4018 abnegare
2930 3965 3041 4005 non
3081 3952 3470 4019 dubitaverint,
3500 3973 3660 4025 quem

2080 4039 2190 4093 illis
2221 4054 2323 4093 nec
2355 4054 2567 4092 summa
2590 4039 2952 4110 philosophia,
2982 4056 3078 4096 nec
3098 4044 3240 4098 nuda
3269 4047 3542 4102 confessio
3564 4052 3663 4107 imt

2078 4130 2315 4199 primere
2342 4129 2539 4197 potuit.
2575 4127 2778 4183 Deinde
2834 4130 2962 4200 quia
3049 4134 3298 4190 universe
3353 4140 3544 4193 melius
3604 4158 3665 4198 es

2080 4222 2359 4277 hominem
2387 4237 2527 4286 esse,
2564 4238 2726 4292 quam
2758 4234 3027 4279 mortuum
3051 4234 3105 4279 et
3164 4231 3461 4285 contritum
3517 4250 3661 4301 esse,

2078 4299 2199 4371 sine
2227 4330 2337 4384 quo
2354 4328 2464 4368 non
2477 4316 2638 4370 datur
2670 4317 2903 4375 reﬁctio.
2934 4315 3149 4373 Etenim
3176 4334 3326 4377 mors
3356 4333 3438 4379 est
3471 4299 3666 4383 veteris

2080 4419 2333 4473 monetae,
2374 4416 2429 4460 et
2464 4407 2551 4461 hic
2584 4418 2669 4462 est
2695 4409 2789 4478 qui
2821 4409 2958 4463 mori
3007 4420 3207 4480 potest,
3269 4429 3432 4481 que'n
3489 4418 3666 4486 pulvis

2079 4498 2375 4569 produxit:
2414 4516 2433 4550 ι
2466 4498 2687 4553 Securis
2720 4500 2891 4565 enim,
2924 4500 3104 4571 inquit
3160 4502 3521 4576 Evangeiista,
3594 4511 3662 4565 ad

2079 4590 2317 4645 radicem
2382 4590 2601 4646 arboris
2670 4591 2845 4661 posita
2901 4602 2985 4646 est
3012 4593 3122 4658 ",i
3158 4596 3396 4651 ‘ablutus
3455 4612 3660 4663 autem,

2073 4683 2185 4754 jam
2211 4698 2413 4738 novum
2440 4683 2715 4738 hominem
2768 4694 2967 4755 portat.
3003 4684 3288 4750 Quomodo
3345 4688 3511 4757 igitur
3543 4706 3663 4746 mo-

2084 4773 2280 4840 rietur,
2322 4776 2531 4829 Adamo
2568 4773 2748 4828 adhuc
2786 4774 3132 4845 coniunctus,
3164 4776 3258 4845 qui
3290 4780 3523 4848 amplius
3553 4798 3662 4838 non

2081 4866 2314 4921 moritur
2343 4863 2450 4918 7Et
2485 4880 2584 4935 pro
2612 4880 2721 4935 quo
2754 4870 2967 4921 tandem
3000 4876 3324 4933 moreretur,
3381 4886 3505 4925 cum
3568 4889 3665 4943 pro

2079 4973 2188 5029 quo
2220 4957 2537 5026 accipiendo
2564 4957 2701 5011 mori
2725 4959 3031 5026 oportebat,
3052 4973 3177 5012 eum
3205 4960 3385 5016 adhuc
3410 4962 3465 5016 in
3483 4966 3664 5019 anima

2076 5051 2286 5121 gestet?
2305 5047 2419 5106 lioc
2437 5060 2617 5105 autem
2642 5064 2743 5106 nec
2765 5051 2833 5105 ab
2860 5052 2979 5120 ipso
2994 5051 3213 5107 lavacro
3237 5056 3497 5124 consequi
3520 5055 3662 5111 licet.

2079 5144 2183 5210 Qui
2212 5159 2342 5213 ergo
2368 5144 2472 5199 hoc
2500 5144 2760 5213 mysterio
2795 5143 2926 5197 illud
2959 5148 3028 5199 sit
3072 5144 3289 5210 melius,
3324 5146 3378 5200 in
3405 5161 3490 5211 eo,
3519 5147 3667 5216 quod

2078 5250 2233 5304 mque
2273 5235 2327 5288 in
2360 5247 2553 5290 neutro
2584 5234 2903 5289 invenitur?
2960 5234 3070 5292 Nec
3105 5236 3250 5291 enim
3303 5252 3367 5292 ea
3413 5235 3667 5304 baptismi

2080 5328 2163 5381 vis
2195 5337 2299 5391 est,
2330 5336 2391 5379 ut
2419 5327 2531 5397 jam
2563 5336 2841 5383 exstantes
2890 5336 2945 5384 et
2983 5328 3252 5384 formatos
3296 5328 3477 5382 denuo
3506 5343 3666 5396 gene-

2084 5431 2207 5471 rare
2238 5427 2438 5485 queat;
2468 5428 2697 5485 etsacra
2717 5420 2798 5474 lex
2835 5422 3104 5476 nemiuem
3130 5421 3331 5474 ideirco
3360 5420 3443 5472 bis
3472 5419 3666 5481 abluit,

2087 5523 2262 5575 neque
2290 5507 2341 5560 id
2372 5511 2677 5579 disciplina:
2704 5519 2759 5565 et
2786 5511 2993 5566 ordinis
3031 5509 3225 5579 gratia,
3280 5509 3375 5564 sed
3405 5508 3548 5578 quod
3582 5508 3667 5563 bis

2088 5601 2139 5653 in
2165 5601 2355 5679 eodem
2389 5604 2635 5669 generari
2666 5605 2740 5658 sit
2770 5602 3127 5675 impossibile.

398 5689 571 5746 τύπον
591 5693 713 5747 τινὰ
737 5692 926 5758 σώζων
948 5695 1043 5749 καὶ
1059 5694 1237 5761 τάξιν,
1265 5692 1385 5747 ἀλλ’
1407 5695 1489 5747 ὃτι
1510 5694 1591 5758 δὶς
1615 5696 1758 5748 κατά
1777 5695 1977 5748 ταὺτὶν
2006 5690 2335 5761 γεννηθῆναι
2360 5693 2470 5745 τῶν
2506 5693 2829 5763 ἀμηχάνων.

472 5809 520 5843 ⁷⁸
548 5808 784 5882 Philipp.
819 5826 858 5877 ι,
898 5810 989 5867 23.
1068 5811 1113 5845 ’⁸
1145 5808 1337 5867 Matth.
1375 5826 1505 5876 xvu,
1542 5811 1595 5866 4.
1671 5811 1716 5844 ⁷⁷
1760 5809 1950 5865 Matth.
1979 5822 2060 5872 ιιι,
2102 5808 2186 5861 10.
