4036 6452
404 358 502 420 611

1633 343 1946 406 NICOLAI
2005 345 2400 406 CABASILxE

3551 341 3666 404 612

482 463 669 534 Atqui,
699 465 952 515 occurret
985 454 1208 525 aliquis,
1237 453 1324 508 hic
1349 462 1434 508 est
1467 453 1793 523 baptismus,
1831 454 1986 509 si’re.

2161 457 2271 508 Kal.
2305 458 2414 525 μὴν
2443 457 2585 508 εἴποι
2613 472 2694 516 τις
2725 454 2813 521 ἂν,
2842 453 2998 508 τοῦτό
3019 454 3136 508 ἐστι
3161 455 3444 527 βάπτισμα
3466 456 3526 509 τὸ
3567 456 3665 526 τὴν

408 557 665 624 ligionem
696 566 884 606 coram
918 545 1366 618 persecutoribus
1404 545 1689 598 confessus
1725 545 1988 601 moriare.

411 647 549 711 Quid
583 646 748 714 igitur
781 641 933 694 multi
967 640 1123 706 aquis
1151 638 1374 698 initiati,
1408 647 1462 688 et
1493 638 1596 690 hoc
1623 636 1858 689 stadium
1895 638 1990 690 de-

410 744 719 797 currerunt,
752 742 806 786 et
833 732 1069 786 alterum
1113 731 1216 782 hoc
1248 730 1525 782 lavacrum
1585 729 1991 797 susceperunt?

411 826 549 880 lluic
581 823 869 892 quaestioni
909 823 980 874 ita
1016 834 1393 872 occurremus.
1435 817 1575 883 Quid
1608 819 1673 870 ad
1706 818 1988 872 Christum

413 933 472 971 se
501 917 813 984 adjungere,
837 923 890 965 et
916 925 1021 963 una
1050 925 1173 961 cum
1197 927 1260 962 en
1285 910 1466 962 vivere
1492 909 1864 974 instituerunt,
1897 924 1992 964 eos

407 1008 772 1068 commendat,
811 1004 956 1073 quod
993 1003 1142 1056 illius
1190 1015 1349 1054 manu
1404 1001 1664 1070 praeclare
1715 1000 1828 1052 lit-ti
1882 999 1993 1053 for-

408 1100 647 1166 matique
682 1104 830 1148 sunt.
866 1094 1228 1148 Commendat
1263 1093 1448 1156 etiam,
1483 1091 1628 1160 quod
1682 1106 1777 1160 per
1823 1091 1992 1143 virtu-

411 1200 517 1243 tem
557 1190 657 1255 ipsi
695 1204 788 1257 per
821 1186 1168 1254 semctipsos,
1201 1196 1253 1237 et
1287 1199 1379 1252 per
1401 1183 1649 1236 laudatos
1678 1197 1876 1251 agones
1905 1195 1992 1234 ac-

407 1289 709 1334 cesserunt.
751 1281 902 1346 Aqua
938 1281 1102 1345 igitur
1157 1276 1444 1344 baptizari,
1491 1274 1762 1328 hominem
1821 1274 1990 1342 lingit.

407 1383 458 1425 et
495 1371 546 1423 id
580 1385 747 1423 unum
779 1375 957 1437 petest
985 1384 1000 1432 ;
1035 1382 1182 1422 mors
1212 1383 1309 1435 pro
1336 1366 1556 1420 Christo
1585 1368 1847 1434 oppetita,
1875 1366 1992 1421 sine

345 1455 352 1460 ’
409 1464 574 1516 dubio
626 1471 913 1534 utrumque
960 1469 1155 1528 potest,
1186 1460 1398 1527 etquod
1421 1475 1559 1528 aqua
1595 1460 1726 1512 dare
1757 1460 1916 1523 valet,
1939 1468 1995 1514 et

319 1592 330 1604 .
412 1555 552 1621 quod
584 1570 612 1607 a
652 1555 806 1607 nobis
840 1552 1204 1618 pratstandum
1231 1561 1334 1606 est.
1366 1551 1601 1605 Proinde
1625 1552 1862 1606 nondum
1889 1553 1992 1604 ini-

415 1648 564 1700 tiatis
601 1646 938 1714 propositum
996 1654 1079 1698 est
1110 1643 1326 1712 quidem
1412 1644 1703 1711 baptisma,
1733 1651 1788 1696 et
1821 1643 1990 1707 lictin,

424 1737 791 1789 testimonium
828 1737 894 1790 de
921 1735 1164 1800 Christo,
1196 1734 1248 1789 et
1285 1735 1568 1803 sepultura
1593 1751 1714 1790 cum
1748 1735 1992 1802 Christo,

2098 546 2396 616 θρησκείαν
2415 550 2525 609 τοῖς
2546 547 2802 610 διώκταις
2831 548 3242 619 ἐπιδειξάμενον
3271 550 3660 618 ἀποθνήσκειν·

2096 641 2148 692 τί
2177 641 2272 693 οὖν
2294 639 2478 694 πολλοὶ
2507 641 2616 692 τῶν
2653 644 2741 694 ἐπὶ
2770 643 2863 694 τοῦ
2903 641 3096 705 ὕδατος
3128 641 3529 710 τετελεσμένων
3565 642 3658 693 καὶ

2098 732 2286 786 τοῦτον
2313 729 2475 801 ἦλθον
2504 735 2594 786 τὸν
2619 733 2841 803 δρόμον,
2872 735 3128 802 δεύτερον
3167 734 3327 787 τοῦτο
3377 735 3666 803 δεξάμενοι

2097 823 2155 876 τὸ
2184 825 2442 894 λουτρόν;
2477 825 2616 877 Ἀλλ’
2644 827 2820 879 ἐκεῖνό
2845 844 2908 892 γε
2942 830 3074 895 πρὸς
3098 827 3270 878 ταῦτα
3291 827 3439 888 ἐστιν
3464 829 3661 880 εἰπεῖν.

2109 913 2196 978 Ὣς
2229 915 2337 986 ἄρα
2372 917 2451 984 τῷ
2493 915 2714 986 Χριστῷ
2769 920 2898 980 τοὺς
2953 917 3230 970 συνελθεῖν
3281 919 3377 971 καὶ
3431 916 3668 986 συζῆσαι

2101 1007 2517 1076 προῃρημένους
2569 1009 2856 1077 συνίστησι
2913 1007 3014 1076 μὲν
3061 1006 3121 1059 τὸ
3179 1009 3317 1071 πρὸς
3361 1009 3459 1078 τὴν
3487 1009 3662 1077 καλὴν

2100 1097 2295 1149 πλάσιν
2323 1098 2428 1149 ὑπὸ
2453 1099 2553 1165 τῆς
2573 1099 2754 1168 χειρὸς
2780 1099 2994 1168 ἐκείνης
3022 1099 3352 1162 πεπλάσθαι,
3377 1100 3666 1169 συνίστησι

2100 1187 2155 1239 δὲ
2184 1186 2242 1239 τὸ
2275 1187 2342 1239 δι’
2381 1188 2580 1257 ἀρετῆς
2617 1188 2816 1251 αὐτοὺς
2848 1188 2977 1258 παρ’
3010 1189 3218 1242 ἑαυτῶν
3249 1187 3540 1256 ἀφικέσθαι
3567 1189 3668 1240 καὶ

2099 1283 2208 1333 τῶν
2258 1282 2662 1350 ἐπαινουμένων
2719 1283 2970 1351 ἀγώνων,
3020 1283 3082 1336 τὸ
3121 1285 3219 1353 μὲν
3245 1280 3338 1336 οὖν
3371 1283 3524 1338 ὖδατι
3563 1283 3667 1353 βα-

2102 1376 2395 1443 πτισθῆναι
2445 1376 2670 1428 πλάττει
2717 1377 2807 1428 τὸν
2840 1375 3152 1445 ἄνθρωπον,
3185 1378 3278 1429 καὶ
3337 1375 3478 1428 τοῦτ’
3530 1375 3662 1427 αὐτὸ

2099 1467 2323 1520 δύναται
2383 1469 2567 1535 μόνον,
2595 1470 2622 1520 ὁ
2661 1467 2707 1519 δ’
2738 1467 2878 1536 ὑπὲρ
2917 1465 3159 1535 Χριστοῦ
3231 1467 3458 1529 θάνατος
3509 1465 3666 1527 δῆλός

2101 1559 2249 1610 ἐστιν
2269 1560 2578 1628 ἀμφότερον
2608 1557 2768 1628 ἔχων,
2821 1560 2850 1610 ὃ
2892 1576 2951 1610 τε
2996 1560 3254 1628 χορηγεῖν
3293 1552 3402 1610 οἶδε
3431 1557 3490 1608 τὸ
3523 1555 3668 1618 ὕδωρ

2101 1652 2195 1702 καὶ
2224 1649 2251 1702 ὃ
2285 1652 2414 1720 παρ’
2445 1650 2603 1718 ἡμῶν
2661 1649 3011 1720 εἰσφέρεσθαι
3063 1651 3164 1704 δεῖ.
3205 1650 3312 1700 Καὶ
3340 1649 3516 1700 τοίνυν
3553 1647 3667 1708 τοῖς

2107 1743 2209 1812 μὲν
2244 1744 2413 1812 μήπω
2463 1742 2840 1812 μεμυημένοις
2910 1741 3026 1794 ἔστι
3086 1742 3186 1810 μὲν
3241 1741 3526 1811 βάπτισμα
3573 1741 3666 1791 καὶ

424 1828 478 1880 in
515 1826 715 1894 quibus
742 1826 994 1894 baptismi
1025 1825 1146 1880 linis
1167 1835 1224 1880 et
1251 1841 1450 1894 scopus
1468 1836 1571 1881 est.
1603 1825 1882 1896 Proposita
1913 1839 1993 1882 est

2099 1836 2296 1898 πλάσις
2343 1835 2422 1903 τῷ
2471 1835 2691 1904 Χριστῷ
2721 1836 2818 1888 καὶ
2879 1835 3013 1904 μετὰ
3060 1833 3298 1904 Χριστοῦ
3333 1834 3426 1885 καὶ
3458 1849 3668 1902 μαρτυ-

417 1919 547 1974 ἱιριιι
581 1922 774 1981 virtus,
813 1919 1104 1973 sudoribus
1166 1934 1264 1987 pro
1296 1919 1438 1971 bono
1470 1918 1562 1970 illo
1600 1932 1858 1984 supremo
1889 1919 2003 1972 adi—

418 2013 698 2081 piscmdo,
725 2022 779 2065 et
809 2023 1050 2065 extrema
1080 2009 1367 2062 tolerantia
1399 2009 1646 2062 laborum
1677 2008 1856 2076 plena.
1891 2007 2001 2062 lni-

419 2105 568 2156 tiatis
604 2117 762 2170 porro
793 2103 1030 2170 primum
1065 2115 1178 2152 non
1208 2099 1491 2167 contingit,
1511 2097 1600 2166 qui
1621 2098 1731 2164 jam
1756 2095 1998 2152 tictifor-

428 2195 670 2263 malique
689 2193 1086 2247 suntetvivunt
1106 2210 1118 2244 :
1139 2189 1437 2245 secundum
1479 2188 1762 2258 contingit.
1788 2188 1998 2243 Etenim

316 2289 328 2300 '
424 2285 869 2340 exercitationem
898 2283 1134 2352 pietatis,
1155 2291 1208 2336 et
1242 2280 1519 2343 virtutem,
1543 2289 1596 2334 et
1617 2295 1685 2332 an
1725 2279 2000 2333 Christum

415 2378 723 2432 noverimus
734 2387 788 2430 et
801 2391 1044 2430 amemus
1059 2389 1219 2442 super
1236 2373 1418 2427 omnia
1431 2388 1550 2441 quae
1563 2373 1730 2425 amari
1745 2383 1998 2440 possunt,

413 2480 466 2523 et
493 2468 860 2522 firmissimam
883 2481 1030 2532 spem
1052 2465 1103 2517 in
1121 2463 1294 2527 illum,
1320 2464 1455 2526 haec,
1484 2462 1729 2531 inquam,
1755 2461 1960 2516 ferrum
1983 2500 1998 2526 ,

419 2570 472 2615 et
508 2561 671 2628 ignis,
693 2569 746 2613 et
773 2558 1094 2629 gravissima
1121 2569 1352 2625 quaeque
1388 2564 1657 2609 tormenta
1713 2554 2002 2608 manifeste

418 2655 736 2708 ostendunt.
769 2652 973 2706 Horum
995 2664 1161 2706 causa
1187 2649 1516 2718 baptismate
1543 2649 1709 2703 semel
1759 2647 2000 2703 initiatos

411 2747 605 2799 eodem
647 2759 838 2798 rursus
871 2741 948 2796 uti
975 2739 1201 2795 tninime
1239 2740 1320 2794 fas
1351 2749 1458 2803 est,
1492 2754 1616 2792 cum
1644 2738 1851 2794 donare
1891 2753 1999 2792 non

416 2836 540 2904 plus
569 2843 758 2902 queat,
790 2847 954 2900 quam
987 2831 1131 2899 quod
1190 2831 1315 2883 inde
1349 2838 1631 2898 acceptum
1677 2831 1998 2884 retinemus.

411 2927 485 2980 At
525 2925 849 2993 martyrium
883 2923 1067 2976 subire
1096 2921 1260 2974 etiam
1293 2930 1456 2988 atque
1504 2919 1669 2974 etiam
1709 2920 1816 2985 fas,
1853 2923 1999 2988 quod

413 3033 521 3072 non
555 3016 730 3070 solum
759 3029 1017 3082 generare
1048 3022 1101 3065 et
1137 3011 1396 3076 formare,
1430 3010 1526 3065 sed
1557 3013 1721 3066 etiam
1773 3027 2000 3068 coronas

413 3111 482 3163 ob
515 3111 654 3162 facta
695 3120 958 3174 generosa
990 3105 1227 3174 plectere
1256 3103 1441 3158 novit:
1474 3112 1527 3158 et
1558 3113 1845 3173 propterea
1875 3120 2000 3174 pro-

412 3201 554 3255 fanis
590 3198 766 3252 adhuc
801 3199 984 3262 ambo,
1027 3196 1259 3249 initiatis
1315 3195 1544 3248 alterum
1579 3195 1855 3251 tribuitur.
1906 3194 2000 3250 Ni-

411 3292 488 3346 hil
517 3292 661 3343 enim
695 3303 918 3352 novum,
945 3304 1067 3342 cum
1099 3289 1230 3357 quid
1273 3290 1338 3342 ad
1369 3299 1659 3358 utrumque
1715 3296 1797 3344 est
1843 3289 1994 3358 utile,

409 3398 506 3437 ens
530 3383 619 3451 qui
663 3389 894 3450 utroque
929 3395 1033 3432 nou
1069 3379 1334 3448 indigent,
1368 3390 1584 3449 propter
1615 3380 1846 3436 alterum
1892 3383 1993 3447 uti,

411 3485 464 3527 et
495 3474 546 3526 id
573 3473 750 3528 solum
786 3486 897 3540 quo
926 3471 1160 3539 egebant
1205 3472 1433 3540 adipisci
1467 3490 1481 3525 :
1509 3472 1779 3540 siquidem
1812 3481 1866 3528 et
1910 3488 1996 3528 sa-

413 3583 520 3622 crae
550 3582 750 3620 mensa:
785 3565 928 3619 dona
962 3579 1218 3633 purgare,
1244 3563 1337 3633 qui
1377 3579 1438 3617 ea
1462 3566 1704 3618 nondum
1741 3579 1996 3634 suscepe-

408 3670 558 3723 ruut,
595 3666 648 3711 et
674 3658 785 3726 jam
825 3666 1083 3726 purgatos
1120 3656 1428 3710 illuminare
1452 3665 1880 3710 consueverunt.
1931 3657 1996 3710 Et

413 3761 591 3804 tamen
633 3750 764 3803 nihil
793 3749 1130 3815 obstatquin
1190 3747 1260 3801 ob
1282 3746 1512 3800 alterum
1549 3747 1616 3800 ad
1676 3747 1996 3818 mysterium

407 3842 694 3903 accedant,
725 3842 818 3908 qui
843 3841 994 3920 prius
1017 3838 1394 3893 obtinuerunt.
1437 3837 1503 3892 Et
1541 3838 1610 3892 de
1642 3837 1727 3893 bis
1761 3839 1918 3893 satis.

2103 1927 2256 1996 ροῦ-σι
2294 1928 2390 1979 καὶ
2423 1926 2811 1994 θαπτομένοις,
2865 1927 2922 1979 ὲν
2969 1921 3050 1988 οἷς
3096 1928 3124 1978 ὁ
3154 1923 3248 1978 τοῦ
3291 1923 3668 1994 βαπτίσματος

2100 2020 2333 2088 ἕστηκεν
2382 2020 2528 2086 ὅρος,
2579 2019 2695 2072 ἐστι
2732 2019 2789 2072 δὲ
2821 2017 2994 2088 ἁρετὴ
3046 2018 3154 2070 τῶν
3204 2017 3344 2086 ὑπὲρ
3365 2015 3460 2069 τοῦ
3495 2015 3664 2068 καλοῦ

2102 2109 2292 2179 γέμων
2330 2110 2574 2177 ἱδρώτων
2606 2111 2702 2163 καὶ
2753 2109 3048 2178 καρτερίας
3112 2113 3211 2179 τῆς
3253 2109 3486 2179 ἐσχάτης
3510 2125 3523 2141 ο
3558 2111 3669 2170 τοῖς
3771 2102 3781 2109 ’

2100 2203 2158 2256 δὲ
2209 2203 2621 2288 τετελεσμένοις
2680 2203 2742 2288 τὸ
2788 2202 2888 2270 μὲν
2937 2201 3153 2272 πρῶτον
3187 2201 3248 2254 οὺ
3281 2201 3488 2270 γίνεται
3535 2201 3671 2254 πλα-

2104 2299 2311 2352 σθεῖσιν
2325 2276 2427 2368 ἤδη
2445 2301 2538 2380 καὶ
2565 2276 2723 2364 ζῶσί,
2750 2299 2810 2352 τὸ
2831 2299 3084 2366 δεύτερον
3105 2296 3180 2361 δὲ,
3202 2300 3297 2350 καὶ
3320 2296 3430 2366 γὰρ
3457 2296 3667 2364 γυμνά-

2106 2407 2218 2442 σιον
2267 2389 2555 2450 εὐσεόείας
2588 2391 2683 2442 καὶ
2727 2388 2932 2460 ἀρετῆς
2972 2387 3274 2454 ἀπόδειξις,
3327 2388 3422 2441 κού⁴
3453 2387 3545 2440 τοῦ
3576 2388 3670 2439 τὸν

2101 2481 2337 2551 Χριστὸν
2370 2481 2573 2536 ειδέναι
2627 2483 2720 2535 καὶ
2779 2481 2955 2549 φιλεῖν
2987 2481 3085 2550 μὲν
3117 2481 3258 2548 ὑπὲρ
3289 2479 3316 2532 ὅ
3353 2498 3404 2532 τι
3442 2478 3669 2547 φιλητὸν

2103 2573 2270 2635 ἅπαν,
2305 2571 2414 2622 τῶν
2442 2571 2486 2623 δ’
2515 2573 2594 2633 είς
2630 2573 2836 2652 ἐκεῖνον
2869 2569 3102 2624 ἐλπίδων
3135 2569 3298 2639 μηδὲν
3322 2570 3661 2637 ἀσφαλέστε-

2107 2679 2198 2733 ρον
2219 2663 2397 2729 ἄγειν,
2431 2664 2600 2740 πεῖρα
2652 2661 2831 2728 σαφὴς
2876 2661 3084 2731 σιδήρῳ
3112 2659 3206 2714 καὶ
3258 2660 3398 2728 πυρὶ
3427 2661 3521 2711 καὶ
3550 2661 3666 2721 τοῖς

2105 2754 2205 2823 μὲν
2267 2753 2594 2822 βιαιοτάτοις
2617 2753 3033 2823 δοκιμασθεῖσα.
3061 2753 3168 2806 Καὶ
3186 2751 3392 2804 τούτων
3405 2751 3568 2804 ἕνεκα
3588 2750 3667 2820 τῷ

2103 2842 2438 2913 βαπτίσματι
2477 2845 2602 2906 τοὺς
2638 2843 2784 2906 ἅπαξ
2817 2844 3204 2913 μεμυημένους
3252 2842 3408 2904 αὖθις
3441 2842 3666 2910 θεμιτὸν

2101 2936 2300 3004 ἥκιστα
2326 2935 2586 3005 χρῆσθαι,
2607 2935 2898 3006 δωρεῖσθαι
2929 2935 3094 3006 μηδὲν
3125 2933 3306 2999 πλέον,
3333 2927 3394 2988 οὗ
3417 2933 3668 2996 λαὸόντσς

2101 3027 2315 3081 ἐκεῖθεν
2341 3027 2561 3096 ἔχομεν,
2594 3027 2900 3097 δυναμένῳ,
2931 3030 2996 3098 τῇ
3031 3027 3310 3097 μαρτυρίᾳ
3331 3026 3386 3078 δὲ
3407 3029 3502 3079 καὶ
3525 3027 3666 3080 πάνυ

2022 3169 2066 3230 C
2107 3121 2181 3189 μὴ
2214 3121 2374 3189 μόνον
2406 3121 2601 3190 γεννᾷν
2630 3121 2728 3176 καὶ
2758 3119 3038 3184 πλάττειν,
3071 3119 3207 3174 ἀλλὰ
3242 3119 3335 3172 καὶ
3371 3119 3670 3185 στεφάνους

2105 3211 2288 3274 αὐτοῖς
2341 3212 2449 3265 ἀπὸ
2487 3213 2754 3279 γενναίων
2789 3212 2968 3280 ἔργων
3020 3211 3243 3265 πλέκειν
3291 3209 3658 3280 ἐπισταμένῃ,

2104 3300 2201 3352 καὶ
2221 3299 2308 3354 διὰ
2339 3300 2500 3354 τοῦτο
2535 3305 2647 3364 τοῖς
2704 3301 2806 3368 μὲν
2847 3301 3114 3372 ἀμυήτοις
3149 3301 3438 3370 ἀμφότερα
3467 3316 3667 3368 κεκτη·-

2108 3391 2267 3464 μένῃ,
2315 3393 2429 3456 τοῖς
2478 3393 2855 3462 μεμυημένοις
2913 3393 2971 3445 δὲ
3019 3392 3269 3462 θάτερον.
3325 3391 3525 3444 Kal.va
3559 3393 3669 3460 γάρ

2104 3483 2278 3549 οὐδὲν,
2305 3484 2508 3554 ἑαυτὴν
2539 3486 2771 3554 συντελῆ
2801 3486 2940 3556 πρὸς
2969 3485 3136 3554 ἄμφω
3164 3485 3521 3555 παρεχομένῃ
3546 3484 3667 3545 τοὺς

2103 3575 2433 3644 ἀμφοτέρων
2475 3577 2551 3644 μὴ
2583 3576 2874 3640 δεομένους
2920 3576 3060 3645 ὑπὲρ
3092 3575 3318 3645 θατέρου
3348 3575 3664 3643 χρωμένους

2101 3665 2412 3733 τυγχάνειν,
2433 3657 2492 3717 οὗ
2510 3665 2720 3718 δέονται
2741 3665 2926 3733 μόνου,
2951 3665 3074 3716 ἐπεὶ
3090 3663 3266 3718 καὶτὰ
3285 3662 3381 3732 τῆς
3404 3660 3669 3730 ἱερᾶςδῶ-

2107 3773 2176 3824 ρα
2199 3758 2478 3826 τραπέζης
2501 3755 2613 3810 aias
2644 3757 2742 3826 μὲν
2769 3757 3053 3827 καθαίρειν
3075 3758 3198 3818 τοὺς
3225 3757 3391 3826 μήπω
3409 3754 3567 3808 τοῦτο
3585 3754 3669 3807 δε-

2097 3847 2384 3917 ξαμένους,
2397 3850 2619 3902 δύναται
2633 3849 2688 3901 δὲ
2703 3848 2958 3915 φωτίζειν
2973 3848 3099 3911 τοὺς
3111 3847 3212 3918 ἤδη
3225 3847 3503 3918 κεκαθαρμ
3515 3847 3668 3908 ένους

410 3939 504 3988 καὶ
520 3936 667 4003 ὅμως
683 3934 835 3987 οὐδὲν
851 3931 1071 3995 κωλύει,
1089 3933 1219 4002 περὶ
1239 3931 1332 3984 τοῦ
1345 3929 1602 4001 δευτέρου
1620 3931 1904 4000 προσιέναι
1920 3934 1999 4003 τῷ
2022 3941 2304 4013 μυστηρίῳ
2327 3945 2450 4006 τοὺς
2463 3947 2522 3995 τὸ
2547 3942 2762 4011 πρῶτον
2783 3942 3028 4011 ἔχοντας.
3047 3941 3158 3995 Καὶ
3177 3940 3381 3994 τούτων
3403 3941 3500 4006 μὲν
3521 3941 3662 4001 ἃλις.

485 4029 591 4084 Sed
625 4030 764 4084 unde
788 4029 895 4082 huc
914 4027 1134 4097 delapsa
1155 4037 1242 4080 est
1273 4026 1471 4091 oratio,
1511 4027 1656 4094 quod
1689 4028 1985 4095 perfectam

414 4123 698 4176 hominum
727 4135 854 4187 erga
885 4120 1050 4173 Deum
1085 4119 1530 4172 communionem
1561 4129 1840 4187 operatur,
1873 4123 1988 4177 sive

412 4229 526 4266 rem
575 4213 722 4264 illam
750 4211 985 4274 latriam,
1023 4209 1139 4263 sive
1192 4209 1430 4264 ﬁliorum
1463 4213 1836 4280 adoptionem,
1872 4212 1988 4267 sive

415 4313 710 4371 utrumque
736 4302 968 4357 velimus
993 4302 1283 4371 appellare,
1313 4318 1467 4358 sacra
1498 4319 1658 4360 cozna
1683 4315 1769 4360 est
1801 4325 1814 4360 :
1847 4307 1989 4376 quod

413 4411 514 4450 nos
549 4396 766 4450 Christo
794 4395 1032 4449 arctiore
1076 4397 1418 4464 cognationis
1451 4399 1668 4453 vinculo
1708 4400 1986 4470 astringit,

412 4503 577 4556 quant
612 4487 933 4555 parentibus
979 4502 1045 4540 ex
1081 4488 1216 4556 ipsis
1253 4497 1410 4543 natos
1450 4505 1590 4546 esse.
1627 4489 1817 4560 Neque
1843 4494 1987 4546 enim

415 4581 556 4636 exile
582 4582 854 4650 quoddam
886 4581 1136 4651 corporis
1167 4583 1405 4647 initium,
1448 4597 1502 4640 et
1549 4587 1826 4640 modicam
1859 4601 1990 4640 san-

411 4676 593 4744 guinis
627 4676 912 4728 materiam
949 4675 1106 4730 uobis
1141 4677 1439 4744 praastruit,
1496 4677 1591 4732 sed
1624 4692 1826 4746 corpus
1864 4695 1992 4732 san-

413 4767 749 4835 guinemque
821 4767 1060 4836 perfecte
1133 4768 1292 4822 nobis
1352 4770 1740 4824 communicat.
1801 4768 1990 4837 Neque

412 4866 625 4910 tantum
653 4865 740 4909 est
771 4860 892 4911 vitae
913 4872 1102 4920 causa.
1144 4870 1203 4913 ut
1247 4869 1527 4931 parentes,
1560 4862 1654 4914 sed
1692 4863 1855 4914 etiam
1886 4863 1994 4916 vita

412 4950 556 5018 ipsa.
588 4947 774 5016 Neque
813 4950 934 5002 ideo
965 4951 1167 5004 dicitur
1199 4953 1333 5016 vita,
1358 4951 1487 5020 quia
1529 4953 1652 5005 vitae
1693 4965 1856 5006 causa
1902 4954 1993 5016 sit,

409 5040 690 5109 quomodo
739 5040 1015 5108 apostolos
1046 5042 1222 5096 lucem
1249 5043 1575 5104 nominavit,
1608 5042 1734 5112 quia
1770 5043 1992 5096 luminis

407 5132 583 5186 duces
615 5141 977 5200 auctoresque
1025 5133 1184 5186 nobis
1215 5131 1440 5186 fuerunt
1473 5134 1559 5198 ης
1594 5134 1688 5188 sed
1721 5132 1851 5202 quia
1880 5148 1991 5202 quo

411 5235 544 5274 vere
566 5223 750 5277 vivere
778 5223 925 5286 licet,
953 5223 1186 5292 ipsemet
1213 5233 1319 5287 est,
1357 5224 1473 5294 ipsa
1504 5227 1632 5288 vita,
1665 5225 1887 5295 quando
1932 5234 1987 5280 et

412 5310 518 5364 sibi
553 5310 899 5366 adhaerentes
928 5327 990 5366 ac
1020 5312 1238 5366 deditos
1264 5322 1488 5367 sanctos
1521 5328 1586 5367 ac
1623 5313 1804 5382 justos
1832 5313 1985 5377 facit,

409 5414 521 5452 non
565 5400 739 5452 Solum
793 5403 1086 5456 instituens
1113 5416 1178 5455 ac
1215 5403 1440 5464 docens.
1479 5417 1602 5472 qute
1649 5413 1887 5472 oportet,
1934 5410 1989 5456 et

410 5491 648 5544 animam
676 5491 740 5546 ad
779 5493 1036 5546 virtutem
1069 5508 1356 5556 exercens,
1383 5510 1658 5564 quantque
1689 5496 1779 5550 illa
1809 5495 1988 5551 facul-

416 5587 580 5634 tatem
613 5583 680 5636 ad
711 5597 892 5637 veram
928 5583 1196 5639 rationem
1227 5583 1410 5648 habet,
1443 5585 1496 5638 in
1522 5569 1666 5655 'qpus
1693 5588 1932 5642 educens
1967 5601 1983 5640 ;

495 5756 538 5786 "
566 5756 754 5809 Matth.
799 5773 851 5821 v,
897 5759 992 5813 Ha

2189 4039 2330 4092 Ἀλλ’
2362 4040 2487 4092 ὅθεν
2518 4041 2652 4108 ἡμῖν
2683 4041 2709 4091 ὁ
2743 4037 2898 4106 λόγος
2927 4037 3021 4090 ἐπὶ
3049 4035 3224 4089 ταῦτα
3254 4037 3530 4107 προήχθη,
3562 4037 3668 4107 τὴν

2097 4131 2334 4200 παντελῆ
2359 4131 2470 4184 τῶν
2500 4130 2597 4184 ἀνθ
2609 4130 2806 4198 ρώπων
2842 4129 2980 4197 πρὸς
3009 4129 3099 4181 τὸν
3147 4127 3298 4193 θεὸν,
3326 4129 3462 4197 ὅπερ
3494 4129 3665 4198 ἐργά-

2095 4221 2269 4284 ζεται,
2333 4221 2641 4286 κοινωνίαν,
2693 4219 2804 4273 εἴτε
2864 4219 3124 4290 λατρείαν
3176 4220 3240 4274 τὸ
3294 4221 3527 4288 πρᾶγμα
3559 4218 3666 4289 χρὴ

2095 4314 2304 4375 καλεῖν,
2345 4312 2455 4365 εἴτε
2495 4313 2771 4369 υἱοθεσίαν
2833 4314 2946 4366 εἴτε
3001 4312 3098 4366 καὶ
3140 4315 3309 4380 ἄμφω
3361 4311 3561 4374 ταῦτα,
3605 4312 3664 4363 τὸ

2096 4401 2239 4470 ἱερᾶν
2278 4402 2394 4454 ἐστι
2437 4390 2672 4464 δεῖπνον,
2706 4401 2734 4454 ὃ
2767 4404 3056 4469 συγγενεῖς
3118 4403 3265 4471 ἡμᾶς
3317 4400 3396 4470 τῷ
3443 4401 3666 4470 Χριστῷ

2094 4495 2240 4546 ποιεῖ
2274 4493 2478 4562 μᾶλλον
2505 4493 2536 4562 ἢ
2567 4493 2627 4546 τὸ
2659 4494 2790 4561 παρ’
2824 4493 3006 4546 αὐτῶν
3039 4493 3205 4561 φῦναι
3230 4496 3344 4556 τοῖς
3399 4509 3668 4561 γεγεννη-

2096 4585 2248 4638 κόσιν
2275 4587 2477 4648 αὐτοῖς.
2514 4584 2651 4638 Οὔτε
2687 4587 2798 4655 γὰρ
2821 4585 3072 4654 άμυδράν
3106 4603 3227 4638 τινα
3255 4585 3504 4654 σώματος
3530 4587 3667 4654 ἡμῖν

2097 4677 2503 4732 καταϐάλλεται
2531 4677 2770 4746 κρηπῖδα
2795 4679 2889 4730 καὶ
2911 4676 3113 4748 μικρὰς
3133 4677 3364 4747 αἵματος
3386 4677 3664 4745 ἀφορμάς,

2095 4770 2231 4824 ἀλλὰ
2255 4770 2476 4823 τελείων
2499 4772 2679 4824 αὐτῶν
2706 4772 2838 4841 ἡμῖν
2864 4774 3135 4832 κοινωνεῖ,
3170 4769 3295 4823 οὔτε
3319 4771 3462 4837 ζωῆς
3487 4770 3665 4833 αἴτιος

2102 4860 2261 4930 μόνον
2287 4860 2479 4930 ὥσπερ
2513 4863 2564 4913 oi
2592 4864 3004 4931 γεγεννηκότες,
3035 4862 3168 4916 ἀλλά
3201 4863 3296 4914 καὶ
3325 4861 3462 4932 ζωὴ,
3489 4865 3585 4915 καὶ
3606 4863 3667 4913 οὐ

2095 4954 2273 5022 τούτῳ
2322 4953 2386 5021 δὴ
2438 4952 2656 5018 λέγεται
2713 4953 2827 5023 ζωὴ
2877 4955 2956 5026 τῷ
3011 4954 3159 5023 ζωῆς
3207 4956 3377 5017 αἴτιος
3412 4951 3576 5017 εἷναί,
3609 4955 3668 5008 ὃν

2094 5043 2296 5113 τρόπον
2326 5043 2444 5110 φῶς
2474 5043 2659 5095 ἐκάλει
2681 5045 2806 5107 τοὺς
2837 5045 3194 5107 ἀποστόλους,
3222 5046 3303 5098 ὅτι
3331 5046 3508 5112 φωτὸς
3531 5046 3662 5112 ἡμῖν

2097 5129 2443 5200 κατέστησαν
2474 5133 2764 5200 ἡγεμόνες,
2799 5133 2916 5187 ἀλλ’
2946 5134 3028 5187 ὅτι
3058 5127 3102 5202 ᾧ
3133 5133 3232 5206 ζῇν
3257 5136 3404 5189 ἔστιν
3431 5135 3508 5198 ὡς
3537 5135 3668 5204 άλη-

2099 5219 2232 5286 θῶς,
2259 5221 2422 5284 αὐτός
2448 5223 2603 5276 ἐστιν
2639 5222 2779 5293 αὐτὴ
2804 5225 2837 5293 ἡ
2858 5224 2994 5295 ζωὴ,
3048 5227 3172 5278 ἐπεὶ
3198 5227 3294 5279 καὶ
3325 5227 3516 5294 ἁγίους
3541 5227 3668 5290 τοὺς

2093 5310 2243 5381 αὐτῷ
2301 5317 2734 5382 προσκειμένους
2759 5317 3138 5385 ἀπεργάζεται
3174 5317 3272 5369 καὶ
3296 5316 3562 5379 δικαίως,
3603 5318 3662 5369 οὐ

2098 5400 2259 5470 μόνον
2293 5402 2564 5456 παιδεύων
2594 5405 2692 5457 καὶ
2719 5404 2988 5458 διδάσκων
3015 5404 3052 5458 ἃ
3079 5404 3180 5468 δεῖ,
3215 5406 3311 5458 καὶ
3345 5407 3482 5476 πρὸς
3526 5409 3657 5476 ἀρε-

2094 5491 2195 5560 τὴν
2223 5491 2408 5548 ἀσκῶν
2445 5491 2543 5562 τὴν
2564 5493 2770 5565 ψυχὴν,
2796 5497 2894 5548 καὶ
2917 5495 2988 5565 ἢν
3017 5495 3204 5564 ἐκείνη
3238 5496 3374 5564 πρὸς
3420 5496 3514 5550 τὸν
3559 5496 3655 5562 ὀρ-

2101 5583 2196 5636 θὸν
2224 5582 2384 5651 λόγον
2414 5584 2648 5657 δύναμιν
2676 5587 2813 5659 Εχει,
2836 5588 2978 5659 πρὸς
3007 5588 3290 5659 ἐνέργειαν
3314 5587 3484 5658 άγων,
3521 5587 3661 5640 ἀλλὰ
