4036 6440
420 358 527 421 6Ξ3

1475 359 1570 416 DE
1608 354 1783 416 VITA
1818 353 1897 413 1N
1937 350 2268 411 CHRISTO
2331 351 2479 411 LIB.
2526 350 2628 413 IV.

3565 349 3673 412 614

2714 417 2739 451 ρ

423 480 518 531 καὶ
550 474 715 538 αὐτὸς
760 473 1042 541 γινόμενος
1100 476 1281 536 αὐτοῖς
1331 473 1645 541 δικαιοσύνη
1693 471 1800 524 ἀπδ
1845 471 1980 522 Θεοῦ

2099 466 2178 518 sed
2205 475 2259 519 et
2292 467 2408 533 ipse
2437 466 2544 521 illis
2576 458 2978 520 factus’a.Deo
3014 461 3227 534 justitia
3273 468 3326 517 et
3370 462 3678 518 sanctiﬁca-

430 565 526 617 καὶ
554 563 852 632 ἁγιασμός.
880 563 1077 615 Τοῦτον
1096 564 1204 633 γὰρ
1237 563 1472 632 μάλιστα
1528 564 1619 615 τὸν
1643 564 1841 630 τρόπον
1872 563 1983 624 τοῖς

417 654 599 722 ἁγίοις
654 653 796 705 τοῦτ’
827 651 960 705 αὐτὸ
1005 654 1065 705 τὸ
1126 653 1419 721 μακαρίοις
1458 653 1553 706 καὶ
1617 652 1795 719 ἁγίοις
1842 648 1984 704 εἶναι

424 747 711 815 συμϐαίνει
740 747 833 797 τοῦ
866 746 1115 805 συνόντος
1152 745 1315 797 ἕνεκα
1351 746 1648 815 μακαρίου,
1690 746 1762 797 δι’
1789 746 1847 797 ὃν
1876 743 1985 797 ἀπὸ

426 838 523 905 μὲν
579 837 792 905 νεκρῶν
824 837 977 900 ζῶσι,
1038 838 1195 905 σοφοὶ
1218 838 1275 891 δὲ
1305 838 1411 889 ἀπὸ
1444 838 1711 907 ἀνοήτων,
1754 839 1902 904 ἅγιοι
1929 837 1986 890 δὲ

427 926 518 978 καὶ
544 925 745 978 δίκαιοι
779 928 875 978 καὶ
908 927 1016 979 υἱοὶ
1046 925 1182 979 Θεοῦ
1211 926 1320 980 ἀπὸ
1356 926 1567 997 μιαρῶν
1606 929 1703 980 καὶ
1731 928 1986 995 πονηρῶν

426 1016 766 1086 κατέστησαν
822 1017 1045 1071 δούλων.
1100 1017 1329 1073 Οίκοθεν
1384 1020 1492 1087 γὰρ
1544 1020 1731 1081 αὐτοῖς
1756 1021 1851 1072 καὶ¹
1881 1021 1978 1088 τῆς

428 1107 769 1177 ἀνθρωπείας
802 1108 1017 1175 φύσεως
1050 1110 1144 1162 καὶ
1178 1112 1435 1180 σπουδῆς,
1477 1112 1536 1176 ἐξ
1560 1105 1636 1164 ὧν
1673 1112 1739 1165 ἂν
1773 1112 1979 1181 κυρίως

428 1200 598 1252 ταῦτα
643 1201 915 1263 καλοῖντο,
964 1201 1190 1268 γέγονεν
1246 1203 1366 1256 οὐδὲ
1403 1203 1481 1266 ἐν,
1519 1204 1653 1256 ἀλλὰ
1701 1204 1794 1256 καὶ
1830 1202 1980 1271 ἅγιοι

432 1291 516 1343 διὰ
540 1291 634 1343 τὸν
670 1290 846 1357 ἆγιον,
895 1292 990 1345 κα)⁵
1025 1294 1223 1347 δίκαιοι
1262 1296 1357 1348 καὶ
1394 1294 1551 1363 σοφοὶ
1605 1294 1691 1347 διὰ
1740 1294 1831 1347 τὸν
1863 1311 1988 1346 συν-

429 1385 557 1435 όντα
587 1384 797 1436 δίκαιον
855 1387 942 1437 καὶ
979 1386 1138 1452 σοφόν
1167 1403 1181 1417 ·
1218 1387 1312 1439 καὶ
1345 1387 1480 1448 ὅλως
1507 1386 1561 1438 εί
1588 1403 1672 1447 τις
1695 1386 1908 1455 ἀληθῶς
1931 1389 1988 1439 ὲν

427 1471 734 1539 ἀνθρώποις
765 1474 831 1524 τὰ
861 1474 1070 1541 μεγάλα
1101 1474 1193 1527 καὶ
1214 1474 1385 1542 σεμνά
1412 1474 1583 1528 ταῦτα
1606 1474 1810 1538 δίκαιός
1842 1478 1988 1531 ἐστιν

425 1562 668 1628 ἀκούειν,
706 1565 802 1634 τὴν
834 1568 1153 1635 ἐπωνυμίαν
1181 1567 1391 1620 ἐκεῖθεν
1426 1567 1541 1636 ἔχει
1582 1569 1819 1635 μάλιστα
1864 1569 1985 1637 μὲν,

426 1657 508 1709 ὅτι
540 1657 607 1708 τά
634 1674 697 1724 γε
726 1658 940 1710 οἴκοθεν
969 1662 1062 1714 καὶ
1085 1659 1218 1730 παρ’
1269 1660 1448 1714 αὐτῶν
1474 1661 1729 1714 τοσοῦτον
1765 1663 1985 1730 ἀπέχει,

426 1749 661 1811 δικαίους
714 1750 911 1812 αὐτοὺς
966 1751 1384 1821 ἀπεργάζεσθαι
1439 1753 1534 1806 καὶ
1589 1755 1812 1821 σοφοὺς,
1845 1754 1985 1807 ὥστε

429 1842 660 1910 πονηρία
698 1842 796 1911 μὲν
858 1842 1040 1907 αὐτοῖς
1090 1845 1494 1915 ὴδικαιοσύνη,
1547 1848 1727 1918 μωρία
1772 1847 1826 1899 δὲ
1884 1864 1984 1899 σα-

429 1936 590 2004 φὴςή
649 1937 827 2001 σοφία·
869 1937 1077 2001 ἔπειτα,
1126 1938 1174 1990 εί
1221 1938 1317 1991 καὶ
1358 1937 1425 1991 τὰ
1474 1938 1707 2005 μάλιστα
1754 1939 1986 2007 σεμνοὺς

429 2027 600 2079 ἐποίει
629 2029 723 2081 καὶ
758 2029 961 2096 κόσμον
1011 2026 1146 2099 ἡμῖν
1172 2025 1375 2100 εἶχενή
1412 2030 1606 2100 ἀρετὴ,
1641 2029 1707 2083 δι’
1737 2023 1811 2082 ὧν
1845 2031 1986 2100 πρὸς

430 2120 529 2188 τὴν
560 2123 622 2173 ὲκ
648 2120 785 2172 Θεοῦ
820 2123 1168 2192 δικαιοσύνην
1200 2126 1300 2175 καὶ
1350 2123 1450 2191 τὴν
1513 2124 1707 2191 σοφίαν
1766 2125 1989 2187 οἰκείως

431 2211 629 2281 ἔχομεν
666 2212 863 2281 μᾶλλον
892 2213 923 2283 ἦ
954 2214 1052 2283 τὴν
1076 2214 1443 2284 ἀνθρωπείαν,
1502 2217 1596 2269 καὶ
1624 2216 1693 2285 ἢν
1722 2217 1852 2285 ἡμῖν
1877 2218 1989 2271 ἐνέ-

433 2298 658 2369 θηκενὴ
700 2300 924 2371 σπουδὴ,
954 2302 1238 2356 καλεῖσθαι
1298 2304 1497 2373 μᾶλλον
1552 2306 1661 2357 ἀπὸ
1712 2307 1913 2375 ταύτης
1953 2308 1987 2378 ἢ

432 2392 645 2460 ἰκείνης
675 2393 821 2455 εἰκὸς
861 2392 927 2447 ἂν
955 2396 1062 2462 εἴη.
1111 2394 1377 2465 Καθάπερ
1424 2398 1532 2467 γὰρ
1553 2398 1615 2450 οὐ
1647 2398 1755 2453 τῶν
1795 2399 1991 2462 ἔξωθέν

435 2485 599 2549 ἐσμεν
630 2483 908 2555 ἐπώνυμοι
938 2486 1031 2538 καὶ
1065 2486 1176 2540 τῶν
1209 2487 1526 2559 ἀλλοτρίων,
1560 2491 1666 2543 ἀπὸ
1688 2491 1746 2542 δὲ
1781 2494 1888 2545 τῶν
1917 2492 1994 2545 oi-

442 2572 624 2637 κείων,
657 2574 748 2625 καὶ
770 2575 915 2643 άπερ
946 2575 1104 2644 ἡμῶν
1128 2574 1304 2629 ἔνεστι
1328 2580 1392 2646 τῇ
1421 2576 1601 2646 φύσει,
1637 2582 1732 2631 καὶ
1762 2580 1993 2633 διατίθε-

435 2660 557 2712 σθαι
579 2662 672 2713 καὶ
689 2661 971 2716 καλεῖσθαι
1000 2665 1287 2734 συμϐαίνει
1338 2666 1420 2736 (οὐ
1446 2665 1555 2736 γὰρ
1582 2669 1614 2735 ἡ
1646 2668 1791 2719 οἰκία
1814 2668 1908 2721 καὶ
1932 2668 1994 2721 τὸ

438 2752 653 2820 ἱμάτιον
670 2755 807 2824 πρὸς
833 2755 992 2808 τοῦτο
1016 2756 1047 2826 ἦ
1066 2758 1244 2813 ἐκεῖνο
1262 2758 1325 2810 τὸ
1345 2753 1477 2829 ἦθος
1502 2759 1759 2812 πλάσειεν
1783 2759 1994 2825 ἂν,ούδ’

436 2842 501 2896 ἂν
532 2848 793 2913 πονηρίας
823 2848 855 2918 ἢ
890 2848 1088 2917 ἀρετῆς
1122 2848 1385 2919 ὀνόματος
1445 2850 1746 2920 μεταδοῖεν)
1777 2868 1792 2885 ο
1853 2851 1996 2905 οὕτω

436 2935 549 2987 τῶν
566 2937 784 2989 οἰκείων
823 2938 1004 2992 αὐτῶν
1035 2942 1219 2993 ἐκεῖνα
1249 2941 1521 3010 διατίθησι
1551 2944 1752 3013 μᾶλλον
1776 2944 1870 2997 καὶ
1897 2944 1996 3011 τὴν

436 3025 757 3093 ἐπωνυμίαν
785 3030 1020 3081 ποιεῖται
1049 3028 1257 3101 κοινὴν,
1296 3029 1333 3085 ἃ
1368 3032 1572 3099 μᾶλλον
1604 3035 1849 3103 ἡμέτερα
1874 3049 1891 3066 ο
1928 3036 1996 3088 τά

2091 559 2166 610 tio
2198 558 2267 613 "'.
2293 556 2409 611 Tali
2440 559 2587 611 extim
2620 558 2855 611 maxime
2900 558 3065 611 modo
3097 558 3201 611 hoc
3233 557 3413 626 ipsum
3442 556 3676 621 sanctis,

2088 663 2282 716 nempe
2340 648 2526 703 beatos
2576 659 2629 702 et
2678 658 2899 702 sanctos
2953 663 3113 713 esse,
3174 647 3481 716 contingit,
3533 648 3677 715 quod

2089 741 2246 793 adest
2270 739 2377 793 illis
2406 749 2630 795 sanctus
2652 749 2705 794 et
2731 741 2946 803 beatus,
2975 750 3197 808 propter
3226 753 3390 807 quem
3423 754 3489 793 ex
3528 754 3677 792 mor-

2092 831 2199 884 tuis
2230 831 2494 897 viventes,
2524 846 2589 885 ex
2619 832 2801 885 stultis
2831 831 3128 900 sapientes,
3164 846 3225 884 ex
3262 830 3434 884 servis
3470 830 3676 898 impro-

2089 922 2174 977 bis
2221 930 2384 990 atque
2426 923 2677 978 scelestis
2725 924 2900 977 sancti
2924 921 3123 990 etjusti
3150 920 3678 990 cvadunt.Aseipsis

2102 1028 2363 1082 namque,
2414 1022 2467 1067 et
2521 1017 2756 1068 humana
2793 1023 2986 1068 natura
3039 1013 3331 1080 studioque
3384 1014 3521 1066 nihil
3572 1013 3678 1068 illis

2093 1104 2431 1173 suppeditat,
2482 1108 2624 1160 unde
2675 1108 2893 1174 proprie
2940 1106 3020 1159 sic
3050 1105 3425 1173 appellentur,
3479 1104 3571 1158 sed
3623 1112 3679 1158 et

2096 1194 2271 1248 sancti
2303 1194 2561 1248 dicuntur
2582 1203 2803 1263 prOpter
2823 1203 3099 1257 sanctum,
3131 1204 3186 1249 et
3211 1194 3343 1265 justi
3383 1204 3435 1248 et
3462 1196 3681 1263 sapien-

2091 1292 2173 1339 tes
2208 1297 2429 1355 propter
2483 1298 2605 1340 eum
2647 1286 2739 1355 qui
2788 1301 2912 1340 cum
2938 1287 3072 1355 ipsis
3111 1297 3195 1341 est
3228 1287 3439 1356 justum
3503 1297 3557 1341 et
3595 1302 3681 1340 sa-

2089 1377 2347 1445 pientem.
2393 1380 2458 1433 Et
2492 1378 2761 1444 absolute,
2795 1380 2841 1433 si
2889 1381 3012 1448 quis
3067 1394 3193 1432 vere
3244 1381 3382 1433 inter
3429 1379 3679 1433 homines

2090 1485 2288 1540 magna
2342 1471 2457 1526 haec
2509 1479 2565 1526 et
2612 1472 2921 1527 veneranda
2973 1471 3162 1525 audire
3193 1471 3389 1541 dignus
3417 1480 3519 1535 est,
3555 1471 3679 1525 inde

2091 1564 2211 1617 haec
2266 1572 2630 1634 cognomenta
2690 1564 3014 1640 adipiscitur
3050 1566 3077 1617 ':
3116 1565 3410 1634 praesertim
3456 1564 3678 1634 quando

2089 1654 2410 1719 domestica,
2435 1665 2488 1709 et
2515 1671 2638 1725 quae
2662 1656 2731 1710 ab
2761 1656 2868 1710 illis
2892 1665 3153 1725 pratstare
3181 1664 3429 1723 possunt,
3466 1662 3676 1707 tantum

2091 1748 2246 1801 abest
2273 1756 2333 1801 ut
2359 1746 2541 1815 justos
2592 1763 2686 1802 eos
2716 1763 2781 1802 ac
2810 1750 3088 1817 sapientes
3113 1747 3324 1801 edicere
3358 1756 3585 1816 queant,
3621 1757 3680 1799 ut

2094 1837 2311 1890 illorum
2338 1838 2551 1906 justitia
2599 1854 2748 1893 mera
2793 1838 3138 1908 improbitas,
3178 1849 3233 1892 et
3259 1839 3527 1907 sapientia
3570 1838 3683 1890 evi-

2089 1926 2225 1979 dens
2247 1928 2477 1982 stultitia
2504 1929 2595 1983 sit.
2623 1928 2851 1993 Deinde,
2894 1931 2995 1985 etsi
3024 1930 3201 1983 virtus
3248 1930 3498 1998 inprimis
3523 1945 3681 1983 vene-

2089 2017 2288 2071 rabiles
2338 2018 2589 2073 redderet
2636 2028 2691 2073 et
2754 2028 2996 2085 ornaret,
3056 2020 3315 2089 quoniam
3369 2028 3548 2073 tamen
3590 2019 3678 2088 ju-

2094 2109 2331 2187 stitiam,
2363 2119 2419 2165 et
2456 2110 2786 2180 sapientiam
2811 2126 2935 2180 qua:
2972 2127 3037 2166 ex
3069 2109 3181 2166 Deo
3219 2121 3322 2177 est,
3360 2111 3681 2165 familiarius

2091 2211 2145 2257 et
2171 2203 2474 2259 studiosius
2520 2205 2904 2274 amplectimur
2937 2220 3101 2275 quam
3135 2205 3456 2269 humanam,
3492 2206 3559 2258 ab
3591 2205 3679 2257 illa

2091 2296 2274 2364 potius
2330 2311 2497 2366 quam
2550 2298 2621 2351 ab
2669 2299 2771 2352 ista
2824 2297 3099 2352 nominari
3145 2312 3248 2353 nos
3296 2298 3472 2352 decet.
3527 2294 3682 2351 Sicul

2090 2385 2234 2438 enim
2258 2401 2362 2439 non
2384 2386 2453 2441 ab
2480 2387 2756 2442 extraneis
2771 2396 2826 2441 et
2841 2387 3037 2442 alienis
3053 2403 3249 2442 nomen
3274 2388 3567 2450 trahimus,
3588 2389 3680 2442 sed

2093 2490 2123 2530 a
2152 2477 2411 2544 propriis,
2443 2488 2498 2532 et
2530 2478 2587 2532 in
2622 2488 2817 2533 natura
2850 2489 3042 2534 nostra
3069 2480 3272 2547 insitis,
3308 2489 3363 2534 et
3419 2480 3682 2533 allicinnu-

2093 2574 2148 2621 et
2178 2581 2438 2621 vocamur
2465 2569 2599 2639 (non
2623 2570 2770 2624 enim
2801 2570 3024 2636 domus,
3054 2578 3148 2625 aut
3178 2572 3348 2625 vestis
3372 2570 3439 2624 ad
3468 2572 3568 2625 hos
3591 2571 3678 2622 vel

2098 2659 2222 2714 illos
2271 2673 2453 2716 mores
2505 2674 2605 2717 nos
2639 2661 2892 2730 ﬁnxerit;
2925 2677 3105 2734 neque
3148 2663 3265 2718 vitii
3316 2673 3412 2719 aut
3463 2664 3681 2718 virtutis

2094 2766 2293 2806 nomen
2336 2754 2602 2825 imponat)
2654 2771 2669 2809 :
2723 2756 2795 2809 ita
2854 2756 2945 2811 illa
2996 2756 3179 2811 divina
3239 2758 3416 2827 magis
3471 2758 3683 2811 animos

2097 2852 2318 2899 nostros
2351 2854 2679 2918 temperant,
2728 2856 2782 2901 et
2836 2861 3037 2902 nomen
3085 2862 3381 2903 commune
3420 2848 3679 2913 eﬂiciunt,

2095 2951 2220 3006 quae
2265 2937 2441 3007 magis
2488 2947 2677 2993 nostra
2712 2947 2859 2993 sunt.
2902 2938 3034 3005 Quae
3075 2950 3257 2995 autem
3301 2951 3427 2995 sunt
3456 2942 3681 3006 Christi,

2099 3038 2282 3083 nostra
2335 3031 2507 3098 magis
2560 3040 2710 3093 sunt,
2751 3046 2916 3101 quam
2964 3042 3153 3088 nostra
3187 3033 3452 3100 ipsorum.
3488 3032 3682 3089 Nostra

433 3115 491 3166 δὲ
512 3116 603 3168 τοῦ
629 3118 867 3187 Χριστοῦ
896 3120 1140 3189 ἡμέτερα
1166 3120 1368 3191 μᾶλλον
1405 3121 1552 3193 ἤπερ
1584 3125 1653 3177 τὰ
1687 3125 1847 3195 ἡμῶν
1892 3126 1993 3179 αὺ-

2100 3132 2227 3175 sunt
2250 3120 2418 3187 enim,
2448 3123 2575 3190 quia
2605 3123 2868 3189 membra,
2897 3130 2952 3179 et
2978 3122 3073 3179 ﬁlii
3109 3124 3236 3178 facti
3274 3139 3493 3188 sumus,
3524 3128 3685 3194 eique

434 3208 568 3260 τῶν.
593 3210 777 3261 Οίκεῖα
807 3208 908 3278 μὲν
932 3211 1062 3280 γὰρ,
1096 3212 1178 3264 ὅτι
1212 3212 1350 3281 μέλη
1378 3216 1474 3267 καὶ
1505 3215 1613 3269 υἱοὶ
1650 3216 1993 3285 καθέσταμεν

436 3302 531 3353 καὶ
569 3302 771 3369 σαρκὸς
804 3304 900 3355 καὶ
939 3304 1170 3374 αἵματος
1214 3307 1309 3360 καὶ
1342 3306 1653 3377 πνεύματος
1683 3310 1834 3379 αὐτῷ
1882 3328 1999 3364 κοι-

436 3393 740 3464 νωνοῦμεν,
797 3394 981 3462 ἔγγιον
1029 3397 1085 3450 δὲ
1131 3399 1264 3467 ἡμῖν
1301 3398 1362 3452 οὐ
1386 3399 1632 3453 τῶνάπὸ
1664 3401 1764 3469 τῆς
1820 3402 1994 3473 ἀσκή-

431 3502 573 3549 σεως
606 3487 787 3555 μόνον,
828 3487 943 3541 ἀλλ’
978 3488 1079 3560 ἠδη
1104 3491 1201 3543 καὶ
1225 3491 1335 3544 τῶν
1364 3489 1481 3545 ἀπὸ
1518 3493 1614 3561 τῆς
1644 3492 1859 3559 φύσεως
1899 3511 1997 3547 πε-

438 3578 828 3648 ριγενομένων,
858 3580 942 3632 ὅτι
984 3580 1414 3650 συγγενέστερος
1472 3583 1604 3654 ἡμῖν
1650 3582 1866 3653 ἐδείχθη
1903 3584 1997 3636 καὶ

434 3671 546 3722 τῶν
574 3671 983 3739 γεγεννηκότων
1014 3672 1221 3726 αὐτῶν.
1252 3671 1355 3725 Διά
1406 3674 1578 3725 ταῦτα
1612 3674 1717 3743 γὰρ
1746 3676 1870 3727 οὐδὲ
1898 3674 1998 3744 τὴν

432 3746 779 3830 ἀνθρωπείαν
798 3763 1108 3831 εἰσενέγκαι
1139 3763 1480 3831 φιλοσοφίαν,
1513 3764 1634 3817 οὐδὲ
1676 3767 1839 3835 μέχρι
1867 3767 1996 3820 τού-

434 3872 545 3907 των
575 3856 765 3924 στῆναι
794 3856 901 3908 τῶν
940 3855 1142 3919 ἄθλων,
1177 3855 1315 3909 ἀλλά
1341 3856 1550 3926 ταύτην
1580 3857 1679 3926 μὲν
1708 3858 1873 3927 ζῆσαι
1897 3861 1997 3929 τὴν

434 3948 494 3998 ἐν
532 3945 755 4015 Χριστῷ
804 3945 950 4015 ζωὴν
1005 3946 1103 4017 τὴν
1161 3947 1380 4016 καινὴν,
1419 3948 1637 4018 ἐκείνην
1692 3949 1747 4002 δὲ
1796 3951 2001 4004 ἐπιδεί-

435 4038 631 4104 ξασθαι
654 4037 751 4108 τὴν
787 4037 1135 4107 δικαιοσύνην
1168 4038 1423 4109 ὑπόχρεῳ
1468 4040 1819 4109 καθέσταμεν
1856 4045 1995 4097 πάνθ

441 4141 550 4186 τες.
583 4126 694 4177 Οὐκ
727 4126 794 4179 ἂν
851 4129 900 4179 εἰ
946 4130 1021 4197 μὴ
1054 4129 1227 4199 ταύτῃ
1271 4129 1625 4200 προσήκομεν
1661 4133 1868 4199 μᾶλλον
1906 4136 2001 4187 καὶ

440 4216 801 4286 διαφερόντως
841 4220 977 4290 πρὸς
1010 4221 1168 4291 ἡμῶν
1212 4217 1314 4289 ἦν·
1343 4221 1431 4275 διὰ
1482 4223 1640 4277 τοῦτο
1694 4226 1801 4297 γὰρ
1851 4246 1867 4276 ι
1911 4210 2003 4297 Τῷ

439 4307 657 4377 Χριστῴ
703 4312 1090 4381 συνετάφημεν
1120 4313 1207 4367 διὰ
1242 4313 1339 4365 τοῦ
1375 4313 1773 4386 βαπτίσματος,
1822 4319 1908 4372 ἵνα
1938 4322 1997 4373 ὲν

437 4402 717 4469 καινότητι
749 4401 892 4471 ζωῆς
952 4406 1443 4476 περιπατήσωμεν,
1480 4426 1499 4459 ι
1535 4411 1629 4461 καὶ
1662 4412 1797 4480 πρὸς
1830 4412 2000 4480 Τιμό-

440 4492 560 4543 θεον
591 4510 607 4541 ι
632 4494 945 4557 Ἐπιλαὸοῦ,
977 4499 1110 4565 φησι
1136 4498 1368 4562 Παῦλος,
1395 4499 1494 4570 τῆς
1520 4502 1741 4555 αἰωνίου
1776 4504 1940 4573 ζωῆς,
1978 4524 1996 4557 ›

442 4584 536 4633 καὶ
572 4600 588 4632 ι
612 4582 832 4635 Γίνεσθε
854 4583 999 4651 ἅγιοι
1023 4586 1166 4639 κατὰ
1193 4587 1283 4639 τὸν
1320 4589 1622 4644 καλέσαντα
1646 4592 1800 4661 ἅγιον
1825 4608 1839 4623 ⁸
1856 4613 1875 4646 ι
1912 4596 2005 4648 καὶ

450 4693 467 4725 ι
502 4674 723 4727 Γίνεσθε
766 4678 1134 4748 οἰκτίρμονες,
1198 4682 1260 4733 ού
1308 4683 1400 4735 τὸν
1447 4684 1597 4736 ἔλεον
1647 4686 1739 4738 τὸν
1793 4688 2007 4758 ἀνθρώ-

442 4784 616 4833 πειον,
654 4768 792 4823 ἀλλὰ
841 4770 1024 4833 καθὼς
1077 4772 1171 4825 καὶ
1200 4776 1227 4826 ὁ
1256 4774 1443 4845 Πατὴρ
1504 4777 1661 4846 ὑμῶν
1707 4779 2006 4849 οίκτίρμων

438 4860 597 4912 ἐστί·
635 4879 655 4911 ι
726 4861 823 4915 καὶ
878 4878 896 4911 ι
946 4862 1221 4929 ’Δγαπᾶτε
1282 4866 1567 4937 ἀλλήλους,
1641 4870 1823 4935 καθὼς
1894 4872 2005 4940 ἐγὼ

439 4951 701 5021 ἠγάπησα
779 4953 947 5021 ὑμᾶς.
1011 4971 1030 5005 ι
1086 4948 1159 5025 ’ᾯ
1199 4956 1404 5026 φίλτρῳ
1461 4958 1672 5021 Παῦλος
1735 4963 1908 5030 ἐφίλει
1946 4966 2003 5016 ὲν

440 5045 775 5113 σπλάγχνοις
818 5044 995 5114 Ἰησοῦ
1046 5045 1323 5116 Χριστοῦ·
1379 5049 1503 5101 ὅθεν
1578 5053 1673 5105 καὶ
1735 5055 1763 5105 ὁ
1810 5053 2002 5125 Σωτὴρ

437 5135 599 5197 αὐτὸς
646 5135 774 5197 τοὺς
831 5136 1079 5206 μαθητὰς
1143 5138 1366 5208 είρὴνην
1414 5139 1571 5208 ἄγειν
1632 5142 1873 5197 κελεύων
1904 5147 2006 5198 αὐ.

438 5228 537 5294 τὴν
560 5227 836 5297 ἐντίθησιν
866 5231 1049 5293 αὐτοῖς
1074 5231 1175 5300 τὴν
1205 5232 1433 5302 είρήνην
1460 5232 1559 5302 τὴν
1587 5235 1785 5287 ἑαυτοῦ
1810 5254 1823 5267 ⁸
1863 5256 1882 5290 ι
1917 5240 2004 5291 El-

441 5318 612 5388 ρήνην
673 5320 802 5388 γὰρ,
840 5321 999 5390 φησι,
1051 5322 1150 5392 τὴν
1209 5323 1349 5394 ἐμὴν
1412 5325 1606 5395 δίδωμι
1658 5328 1808 5396 ὑμῖν,
1846 5349 1863 5381 ι
1913 5334 2008 5385 καὶ¹

439 5409 579 5478 πρὸς
609 5411 702 5463 τὸν
733 5412 952 5481 Πατέρα
989 5431 1006 5462 ι
1043 5412 1181 5479 Ἵνα,
1212 5416 1400 5484 φησὶν,
1431 5417 1464 5487 ἡ
1512 5419 1723 5487 ἀγάπη,
1772 5421 1838 5489 ἢν
1868 5422 2010 5489 ἠγά-

437 5502 617 5572 πησάς
652 5521 743 5573 με,
776 5508 833 5558 ἐν
860 5507 1041 5569 αὐτοῖς
1169 5526 1187 5560 ι
1220 5510 1331 5563 Καὶ
1355 5511 1497 5574 ὅλως
1531 5512 1783 5583 καθάπερ
1817 5515 1849 5582 ἡ
1886 5515 2009 5582 γέν-

504 5714 554 5746 ⁷⁹
585 5713 605 5767 1
632 5713 758 5770 Cor.
786 5730 827 5776 ι,
863 5714 956 5771 50.

2104 3226 2292 3277 carne,
2318 3215 2586 3283 sanguine
2608 3220 2664 3268 et
2686 3214 2882 3283 spiritu
2915 3214 3412 3271 communicamus.
3449 3214 3683 3285 Propius

2059 3363 2076 3389 ο
2106 3314 2286 3358 autem
2322 3315 2509 3359 nostra
2538 3321 2646 3361 non
2672 3307 2741 3362 its
2771 3316 2981 3362 tantum
3008 3323 3130 3378 quae
3161 3309 3230 3362 ab
3267 3309 3679 3373 exercitatione,

2108 3400 2202 3454 sed
2231 3397 2345 3465 jam
2375 3399 2538 3453 etiam
2577 3400 2645 3454 iis
2672 3415 2797 3468 quae
2831 3415 2861 3455 a
2891 3409 3085 3454 natura
3134 3400 3397 3468 veniunt;
3432 3402 3683 3471 quando-

2108 3489 2346 3557 quidem,
2400 3499 2459 3543 ut
2510 3490 2825 3555 docuimus,
2879 3489 3111 3545 interior
3161 3491 3320 3546 nobis
3374 3507 3498 3545 cum
3561 3495 3682 3561 ipso

2104 3595 2272 3650 quam
2307 3595 2431 3634 cum
2464 3582 2785 3650 parentibus
2810 3583 3066 3651 cognatio
3106 3591 3208 3638 est.
3255 3582 3367 3638 llac
3407 3585 3474 3639 de
3517 3600 3679 3639 causa

2113 3686 2216 3726 nec
2259 3672 2553 3725 humanam
2601 3673 3004 3743 philosophiam
3039 3674 3267 3742 invenit,
3302 3690 3402 3730 nec
3449 3676 3681 3731 istorum

2111 3763 2472 3817 certaminum
2515 3774 2679 3818 tenus
2724 3779 2825 3819 nos
2853 3765 3110 3835 progredi
3161 3766 3353 3830 voluit,
3404 3768 3497 3822 sed
3542 3769 3682 3824 hanc

2111 3856 2164 3908 in
2214 3854 2434 3910 Christo
2468 3855 2631 3931 vitam
2682 3869 2879 3908 novam
2920 3858 3126 3921 vivere,
3156 3867 3211 3912 et
3250 3858 3395 3911 illam
3427 3858 3684 3912 exhibere

2107 3943 2373 4013 justitiam
2403 3945 2707 4014 obligamur
2733 3958 2927 3998 omnes
2953 3960 2968 3999 :
2999 3944 3143 4013 quod
3178 3960 3285 4000 non
3323 3945 3541 4001 fecisset
3574 3948 3679 4001 nisi

2114 4037 2227 4089 haec
2257 4038 2366 4089 vita
2414 4035 2571 4089 nobis
2617 4035 2756 4089 foret
2783 4035 2981 4111 aptior,
3011 4034 3297 4105 ofﬁcioque
3330 4047 3517 4092 nostro
3546 4052 3685 4105 prae-

2114 4131 2259 4181 clare
2283 4128 2625 4180 conveniret.
2658 4124 2740 4180 0b
2781 4126 2885 4180 hoc
2916 4128 3061 4181 enim
3098 4142 3111 4179 :
3148 4143 3167 4177 ι
3200 4126 3416 4180 Christo
3462 4141 3558 4196 per
3588 4128 3686 4180 ba-

2114 4222 2375 4291 ptismum
2449 4215 2750 4289 consepulti
2820 4234 3044 4283 sumus,
3111 4230 3171 4277 ut
3248 4222 3490 4275 novitate
3561 4224 3685 4275 vita:

2115 4316 2460 4369 ambulemus
2482 4314 2550 4366 °°.
2584 4332 2603 4365 ι
2635 4313 2700 4365 Et
2729 4315 2798 4367 ad
2830 4312 3176 4367 Timotheum
3213 4331 3228 4368 :
3264 4331 3282 4366 ι
3313 4313 3687 4383 Appreheudit

2112 4409 2278 4463 vitam
2311 4416 2567 4461 aeternam
2592 4406 2660 4458 ⁸⁸.
2688 4423 2707 4457 ι
2733 4405 2797 4458 Ει
2825 4420 2840 4458 :
2877 4422 2897 4455 ι
2929 4404 3115 4461 Estote
3146 4406 3343 4471 sancti,
3377 4407 3529 4477 juxta
3560 4423 3682 4460 eum

2109 4500 2202 4571 qui
2222 4501 2553 4554 vocavitvos
2577 4509 2801 4552 sanctus
2824 4498 2893 4551 ".
2918 4516 2939 4549 ›
2965 4497 3065 4552 Et:
3096 4516 3113 4549 ι
3145 4497 3545 4565 Misericordes,
3576 4514 3683 4553 non

2106 4592 2484 4647 misericordia
2559 4591 2832 4652 humana,
2894 4591 2986 4643 sed
3031 4606 3051 4639 ι
3101 4590 3245 4645 sicut
3290 4588 3451 4643 Pater
3506 4602 3685 4646 vester

2104 4685 2343 4739 cwlestis
2371 4682 2685 4737 misericors
2715 4691 2793 4735 est
2823 4680 2889 4733 ⁸³.
2922 4698 2941 4731 ι
2974 4682 3038 4734 Et
3076 4698 3091 4736 :
3126 4679 3395 4747 nDiligite
3428 4681 3682 4745 invicem,

2105 4778 2248 4833 sicut
2283 4790 2381 4844 ego
2408 4775 2572 4831 dilexi
2607 4787 2703 4826 vos
2722 4772 2793 4835 ⁸⁸,
2826 4790 2845 4823 ι
2880 4784 2989 4839 quo
3015 4785 3201 4824 amore
3237 4770 3440 4825 Paulus
3468 4772 3679 4839 dilexit,

2110 4887 2131 4921 ι
2162 4870 2216 4922 ln
2239 4868 2543 4923 visceribus
2563 4864 2689 4919 Jesu
2711 4864 2911 4918 Christi
2930 4864 2998 4915 ⁸⁸.
3024 4882 3043 4914 ›
3068 4861 3220 4917 Unde
3236 4864 3551 4918 ctSaIvator
3571 4867 3687 4932 ipse

2106 4963 2406 5030 discipulos
2434 4974 2619 5029 pacem
2651 4956 3095 5028 agitarejubens,
3125 4949 3280 5010 suam
3305 4958 3474 5026 ipsius
3496 4973 3683 5027 pacem

2109 5057 2218 5111 illis
2252 5028 2517 5109 immisit.
2571 5053 2662 5105 Ait
2706 5051 2853 5105 enim
2903 5066 2918 5103 :
2966 5065 2985 5099 ι
3037 5047 3228 5102 Pacem
3267 5065 3441 5103 meam
3488 5051 3558 5105 do
3589 5067 3685 5104 vo-

2110 5151 2193 5205 bis
2216 5128 2286 5202 “.
2321 5165 2342 5199 ι
2366 5145 2514 5200 Etad
2542 5142 2783 5206 Patrem,
2838 5158 2857 5192 ι
2891 5139 2979 5207 Ut,
3005 5141 3204 5209 inquit,
3225 5141 3442 5196 dilectio
3468 5157 3572 5211 qua
3597 5140 3684 5194 di-

2111 5238 2291 5297 lexisti
2333 5252 2441 5301 me,
2494 5235 2548 5290 in
2588 5234 2721 5304 ipsis
2753 5233 2826 5288 sit
2866 5232 2933 5286 ⁸⁷.
2977 5250 2996 5283 ›
3033 5232 3099 5286 Ει
3141 5233 3302 5301 plane
3342 5235 3482 5287 sicut
3524 5247 3685 5301 gene-

2106 5333 2247 5388 ratio
2275 5330 2457 5385 divina
2492 5328 2764 5398 quaedam,
2801 5334 2856 5380 et
2888 5340 3050 5395 supra
3073 5334 3323 5380 naturam
3364 5336 3466 5394 est,
3520 5326 3600 5380 sic
3629 5334 3683 5380 et

2107 5424 2241 5485 vita,
2316 5427 2371 5474 et
2424 5419 2643 5473 vivendi
2698 5417 3033 5482 institutum,
3088 5426 3142 5472 et
3211 5418 3574 5487 philosophia,
3628 5427 3684 5471 et

2105 5516 2289 5571 omnia
2341 5514 2478 5577 hac,
2523 5526 2662 5567 nova
2710 5522 2765 5568 et
2813 5511 3117 5581 spiritualia
3168 5518 3312 5564 sunt.
3357 5512 3537 5580 Atque
3580 5509 3684 5565 hoc

1062 5715 1109 5787 ‘9
1140 5713 1303 5787 illam.
1338 5730 1412 5778 vr,
1445 5718 1499 5773 4.
1576 5718 1616 5750 ⁶¹
1654 5719 1669 5773 l
1705 5719 1847 5776 Tim.
1882 5740 1953 5783 vi.

2172 5721 2273 5776 "l
2314 5719 2463 5774 Petr.
2524 5734 2566 5785 ι,
2616 5719 2707 5783 15ς
2751 5716 2921 5774 Levit.
2989 5735 3104 5783 xu,
3142 5722 3194 5776 Ξ.
3272 5721 3321 5753 ⁸³
3350 5721 3486 5779 Luc.
3520 5738 3598 5787 vt,
3623 5722 3677 5777 5.

430 5781 479 5813 ”
518 5781 677 5840 Joan.
709 5801 824 5850 vui,
856 5786 944 5841 54.
978 5785 1025 5817 ⁸⁵
1057 5785 1288 5856 Philipp.
1320 5801 1358 5852 ι,
1399 5787 1454 5842 8.
1527 5790 1572 5821 ³⁸
1604 5790 1760 5845 Joan.
1791 5809 1902 5860 xiv,
1942 5781 1994 5850 Ξ(

2109 5795 2154 5827 ⁸⁷
2179 5794 2309 5849 ib‘d.
2341 5790 2431 5844 27.
