4036 6442
489 333 596 396 615

1721 328 2036 392 NICOLAI
2075 328 2462 390 CABASIL.’E

3613 334 3706 399 616

494 445 808 516 signiﬁcans
854 444 1109 499 Salvator
1154 442 1474 512 Nicodemo,
1512 463 1530 496 ι
1573 442 1729 510 Quod
1773 455 1959 496 natum
1989 449 2067 495 est

2177 457 2334 510 νησις
2396 439 2517 493 θεία
2567 438 2651 502 τίς
2707 440 2823 492 ἐστι
2878 439 2974 492 καὶ
3037 438 3349 512 ὑπερφυὴς,
3395 438 3529 495 οὕτω
3573 445 3712 515 καὶὴ

490 555 557 595 ex
591 538 805 608 spiritu,
832 538 1031 606 inquit,
1055 537 1279 606 spiritus
1304 543 1387 592 est
1411 537 1480 589 ⁸⁸.
1522 555 1540 589 ι
1574 535 1728 590 Unde
1755 546 1810 590 et
1839 533 2062 600 Paulus,

389 661 404 672 κ
499 649 518 682 ι
555 629 622 685 Ut
653 630 897 684 inveniar
930 629 982 681 in
1015 629 1126 689 illo,
1159 643 1262 682 non
1304 629 1514 682 habens
1545 642 1723 681 meam
1768 626 2063 696 justitiam,

492 738 611 792 quae
643 738 706 776 ex
752 722 867 789 lege
893 730 976 774 est
1003 737 1016 773 :
1045 719 1137 774 sed
1175 734 1293 787 qua:
1323 735 1388 774 ex
1423 720 1526 772 fide
1551 727 1636 772 est
1661 717 1790 772 Jesu
1832 717 2063 782 Christi,

493 829 613 882 qua,
656 828 721 866 ex
767 812 877 866 Deo
905 820 1010 874 est,
1039 811 1254 880 justiiia
1301 811 1356 864 in
1388 810 1496 865 fide
1521 811 1592 864 θ’.
1636 828 1654 862 ι
1687 812 1857 864 Docet
1885 816 2064 862 autem

494 908 800 975 Scriptura,
840 905 981 959 hanc
1027 919 1148 958 esse
1179 905 1384 974 regiam
1413 914 1618 958 vestem
1657 923 1670 958 :
1706 919 1830 957 nam
1877 911 2066 958 nostra

493 997 710 1051 servilia
762 1004 914 1051 sunt.
959 995 1214 1050 Libertas
1242 1011 1405 1066 porro
1435 1006 1488 1050 et
1532 1010 1782 1064 regnum,
1815 995 1882 1050 ad
1919 995 2065 1064 quod

488 1087 855 1142 festinandum
884 1096 996 1151 est,
1011 1089 1286 1157 quomodo
1310 1102 1592 1142 servorum
1621 1087 1842 1156 praemia
1866 1085 2067 1141 erunt?

499 1191 672 1245 neque
707 1179 852 1230 enim
902 1192 1067 1244 regno
1117 1177 1262 1246 digni
1309 1177 1672 1246 apparebunt,
1717 1177 1763 1232 si
1795 1177 1929 1230 nihil
1960 1176 2064 1231 nisi

489 1282 774 1321 servorum
810 1269 1066 1321 virtutem
1095 1269 1469 1336 prwstiterint.
1501 1266 1658 1321 Sicut
1693 1269 1838 1321 enim
1878 1288 1894 1317 ο
1943 1282 2066 1322 cor-

488 1360 668 1426 ruptio
734 1359 1205 1428 incorruptionem
1274 1374 1383 1413 non
1448 1359 1787 1428 possidebit,
1852 1365 2068 1428 oportet

485 1463 667 1506 autem
704 1453 1062 1522 corruptibile
1095 1453 1197 1506 hoc
1221 1452 1447 1506 induere
1481 1452 1975 1521 incorruptionem,
2011 1459 2066 1506 et

487 1543 714 1597 mortale
735 1545 837 1596 hoc
858 1543 1080 1596 induere
1106 1542 1568 1596 immortalitatem
1587 1543 1632 1576 ’°
1655 1559 1670 1596 :
1696 1561 1714 1594 ι
1742 1543 1811 1597 ita
1837 1557 1938 1596 nec
1953 1557 2070 1597 ser-

490 1650 676 1690 verum
700 1649 862 1703 opera
883 1635 947 1686 ad
972 1649 1195 1703 regnum
1218 1633 1348 1686 illud
1371 1633 1530 1688 nobis
1547 1641 1753 1703 queant
1774 1633 2064 1698 sufficere;

487 1727 580 1780 sed
602 1725 816 1793 iustitia
833 1741 897 1778 ex
929 1726 1038 1778 Deo
1057 1725 1375 1792 requiritur.
1395 1725 1674 1779 llaeredem
1695 1725 1841 1779 enim
1857 1733 2067 1793 oportet

491 1831 612 1869 esse
635 1816 827 1880 filium,
847 1832 953 1870 non
975 1831 1195 1870 servum
1219 1835 1232 1871 :
1261 1835 1280 1867 ι
1310 1816 1512 1870 Servus
1535 1816 1700 1881 enim,
1728 1817 1924 1883 inquit,
1958 1831 2066 1869 non

488 1907 736 1960 manetin
754 1909 915 1960 domo
935 1908 986 1959 in
1007 1916 1290 1973 internum;
1305 1907 1446 1962 filius
1460 1917 1636 1961 autem
1654 1917 1837 1962 manet
1853 1909 2073 1960 inanter-

492 2013 616 2050 num
640 1999 706 2050 “.
757 2015 776 2048 ι
811 1997 1177 2061 Quamobrem
1209 2012 1653 2066 unumquemque
1672 2012 1860 2050 eorum
1881 1997 1976 2066 qui
2001 1995 2070 2050 ad

491 2090 632 2142 hanc
666 2087 1032 2143 hereditatem
1057 2089 1382 2142 cernendam
1405 2099 1692 2153 venerunt,
1715 2086 1868 2156 prius
1889 2085 2072 2156 abjec«

487 2175 544 2234 la
574 2182 889 2236 conditione
902 2182 1067 2247 servi,
1082 2182 1251 2235 tilium
1269 2197 1329 2236 se
1347 2181 1634 2236 ostendere
1656 2187 1868 2250 oportet
1889 2195 1903 2243 ;
1922 2175 2070 2248 quod

491 2280 575 2326 est
596 2269 852 2333 formam,
878 2281 932 2325 et
959 2269 1153 2324 faciem
1189 2268 1463 2339 Unigeniti
1515 2270 1754 2333 indutos,
1809 2285 1931 2324 cum
1966 2269 2070 2323 hoc

492 2365 692 2418 decore
715 2373 768 2417 et
797 2363 1066 2433 elegantia
1097 2361 1341 2417 Genitori
1377 2378 1473 2416 nos
1500 2362 1712 2417 sistere.
1749 2361 1815 2416 Et
1843 2361 1946 2415 hoc
1985 2368 2070 2415 est

491 2469 522 2508 a
555 2455 692 2510 Filio
723 2455 818 2510 Dei
847 2455 995 2508 omni
1030 2455 1292 2510 servitute
1319 2455 1560 2520 liberari,
1593 2469 1830 2523 vereque
1867 2453 2068 2508 liberos

489 2561 645 2614 esse;
693 2547 840 2615 quod
880 2545 1083 2601 Judaei:
1105 2546 1386 2601 Christum
1425 2547 1610 2602 dicere
1636 2545 1872 2600 voluisse
1907 2546 2068 2600 intel-

486 2637 615 2708 lige,
651 2653 776 2692 cum
819 2639 952 2692 dicit
1000 2656 1014 2692 :
1070 2654 1090 2689 ι
1132 2638 1188 2692 Si
1217 2637 1386 2692 Filius
1435 2651 1532 2692 vos
1571 2637 1901 2700 liberaverit,
1940 2652 2070 2692 vere

489 2729 647 2782 liberi
681 2727 835 2783 eritis
876 2729 945 2781 ⁹².
983 2745 1001 2779 ι
1036 2726 1256 2782 Liberat
1305 2728 1472 2791 enim,
1499 2735 1556 2782 et
1579 2726 1696 2795 -qui
1743 2727 2064 2789 servierant,

489 2821 632 2874 filios
674 2817 770 2871 Dei
819 2818 1019 2884 eflicit;
1052 2818 1314 2888 quoniam
1365 2819 1481 2886 ipse
1507 2832 1631 2871 cum
1679 2817 1751 2872 sit
1791 2815 1982 2882 Filius,
2015 2827 2070 2872 et

487 2910 632 2963 omni
667 2917 890 2976 peccato
917 2917 1095 2971 vacet,
1122 2917 1177 2962 et
1205 2921 1403 2976 corpus
1441 2908 1599 2977 ipsis,
1627 2916 1682 2962 et
1722 2909 2066 2979 sanguinem,

489 3011 542 3056 et
594 3001 872 3070 spiritum,
897 3009 954 3054 et
1000 3016 1098 3054 sua
1145 3002 1329 3055 omnia
1377 3001 1692 3055 communia
1749 2999 1902 3056 facit.
1953 2999 2069 3056 Hac

2169 532 2282 601 ζωὴ
2313 533 2410 585 καὶ
2440 533 2474 602 ἡ
2505 531 2683 585 δίαιτα
2710 532 2803 584 καὶ
2833 532 2866 600 ή
2892 531 3182 600 φιλοσοφία
3209 533 3303 585 καὶ
3348 532 3520 586 πάντα
3551 533 3712 586 ταῦτα

2168 625 2332 678 καινά
2367 626 2461 676 καὶ
2509 624 2876 693 πνευματικά.
2905 625 3013 676 Καὶ
3067 623 3228 676 τοῦτο
3255 623 3431 692 δηλῶν
3465 624 3493 676 6
3539 624 3714 694 Σωτὴρ

2166 717 2492 786 Νικοδήμῳ,
2530 733 2550 766 ι
2598 715 2670 768 Τὸ
2693 715 3093 783 γεγεννημένον
3126 715 3191 767 ἐκ
3246 714 3341 767 τοῦ
3402 715 3713 784 πνεύματος,

2168 813 2324 880 φησὶ,
2354 809 2576 878 πνεῦμά
2603 809 2742 862 ἐστι.
2775 824 2796 860 ο
2830 808 2930 861 Διὰ
2967 806 3130 860 τοῦτο
3155 808 3248 859 καὶ
3281 806 3512 871 Παῦλος,
3555 826 3573 858 ι
3611 805 3716 859 Ἰνα

2167 905 2402 972 εὑρεθῶ,
2465 903 2651 972 φησὶν,
2710 902 2766 954 ἐν
2825 900 2994 968 αὐτῷ,
3039 899 3114 970 μὴ
3168 901 3307 968 ἔχων
3361 899 3496 968 ἐμὴν
3524 900 3718 952 δικαιο-

2169 996 2334 1064 σύνην
2362 994 2462 1064 τὴν
2490 995 2556 1046 ἐκ
2584 991 2678 1046 τοῦ
2705 993 2896 1062 νόμου,
2929 992 3066 1044 ἀλλὰ
3090 991 3186 1061 τὴν
3217 991 3305 1044 διὰ
3329 991 3558 1052 πίστεως
3589 991 3713 1059 Χρι-

2170 1086 2297 1140 στοῦ
2343 1087 2440 1155 τὴν
2494 1088 2559 1138 ἐκ
2601 1083 2739 1138 Θεοῦ
2771 1083 3142 1154 δικαιοσύνην.
3183 1101 3200 1133 ι
3248 1083 3307 1135 '0
3343 1082 3399 1134 δὲ
3453 1082 3602 1148 λόγος
3638 1081 3714 1132 ὅτι

2166 1179 2325 1233 τοῦτό
2368 1181 2484 1230 ἐστι
2539 1178 2601 1231 τὸ
2654 1176 2933 1246 βασιλικὸν
2972 1177 3189 1244 ἱμάτιον
3211 1191 3224 1205 ·
3251 1176 3322 1228 τὰ
3351 1176 3454 1244 γὰρ
3485 1176 3716 1244 ἡμέτερα

2166 1271 2350 1333 δοῦλα,
2385 1267 2673 1338 ἐλευθερία
2714 1269 2771 1321 δὲ
2808 1269 2904 1321 καὶ
2930 1266 3204 1337 βασιλεία,
3262 1267 3396 1334 πρὸς
3420 1267 3484 1337 ἢν
3517 1265 3719 1330 ἐπείγε-

2170 1361 2294 1414 σθαι
2336 1361 2437 1425 δεῖ,
2493 1361 2606 1420 πῶς
2641 1359 2731 1430 [ἂν
2775 1359 2987 1428 γένοιτο
3031 1358 3352 1422 δούλωνςού
3387 1356 3518 1428 γάρ]
3551 1357 3611 1409 ἂν
3639 1355 3716 1423 εῖη

2170 1455 2448 1526 βασιλείας
2499 1453 2684 1518 ἀξίους
2735 1453 2972 1521 φανῆναι
3040 1451 3202 1505 πλέον
3254 1449 3407 1503 οὐδὲν
3451 1449 3484 1519 ἢ
3528 1448 3717 1500 δούλων

2168 1547 2369 1619 ἀρετὴν
2425 1545 2915 1612 ἐπιδειξαμένουςς
2970 1542 3238 1612 Καθάπερ
3272 1542 3381 1610 7&9
3426 1559 3444 1592 ι
3484 1542 3516 1609 ἡ
3558 1538 3722 1607 φθορὰ

2168 1639 2266 1707 τῆς
2298 1637 2602 1706 ἀφθαρσίας
2632 1636 2738 1688 ,οὐκ
2770 1634 2838 1688 ἂν
2885 1634 3100 1702 γένοιτο
3135 1632 3492 1702 κληρονόμος,
3547 1630 3624 1682 δεῖ
3669 1628 3721 1680 δέ

2169 1731 2231 1782 τὸ
2286 1729 2525 1798 φθαρτὸν
2574 1727 2732 1780 τούτο
2763 1725 3088 1778 ἐνδύσασθαι
3149 1723 3461 1793 ἀφθαρσίαν
3520 1721 3610 1774 καὶ
3665 1719 3719 1772 τὸ

2175 1819 2369 1889 θνητὸν
2390 1818 2549 1870 τοῦτο
2585 1816 2909 1870 ἐνδύσασθαι
2933 1815 3259 1875 ἀθανασίαν,
3296 1831 3314 1864 ι
3349 1813 3438 1865 τὸν
3476 1811 3585 1864 ἴσον
3607 1809 3720 1879 τρό-

2174 1932 2273 1968 πον
2305 1912 2426 1966 οὑδέ
2461 1911 2533 1964 τά
2561 1909 2671 1962 τῶν
2699 1908 2903 1961 δούλων
2955 1907 3094 1976 ἔργα
3140 1905 3280 1974 πρὸς
3305 1904 3406 1975 τὴν
3458 1901 3720 1973 βασιλείαν

2171 2004 2388 2073 ἐκείνην
2414 2002 2647 2070 ἀρκέσαι
2674 1999 2877 2055 δύναιτ’
2906 2000 2973 2054 ἂν
3009 2001 3162 2069 ἡμῖν.
3197 1997 3335 2051 ἀλλὰ
3366 1997 3464 2066 τῆς
3488 1997 3552 2048 ἐκ
3596 1994 3718 2046 Θεοῦ

2168 2095 2520 2161 δικαιοσύνης
2569 2095 2774 2164 δεήσει.
2808 2093 2935 2146 Υίὸν
2968 2095 3078 2161 7&9
3109 2089 3249 2144 εἶναι
3280 2091 3366 2143 δεῖ
3393 2089 3485 2142 τὸν
3534 2091 3718 2157 κληρο-

2170 2191 2335 2261 νόμον
2365 2188 2554 2243 δοῦλον
2579 2203 2594 2218 ’
2634 2207 2653 2240 ι
2698 2187 2757 2241 '0
2793 2188 2903 2258 7&9
2937 2185 3146 2250 δοῦλος,
3182 2185 3374 2255 φησὶν,
3399 2185 3459 2237 οὐ
3493 2184 3636 2252 μένει
3667 2183 3721 2234 ἐν

2171 2283 2236 2350 τῇ
2254 2280 2402 2351 οἰκίᾳ
2427 2281 2507 2342 είς
2535 2278 2626 2332 τὸν
2644 2277 2838 2340 αίῶνα,
2867 2279 2895 2330 6
2925 2277 3053 2340 Υἱὸς
3079 2275 3230 2346 μένει
3257 2277 3340 2338 είς
3372 2275 3463 2328 τὸν
3484 2275 3667 2328 αἰῶνα.
3703 2290 3718 2324 ι

2172 2367 2378 2428 ἀνθ’ῶν
2399 2371 2632 2424 ἕκαστον
2649 2368 2760 2422 τῶν
2798 2369 2893 2421 ἐπὶ
2914 2368 3005 2421 τὸν
3028 2367 3230 2438 κλῆρον
3252 2367 3448 2422 τοῦτον
3481 2365 3725 2437 ἀφιξομέ-

2171 2478 2279 2515 νων
2331 2460 2597 2532 πρότερον
2641 2458 2984 2512 ἀποϐαλόντα
3015 2457 3106 2511 τὸν
3135 2457 3321 2511 δοῦλον
3351 2457 3522 2524 δεῖξαι
3549 2457 3626 2509 δεῖ
3649 2455 3726 2506 τὸν

2172 2552 2324 2616 Υίδν,
2349 2552 2487 2621 ὅπερ
2518 2549 2635 2602 ἐστὶ
2660 2549 2758 2621 τὴν
2793 2548 3005 2619 μορφὴν
3026 2545 3119 2602 τοῦ
3145 2549 3488 2616 Μονογενοῦς
3517 2547 3606 2601 ἐπὶ
3629 2545 3726 2598 τῶν

2171 2644 2480 2716 προσώπων
2529 2642 2941 2711 κομισαμένους
2988 2641 3127 2710 μετὰ
3154 2646 3352 2694 τούτου
3390 2640 3483 2694 τοῦ
3512 2639 3727 2700 κάλλους

2169 2737 2247 2806 τῷ
2278 2735 2636 2804 γεγεννηκότι
2669 2734 2904 2803 φανῆναι
2924 2747 2941 2764 ν
2974 2733 3070 2785 καὶ
3100 2731 3260 2785 τοῦτό
3313 2733 3470 2786 ἐστιν
3495 2731 3594 2785 ὑπὸ
3639 2727 3724 2781 τοῦ

2172 2828 2303 2884 Υίοῦ
2342 2827 2437 2882 τοῦ
2489 2825 2626 2880 Θεοῦ
2682 2826 2863 2896 πάσης
2922 2825 3190 2894 ἀφεθῆναι
3249 2825 3505 2887 δουλείας
3539 2822 3631 2876 καὶ
3659 2820 3725 2885 ὡς

2171 2922 2388 2993 ἀληθῶς
2419 2920 2737 2990 ἐλευθέρους
2778 2915 2940 2982 εἶναι,
2972 2919 3002 2971 ὃ
3023 2918 3100 2988 τῷ
3125 2919 3354 2988 Χριστῷ
3388 2922 3500 2973 νοεῖ
3526 2919 3583 2972 τὸ
3607 2917 3729 2986 πρὸς

2170 3014 2296 3078 τοὺς
2340 3013 2627 3076 Ἰουδαίους
2689 3012 2980 3081 εἰρημένον
3031 3013 3254 3075 ἐκεῖνο,
3309 3030 3327 3064 ι
3364 3013 3491 3066 Ἐὰν
3538 3013 3565 3065 6
3617 3009 3733 3071 Υἱὸς

488 3094 636 3149 enim
669 3095 882 3148 ratione
915 3108 1016 3147 nos
1058 3101 1113 3146 et
1149 3092 1390 3158 refinxit,
1422 3102 1476 3147 et
1523 3093 1798 3159 liberavit,
1829 3102 1884 3146 et
1911 3092 2064 3148 deifi-

2174 3109 2318 3178 ὑμᾶς
2351 3104 2721 3177 ἐλευθερώσῃ,
2777 3106 2950 3167 ὅντως
2987 3104 3260 3174 ἐλεύθεροι
3311 3104 3536 3159 ἔσεσθε.
3567 3124 3584 3156 ι
3613 3101 3732 3156 Λύει

489 3187 654 3248 cavit,
711 3199 1052 3254 germanum,
1111 3192 1166 3238 et
1220 3183 1474 3249 liberum,
1530 3193 1586 3238 et
1641 3199 1832 3238 verum
1892 3182 2062 3236 Deum

490 3278 732 3346 seipsum
785 3277 944 3331 nobis
992 3275 1321 3330 admiscens.
1376 3274 1442 3330 Et
1491 3276 1570 3330 sic
1616 3276 1920 3339 Christum,
1969 3273 2064 3344 qui

488 3385 618 3424 vera
641 3380 727 3424 est
749 3369 983 3436 justitia,
1016 3377 1264 3424 nostrum
1296 3367 1522 3434 bonum,
1560 3383 1724 3437 supra
1758 3382 1922 3437 quam
1949 3367 2067 3436 ipsa

497 3462 790 3524 naturalia,
824 3476 981 3538 sacra
1009 3476 1165 3517 coena
1194 3461 1352 3518 nobis
1380 3460 1529 3516 facit.
1561 3461 1749 3530 Itaque
1788 3471 1844 3516 et
1872 3461 2073 3532 gloria-

487 3552 798 3610 tnoebonis
836 3555 976 3622 eius,
1004 3562 1058 3609 et
1098 3555 1256 3625 quasi
1297 3564 1482 3609 nostra
1512 3562 1696 3610 essent
1724 3563 1868 3608 recte
1899 3552 2066 3616 facta,

485 3648 856 3712 celebramur,
905 3647 1142 3716 indeque
1187 3646 1562 3712 nominamur,
1612 3645 1658 3700 si
1693 3645 1747 3699 in
1778 3657 2069 3699 commune

486 3753 892 3808 permanemus.
925 3738 995 3792 Et
1028 3739 1073 3792 sl
1105 3739 1231 3807 quis
1257 3753 1382 3792 vere
1429 3746 1655 3794 sanctus
1689 3746 1745 3793 et
1781 3737 1983 3806 justus,
2015 3743 2071 3792 et

487 3833 854 3900 quodcunque
885 3829 1106 3884 tandem
1147 3829 1500 3884 laudabilium
1543 3830 1714 3896 audit,
1747 3829 2067 3898 appellatio-

489 3935 614 3973 ncm
661 3935 728 3973 ex
781 3920 848 3973 iis
895 3933 1018 3987 quae
1061 3933 1089 3971 a
1117 3917 1334 3971 Christo
1378 3919 1607 3974 sortitus
1653 3925 1763 3980 est,
1808 3917 2006 3987 accipit
2048 3932 2066 3972 ι

494 4030 515 4062 ι
557 4010 613 4064 ln
645 4009 775 4075 Deo,
810 4010 1008 4079 inquit,
1040 4009 1356 4064 laudabitur
1391 4010 1574 4064 anima
1627 4025 1744 4064 mea
1779 4011 1846 4067 ”.
1883 4028 1904 4063 ι
1951 4009 2020 4064 Ει
2051 4027 2066 4065 :

493 4121 514 4155 ι
547 4103 944 4156 Benedicentur
961 4101 1014 4155 in
1036 4116 1102 4156 eo
1123 4117 1316 4156 omnes
1336 4109 1525 4170 gentes
1544 4101 1617 4156 “.
1649 4120 1667 4154 ι
1693 4100 1847 4157 Unde
1877 4102 2069 4157 huma-

493 4207 624 4244 num
667 4189 824 4249 nihil.
851 4189 945 4244 sed
975 4204 1098 4259 quae
1129 4189 1335 4244 Christi
1368 4203 1494 4244 sunt
1529 4191 1810 4261 poscimus
1847 4207 1861 4244 :
1905 4198 1965 4244 ut
2005 4205 2069 4245 ea

488 4279 544 4334 in
589 4279 804 4332 animas
834 4289 1052 4343 nostras
1101 4293 1227 4334 cum
1279 4279 1779 4349 importaverimus,
1825 4295 1952 4335 cum
2001 4280 2069 4333 iis

488 4371 619 4424 hinc
669 4367 1036 4434 discedamus,
1087 4380 1140 4424 et
1177 4379 1304 4423 ante
1356 4384 1591 4425 coronas
1645 4371 1786 4426 hanc
1828 4372 2071 4441 philoso-

2172 3205 2282 3274 7&9
2315 3205 2412 3258 καὶ
2447 3204 2599 3266 υἱοὺς
2627 3201 2764 3256 Θεοῦ
2797 3203 3034 3255 ποιεῖται
3059 3202 3184 3263 τοὺς
3209 3201 3468 3268 δούλους,
3505 3203 3583 3254 ὅτι
3615 3199 3730 3258 Υἱὸς

2171 3298 2247 3351 ὢν
2263 3296 2422 3358 αὐτὸς
2438 3296 2532 3348 καὶ
2550 3295 2732 3365 πάσης
2749 3293 3037 3364 ἐλεύθερος
3056 3293 3330 3362 ἁμαρτίας
3364 3293 3457 3346 καὶ
3480 3293 3629 3360 σῶμα
3645 3289 3732 3342 αὑ·

2169 3392 2283 3453 τοῖς
2322 3389 2415 3443 καὶ
2435 3383 2574 3456 αἷμα
2594 3387 2688 3440 καὶ
2719 3384 2940 3454 πνεῦμα
2967 3386 3062 3438 καὶ
3087 3385 3156 3438 τά
3188 3385 3365 3441 αὑτοῦ
3394 3388 3567 3440 πάντα
3591 3381 3729 3437 κοινά

2172 3483 2427 3536 ποιεῖται·
2445 3479 2637 3532 τοῦτον
2653 3480 2760 3547 γὰρ
2773 3479 2865 3530 τὸν
2875 3477 3075 3546 τρόπον
3090 3476 3184 3529 καὶ
3201 3478 3479 3532 ἀνέπλασε
3495 3478 3588 3530 καὶ
3599 3475 3733 3528 ἑλεν-

2173 3573 2382 3645 θέρωσε
2401 3573 2493 3626 καὶ
2507 3571 2732 3636 ἐθέωσε,
2751 3570 2844 3623 τὸν
2861 3571 2992 3638 ὑγιᾶ
3015 3570 3107 3622 καὶ
3131 3569 3420 3641 ἐλεύθερον
3439 3573 3534 3624 καὶ
3554 3567 3732 3636 ἀληθι-

2171 3666 2262 3718 νὸν
2290 3664 2423 3717 Θεὸν
2456 3663 2652 3716 ἑαυτὸν
2682 3665 2817 3732 ἡμῖν
2849 3661 3142 3731 ἀναμίξας,
3173 3665 3270 3716 καὶ
3316 3663 3466 3717 οὕτω
3486 3663 3581 3732 τὴν
3611 3659 3728 3727 ἀλη-

2172 3756 2324 3827 θινὴν
2353 3756 2483 3809 ὄντα
2505 3755 2852 3823 δικαιοσύνην
2899 3755 2992 3808 τδν
3018 3753 3268 3824 Χριστὸν,
3297 3757 3570 3825 ἡμέτερον
3604 3753 3730 3818 ἀγα·

2173 3845 2287 3912 θὸν,
2318 3845 2414 3897 καὶ
2441 3842 2546 3912 πρὸ
2572 3843 2681 3896 τῶν
2711 3847 2958 3911 φυσικῶν
2978 3843 3158 3897 αὐτῶν
3180 3844 3239 3897 τὸ
3274 3846 3426 3916 ἱερὸν
3459 3845 3734 3916 ἐργάζεται

2170 3936 2420 4000 δεῖπνον,
2477 3936 2618 3990 ὥστε
2657 3935 2752 3988 καὶ
2799 3934 3234 4005 φιλοτιμούμεθα
3283 3941 3402 4002 τοῖς
3447 3936 3609 3991 αὐτοῦ
3646 3930 3732 3987 καὶ

2171 4026 2246 4090 ὡς
2262 4026 2327 4080 ἂν
2362 4027 2518 4081 αὐτοὶ
2538 4026 2962 4097 κατωρθωκότες
2981 4027 3403 4097 εὐδοκιμοῦμεν,
3434 4030 3527 4084 καὶ
3557 4024 3736 4080 καλού-

2174 4116 2315 4189 μεθά
2351 4134 2414 4185 γε
2449 4116 2682 4182 ἐκεῖθεν,
2716 4116 2764 4168 εί
2802 4115 2900 4186 τὴν
2933 4119 3220 4171 κοινωνίαν
3259 4120 3622 4188 φυλάττομεν,
3650 4113 3735 4170 καὶ

2171 4208 2320 4269 εῖτις
2332 4206 2544 4275 ἀληθῶς
2557 4205 2715 4274 ἅγιος
2733 4205 2825 4258 καὶ
2839 4205 3047 4269 δίκαιος
3063 4207 3161 4259 καὶ
3175 4207 3357 4260 ὁτιοῦν
3378 4211 3486 4262 τῶν
3498 4211 3733 4261 ἐπαινου-

2177 4301 2354 4367 μένων
2369 4296 2578 4363 ἀκούοι,
2608 4297 2706 4367 τὴν
2739 4296 3058 4365 ἐπωνυμίαν
3089 4297 3149 4360 ἐξ
3171 4291 3246 4350 ῶν
3277 4299 3498 4352 ἐκείνου
3523 4296 3735 4367 τετύχη-

2175 4387 2513 4452 κεν,ελα6εν.
2541 4405 2560 4440 ι
2581 4388 2671 4441 Ἐν
2699 4386 2776 4457 τῷ
2798 4386 2916 4455 Θεῷ
2935 4389 3063 4457 7&9,
3094 4390 3282 4457 φησὶν,
3311 4390 3732 4458 ἐπαινεθήσεται

487 4470 676 4540 phiam
705 4468 856 4524 omni
890 4471 1072 4546 modo,
1111 4479 1168 4526 et
1197 4469 1300 4526 has
1354 4485 1523 4528 novas
1557 4473 1778 4527 divitias
1813 4471 2067 4527 exhibea-

2177 4480 2211 4546 ἡ
2226 4477 2375 4548 ψυχή
2399 4494 2525 4546 μου,
2548 4478 2643 4530 καὶ
2669 4476 3198 4553 ἐνευλογηθήσονται
3229 4479 3286 4530 ἐν
3309 4478 3463 4548 αὑτῷ
3484 4478 3657 4532 πάντα
3677 4475 3738 4527 τὰ

489 4576 634 4625 mus,
666 4559 816 4614 nullo
846 4560 1200 4630 superaddita
1233 4558 1370 4614 falso
1411 4560 1757 4626 numismate,
1804 4559 2066 4630 quoniam

2175 4571 2300 4640 ἔθνη
2322 4584 2335 4598 ⁸
2365 4587 2384 4622 ι
2421 4569 2544 4623 ὅθεν
2566 4568 2676 4623 τῶν
2706 4567 3068 4638 ἀνθρωπίνων
3119 4568 3222 4636 μὲν
3271 4570 3457 4633 οὐδὲν,
3514 4569 3582 4621 τὰ
3612 4567 3738 4636 Χρι-

489 4655 631 4708 hanc
657 4654 831 4709 solam
861 4653 924 4708 ad
953 4652 1382 4723 promerendum
1419 4668 1646 4725 regnum
1673 4653 1938 4707 caelorum
1967 4666 2066 4720 ap-

2175 4662 2300 4716 στοῢ
2325 4663 2382 4715 δὲ
2410 4660 2792 4730 ἀπαιτούμεθα
2820 4660 2916 4712 καὶ
2974 4660 3220 4727 ἐνεγκεῖν
3269 4661 3366 4713 ἐπὶ⁵
3411 4660 3526 4714 τῶν
3558 4656 3737 4730 ψυχῶν

489 4752 709 4814 portare
773 4759 1098 4814 possumus.
1152 4744 1290 4810 Quia
1341 4745 1486 4798 enim
1545 4742 1863 4813 praemium,
1917 4741 2064 4812 quod

2172 4757 2268 4807 καὶ
2297 4756 2566 4824 φέροντας
2593 4751 3009 4815 ἀπελθεῖν,“καὶ
3035 4753 3241 4821 ταύτην
3273 4753 3382 4823 πρὸ
3405 4752 3515 4807 τῶν
3553 4749 3743 4819 στεφά-

489 4850 670 4904 pugna
719 4833 961 4889 defuncti
1013 4837 1263 4904 accipere
1315 4835 1551 4898 debent,
1605 4833 1750 4888 Deus
1800 4833 1918 4900 ipse
1958 4841 2064 4897 est,

2170 4863 2280 4900 νων
2302 4844 2672 4911 ἐπιδείξασθαι
2701 4843 2800 4914 τὴν
2827 4845 3153 4913 φιλοσοφίαν
3183 4845 3249 4898 ἐκ
3279 4847 3487 4907 παντὸς
3520 4845 3737 4913 τρόπου,

488 4927 859 4982 necessarium
893 4927 1108 4982 videtur
1164 4941 1298 4982 sane
1349 4925 1573 4995 praemio
1622 4924 1972 4998 respondere,
2011 4935 2065 4977 et

2172 4938 2268 4990 καὶ
2295 4937 2484 4990 τοῦτον
2509 4935 2600 4988 τὸν
2623 4937 2810 4990 καινὸν
2841 4935 3093 5002 πλοῦτον,
3138 4937 3308 5006 μηδὲν
3344 4933 3740 5004 ἐπεισαγαγόν-

487 5018 704 5072 divinos
731 5032 855 5071 esse
880 5017 1046 5071 etiam
1095 5033 1321 5088 agones,
1361 5017 1643 5086 Deumque
1685 5015 1911 5070 athletis
1955 5031 2062 5070 non

2177 5044 2277 5091 τας
2313 5025 2466 5098 αὑτῷ
2493 5026 2590 5080 τοῦ
2631 5027 2874 5097 πονηροῦ
2908 5028 3215 5098 κόμματος,
3240 5029 3316 5091 ὡς
3343 5028 3518 5098 μόνην
3550 5025 3741 5090 ταύτην

485 5109 664 5164 solum
707 5107 909 5178 alipten
947 5123 1070 5163 esse
1119 5110 1594 5176 certaminumque
1628 5109 1930 5176 auspicem,
1963 5109 2061 5164 sed

2170 5114 2335 5173 οὖσαν
2365 5119 2507 5189 ὑπὲρ
2558 5121 2658 5190 τῆς
2692 5121 2752 5172 ἐν
2782 5118 3002 5190 οὐρανῷ
3050 5119 3324 5190 βασιλείας
3349 5120 3620 5188 ἀξιόχρεω
3656 5129 3743 5182 φο·-

485 5210 540 5255 et
589 5200 764 5267 ipsum
813 5200 868 5254 in
920 5199 1052 5269 ipsis
1107 5201 1325 5256 virtutis
1375 5216 1601 5255 munere
1647 5200 1824 5270 fungi.
1873 5201 1940 5256 Et
1987 5202 2060 5256 ita

2171 5210 2294 5282 ράν.
2355 5210 2510 5263 Ἐπεὶ
2567 5208 2678 5282 γὰρ
2724 5205 2909 5276 ἆθλον,
2962 5210 2991 5264 ὃ
3049 5210 3132 5264 δεῖ
3187 5210 3344 5264 λασεῖ
3393 5205 3740 5276 ἀγωνισαμέ-

490 5295 652 5347 tinem
687 5292 778 5362 qui
811 5293 1077 5363 quaeritur
1100 5309 1226 5348 cum
1258 5293 1676 5362 praeparatione,
1708 5302 1764 5349 et
1787 5309 2061 5365 praepara-

2171 5323 2318 5368 νους,
2349 5304 2378 5357 6
2407 5303 2539 5367 Θεός
2569 5305 2716 5358 ἐστιν
2743 5305 2929 5369 αὐτὸς,
2968 5306 3184 5374 ἀνάγκη
3221 5305 3284 5376 δὴ
3316 5306 3457 5374 πρὶς
3479 5303 3541 5356 τὸ
3579 5303 3742 5368 γέρας

494 5389 696 5439 tionem
743 5399 868 5439 cum
924 5386 1032 5440 line
1081 5399 1412 5456 congruere.
1461 5383 1617 5440 Sicut
1667 5387 1813 5440 enim
1855 5387 1908 5441 in
1965 5389 2064 5444 has

2175 5390 2440 5457 ἀνάλογον
2469 5391 2639 5461 ἔχειν,
2671 5393 2766 5446 καὶ
2798 5392 2978 5457 θείους
3015 5391 3153 5448 εῖναι
3187 5397 3314 5453 τοὺς
3362 5395 3604 5460 ἀγῶνας,
3653 5383 3741 5438 καὶ

493 5483 677 5529 terras
726 5491 826 5532 nos
868 5478 1110 5542 mittens,
1161 5477 1296 5530 nihil
1344 5476 1505 5530 nobis
1556 5474 1704 5543 fecit,
1745 5490 1846 5532 nec
1884 5478 2067 5547 exegit

2173 5481 2308 5534 Θεὸν
2326 5484 2438 5545 τοῖς
2463 5483 2728 5554 ἀθληταῖς
2763 5483 2828 5537 ού
2856 5485 3017 5554 μόνον
3043 5485 3308 5554 ἀλείπτην
3331 5479 3476 5536 εἶναι
3510 5481 3606 5534 καὶ
3633 5474 3736 5530 τῶν

561 5675 608 5706 ⁸⁸
637 5672 798 5757 Joa_n.
833 5675 1025 5757 itt,n6.
1109 5675 1154 5710 ⁸⁸
1205 5675 1447 5757 Philipp.
1483 5696 1568 5748 tu,
1611 5681 1665 5737 9.
1739 5680 1838 5734 "l
1897 5682 2026 5742 Cor.

2215 5686 2401 5742 50-55.
2477 5687 2523 5720 ⁹¹
2559 5689 2720 5745 Joan.
2776 5704 2895 5757 vni,
2945 5691 3036 5748 56.
3112 5692 3159 5724 ⁹¹
3200 5689 3463 5748 lbid.56.
3536 5686 3742 5741 "Psal.

490 5758 679 5810 nun,
720 5747 774 5800 5.
849 5745 897 5777 ⁸⁸
928 5744 1066 5803 Gen.
1116 5763 1214 5815 xu,
1243 5749 1296 5804 5.
