4036 6448
510 395 625 464 619

1788 403 2101 467 NICOLAI
2133 406 2522 471 CABASILIE

3659 432 3756 499 620

510 523 677 580 etiam
728 524 873 597 apud
916 521 1123 581 inferos
1149 524 1367 581 vinctos
1394 522 1601 581 exsolvi
1641 539 1767 581 cum
1805 534 2084 597 oporteret

2215 531 2634 601 φιλανθρωπίας
2685 536 2935 607 σημεῖον,
3009 537 3076 609 ἣν
3143 538 3543 614 ἐπιδειξάμενος
3579 542 3759 619 ἦλθεν.

512 628 696 688 partes
724 632 819 673 eas
867 631 977 672 non
1010 614 1240 687 angelis,
1289 626 1383 671 aut
1419 615 1765 686 arcbangelis
1803 617 2100 681 commisit,

514 708 610 762 sed
652 707 884 776 ipsemet
917 707 971 761 in
1008 721 1285 763 carcerem
1316 707 1615 762 descendit.
1654 707 1903 777 Cumque
1927 708 2106 779 copti-

511 809 610 851 vos
633 811 743 850 non
771 797 962 867 gratis,
998 796 1090 853 sed
1124 797 1302 866 pretio
1331 798 1574 868 recipere
1604 797 1908 853 libertatem
1936 801 2105 870 aqui-

513 899 596 945 tas
624 891 947 960 postularet,
979 890 1248 961 sanguine
1277 891 1559 960 persoluto
1596 905 1692 947 eos
1726 892 1947 962 eripuit.
1988 891 2105 950 Hoc

510 984 675 1040 modo
727 986 854 1040 inde
908 1001 1085 1058 usque
1136 986 1203 1042 ad
1244 994 1550 1042 extremum
1605 987 1750 1042 diem
1784 1003 1814 1042 a
1862 988 2103 1058 peccatis

511 1078 727 1141 liberat,
761 1092 980 1146 poenam
1027 1077 1276 1143 dimittit,
1329 1087 1384 1133 et
1422 1078 1612 1134 sordes
1645 1079 1955 1134 animarum
2001 1096 2101 1135 no-

509 1181 751 1226 strarum
797 1171 957 1225 eluit.
1008 1170 1223 1226 Etenim
1277 1172 1393 1242 ipse
1436 1183 1522 1227 est
1572 1173 1663 1242 qui
1692 1182 1908 1243 purgat.
1944 1173 2099 1240 Quod

507 1263 713 1319 Paulus
748 1264 1025 1330 indicans,
1091 1283 1110 1314 ι
1147 1263 1252 1318 Per
1289 1264 1553 1333 seipsum,
1586 1265 1781 1335 inquit,
1818 1267 2098 1337 purgatio-

503 1374 630 1411 nem
671 1368 1020 1429 peccatorum
1050 1356 1280 1421 faciens,
1344 1358 1493 1413 sedet
1527 1359 1594 1413 ad
1637 1361 1880 1414 dextram
1924 1359 2099 1426 maje-

505 1450 664 1506 statis
688 1451 739 1503 in
766 1450 1002 1507 excelsis
1029 1449 1072 1504 ⁸.
1104 1468 1124 1502 ι
1153 1449 1384 1520 Propter
1416 1450 1531 1505 haec
1548 1459 1603 1504 et
1627 1450 1937 1506 ministrmn
1971 1467 2096 1506 cum

504 1530 761 1612 appellat,
808 1549 861 1594 et
913 1542 1027 1611 ipse
1082 1551 1257 1596 semet
1308 1541 1736 1607 ministrantem,
1794 1550 1850 1597 et
1901 1556 1931 1596 a
1986 1541 2101 1598 Deo

505 1632 669 1689 Patre
700 1633 927 1689 missum
953 1635 1009 1688 in
1043 1634 1331 1697 mundum,
1363 1643 1421 1688 ut
1444 1633 1808 1691 ministraret.
1835 1634 2100 1704 Quodque

506 1728 841 1795 prmeipuum
872 1734 959 1780 est
993 1725 1266 1788 omnium,
1299 1741 1407 1781 non
1448 1727 1499 1779 in
1532 1726 1636 1782 bac
1667 1726 1778 1782 vita
1810 1726 2096 1792 duntaxat,

2212 626 2334 680 Ἔτι
2366 627 2547 681 τοίνυν
2572 628 2699 692 τοὺς
2737 631 2799 683 ἐν
2835 629 2999 701 ’ᾼδου
3032 630 3320 703 δεσμώτας
3379 635 3486 692 ἔδει
3530 638 3761 714 λυθῆναι,

2207 720 2384 773 καὶτὸ
2407 721 2569 789 ἔργον
2599 721 2701 775 οὐκ
2724 723 3028 794 ἐπέτρεψεν
3056 724 3313 793 ἀγγέλοις
3346 727 3380 801 ἢ
3409 731 3518 793 τοῖς
3555 731 3765 805 ἄρχουσι

2205 811 2314 866 τῶν
2344 813 2617 882 ἀγγέλων,
2658 814 2775 868 ἀλλ’
2798 815 2964 880 αὐτὸς
2986 818 3260 886 κατῆλθεν
3307 820 3387 884 είς
3417 822 3478 875 τὸ
3503 822 3766 897 δεσμωτή-

2207 922 2346 974 ριον.
2403 906 2446 959 Τ
2451 906 2544 970 οὺς
2584 906 2969 978 αἰχμαλώτους
3021 911 3124 981 τὴν
3162 912 3478 984 ἐλευθερίαν
3531 916 3671 980 εῑκδς
3703 914 3765 991 ἦν

2203 998 2264 1051 ού
2289 1000 2492 1069 προῖκα
2525 999 2729 1065 λαϐεῖν,
2765 1000 2880 1054 ἀλλ’
2907 1002 3274 1073 ἐωνημένους,
3297 1006 3391 1058 καὶ
3414 1005 3529 1060 λύει
3556 1008 3616 1061 τὸ
3640 1004 3767 1080 αἷμα

2204 1090 2552 1145 καταϐαλών·
2600 1092 2795 1147 τοῦτον
2824 1094 2915 1146 τὸν
2961 1095 3163 1165 τρόπον
3221 1096 3283 1157 ἐξ
3306 1097 3514 1152 ἐκείνου
3559 1102 3648 1153 καὶ
3670 1103 3767 1165 ,είς

2202 1183 2301 1254 τὴν
2334 1183 2570 1255 ἐσχάτην
2603 1185 2817 1255 ἡμέραν
2845 1187 3181 1241 ἀπαλλάττει
3215 1191 3309 1243 καὶ
3337 1190 3566 1262 εὐθύνης
3589 1192 3768 1262 ἀφίησι

2204 1275 2302 1329 καὶ
2364 1275 2538 1344 ῥύπου
2600 1278 2701 1340 τὰς
2740 1277 2921 1348 ψυχὰς
2958 1278 3280 1343 ἀποκλύζει.
3344 1281 3458 1336 Καὶ
3489 1282 3595 1352 γὰρ
3623 1282 3767 1345 αὐτός

2203 1370 2372 1433 ἐστιν,
2402 1362 2448 1437 ᾧ
2474 1370 2748 1440 καθαίρει,
2783 1371 2922 1442 ὅπερ
2976 1373 3004 1424 ὁ
3031 1370 3239 1436 Παῦλος
3260 1373 3460 1444 δηλῶν,
3494 1393 3514 1426 ε
3557 1374 3633 1426 Δι’
3653 1374 3768 1427 ἐαυ-

2200 1462 2320 1529 τοῦ,
2347 1464 2505 1532 φησὶ,
2554 1464 2903 1536 καθαρισμὸν
2943 1465 3313 1536 ποιησάμενος
3362 1465 3472 1520 τῶν
3500 1466 3768 1537 ἁμαρτιῶν

2200 1555 2235 1625 ἡ
2244 1554 2382 1623 μῶν,
2411 1554 2669 1610 ἐκάθισεν
2691 1558 2749 1610 ἐν
2766 1556 2919 1628 δεξιᾷ
2941 1556 3036 1609 τοῦ
3061 1556 3256 1628 θρόνου
3286 1559 3388 1626 τῆς
3412 1557 3768 1629 μεγαλοσύνης

2203 1647 2261 1699 ἐν
2293 1648 2408 1712 τοῖς
2431 1648 2703 1719 οὐρανοῖς.
2750 1667 2773 1702 ι
2830 1648 2932 1703 Διά
2965 1648 3140 1704 ταῦτα
3187 1649 3284 1704 καὶ
3327 1649 3576 1705 διάκονον
3620 1649 3768 1702 αὑτὸν

2210 1742 2368 1797 καλεῖ
2395 1741 2492 1796 καὶ
2521 1740 2684 1805 αὐτὸς
2737 1743 2933 1796 ἐαυτὸν
2969 1739 3352 1808 διακονοῦντα,
3408 1741 3505 1798 καὶ
3566 1742 3656 1795 ἐπὶ
3699 1739 3768 1812 τῷ

506 1818 728 1888 quando
760 1832 885 1871 cum
921 1816 1164 1871 humana
1194 1816 1512 1872 inﬁrmitate
1535 1818 1689 1873 visus
1718 1828 1825 1885 est,
1849 1826 1905 1873 et
1926 1819 2086 1883 venit,

2211 1835 2533 1903 διακονῆσαι
2573 1831 2729 1904 παρά
2756 1833 2854 1887 τοῦ
2900 1833 3115 1904 Πατρὸς
3138 1836 3222 1898 είς
3248 1834 3340 1887 τὸν
3374 1834 3576 1900 κόσμον
3598 1831 3771 1902 ἐληλυ-

504 1926 614 1965 non
673 1920 732 1963 ut
778 1909 1053 1979 judicaret
1101 1909 1392 1976 mundum,
1437 1919 1552 1965 tum
1598 1925 1722 1981 quae
1775 1911 1921 1965 servi
1966 1919 2086 1965 sunt

2207 1932 2380 1992 θέναι,
2414 1928 2600 1982 καὶτὸ
2654 1926 2914 1997 μέγιστον
2967 1924 3253 1991 ἁπάντων,
3284 1926 3347 1980 οὐ
3409 1925 3518 1998 γὰρ
3550 1924 3640 1979 ἐπὶ
3684 1921 3767 1977 τοῦ

502 2004 778 2076 praestitit,
811 2014 867 2059 et
918 2018 1042 2075 quae
1084 2002 1298 2058 Domini
1347 2012 1498 2069 sunt,
1544 2003 1836 2073 abscondit
1884 2005 2086 2073 omnia,

2205 2024 2476 2092 παρόντος
2513 2019 2698 2091 μόνον,
2736 2019 2827 2071 ὅτε
2851 2018 2991 2087 μετά
3013 2017 3116 2087 τῆς
3134 2016 3487 2086 ἀνθρωπείας
3505 2013 3768 2078 ἀσθενείας

501 2100 599 2154 sed
629 2098 741 2169 jam
775 2097 940 2152 etiam
966 2098 1020 2151 in
1053 2094 1262 2159 futuro,
1290 2095 1514 2167 quando
1543 2111 1667 2150 cum
1696 2095 1903 2152 virtute
1928 2096 2086 2151 adve-

2203 2114 2383 2182 ἐφάνη
2423 2111 2521 2165 καὶ
2551 2104 2741 2178 ἦλθεν,
2778 2106 2878 2177 οὐχ
2922 2107 3013 2161 ἵνα
3067 2106 3229 2180 κρίνῃ
3257 2106 3352 2161 τὸν
3413 2106 3631 2177 κόσμον,
3685 2103 3768 2158 καὶ

499 2192 638 2254 niet,
667 2200 723 2244 et
741 2205 865 2245 cum
892 2199 1115 2260 paterna
1139 2188 1311 2259 gloria
1343 2186 1652 2259 apparebit,
1680 2187 1733 2242 in
1756 2188 2089 2254 ostensione,

2199 2206 2267 2260 τὰ
2297 2205 2406 2259 τῶν
2442 2202 2651 2257 δούλων
2702 2200 3053 2255 ἐπεδείκνυτο
3100 2200 3196 2254 καὶ
3237 2199 3308 2255 τά
3350 2199 3449 2254 τοῦ
3513 2196 3763 2252 Δεσπότου

499 2283 557 2337 in
594 2296 759 2352 regno
796 2295 944 2335 suo:
993 2298 1015 2332 ι
1053 2279 1357 2349 Praecinget
1417 2294 1500 2344 se,
1552 2279 1752 2350 inquit,
1819 2288 1875 2334 et
1927 2277 2086 2336 faciet

2200 2298 2381 2353 πάντα
2413 2295 2797 2364 ἀπέκρυπτεν,
2821 2290 2939 2344 ἀλλ’
2966 2291 3068 2362 ἢδη
3103 2291 3199 2344 καὶ
3224 2290 3321 2344 ἐπὶ
3343 2289 3442 2345 τοῦ
3477 2289 3763 2361 μέλλοντος,

499 2375 626 2430 illos
655 2372 1023 2437 discumbere,
1055 2381 1113 2427 et
1145 2371 1418 2427 transiens
1445 2372 1781 2428 ministrabit
1824 2372 1934 2429 illis
1956 2374 2025 2429 ⁸⁸.
2062 2389 2084 2425 ι

495 2466 712 2535 Merito,
738 2482 834 2536 per
859 2480 1018 2536 quem
1053 2480 1205 2537 reges
1231 2474 1485 2534 regnant,
1515 2473 1570 2519 et
1606 2465 1877 2536 principes
1912 2464 2088 2536 impe-

494 2570 643 2619 rant.
692 2559 810 2619 Hoc
843 2560 1045 2630 quippe
1096 2559 1262 2614 modo
1314 2572 1579 2628 germano
1631 2572 1872 2628 veroque
1916 2572 2089 2629 regno

494 2655 766 2726 regnavit,
822 2653 941 2725 ipse
983 2651 1086 2707 sibi
1114 2651 1193 2721 {ad
1257 2666 1487 2723 regnum
1544 2649 1843 2718 sufﬁciens,
1894 2660 1950 2705 et
2007 2650 2088 2706 sic

494 2749 658 2814 rexit,
694 2762 929 2819 quorum
974 2746 1344 2818 principatum
1374 2743 1619 2800 obtinuit
1647 2761 1661 2798 :
1693 2743 1924 2799 hilarior
1958 2744 2086 2814 qui-

493 2841 617 2896 dem
663 2838 729 2901 in
768 2840 1004 2899 amicos,
1046 2835 1291 2891 severior
1338 2834 1396 2890 in
1448 2834 1747 2904 principes,
1782 2841 1838 2889 et
1876 2834 2087 2903 majore

493 2947 684 2988 amore
714 2946 879 3002 quam
915 2938 1094 3000 pater,
1126 2938 1180 2985 et
1210 2936 1270 2983 ut
1301 2942 1362 2983 se
1387 2927 1563 2997 magis
1588 2936 1885 2998 cognatum
1916 2941 2080 2997 quam

494 3025 801 3080 membrum
832 3021 1120 3088 membris,
1155 3030 1209 3076 et
1232 3021 1399 3078 corde
1438 3020 1560 3090 ipso
1597 3020 1773 3091 magis
1823 3033 2084 3076 necessa-

493 3118 640 3172 rium
692 3116 1021 3179 declararet,
1054 3128 1167 3169 non
1200 3113 1383 3169 timori
1420 3111 1645 3178 cedens,
1668 3127 1779 3168 non
1832 3113 2083 3169 mercede

2196 2390 2287 2445 ὅτε
2327 2388 2467 2459 μετά
2492 2385 2783 2455 δυνάμεως
2813 2383 3070 2451 ἀφίξεται
3105 2382 3202 2437 καὶ
3257 2383 3404 2453 μετά
3438 2381 3540 2452 τῆς
3588 2395 3768 2448 πατρι-

2197 2482 2300 2552 κῆς
2325 2480 2576 2550 φανεῖται
2599 2476 2779 2545 δόξης,
2803 2476 2896 2529 ἐπὶ
2923 2475 3023 2544 τῆς
3047 2473 3400 2540 ἀναδείξεως,
3432 2472 3526 2527 ἐπὶ
3568 2471 3660 2541 τῆς
3685 2469 3765 2540 βα-

2198 2570 2408 2633 σιλείας
2432 2567 2645 2636 αύτῆςο
2686 2583 2706 2617 ε
2746 2562 3143 2635 [Ιεριζώσεται,
3185 2564 3350 2635 φησὶ,
3397 2564 3493 2618 καὶ
3515 2557 3766 2617 ἀνακλινεῖ

2196 2663 2421 2729 αὐτοὺς,
2453 2663 2550 2715 καὶ
2584 2657 2877 2729 παρελθὼν
2911 2657 3227 2725 διακονήσει
3264 2657 3474 2720 αὐτοῖς’
3511 2673 3530 2708 ι
3558 2652 3765 2713 εἰκότως

2193 2755 2262 2810 δι’
2286 2749 2348 2811 οὗ
2391 2753 2633 2826 βασιλεῖς
2686 2750 3040 2822 βασιλεύουσι
3078 2752 3173 2805 καὶ
3229 2750 3491 2822 τύραννοι
3524 2745 3762 2819 κρατοῦσι

2193 2850 2320 2919 γῆς.
2347 2848 2552 2903 Τοῦτον
2578 2846 2691 2918 γὰρ
2724 2845 2817 2899 τὸν
2848 2845 3050 2915 τρόπον
3085 2845 3187 2915 τὴν
3220 2845 3477 2917 καθαρὰν
3526 2844 3615 2898 καὶ
3638 2839 3761 2907 ἀλη-

2195 2938 2349 3010 θινὴν
2384 2938 2704 2993 ἐϐασίλευσε
2738 2935 3043 3008 βασιλείαν,
3104 2936 3269 3001 αὐτὸς
3294 2937 3482 3008 ἐαυτῷ
3508 2935 3636 3006 πρὸς
3674 2929 3762 2998 τὴν

2195 3029 2475 3101 βασιλείαν
2511 3028 2771 3099 ἀρκέσας,
2804 3029 2903 3082 καὶ
2950 3025 3127 3097 οὕτως
3158 3028 3396 3099 ἤγαγεν,
3448 3020 3523 3082 ὧν
3552 3023 3762 3096 ἐκράτη-

2193 3137 2307 3185 σεν,
2337 3117 2669 3191 ἱλαρώτερον
2699 3118 2800 3188 μὲν
2827 3117 3023 3187 φίλων,
3049 3118 3450 3190 ἀκριϐέστερον
3476 3117 3531 3171 δὲ
3576 3112 3758 3183 τυράν-

493 3208 617 3280 capi
647 3222 706 3262 se
734 3208 969 3279 patiens,
1002 3209 1095 3261 sed
1125 3205 1359 3278 ipsemet
1381 3204 1485 3261 sibi
1521 3205 1763 3276 potentia
1791 3205 1945 3277 regni
1975 3206 2082 3273 sui,

2197 3230 2331 3277 νων,
2359 3211 2568 3282 πατρὸς
2588 3210 3095 3281 φιλοστοργότερον,
3123 3210 3305 3280 μελῶν
3357 3208 3757 3305 συμφυέστερον,

494 3313 549 3358 et
600 3301 753 3358 solus
811 3301 929 3371 ipse
978 3300 1081 3356 sibi
1135 3298 1385 3356 subditos
1444 3298 1812 3370 obstringens.
1863 3297 2086 3356 Timore

2192 3304 2423 3373 καρδίας
2453 3303 2901 3373 ἀναγκαιότερον,
2939 3304 3002 3357 οὐ
3035 3302 3190 3373 φόϐῳ
3224 3302 3455 3370 κλίνων,
3494 3303 3555 3357 οὐ
3598 3292 3758 3370 μισθῷ

491 3394 661 3459 enim,
725 3401 823 3449 aut
906 3393 1164 3449 mercede
1238 3404 1465 3464 accepta
1524 3406 1779 3463 regnare,
1836 3392 2086 3463 profecto

491 3499 602 3540 non
629 3493 715 3540 est
743 3484 925 3552 ipsum
957 3498 1208 3555 regnare,
1252 3501 1267 3539 :
1305 3483 1401 3540 sed
1430 3498 1556 3555 spes
1577 3492 1636 3540 et
1665 3484 1832 3539 minae
1861 3483 1929 3539 de
1952 3501 2086 3540 exa-

488 3588 577 3634 cta
601 3578 911 3635 obedientia
935 3579 1264 3643 accusanda;
1294 3587 1444 3634 sunt.
1474 3578 1949 3647 Quemadmodum
1983 3581 2086 3653 igi-

490 3681 580 3726 tur
608 3686 718 3726 non
768 3670 1013 3743 legitime
1048 3680 1264 3741 regnat,
1311 3672 1401 3726 cui
1445 3685 1682 3742 regnare
1715 3681 1803 3729 est
1834 3674 2082 3741 aliunde,

489 3763 569 3819 sic
616 3779 795 3835 neque
826 3779 954 3819 vere
1002 3762 1114 3819 Deo
1149 3763 1443 3831 servimus,
1479 3763 1527 3821 si
1571 3765 1758 3836 aliquo
1807 3765 2081 3823 dictorum

488 3854 780 3913 modorum
809 3853 1045 3926 subjecti
1078 3870 1294 3913 sumus.

2186 3396 2566 3466 δουλούμενος,
2597 3395 2715 3449 ἀλλ’
2743 3395 2909 3462 αὐτὸς
2961 3393 3039 3449 ὣν
3073 3394 3254 3464 ἐαυτῷ
3284 3394 3524 3466 δύναμις
3552 3391 3646 3460 τῆς
3672 3388 3759 3459 ἀρ-

2188 3490 2295 3561 χῆς
2318 3491 2417 3544 καὶ
2448 3489 2611 3559 μόνος
2644 3489 2810 3554 αὐτὸς
2830 3487 3012 3559 ἐαυτῷ
3036 3489 3328 3543 συνάπτων
3367 3490 3495 3552 τοὺς
3544 3481 3761 3557 ἀρχομέο

2187 3599 2338 3647 νους.
2385 3582 2457 3635 Τὸ
2484 3580 2595 3652 γάρ
2620 3582 2772 3654 φόϐῳ
2825 3582 2859 3653 ἢ
2921 3580 3293 3653 μισθούμενον
3348 3579 3643 3653 βασιλεύειν
3675 3574 3761 3629 οὐκ

2186 3678 2352 3732 αὐτόν
2375 3677 2525 3730 ἐστιν
2568 3676 2647 3739 ὡς
2677 3674 2899 3746 ἀληθῶς
2948 3675 3165 3745 ἄρχειν,
3201 3674 3353 3729 ἀλλὰ
3407 3674 3506 3746 τῆς
3539 3667 3763 3734 ὑπακοῆς

2185 3768 2286 3830 τὰς
2312 3765 2538 3829 ἐλπίδας
2566 3764 2851 3820 αἰτιᾶσθαι
2900 3763 2987 3817 δεῖ
3038 3763 3135 3818 καὶ
3161 3762 3261 3826 τὰς
3291 3763 3326 3816 ἀ
3349 3763 3557 3825 πειλάςο
3594 3757 3764 3822 ὥσπερ

2181 3860 2369 3914 τοίνυν
2403 3860 2505 3912 οὐκ
2530 3858 2597 3912 ἂν
2627 3857 2787 3928 ἄρχοι
2818 3857 3047 3928 κυρίως,
3073 3849 3117 3925 ᾧ
3149 3856 3212 3910 τὸ
3236 3858 3472 3925 κρατεῖν
3495 3847 3757 3921 ἑτέρωθεν,

2183 3950 2360 4016 οὕτως
2381 3951 2504 4005 οὐδὲ
2524 3948 2802 4004 δουλεύειν
2824 3949 2971 4002 ἐστιν
3002 3947 3080 4012 ὡς
3104 3947 3325 4018 ἀληθῶς
3354 3948 3433 4019 τῷ
3462 3943 3599 4016 Θεῷ,
3613 3943 3756 3994 ἐπειο

2182 4042 2279 4100 δάν
2296 4045 2438 4099 κατά
2457 4060 2579 4098 τινα
2611 4041 2721 4094 τῶν
2749 4041 3063 4112 εἰρημένων
3091 4039 3526 4113 ὑποταττώμεθα
3550 4034 3751 4106 τρόπον.

557 4124 699 4192 Quia
728 4136 861 4180 vero
891 4137 1122 4178 necesse
1168 4130 1290 4178 erat
1322 4121 1501 4193 ipsum
1537 4122 1913 4182 sincerissimo
1966 4127 2075 4181 im-

485 4219 644 4290 perio
692 4231 925 4288 regnare
954 4214 1079 4288 (nec
1102 4216 1248 4271 enim
1277 4226 1397 4272 erat
1427 4216 1512 4272 l'as
1544 4218 1701 4290 alio),
1734 4219 1946 4276 invenit
1965 4237 2077 4291 quo

487 4322 650 4382 pacto
680 4310 733 4366 id
766 4312 1078 4381 perliceret.
1112 4307 1180 4365 Et
1205 4311 1295 4366 hic
1337 4306 1533 4367 modus
1560 4322 1680 4369 erat
1707 4315 2074 4372 admiratione

485 4403 869 4479 dignissimus.
916 4404 1264 4461 Contrariam
1319 4404 1525 4476 quippe
1567 4407 1715 4463 viam
1765 4409 1959 4464 tenuit.
2010 4409 2078 4465 Et

486 4511 544 4554 ut
566 4513 731 4554 verus
754 4497 1022 4554 Dominus
1068 4506 1232 4558 esset,
1262 4506 1515 4553 naturam
1544 4501 1688 4556 servi
1721 4502 2076 4572 suscepit,‘t:t

2270 4136 2429 4191 Ἐπεὶ
2502 4136 2562 4191 δὲ
2612 4134 2877 4207 εδειιτὴν
2919 4134 3330 4208 καθαρωτάτην
3390 4131 3561 4205 ἀρχὴν
3608 4122 3753 4181 αὐτὸν

2184 4227 2494 4299 βασιλεύειν
2546 4228 2629 4298 (οὐ
2676 4228 2787 4298 γὰρ
2813 4223 2883 4299 ἦν
2924 4227 3075 4289 εἰκὸς
3122 4226 3222 4297 τὴν
3276 4224 3523 4297 ἑτέραν),
3552 4214 3754 4286 ἐξεῦρεν

2176 4322 2326 4385 ὅπως
2358 4321 2569 4377 ἀνύσει.
2610 4320 2724 4376 Καὶ
2752 4313 2911 4385 οὗτος
2943 4315 3015 4392 ἦν
3041 4320 3070 4372 ό
3099 4319 3305 4390 τρόπος
3350 4320 3379 4371 ὁ
3406 4308 3754 4387 παραδοξότα-

2181 4430 2295 4477 τος.
2329 4413 2455 4476 Τοῖς
2486 4413 2598 4484 γὰρ
2623 4412 2892 4477 ἐναντίοις
2926 4412 3223 4482 ἐχρήσατο,
3250 4411 3351 4465 καὶ
3380 4409 3468 4463 ἵνα
3488 4401 3753 4469 Δεσπότης

2183 4505 2391 4578 ἀληθὴς
2424 4501 2482 4578 ᾗ,
2510 4505 2703 4560 δούλου
2732 4506 2950 4577 δέχεται
3008 4504 3173 4574 φύσιν
3222 4504 3321 4559 καὶ
3370 4501 3609 4558 διακονεῖ
3652 4494 3752 4551 τοῖς
3802 4518 3807 4521 ·

484 4588 663 4647 servis
695 4586 1051 4654 ministravit,
1083 4603 1258 4658 usque
1298 4587 1366 4644 ad
1403 4599 1634 4644 mortem
1665 4590 1868 4646 crucis.
1899 4589 1968 4647 Et
1995 4593 2075 4649 sic

2192 4597 2394 4663 δούλοις
2420 4598 2587 4670 μέχρι
2623 4596 2866 4669 σταυροῦ
2912 4596 3013 4651 καὶ
3058 4596 3317 4658 θανάτου,
3357 4594 3454 4650 καὶ
3481 4590 3621 4646 οὕτω
3662 4582 3752 4645 τὰς
3790 4610 3795 4615 '

481 4687 696 4742 animas
725 4700 1013 4743 servorum
1048 4685 1211 4754 cepit,
1245 4693 1300 4740 et
1338 4684 1674 4740 voluntatem
1709 4684 1863 4740 nullo
1895 4684 2073 4740 admi-

2192 4691 2361 4763 ψυχὰς
2388 4691 2499 4746 τῶν
2533 4690 2740 4745 δούλων
2771 4690 2922 4760 αἱρεῖ
2967 4689 3062 4744 καὶ
3102 4688 3205 4759 τὴν
3262 4687 3485 4757 θέλησιν
3543 4680 3753 4752 ἀμέσως

479 4779 671 4835 niculo
714 4779 773 4833 in
821 4784 1154 4847 potestatem
1209 4776 1444 4848 redegit.
1478 4776 1658 4843 Hujus
1690 4774 1765 4830 rei
1806 4776 1981 4845 gratia
2017 4784 2073 4832 et

2192 4782 2494 4855 χειροῦται.
2548 4783 2757 4838 Τούτου
2784 4784 2951 4854 χάριν
3008 4782 3106 4835 καὶ
3135 4780 3352 4844 Παῦλος
3414 4776 3615 4845 ταύτην
3664 4768 3753 4838 τὴν

479 4872 710 4937 Paulus,
742 4871 924 4926 sciens
954 4869 1061 4925 hoc
1082 4869 1446 4925 ministerium
1467 4883 1591 4924 esse
1613 4881 1837 4922 causam
1868 4869 2022 4938 regni
2049 4908 2066 4936 ,

2192 4877 2471 4933 5ιακονίαν
2504 4875 2604 4946 τὴν
2638 4874 2823 4929 αἰτίαν
2847 4873 3005 4936 είδὼς
3035 4868 3178 4927 εἶναι
3206 4873 3311 4942 τῆς
3334 4867 3632 4942 βασιλείας,
3678 4860 3750 4913 ὅτι

484 4984 502 5016 ι
530 4963 669 5031 Quia
703 4961 1016 5017 bumiliavit
1061 4961 1443 5031 semetipsum,
1486 4960 1683 5030 inquit,
1726 4959 1905 5015 factus
1935 4962 2069 5017 obe-

2192 4987 2200 5021 ι
2240 4968 2649 5024 Ἐταπείνωσεν
2701 4966 2923 5033 ἑαυτὸν,
2964 4966 3122 5036 φησὶ,
3179 4964 3479 5034 γενόμενος
3526 4957 3749 5026 ὑπήκοος

2174 5056 2346 5129 μέχρι
2380 5056 2652 5123 θανάτου,
2693 5058 2794 5110 καὶ
2821 5054 3056 5110 θανάτου
3089 5053 3348 5124 σταυροῦ,
3404 5051 3493 5105 διά
3529 5046 3682 5101 τοῦτο
3720 5040 3749 5093 ό

2173 5149 2306 5213 Θεὸς
2330 5149 2496 5203 αὑτὸν
2526 5146 2859 5218 ὑπερύψωσε
2886 5162 2901 5178 ο
2933 5165 2953 5199 ι
2977 5145 3075 5199 καὶ
3104 5145 3133 5198 ὁ
3161 5143 3479 5213 θαυμαστὸς
3493 5135 3711 5193 Ἡσαΐας
3728 5144 3743 5161 ⁸

2172 5262 2191 5296 ι
2225 5243 2325 5298 Διὰ
2350 5240 2513 5296 τοῦτο
2553 5240 2740 5306 αὐτὸς,
2769 5239 2929 5311 φησὶ,
2971 5235 3377 5309 κληρονομήσει
3408 5228 3634 5292 πολλοὺς
3653 5220 3739 5279 καὶ

2171 5335 2284 5390 τῶν
2328 5333 2570 5405 ίσχυρῶν
2608 5334 2789 5405 μεριεῖ
2833 5330 3032 5397 σκῦλα,
3078 5329 3199 5384 ἀνθ’
3246 5322 3324 5383 ὧν
3353 5321 3624 5396 παρεδόθη
3671 5315 3746 5376 εις

2173 5427 2405 5482 θάνατον
2439 5428 2472 5497 ἡ
2504 5426 2651 5498 ψυχὴ
2677 5422 2842 5480 αὑτοῦ
2875 5424 2972 5478 καὶ
3001 5421 3140 5493 μετὰ
3170 5421 3395 5492 ἀνόμων
3419 5411 3692 5483 ἐλογίσθηο
3718 5422 3736 5456 ³

476 5057 634 5110 diens
652 5067 827 5122 usque
850 5053 917 5106 ad
936 5059 1192 5118 mortem,
1210 5062 1447 5106 mortem
1475 5061 1661 5106 autem
1688 5050 1889 5107 crucis.
1922 5053 2065 5108 Pro-

475 5156 596 5218 pter
612 5144 827 5217 quodet
846 5145 988 5200 Deus
1005 5144 1265 5198 exaltavit
1280 5143 1433 5197 illum
1451 5145 1493 5196 ³.
1521 5160 1540 5193 ι
1562 5143 1629 5197 Ει
1649 5143 1819 5198 Isaias
1849 5160 1862 5198 :
1888 5162 1908 5196 ι
1929 5142 2064 5200 Pro-

475 5249 596 5311 pter
629 5237 776 5308 quod
805 5236 922 5308 ipse
953 5237 1300 5291 haereditabit
1328 5236 1554 5299 multos,
1585 5246 1639 5289 et
1660 5233 1885 5290 fortium
1918 5238 2064 5293 divi-

474 5332 567 5387 det
584 5329 759 5400 spolia
790 5346 804 5383 :
835 5343 933 5399 pro
958 5342 1026 5384 eo
1058 5327 1203 5398 quod
1235 5326 1529 5381 lradiditin
1559 5336 1789 5383 mortem
1819 5329 2058 5385 animam

475 5437 656 5488 suam,
687 5436 812 5475 cum
849 5420 1055 5491 iniquis
1092 5428 1379 5488 reputatus
1410 5428 1495 5474 est
1516 5419 1556 5471 ⁸.
1594 5437 1615 5471 ι
1655 5418 1892 5490 Propter
1936 5424 2060 5493 pri-

477 5529 622 5568 mam
657 5513 804 5568 enim
856 5511 1275 5568 fabricationem
1330 5511 1585 5568 Christus
1611 5525 1820 5568 natura:
1858 5524 2062 5572 nostrae

2192 5520 2275 5574 ὶιά
2322 5521 2423 5591 μὲν
2447 5518 2563 5591 γὰρ
2595 5518 2697 5589 τὴν
2731 5515 2959 5588 πρώτην
2984 5515 3353 5587 δημιουργίαν
3409 5509 3509 5579 τῆς
3533 5503 3737 5575 φύσεως

475 5604 743 5661 Dominus
794 5614 902 5661 est.
952 5604 1188 5676 Pmpter
1243 5619 1442 5661 novam
1507 5615 1691 5662 autem
1746 5618 2057 5663 creaturam

2192 5611 2329 5681 ἱμῶν
2360 5612 2389 5663 ὁ
2419 5611 2656 5682 Χριστὸς
2682 5609 2987 5680 Δεσπότης,
3011 5607 3103 5661 διὰ
3126 5606 3184 5661 δέ
3213 5607 3313 5676 τὴν
3353 5599 3546 5670 καινὴν
3573 5592 3740 5650 κτίσιν

477 5697 816 5753 voluntatem
856 5699 1111 5769 subegit;
1139 5696 1288 5769 quod
1340 5711 1470 5754 vere
1505 5708 1591 5757 est
1618 5700 1764 5757 inter
1805 5700 2061 5759 homines

2192 5702 2270 5775 ἰῆς
2299 5702 2529 5774 γνώμης
2564 5703 2900 5779 ἐκράτησεν,
2953 5701 3095 5774 ὅπερ
3140 5700 3289 5757 ἐστὶν
3327 5691 3626 5768 ἀνθρώπων
3667 5683 3738 5746 ὡς

549 5883 765 5944 ‘ilebr.
801 5900 843 5953 ι,
870 5885 925 5944 3.
1001 5885 1046 5920 ἰθ
1076 5886 1224 5951 Luc.
1257 5906 1357 5962 xu,
1405 5890 1496 5947 '57.
1550 5849 1593 5928 .'
1632 5892 1867 5965 Philipp.
1909 5909 1967 5962 ιι,
2001 5896 2056 5952 8.
2133 5895 2153 5930 °
2184 5894 2293 5953 Isa.
2332 5910 2445 5963 Ltti,
2493 5895 2579 5951 l2.
