4036 6438
420 372 556 471 σει,

1484 373 1584 434 ΒΕ
1612 374 1790 437 VITA
1820 371 1900 433 ιΝ
1941 374 2290 440 CHRISTO
2321 382 2472 445 LIB.
2505 382 2600 442 IV.

3593 395 3705 456 69.2

423 465 644 563 ἀληθῶς
693 465 1052 562 βασιλεύειν(
1092 490 1184 545 ὅτε
1247 491 1350 560 τὴν
1405 490 1549 546 κατά
1608 491 1702 544 τὸν
1752 489 2017 561 λογισμὸν

2130 509 2378 564 regnare,
2439 495 2658 563 quando
2697 493 2979 549 arbitrium
3020 497 3270 564 rationis,
3318 507 3374 554 et
3404 499 3704 558 voluntatis

423 583 678 650 ἐξουσίαν
713 583 810 637 καὶ
835 582 936 652 τὴν
963 581 1065 652 τῆς
1115 579 1346 652 γνώμης
1404 579 1760 649 αὐτονομίαν,
1797 579 1833 634 ἀ
1867 583 2013 634 ποιεῖ

423 675 515 730 τὸν
546 674 867 744 ἄνθρωπον,
896 674 1136 729 ἐνταῦθα
1167 673 1487 745 καταδήσας
1513 676 1610 726 καὶ
1647 674 2011 744 δουλωσάμε-

425 786 515 831 νος
530 769 762 839 ῆγαγεν,
795 768 935 838 ὑπὲρ
966 760 1027 820 οὗ
1055 769 1179 836 καὶ,
1219 788 1237 820 ι
1261 768 1452 838 Ἐδόθη
1478 786 1568 839 μοι
1589 770 1738 822 πᾶσα
1769 770 2009 835 ἐξουσία,

427 863 614 932 φησὶν,
648 863 707 914 ἐν
747 861 966 930 οὐρανῷ
1011 861 1108 916 καὶ
1154 863 1248 916 ἐπὶ
1314 863 1412 932 τῆς
1461 862 1587 930 γῆς,
1629 880 1650 913 ι
1693 863 1769 925 ὡς
1831 861 1894 931 δή
1959 879 2013 913 τι

427 953 615 1009 καινὸν
641 953 836 1006 παθὼν
864 956 892 1006 6
919 953 1028 1023 πρὸ
1050 952 1158 1007 τῶν
1206 953 1420 1008 αἰώνων
1445 956 1540 1007 τοῦ
1575 955 1784 1026 κόσμου
1813 956 2016 1008 Δεσπό-

428 1063 550 1116 της,
584 1047 669 1100 ὅτι
703 1045 844 1118 μετά
872 1046 981 1099 τῶν
1013 1047 1073 1100 ὲν
1092 1046 1308 1117 οὐρανῷ
1357 1051 1453 1100 καὶ
1475 1049 1508 1117 ἠ
1548 1048 1658 1100 τῶν
1705 1049 2014 1120 ἀνθρώπων

433 1140 593 1211 φύσις
621 1141 714 1192 τὸν
743 1139 922 1193 κοινὸν
954 1141 1170 1208 ὲπέγνω
1219 1141 1514 1208 Δεσπότην.
1590 1141 1702 1195 Καὶ
1759 1141 1867 1210 μὴν
1921 1142 2017 1194 καὶ

430 1233 488 1286 τὸ
525 1232 620 1284 τοῦ
648 1231 815 1284 Δαὸὶδ
845 1233 1046 1293 έκεῖνο,
1081 1251 1100 1284 ι
1162 1231 1546 1285 Ἐϐασίλευσεν
1595 1234 1622 1284 6
1663 1232 1795 1294 Θεὸς
1831 1233 1924 1284 ἐπὶ
1949 1232 2017 1285 τὰ

431 1326 584 1395 ἔθνη,
631 1343 650 1376 ι
706 1323 910 1394 ταύτην
953 1325 1102 1378 ἐστὶν
1137 1325 1520 1394 αἰνιττομένου
1576 1324 1675 1391 τὴν
1712 1324 2015 1394 βασιλείαν,

433 1418 556 1473 καθ’
582 1418 650 1490 ἢν
679 1418 748 1471 τὰ
774 1417 952 1488 ἔθνηοι
984 1416 1253 1487 σύσσωμα
1274 1417 1354 1486 τῷ
1387 1417 1601 1486 Σωτῆρι
1640 1417 1736 1470 καὶ
1769 1417 2015 1485 συμμέτο

434 1530 532 1582 οχα
566 1531 584 1562 ι
626 1509 836 1574 Παῦλός
875 1527 1037 1578 φησι.
1065 1510 1155 1580 Τῷ
1186 1511 1296 1579 γὰρ
1335 1510 1480 1563 οὕτω
1509 1513 1624 1572 τοῖς
1667 1509 1890 1578 σώμασι
1926 1510 2018 1561 καὶ

431 1607 550 1666 ταῖς
581 1603 781 1672 ψυχαῖς
809 1602 1070 1666 καθάπαξ
1121 1603 1366 1672 ἡνῶσθαι
1409 1603 1472 1656 οὐ
1503 1603 1773 1672 σωμάτων
1834 1603 2017 1672 μόνον,

434 1696 574 1751 ἀλλὰ
609 1696 705 1749 καὶ
741 1695 953 1765 ψυχῶν,
985 1699 1082 1750 καὶ
1117 1696 1498 1766 προαιρέσεων
1537 1696 1778 1764 κατέστη
1806 1694 2018 1748 Δεσπό-

436 1806 558 1859 της,
593 1790 689 1843 καὶ
711 1791 904 1860 κρατεῖ
932 1791 1032 1859 τὴν
1057 1789 1132 1852 ὡς
1163 1788 1382 1858 ἀληθῶς
1416 1789 1668 1857 αὐτάρκη
1723 1787 1819 1840 καὶ
1851 1786 2023 1840 καθα-

2122 585 2454 651 libertatem,
2501 602 2618 655 qua:
2673 587 2948 642 hominem
3014 588 3243 655 faciunt,
3282 592 3370 645 hic
3429 594 3604 647 vinxit
3651 605 3706 650 ct

2122 678 2349 732 subacta
2387 679 2562 733 duxit.
2611 679 2770 745 llinc,
2809 699 2828 731 ‹
2873 679 3006 732 Data
3055 693 3137 737 est
3167 683 3298 736 mihi
3336 682 3516 738 omnis
3553 697 3706 754 pote-

2121 777 2259 828 8tas,
2293 768 2488 838 inquit,
2528 768 2581 821 in
2633 769 2774 824 uelo
2807 778 2860 823 et
2907 773 2956 824 in
3001 773 3226 840 terra";
3267 793 3284 824 ι
3321 774 3464 827 velut
3505 791 3704 828 novum

2122 860 2377 928 quiddam
2407 862 2510 914 sibi
2540 863 2830 916 accidisset
2854 874 2979 918 ante
3007 865 3205 918 smcula
3237 868 3420 920 mundi
3447 866 3703 930 Domino,

2120 953 2381 1020 qttnniatn
2430 969 2554 1008 cum
2612 954 2928 1010 (:wleslibus
2992 959 3156 1011 etiam
3209 956 3449 1011 humana
3506 970 3702 1010 natura

2121 1060 2470 1099 communem
2517 1045 2805 1100 Dominum
2840 1049 3085 1117 agnovit.
3117 1049 3258 1114 Quin
3290 1060 3343 1103 ct
3375 1051 3504 1103 illud
3550 1052 3706 1103 Davi-

2119 1139 2204 1193 dis
2241 1155 2255 1190 :
2289 1157 2308 1189 ι
2339 1138 2608 1207 Reguabit
2651 1138 2790 1192 Deus
2813 1156 2978 1208 super
2999 1152 3185 1210 gentes
3211 1143 3255 1204 ⁸,
3291 1161 3309 1193 ι
3348 1143 3450 1196 hoc
3476 1159 3700 1212 regnum

2119 1230 2318 1293 innuit,
2356 1231 2656 1283 secundum
2685 1231 2828 1298 quod
2859 1240 3052 1300 gentes
3085 1234 3507 1302 concorporales
3553 1245 3702 1300 sunt,

2116 1328 2172 1374 et
2205 1319 2642 1388 comparticipes,
2693 1331 2752 1374 ut
2791 1319 2995 1374 Paulus
3026 1323 3101 1373 ait
3125 1324 3170 1375 '.
3210 1322 3343 1376 Nam
3385 1325 3532 1394 quod
3577 1340 3704 1379 eor-

2118 1413 2343 1480 poribus
2373 1421 2426 1466 et
2457 1413 2748 1470 animabus
2788 1417 2949 1470 simul
2983 1425 3038 1471 et
3069 1419 3236 1471 semel
3262 1417 3333 1470 ita
3368 1418 3557 1470 unitus
3594 1427 3699 1481 est,

2118 1499 2224 1554 hoc
2257 1517 2362 1553 nou
2391 1517 2678 1568 corporum
2731 1504 2915 1562 modo.
2970 1503 3066 1558 sed
3123 1507 3429 1558 animarum
3483 1520 3704 1574 quoque
3761 1492 3763 1494 6

2121 1600 2176 1644 et
2203 1592 2541 1646 voluntatum
2581 1591 2870 1646 Damiuum
2897 1596 3044 1659 fecit,
3082 1597 3400 1665 obtinetque
3432 1613 3557 1650 vere
3587 1598 3704 1650 sul"-

2121 1682 2312 1738 iiciens
2349 1697 2403 1738 et
2434 1684 2710 1753 integrum
2744 1701 2994 1754 regnum,
3032 1689 3145 1757 ipse
3183 1689 3311 1742 illud
3339 1705 3436 1757 per
3464 1705 3524 1744 se
3560 1690 3702 1744 sicut

2119 1773 2302 1826 anima
2361 1790 2580 1842 corpus,
2635 1785 2690 1829 et
2736 1779 2980 1832 membra
3033 1773 3367 1850 gubernans.
3417 1781 3704 1850 Reguntur

438 1847 865 1950 pav'ﬂacth'iav,
899 1847 1062 1942 αὐτὸς
1092 1847 1331 1946 όίγωνθι.ς
1361 1847 1848 1948 έαυτοῦῑκαθάπερ
1873 1877 2020 1948 ψυχὴ

2130 1867 2288 1932 enim,
2312 1868 2406 1936 qui
2436 1869 2750 1936 hocjugum
2785 1873 3262 1940 complcctendum
3287 1873 3703 1941 existimarunt,

436 1973 596 2043 σῶμα
618 1973 714 2026 καὶ
762 1971 904 2042 μέλη
934 1972 1168 2042 κεφαλή.
1215 1972 1477 2040 Ἀγονται
1517 1971 1627 2043 γάρ
1679 1973 1729 2026 οἳ
1769 1974 2020 2042 στέργειν

433 2067 529 2120 τὸν
556 2066 722 2134 ζυγὸν
745 2065 1010 2138 ᾠήθησαν
1027 2066 1240 2131 τοῦτον,
1307 2065 1499 2136 ῶσπερ
1530 2067 1631 2119 οὐκ
1691 2066 1849 2119 αὐτοὶ
1876 2065 2021 2134 λόγῳ

436 2157 735 2224 συζῶντες,
765 2155 890 2210 οὐδὲ
952 2155 1333 2228 προαιρέσεως
1392 2155 1648 2216 συνόντες
1696 2153 2020 2223 αὐτονομίᾳ.

439 2267 461 2302 ε
499 2247 800 2319 Κτηνώδης
826 2248 959 2318 γὰρ,
994 2248 1186 2318 φησὶν,
1215 2247 1489 2319 ἐγενόμην
1529 2248 1682 2318 παρά
1738 2249 1842 2310 σοὶ,
1873 2265 1891 2298 ι
1924 2247 2022 2298 καὶ

432 2342 594 2396 τοῦτό
627 2344 748 2396 ἐστι
800 2342 900 2409 τὴν
924 2341 1111 2412 ψυχήν
1155 2358 1277 2395 τινα
1309 2341 1408 2412 τὴν
1437 2341 1634 2394 ἑαυτοῦ
1672 2341 1904 2410 μισῆσαι
1927 2340 2023 2392 καὶ

431 2434 700 2486 ἀπολέσαι
727 2434 820 2487 καὶ⁵
849 2433 919 2488 δι’
945 2429 1020 2487 ὧν
1048 2433 1316 2488 ἀπόλλυσι
1379 2433 1574 2498 σῶσαι,
1629 2434 1758 2486 ὅταν
1788 2432 1963 2496 οὕτως
1985 2435 2018 2503 ή

431 2525 595 2596 καινή
624 2527 878 2598 κρατήσῃ
911 2525 1112 2590 κτίσις,
1137 2526 1231 2580 καὶ
1263 2527 1292 2579 6
1327 2526 1512 2589 καινὸς
1531 2527 1701 2597 Ἀδὰμ
1732 2526 2023 2579 παντάπα-

433 2635 520 2672 σιν
543 2618 840 2689 ἀποκρύψῃ
863 2621 954 2671 τὸν
982 2618 1240 2686 παλαιὸν,
1273 2619 1369 2674 καὶ
1399 2620 1525 2672 οὔτε
1557 2620 1868 2688 γεννήσεως
1895 2617 2022 2672 οὔτε

432 2709 580 2781 ζωῆς
610 2709 736 2762 οὔτε
763 2710 1023 2781 τελευτῆς
1053 2711 1210 2766 οὐδὲν
1248 2714 1346 2784 τῆς
1399 2713 1640 2777 παλαιᾶς
1671 2715 2020 2786 ⁵περιλειφθῇ

432 2804 633 2875 ζύμης.

503 2899 613 2950 Καὶ
642 2897 751 2966 γὰρ
776 2895 850 2967 τῷ
878 2895 1092 2968 παλαιῷ
1132 2898 1233 2967 μὲν
1257 2899 1366 2953 ἀπὸ
1400 2901 1502 2970 τῆς
1531 2899 1636 2969 γῆς
1677 2899 1909 2970 συνέστη
1962 2901 2026 2952 τὸ

433 2989 615 3059 σῶμα,
643 2991 671 3042 6
708 2989 765 3042 δὲ
799 2991 918 3053 νέος
954 2992 1020 3044 ὲκ
1052 2991 1212 3056 Θεοῦ,
1243 2992 1436 3062 φησὶν,
1466 2994 1762 3062 ἐγεννήθη,
1789 2994 1887 3046 καὶ
1919 2992 2023 3059 τῆς

433 3082 577 3152 ζωῆς
603 3081 663 3134 δὲ
709 3083 982 3154 ἑκατέρας
1034 3087 1067 3154 ή
1099 3084 1352 3154 τράπεζα
1404 3085 1700 3157 μαρτύρων
1757 3085 2020 3156 ἑκατέρα·

2116 1964 2279 2031 quasi
2312 1977 2417 2016 nou
2448 1978 2572 2017 cum
2625 1981 2723 2018 sua
2774 1969 2987 2020 ratione
3053 1969 3322 2027 viverent.
3365 1983 3461 2021 nec
3518 1969 3706 2020 volun-

2125 2059 2236 2104 tate
2285 2052 2456 2106 libera
2507 2064 2814 2110 uterentur.
2851 2057 2940 2114 Ait
2971 2060 3116 2114 enim
3167 2079 3183 2116 :
3236 2080 3256 2114 ι
3311 2062 3379 2118 Ut
3404 2065 3712 2134 iumentum

2123 2142 2300 2198 factus
2331 2159 2451 2199 sum
2483 2148 2624 2214 apud
2645 2157 2698 2203 te
2720 2148 2788 2203 ιθ.
2829 2169 2850 2202 ι
2881 2151 2948 2204 Et
2980 2151 3086 2207 hoc
3117 2164 3200 2209 est
3235 2155 3473 2225 aliquem
3505 2160 3711 2226 odisse,

2123 2246 2178 2292 et
2209 2237 2436 2306 perdere
2473 2240 2716 2295 animam
2767 2257 2947 2308 suam,
2981 2253 3034 2298 et
3067 2247 3196 2314 quia
3222 2249 3426 2316 perdit,
3465 2265 3710 2315 servare,

2123 2329 2347 2399 quando
2406 2330 2482 2384 ita
2543 2331 2824 2387 dominata
2880 2333 3048 2389 fuerit
3131 2353 3270 2392 nova
3333 2350 3609 2408 creatura,
3661 2350 3717 2397 et

2125 2437 2301 2476 novus
2321 2421 2495 2478 Adam
2519 2426 2856 2480 omnimodis
2888 2439 3125 2484 veterem
3159 2435 3516 2501 oppresserit,
3548 2436 3715 2490 nihil-

2124 2529 2231 2582 que
2279 2515 2672 2584 generationis,
2731 2517 2868 2571 nihil
2909 2519 3056 2585 vitm,
3111 2522 3250 2578 nihil
3297 2526 3516 2593 mortis,
3573 2527 3710 2583 nihil

2125 2605 2328 2661 veteris
2357 2605 2614 2660 fermeuti
2640 2606 2894 2662 relictum
2932 2607 3124 2665 fuerit.

2198 2877 2414 2934 Etenim
2467 2891 2641 2936 veteri
2701 2881 2928 2950 quidem
2981 2881 3197 2939 Adamo
3243 2892 3458 2940 eterra
3511 2902 3716 2957 corpus

2125 2987 2572 3048 coagmentatum
2623 2988 2748 3044 est;
2796 2994 2973 3034 novus
3017 2992 3200 3034 autem
3252 2995 3320 3034 ex
3351 2981 3482 3046 Deo,
3519 2981 3716 3051 inquit,

2125 3081 2287 3125 natus
2333 3080 2434 3136 est,
2481 3072 2772 3142 utriusque
2813 3073 2941 3127 vitae
2985 3082 3216 3142 utraque
3246 3089 3434 3129 mensa
3469 3078 3720 3129 testimo-

431 3174 532 3244 τὴν
564 3175 664 3243 μὲν
693 3176 802 3245 γὰρ
828 3175 1033 3246 ἀνῆκεν
1073 3176 1106 3246 ή
1138 3175 1237 3244 γῆ,
1277 3175 1371 3228 τὸν
1413 3175 1471 3229 δὲ
1511 3178 1700 3230 καινὸν
1733 3176 2021 3248 ἄνθρωπον

2133 3163 2286 3217 nium
2336 3171 2444 3218 est.
2488 3161 2642 3216 Illam
2677 3162 2900 3233 quidem
2951 3163 3112 3218 tellus
3163 3164 3470 3231 submittit;
3515 3181 3719 3220 novum

428 3271 458 3322 6
487 3269 810 3340 ἐπουράνιος
835 3268 957 3328 ἀπὸ
988 3269 1098 3323 τῶν
1146 3271 1366 3324 οἰκείων
1397 3270 1590 3340 τρέφει
1645 3271 1886 3342 σαρκῶν.
1919 3273 2020 3326 Διά

429 3360 607 3414 ταῦτα
643 3360 736 3412 καὶ
757 3360 1086 3421 ἀναλύοντες
1117 3360 1145 3412 6
1179 3359 1280 3429 μὲν
1301 3361 1382 3421 είς
1406 3360 1506 3428 τὴν
1547 3359 1650 3429 γῆν
1687 3360 2018 3430 ἐπανῆλθεν,

429 3453 491 3518 ἐξ
535 3446 603 3523 ἦς
637 3451 933 3522 προῆλθεν,
977 3454 1006 3504 6
1054 3451 1111 3504 δὲ
1143 3450 1226 3514 είς
1272 3451 1366 3504 τὸν
1398 3450 1654 3522 ’Χριστὸν
1710 3451 2016 3522 ἐχώρησεν,

429 3546 554 3601 ὅθεν
582 3546 818 3616 ἐλήφθη,
849 3545 945 3598 καὶ⁵
967 3546 1034 3614 τῇ
1057 3542 1153 3598 τοῦ
1187 3543 1614 3613 προενεγκόντος
1639 3544 1782 3615 ἀρχῇ
1816 3545 2020 3598 κατάλ-

430 3637 593 3708 ληλον
635 3638 901 3706 ἑκάτερος
928 3638 1168 3689 ποιεῖται
1206 3635 1306 3706 τὴν
1336 3634 1619 3706 τελευτήνο
1675 3654 1695 3687 ι
1733 3632 1860 3699 Dio;
1885 3637 2016 3709 γὰρ,

433 3730 626 3800 φησὶν,
679 3731 707 3781 6
733 3728 941 3800 χοῖκὸς,
995 3725 1232 3780 τοιοῦτοι
1265 3728 1360 3780 καὶ
1393 3728 1443 3778 oi
1479 3727 1678 3795 χοϊκοί,
1731 3729 1828 3780 καὶ
1855 3724 1966 3792 οἷος
1992 3731 2020 3782 6

433 3819 782 3889 ἐπουράνιος,
807 3818 1041 3872 τοιοῦτοι
1073 3819 1168 3871 καὶ
1199 3819 1249 3870 oi
1283 3818 1620 3888 ἐπουράνιοι,
1653 3835 1672 3869 ι
1709 3819 1805 3872 καὶ
1831 3821 1890 3872 οὐ
1919 3821 2020 3889 τῆς

431 3917 614 3985 ψυχῆς
651 3913 816 3968 ἕνεκα
851 3914 1038 3983 μόνον,
1061 3910 1200 3965 ἀλλά
1231 3912 1330 3966 καὶ
1370 3911 1466 3964 τοῦ
1515 3910 1772 3982 σώματος
1827 3913 2016 3967 αὑτοῦ.

433 4009 546 4062 Καὶ
571 4008 705 4061 αὐτὸ
756 4007 868 4076 γὰρ
903 4005 1258 4076 ιπουράνιον,
1315 4003 1568 4075 καθάπερ
1614 4006 1676 4058 τὸ
1736 4005 2020 4075 συναμφό-

431 4117 594 4171 τερον
627 4100 744 4152 ἐκεῖ
773 4099 982 4169 χοῖκόν·
1019 4098 1055 4168 ή
1085 4115 1144 4151 τε
1173 4099 1281 4170 γὰρ
1309 4096 1458 4168 ψυχὴ
1511 4100 1613 4160 τὰς
1662 4100 1850 4168 χεῖρας
1881 4099 2023 4152 οίκεί

433 4195 528 4247 τοῦ
563 4193 895 4262 ἐπουρανίου
932 4193 994 4245 τό
1026 4207 1087 4244 τε
1120 4191 1282 4261 σῶμα
1311 4191 1478 4262 μέλος
1522 4191 1756 4256 ἐκείνου,
1795 4195 1890 4246 καὶ
1914 4192 2019 4260 ψυ-

435 4289 541 4359 χῆς
574 4288 672 4356 μὲν
702 4286 765 4340 ού
797 4286 1044 4356 μετέχει,
1074 4284 1169 4338 τοῦ
1197 4286 1252 4338 δὲ
1276 4283 1482 4349 ζῶντος
1518 4285 1830 4356 πνεύματος
1860 4287 2022 4357 γέμει

438 4382 533 4434 καὶ
559 4381 626 4450 ζῇ
660 4378 796 4450 μετά
831 4381 932 4447 τὴν
953 4377 1213 4448 τελευτὴν
1237 4378 1334 4445 τῆς
1355 4378 1633 4449 προτέρας
1674 4379 1817 4450 ζωῆς
1839 4380 1948 4433 οὐδ’
1971 4380 2026 4432 ὃ-

437 4491 530 4527 σον
567 4475 746 4526 εἰπεῖν
779 4470 1008 4536 καλλίω,
1039 4470 1165 4523 ἐπεὶ
1216 4468 1342 4539 μηδ’
1367 4469 1648 4523 ἀπέθανεν
1675 4469 1894 4539 ἀληθῶς
1923 4471 2024 4539 τὴν

2131 3265 2312 3309 autem
2363 3255 2640 3310 hominem
2677 3257 2918 3312 emissus
2951 3257 3019 3312 de
3054 3273 3152 3312 sua
3180 3273 3347 3314 carne
3380 3260 3498 3314 alit.
3535 3260 3722 3327 Quare

2129 3356 2186 3402 et
2236 3363 2362 3402 cum
2411 3348 2815 3414 dissolvuntur,
2867 3349 2960 3403 ille
2994 3350 3048 3404 in
3087 3358 3290 3406 terram
3320 3352 3480 3417 redit,
3509 3369 3576 3408 ex
3611 3371 3720 3425 qua

2131 3443 2333 3514 prodiit
2367 3462 2382 3498 :
2411 3442 2502 3497 hic
2549 3443 2616 3498 ad
2666 3443 2948 3498 Christum
2998 3445 3168 3511 vadit,
3219 3449 3364 3501 unde
3401 3460 3720 3520 assumptus

2131 3543 2234 3598 est,
2283 3543 2338 3589 et
2379 3543 2611 3602 uterque
2652 3533 2907 3602 dignitati
2960 3533 3238 3590 eﬂectoris
3271 3537 3357 3591 sui
3388 3539 3549 3594 linem
3585 3557 3720 3597 cou-

2131 3638 2327 3692 gruum
2426 3622 2580 3676 facit.
2621 3639 2640 3674 ι
2696 3623 2887 3689 Qualis
2959 3625 3105 3678 enim
3189 3626 3390 3704 inquit,
3447 3639 3720 3699 terrenus,

2130 3715 2268 3770 tales
2307 3722 2362 3769 et
2412 3715 2640 3778 terreni,
2695 3723 2750 3768 et
2780 3715 2959 3784 qualis
2982 3716 3245 3780 cmlestis,
3287 3721 3425 3774 tales
3465 3731 3518 3775 et
3557 3723 3723 3778 mele-

2132 3806 2355 3873 stes“;
2393 3823 2413 3858 ι
2451 3820 2553 3860 nec
2595 3815 2823 3875 propter
2855 3806 3096 3861 animam
3142 3818 3380 3875 tantum,
3413 3815 3507 3868 sed
3553 3815 3720 3872 etiam

2131 3909 2353 3969 propter
2381 3913 2582 3968 corpus
2605 3898 2822 3967 ipsum;
2857 3914 2984 3952 nam
3017 3910 3072 3954 et
3101 3901 3282 3970 ipsum
3315 3905 3559 3972 cmleste,
3593 3924 3724 3977 quo-

2130 3995 2293 4048 modo
2341 4002 2635 4062 utrumque
2697 3992 2773 4047 ibi
2831 3993 3000 4048 simul
3052 4004 3352 4052 terrenum.
3411 3998 3478 4054 Et
3533 4002 3721 4058 anima

2131 4085 2336 4156 quippe
2384 4086 2439 4139 in
2471 4085 2725 4140 manibus
2758 4085 2973 4141 habitat
3014 4088 3280 4156 cmlestis,
3312 4098 3371 4146 et
3399 4106 3602 4162 corpus
3639 4109 3724 4153 est

2131 4183 2440 4237 membrum
2474 4183 2641 4238 illius.
2678 4183 2745 4237 Et
2769 4183 3011 4238 animam
3044 4185 3265 4254 quidem
3298 4205 3408 4244 non
3443 4191 3627 4256 habet,
3664 4203 3723 4247 at

2131 4277 2328 4346 spiritu
2366 4277 2600 4332 viventis
2643 4278 2864 4347 plenum
2906 4288 3024 4347 est;
3068 4287 3122 4335 et
3171 4292 3299 4352 post
3332 4285 3490 4340 linem
3523 4287 3720 4357 prioris

2134 4369 2255 4422 vitae
2313 4369 2528 4425 felicius
2572 4371 2706 4425 vivit
2744 4387 2910 4442 quam
2952 4373 3059 4428 dici
3089 4378 3289 4443 possit;
3324 4378 3593 4445 siquidem
3621 4396 3725 4436 nec

2135 4479 2260 4518 vere
2314 4474 2590 4518 mortuum
2648 4474 2732 4521 est
2781 4468 3028 4523 omnino.
3088 4470 3180 4522 Ait
3233 4471 3381 4524 enim
3432 4473 3720 4540 Salomon,

437 4567 638 4634 ἀρχήνο
669 4583 689 4615 ι
712 4559 942 4629 Ἕδοξαν
965 4561 1096 4633 γὰρ,
1122 4563 1256 4632 φησὶ
1275 4560 1552 4632 Σολομὼν,
1580 4561 1856 4628 τεθνάναι,
1886 4581 1904 4612 ι
1930 4563 2021 4616 καὶ

2136 4576 2156 4610 ι
2195 4556 2311 4613 Visi
2364 4570 2492 4613 sunt
2529 4559 2691 4622 mori,
2729 4577 2749 4609 ι
2787 4575 2890 4613 nec
2937 4560 2990 4614 id
3032 4561 3394 4630 sapientibus,
3450 4567 3542 4618 sed
3581 4584 3602 4617 ι
3638 4568 3724 4622 in-

436 4659 496 4710 οὐ
533 4659 645 4720 τοῖς
674 4655 734 4708 εὖ
764 4655 1076 4726 φρονοῦσιν,
1101 4673 1120 4708 ι
1145 4655 1259 4708 ἀλλ’
1286 4654 1346 4707 ὲν
1365 4655 1622 4726 ἀφρόνων
1650 4653 1973 4724 ὀφθαλμοῖς.
2001 4673 2021 4706 ι

441 4752 712 4822 Καθάπερ
746 4751 845 4820 γὰρ
881 4771 899 4800 ι
925 4749 952 4801 ὀ
973 4748 1210 4819 Χριστὸς
1237 4749 1487 4818 ἐγερθεὶς
1511 4751 1575 4800 ἐκ
1603 4746 1814 4817 νεκρῶν
1842 4746 2028 4800 οὐκέτι

439 4844 796 4913 ἀποθνήσκει,
819 4842 1047 4904 θάνατος
1079 4839 1245 4893 αὐτοῦ
1285 4840 1472 4892 οὐκέτι
1508 4838 1781 4908 κυριεύει,
1823 4857 1842 4890 ι
1885 4836 2031 4892 οὕτω

441 4936 509 4988 τά
535 4935 772 5005 Χριστοῦ
815 4934 952 5006 μέλη
991 4933 1222 4986 θάνατον
1270 4932 1330 4984 ού
1374 4933 1451 5000 μὴ
1497 4929 1757 5002 θεωρήσῃ
1797 4931 1878 4995 είς
1937 4930 2032 4983 τὸν

443 5028 638 5081 αίῶναο
679 5027 796 5090 πῶς
820 5027 930 5096 γὰρ
959 5025 1024 5078 ἂν
1050 5024 1310 5093 γεύσαιτο
1339 5023 1575 5077 θανάτου
1600 5023 1702 5093 τῆς
1738 5022 1918 5094 ζώσης
1945 5023 2035 5078 ἀεὶ

443 5121 668 5191 καρδίας
704 5120 1055 5190 ἐξηρτημένα
1084 5134 1100 5184 ;
1792 5171 1798 5178 .
1861 5131 1866 5134 ’

517 5215 584 5267 El.
614 5215 670 5267 δὲ
692 5215 842 5276 κόνις
873 5213 936 5264 τὸ
964 5211 1247 5282 ὁρώμενον
1275 5208 1372 5262 καὶ
1408 5209 1574 5262 πλέον
1616 5208 1790 5273 οὐδὲν,
1820 5208 1882 5261 οὐ
1924 5207 2031 5280 χρὴ

446 5306 773 5378 θαυμάζειν.
828 5305 890 5358 '0
927 5305 1028 5374 μὲν
1077 5303 1188 5373 γὰρ
1240 5301 1471 5366 πλοῦτος
1529 5302 1698 5356 ἔνδον·
1739 5318 1758 5354 ι
1818 5303 1883 5356 'H
1918 5302 2033 5373 ζωὴ

448 5401 579 5470 γὰρ,
623 5401 814 5470 φησιν,
878 5396 1035 5467 ὑμῶν
1087 5398 1435 5465 κέκρυπται,
1466 5412 1486 5448 ι
1554 5393 1584 5447 6
1630 5392 1688 5448 δὲ
1759 5393 2033 5464 θησαυρὸς

449 5493 774 5565 ὀστράκινον
797 5490 1016 5552 σκεῦος.
1054 5507 1074 5542 ι
1123 5489 1364 5559 Ἐχομεν
1418 5487 1527 5556 γὰρ
1557 5486 1647 5542 τὸν
1680 5488 1914 5540 πλοῦτον
1973 5488 2033 5539 ὲν

449 5583 801 5655 ὀστρακίνοις
828 5582 1072 5648 σκεύεσι,
1107 5598 1126 5632 ι
1165 5581 1381 5644 Παξιλος
1438 5575 1614 5634 εἶπεν·
1660 5577 1783 5634 ὅθεν
1833 5575 1913 5642 οἷς
1967 5579 2036 5632 τὰ

531 5786 768 5845 ’Μαῒιῑλ
815 5801 1011 5852 ιχνιιι,
1054 5785 1144 5842 18.
1256 5785 1453 5842 'Psal.
1501 5801 1670 5846 vau.
1727 5789 1783 5841 9.

463 5858 512 5944 ξι
547 5857 681 5932 Sap.
721 5874 806 5930 ιιι,
835 5859 893 5934 2..
973 5859 1017 5890 ¹³
1045 5855 1208 5914 Rom.
1252 5873 1326 5928 vn,
1367 5859 1421 5915 9.
1502 5860 1547 5891 ιδ
1578 5860 1792 5916 Coloss.
1849 5873 1932 5928 ιιι,
1972 5855 2028 5914 5.

1897 5787 1916 5818 ⁸
1951 5784 2151 5856 Ephes.
2198 5801 2278 5848 ιιι.
2324 5787 2378 5842 6.

2130 4650 2449 4719 sipientium
2479 4650 2655 4706 oculis
2677 4651 2748 4706 “.
2788 4671 2808 4702 ι
2832 4652 2989 4706 Sicut
3017 4656 3163 4706 enim
3207 4671 3225 4704 ι
3250 4656 3505 4710 Christus
3537 4673 3720 4712 resur-

2132 4757 2264 4813 gens
2285 4758 2354 4797 ex
2385 4742 2643 4806 mortuis,
2680 4742 2794 4812 jam
2831 4759 2942 4797 non
2971 4744 3228 4810 moritur,
3276 4761 3427 4800 mors
3468 4747 3547 4800 illi
3579 4751 3718 4804 ultra

2134 4849 2244 4888 non
2273 4835 2648 4890 dominabitur
2673 4833 2753 4889 "z
2791 4852 2811 4886 ι
2846 4835 2926 4889 sic
2955 4836 3158 4890 Christi
3201 4839 3444 4893 membra
3487 4851 3720 4897 mortem

2135 4943 2243 4982 non
2275 4927 2538 4982 videbunt
2591 4929 2644 4982 in
2677 4937 2969 4982 aeternum.
3011 4927 3296 4994 Quomodo
3339 4934 3485 4986 enim
3533 4945 3724 5004 gusla~

2136 5030 2260 5075 rent
2295 5029 2550 5086 mortem,
2588 5024 2726 5091 "qua:
2775 5036 2804 5075 a
2850 5022 3018 5076 corde
3065 5038 3284 5094 semper
3331 5025 3546 5082 vivente
3589 5045 3723 5099 pen-

2136 5113 2301 5170 deut?

2209 5207 2365 5272 Quod
2387 5207 2432 5263 si
2457 5207 2598 5262 nihil
2627 5217 2711 5263 est
2749 5219 2945 5278 praeter
2991 5209 3269 5280 pulverem
3305 5213 3451 5282 quod
3486 5212 3723 5278 videtur,

2136 5299 2273 5354 nihil
2298 5301 2539 5368 mirum;
2571 5301 2776 5356 divitiae
2798 5303 2944 5357 enim
2988 5314 3118 5359 sunt
3152 5307 3323 5359 intus.
3357 5323 3376 5356 ι
3422 5304 3540 5359 Vita
3575 5308 3721 5361 enim

2137 5401 2318 5448 vestra
2337 5389 2661 5449 abscondita
2696 5404 2781 5450 est
2809 5393 2880 5462 “,
2919 5414 2937 5448 ι
2975 5396 3178 5467 inquit.
3210 5397 3276 5451 Et
3317 5399 3610 5455 thesaurus
3639 5410 3726 5456 est

2141 5487 2195 5542 iu
2221 5502 2348 5542 vase
2375 5488 2550 5544 ﬁctili.
2595 5506 2614 5540 ι
2649 5487 2926 5546 Habemus
2956 5494 3129 5557 enim,
3165 5492 3358 5562 inquit.
3403 5494 3720 5548 thesaurum

2144 5581 2292 5636 hunc
2320 5579 2378 5635 in
2401 5584 2549 5638 vasis
2575 5582 2840 5640 ﬁctilibus
2878 5583 2945 5637 ¹³.
2980 5602 2998 5635 ι
3039 5583 3193 5640 Unde
3215 5583 3417 5652 quibus
3445 5599 3566 5654 quae
3587 5583 3723 5641 foris

2486 5789 2530 5821 ¹⁰
2568 5789 2711 5847 Psal.
2767 5805 2955 5856 Lxxm,
2987 5790 3076 5847 9.2.

3192 5792 3282 5848 “I
3335 5791 3462 5848 Cor.
3513 5805 3602 5860 xv,
3633 5789 3727 5848 43.

2109 5859 2149 5890 ⁸⁵
2191 5858 2392 5930 ιι-ιιυτ.
2429 5875 2506 5925 tv,
2539 5860 2590 5915 7.
