4036 6446
365 386 471 448 622i
510 426 521 433 .

1630 378 1937 440 NICOLAI
1982 377 2247 438 CABASI
2266 380 2374 441 [ΛΞ

3525 381 3633 445 62L

363 476 493 558 sunt
520 508 786 572 apparent
831 507 1062 564 tantum,
1105 499 1180 553 illi
1205 498 1380 553 lutum
1414 498 1798 554 tantummodo
1830 510 1946 551 cer-

2060 494 2267 567 θύραζε
2299 500 2548 566 φαίνεται
2584 498 2768 565 μόνον,
2826 501 2853 552 ό
2883 499 3055 567 πηλὸς
3105 501 3173 555 ἂν
3238 497 3412 571 ὁρῷτο
3470 500 3635 570 μόνος

366 603 543 657 nunt;
576 593 833 648 Christus
866 602 1048 645 autem
1082 606 1207 645 cum
1237 594 1576 660 apparuerit,
1617 591 1784 644 etiam
1835 591 1953 657 ipse

363 683 545 753 pultis
586 698 683 738 sua
714 680 1121 752 pulchritudine
1164 681 1501 751 conspicuus
1550 684 1675 746 erit,
1726 681 1953 750 quando

366 781 425 827 ut
460 773 766 828 membrum
802 772 948 827 illius
998 771 1675 842 fulguris‘conspieietur,
1724 782 1776 825 et
1802 771 1956 827 simi-

365 865 433 918 lis
462 865 569 919 erit
630 865 756 930 soli,
780 866 1009 934 parique
1037 865 1285 919 claritate
1326 866 1663 919 coruscabit.
1701 884 1719 915 ε
1759 863 1954 934 Fulge-

361 957 498 1013 bunt
544 958 701 1027 justi,
751 959 950 1028 inquit,
1000 961 1141 1014 sicut
1184 960 1263 1015 sol
1320 959 1373 1013 iu
1425 974 1595 1028 regno
1648 959 1824 1014 Patris
1854 974 1950 1014 eo-

361 1067 483 1106 rum
523 1051 604 1118 ²⁶;
635 1069 653 1102 ι
694 1066 926 1121 regnum
963 1050 1137 1106 Patris
1164 1066 1368 1106 vocans
1392 1051 1574 1107 radios
1610 1052 1728 1106 illos
1750 1053 1952 1122 quibus

363 1144 484 1212 ipse
519 1142 815 1213 splendens
842 1143 996 1198 visus
1034 1154 1120 1198 est
1153 1143 1440 1212 apostolis,
1500 1146 1679 1214 ipsum
1721 1159 1950 1215 regnum

363 1241 418 1287 et
450 1233 594 1303 quod
646 1233 796 1287 venit
848 1234 904 1288 in
969 1235 1192 1298 virtute,
1234 1234 1379 1289 sicut
1437 1234 1555 1304 ipse
1580 1236 1680 1299 ait,
1715 1235 1800 1290 his
1856 1234 1950 1304 qui

363 1340 490 1380 cum
534 1324 813 1379 viderunt.
850 1325 1159 1396 Fulgebunt
1190 1335 1373 1381 autem
1415 1336 1466 1382 et
1490 1328 1625 1398 justi
1656 1331 1709 1382 in
1746 1330 1835 1384 die
1858 1328 1951 1383 illo

363 1432 473 1471 una
512 1416 762 1474 claritate
813 1426 869 1472 et
920 1420 1117 1488 gloria,
1172 1419 1259 1475 his
1298 1420 1517 1488 quidem
1578 1422 1948 1489 susceptione,

365 1509 486 1579 ipso
537 1521 718 1565 autem
801 1512 1305 1566 eammunieatione
1373 1514 1730 1569 micantibus.
1786 1514 1950 1571 Panis

366 1602 511 1657 enim
548 1602 658 1666 hic,
683 1617 884 1672 corpus
916 1602 1040 1668 hoc,
1069 1604 1215 1672 quod
1250 1603 1379 1657 hinc
1404 1603 1472 1658 ab
1499 1604 1599 1659 hac
1643 1620 1831 1659 mensa
1882 1620 1948 1659 eo

364 1703 647 1766 portantes
683 1694 925 1754 venient,
963 1693 1065 1747 hoc
1095 1703 1198 1757 est,
1238 1691 1383 1762 quod
1417 1708 1585 1761 super
1619 1694 1787 1747 nubes
1819 1704 1950 1749 tunc

364 1786 617 1841 omnium
659 1784 834 1840 oculis
881 1784 1273 1853 conspicietur,
1330 1785 1643 1855 orientique
1698 1794 1752 1839 et
1799 1782 1948 1839 occi-

364 1878 516 1936 denti
552 1879 725 1933 instar
756 1877 1009 1947 fulguris.
1041 1886 1245 1947 puncto
1270 1877 1554 1947 temporis,
1583 1877 1945 1946 pulchritudi-

363 1986 490 2025 nem
546 1985 703 2025 suam
760 1968 1183 2023 demonstrabit.
1229 1966 1365 2022 Cum
1406 1970 1507 2023 hoc
1552 1970 1708 2023 radio
1755 1970 1945 2024 vivunt

365 2062 566 2124 sancti,
611 2069 664 2115 et
690 2075 722 2115 a
761 2058 1000 2115 mortuis
1026 2058 1115 2112 lux
1161 2074 1267 2113 non
1299 2059 1541 2125 recedit;
1586 2061 1764 2114 lumen
1795 2060 1945 2115 enim

360 2155 530 2225 justis
566 2168 780 2223 semper
807 2152 981 2217 adest,
1012 2162 1064 2207 et
1088 2150 1152 2206 ad
1185 2153 1352 2205 vitam
1392 2152 1539 2206 illam
1569 2153 1673 2207 hoc
1703 2152 1946 2208 illustra-

364 2245 405 2300 ti
437 2245 784 2315 perveniunt,
839 2255 1078 2311 quocum
1127 2257 1342 2312 semper
1395 2244 1634 2309 fuerunt,
1696 2246 1761 2299 atl
1811 2244 1942 2299 illud

350 2330 498 2411 tunc
528 2346 836 2393 currentes.
874 2336 1031 2402 Quod
1064 2339 1210 2389 enim
1260 2335 1458 2406 cuique
1486 2346 1615 2392 tunc
1657 2353 1947 2409 resurgen-

350 2429 501 2485 tium
545 2427 783 2490 eveniet,
831 2434 890 2481 ut
921 2441 1068 2492 ossa,
1102 2435 1156 2481 et
1186 2436 1393 2497 partes,
1450 2437 1503 2482 et
1531 2428 1776 2483 membra
1817 2445 1943 2484 cum

365 2520 546 2589 capite
580 2517 650 2573 ad
681 2517 1047 2587 integritatem
1075 2518 1293 2587 corpori
1332 2519 1710 2575 illustrandam
1742 2537 1945 2578 conve-

350 2590 539 2675 ‘niant,
597 2610 702 2663 hoc
748 2608 874 2662 item
919 2607 1141 2664 Christo
1174 2608 1464 2675 Salvatori,
1518 2615 1796 2668 communi
1828 2629 1948 2668 om—

364 2704 520 2757 nium
552 2691 716 2771 capiti
748 2702 1051 2771 continget.
1087 2700 1305 2758 Etenim
1328 2719 1493 2774 super
1524 2706 1698 2761 nubes
1729 2717 1943 2763 tantum

349 2800 684 2860 coruscans,
715 2794 938 2864 propria
972 2796 1337 2865 undecunque
1396 2797 1639 2853 membra
1691 2801 1940 2870 recipiet,

349 2878 513 2959 EDeus
568 2886 622 2941 in
683 2885 867 2941 medio
914 2886 1168 2952 deorum,
1232 2887 1518 2957 speciosus
1566 2891 1944 2959 speciosorum

349 2956 600 3052 'agminis
626 2980 970 3051 coryphaeus.
1006 2978 1073 3034 Et
1104 2956 1566 3050 quemadmodum
1592 2956 1757 3039 onera
1780 2986 1943 3053 elata,

350 3073 598 3153 [vinculis
631 3072 1017 3127 cohibentibus
1046 3073 1287 3142 diruptis
1308 3114 1323 3140 ,
1354 3075 1409 3127 in
1454 3084 1655 3130 terram
1691 3078 1943 3145 tendunt,

2057 588 2149 639 τοῦ
2176 589 2417 657 Χριστοῦ
2450 590 2869 658 διαδειχθὲντος,
2907 592 3001 643 καὶ
3027 593 3058 659 ἡ
3096 593 3248 655 κόνις
3273 592 3412 662 αὕτη
3464 595 3527 646 τὸ
3549 597 3631 647 οἰ-

2057 678 2203 729 κεῖον
2236 678 2565 744 ἐπιδείξεται
2609 680 2823 744 κάλλος,
2854 681 2945 734 ὅτε
2970 682 3069 750 τῆς
3098 684 3387 752 ἀστραπῆς
3414 684 3633 753 ἐκείνης

2058 769 2220 836 μέλος
2247 769 2379 823 οὖσα
2412 774 2663 840 φανεῖται
2693 775 2787 825 καὶ
2818 778 3200 844 προσαρμόσει
3256 776 3336 846 τῷ
3371 776 3507 847 ἡλίῳ
3535 779 3633 831 καὶ¹

2054 857 2153 927 τὴν
2181 848 2377 913 ἀκτῖνα
2408 862 2591 930 κοινὴν
2613 864 2832 932 ἀφήσει.
2873 882 2892 915 ι
2926 865 3215 934 Λάμψουσι
3266 869 3396 935 γὰρ.
3443 868 3629 936 φησὶν,

2055 952 2104 1003 οἱ
2130 950 2328 1004 δίκαιοι
2349 954 2424 1016 ὠς
2457 954 2485 1005 ό
2524 954 2671 1023 ἥλιος
2738 957 2794 1007 ἐν
2848 959 2914 1029 τῇ
2951 955 3202 1027 βασιλείᾳ.
3265 959 3358 1011 τοῦ
3414 960 3633 1029 Πατρδς

2055 1040 2259 1104 αὐτῶν,
2302 1060 2320 1093 ι
2362 1042 2642 1111 βασιλείαν
2686 1044 2778 1097 τοῦ
2810 1045 3022 1115 Πατρδς
3054 1047 3154 1117 τὴν
3192 1048 3384 1103 ἀκτῖνα
3446 1050 3632 1103 καλῶν

2053 1131 2292 1204 ἐκείνην,
2334 1135 2539 1207 καθ’ἥν
2567 1136 2723 1205 ῶφθη
2760 1138 2858 1207 μὲν
2891 1139 3056 1202 αὐτὸς
3082 1140 3319 1209 λάμπων
3355 1145 3467 1206 τοῖς
3495 1144 3631 1197 ἀπο-

2055 1224 2287 1287 στόλοις,
2313 1226 2486 1297 αὐτὴν
2525 1226 2624 1299 τὴν
2687 1226 2970 1296 βασιλείαν
3029 1228 3124 1281 τοῦ
3156 1229 3315 1293 Θεοῦ,
3374 1232 3628 1303 καθάπερ

2052 1317 2215 1379 αὐτός
2244 1335 2433 1388 φησιν,
2465 1318 2789 1388 ἐληλυθυῖαν
2833 1324 2891 1373 ἐν
2952 1321 3202 1403 δυνάμει.
3231 1323 3581 1395 τεθεαμένοις
3607 1342 3623 1355 ⁸

2052 1408 2326 1479 λάμψουσι
2352 1410 2407 1464 δὲ
2428 1410 2521 1464 καὶ
2557 1411 2607 1463 oi
2635 1410 2836 1465 δίκαιοι
2871 1413 2966 1466 ἐπὶ
2993 1414 3093 1483 τῆς
3146 1415 3367 1487 ἡμέρας
3407 1420 3627 1489 ἐκείνης

2055 1502 2187 1572 μίαν
2217 1502 2583 1571 λαμπρότητα
2617 1503 2712 1556 καὶ
2739 1502 2920 1570 δόξαν,
2950 1504 3061 1557 τῶν
3103 1505 3202 1575 μὲν
3239 1507 3317 1577 τῷ
3347 1507 3623 1577 δέχεσθαι,

2051 1593 2144 1647 τοῦ
2174 1593 2231 1647 δὲ
2272 1594 2349 1661 τῷ
2388 1595 2626 1648 διαδόναι
2690 1597 3154 1667 φαιδρυνομένων.
3222 1598 3281 1650 Ὅ
3308 1600 3416 1670 γὰρ
3463 1600 3628 1669 ἄρτος

2052 1677 2228 1746 οὗτος,
2253 1684 2313 1736 τὸ
2349 1684 2510 1753 σῶμα
2537 1684 2717 1751 τοῦτο,
2757 1686 2897 1757 ὅπερ
2950 1686 3194 1741 ἐνθένδεν
3232 1690 3339 1743 ἀπὸ
3376 1691 3473 1760 τῆς
3495 1709 3629 1761 τρα-

2052 1774 2224 1843 πέζης
2264 1775 2466 1845 ταύτης
2497 1778 2615 1830 ἐκεῖ
2651 1775 2975 1843 κομίζοντες
3020 1779 3232 1849 ἥξουσι,
3294 1781 3451 1836 τοῦτό
3478 1786 3627 1838 ἐστιν

2046 1866 2183 1934 ὅπερ
2209 1867 2427 1919 ἐπὶτῶν
2450 1867 2688 1935 νεφελῶν
2708 1867 2827 1921 τότε
2845 1872 3090 1937 φανεῖται
3125 1872 3288 1923 πᾶσιν
3304 1873 3625 1945 ὀφθαλμοῖς,

2047 1958 2142 2012 καὶ
2166 1958 2327 2022 δείξει
2357 1959 2455 2029 τὴν
2486 1959 2640 2029 ῶραν
2663 1960 2895 2031 ἀνατολῇ
2923 1962 3016 2015 καὶ
3045 1960 3196 2016 δύσει
3227 1964 3387 2035 δίκην
3416 1968 3626 2037 ἀστρα-

2049 2050 2159 2119 πῆς
2198 2052 2257 2104 ἐν
2281 2054 2378 2121 μιᾷ
2406 2054 2598 2122 χρόνου
2639 2055 2800 2124 ῥοπῇ·
2840 2056 2981 2122 μετὰ
3008 2056 3211 2126 ταύτης
3238 2057 3402 2121 ζῶσιν
3428 2062 3478 2112 ei
3516 2078 3625 2131 μα-

2046 2142 2234 2212 κάριοι
2264 2142 2363 2212 τῆς
2410 2146 2634 2209 ἀκτῖνος
2692 2148 2789 2199 καὶ
2825 2147 3203 2203 τελευτώντων
3263 2151 3324 2204 τὸ
3358 2154 3475 2222 φῶς
3523 2157 3624 2210 οὐκ

2047 2235 2351 2305 ἀποχωρεῖ.
2386 2237 2505 2299 Φῶς
2535 2238 2645 2307 γὰρ
2697 2239 2927 2305 δικαίοις
2980 2243 3297 2310 διαπαντὸς,
3357 2248 3625 2322 καὶπρὸς

2048 2328 2147 2399 τὴν
2183 2330 2331 2399 ζωὴν
2357 2331 2576 2402 ἐκείνην
2610 2331 2786 2404 τούτῳ
2818 2333 3131 2402 λάμποντες
3173 2338 3550 2406 ἀφικνοῦνται,
3579 2336 3625 2411 ᾧ

2048 2418 2139 2471 τὸν
2171 2419 2259 2474 ἀεὶ
2288 2422 2532 2491 συνῆσαν
2562 2422 2780 2493 χρόνον,
2813 2423 2902 2476 ἐπ’
2943 2428 3121 2479 ἐκεῖνο
3166 2431 3470 2499 τηνικαῦτα
3496 2433 3625 2503 τρέ-

2047 2527 2262 2580 χοντες.
2301 2513 2365 2566 Ὃ
2404 2512 2514 2583 γὰρ
2560 2514 2775 2584 ἑκάστῳ
2810 2517 3154 2587 συμϐήσεται
3197 2524 3319 2575 τότε
3354 2526 3462 2579 τῶν
3490 2529 3624 2582 ἀνα-

2049 2603 2465 2674 ϐιωσκομένων,
2498 2606 2635 2660 όστᾶ
2663 2608 2759 2660 καὶ
2790 2608 2931 2679 μέρη
2985 2612 3080 2663 καὶ
3114 2613 3253 2684 μέλη
3311 2619 3378 2688 τῇ
3411 2620 3620 2691 κεφαλῇ

2051 2696 2308 2751 συνιόντα
2346 2697 2446 2766 τὴν
2479 2698 2708 2769 δλότητα
2744 2701 2822 2771 τῷ
2857 2702 3070 2773 σώματι
3099 2707 3408 2776 διασώζειν,
3466 2712 3624 2766 τοῦτο

2049 2789 2147 2843 καὶ⁵
2169 2787 2247 2859 τῷ
2271 2790 2486 2860 Σωτῆρι
2535 2790 2781 2863 Χριστῷ,
2832 2797 2899 2865 τῇ
2933 2798 3151 2851 πάντων
3176 2805 3333 2872 κοινῇ
3384 2806 3620 2876 κεφαλῇ.

2049 2882 2159 2936 Καὶ
2182 2881 2292 2954 γὰρ
2324 2883 2418 2935 ἐπὶ
2447 2883 2558 2938 τῶν
2597 2885 2840 2953 νεφελῶν
2879 2889 3205 2959 ἀστράψασα
3241 2894 3408 2961 μόνον
3446 2895 3514 2948 τά
3542 2898 3623 2949 oi-

2049 2975 2174 3027 κεῖα
2212 2975 2552 3046 πανταχόθεν
2610 2977 2955 3047 ἀπολήψεται
2991 2980 3152 3053 μέλη,
3204 2983 3338 3048 Θεὸς
3371 2986 3431 3039 ἐν
3473 2988 3625 3059 μέσῳ

2055 3068 2217 3135 θεῶν,
2258 3069 2461 3139 ὡραῖος
2501 3070 2708 3141 ὡραίου
2755 3075 3055 3143 κορυφαῖος
3086 3077 3272 3148 χοροῦ,
3322 3082 3417 3134 καὶ
3457 3082 3627 3137 καθά-

350 3164 721 3233 utediumque
749 3163 928 3217 locum
968 3177 1064 3217 seu
1093 3174 1347 3218 centrum
1385 3166 1568 3221 statim
1606 3177 1830 3237 petunt;
1864 3170 1945 3224 sic

2052 3180 2158 3234 περ
2196 3163 2266 3216 τὰ
2301 3165 2554 3234 μετέωρα
2593 3165 2738 3235 βάρη
2773 3166 2882 3220 τῶν
2906 3166 3123 3237 δεσμῶν
3175 3171 3284 3225 τῶν
3317 3174 3625 3244 ἐπεχόντων

362 3265 419 3312 et
453 3270 680 3325 corpora
705 3263 1019 3309 sanctorum
1052 3264 1209 3310 teme
1238 3257 1393 3311 allisa
1427 3267 1558 3312 sunt
1583 3259 1673 3314 illa
1700 3262 1944 3329 quidem,

365 3358 421 3405 et
450 3347 792 3419 corrttptioni
819 3347 1039 3417 alligata
1085 3350 1363 3419 tyrannidi
1408 3353 1657 3417 subjecta
1690 3363 1944 3419 manent;

350 3449 416 3529 δοι
447 3441 655 3496 idcirco
682 3441 1117 3509 ingemiscimus,
1170 3440 1369 3511 inquit,
1401 3446 1454 3497 itt
1482 3444 1590 3499 hoc
1612 3446 1944 3501 habitacula.

368 3534 504 3590 Cum
540 3543 723 3590 autem
759 3533 985 3589 libertas
1025 3534 1265 3602 aﬂ'uerit,
1305 3537 1510 3607 impetu
1545 3540 1847 3593 incredibili
1879 3540 1946 3595 ad

352 3614 640 3680 Christum
693 3624 964 3692 ferentur,
996 3634 1056 3680 ut.
1103 3629 1383 3698 proprium
1431 3629 1613 3684 locum
1656 3632 1943 3700 recipiant.

362 3715 547 3783 Quare
603 3716 809 3772 Paulus
861 3718 1158 3775 ostendens
1215 3735 1439 3775 cursum
1489 3722 1640 3775 illum
1696 3723 1945 3778 cohiberi

363 3824 475 3864 non
504 3824 686 3877 posse,
721 3818 882 3865 vocat
938 3821 1181 3882 raptum.
1211 3830 1231 3865 ι
1269 3811 1568 3883 Rapientur
1618 3814 1821 3883 inquit,
1887 3815 1941 3869 in

364 3902 604 3957 nubibus
627 3902 843 3957 obviam
880 3901 1101 3959 Christo
1138 3904 1192 3958 in
1224 3905 1438 3960 aera".
1461 3903 1568 3960 »Ει
1590 3905 1840 3962 Salvator
1870 3907 1947 3962 ait

364 4009 425 4049 se
454 3994 579 4050 illos
604 4005 1010 4066 suscepturum.
1075 4015 1093 4049 ι
1131 3995 1314 4063 Tunc,
1342 3997 1621 4068 inquiens,
1656 4000 1765 4054 duo
1786 4011 1946 4057 erunt

366 4087 421 4141 in
447 4102 605 4155 agro,
663 4103 805 4142 unus
833 4098 1171 4154 assumetur,
1199 4098 1255 4143 et
1288 4089 1427 4143 alter
1453 4090 1794 4161 relinquetur
1817 4092 1882 4160 ης
1919 4111 1937 4146 ι

369 4176 501 4231 illud
530 4177 872 4246 signiﬁcans,
920 4179 1058 4233 nihil
1087 4194 1212 4235 esse
1242 4179 1543 4235 humanum
1575 4197 1675 4238 nec
1704 4186 1758 4239 in
1810 4185 1944 4255 ipsis

366 4266 561 4331 situm,
587 4275 835 4321 utntorre
874 4269 1029 4324 locus
1073 4269 1400 4340 sitaliquis;
1435 4272 1530 4328 sed
1576 4273 1691 4343 ipse
1728 4276 1939 4344 trahet,

363 4359 483 4429 ipse
518 4359 817 4429 rapiet,qui
859 4377 966 4416 non
991 4370 1169 4433 potest
1198 4364 1405 4421 servire
1434 4368 1691 4438 tempori.

445 4729 755 4784 Sicntenim
778 4733 825 4783 a':
864 4732 1017 4785 initio
1036 4746 1143 4788 non
1163 4736 1946 4808 exspectaritutquaereretur,

365 4822 461 4877 sed
478 4821 592 4891 ipse
605 4822 922 4880 aberrantes
941 4826 1213 4895 quaesivit,
1230 4830 1716 4907 demonstratoque
1732 4834 1947 4900 itinere,

365 4911 561 4968 deinde
573 4912 788 4968 ambula
799 4930 856 4970 re
875 4932 980 4971 non
999 4919 1263 4984 valentes,
1288 4920 1403 4990 ipse
1425 4921 1671 4977 sublatos
1691 4923 1743 4976 in
1765 4924 1954 4980 Imme-

365 5018 459 5057 ros
481 5004 740 5072 portavit,
766 5014 820 5058 et
854 5006 1106 5064 labentes
1135 5019 1374 5078 reparat.
1392 5018 1453 5066 et
1473 5010 1680 5068 inertes
1699 5016 1949 5085 corrigit,

365 5107 416 5152 ct
442 5096 797 5151 abscedentes
848 5098 1099 5166 advocat,
1134 5110 1187 5157 et
1248 5103 1475 5157 omnino
1517 5104 1585 5160 de
1637 5105 1811 5161 salute
1841 5107 1951 5164 illis

368 5189 573 5244 instare
607 5204 715 5243 non
739 5190 938 5246 desinit
965 5209 979 5246 :
1007 5193 1084 5248 sic
1115 5194 1280 5249 etiam
1314 5206 1444 5250 tunc
1477 5206 1783 5255 extremum
1822 5215 1950 5255 cur-

371 5296 489 5335 sum
522 5283 587 5335 ad
621 5281 802 5352 ipsum
859 5295 1147 5342 currentes
1176 5287 1293 5356 ipse
1319 5290 1601 5358 excitabit,
1643 5301 1697 5347 et
1720 5293 1949 5349 volanti-

369 5372 472 5428 bus
525 5372 644 5442 ipse
683 5373 800 5429 alas
835 5374 1022 5432 faciet.
1064 5376 1195 5431 Ideo
1217 5388 1270 5431 et
1303 5381 1520 5449 aquilas
1571 5398 1672 5438 nos
1706 5388 1953 5442 nominat

369 5463 436 5517 ad
493 5480 700 5534 corpus
754 5478 1144 5538 congregatas.
1218 5486 1236 5520 ι
1282 5469 1608 5541 Ubicunque
1646 5476 1789 5532 enim
1846 5479 1952 5535 erit

370 5570 589 5624 corpus,
622 5557 821 5627 inquit,
865 5559 976 5613 illic
1007 5561 1491 5630 congregabuntur
1513 5573 1565 5618 et
1597 5568 1794 5637 aquilae
1826 5571 1889 5626 η.
1922 5592 1940 5624 ι

371 5647 583 5702 Etenim
618 5664 648 5703 a
682 5665 870 5704 mensa
900 5652 963 5705 ad
998 5668 1242 5708 mensam
1268 5656 1506 5723 t'enient,
1542 5657 1609 5715 ab
1634 5663 1951 5721 abscondita

2053 3254 2335 3325 ῥαγέντων
2361 3256 2454 3307 ἐπὶ
2476 3256 2575 3326 τὴν
2626 3257 2733 3325 γῆν
2776 3260 2948 3328 χωρεῖ
2994 3263 3090 3312 καὶ
3120 3260 3212 3314 τὸν
3265 3264 3431 3333 μέσον
3464 3268 3627 3329 εὐθὺς

2051 3346 2287 3417 ἐζήτησε
2318 3347 2505 3413 τόπον,
2548 3348 2624 3412 ὡς
2651 3349 2709 3401 δὲ
2754 3349 2851 3403 καὶ
2896 3351 2965 3403 τά
3012 3352 3243 3423 σώματα
3287 3358 3400 3419 τοῖς
3451 3359 3631 3426 ἁγίοις

2054 3439 2410 3508 προσήλωται
2442 3440 2540 3510 μὲν
2563 3444 2629 3512 τῇ
2660 3444 2757 3510 γῇ,
2807 3446 2871 3514 τῇ
2905 3445 3083 3515 φθορᾶ
3115 3447 3340 3502 δεθέντα
3395 3452 3493 3504 καὶ
3538 3469 3632 3506 τυ-

2053 3532 2395 3604 ραννούμενα
2426 3535 2604 3605 μένει,
2655 3537 2749 3590 καὶ
2791 3538 2879 3591 διὰ
2909 3539 3069 3591 τοῦτο
3113 3541 3465 3611 στενάζομεν,
3526 3564 3632 3616 φη-

2054 3626 2162 3692 σὶν,
2200 3629 2257 3680 ἐν
2281 3627 2363 3698 τῷ
2392 3628 2605 3698 σκήνει,
2634 3629 2894 3699 φανείσης
2918 3632 2973 3683 δὲ
2993 3631 3092 3701 τῆς
3122 3633 3436 3705 ἐλευθερίας
3457 3638 3631 3707 ἀκραο

2047 3720 2202 3790 τήτῳ
2231 3719 2384 3790 φορῷ
2412 3720 2548 3789 πρὸς
2577 3721 2669 3773 τὸν
2699 3722 2936 3793 Χριστὸν
2985 3723 3126 3778 ἵεται
3163 3725 3258 3778 τὸν
3296 3729 3501 3781 οίκεῖον
3534 3747 3630 3783 κο·

2053 3808 2326 3879 μιξόμενα
2377 3811 2566 3865 τόπον.
2603 3811 2770 3865 Ὅθεν
2825 3815 2852 3865 ὁ
2894 3812 3106 3878 Παῦλος
3147 3816 3376 3884 ἄσχετον
3408 3817 3626 3885 δεικνὺς

2049 3898 2192 3955 εῖναι
2234 3901 2326 3955 τὸν
2389 3901 2591 3972 δρόμον
2648 3904 2882 3970 ἐκεῖνον,
2944 3904 3204 3975 ἁρπαγὴν
3288 3906 3349 3958 τὸ
3393 3910 3624 3979 πρᾶγμα

2048 3994 2236 4047 καλεῖ·
2265 4012 2284 4045 ι
2342 3992 2807 4065 Ἀρπαγησόμεθα
2841 3996 2970 4068 γὰρ,
3023 3999 3188 4067 φησιν
3221 4037 3237 4063 ,
3275 4000 3332 4051 ἐν
3374 4000 3628 4069 νεφέλαις

2049 4088 2130 4151 εἰς
2157 4089 2463 4158 ἀπάντησιν
2489 4086 2584 4140 τοῦ
2644 4087 2851 4158 Κυρίου
2916 4090 2997 4152 εἰς
3049 4090 3207 4161 ἀέρα,
3250 4109 3269 4142 ι
3324 4093 3417 4145 καὶ
3447 4093 3475 4145 ὁ
3507 4094 3624 4148 Σω-

2047 4182 2152 4251 τὴρ
2200 4180 2723 4251 παραλαμϐάνεσθαι
2787 4199 2955 4250 φησιν
2999 4183 3237 4251 αὐτοὺς,
3274 4204 3294 4238 ι
3331 4186 3466 4241 Τότε
3504 4188 3623 4256 δύο,

2046 4275 2240 4343 λέγων,
2270 4274 2487 4329 ἔσονται
2515 4276 2573 4328 ἐν
2601 4274 2680 4339 τῷ
2729 4275 2905 4348 ἀγρῷ,
2940 4276 2970 4329 ὁ
2998 4271 3079 4342 εἷς
3130 4280 3624 4350 παραλαμϐάνεται

2048 4367 2146 4422 καὶ
2195 4371 2224 4421 ὁ
2274 4364 2356 4431 εἷς
2412 4368 2658 4435 ἀφίεται,
2701 4386 2719 4419 ι
2762 4371 2940 4423 ἐκεῖνο
2990 4371 3293 4438 σημαίνων,
3347 4373 3423 4434 ὡς
3473 4374 3625 4427 οὐδὲν

2049 4460 2395 4531 ἀνθρώπινον
2424 4462 2546 4515 οὐδὲ
2576 4461 2710 4533 παρ’
2744 4462 2947 4525 αὐτῶν,
2980 4462 3124 4517 ῶστε
3176 4467 3273 4518 καὶ
3310 4466 3472 4537 σχολῇ
3501 4484 3623 4524 τινα

2053 4556 2239 4628 χώραν
2293 4553 2455 4624 εῖναι,
2498 4557 2615 4611 ἀλλ’
2651 4558 2812 4624 αὐτὸς
2868 4558 3108 4627 ἐλκύσει,
3158 4561 3318 4625 αὐτὸς
3364 4562 3628 4633 ἁρπάσει,

2050 4649 2113 4703 ὃν
2144 4649 2246 4702 οὐκ
2274 4649 2355 4702 ενι
2384 4648 2563 4720 χρόνῳ
2586 4648 2883 4705 δουλεύειν.

2127 4743 2397 4813 Καθάπερ
2426 4742 2536 4812 γάρ
2570 4743 2627 4807 ἐξ
2664 4742 2841 4812 ἀρχῆς
2896 4743 2997 4797 οὐκ
3041 4745 3299 4814 ἀνέμεινε
3331 4744 3632 4816 ζητηθῆναι

2053 4836 2188 4907 παρ’
2213 4836 2416 4902 αὐτῶν,
2465 4833 2584 4887 ἀλλ’
2613 4836 2777 4899 αὐτὸς
2816 4835 3049 4906 ἐζήτησε
3082 4838 3489 4907 πλανωμένους,
3537 4844 3635 4894 καὶ

2052 4930 2152 4999 τὴν
2184 4929 2303 4982 ὁδὸν
2329 4928 2621 4990 ὑποδείξας
2652 4926 2844 4981 ἔπειτα
2885 4928 3123 4997 βαδίζειν
3171 4932 3247 5001 μὴ
3299 4931 3632 5002 δυναμένους

2052 5021 2379 5090 ἀνελόμενος
2407 5019 2500 5072 ἐπὶ
2538 5020 2646 5073 τῶν
2682 5019 2849 5088 ὤμων
2903 5022 3130 5092 ἐκόμισε
3189 5024 3283 5076 καὶ
3333 5024 3631 5089 πίπτοντας

2055 5112 2370 5170 ἀνεκαλεῖτο
2411 5113 2505 5165 καὶ
2552 5111 2937 5183 ρᾳθυμοῦντας
2960 5114 3347 5184 ἐπηνωρθοῦτο
3374 5118 3470 5169 καὶ
3501 5119 3637 5170 ἁπο-

2054 5204 2373 5275 χωροῦντας
2403 5204 2726 5274 παρεκάλει,
2771 5208 2865 5260 καὶ
2891 5205 3030 5270 ὅλως
3052 5209 3201 5279 ςπερὶ
3227 5209 3329 5280 τῆς
3357 5213 3631 5281 σωτηρίας

2053 5298 2236 5360 αὐτοῖς
2259 5297 2561 5351 διετέλεσεν
2592 5297 2851 5367 ἐνοχλῶν
2878 5298 3022 5352 οὕτω
3052 5301 3147 5353 καὶ
3176 5302 3300 5355 τότε
3328 5304 3419 5356 τὸν
3452 5304 3635 5358 τελευ-

2053 5392 2206 5445 ταῖον
2229 5391 2366 5459 πρὸς
2398 5390 2562 5444 αὐτὸν
2593 5391 2890 5463 τρέχοντας
2922 5391 3125 5463 δρόμον
3149 5393 3312 5458 αὐτὸς
3333 5396 3635 5465 ἀναστήσει

2054 5483 2150 5536 καὶ
2188 5482 2510 5552 πετομένοις
2557 5482 2719 5546 αὐτὸς
2764 5484 3067 5553 ἐργάσεται
3123 5485 3184 5539 τὸ
3242 5486 3466 5557 πτερόν.
3537 5489 3635 5542 Διά

2054 5573 2210 5627 τοῦτο
2250 5574 2347 5627 καὶ
2375 5575 2567 5637 ἀετοὺς
2593 5575 2860 5629 ἀπεκάλει
2893 5579 3175 5640 συνιόντας
3205 5578 3301 5631 ἐπὶ
3324 5579 3384 5630 τὸ
3408 5578 3630 5647 πτῶμα,

2057 5667 2269 5720 ε”Οπου
2305 5667 2631 5740 γάρ,’φησὶ,
2659 5670 2720 5724 τὸ
2772 5670 2999 5741 πτῶμα,
3028 5672 3146 5726 ἐκεῖ
3202 5671 3632 5743 συναχθήσονται

443 5826 485 5857 ⁸⁸
514 5826 698 5884 Matth.
745 5846 853 5893 xztt,
899 5830 976 5887 i3.
1061 5831 1104 5863 "
1137 5834 1154 5885 l
1207 5831 1399 5892 Thess.
1430 5852 1500 5905 tv,
1542 5841 1625 5895 Η.
1711 5844 1751 5876 ’³
1776 5844 1966 5901 Matth.
2002 5863 2149 5914 χειν,
2176 5847 2265 5905 ‘28.
2351 5848 2392 5882 "
2426 5849 2577 5917 ibida
