4036 6438
387 397 497 463 625

1476 411 1574 474 DE
1617 414 1792 475 VITA
1835 414 1919 479 IN
1954 369 2285 482 CHRISTU
2323 423 2473 487 LIB.
2513 428 2558 485 V

3533 439 3642 502 6ἓῦ

386 514 438 565 οἱ
474 511 644 566 ἀετοί.
676 531 694 565 ι
730 514 839 568 Καὶ
879 514 991 588 γὰρ
1040 517 1150 573 ἀπὸ
1198 521 1481 596 τραπέζης
1532 528 1626 581 ἐπι
1652 531 1967 600 ’τράπεζαν

2073 534 2256 590 adhuc
2313 540 2380 591 ad
2417 540 2786 608 manifestam,
2824 556 2853 596 a
2901 556 3041 613 pane
3088 545 3156 602 ad
3211 560 3433 618 corpus.
3486 548 3646 606 Nunc

385 603 599 673 ἥξουσι,
631 605 729 674 τῆς
753 604 833 659 ἔτι
869 609 1287 686 καλυπτομένης
1313 616 1407 669 ἐπὶ
1431 617 1532 688 τὴν
1560 619 1662 691 ἤδη
1695 638 1962 693 φανερου-

389 694 578 764 μένην,
617 697 726 751 ἀπὸ
752 700 846 753 τοῦ
881 702 1044 771 ἄρτου
1076 706 1171 759 ἐπὶ
1209 706 1270 760 τὸ
1297 709 1518 780 πτῶμα.
1557 712 1674 767 Νῦν
1718 716 1820 785 μὲν
1851 719 1961 788 γᾶρ

384 784 735 879 ξρτοςὲστὶν
765 792 950 858 αὐτοῖς
997 797 1024 849 6
1055 798 1316 870 Χριστὸς,
1371 802 1471 873 τὴν
1496 784 1843 879 ἀνθρωπείαν
1862 784 1959 863 ἔτί

383 875 522 967 ζῶσι
547 878 716 951 ζωὴν,
772 885 868 936 καὶ
911 886 1119 958 πάσχα,
1175 891 1517 950 διαϐαίνουσι
1568 875 1676 967 γαρ
1714 899 1960 955 ὲνθὲνδεν

384 966 477 1020 ent
529 968 626 1038 τὴν
681 972 739 1023 ἐν
784 973 998 1047 ούρανῷ
1054 979 1230 1035 πόλινο
1295 984 1383 1037 ὅτε
1439 985 1497 1039 δὲ
1577 1007 1597 1040 ι
1631 966 1960 1056 αλλάξουσιν

388 1058 563 1127 ἰσχὺν,
626 1067 1100 1136 πτεροφυήσουσιν
1158 1072 1236 1137 ὡς
1306 1077 1476 1146 ἀετοὶ,
1517 1098 1536 1133 ›
1582 1083 1609 1135 6
1642 1080 1959 1152 θαυμαστός

385 1167 550 1244 φησιν
577 1153 831 1224 Ἦσαῒας,
861 1162 982 1215 τότε
1021 1164 1078 1218 δὲ
1109 1166 1196 1220 ἐπ’
1231 1168 1396 1223 αὐτοῦ
1420 1171 1515 1225 τοῦ
1547 1174 1837 1244 πτώματος
1864 1195 1961 1233 κα-

387 1241 663 1337 δεδοῦνται
694 1250 937 1320 καθαροῦ
969 1261 1519 1330 παραπετασμάτων.
1562 1263 1630 1318 Ὃ
1660 1241 1754 1319 οιαὶ
1783 1267 1958 1337 δηλῶν

381 1332 413 1384 6
441 1337 714 1406 μακάριός
744 1357 909 1410 φησιν
934 1345 1189 1419 Ἰωάννης
1221 1364 1235 1379 ’
1271 1367 1290 1400 ι
1332 1350 1610 1421 Ὀψᾶμεθα
1665 1332 1961 1410 αὐτὸν-κα-

384 1422 493 1487 θὼς
525 1427 679 1481 ἐστιν
799 1433 925 1487 οὔτε
988 1439 1097 1510 γὰρ
1147 1440 1311 1512 ἄρτος
1351 1444 1503 1498 ἐστὶν
1545 1445 1730 1510 αὐτοῖς
1764 1447 1868 1518 τῆς
1900 1450 1960 1502 ὲν

386 1519 551 1611 σαρκὶ
581 1518 728 1592 ζωῆς
754 1529 1137 1600 πεπαυμένης,
1170 1531 1293 1585 οὗτε
1336 1535 1523 1606 πάσχα
1555 1538 1810 1608 μένουσιν
1832 1540 1955 1611 ἤδη,

382 1608 476 1661 τοῦ
503 1611 799 1681 πτώματος
837 1617 894 1670 δὲ
943 1621 1117 1676 πολλὰ
1148 1625 1328 1695 φέρειο
1386 1631 1479 1681 καὶ
1511 1629 1621 1698 γὰρ
1671 1632 1809 1701 μετὰ

387 1701 703 1789 στιγμάτων
731 1707 786 1758 αἱ
821 1711 1003 1778 χεῖρες
1029 1712 1123 1764 καὶ
1160 1715 1230 1766 τὰ
1284 1718 1406 1787 ἴχνη
1440 1717 1553 1771 τῶν
1584 1719 1732 1789 ἥλων
1781 1721 1961 1779 σι’πὸ-

383 1788 472 1852 δες
500 1791 702 1861 ἔχουσι,
727 1800 821 1850 καὶ
846 1801 940 1852 τὸν
956 1801 1128 1859 τύπον
1169 1805 1251 1858 ἔτι
1303 1809 1463 1878 φέρει
1514 1788 1615 1863 τοῦδ
1645 1811 1872 1881 δόρατος
1921 1816 1955 1886 ἡ

2065 625 2213 680 enim
2249 629 2406 696 panis
2458 631 2565 687 illis
2595 642 2679 688 est
2704 633 2985 701 Christus,
3021 636 3200 693 adhuc
3255 641 3421 694 vitam
3450 642 3647 697 buma-

2064 732 2193 773 nam
2229 721 2561 791 viventibus,
2588 734 2642 780 et
2673 727 2875 796 phase;
2912 732 3368 787 transeuntenim
3405 734 3535 790 hinc
3588 735 3642 789 in

2061 811 2339 868 caelestem
2397 814 2694 873 civitatem.
2756 818 2989 886 Quando
3040 832 3224 877 autem
3277 839 3299 876 ι
3350 826 3647 881 mutabunt

2060 902 2462 975 fortitudinem,
2480 917 2534 963 et
2556 921 2840 965 assument
2868 926 3096 981 pennas,
3121 915 3266 969 sicut
3291 917 3489 986 aquilae
3517 917 3587 981 ‘°,
3620 936 3637 967 ι

2058 994 2220 1065 juxta
2262 995 2484 1065 Isaiam,
2517 1008 2647 1056 tunc
2681 1002 2788 1072 ipsi
2823 1006 3042 1072 corpori
3080 1021 3109 1060 a
3143 1007 3463 1063 velamentis
3499 1007 3647 1063 nudo

2062 1084 2397 1159 insidebunt.
2430 1087 2587 1155 Quod
2613 1091 2930 1159 signiﬁcans
2958 1103 3014 1149 et
3042 1095 3237 1151 beatus
3254 1097 3490 1153 Joannes
3521 1100 3596 1152 ait
3630 1118 3645 1153 :

2068 1194 2087 1228 ι
2119 1176 2441 1237 Videbimus
2488 1192 2612 1237 eum
2640 1184 2800 1240 sicuti
2857 1193 2942 1240 est
3001 1187 3074 1242 “.
3115 1206 3134 1238 ι
3173 1187 3281 1243 Nec
3307 1191 3451 1243 enim
3491 1191 3648 1259 panis

2061 1265 2312 1324 Christus
2347 1280 2430 1325 est
2475 1271 2604 1333 illis.
2634 1275 2858 1343 quando
2892 1276 3001 1330 vita
3050 1276 3104 1330 in
3128 1292 3296 1332 carne
3325 1277 3437 1346 jam
3484 1281 3646 1334 tinum

2060 1355 2375 1419 habetuiec
2412 1360 2583 1429 phase
2614 1362 2724 1432 jam
2757 1365 3127 1421 manentibus.
3175 1368 3433 1437 Corporis
3465 1379 3646 1423 autem

2058 1448 2208 1518 passi
2242 1449 2395 1518 signa
2425 1451 2597 1507 multa
2632 1452 2760 1509 fert.
2811 1453 3025 1511 Etenim
3067 1456 3198 1512 cum
3221 1459 3496 1529 stigmatis
3530 1473 3643 1512 cerc.

2059 1546 2270 1595 nuntur
2300 1558 2521 1608 manus,
2556 1553 2611 1599 et
2636 1546 2865 1619 vestigia
2913 1548 3191 1604 clavorum
3231 1553 3398 1620 pedes
3422 1551 3647 1614 habent,

2059 1640 2115 1685 et
2144 1640 2271 1687 nota
2302 1633 2468 1691 inﬁxa
2513 1637 2568 1691 in
2628 1638 2775 1693 latus
2807 1640 3010 1694 lanceae
3050 1641 3232 1697 adhuc
3264 1651 3462 1696 exstat.
3522 1641 3650 1698 Haec

2060 1739 2216 1781 coena
2238 1727 2304 1781 ad
2336 1743 2541 1799 corpus
2569 1729 2703 1785 illud
2739 1730 2862 1798 fert,
2907 1732 3025 1788 sine
3047 1748 3157 1803 qua
3192 1734 3534 1804 impossibile
3566 1744 3652 1789 est

2060 1818 2196 1875 illud
2225 1821 2454 1891 adipsci,
2481 1823 2705 1891 perinde
2732 1836 2894 1895 atque
2924 1827 3096 1881 erutis
3124 1827 3302 1883 oculis
3335 1828 3557 1882 intueri.
3590 1827 3650 1881 Si

385 1882 617 1955 πλευρά.
651 1886 825 1943 Τοῦτο
847 1892 906 1945 τὸ
931 1892 1150 1949 δεῖπνον
1201 1898 1289 1951 ἐπ’
1326 1901 1505 1955 ἐκεῖνο
1536 1904 1694 1972 φέρει
1724 1904 1786 1957 τὸ
1811 1882 1956 1958 πτῶλ
1986 1949 1991 1959 .

2063 1910 2203 1965 enim
2263 1927 2372 1965 non
2426 1914 2628 1968 habent
2680 1915 2849 1969 vitam
2901 1916 2957 1970 in
3007 1918 3339 1989 semetipsis,
3375 1919 3469 1986 qui
3509 1918 3653 1973 hanc

389 1994 483 2047 μα,
519 1981 718 2072 *τουτου
744 1987 917 2057 χωρὶς
961 1990 1245 2062 ἀμήχανον
1271 1995 1449 2049 ἐκεῖνο
1478 1995 1693 2063 λαϐεῖν,
1727 1999 1828 2071 οὐχ
1853 1994 1955 2072 ἦτ-

386 2069 532 2139 τονῆ
565 2070 658 2124 τὸν
693 2075 1002 2132 ἐκκοπέντα
1028 2083 1157 2145 τοὺς
1186 2082 1502 2154 ὀφθαλμοὺς
1532 2086 1628 2140 τοῦ
1656 2069 1834 2155 φωτδξ
1866 2069 1954 2151 εἰς

385 2164 581 2230 πεῖραν
604 2164 798 2222 ἐλθεῖν.
844 2169 908 2223 El
949 2172 1059 2241 γὰρ
1111 2173 1294 2244 ἔχουσι
1348 2177 1496 2247 ζωὴν
1524 2178 1585 2231 ἐν
1636 2179 1852 2244 ἑαυτοῖς
1906 2182 1959 2234 οἱ

380 2252 541 2307 τοῦτο
585 2255 659 2326 μὴ
700 2259 1052 2326 δειπνοῦντες
1100 2265 1163 2318 τὸ
1215 2267 1453 2336 δεῖπνον,
1514 2270 1694 2340 μελῶν
1747 2273 1960 2342 νεκρῶν

383 2343 651 2412 ἀθάνατος
688 2351 806 2414 πῶς
842 2354 909 2406 ἂν
933 2356 1150 2424 γένοιτο
1179 2361 1435 2433 κεφαλῆς
1493 2364 1610 2418 Μία
1648 2364 1751 2435 μὲν
1781 2368 1891 2438 γὰρ
1921 2369 1955 2439 ἡ

380 2439 479 2506 τῆς
508 2443 790 2513 τραπέζης
819 2446 1070 2518 δύναμις,
1120 2446 1205 2516 εἷς
1254 2454 1313 2507 δὲ
1351 2455 1552 2510 ἑστιῶν
1616 2458 1674 2511 ἐν
1708 2459 1960 2532 ἑκατέρῳ

381 2531 491 2585 τῶν
521 2536 760 2606 κόσμων,
797 2541 889 2593 καὶ
923 2542 1081 2596 τοῦτο
1137 2546 1240 2615 μὲν
1267 2548 1418 2601 ἐστιν
1448 2551 1475 2603 6
1499 2549 1752 2621 νυμφὼν,
1798 2552 1960 2606 τοῦτο

379 2622 439 2676 δὲ
519 2627 551 2696 ἡ
635 2632 774 2698 προς
825 2633 917 2685 τὸν
993 2638 1265 2707 νυμφῶνα
1347 2643 1718 2714 παρασκευὴ,
1796 2644 1961 2700 τοῦτο

381 2715 437 2769 δὲ
465 2717 625 2779 αὐτὸς
648 2721 676 2772 6
703 2724 956 2793 νυμφίος.
987 2727 1150 2782 Ὅθεν
1179 2732 1293 2801 τοῖς
1325 2732 1403 2806 μὴ
1428 2735 1570 2805 μετὰ
1587 2735 1801 2791 τούτων
1828 2736 1967 2792 ἁπε-

380 2808 638 2878 ληλυθόσι
697 2815 806 2868 τῶν
841 2818 1035 2888 δώρων
1082 2823 1224 2894 πρὸς
1255 2825 1367 2898 ’τὴν
1413 2827 1562 2900 ζωὴν
1603 2828 1758 2885 ἔσται
1798 2830 1963 2886 πλέον

381 2902 555 2957 οὐδέν·
583 2900 665 2969 οἷς
687 2906 745 2960 δὲ
773 2908 987 2981 ὑπῆρξε
1016 2915 1113 2967 καὶ
1141 2915 1329 2972 λαϐεῖν
1373 2918 1476 2991 τὴν
1503 2922 1668 2995 χάριν
1708 2924 1805 2977 καὶ
1855 2922 1963 2977 σῶ-

381 3011 496 3062 σαι,
547 3000 642 3054 καὶ
685 3003 787 3073 τὴν
828 3008 1004 3075 χαρὰν
1062 2994 1314 3080 εἰσῆλθον
1369 3015 1466 3069 τοῦ
1520 2994 1733 3089 κυρίου
1785 3019 1968 3073 αὐτῶν

381 3091 475 3143 καὶ
520 3093 596 3162 τῷ
626 3096 845 3168 νυμφίῳ
876 3102 1229 3172 συνεισῆλθον
1286 3107 1366 3171 εἰς
1402 3109 1494 3163 τὸν
1557 3111 1823 3181 νυμφῶνα
1873 3110 1970 3166 καὶ

377 3182 475 3251 τῆς
497 3183 664 3255 ἄλλης
694 3189 1019 3260 ἀπήλαυσαν
1040 3196 1139 3266 τῆς
1190 3197 1249 3252 ἐν
1295 3199 1371 3253 τῶ
1404 3201 1606 3274 δείπνῳ
1634 3203 1871 3275 τρυφῆς,
1900 3204 1962 3258 οὐ

2066 2017 2280 2059 cmuam
2303 2019 2415 2058 non
2448 2016 2687 2071 emanant,
2706 2009 2798 2077 qui
2823 2009 3147 2073 immortalis
3175 2022 3279 2075 est,
3305 2020 3650 2065 mortuorum

2066 2096 2442 2151 membrorum
2466 2101 2745 2167 quomodo
2779 2108 2958 2170 potest
3004 2116 3127 2158 esse
3158 2104 3363 2172 caput?
3417 2101 3537 2157 Una
3571 2111 3654 2157 est

2065 2188 2212 2242 enim
2244 2203 2448 2244 mensa:
2483 2191 2696 2259 virtus;
2743 2208 2887 2249 unus
2921 2194 3017 2263 qui
3069 2196 3377 2250 convivium
3411 2196 3464 2249 in
3502 2203 3653 2250 utro-

2068 2293 2176 2348 que
2224 2281 2434 2337 mundo
2488 2294 2741 2353 apparat.
2794 2284 2861 2339 Et
2891 2285 2994 2340 hoc
3043 2288 3243 2355 partim
3300 2287 3521 2356 quidem
3569 2294 3655 2341 est

2067 2372 2368 2439 thalamus,
2412 2376 2607 2445 partim
2633 2377 2699 2430 ad
2725 2376 3027 2432 thalamum
3065 2378 3414 2449 praeparatio,
3454 2379 3653 2449 partim

2067 2470 2605 2541 sponsus.ipsemet.
2644 2471 2796 2529 Unde
2816 2475 2910 2543 qui
2950 2491 3061 2530 non
3096 2489 3222 2531 cum
3256 2476 3361 2546 ibis
3395 2474 3552 2529 donis
3586 2476 3654 2529 ad

2065 2564 2237 2618 vitam
2280 2564 2408 2619 hinc
2464 2566 2718 2633 abierint,
2773 2568 2912 2624 nihil
2949 2580 3382 2640 consequentur.
3441 2568 3654 2637 Quibus

2065 2663 2246 2711 autem
2274 2658 2504 2726 gratiam
2540 2659 2791 2728 accipere
2844 2670 2899 2715 et.
2937 2677 3158 2719 servare
3213 2662 3464 2731 contigit,
3514 2663 3655 2716 etin

2065 2746 2325 2817 gaudium
2357 2745 2570 2802 Domini
2606 2750 2691 2804 sui
2754 2751 3051 2814 intrarunt,
3085 2763 3140 2809 et
3191 2769 3318 2809 cum
3352 2751 3566 2822 Spouso
3596 2752 3656 2807 in

2066 2835 2379 2891 cubiculum
2406 2838 2650 2908 nuptiale
2675 2851 3053 2898 convenerunt
3073 2844 3143 2910 ”,
3168 2852 3222 2899 et
3253 2845 3378 2899 aliis
3402 2843 3657 2915 perfruiti

2065 2936 2196 2984 sunt
2248 2930 2303 2983 in
2337 2944 2497 2986 coana
2555 2930 2789 3000 deliciis,
2813 2948 2921 2989 non
2958 2944 3088 2990 tunc
3144 2951 3208 2990 ea
3262 2935 3654 3003 adipiscentur,

2065 3020 2165 3083 sed
2200 3022 2348 3092 quod
2399 3035 2757 3094 apportantes
2792 3036 3085 3089 venerunt,
3113 3028 3332 3084 Christo
3361 3039 3657 3101 conspecto

2067 3109 2333 3182 liquidius
2391 3114 2648 3170 sentient.
2712 3114 2962 3173 Ethaec
3019 3128 3105 3174 est
3169 3122 3307 3176 ratio
3353 3121 3655 3177 secundum

2068 3219 2236 3275 quam
2275 3221 2505 3275 regnum
2535 3209 2799 3264 cmiorutn
2833 3209 2975 3266 intra
3006 3227 3107 3269 nos
3142 3223 3228 3269 est

378 3275 680 3377 τηνικαῦτα
704 3283 980 3354 τυχόντες,
1022 3286 1140 3341 ἀλλ’
1194 3288 1224 3342 ὃ
1299 3294 1620 3362 κομίζοντες
1684 3290 1875 3365 ἦλθον,
1933 3295 2127 3349 τούτου
2195 3293 2589 3367 διαδειχθέντος
2638 3300 3033 3373 καθαρώτερον
3077 3303 3484 3377 αἰσθανόμενοι.
3542 3303 3659 3362 Καὶ

377 3360 531 3435 οὗτος
555 3374 584 3426 6
617 3376 796 3446 λόγος,
829 3376 954 3436 καθ’
987 3382 1103 3458 δνή
1141 3360 1393 3457 βασιλεία
1415 3390 1524 3446 τῶν
1549 3360 1796 3465 οὐρανῶν
1828 3360 1980 3456 ἐντὸς
2010 3392 2171 3465 ἡμῶν
2196 3360 2370 3448 tactv.

390 3547 395 3550 η
450 3516 499 3548 ³ο
534 3516 639 3575 lsa.
663 3520 900 3594 31.5.51.
978 3529 1022 3560 ⁸³
1055 3527 1262 3589 Hoan.
1294 3550 1377 3603 tu,
1404 3534 1458 3590 2.
1537 3538 1584 3571 η
1611 3536 1750 3593 Luc.
1780 3533 2017 3601 “11,21

399 3725 2815 3777 ——-—___.._.__._.____________________

858 3908 1258 4038 ΠΕΡΙ
1333 3913 1674 4043 ΤΗΣ
1748 3919 1961 4047 ΕΝ
2033 3924 2662 4058 ΧΡΙΣΤΩ
2719 3931 3172 4061 ΖΩΗΣ

1482 4140 1853 4230 ΛΟΓΟΣ
1931 4145 2519 4240 ΠΕΜΠΤΟΣ.

840 4306 978 4360 Τίνα
1005 4309 1371 4365 συντέλειαν
1400 4312 1557 4382 αὐτῇ
1583 4316 1910 4387 παρέχεται
1934 4318 1975 4388 ἡ
2010 4322 2368 4392 καθιέρωσις
2399 4323 2511 4379 τοῦ
2543 4324 2705 4397 ἱεροῦ
2739 4325 3196 4395 θυσιαστηρίου.

1175 4609 1375 4735 DE
1440 4612 1835 4744 VITA
1913 4617 2075 4744 IN
2154 4546 2848 4745 CHRISTo

1497 4855 1853 4945 LIBER
1947 4857 2527 4962 QUINTUS.

494 5130 593 5193 Ad
642 5150 965 5197 sacrorum
997 5135 1475 5219 divinarumque
1514 5143 1957 5219 mysteriorum
1993 5143 2450 5205 absolutionem
2481 5139 2681 5203 altare
2706 5141 2891 5202 etiam
2921 5140 3341 5202 necessarium
3378 5159 3527 5201 esse.

446 5274 567 5329 Τῶν
623 5278 725 5349 μὲν
770 5280 934 5350 ἱερῶν
988 5283 1305 5355 μυστηρίων
1358 5278 1514 5350 οὗτος
1563 5289 1592 5340 6
1633 5287 1813 5357 λόγος,
1855 5293 1991 5353 καὶι

2129 5290 2423 5346 Sacrorum
2476 5290 2866 5363 mysteriorum
2894 5291 2974 5346 vis
3015 5300 3069 5347 ct
3099 5290 3239 5346 ratio
3277 5290 3396 5345 hanc
3443 5299 3549 5355 est,
3583 5296 3640 5344 et

371 5368 579 5454 ταύτην
612 5372 747 5443 ἡμῖν
775 5374 891 5444 ἔχει
925 5375 1063 5446 πρὸς
1094 5376 1192 5447 τὴν
1222 5376 1397 5447 ἀληθῆ
1443 5377 1591 5450 ζωὴν
1634 5381 1734 5450 τὴν
1771 5400 1955 5454 παρα-

2063 5381 2119 5437 ad
2155 5397 2338 5438 veram
2372 5382 2534 5438 vitam
2574 5385 2718 5438 hunc
2747 5382 2802 5438 in
2836 5384 3054 5439 modum
3087 5399 3187 5439 nos
3217 5384 3477 5439 excolunt
3508 5400 3646 5453 prae-

376 5452 602 5525 σκευήν.
650 5462 806 5519 Ἐπεὶ
829 5465 884 5519 δὲ
910 5467 971 5519 τὸ
997 5466 1390 5539 Θυσιαπτήριον
1419 5471 1606 5538 πάσης
1629 5473 1778 5526 ἐστὶν
1805 5452 1949 5547 ἀρχὴ

2063 5485 2381 5545 parantque.
2416 5475 2688 5531 Caeterum
2720 5475 2845 5546 quia
2879 5476 3050 5530 altare
3082 5475 3263 5530 omnis
3318 5474 3646 5529 initiatiunis

373 5553 619 5623 τελετῆς,
645 5554 713 5608 ἄν
741 5573 800 5611 τε
819 5559 1060 5614 δειπνεῖν
1090 5561 1154 5616 ἄν
1175 5576 1236 5615 τε
1271 5563 1476 5634 χρίσμα
1502 5564 1594 5636 δέῃ
1623 5563 1949 5635 λαμϐάνειν,

2063 5578 2105 5621 et
2163 5568 2598 5625 consecrationis
2631 5568 2962 5639 principium
3005 5578 3109 5631 est,
3163 5581 3260 5621 seu
3296 5582 3452 5622 sacra
3488 5580 3649 5621 cmna

375 5647 471 5698 καὶ
504 5646 610 5718 μὴν
641 5650 737 5702 καὶ
776 5652 1102 5719 ῐεράσασθαι
1135 5655 1228 5707 καὶ
1260 5656 1356 5707 τοῦ
1390 5656 1615 5727 λουτροῦ
1650 5657 1717 5709 τὰ
1746 5655 1950 5710 τελεώ-

2063 5661 2395 5731 usurpanda,
2435 5676 2531 5716 seu
2562 5661 2751 5716 unctio
2804 5660 3143 5731 accipienda,
3180 5676 3273 5716 seu
3308 5659 3643 5714 sacriﬁcium

376 5753 513 5790 τατα
548 5744 862 5811 μετασχεῖν,
890 5745 943 5797 εἴ
966 5763 1018 5797 τι
1047 5746 1140 5798 καὶ
1168 5746 1301 5799 αὐτὸ
1329 5746 1465 5818 πρὸς
1492 5751 1605 5812 τοῖς
1638 5750 1954 5820 εἰρημένοις

2063 5750 2393 5817 iaciendum,
2420 5768 2516 5808 seu
2558 5768 2680 5821 qua:
2715 5752 2768 5805 in
2802 5751 3074 5820 baptismo
3109 5751 3381 5821 praecipua
3428 5752 3650 5822 partici-

378 5827 473 5881 καὶ
504 5830 603 5899 τὴν
634 5831 918 5902 πηγνῦσαν
953 5836 1085 5889 αὐτὸ
1129 5836 1375 5910 τελετὴν,
1413 5839 1489 5905 ὡς
1519 5834 1623 5895 οἷοί
1655 5841 1714 5896 τέ
1753 5842 1946 5913 ἐσμεν,

2063 5844 2234 5914 panda
2267 5845 2416 5914 sint;
2472 5846 2518 5902 si
2555 5846 2776 5917 insuper
2799 5845 2867 5901 de
2893 5846 3032 5915 ipso,
3061 5853 3115 5901 et
3149 5844 3267 5901 ritu.
3297 5859 3407 5916 quo
3447 5857 3647 5901 consc-
