4036 6462
435 440 539 504 €27

1691 451 1999 513 NICOLAI
2041 456 2082 515 C
2096 458 2128 516 λ
2141 458 2304 519 BASl
2317 459 2431 520 LE

3571 451 3672 513 628

436 564 622 608 cratur
668 565 1138 626 comparaturque,
1169 572 1270 626 pro
1308 557 1444 614 virili
1486 570 1674 615 nostra
1706 563 2001 632 egerimus,

2118 571 2483 640 θεωρήσομεν.
2517 569 2609 639 Μὴ
2648 568 2713 623 ἃν
2747 562 2900 637 οἶμαι
2942 563 3237 635 περίεργον
3268 562 3421 616 οὐδέν
3455 565 3674 632 ποιῆσαι

438 643 574 698 nihil
606 660 706 701 nos
741 648 821 701 vel
869 648 1173 713 curiosum,
1206 652 1288 705 vel
1325 665 1793 721 supervacaneum
1832 655 2010 710 factu-

440 749 533 790 ros
599 739 852 808 equidem
884 741 1283 797 existimamus.
1336 742 1637 800 Perfectius
1669 755 1846 800 autem
1882 763 2011 802 con-

442 826 702 881 ditionem
728 829 846 898 ejus
873 831 1313 901 explanahimus,
1343 834 1386 887 si
1425 844 1685 905 tanquam
1717 838 1784 890 de.
1810 849 2012 908 myste-

440 918 649 972 riorum
708 920 847 985 basi,
903 933 998 978 aut
1058 924 1264 988 radice,
1328 936 1423 980 aut
1471 945 1583 996 quo
1637 930 1746 984 alio
1791 931 2011 985 nomine

441 1011 702 1080 appellari
735 1013 916 1078 debet,
969 1013 1326 1072 disseramus.
1354 1018 1536 1094 quare
1568 1032 1621 1074 et
1645 1036 1766 1090 qua:
1821 1037 2014 1077 conse-

439 1104 672 1160 cratoris
698 1105 954 1162 manibus
987 1107 1144 1176 ﬁunt,
1199 1119 1253 1165 et
1301 1112 1505 1180 quibus
1565 1113 1734 1168 altare
1777 1123 2010 1179 constet,

439 1195 779 1259 indicemus;
827 1199 1193 1270 omnibusque
1226 1203 1417 1257 ordine
1455 1204 1742 1274 expositis,
1797 1205 2012 1276 singula

333 1327 337 1329 -
435 1287 635 1343 deinde
656 1288 788 1358 quid
822 1291 1051 1346 occultae
1081 1293 1509 1363 signiﬁcationis
1557 1297 1792 1353 habeant
1830 1298 2012 1368 inqui-

428 1391 636 1436 ramus.

501 1470 745 1528 Primum
804 1474 1114 1542 hierarcha,
1152 1492 1249 1533 seu
1307 1479 1601 1549 episcopus
1659 1467 1932 1545 brachia,‘
1957 1491 2012 1538 et

431 1577 634 1635 corpus
668 1566 938 1636 reliquum
995 1569 1278 1630 linteatus.
1326 1582 1379 1627 et
1421 1574 1657 1639 cinctus,
1690 1575 1810 1635 Dea
1849 1591 2013 1652 super

432 1657 601 1712 humo
651 1660 985 1730 (quanquam
1015 1677 1124 1716 non
1158 1664 1323 1735 nuda)
1362 1681 1420 1719 se
1454 1673 1775 1740 prosternit,
1812 1690 2013 1742 preca—

429 1753 631 1814 tusque
665 1748 740 1800 uti
784 1749 966 1802 studio
1009 1766 1113 1806 suo
1161 1756 1496 1827 prope-situm
1530 1777 1594 1816 ac
1648 1764 2012 1819 desideratum

437 1835 598 1890 ﬁnem
654 1851 1042 1909 consequatur.
1093 1851 1162 1904 ad
1194 1865 1410 1918 cperam
1463 1855 1716 1922 resurgit,
1752 1856 2011 1925 positam-

2117 662 2252 731 μηδὲ
2282 660 2555 732 παρέλκον
2576 677 2589 691 ·
2614 658 2705 712 τὸν
2729 657 2888 726 λόγον
2914 655 3011 726 μέν
3035 649 3127 709 οὖν
3147 652 3480 724 τελεώτερον
3505 651 3676 718 οὕτως

2116 753 2183 807 ἂν
2213 753 2407 822 εἴημεν
2451 751 2872 812 ἀποδεδωκότες,
2903 747 2978 810 ὡς
3012 747 3078 800 ἂν
3121 745 3252 814 περὶ
3295 745 3396 814 τῆς
3423 743 3532 796 τῶν
3583 759 3679 812 μυ-

2115 847 2356 914 στηρίων
2391 843 2659 912 κρηπῖδος
2699 842 2732 912 ἢ
2786 841 2940 910 ῥίζης
2973 839 3007 910 ἢ
3053 839 3081 890 ὅ
3111 855 3164 891 τι
3190 837 3284 891 καὶ
3308 836 3414 906 χρὴ
3454 833 3679 888 καλέσαι

2112 936 2494 1000 διεξελθόντες.
2529 936 2638 989 Καὶ
2657 934 2842 986 τοίνυν
2877 931 2912 985 ἃ.
2946 931 3097 1002 παρὰ
3125 930 3236 983 τῶν
3271 928 3367 984 τοῦ
3405 926 3680 988 τελοῦντος

2114 1028 2314 1098 χειρῶν
2345 1027 2576 1096 γίνεται,
2621 1029 2714 1081 καὶ
2744 1024 2779 1078 ἂ
2815 1023 2874 1077 τὸ
2907 1022 3300 1091 θυσιαστήριον
3333 1018 3679 1087 καθίστησιν,

2113 1121 2241 1188 ἑξῆς
2297 1120 2630 1172 ἐκτεθέντων
2678 1116 2955 1180 ἁπάντων,
3015 1114 3246 1168 ἕκαστον
3293 1111 3487 1165 ἔπειτα
3536 1109 3680 1172 τίνος

2113 1213 2263 1267 ἐστὶν
2295 1212 2525 1281 αἴνιγμα
2564 1210 2658 1263 καὶ
2689 1209 2716 1262 ὅ
2745 1225 2798 1261 τι
2833 1208 3014 1278 φέρει,
3051 1203 3366 1274 σκοπῶμεν.

2185 1480 2385 1556 Upim:
2419 1478 2516 1554 μὲν
2559 1471 2672 1536 ςῖιι,
2693 1473 2907 1542 ὀθόνας·
2939 1470 3298 1548 περτθέμενοπς
3345 1469 3374 1526 ὁ
3423 1464 3680 1542 lapsas;

2116 1576 2318 1640 λευκὰς
2350 1579 2446 1628 καὶ
2489 1573 2803 1642 καταδήσας
2841 1571 2931 1624 ἐπί
2961 1587 3021 1622 τε
3064 1569 3174 1623 τῶν
3219 1565 3423 1637 χειρῶν
3467 1559 3676 1615 καὶτοῦ

2113 1667 2300 1722 λοιποῦ
2330 1667 2604 1735 σώματος,
2654 1665 2734 1733 τῷ
2775 1663 2896 1734 Θεῷ
2944 1660 3281 1732 προσπίπτει
3313 1653 3676 1718 κατακλιθεὶς,

2115 1763 2177 1815 οὐ
2202 1760 2346 1813 κατὰ
2368 1756 2528 1830 ψιλοῦ
2554 1756 2648 1811 τοῦ
2676 1757 2928 1824 ἐδάφους,
2951 1755 3046 1808 καὶ
3089 1752 3302 1816 δεηθεὶς
3331 1749 3392 1804 τὸ
3422 1746 3678 1817 ζητούμε-

2113 1875 2204 1912 νον
2235 1856 2408 1926 πέρας
2453 1853 2638 1908 λαϐεῖν
2672 1850 2820 1920 αὐτῷ
2867 1849 2965 1920 τὴν
3002 1847 3240 1915 σπουδὴν
3289 1843 3388 1898 ἐπὶ
3416 1842 3479 1894 τὸ
3524 1840 3677 1910 ἔργον

433 1943 539 2000 q—ue
589 1945 832 1989 mensam
887 1936 1252 2008 prehendens,
1287 1959 1404 1996 eam
1450 1955 1574 2014 apte
1605 1948 1744 2000 locat
1787 1964 1850 2003 ac
1897 1959 2007 2004 sta-

2118 1950 2418 2014 ἀνίσταται,
2449 1950 2545 2002 καὶ
2565 1945 2663 2015 τὴν
2703 1942 2987 2015 τράπεζαν
3041 1939 3307 2010 κειμένην
3363 1933 3680 1996 ἀνελόμενος

434 2023 588 2089 Lilit;
626 2041 733 2080 non
777 2027 827 2082 id
862 2036 1070 2083 tantum
1111 2030 1230 2086 aliis
1258 2032 1477 2102 jubens,
1514 2035 1606 2090 sed
1652 2037 1766 2105 ipse
1792 2052 2007 2107 quoque

432 2132 630 2172 manus
660 2119 975 2177 admovens.
1005 2121 1078 2176 Ita
1108 2123 1214 2179 ﬁxe
1243 2125 1470 2180 locatam
1499 2128 1588 2181 ubi
1609 2129 1783 2184 calida
1814 2129 2008 2195 abluit,

431 2223 555 2263 cum
576 2211 847 2278 precibus,
867 2221 924 2267 ut
942 2230 1002 2269 ea
1025 2230 1130 2271 non
1151 2217 1323 2271 solum
1352 2219 1540 2275 sordes
1557 2230 1896 2289 apparentes,
1915 2220 2010 2277 sed

432 2299 598 2354 etiam
623 2305 1004 2373 contagiouem
1034 2323 1063 2361 a
1092 2309 1433 2365 daemonibus
1461 2311 1536 2364 illi
1571 2327 1848 2380 aspersam
1877 2329 2010 2383 pur-

433 2394 599 2458 gandi
631 2397 740 2451 vim
775 2397 992 2464 habeat,
1019 2417 1142 2456 mox
1171 2405 1418 2458 eamdem
1448 2405 1576 2460 vino
1605 2413 1745 2460 notae
1767 2406 2007 2475 Optimae,

432 2493 489 2540 et
523 2487 642 2542 oleo
680 2504 926 2556 rosaceo,
964 2502 1023 2548 ut
1053 2493 1314 2561 arbitror,
1345 2495 1644 2566 perfundit.
1699 2497 2006 2553 Secundum

435 2577 551 2634 hzcc
611 2595 828 2637 sacrum
911 2597 1248 2657 unguentum
1317 2588 1559 2652 adhibet,
1641 2591 2004 2660 un‘gendoque

433 2671 615 2728 crucis
647 2673 875 2743 ﬁguram
915 2677 1138 2732 tertium
1170 2679 1450 2749 exprimit,
1488 2695 1552 2734 ac
1587 2680 1696 2734 Deo
1729 2682 2006 2735 canticum

433 2762 565 2818 illud
597 2767 972 2835 propheticum
1015 2779 1068 2824 et
1113 2771 1532 2826 celeberrimum
1602 2773 1820 2828 accinit.
1853 2774 2012 2828 Post-

435 2855 658 2909 modum
708 2859 940 2913 candido
995 2861 1143 2914 illam
1179 2863 1349 2918 linteo
1385 2864 1620 2928 obvelat,
1653 2873 1710 2919 et
1767 2865 2010 2935 stragula

436 2955 592 3000 veste
618 2956 858 3016 pretiosa
889 2961 1140 3018 exornat,
1164 2953 1381 3023 aliaque
1415 2954 1581 3009 lintea
1632 2971 1796 3025 super
1819 2957 1887 3011 iis
1909 2972 2007 3011 ex-

437 3038 646 3107 pandit,
681 3057 802 3110 quae
834 3043 1052 3112 quidem
1107 3059 1264 3101 snero
1315 3057 1616 3116 unguento,
1658 3049 2010 3118 quemadmo-

442 3131 570 3183 dum
603 3147 815 3197 mensa,
854 3135 1116 3198 delibuta,
1149 3146 1206 3191 et
1249 3139 1314 3191 ad
1343 3149 1645 3192 extremum
1692 3154 1894 3194 mensae
1925 3156 2016 3196 su-

440 3222 762 3291 perinjecta,
804 3227 978 3282 sacris
1011 3228 1210 3284 tabulis
1242 3230 1485 3297 proxime
1513 3231 1739 3287 subesse
1773 3239 2009 3302 oportet.

2113 2041 2396 2111 καθιδρύει
2419 2042 2513 2094 καὶ
2537 2040 2833 2107 πήγνυσιν,
2857 2036 2918 2088 οὐ
2949 2032 3187 2087 κελεύων
3219 2029 3405 2100 μόνον,
3438 2025 3571 2082 ἀλλὰ
3593 2023 3682 2077 καὶ

2112 2136 2300 2206 χεῖρας
2334 2132 2590 2199 εἰσάγων.
2632 2127 2896 2182 Τεθεῖσαν
2939 2124 2997 2178 δὲ
3035 2123 3258 2192 θερμοῖς
3299 2115 3676 2182 ἀποκλυσάμε-

2110 2246 2200 2291 νος
2225 2225 2436 2289 ὕδασιν,
2469 2219 2549 2286 οἷς
2579 2219 2784 2291 ηὔξατο
2817 2218 2891 2290 μὴ
2929 2217 3106 2289 ῥύπου
3142 2212 3474 2283 φαινομένου
3504 2209 3674 2279 μόνον,

2108 2320 2244 2378 ἀλλὰ
2275 2323 2370 2376 καὶ
2399 2320 2499 2390 τῆς
2531 2317 2638 2372 ἀπὸ
2664 2317 2771 2374 τῶν
2797 2305 3070 2384 δαιμόνων
3100 2308 3458 2382 προστροπῆς
3479 2304 3676 2372 καθάρ-

2113 2434 2230 2470 σιον
2261 2412 2492 2482 δύναμιν
2543 2411 2727 2481 ἔχειν·
2771 2403 2894 2462 εἶτα
2942 2403 3162 2477 μυρίζει
3219 2402 3368 2455 οῖνου
3425 2416 3486 2453 τε
3547 2399 3678 2466 χέων

2111 2506 2250 2576 αὐτῇ
2275 2503 2368 2559 τοῦ
2388 2503 2678 2558 καλλίστου
2705 2500 2799 2553 καὶ
2821 2497 2996 2570 μύρου
3030 2493 3264 2550 στακτυῦ
3290 2491 3485 2562 ῥόδων,
3510 2485 3676 2556 οἶμαι,

2111 2597 2504 2668 πεποιημένου,
2533 2596 2670 2666 μετὰ
2689 2595 2744 2647 δέ
2759 2591 2931 2646 ταῦτα
2950 2591 3009 2644 τὸ
3024 2589 3166 2660 ἱερὸν
3189 2588 3367 2657 μύρον
3385 2585 3572 2681 ἐπάγει
3595 2577 3682 2681 καὶ

2111 2689 2277 2760 χρίει,
2318 2687 2499 2760 τρίτον
2528 2685 2755 2756 γράφων
2783 2685 2868 2735 ἐπ’
2898 2681 3070 2748 αὐτῆς
3103 2679 3194 2732 τὸν
3219 2675 3456 2746 σταυρὸν
3482 2671 3571 2725 καὶ
3604 2671 3677 2738 τῷ

2112 2777 2231 2849 Θεῷ
2289 2777 2349 2830 τὸ
2405 2775 2750 2848 προφητικὸν
2785 2773 2928 2845 ᾅδων
2974 2767 3126 2844 ᾆσμα
3176 2769 3237 2822 τδ
3282 2765 3677 2834 πολυύμνητον.

2111 2867 2247 2926 Εἶτα
2281 2872 2450 2941 λευκῇ
2501 2866 2884 2939 περικαλύψας
2927 2864 3088 2936 ὀθόνῃ
3133 2861 3367 2924 πέπλοις
3397 2876 3456 2911 τε
3492 2853 3678 2922 τιμίοις

2113 2963 2426 3033 ἐπικοσμεῖ,
2461 2960 2556 3014 καὶ
2596 2959 2810 3021 τούτοις
2859 2956 3050 3019 ὀθόνας
3109 2954 3277 3015 ἄλλας
3327 2949 3577 3021 ἐφαπλοῖ,
3609 2943 3679 3012 τῷ

2114 3049 2246 3119 θείῳ
2281 3048 2438 3119 μύρῳ
2473 3046 2566 3102 τὸν
2593 3046 2696 3116 τῆς
2725 3047 3010 3118 τραπέζης
3041 3044 3242 3115 τρόπον
3283 3040 3675 3111 ἀληλιμμένας,

2113 3139 2180 3204 ἃς
2214 3139 2654 3210 ἐπιδεδλημένας
2693 3139 2920 3210 ἔσχατον
2951 3140 3015 3209 τῇ
3057 3133 3312 3206 τραπέζῃ
3357 3134 3437 3188 δεῖ
3462 3132 3568 3192 τοῖς
3595 3125 3679 3180 πί-

2113 3233 2266 3297 ναξιν
2324 3233 2548 3301 ἀμέσως
2599 3230 2920 3284 ὑποκεῖσθαι
2974 3231 3087 3292 τοῖς
3135 3228 3326 3299 ἱεροῖς.
3377 3226 3488 3280 Καὶ
3521 3220 3681 3276 ταῦτα

439 3312 556 3370 llac
607 3316 916 3372 caerimonia
981 3318 1204 3376 functus
1248 3321 1414 3377 linteo
1449 3338 1508 3378 se
1558 3324 1726 3388 exuit,
1763 3325 2014 3380 indutus-

2126 3323 2268 3377 οὕτω
2295 3323 2542 3386 τελέσας,
2578 3321 2696 3375 λύει
2732 3322 2830 3392 μὲν
2855 3321 2951 3374 καὶ
2981 3318 3292 3390 περιδύεται
3342 3317 3438 3380 τὰς
3482 3315 3681 3378 ὀθόνας,

439 3421 546 3476 que
567 3409 761 3462 stolam
788 3409 1190 3466 hierarchicam
1215 3413 1267 3467 in
1297 3414 1532 3469 vicinam
1564 3415 1800 3483 aliquam
1825 3431 2008 3471 sacra-

438 3513 561 3552 rum
605 3499 804 3554 aedium
853 3503 1170 3570 egreditur;
1219 3504 1310 3559 ubi
1387 3506 1625 3575 acceptis
1700 3518 2013 3561 sanctorum

441 3599 747 3662 martyrum
785 3595 1025 3661 ossibus,
1058 3596 1127 3650 ad
1152 3597 1257 3652 hoc
1305 3598 1479 3667 ipsom
1513 3598 1739 3668 paratis,
1765 3608 1817 3653 et
1850 3615 2015 3669 super

439 3681 611 3737 altera
641 3683 830 3740 altaris
876 3686 1199 3741 tabellarum
1259 3689 1536 3758 repositis,
1571 3690 1623 3743 in
1655 3705 1763 3759 quo
1795 3704 2017 3745 venera-

439 3774 550 3830 bile
617 3775 820 3832 donum
875 3778 1154 3846 collocat,
1202 3788 1256 3834 et
1307 3783 1581 3851 operiens,
1623 3783 1823 3852 quibus
1881 3781 2017 3836 illud

441 3868 641 3936 operit,
677 3869 969 3926 admodum
1004 3883 1320 3929 reverenter
1343 3875 1500 3940 tollit,
1531 3890 1808 3944 supraque
1856 3884 2019 3943 caput

439 3967 666 4030 portans
693 4000 708 4026 ,
738 3961 804 4016 ad
827 3962 1048 4022 domum
1085 3980 1207 4034 quae
1250 3966 1623 4020 sanctiﬁcatur
1663 3967 1776 4021 sive
1804 3966 2019 4021 dedica-

443 4063 534 4106 tur
559 4054 702 4110 inter
741 4055 1041 4124 lampades,
1078 4066 1294 4121 cantus,
1325 4055 1649 4122 suﬁimenta,
1673 4056 1872 4124 quibus
1893 4071 2017 4110 eum

443 4143 783 4199 incedentem
845 4146 1000 4200 multi
1075 4148 1456 4206 cohonesmnt.
1518 4147 1885 4217 progreditur.
1937 4147 2021 4202 Ita

445 4236 774 4304 procedens,
809 4236 898 4290 ubi
931 4237 1190 4307 templum
1246 4239 1444 4309 attigit,
1473 4249 1596 4293 ante
1616 4239 1814 4308 jauuas
1871 4240 2022 4294 clau-

445 4342 539 4382 sas
570 4327 850 4395 consistit,
909 4329 1172 4398 iubetque
1234 4329 1371 4399 ipsis
1415 4330 1632 4386 Davidis
1665 4330 1894 4386 vocibus
1923 4345 2023 4386 eos

443 4420 542 4489 qui
574 4420 721 4473 intus
759 4428 908 4484 sunt,
934 4433 1119 4491 portas
1150 4421 1279 4492 Regi
1311 4423 1496 4494 gloriae
1527 4425 1737 4493 aperire
1763 4425 1831 4488 ",
1863 4433 1918 4479 at
1944 4425 2023 4477 vi-

443 4511 632 4566 cissim
663 4511 833 4574 audit,
868 4527 992 4582 quae
1021 4511 1135 4578 ille,
1189 4514 1472 4568 Salvatore
1501 4514 1702 4568 caelum
1758 4529 2024 4568 conscen-

443 4602 606 4658 dente
654 4603 876 4672 angelos
916 4603 1123 4673 angelis
1174 4613 1364 4658 contra
1414 4617 1808 4674 respondentes
1838 4607 2014 4660 intro-

446 4695 618 4748 ducit.
680 4693 862 4750 Portis
887 4695 998 4764 jam
1031 4697 1362 4764 patentibus,
1405 4697 1731 4767 ingreditur,
1795 4715 2012 4755 sacrum

442 4798 541 4836 ras
574 4783 707 4836 illud
733 4771 1047 4852 codpertnm
1083 4799 1248 4852 supra
1287 4795 1451 4854 caput
1477 4787 1707 4842 habens.
1742 4787 1918 4842 Simul
1952 4791 2018 4844 ad

443 4873 638 4936 altare,
666 4879 719 4925 et
749 4871 815 4925 ad
846 4873 1017 4941 ipsam
1069 4888 1310 4928 mensam
1353 4875 1604 4938 accessit,
1649 4891 1813 4946 super
1843 4893 1903 4931 ea
1929 4879 2022 4932 de-

445 4963 619 5032 ponit,
648 4971 1127 5033 tegutnentumque
1154 4975 1422 5026 removet,
1440 4965 1795 5034 jaccntesqne
1818 4967 1871 5022 in
1897 4983 2026 5022 vasc

446 5055 668 5111 divitias
699 5055 859 5121 tollit,
885 5065 938 5109 ct
961 5057 1152 5122 thecze,
1180 5073 1303 5127 quae
1331 5059 1638 5128 capacitatc
1668 5059 2019 5128 respondeat,

447 5147 698 5213 imponit.
733 5146 860 5201 Post
910 5149 1024 5203 haec
1073 5158 1351 5219 unguento
1377 5150 1754 5205 sacratissimo
1783 5151 1890 5206 illis
1930 5169 2022 5206 su-

448 5239 692 5308 perfuso,
722 5239 824 5293 sub
856 5255 1010 5294 sacra
1043 5257 1230 5295 mensa
1263 5243 1469 5297 condit.
1497 5242 1591 5296 liis
1649 5243 1720 5295 ita
1757 5244 2024 5300 conlectis

451 5333 644 5388 domus
670 5333 782 5402 jam
817 5334 1014 5390 domus
1046 5335 1333 5402 orationis,
1373 5352 1562 5392 mensa
1591 5353 1720 5390 vero
1748 5339 1814 5391 ad
1851 5341 2025 5393 sacri-

452 5425 631 5478 ﬁcium
695 5426 884 5482 idonea
953 5437 1005 5482 et
1063 5436 1250 5497 parata
1303 5437 1406 5493 est,
1463 5439 1516 5484 et
1567 5430 2020 5487 sacriﬁcatorium

449 5526 678 5580 prorsus
708 5526 810 5571 est.

2119 3416 2280 3480 αὐτὸς
2310 3415 2367 3469 δέ
2395 3415 2495 3486 τὴν
2530 3413 2848 3484 ίεραρχικὴν
2880 3412 3019 3482 ἔχων
3065 3411 3260 3482 στολὴν
3301 3411 3405 3464 ἐπί
3433 3425 3552 3464 τινα
3577 3404 3684 3474 γεί-

2113 3525 2244 3562 τονα
2273 3507 2382 3560 τῶν
2414 3507 2577 3577 ιερῶν
2609 3506 2813 3571 ἔξεισιν
2849 3505 3034 3558 οἴκων.
3069 3504 3236 3558 Ὅθεν
3271 3503 3454 3572 ἁγίων
3487 3496 3683 3572 μαρτύσ

2121 3615 2229 3668 ρων
2281 3599 2418 3652 ὀστᾶ
2465 3597 2646 3650 λαϐὼν
2695 3598 2774 3658 είς
2812 3595 2956 3649 τοῦτ’
2992 3594 3141 3665 αὑτῷ
3187 3587 3680 3664 παρεσκευασμένα

2117 3694 2214 3747 καὶ
2261 3691 2374 3755 θεὶς
2432 3691 2528 3743 ἐπὶ
2566 3689 2799 3761 θατέρου
2854 3689 2964 3743 τῶν
3014 3690 3108 3742 ἐπὶ
3152 3687 3250 3740 τοῦ
3297 3684 3682 3756 θυσιαστηρίου

2121 3781 2392 3848 πινάκων,
2427 3781 2485 3834 ἐν
2531 3774 2574 3848 ᾧ
2602 3781 2665 3834 τὸ
2700 3779 2926 3850 φρικτὸν
2961 3779 3144 3848 τίθησι
3171 3777 3380 3848 δῶρον,
3411 3779 3505 3831 καὶ
3539 3771 3687 3829 καλύ-

2119 3873 2248 3945 ψας,
2272 3869 2352 3937 οἷς
2383 3875 2559 3927 ἐκεῖνο
2583 3871 2870 3936 καλύπτει,
2897 3871 3044 3940 μάλα
3067 3889 3127 3926 τε
3153 3870 3378 3938 σεμνῶς
3397 3868 3678 3937 ἀναιρεῖται

2121 3969 2217 4021 καὶ
2251 3967 2487 4037 κομίσας
2533 3968 2627 4019 ἐπὶ
2669 3967 2769 4034 τῆς
2809 3966 3051 4035 κεφαλῆς
3089 3966 3180 4019 ἐπὶ
3209 3964 3305 4018 τὸν
3337 3963 3678 4033 ἁγιαζόμενον

2123 4057 2370 4129 πρόεισιν
2419 4054 2590 4121 οἶκον,
2642 4057 2894 4123 λαμπάσι
2927 4057 3022 4109 καὶ
3071 4056 3282 4126 ᾄσμασι
3313 4057 3410 4110 καὶ
3446 4053 3679 4121 θυώμασι

2123 4152 2218 4204 καὶ
2251 4150 2446 4220 μύροις
2473 4149 2573 4218 τὴν
2604 4148 2831 4218 πρόοδον
2863 4147 3076 4200 πολλῶν
3127 4148 3485 4216 κοσμούντων
3523 4141 3679 4209 αύτῷ,

2123 4242 2221 4294 καὶ
2249 4239 2392 4292 οὕτω
2425 4240 2644 4308 χωρῶν,
2681 4240 2808 4292 ἐπεὶ
2831 4238 3128 4292 καταλὰἦοι
3151 4239 3242 4290 τὸν
3264 4237 3406 4291 νεὼν
3436 4236 3528 4290 καὶ
3554 4231 3681 4301 πρὸς

2125 4332 2274 4401 αὐτῷ
2319 4331 2555 4399 γένοιτο,
2585 4330 2802 4382 ἵσταται
2853 4330 2953 4397 μὲν
2992 4329 3100 4398 πρὸ
3130 4330 3236 4381 τῶν
3269 4328 3452 4400 θυρῶν
3482 4327 3683 4382 κεκλειο

2128 4424 2362 4494 σμένων,
2413 4420 2623 4474 κελεύει
2675 4421 2733 4472 δὲ
2783 4422 2896 4483 τοῖς
2951 4419 3098 4472 ἔνδον
3148 4419 3336 4472 πυλῶν
3381 4419 3479 4481 τὰς
3521 4415 3682 4474 πύλας

2127 4515 2369 4582 ἀνοίγειν
2401 4512 2477 4581 τῷ
2505 4514 2602 4580 τῆς
2625 4510 2784 4578 δόξης
2815 4509 3055 4572 Βασιλεῖ,
3087 4511 3181 4562 καὶ
3210 4510 3383 4572 αὐτὰς
3410 4508 3502 4562 τοῦ
3530 4503 3684 4559 Δαὸὶδ

2128 4602 2303 4658 είπὼν
2334 4602 2432 4665 τὰς
2464 4601 2682 4669 φωνάς·
2716 4601 2813 4654 καὶ
2843 4599 2994 4669 παρὰ
3015 4599 3125 4652 τῶν
3155 4597 3304 4651 ἔνδον
3333 4596 3587 4659 ἀκούσας,
3622 4591 3682 4651 ἃς

2123 4698 2334 4758 ἐκεῖνος
2359 4695 2485 4755 τοὺς
2515 4694 2778 4761 ἀγγέλους
2802 4691 3058 4759 λέγοντας
3084 4689 3337 4759 ἀλλήλοις
3368 4689 3572 4755 εἰσάγει
3596 4681 3682 4736 τοῦ

2122 4785 2375 4856 Σωτῆρος
2442 4784 2522 4844 είς
2583 4784 2676 4834 τὸν
2739 4781 2969 4851 οὐρανὸν
3024 4779 3290 4845 ἀνιόντος,
3345 4778 3452 4831 τῶν
3519 4771 3684 4842 θυρῶν

2123 4875 2650 4945 ἀναπεταννυμένων
2710 4875 2906 4927 εῐσεισι
2956 4872 3017 4925 τὸ
3060 4872 3227 4942 ἱερὸν,
3285 4871 3476 4932 σκεῦος
3519 4866 3684 4920 ἐκεῖνο

2128 4966 2650 5036 συγκεκαλυμμένον
2683 4966 2774 5016 ἐπὶ
2817 4965 2915 5034 τῆς
2961 4965 3201 5034 κεφαλῆς
3237 4963 3397 5031 ἔχων.
3446 4954 3684 5014 Ἐπειδὰν

2123 5060 2182 5114 δὲ
2221 5059 2472 5113 εἴσωτοῦ
2501 5057 2894 5127 θυσιαστηρίου
2933 5057 3024 5108 καὶ
3050 5057 3187 5125 πρὸς
3218 5056 3354 5126 αὐτῇ
3386 5048 3601 5122 γένηταὶ
3623 5047 3682 5114 τῇ

2129 5152 2400 5236 τραπέζῃ,
2431 5151 2786 5206 κατατίθεται
2831 5149 2932 5219 μὲν
2973 5149 3062 5200 ἐπ’
3101 5148 3271 5216 αὐτῆς
3300 5148 3396 5199 καὶ
3423 5140 3682 5198 ἀνακαλύ·

2129 5265 2272 5314 πτει,
2311 5237 2404 5300 τὸν
2449 5247 2494 5299 δ’
2542 5244 2860 5314 ἐγκείμενον
2898 5240 3047 5311 αὐτῷ
3110 5240 3340 5294 πλοῦτον
3395 5236 3684 5304 ἀναιρεῖται

2135 5342 2233 5412 μὲν
2265 5339 2496 5402 ἐκεῖθεν,
2549 5337 2793 5406 ἐντίθησι
2829 5335 2887 5387 δὲ
2923 5334 3180 5406 θησαυρῷ
3218 5334 3296 5404 τῷ
3343 5328 3557 5401 μεγέθει
3586 5320 3684 5376 τῶν

2132 5430 2489 5500 ἐντιθεμένων
2552 5429 2871 5499 συμμέτρῳ,
2915 5427 3010 5479 καὶ
3057 5425 3195 5495 μετὰ
3224 5423 3381 5478 τοῦτο
3428 5419 3487 5472 τὸ
3523 5413 3682 5486 μύρον

2133 5527 2317 5587 αὐτοῖς
2347 5524 2406 5576 τὸ
2447 5523 2862 5590 παναγέστατον
2894 5522 3121 5591 ἐπιχέας
3164 5517 3267 5572 ὑπὸ
3295 5517 3392 5585 τὴν
3419 5503 3681 5582 τράπεζαν

450 5609 766 5662 ἀποτίθεται
794 5611 893 5679 τὴν
937 5613 1110 5685 ίερὰν.
1145 5614 1362 5667 Τούτων
1404 5614 1459 5667 δὲ
1499 5615 1642 5669 οὕτω
1675 5621 2203 5690 κατεσκευασμένων
2239 5624 2264 5674 ὁ
2293 5621 2392 5690 μὲν
2422 5615 2571 5681 οἶκος
2633 5615 2947 5687 προσευχῆς
3015 5611 3185 5684 οἶκος,
3251 5615 3284 5684 ἡ
3355 5601 3593 5681 τράπεζα
3630 5595 3682 5646 δε

452 5697 592 5766 πρὸς
620 5699 721 5768 τὴν
755 5700 946 5756 θυσίαν
976 5704 1090 5775 ἔχει
1122 5708 1214 5760 καὶ
1242 5707 1684 5775 παρεσκεύασται
1714 5710 1809 5763 καὶ
1835 5711 2184 5781 θυτιασήριόν
2223 5713 2370 5768 ἐστιν
2397 5709 2655 5782 ἀτεχνῶς.

529 5881 572 5913 ³³
612 5881 754 5937 Psal.
792 5900 943 5952 xxttt,
983 5887 1038 5953 7,
1075 5889 1125 5946 8.
