4036 6438
308 376 426 443 629

1385 384 1482 445 DE
1525 384 1701 445 YJTA
1745 382 1826 442 IN
1868 384 2199 447 CHRISTO
2238 387 2377 445 LIB.
2421 381 2506 448 νζ

3456 391 3561 454 930

393 494 501 549 Τὸν
522 490 580 549 δὲ
615 494 796 563 λόγον,
825 493 944 551 ἀνθ’
976 496 1097 550 ὅτου
1124 497 1325 551 τούτων
1348 499 1687 570 τελουμένων
1715 501 1890 552 ἐκεῖνο
1920 546 1924 554 .

2070 498 2353 554 Rationem
2410 507 2593 556 autem
2624 499 3042 571 propterquam
3087 501 3177 558 his
3224 507 3564 559 cmremoniis

312 587 551 658 γίνεται,
591 592 687 642 καὶ
725 592 840 652 τοῖς
862 588 939 659 τῷ
976 591 1115 661 ίερεῖ
1135 592 1546 661 πεπραγμένοις
1578 596 1639 645 τὸ
1666 593 1890 646 τοιαῦτα

310 680 576 734 δύνασθαι
621 680 719 749 τὴν
764 681 946 735 οὶκίαν
992 682 1089 735 καὶ
1141 684 1240 751 τὴν
1285 682 1567 752 τράπεζαν
1616 685 1890 755 ἀπαντᾷν,

277 773 567 846 ,λέγωμεν
606 774 731 845 ήδη,
769 776 1112 847 θεωροῦντες
1147 777 1377 831 ἕκαστα.

398 866 466 917 Ἢ
501 866 599 936 μὲν
617 861 709 920 οὖν
732 867 975 939 ἀναϐολὴ
992 870 1086 923 καὶ
1107 869 1167 921 τὸ
1186 870 1359 933 οὕτως
1385 871 1785 942 ἐσκευασμένον
1804 875 1897 927 ἐπὶ

319 956 412 1027 τὴν
440 957 666 1030 τελετὴν
712 962 941 1030 ἀφῖχθαι
982 962 1072 1015 τὸν
1129 963 1426 1032 ίεράρχην,
1476 964 1571 1017 τοῦ
1632 967 1770 1020 κατὰ
1803 967 1896 1021 τὸν

322 1051 614 1121 ἄνθρωπον
665 1053 1063 1124 θυσιαστηρίου
1096 1056 1298 1125 γράφει
1334 1056 1426 1108 τὸν
1454 1056 1657 1110 τύπον·
1688 1059 1747 1110 τὸ
1789 1060 1898 1129 γὰρ

322 1143 505 1197 πᾶσαν
561 1144 971 1214 ἀπονιψάμενοι]
1039 1147 1309 1215 πονηρίαν
1372 1150 1469 1202 καὶ
1528 1149 1667 1221 ὑπὲρ
1742 1151 1899 1220 χιόνα

322 1233 686 1290 λευκανθέντα.
716 1236 883 1289 Δα6“;δ
930 1233 1054 1290 εἶπε
1101 1239 1347 1291 συνελεῖν
1391 1240 1585 1293 ἑαυτὸν
1634 1243 1727 1295 καὶ
1762 1260 1901 1312 συμ-

325 1323 524 1391 πτύξαι
570 1327 665 1378 καὶ
696 1328 833 1397 πρὸς
862 1327 1056 1381 ἑαυτὸν
1087 1327 1275 1381 νεῦσαι
1304 1329 1397 1382 τὸν
1428 1330 1738 1401 ἄνθρωπον,
1769 1332 1902 1387 Θεὸν

326 1417 580 1481 ὲνοικίζει
610 1418 869 1489 καθαρῶς
897 1423 963 1488 τῇ
992 1419 1137 1491 ψυχῇ
1180 1423 1272 1475 καὶ
1313 1422 1703 1494 θυσιαστήριον
1738 1427 1905 1496 ἐργά-

329 1506 478 1571 ζεται
499 1511 597 1573 τὴν
628 1512 876 1582 καρδίαν.
908 1513 1125 1566 Τούτων
1153 1514 1262 1585 γὰρ
1290 1519 1513 1585 σημεῖα,
1556 1517 1649 1569 τοῦ
1687 1519 1808 1587 μὲν,
1842 1519 1905 1573 τὸ

327 1600 531 1669 λευκὴν
577 1597 721 1655 εἶναι
773 1604 869 1656 καὶ
914 1603 1243 1674 λάμπουσαν
1289 1606 1439 1676 αὐτῷ
1484 1608 1581 1678 τὴν
1612 1610 1905 1680 ἀναϐολὴν,

332 1692 540 1745 ἐκείνου
580 1694 657 1758 δὲ,
683 1694 745 1746 τὸ
767 1696 1105 1765 πανταχόθεν
1140 1697 1274 1767 πρὸς
1311 1699 1502 1751 ἑαυτὸν
1534 1701 1907 1771 ἐπεστράφθαι

333 1785 429 1838 καὶ
473 1787 842 1856 συνεπτύχθαι
874 1788 952 1858 τῷ
985 1787 1200 1859 σώματι
1224 1807 1239 1822 ο
1276 1792 1369 1843 καλ⁸
1402 1791 1545 1846 οὕτω
1585 1792 1654 1845 δι’
1718 1789 1793 1846 ὧν
1824 1793 1933 1857 ἕξιν

331 1892 484 1930 εστιν
514 1880 572 1931 ὲν
620 1878 803 1949 ἑαυτῷ
839 1879 942 1949 πρὸ
975 1881 1068 1933 τοῦ
1104 1882 1368 1951 τεμένους
1409 1883 1469 1935 τὸ
1517 1883 1910 1953 θυσιαστήριον

332 1970 534 2034 δείξας,
560 1970 753 2026 ἔπειτα
774 1972 850 2040 τῷ
874 1972 1093 2042 τεμένει
1116 1973 1216 2045 τὴν
1236 1975 1501 2029 τελοῦσαν
1522 1976 1703 2030 δίδωσι
1731 1980 1908 2047 χεῖρα,

339 2064 576 2133 μάλιστα
610 2065 709 2133 μὲν
766 2065 890 2119 ἐπεὶ
940 2066 1035 2119 καὶ
1068 2067 1276 2136 τεχνῶν
1320 2070 1435 2131 τοῖς
1490 2070 1914 2139 προϊσταμένοις

338 2155 434 2210 καὶ
468 2156 609 2220 ὅλως
663 2156 842 2211 ὁτιοῦν
894 2157 1223 2228 ἐργάζεσθαι
1278 2161 1602 2231 δυναμένοις
1649 2163 1757 2233 πρὸ
1804 2163 1914 2216 τῶν

338 2248 537 2317 χειρῶν
570 2249 654 2319 ἐφ’
680 2249 874 2304 ἑαυτοῦ
918 2253 1219 2322 συνέστησε
1248 2253 1308 2307 τὸ
1353 2254 1515 2324 ἔργον
1555 2258 1582 2308 ὁ
1622 2255 1912 2327 λογισμός·

341 2341 436 2394 καὶ
459 2344 486 2394 ὁ
518 2343 615 2411 μὲν
645 2342 675 2396 δ
704 2345 1074 2414 συνεστήσατο
1098 2348 1302 2400 κανόνα
1334 2349 1455 2409 ταῖς
1477 2348 1665 2417 χερσὶν
1686 2348 1915 2413 ἔδωκεν,

343 2434 402 2487 al
432 2433 489 2487 δὲ
514 2435 605 2487 ἐπὶ
628 2436 730 2505 τῆς
762 2436 893 2507 ὕλης
925 2436 1154 2501 ἔδειξαν.
1182 2439 1293 2491 Καὶ
1327 2440 1436 2509 μὴν
1467 2446 1563 2493 καὶ
1591 2440 1918 2510 ζωγράφους

341 2522 462 2578 εστι
518 2526 619 2595 μὲν
655 2527 794 2596 πρὸς
849 2529 943 2581 τὸν
999 2528 1314 2599 ἀρχέτυπον
1359 2530 1597 2601 γράφειν
1651 2533 1761 2587 ἀπὸ
1809 2532 1919 2586 τῶν

342 2615 594 2669 πινάκων
654 2620 1015 2686 ποιουμένους
1062 2620 1161 2689 τὴν
1214 2619 1433 2690 τέχνην,
1483 2621 1562 2674 ἐτι
1610 2621 1667 2675 δὲ
1714 2626 1807 2675 καὶ
1850 2625 1917 2694 τῇ

348 2706 536 2778 μνήμῃ
568 2706 641 2760 τὰ
666 2708 892 2762 τοιαῦτα
937 2710 1254 2781 χρωμένους
1284 2711 1379 2764 καὶ
1408 2710 1546 2781 πρὸς
1593 2712 1692 2783 τὴν
1739 2713 1920 2784 ψυχὴν

341 2796 586 2866 ὁρῶντας
614 2800 1001 2869 παράδειγμα·
1038 2804 1133 2855 καὶ
1163 2804 1223 2855 οὐ
1274 2802 1588 2872 ζωγράφοις
1634 2801 1791 2856 τοῦτο
1827 2804 1923 2873 μό-

346 2903 455 2953 νον,
492 2888 611 2941 ἀλλ⁹
644 2890 744 2960 ήδη
776 2893 871 2943 καὶ
901 2892 1373 2961 άνδριαντοποιοϊς
1403 2894 1499 2946 καὶ
1529 2893 1719 2947 οίκιῶν
1750 2896 1921 2965 ἐργά-

348 2996 467 3042 ταις
498 2979 857 3052 δημιουργοῖς
895 2982 1068 3036 άπασι
1108 2983 1411 3054 συμϐαῖνον
1445 2985 1545 3038 ἴδοι
1579 3002 1665 3048 τις
1698 2984 1785 3039 ἂν.
1812 2987 1923 3040 Καὶ

348 3071 447 3142 τὴν
475 3072 570 3126 τοῦ
610 3074 859 3145 τεχνίτου
894 3075 1072 3145 ψυχὴν
1116 3076 1417 3146 ὀφθαλμοῖς
1461 3077 1612 3139 ίδεῖν,
1643 3078 1698 3131 εἴ
1737 3096 1820 3141 τις
1853 3075 1923 3150 ἦν

353 3163 588 3234 μηχανὴ,
624 3158 801 3237 αὐτὴν
816 3165 883 3220 ἂν
918 3163 1058 3232 είδες
1085 3167 1181 3239 τὴν
1200 3168 1378 3223 οἰκίαν
1410 3168 1443 3240 ἢ
1479 3169 1571 3224 τὸν
1605 3169 1920 3241 ἀνδριάντα,
1953 3194 1996 3254 ο

351 3253 384 3325 ἢ
409 3257 517 3309 τῶν
543 3256 725 3328 ἔργων
754 3259 933 3313 ὁτιοῦν
969 3260 1067 3331 τῆς
1100 3259 1235 3330 ὕλης
1263 3262 1455 3333 χωρίς.

426 3347 661 3403 Ἔπειτα
695 3350 1051 3422 παράδειγμα
1071 3352 1165 3405 τοῦ
1191 3352 1585 3426 θυσιαστηρίου
1614 3357 1708 3409 τὸν
1742 3342 1928 3427 ίεράρέ-

349 3456 453 3509 χην
486 3440 547 3492 οὕ
587 3440 748 3495 τοῦτο
783 3444 927 3495 ποιεῖ
960 3442 1144 3512 μόνον,
1195 3444 1276 3498 ὅτι
1306 3444 1417 3500 τῶν
1459 3447 1721 3502 τοιούτων
1765 3448 1928 3511 αὐτὸς

351 3531 625 3601 τεχνίτης,
658 3532 774 3585 ἀλλ’
803 3534 886 3586 ὅτι
920 3534 1046 3597 ναδς
1079 3531 1224 3589 εἶναι
1247 3536 1381 3589 Θεοῦ
1417 3537 1513 3591 καὶ
1540 3538 1928 3611 θυσιαστήριον

355 3623 571 3691 άληθῶς
602 3623 739 3695 μόνη
769 3625 876 3680 τῶν
903 3626 1198 3697 ὁρωμένων
1229 3630 1262 3698 ἡ
1294 3631 1404 3683 τῶν
1428 3630 1733 3701 ἀνθρώπων
1770 3631 1931 3687 δύνα-

356 3714 449 3765 ται
487 3714 670 3781 φύσις,
696 3715 774 3779 ὡς
807 3716 868 3769 τό
892 3734 955 3780 γε
988 3719 1179 3788 χερσὶν
1208 3719 1513 3790 ἀνθρώπων
1546 3722 1720 3790 παγὲν
1744 3723 1930 3777 είκόνα

360 3802 553 3857 τούτου
587 3806 752 3869 σώζει
786 3807 882 3861 καὶ
918 3808 1090 3861 τύπον
1111 3826 1127 3841 ·
1160 3810 1284 3864 ὅθεν
1313 3812 1420 3866 ἔδει
1448 3812 1508 3865 τὸ
1552 3815 1785 3883 πρᾶγμα
1825 3814 1933 3884 πρὸ

361 3895 464 3959 τῆς
511 3898 720 3960 είκόνος
778 3900 835 3952 ὲν
889 3900 966 3970 τῷ
1021 3901 1264 3971 σχήματι
1316 3902 1490 3973 τούτῳ
1549 3905 1787 3974 φανῆναι
1837 3906 1933 3959 καὶ

363 3989 597 4059 τάληθὲς
644 3991 758 4054 τοῖς
806 3991 999 4056 τύποις
1054 3994 1395 4063 ἡγήσασθαι.
1454 3995 1514 4049 '0
1557 3996 1668 4066 γὰρ
1727 3995 1930 4062 εἰπὼν,

370 4107 391 4140 σ
432 4091 589 4143 Ποῖον
617 4086 764 4145 οἶκον
789 4091 1174 4162 οίκοῖομήσετέ
1225 4108 1317 4161 μοι
1351 4107 1364 4153 ς
1400 4090 1720 4158 Ἐνοικήσω,
1746 4088 1933 4157 φησιν,

364 4182 425 4233 ὲν
455 4182 636 4247 αὐτοῖς
668 4185 759 4239 καὶ
786 4184 1248 4254 ὲμπεριπατήσω⁸
1278 4202 1296 4235 ι
1332 4180 1598 4251 Σημαοίνοι
1620 4178 1664 4234 δ’
1688 4180 1753 4235 ἂν
1780 4175 1935 4249 οἶμαι

364 4278 607 4344 κάκεῖνο,
650 4279 727 4342 ὡς
778 4279 870 4331 τὸν
904 4277 1228 4348 βουλόμενον
1280 4275 1458 4339 ἄλλοις
1506 4274 1700 4341 ὄφελος
1771 4268 1933 4335 εἷναι.

366 4369 617 4439 προσῆκε
657 4371 763 4441 πρό
776 4388 924 4440 τερον
952 4371 1153 4438 ἑαυτῷ,
1204 4369 1295 4421 καὶ
1326 4368 1417 4421 τὸν
1448 4367 1674 4436 ἀψύχοις
1707 4365 1937 4434 δύναμιν

358 4459 601 4514 ἐνθεῖναι
642 4460 913 4528 τοσαύτην
944 4459 1250 4527 ἠξιωμένον
1275 4455 1452 4523 ἑαυτῷ
1488 4456 1593 4525 πρὸ
1624 4455 1846 4508 ἐκείνων
1868 4454 1935 4508 τὰ

1994 590 2087 645 illa
2117 592 2264 654 ﬁant,
2290 593 2485 662 hisque
2518 608 2546 646 a
2574 593 2858 648 sacerdote
2908 594 3164 663 peractis,
3196 607 3428 661 quorum
3462 596 3564 650 do-

1996 698 2116 736 mus
2148 691 2201 737 et
2235 699 2421 739 mensa
2450 698 2552 739 nos
2580 693 2859 740 moneant.
2899 699 3047 739 nunc
3073 684 3286 755 singula
3314 687 3567 742 conside-

1996 786 2181 829 rantes
2212 774 2529 830 doceamus.

2066 864 2318 918 Amictns
2371 863 2555 934 igitur,
2616 871 2669 917 et
2717 863 2862 932 quod
2912 864 2991 919 sic
3048 863 3116 918 ad
3198 863 3567 918 caerimoniam

2000 957 2582 1025 consecrationemque
2662 955 2850 1010 altaris
2938 954 3245 1010 obeundam
3322 956 3570 1021 accedit,

2000 1050 2187 1103 altaris
2237 1049 2460 1102 humani
2511 1058 2699 1118 typum
2748 1048 2934 1104 refert.
3003 1046 3354 1118 lniquitatem
3416 1048 3575 1116 quip-

1999 1157 2067 1211 pe
2130 1157 2349 1195 onmem
2413 1142 2678 1206 abluisse,
2745 1149 2802 1195 et
2861 1155 3027 1209 super
3103 1143 3284 1197 nivem
3347 1140 3575 1195 dealba-

2003 1243 2117 1288 tum
2168 1248 2311 1296 esse,
2384 1242 2440 1287 ut
2502 1232 2669 1287 David
2720 1232 2965 1303 loquitur
3031 1232 3097 1300 ⁸⁵,
3176 1247 3297 1288 sese
3358 1242 3579 1287 contra-
3648 1233 3655 1243 '

2004 1328 2170 1391 xisse,
2219 1329 2272 1383 in
2328 1336 2501 1382 semet
2540 1327 2902 1395 convolvisse,
2972 1328 3025 1381 in
3073 1342 3132 1383 se
3207 1325 3576 1388 descendisse,

2006 1421 2172 1475 Deum
2231 1419 2468 1491 perfecte
2524 1419 2772 1474 habitare
2822 1420 2874 1475 in
2933 1420 3137 1483 anima,
3175 1429 3227 1473 et
3271 1434 3366 1472 cor
3408 1418 3582 1473 altare

2009 1513 2158 1567 facit.
2193 1512 2399 1567 llorum
2448 1512 2670 1579 indicia,
2714 1512 2878 1580 hujus
2926 1512 3085 1566 albus
3119 1519 3172 1564 et
3206 1513 3406 1566 nitidus
3441 1510 3580 1565 ami-

2010 1615 2167 1671 ctus;
2204 1605 2373 1667 illius,
2399 1588 2544 1674 quod
2571 1614 2715 1659 totus
2752 1607 2816 1659 ad
2852 1604 3016 1657 Deum
3054 1614 3136 1658 est
3180 1618 3496 1666 conversus,
3528 1612 3583 1658 et.

2010 1699 2058 1754 ei
2100 1712 2329 1767 corpore
2380 1711 2556 1767 prono
2605 1696 2891 1763 supplicat.
2929 1696 2993 1747 Et
3022 1696 3118 1759 ita,
3154 1711 3300 1755 Clllll,
3338 1710 3431 1762 per
3459 1709 3583 1762 quae

2015 1799 2212 1859 potest,
2289 1790 2343 1843 in
2396 1791 2578 1858 seipse
2630 1788 2805 1842 altare
2860 1787 3013 1856 prius
3064 1786 3323 1847 eﬁ‘ccerit,
3390 1786 3586 1840 deinde

2014 1883 2220 1951 templo
2255 1897 2479 1936 manum
2517 1881 2768 1936 ultimam
2810 1880 3043 1951 imponit
3071 1894 3087 1945 ;
3115 1880 3349 1933 maxime
3377 1895 3501 1934 cum
3533 1888 3588 1933 et

2014 1973 2065 2027 in
2116 1973 2442 2036 artiﬁcibus,
2494 1982 2545 2028 et
2575 1973 2799 2027 omnino
2856 1974 2911 2027 in
2946 1970 3231 2042 quibusvis
3274 1970 3583 2039 opiﬁcibus,

2016 2072 2141 2117 ante
2170 2079 2392 2134 operam
2427 2080 2687 2118 manuum
2712 2063 2969 2133 cogitatio
2993 2063 3046 2118 in
3069 2064 3245 2131 scipsa
3274 2077 3412 2131 opus
3441 2077 3591 2115 cmu-

2015 2163 2207 2225 ponat,
2246 2164 2301 2209 et
2352 2155 2496 2225 quod
2530 2155 2866 2225 composuit,
2898 2155 3032 2211 illud
3072 2169 3170 2225 pro
3198 2154 3381 2224 regula
3415 2153 3591 2208 mani—

2018 2244 2120 2299 bus
2149 2246 2490 2315 praascribat,
2528 2262 2692 2315 quam
2731 2246 2835 2301 illae
2860 2247 2915 2300 in
2957 2246 3186 2301 materia
3216 2246 3459 2315 subjecta
3491 2261 3591 2305 ex;

2017 2337 2282 2407 primunt.
2313 2337 2455 2403 Quin
2486 2339 2652 2393 etiam
2686 2338 2922 2407 pictores
2953 2339 3308 2409 archetypum
3339 2338 3589 2406 pingunt,

2019 2436 2306 2498 artemque
2343 2444 2375 2485 a
2412 2428 2633 2497 tabulis,
2686 2445 2824 2499 quas
2857 2429 3163 2494 imitantur,
3195 2430 3423 2486 ducunt.
3456 2428 3594 2485 Pos-

2020 2528 2150 2574 sunt
2182 2520 2344 2574 etiam
2378 2521 2645 2576 memoria
2694 2530 2750 2576 et
2782 2523 3108 2577 ‘simulacris
3142 2538 3261 2591 qum
3287 2522 3470 2576 animo
3507 2539 3594 2576 re-

2023 2610 2197 2665 tinent
2242 2627 2340 2681 pro
2367 2613 2631 2682 exemplis
2664 2613 2764 2669 uti.
2807 2613 2920 2669 lloc
2947 2630 3110 2683 porro
3151 2630 3257 2668 non
3291 2615 3596 2683 pictoribus

2021 2701 2312 2769 duntaxat,
2345 2705 2441 2757 sed
2487 2704 2768 2760 statuariis
2802 2720 3042 2775 quoque,
3073 2716 3127 2761 et
3164 2706 3480 2763 architectis
3541 2718 3598 2763 et

2023 2794 2316 2863 opiﬁcibus
2346 2796 2564 2851 demum
2592 2797 2863 2853 universis
2889 2814 2989 2853 usu
3014 2799 3202 2853 venire
3246 2809 3455 2855 certum
3489 2810 3597 2857 est.

2025 2887 2090 2941 Et
2127 2888 2169 2943 si
2210 2905 2318 2958 quo
2350 2891 2585 2945 artiﬁcio
2621 2898 2806 2960 posset
2834 2890 3017 2944 anima
3050 2891 3279 2945 artificis
3314 2891 3435 2947 istis
3460 2908 3599 2947 ocu-

2025 2979 2094 3034 lis
2120 2981 2314 3046 videri,
2348 2982 2401 3035 in
2434 2998 2495 3035 ea
2541 2982 2905 3049 antdomum,
2952 2990 3046 3037 aut
3092 2982 3324 3052 quodvis
3370 2999 3599 3053 operum

2026 3073 2145 3128 sine
2180 3074 2407 3129 materia
2455 3074 2786 3130 videremus.

2101 3344 2305 3401 Deinde
2347 3345 2692 3401 hierareham
2720 3347 3000 3417 exemplar
3029 3347 3216 3403 altaris
3244 3363 3351 3403 non
3382 3350 3486 3404 hoc
3517 3364 3608 3405 so-

2030 3436 2141 3491 lum
2176 3436 2327 3501 facit,
2362 3438 2507 3506 quod
2560 3439 2756 3491 harum
2802 3453 2982 3492 rerum
3038 3439 3156 3508 ipse
3191 3450 3345 3493 actor
3369 3450 3475 3506 est,
3507 3442 3602 3496 sed

2029 3529 2174 3599 quod
2207 3544 2330 3583 vere
2378 3529 2639 3595 templum
2686 3529 2777 3583 Dei
2832 3540 2887 3585 et
2944 3530 3116 3586 altare
3165 3546 3306 3597 esse,
3368 3533 3485 3587 sola
3538 3550 3608 3588 ex

2029 3620 2193 3676 rebus
2221 3637 2343 3690 qua:
2379 3625 2482 3675 sub
2516 3630 2800 3689 aspectum
2853 3622 3080 3687 cadunt,
3118 3623 3359 3679 humana
3407 3635 3605 3681 natura

2030 3722 2229 3783 potest.
2262 3712 2447 3782 Itaque
2474 3715 2731 3771 manibus
2767 3716 3053 3771 hominum
3088 3718 3253 3771 ﬁxum
3286 3727 3340 3772 et
3364 3718 3607 3773 locatum

2033 3804 2326 3873 imaginem
2365 3814 2419 3860 et
2452 3814 2638 3876 typum
2674 3807 2835 3874 huius
2870 3818 3072 3863 servat.
3107 3808 3185 3863 Ex
3221 3826 3333 3880 quo
3386 3821 3607 3881 oporte-

2033 3897 2125 3952 bat
2155 3912 2269 3952 rem
2304 3908 2429 3953 ante
2465 3899 2756 3969 imaginem
2787 3901 2838 3954 in
2873 3902 3152 3957 schemate
3190 3904 3290 3958 hoc
3324 3919 3608 3973 apparere,

2035 3999 2090 4045 ct
2125 3991 2410 4045 veritatem
2462 3989 2657 4046 formis
2692 3993 3035 4048 antecedere.
3073 3994 3177 4060 Qui
3229 3996 3374 4050 enim
3428 3996 3609 4052 dixit:

2043 4104 2062 4135 ι
2108 4083 2365 4153 Nunquid
2394 4085 2614 4139 domum
2641 4094 2697 4141 tu
2730 4086 3026 4143 aediﬁcabis
3074 4088 3206 4142 mihi
3255 4090 3321 4143 ad
3362 4090 3615 4145 habitan-

2036 4180 2165 4235 dum
2179 4178 2257 4233 '°?
2283 4196 2407 4231 i—t
2440 4177 2731 4246 Hahitabo,
2750 4180 3099 4249 inquit,inter
3116 4182 3617 4243 vos.etinambula-

2038 4273 2219 4337 δον.»
2258 4270 2395 4325 Illud
2453 4272 2579 4325 item
2611 4271 2898 4341 signiﬁcat,
2931 4274 3146 4343 opinor,
3192 4276 3463 4330 volentem
3494 4277 3617 4333 aliis

2039 4366 2408 4427 commodare,
2444 4375 2571 4420 ante
2602 4366 2820 4421 sibimet
2842 4366 3038 4421 debere
3062 4370 3427 4437 prodesse;et
3454 4372 3617 4426 rebus

2041 4459 2301 4514 inanimis
2331 4467 2533 4512 tantam
2586 4459 2841 4514 virtutem
2876 4460 3169 4515 immittere
3222 4464 3612 4531 postulantem,

356 4549 592 4602 τοιαῦτα
653 4550 910 4619 λυσιτελῆ
964 4550 1337 4617 καταστῆναι,
1397 4545 1649 4617 καθάπερ
1701 4545 1797 4598 καὶ
1847 4545 1924 4597 rbi

2044 4554 2146 4607 sihl
2181 4555 2335 4621 prius
2367 4554 2481 4604 inec
2514 4550 2665 4605 utilia
2714 4550 2942 4624 reddere
2976 4552 3140 4619 (sicut
3191 4563 3245 4606 et
3298 4554 3615 4624 episcopum

360 4641 663 4694 ἐπίσκοπον
696 4641 908 4703 Παῦλος
939 4640 1138 4705 ἠξίωσε
1183 4639 1336 4692 πόλει
1387 4639 1481 4690 καὶ
1524 4637 1717 4705 δήμοις
1748 4637 1942 4706 ἐσόμε-

362 4751 458 4788 νον
501 4734 705 4803 ἀγαθδν
735 4735 828 4803 ἀφ’
864 4732 1047 4797 ἑστίας
1079 4730 1371 4803 ἄρξασθαι,
1408 4731 1501 4782 καὶ
1528 4730 1617 4780 τὸν
1645 4729 1943 4797 οἰκήσοντα

363 4826 551 4889 καλῶς
581 4826 678 4896 τὴν
710 4826 890 4878 οἰκίαν
920 4824 1280 4877 ἑαυτὸνηιατὲι
1309 4823 1398 4875 τὸν
1430 4821 1593 4888 ὀρθὸν
1620 4819 1777 4886 λόγον
1806 4819 1941 4887 πρό-

361 4935 525 4986 τερον
557 4918 803 4985 ἀγαγεῖν.
833 4918 1013 4968 Δεϊται
1057 4915 1115 4966 δὲ
1148 4912 1241 4964 τοῦ
1284 4910 1421 4965 Θεοῦ
1473 4909 1611 4978 πρὸς
1653 4909 1713 4961 τὸ
1746 4908 1941 4977 ἔργονο

366 5012 465 5065 καί⁸
498 5010 605 5081 γὰρ
635 5010 831 5063 ἀνῦσαι
870 5008 967 5077 μὲν
997 5003 1206 5059 δύναιτ’
1238 5003 1302 5056 ἂν
1332 5002 1507 5063 οὐδεὶς
1560 5001 1633 5069 μὴ
1678 4999 1773 5052 τοῦ
1806 4997 1942 5052 Θεοῦ

366 5100 570 5173 τυχὼν,
606 5101 725 5155 οὐδὲ
747 5101 854 5154 τῶν
886 5098 1061 5152 ἄλλων
1090 5097 1268 5160 οὐδὲν,
1301 5094 1535 5164 μάλιστα
1582 5093 1638 5143 δὲ
1688 5091 1797 5144 τῶν
1847 5110 1946 5161 μυ-

371 5195 633 5265 στηρίων,
691 5194 748 5245 ὲν
803 5186 885 5253 οἷς
930 5190 991 5242 τὸ
1041 5190 1149 5242 πᾶν
1204 5187 1415 5240 ἐκείνου
1449 5183 1710 5252 καθαρῶς
1762 5182 1945 5251 ἔργον.

383 5286 538 5340 Ἐπεὶ
587 5286 644 5338 δὲ
692 5286 719 5336 ὁ
778 5282 961 5357 κοινὸς
1012 5280 1293 5348 Δεσπότης
1340 5279 1446 5330 τῶν
1496 5275 1699 5328 δούλων
1746 5274 1846 5327 οὑκ
1887 5274 1945 5339 ἐξ

373 5380 747 5448 ἐπιτάγματος
770 5374 1105 5446 προύνοήθη,
1135 5370 1242 5425 οὐδ’
1278 5368 1491 5438 ἔπεμψε
1522 5366 1646 5429 τοὺς
1676 5369 1944 5435 ἐπιμελη-

372 5471 655 5539 σομένους,
702 5468 816 5521 ἀλλ’
861 5468 1022 5529 αὐτὸς
1054 5462 1206 5535 ἦλθε,
1244 5463 1341 5518 καὶ
1380 5462 1597 5514 πάντων
1631 5459 1698 5512 δι’
1729 5452 1804 5511 ὧν
1838 5458 1945 5510 ἔδει

380 5562 567 5614 σώσων
604 5558 902 5627 αὐτουργὸς
927 5552 1014 5627 ἦν,
1044 5557 1235 5609 τούτου
1264 5554 1423 5623 χάριν
1452 5552 1540 5604 τὸν
1573 5550 1833 5619 ίεράρχην
1856 5548 1948 5599 τὸν

379 5653 590 5705 ἐκείνου
620 5651 907 5704 δεικνύντα
944 5646 1194 5718 μαθητὴν
1222 5642 1543 5715 αὐτοχειρίᾳ
1575 5640 1851 5710 πηγνύναι
1877 5639 1939 5691 ab

2041 4645 2245 4700 Paulus
2285 4657 2500 4712 aequum
2528 4643 2740 4695 censuit
2779 4622 2896 4695 irriti
2923 4653 2977 4696 ct
3006 4645 3219 4712 populis
3244 4622 3615 4714 profuturum,

2044 4752 2072 4788 a
2105 4735 2268 4788 domo
2318 4750 2416 4789 sua
2454 4732 2689 4801 incipere
2722 4732 2789 4800 ³⁷)
2822 4740 2877 4787 et
2924 4733 3062 4787 bene
3113 4734 3616 4793 administraturum

2044 4826 2291 4889 domum,
2326 4827 2569 4903 seipsum
2603 4825 2902 4879 secundum
2934 4835 3137 4879 rectam
3171 4826 3435 4882 rationem
3470 4831 3620 4899 prius

2046 4932 2256 4985 regere.
2318 4916 2467 4985 Opus
2538 4925 2622 4971 est
2668 4926 2848 4971 autem
2902 4918 3010 4971 Deo
3061 4917 3266 4976 adhoc
3299 4934 3457 4989 opus,
3502 4924 3622 4977 sine

2047 5012 2207 5077 cujus
2242 5024 2346 5079 ope
2391 5025 2492 5063 nec
2524 5009 2670 5064 aliud
2718 5009 3041 5079 quidquam,
3092 5010 3292 5065 nedum
3335 5017 3619 5084 mysteria.

2048 5100 2103 5154 in
2132 5101 2329 5169 quibus
2372 5108 2547 5154 totum
2609 5115 2751 5169 opus
2798 5100 2945 5154 illius
2976 5100 3149 5155 solius
3201 5110 3304 5167 cst,
3366 5118 3623 5173 peragere

2048 5205 2234 5263 queat.
2259 5193 2398 5258 Quia
2431 5208 2562 5247 vero
2592 5192 2901 5247 communis
2936 5202 3021 5248 est
3058 5192 3340 5261 Dominus,
3380 5209 3486 5248 non
3528 5211 3623 5263 per

2050 5287 2411 5341 subsidiarios
2447 5286 2729 5340 consuluit
2778 5286 2954 5341 servis
3003 5286 3141 5351 suis,
3202 5302 3299 5340 nec
3340 5295 3626 5340 curatores

2057 5379 2227 5443 misit,
2264 5379 2358 5433 sed
2412 5378 2647 5445 ipsemet
2707 5376 2879 5440 venit,
2930 5384 2985 5430 et
3042 5375 3228 5429 omnia
3293 5388 3414 5442 qua:
3477 5376 3625 5430 salus

2055 5481 2243 5525 nostra
2336 5469 2695 5537 requirebat.
2802 5484 2897 5536 per
2959 5483 3017 5522 se
3087 5468 3319 5537 ipsemet
3413 5467 3626 5535 przesti-

2059 5566 2141 5621 tit.
2191 5563 2368 5628 Quam
2416 5562 2487 5616 ob
2536 5576 2785 5625 causam,
2834 5560 3176 5615 hierarcham
3243 5559 3390 5614 illius
3430 5574 3489 5613 se
3546 5559 3630 5611 di-

2058 5656 2328 5725 scipulum
2373 5653 2776 5719 ostendentetn,
2825 5666 2923 5706 sua
2953 5666 3119 5705 manu
3183 5650 3354 5707 altare
3391 5658 3641 5707 statuere-

452 5850 496 5881 "
536 5847 679 5905 l‘sai.
708 5863 762 5914 ι,
797 5845 851 5901 9.
929 5845 971 5877 ⁸⁵
1009 5844 1053 5897 ll
1096 5842 1226 5913 Reg.
1258 5858 1355 5911 vn,
1386 5841 1440 5899 5.
1517 5838 1756 5895 “chit.
1800 5853 1923 5893 xxvr

2026 5838 2085 5904 t;
2117 5831 2159 5891 ll
2186 5835 2318 5892 Cor.
2366 5848 2438 5901 Vl,
2478 5831 2563 5889 16.
2641 5830 2687 5865 ’⁷
2729 5829 2749 5885 ι
2794 5827 2936 5883 Tim.
2966 5842 3055 5894 nt,
3091 5828 3214 5883 2-5.
