  <div class='ocr_page' id='page_1' title='image "/cluster/home/n/w/nwhite01/storage/ocr_20150623/150:no.1/coo.31924054870559/324.png"; bbox 0 0 4036 6488; ppageno 0'>
   <div class='ocr_carea' id='block_1_1' title="bbox 398 426 508 488">
    <p class='ocr_par' dir='ltr' id='par_1_1' title="bbox 398 426 508 488">
     <span class='ocr_line' id='line_1_1' title="bbox 398 426 508 488; baseline -0.009 0"><span class='ocrx_word' id='word_1_1' title='bbox 398 426 508 488; x_wconf 63' lang='grc' dir='ltr'><strong>εει</strong></span> 
     </span>
    </p>
   </div>
   <div class='ocr_carea' id='block_1_2' title="bbox 1492 394 2589 508">
    <p class='ocr_par' dir='ltr' id='par_1_2' title="bbox 1492 394 2589 508">
     <span class='ocr_line' id='line_1_2' title="bbox 1492 394 2589 508; baseline 0.012 -15"><span class='ocrx_word' id='word_1_2' title='bbox 1492 433 1592 494; x_wconf 90' lang='lat' dir='ltr'><strong>DE</strong></span> <span class='ocrx_word' id='word_1_3' title='bbox 1632 394 1813 497; x_wconf 56' lang='lat' dir='ltr'><strong>vrri</strong></span> <span class='ocrx_word' id='word_1_4' title='bbox 1855 433 1935 495; x_wconf 84' lang='lat' dir='ltr'><strong>IN</strong></span> <span class='ocrx_word' id='word_1_5' title='bbox 1969 434 2303 501; x_wconf 79' lang='lat' dir='ltr'><strong>CHRISTO</strong></span> <span class='ocrx_word' id='word_1_6' title='bbox 2335 443 2487 505; x_wconf 85' lang='lat' dir='ltr'><strong>LIB.</strong></span> <span class='ocrx_word' id='word_1_7' title='bbox 2524 447 2589 508; x_wconf 78' lang='grc' dir='ltr'><strong>ν.</strong></span> 
     </span>
    </p>
   </div>
   <div class='ocr_carea' id='block_1_3' title="bbox 3541 448 3646 511">
    <p class='ocr_par' dir='ltr' id='par_1_3' title="bbox 3541 448 3646 511">
     <span class='ocr_line' id='line_1_3' title="bbox 3541 448 3646 511; baseline 0.038 -4"><span class='ocrx_word' id='word_1_8' title='bbox 3541 448 3646 511; x_wconf 68' lang='grc'><strong>634</strong></span> 
     </span>
    </p>
   </div>
   <div class='ocr_carea' id='block_1_4' title="bbox 388 522 1974 626">
    <p class='ocr_par' dir='ltr' id='par_1_4' title="bbox 388 537 1968 613">
     <span class='ocr_line' id='line_1_4' title="bbox 388 537 1968 613; baseline 0.004 -20"><span class='ocrx_word' id='word_1_9' title='bbox 388 554 514 594; x_wconf 76' lang='grc' dir='ltr'><strong>στον</strong></span> <span class='ocrx_word' id='word_1_10' title='bbox 537 538 646 591; x_wconf 83' lang='grc' dir='ltr'><strong>τῶν</strong></span> <span class='ocrx_word' id='word_1_11' title='bbox 661 537 1016 608; x_wconf 75' lang='grc' dir='ltr'><strong>τελουμένων.</strong></span> <span class='ocrx_word' id='word_1_12' title='bbox 1054 540 1234 595; x_wconf 81' lang='grc' dir='ltr'><strong>Πάντα</strong></span> <span class='ocrx_word' id='word_1_13' title='bbox 1265 542 1334 611; x_wconf 69' lang='grc' dir='ltr'><strong>γᾶ</strong></span> <span class='ocrx_word' id='word_1_14' title='bbox 1343 559 1376 613; x_wconf 89' lang='grc' dir='ltr'><strong>ρ</strong></span> <span class='ocrx_word' id='word_1_15' title='bbox 1406 544 1525 598; x_wconf 85' lang='grc' dir='ltr'><strong>δέον</strong></span> <span class='ocrx_word' id='word_1_16' title='bbox 1553 547 1633 608; x_wconf 80' lang='grc' dir='ltr'><strong>εἰς</strong></span> <span class='ocrx_word' id='word_1_17' title='bbox 1654 545 1815 612; x_wconf 78' lang='grc' dir='ltr'><strong>δόξαν</strong></span> <span class='ocrx_word' id='word_1_18' title='bbox 1830 545 1968 600; x_wconf 84' lang='grc' dir='ltr'><strong>Θεοῦ</strong></span> 
     </span>
    </p>
   </div>
   <div class='ocr_carea' id='block_1_5' title="bbox 2076 522 3646 626">
    <p class='ocr_par' dir='ltr' id='par_1_5' title="bbox 2076 522 3646 626">
     <span class='ocr_line' id='line_1_5' title="bbox 2076 522 3646 626; baseline -0.004 -8"><span class='ocrx_word' id='word_1_19' title='bbox 2076 550 2453 621; x_wconf 70' lang='grc' dir='ltr'><strong>Ρτεεείρυθῳιε</strong></span> <span class='ocrx_word' id='word_1_20' title='bbox 2507 554 2792 625; x_wconf 85' lang='lat' dir='ltr'><strong>mysteria,</strong></span> <span class='ocrx_word' id='word_1_21' title='bbox 2825 555 3052 626; x_wconf 81' lang='lat' dir='ltr'><strong>quando</strong></span> <span class='ocrx_word' id='word_1_22' title='bbox 3094 555 3355 613; x_wconf 87' lang='lat' dir='ltr'><strong>omnibus</strong></span> <span class='ocrx_word' id='word_1_23' title='bbox 3379 522 3646 613; x_wconf 79' lang='lat' dir='ltr'><strong>conduci-</strong></span> 
     </span>
    </p>
   </div>
   <div class='ocr_carea' id='block_1_6' title="bbox 383 629 1964 708">
    <p class='ocr_par' dir='ltr' id='par_1_6' title="bbox 383 629 1964 708">
     <span class='ocr_line' id='line_1_6' title="bbox 383 629 1964 708; baseline 0.004 -22"><span class='ocrx_word' id='word_1_24' title='bbox 383 633 589 698; x_wconf 65' lang='grc' dir='ltr'><strong>ποιεῖν,</strong></span> <span class='ocrx_word' id='word_1_25' title='bbox 624 629 695 683; x_wconf 77' lang='grc' dir='ltr'><strong>τὰ</strong></span> <span class='ocrx_word' id='word_1_26' title='bbox 728 632 1002 703; x_wconf 80' lang='grc' dir='ltr'><strong>μυστήρια</strong></span> <span class='ocrx_word' id='word_1_27' title='bbox 1029 635 1264 703; x_wconf 86' lang='grc' dir='ltr'><strong>μάλιστα</strong></span> <span class='ocrx_word' id='word_1_28' title='bbox 1295 638 1529 703; x_wconf 83' lang='grc' dir='ltr'><strong>πάντων,</strong></span> <span class='ocrx_word' id='word_1_29' title='bbox 1563 638 1674 708; x_wconf 77' lang='grc' dir='ltr'><strong>ὅσῳ</strong></span> <span class='ocrx_word' id='word_1_30' title='bbox 1705 639 1798 692; x_wconf 77' lang='grc' dir='ltr'><strong>καὶ</strong></span> <span class='ocrx_word' id='word_1_31' title='bbox 1827 638 1964 693; x_wconf 83' lang='grc' dir='ltr'><strong>πάν-</strong></span> 
     </span>
    </p>
   </div>
   <div class='ocr_carea' id='block_1_7' title="bbox 385 726 1445 801">
    <p class='ocr_par' dir='ltr' id='par_1_7' title="bbox 385 726 1445 801">
     <span class='ocr_line' id='line_1_7' title="bbox 385 726 1445 801; baseline 0.006 -21"><span class='ocrx_word' id='word_1_32' title='bbox 385 742 501 780; x_wconf 79' lang='grc' dir='ltr'><strong>των</strong></span> <span class='ocrx_word' id='word_1_33' title='bbox 528 726 946 799; x_wconf 68' lang='grc' dir='ltr'><strong>ὶυσιτελέστερα</strong></span> <span class='ocrx_word' id='word_1_34' title='bbox 975 730 1067 783; x_wconf 67' lang='grc' dir='ltr'><strong>καὶ</strong></span> <span class='ocrx_word' id='word_1_35' title='bbox 1094 729 1231 784; x_wconf 78' lang='grc' dir='ltr'><strong>Θεοῦ</strong></span> <span class='ocrx_word' id='word_1_36' title='bbox 1260 731 1445 801; x_wconf 85' lang='grc' dir='ltr'><strong>μόνου.</strong></span> 
     </span>
    </p>
   </div>
   <div class='ocr_carea' id='block_1_8' title="bbox 472 819 1966 894">
    <p class='ocr_par' dir='ltr' id='par_1_8' title="bbox 472 819 1966 894">
     <span class='ocr_line' id='line_1_8' title="bbox 472 819 1966 894; baseline 0.006 -24"><span class='ocrx_word' id='word_1_37' title='bbox 472 819 625 871; x_wconf 79' lang='grc' dir='ltr'><strong>Ἐπεὶ</strong></span> <span class='ocrx_word' id='word_1_38' title='bbox 666 819 724 872; x_wconf 79' lang='grc' dir='ltr'><strong>δὲ</strong></span> <span class='ocrx_word' id='word_1_39' title='bbox 773 821 881 889; x_wconf 79' lang='grc' dir='ltr'><strong>πρὸ</strong></span> <span class='ocrx_word' id='word_1_40' title='bbox 925 820 1036 874; x_wconf 82' lang='grc' dir='ltr'><strong>τῶν</strong></span> <span class='ocrx_word' id='word_1_41' title='bbox 1075 821 1237 876; x_wconf 81' lang='grc' dir='ltr'>θείων</span> <span class='ocrx_word' id='word_1_42' title='bbox 1284 824 1527 894; x_wconf 78' lang='grc' dir='ltr'><strong>χαρίτων</strong></span> <span class='ocrx_word' id='word_1_43' title='bbox 1577 825 1639 877; x_wconf 86' lang='grc' dir='ltr'><strong>ού</strong></span> <span class='ocrx_word' id='word_1_44' title='bbox 1707 824 1966 893; x_wconf 65' lang='grc' dir='ltr'><strong>καθαίρει</strong></span> 
     </span>
    </p>
   </div>
   <div class='ocr_carea' id='block_1_9' title="bbox 399 909 1965 987">
    <p class='ocr_par' dir='ltr' id='par_1_9' title="bbox 399 909 1965 987">
     <span class='ocr_line' id='line_1_9' title="bbox 399 909 1965 987; baseline 0.004 -24"><span class='ocrx_word' id='word_1_45' title='bbox 399 909 522 964; x_wconf 81' lang='grc' dir='ltr'><strong>σθαι</strong></span> <span class='ocrx_word' id='word_1_46' title='bbox 543 911 726 978; x_wconf 80' lang='grc' dir='ltr'><strong>μόνον,</strong></span> <span class='ocrx_word' id='word_1_47' title='bbox 748 911 883 965; x_wconf 82' lang='grc' dir='ltr'><strong>ἀλλά</strong></span> <span class='ocrx_word' id='word_1_48' title='bbox 917 915 1010 966; x_wconf 76' lang='grc' dir='ltr'><strong>καὶ</strong></span> <span class='ocrx_word' id='word_1_49' title='bbox 1040 914 1136 976; x_wconf 75' lang='grc' dir='ltr'><strong>τὰς</strong></span> <span class='ocrx_word' id='word_1_50' title='bbox 1172 915 1491 986; x_wconf 85' lang='grc' dir='ltr'><strong>συστοίχους</strong></span> <span class='ocrx_word' id='word_1_51' title='bbox 1521 916 1717 978; x_wconf 81' lang='grc' dir='ltr'><strong>αὑταῖς</strong></span> <span class='ocrx_word' id='word_1_52' title='bbox 1736 918 1965 987; x_wconf 77' lang='grc' dir='ltr'><strong>ἀρετὰς,</strong></span> 
     </span>
    </p>
   </div>
   <div class='ocr_carea' id='block_1_10' title="bbox 396 993 1971 1079">
    <p class='ocr_par' dir='ltr' id='par_1_10' title="bbox 396 993 1971 1079">
     <span class='ocr_line' id='line_1_10' title="bbox 396 993 1971 1079; baseline 0.006 -28"><span class='ocrx_word' id='word_1_53' title='bbox 396 1000 465 1062; x_wconf 78' lang='grc' dir='ltr'><strong>ὡς</strong></span> <span class='ocrx_word' id='word_1_54' title='bbox 502 993 606 1052; x_wconf 78' lang='grc' dir='ltr'><strong>οἷοί</strong></span> <span class='ocrx_word' id='word_1_55' title='bbox 635 1002 696 1054; x_wconf 76' lang='grc' dir='ltr'><strong>τε</strong></span> <span class='ocrx_word' id='word_1_56' title='bbox 743 1003 931 1069; x_wconf 85' lang='grc' dir='ltr'><strong>ἐσμεν,</strong></span> <span class='ocrx_word' id='word_1_57' title='bbox 974 1004 1379 1060; x_wconf 75' lang='grc' dir='ltr'><strong>ἐπιδείκνυσθαι</strong></span> <span class='ocrx_word' id='word_1_58' title='bbox 1430 1008 1558 1079; x_wconf 83' lang='grc' dir='ltr'><strong>χρὴ,</strong></span> <span class='ocrx_word' id='word_1_59' title='bbox 1602 1009 1678 1072; x_wconf 80' lang='grc' dir='ltr'><strong>ὡς</strong></span> <span class='ocrx_word' id='word_1_60' title='bbox 1715 1010 1812 1061; x_wconf 81' lang='grc' dir='ltr'><strong>οὐκ</strong></span> <span class='ocrx_word' id='word_1_61' title='bbox 1848 1009 1971 1062; x_wconf 83' lang='grc' dir='ltr'><strong>ἐνὸν</strong></span> 
     </span>
    </p>
   </div>
   <div class='ocr_carea' id='block_1_11' title="bbox 390 1091 1971 1170">
    <p class='ocr_par' dir='ltr' id='par_1_11' title="bbox 390 1091 1971 1170">
     <span class='ocr_line' id='line_1_11' title="bbox 390 1091 1971 1170; baseline 0.001 -21"><span class='ocrx_word' id='word_1_62' title='bbox 390 1091 567 1155; x_wconf 70' lang='grc' dir='ltr'><strong>ἄλλως</strong></span> <span class='ocrx_word' id='word_1_63' title='bbox 603 1095 895 1163; x_wconf 81' lang='grc' dir='ltr'><strong>τυγχάνειν</strong></span> <span class='ocrx_word' id='word_1_64' title='bbox 930 1095 1028 1148; x_wconf 80' lang='grc' dir='ltr'><strong>τοῦ</strong></span> <span class='ocrx_word' id='word_1_65' title='bbox 1067 1095 1305 1168; x_wconf 79' lang='grc' dir='ltr'><strong>χορηγοῦ</strong></span> <span class='ocrx_word' id='word_1_66' title='bbox 1334 1098 1442 1152; x_wconf 85' lang='grc' dir='ltr'><strong>τῶν</strong></span> <span class='ocrx_word' id='word_1_67' title='bbox 1467 1100 1741 1165; x_wconf 83' lang='grc' dir='ltr'><strong>τοιούτων,</strong></span> <span class='ocrx_word' id='word_1_68' title='bbox 1778 1099 1829 1170; x_wconf 79' lang='grc' dir='ltr'><strong>(ὁ</strong></span> <span class='ocrx_word' id='word_1_69' title='bbox 1857 1100 1971 1169; x_wconf 84' lang='grc' dir='ltr'><strong>γὰρ</strong></span> 
     </span>
    </p>
   </div>
   <div class='ocr_carea' id='block_1_12' title="bbox 389 1182 1967 1258">
    <p class='ocr_par' dir='ltr' id='par_1_12' title="bbox 389 1182 1967 1258">
     <span class='ocr_line' id='line_1_12' title="bbox 389 1182 1967 1258; baseline 0.005 -23"><span class='ocrx_word' id='word_1_70' title='bbox 389 1182 522 1245; x_wconf 71' lang='grc' dir='ltr'><strong>θεὸς</strong></span> <span class='ocrx_word' id='word_1_71' title='bbox 548 1183 719 1254; x_wconf 81' lang='grc' dir='ltr'><strong>εὐχὴν</strong></span> <span class='ocrx_word' id='word_1_72' title='bbox 747 1183 929 1239; x_wconf 80' lang='grc' dir='ltr'><strong>δίδωσι</strong></span> <span class='ocrx_word' id='word_1_73' title='bbox 962 1186 1026 1239; x_wconf 84' lang='grc' dir='ltr'><strong>ού</strong></span> <span class='ocrx_word' id='word_1_74' title='bbox 1056 1191 1169 1252; x_wconf 84' lang='grc' dir='ltr'><strong>τοῖς</strong></span> <span class='ocrx_word' id='word_1_75' title='bbox 1202 1190 1578 1257; x_wconf 79' lang='grc' dir='ltr'><strong>καθεύδουσιν,</strong></span> <span class='ocrx_word' id='word_1_76' title='bbox 1604 1190 1741 1244; x_wconf 83' lang='grc' dir='ltr'><strong>ἀλλά</strong></span> <span class='ocrx_word' id='word_1_77' title='bbox 1768 1190 1845 1258; x_wconf 81' lang='grc' dir='ltr'><strong>τῷ</strong></span> <span class='ocrx_word' id='word_1_78' title='bbox 1872 1190 1967 1243; x_wconf 83' lang='grc' dir='ltr'><strong>εύ-</strong></span> 
     </span>
    </p>
   </div>
   <div class='ocr_carea' id='block_1_13' title="bbox 390 1273 1969 1350">
    <p class='ocr_par' dir='ltr' id='par_1_13' title="bbox 390 1273 1969 1350">
     <span class='ocr_line' id='line_1_13' title="bbox 390 1273 1969 1350; baseline 0.001 -21"><span class='ocrx_word' id='word_1_79' title='bbox 390 1273 624 1343; x_wconf 80' lang='grc' dir='ltr'><strong>χομένῳ,</strong></span> <span class='ocrx_word' id='word_1_80' title='bbox 650 1275 744 1327; x_wconf 85' lang='grc' dir='ltr'><strong>καὶ</strong></span> <span class='ocrx_word' id='word_1_81' title='bbox 773 1277 864 1327; x_wconf 84' lang='grc' dir='ltr'><strong>τὸν</strong></span> <span class='ocrx_word' id='word_1_82' title='bbox 890 1277 1288 1344; x_wconf 79' lang='grc' dir='ltr'><strong>ἀγωνιζόμενον</strong></span> <span class='ocrx_word' id='word_1_83' title='bbox 1314 1278 1530 1347; x_wconf 77' lang='grc' dir='ltr'><strong>ἀλείφει</strong></span> <span class='ocrx_word' id='word_1_84' title='bbox 1558 1279 1653 1333; x_wconf 78' lang='grc' dir='ltr'><strong>καὶ</strong></span> <span class='ocrx_word' id='word_1_85' title='bbox 1686 1282 1969 1350; x_wconf 85' lang='grc' dir='ltr'><strong>σωφροσύ-</strong></span> 
     </span>
    </p>
   </div>
   <div class='ocr_carea' id='block_1_14' title="bbox 389 1364 1964 1442">
    <p class='ocr_par' dir='ltr' id='par_1_14' title="bbox 389 1364 1964 1442">
     <span class='ocr_line' id='line_1_14' title="bbox 389 1364 1964 1442; baseline 0.005 -27"><span class='ocrx_word' id='word_1_86' title='bbox 389 1380 484 1432; x_wconf 77' lang='grc' dir='ltr'><strong>νης</strong></span> <span class='ocrx_word' id='word_1_87' title='bbox 506 1364 690 1418; x_wconf 82' lang='grc' dir='ltr'><strong>δίδωσι</strong></span> <span class='ocrx_word' id='word_1_88' title='bbox 702 1366 948 1436; x_wconf 84' lang='grc' dir='ltr'><strong>χάρισμα</strong></span> <span class='ocrx_word' id='word_1_89' title='bbox 964 1368 1044 1439; x_wconf 83' lang='grc' dir='ltr'><strong>τῷ</strong></span> <span class='ocrx_word' id='word_1_90' title='bbox 1064 1368 1133 1422; x_wconf 84' lang='grc' dir='ltr'><strong>δι’</strong></span> <span class='ocrx_word' id='word_1_91' title='bbox 1157 1364 1233 1424; x_wconf 81' lang='grc' dir='ltr'><strong>ὧν</strong></span> <span class='ocrx_word' id='word_1_92' title='bbox 1258 1370 1436 1435; x_wconf 73' lang='grc' dir='ltr'><strong>ἔξεστι</strong></span> <span class='ocrx_word' id='word_1_93' title='bbox 1460 1371 1850 1442; x_wconf 72' lang='grc' dir='ltr'><strong>σωφρονοῦντι,</strong></span> <span class='ocrx_word' id='word_1_94' title='bbox 1868 1374 1964 1424; x_wconf 75' lang='grc' dir='ltr'><strong>καὶ</strong></span> 
     </span>
    </p>
   </div>
   <div class='ocr_carea' id='block_1_15' title="bbox 388 1459 1969 1538">
    <p class='ocr_par' dir='ltr' id='par_1_15' title="bbox 388 1459 1969 1538">
     <span class='ocr_line' id='line_1_15' title="bbox 388 1459 1969 1538; baseline 0.008 -29"><span class='ocrx_word' id='word_1_95' title='bbox 388 1459 524 1519; x_wconf 78' lang='grc' dir='ltr'><strong>ὅλως</strong></span> <span class='ocrx_word' id='word_1_96' title='bbox 572 1461 850 1530; x_wconf 77' lang='grc' dir='ltr'><strong>πανταχοῦ</strong></span> <span class='ocrx_word' id='word_1_97' title='bbox 879 1462 981 1533; x_wconf 84' lang='grc' dir='ltr'><strong>τὴν</strong></span> <span class='ocrx_word' id='word_1_98' title='bbox 1015 1464 1151 1535; x_wconf 73' lang='grc' dir='ltr'><strong>πρὸς</strong></span> <span class='ocrx_word' id='word_1_99' title='bbox 1188 1468 1246 1518; x_wconf 71' lang='grc' dir='ltr'><strong>τὸ</strong></span> <span class='ocrx_word' id='word_1_100' title='bbox 1288 1466 1621 1537; x_wconf 79' lang='grc' dir='ltr'><strong>ζητούμενον</strong></span> <span class='ocrx_word' id='word_1_101' title='bbox 1667 1467 1969 1538; x_wconf 74' lang='grc' dir='ltr'><strong>ἐπιθυμίαν</strong></span> 
     </span>
    </p>
   </div>
   <div class='ocr_carea' id='block_1_16' title="bbox 388 1543 1967 1624">
    <p class='ocr_par' dir='ltr' id='par_1_16' title="bbox 388 1543 1967 1624">
     <span class='ocr_line' id='line_1_16' title="bbox 388 1543 1967 1624; baseline 0.006 -23"><span class='ocrx_word' id='word_1_102' title='bbox 388 1550 486 1618; x_wconf 71' lang='grc' dir='ltr'><strong>οὐχ</strong></span> <span class='ocrx_word' id='word_1_103' title='bbox 531 1543 611 1615; x_wconf 77' lang='grc' dir='ltr'><strong>οἷς</strong></span> <span class='ocrx_word' id='word_1_104' title='bbox 646 1553 921 1623; x_wconf 75' lang='grc' dir='ltr'><strong>εὐχόμεθα</strong></span> <span class='ocrx_word' id='word_1_105' title='bbox 963 1556 1148 1624; x_wconf 83' lang='grc' dir='ltr'><strong>μόνον,</strong></span> <span class='ocrx_word' id='word_1_106' title='bbox 1187 1559 1322 1612; x_wconf 82' lang='grc' dir='ltr'><strong>ἀλλά</strong></span> <span class='ocrx_word' id='word_1_107' title='bbox 1356 1559 1450 1614; x_wconf 71' lang='grc' dir='ltr'><strong>καὶ</strong></span> <span class='ocrx_word' id='word_1_108' title='bbox 1495 1560 1583 1613; x_wconf 84' lang='grc' dir='ltr'><strong>ἐπ’</strong></span> <span class='ocrx_word' id='word_1_109' title='bbox 1621 1560 1807 1616; x_wconf 85' lang='grc' dir='ltr'><strong>αὐτῶν</strong></span> <span class='ocrx_word' id='word_1_110' title='bbox 1855 1561 1967 1614; x_wconf 84' lang='grc' dir='ltr'><strong>τῶν</strong></span> 
     </span>
    </p>
   </div>
   <div class='ocr_carea' id='block_1_17' title="bbox 388 1642 1966 1720">
    <p class='ocr_par' dir='ltr' id='par_1_17' title="bbox 388 1642 1966 1720">
     <span class='ocr_line' id='line_1_17' title="bbox 388 1642 1966 1720; baseline 0.008 -28"><span class='ocrx_word' id='word_1_111' title='bbox 388 1643 566 1711; x_wconf 74' lang='grc' dir='ltr'><strong>ἔργων</strong></span> <span class='ocrx_word' id='word_1_112' title='bbox 595 1642 872 1696; x_wconf 80' lang='grc' dir='ltr'><strong>δεικνύναι</strong></span> <span class='ocrx_word' id='word_1_113' title='bbox 901 1647 1009 1716; x_wconf 85' lang='grc' dir='ltr'><strong>χρή</strong></span> <span class='ocrx_word' id='word_1_114' title='bbox 1035 1647 1075 1716; x_wconf 80' lang='grc'><strong>⁸)</strong></span> <span class='ocrx_word' id='word_1_115' title='bbox 1105 1647 1194 1702; x_wconf 83' lang='grc' dir='ltr'><strong>διὰ</strong></span> <span class='ocrx_word' id='word_1_116' title='bbox 1229 1648 1390 1703; x_wconf 83' lang='grc' dir='ltr'><strong>τοῦτο</strong></span> <span class='ocrx_word' id='word_1_117' title='bbox 1424 1650 1533 1720; x_wconf 78' lang='grc' dir='ltr'><strong>πρὸ</strong></span> <span class='ocrx_word' id='word_1_118' title='bbox 1563 1653 1657 1704; x_wconf 83' lang='grc' dir='ltr'><strong>τοῦ</strong></span> <span class='ocrx_word' id='word_1_119' title='bbox 1685 1650 1966 1705; x_wconf 78' lang='grc' dir='ltr'><strong>θειοτάτου</strong></span> 
     </span>
    </p>
   </div>
   <div class='ocr_carea' id='block_1_18' title="bbox 391 1731 1967 1812">
    <p class='ocr_par' dir='ltr' id='par_1_18' title="bbox 391 1731 1967 1812">
     <span class='ocr_line' id='line_1_18' title="bbox 391 1731 1967 1812; baseline 0.008 -28"><span class='ocrx_word' id='word_1_120' title='bbox 391 1731 589 1803; x_wconf 81' lang='grc' dir='ltr'><strong>μύρου,</strong></span> <span class='ocrx_word' id='word_1_121' title='bbox 621 1734 750 1809; x_wconf 60' lang='grc' dir='ltr'><strong>δεῖ)</strong></span> <span class='ocrx_word' id='word_1_122' title='bbox 780 1737 1151 1808; x_wconf 76' lang='grc' dir='ltr'><strong>θυσιαστηρίῳ</strong></span> <span class='ocrx_word' id='word_1_123' title='bbox 1172 1738 1272 1809; x_wconf 81' lang='grc' dir='ltr'><strong>τὴν</strong></span> <span class='ocrx_word' id='word_1_124' title='bbox 1296 1740 1363 1793; x_wconf 86' lang='grc' dir='ltr'><strong>ἐκ</strong></span> <span class='ocrx_word' id='word_1_125' title='bbox 1396 1740 1530 1793; x_wconf 82' lang='grc' dir='ltr'><strong>Θεοῦ</strong></span> <span class='ocrx_word' id='word_1_126' title='bbox 1560 1742 1720 1812; x_wconf 80' lang='grc' dir='ltr'><strong>χάριν</strong></span> <span class='ocrx_word' id='word_1_127' title='bbox 1744 1735 1853 1794; x_wconf 71' lang='grc' dir='ltr'><strong>οἶδε</strong></span> <span class='ocrx_word' id='word_1_128' title='bbox 1875 1759 1967 1796; x_wconf 88' lang='grc' dir='ltr'><strong>κο-</strong></span> 
     </span>
    </p>
   </div>
   <div class='ocr_carea' id='block_1_19' title="bbox 394 1825 1963 1906">
    <p class='ocr_par' dir='ltr' id='par_1_19' title="bbox 394 1825 1963 1906">
     <span class='ocr_line' id='line_1_19' title="bbox 394 1825 1963 1906; baseline 0.006 -26"><span class='ocrx_word' id='word_1_129' title='bbox 394 1825 591 1893; x_wconf 65' lang='grc' dir='ltr'><strong>μίζειν,</strong></span> <span class='ocrx_word' id='word_1_130' title='bbox 624 1832 736 1891; x_wconf 84' lang='grc' dir='ltr'><strong>τοῖς</strong></span> <span class='ocrx_word' id='word_1_131' title='bbox 773 1831 909 1901; x_wconf 80' lang='grc' dir='ltr'><strong>παρ’</strong></span> <span class='ocrx_word' id='word_1_132' title='bbox 944 1833 1080 1902; x_wconf 79' lang='grc' dir='ltr'><strong>ἡμῖν</strong></span> <span class='ocrx_word' id='word_1_133' title='bbox 1110 1832 1335 1886; x_wconf 78' lang='grc' dir='ltr'><strong>εὐώδεσι</strong></span> <span class='ocrx_word' id='word_1_134' title='bbox 1372 1834 1592 1905; x_wconf 78' lang='grc' dir='ltr'><strong>μυρίζει</strong></span> <span class='ocrx_word' id='word_1_135' title='bbox 1625 1837 1724 1906; x_wconf 80' lang='grc' dir='ltr'><strong>τὴν</strong></span> <span class='ocrx_word' id='word_1_136' title='bbox 1751 1837 1963 1906; x_wconf 86' lang='grc' dir='ltr'><strong>τράπε-</strong></span> 
     </span>
    </p>
   </div>
   <div class='ocr_carea' id='block_1_20' title="bbox 2066 639 2844 700">
    <p class='ocr_par' dir='ltr' id='par_1_20' title="bbox 2066 639 2844 700">
     <span class='ocr_line' id='line_1_20' title="bbox 2066 639 2844 700; baseline 0.006 -6"><span class='ocrx_word' id='word_1_137' title='bbox 2066 639 2263 695; x_wconf 87' lang='lat' dir='ltr'><strong>biliora</strong></span> <span class='ocrx_word' id='word_1_138' title='bbox 2291 651 2344 696; x_wconf 87' lang='lat' dir='ltr'><strong>et</strong></span> <span class='ocrx_word' id='word_1_139' title='bbox 2379 642 2471 698; x_wconf 88' lang='lat' dir='ltr'><strong>Dei</strong></span> <span class='ocrx_word' id='word_1_140' title='bbox 2495 644 2673 700; x_wconf 84' lang='lat' dir='ltr'><strong>solius</strong></span> <span class='ocrx_word' id='word_1_141' title='bbox 2693 653 2844 700; x_wconf 90' lang='lat' dir='ltr'><strong>sunt.</strong></span> 
     </span>
    </p>
   </div>
   <div class='ocr_carea' id='block_1_21' title="bbox 2139 824 3645 899">
    <p class='ocr_par' dir='ltr' id='par_1_21' title="bbox 2139 824 3645 899">
     <span class='ocr_line' id='line_1_21' title="bbox 2139 824 3645 899; baseline -0.001 -18"><span class='ocrx_word' id='word_1_142' title='bbox 2139 824 2411 881; x_wconf 68' lang='lat' dir='ltr'><strong>Caeterum</strong></span> <span class='ocrx_word' id='word_1_143' title='bbox 2444 827 2571 896; x_wconf 84' lang='lat' dir='ltr'><strong>quia</strong></span> <span class='ocrx_word' id='word_1_144' title='bbox 2605 835 2734 882; x_wconf 97' lang='lat' dir='ltr'><strong>ante</strong></span> <span class='ocrx_word' id='word_1_145' title='bbox 2764 826 3007 882; x_wconf 76' lang='lat' dir='ltr'><strong>divinam</strong></span> <span class='ocrx_word' id='word_1_146' title='bbox 3036 826 3267 899; x_wconf 84' lang='lat' dir='ltr'><strong>gratiam</strong></span> <span class='ocrx_word' id='word_1_147' title='bbox 3314 841 3423 881; x_wconf 88' lang='lat' dir='ltr'><strong>non</strong></span> <span class='ocrx_word' id='word_1_148' title='bbox 3464 826 3645 881; x_wconf 84' lang='lat' dir='ltr'><strong>solum</strong></span> 
     </span>
    </p>
   </div>
   <div class='ocr_carea' id='block_1_22' title="bbox 2068 915 3647 988">
    <p class='ocr_par' dir='ltr' id='par_1_22' title="bbox 2068 915 3647 988">
     <span class='ocr_line' id='line_1_22' title="bbox 2068 915 3647 988; baseline 0.001 -20"><span class='ocrx_word' id='word_1_149' title='bbox 2068 915 2378 984; x_wconf 81' lang='lat' dir='ltr'><strong>deprimere</strong></span> <span class='ocrx_word' id='word_1_150' title='bbox 2416 932 2497 982; x_wconf 88' lang='lat' dir='ltr'><strong>se,</strong></span> <span class='ocrx_word' id='word_1_151' title='bbox 2537 918 2632 972; x_wconf 89' lang='lat' dir='ltr'><strong>sed</strong></span> <span class='ocrx_word' id='word_1_152' title='bbox 2659 917 2825 972; x_wconf 85' lang='lat' dir='ltr'><strong>etiam</strong></span> <span class='ocrx_word' id='word_1_153' title='bbox 2857 919 3091 973; x_wconf 82' lang='lat' dir='ltr'><strong>virtutes</strong></span> <span class='ocrx_word' id='word_1_154' title='bbox 3115 918 3218 988; x_wconf 87' lang='lat' dir='ltr'><strong>ipsi</strong></span> <span class='ocrx_word' id='word_1_155' title='bbox 3246 918 3647 973; x_wconf 86' lang='lat' dir='ltr'><strong>consociabiles</strong></span> 
     </span>
    </p>
   </div>
   <div class='ocr_carea' id='block_1_23' title="bbox 2068 1007 3646 1078">
    <p class='ocr_par' dir='ltr' id='par_1_23' title="bbox 2068 1007 3646 1078">
     <span class='ocr_line' id='line_1_23' title="bbox 2068 1007 3646 1078; baseline 0.002 -21"><span class='ocrx_word' id='word_1_156' title='bbox 2068 1017 2336 1073; x_wconf 86' lang='lat' dir='ltr'><strong>quantum</strong></span> <span class='ocrx_word' id='word_1_157' title='bbox 2370 1022 2689 1076; x_wconf 83' lang='lat' dir='ltr'><strong>possumus,</strong></span> <span class='ocrx_word' id='word_1_158' title='bbox 2727 1016 2990 1077; x_wconf 65' lang='lat' dir='ltr'><strong>pratstare</strong></span> <span class='ocrx_word' id='word_1_159' title='bbox 3024 1017 3261 1078; x_wconf 86' lang='lat' dir='ltr'><strong>oportet,</strong></span> <span class='ocrx_word' id='word_1_160' title='bbox 3294 1007 3441 1077; x_wconf 89' lang='lat' dir='ltr'><strong>quod</strong></span> <span class='ocrx_word' id='word_1_161' title='bbox 3482 1007 3646 1061; x_wconf 87' lang='lat' dir='ltr'><strong>aliter</strong></span> 
     </span>
    </p>
   </div>
   <div class='ocr_carea' id='block_1_24' title="bbox 2067 1096 3643 1168">
    <p class='ocr_par' dir='ltr' id='par_1_24' title="bbox 2067 1096 3643 1168">
     <span class='ocr_line' id='line_1_24' title="bbox 2067 1096 3643 1168; baseline 0.001 -20"><span class='ocrx_word' id='word_1_162' title='bbox 2067 1096 2529 1164; x_wconf 86' lang='lat' dir='ltr'><strong>suppeditatorem</strong></span> <span class='ocrx_word' id='word_1_163' title='bbox 2572 1099 2764 1167; x_wconf 67' lang='lat' dir='ltr'><strong>gratiae</strong></span> <span class='ocrx_word' id='word_1_164' title='bbox 2795 1115 2904 1154; x_wconf 88' lang='lat' dir='ltr'><strong>non</strong></span> <span class='ocrx_word' id='word_1_165' title='bbox 2931 1099 3274 1168; x_wconf 85' lang='lat' dir='ltr'><strong>acquirimus</strong></span> <span class='ocrx_word' id='word_1_166' title='bbox 3299 1098 3464 1168; x_wconf 84' lang='lat' dir='ltr'><strong>(Deus</strong></span> <span class='ocrx_word' id='word_1_167' title='bbox 3493 1099 3643 1151; x_wconf 89' lang='lat' dir='ltr'><strong>enim</strong></span> 
     </span>
    </p>
   </div>
   <div class='ocr_carea' id='block_1_25' title="bbox 2068 1186 3645 1261">
    <p class='ocr_par' dir='ltr' id='par_1_25' title="bbox 2068 1186 3645 1261">
     <span class='ocr_line' id='line_1_25' title="bbox 2068 1186 3645 1261; baseline 0.003 -20"><span class='ocrx_word' id='word_1_168' title='bbox 2068 1196 2252 1255; x_wconf 89' lang='lat' dir='ltr'><strong>optata</strong></span> <span class='ocrx_word' id='word_1_169' title='bbox 2283 1186 2513 1257; x_wconf 70' lang='lat' dir='ltr'><strong>largitur</strong></span> <span class='ocrx_word' id='word_1_170' title='bbox 2541 1207 2650 1244; x_wconf 83' lang='lat' dir='ltr'><strong>non</strong></span> <span class='ocrx_word' id='word_1_171' title='bbox 2684 1192 3108 1256; x_wconf 88' lang='lat' dir='ltr'><strong>dormientibus,</strong></span> <span class='ocrx_word' id='word_1_172' title='bbox 3146 1192 3239 1247; x_wconf 86' lang='lat' dir='ltr'><strong>sed</strong></span> <span class='ocrx_word' id='word_1_173' title='bbox 3270 1191 3645 1261; x_wconf 71' lang='lat' dir='ltr'><strong>precantibus,</strong></span> 
     </span>
    </p>
   </div>
   <div class='ocr_carea' id='block_1_26' title="bbox 2066 1282 3646 1361">
    <p class='ocr_par' dir='ltr' id='par_1_26' title="bbox 2066 1282 3646 1361">
     <span class='ocr_line' id='line_1_26' title="bbox 2066 1282 3646 1361; baseline 0.003 -31"><span class='ocrx_word' id='word_1_174' title='bbox 2066 1285 2119 1331; x_wconf 89' lang='lat' dir='ltr'><strong>et</strong></span> <span class='ocrx_word' id='word_1_175' title='bbox 2145 1287 2447 1361; x_wconf 72' lang='lat' dir='ltr'><strong>certantem</strong></span> <span class='ocrx_word' id='word_1_176' title='bbox 2476 1284 2632 1351; x_wconf 80' lang='lat' dir='ltr'><strong>ungit</strong></span> <span class='ocrx_word' id='word_1_177' title='bbox 2658 1323 2675 1348; x_wconf 94' lang='lat'><strong>,</strong></span> <span class='ocrx_word' id='word_1_178' title='bbox 2716 1293 2770 1338; x_wconf 90' lang='lat' dir='ltr'><strong>et</strong></span> <span class='ocrx_word' id='word_1_179' title='bbox 2801 1284 3073 1338; x_wconf 86' lang='lat' dir='ltr'><strong>castitatis</strong></span> <span class='ocrx_word' id='word_1_180' title='bbox 3102 1284 3300 1337; x_wconf 90' lang='lat' dir='ltr'><strong>donum</strong></span> <span class='ocrx_word' id='word_1_181' title='bbox 3334 1285 3447 1349; x_wconf 88' lang='lat' dir='ltr'><strong>dat,</strong></span> <span class='ocrx_word' id='word_1_182' title='bbox 3476 1282 3646 1338; x_wconf 87' lang='lat' dir='ltr'><strong>casti-</strong></span> 
     </span>
    </p>
   </div>
   <div class='ocr_carea' id='block_1_27' title="bbox 2070 1373 3648 1444">
    <p class='ocr_par' dir='ltr' id='par_1_27' title="bbox 2070 1373 3648 1444">
     <span class='ocr_line' id='line_1_27' title="bbox 2070 1373 3648 1444; baseline 0.003 -21"><span class='ocrx_word' id='word_1_183' title='bbox 2070 1378 2235 1423; x_wconf 80' lang='lat' dir='ltr'><strong>tatem</strong></span> <span class='ocrx_word' id='word_1_184' title='bbox 2276 1373 2591 1437; x_wconf 77' lang='lat' dir='ltr'><strong>exercendi,</strong></span> <span class='ocrx_word' id='word_1_185' title='bbox 2631 1389 2732 1444; x_wconf 86' lang='lat' dir='ltr'><strong>per</strong></span> <span class='ocrx_word' id='word_1_186' title='bbox 2761 1391 2884 1444; x_wconf 61' lang='lat' dir='ltr'><strong>«tua:</strong></span> <span class='ocrx_word' id='word_1_187' title='bbox 2942 1377 3247 1430; x_wconf 85' lang='lat' dir='ltr'><strong>exercenda</strong></span> <span class='ocrx_word' id='word_1_188' title='bbox 3286 1383 3394 1440; x_wconf 85' lang='lat' dir='ltr'><strong>est,</strong></span> <span class='ocrx_word' id='word_1_189' title='bbox 3424 1382 3481 1428; x_wconf 87' lang='lat' dir='ltr'><strong>et</strong></span> <span class='ocrx_word' id='word_1_190' title='bbox 3525 1373 3648 1428; x_wconf 83' lang='lat' dir='ltr'><strong>uni-</strong></span> 
     </span>
    </p>
   </div>
   <div class='ocr_carea' id='block_1_28' title="bbox 2066 1463 3647 1538">
    <p class='ocr_par' dir='ltr' id='par_1_28' title="bbox 2066 1463 3647 1538">
     <span class='ocr_line' id='line_1_28' title="bbox 2066 1463 3647 1538; baseline 0.005 -25"><span class='ocrx_word' id='word_1_191' title='bbox 2066 1474 2224 1516; x_wconf 80' lang='lat' dir='ltr'><strong>verse</strong></span> <span class='ocrx_word' id='word_1_192' title='bbox 2255 1463 2478 1534; x_wconf 87' lang='lat' dir='ltr'><strong>ubique,</strong></span> <span class='ocrx_word' id='word_1_193' title='bbox 2530 1468 2860 1523; x_wconf 83' lang='lat' dir='ltr'><strong>desiderium</strong></span> <span class='ocrx_word' id='word_1_194' title='bbox 2893 1469 3016 1538; x_wconf 85' lang='lat' dir='ltr'><strong>ejus</strong></span> <span class='ocrx_word' id='word_1_195' title='bbox 3045 1470 3193 1538; x_wconf 84' lang='lat' dir='ltr'><strong>quod</strong></span> <span class='ocrx_word' id='word_1_196' title='bbox 3223 1468 3508 1536; x_wconf 68' lang='lat' dir='ltr'><strong>quaeritur,</strong></span> <span class='ocrx_word' id='word_1_197' title='bbox 3535 1482 3647 1521; x_wconf 87' lang='lat' dir='ltr'><strong>non</strong></span> 
     </span>
    </p>
   </div>
   <div class='ocr_carea' id='block_1_29' title="bbox 2064 1553 3648 1629">
    <p class='ocr_par' dir='ltr' id='par_1_29' title="bbox 2064 1553 3648 1629">
     <span class='ocr_line' id='line_1_29' title="bbox 2064 1553 3648 1629; baseline 0.006 -26"><span class='ocrx_word' id='word_1_198' title='bbox 2064 1553 2210 1606; x_wconf 86' lang='lat' dir='ltr'><strong>votis</strong></span> <span class='ocrx_word' id='word_1_199' title='bbox 2235 1554 2437 1621; x_wconf 86' lang='lat' dir='ltr'><strong>solum,</strong></span> <span class='ocrx_word' id='word_1_200' title='bbox 2468 1559 2560 1612; x_wconf 91' lang='lat' dir='ltr'><strong>sed</strong></span> <span class='ocrx_word' id='word_1_201' title='bbox 2591 1559 2753 1613; x_wconf 85' lang='lat' dir='ltr'><strong>etiam</strong></span> <span class='ocrx_word' id='word_1_202' title='bbox 2792 1560 2924 1629; x_wconf 87' lang='lat' dir='ltr'><strong>ipsis</strong></span> <span class='ocrx_word' id='word_1_203' title='bbox 2969 1561 3230 1629; x_wconf 80' lang='lat' dir='ltr'><strong>operibus</strong></span> <span class='ocrx_word' id='word_1_204' title='bbox 3258 1561 3648 1615; x_wconf 84' lang='lat' dir='ltr'><strong>demonstran-</strong></span> 
     </span>
    </p>
   </div>
   <div class='ocr_carea' id='block_1_30' title="bbox 2065 1643 3645 1723">
    <p class='ocr_par' dir='ltr' id='par_1_30' title="bbox 2065 1643 3645 1723">
     <span class='ocr_line' id='line_1_30' title="bbox 2065 1643 3645 1723; baseline 0.007 -27"><span class='ocrx_word' id='word_1_205' title='bbox 2065 1643 2194 1698; x_wconf 84' lang='lat' dir='ltr'><strong>dum</strong></span> <span class='ocrx_word' id='word_1_206' title='bbox 2225 1650 2354 1715; x_wconf 82' lang='lat' dir='ltr'><strong>est),</strong></span> <span class='ocrx_word' id='word_1_207' title='bbox 2386 1649 2509 1704; x_wconf 84' lang='lat' dir='ltr'><strong>ideo</strong></span> <span class='ocrx_word' id='word_1_208' title='bbox 2535 1661 2664 1706; x_wconf 79' lang='lat' dir='ltr'><strong>ante</strong></span> <span class='ocrx_word' id='word_1_209' title='bbox 2682 1652 3089 1708; x_wconf 85' lang='lat' dir='ltr'><strong>divinissimum</strong></span> <span class='ocrx_word' id='word_1_210' title='bbox 3118 1666 3477 1721; x_wconf 80' lang='lat' dir='ltr'><strong>unguentum,</strong></span> <span class='ocrx_word' id='word_1_211' title='bbox 3496 1652 3645 1723; x_wconf 82' lang='lat' dir='ltr'><strong>quod</strong></span> 
     </span>
    </p>
   </div>
   <div class='ocr_carea' id='block_1_31' title="bbox 2067 1732 3648 1812">
    <p class='ocr_par' dir='ltr' id='par_1_31' title="bbox 2067 1732 3648 1812">
     <span class='ocr_line' id='line_1_31' title="bbox 2067 1732 3648 1812; baseline 0.007 -26"><span class='ocrx_word' id='word_1_212' title='bbox 2067 1732 2224 1789; x_wconf 87' lang='lat' dir='ltr'><strong>altari</strong></span> <span class='ocrx_word' id='word_1_213' title='bbox 2256 1741 2487 1806; x_wconf 80' lang='lat' dir='ltr'><strong>gratiam</strong></span> <span class='ocrx_word' id='word_1_214' title='bbox 2519 1757 2550 1794; x_wconf 91' lang='lat' dir='ltr'><strong>a</strong></span> <span class='ocrx_word' id='word_1_215' title='bbox 2593 1741 2704 1797; x_wconf 87' lang='lat' dir='ltr'><strong>Deo</strong></span> <span class='ocrx_word' id='word_1_216' title='bbox 2729 1750 3021 1812; x_wconf 85' lang='lat' dir='ltr'><strong>apportare</strong></span> <span class='ocrx_word' id='word_1_217' title='bbox 3044 1744 3349 1807; x_wconf 82' lang='lat' dir='ltr'><strong>consuevit,</strong></span> <span class='ocrx_word' id='word_1_218' title='bbox 3378 1744 3465 1797; x_wconf 85' lang='lat' dir='ltr'><strong>bis</strong></span> <span class='ocrx_word' id='word_1_219' title='bbox 3523 1758 3648 1811; x_wconf 70' lang='lat' dir='ltr'><strong>qute</strong></span> 
     </span>
    </p>
   </div>
   <div class='ocr_carea' id='block_1_32' title="bbox 2066 1826 3649 1897">
    <p class='ocr_par' dir='ltr' id='par_1_32' title="bbox 2066 1826 3649 1897">
     <span class='ocr_line' id='line_1_32' title="bbox 2066 1826 3649 1897; baseline 0.004 -18"><span class='ocrx_word' id='word_1_220' title='bbox 2066 1826 2210 1893; x_wconf 80' lang='lat' dir='ltr'><strong>apud</strong></span> <span class='ocrx_word' id='word_1_221' title='bbox 2242 1844 2340 1885; x_wconf 87' lang='lat' dir='ltr'><strong>nos</strong></span> <span class='ocrx_word' id='word_1_222' title='bbox 2372 1830 2508 1885; x_wconf 80' lang='lat' dir='ltr'><strong>bene</strong></span> <span class='ocrx_word' id='word_1_223' title='bbox 2525 1833 2697 1897; x_wconf 85' lang='lat' dir='ltr'><strong>olent,</strong></span> <span class='ocrx_word' id='word_1_224' title='bbox 2720 1849 2967 1889; x_wconf 81' lang='lat' dir='ltr'><strong>mensam</strong></span> <span class='ocrx_word' id='word_1_225' title='bbox 2987 1835 3282 1897; x_wconf 86' lang='lat' dir='ltr'><strong>lmmeetat,</strong></span> <span class='ocrx_word' id='word_1_226' title='bbox 3303 1834 3432 1887; x_wconf 89' lang='lat' dir='ltr'><strong>vino</strong></span> <span class='ocrx_word' id='word_1_227' title='bbox 3452 1842 3509 1888; x_wconf 89' lang='lat' dir='ltr'><strong>et</strong></span> <span class='ocrx_word' id='word_1_228' title='bbox 3522 1834 3649 1887; x_wconf 85' lang='lat' dir='ltr'><strong>oleo</strong></span> 
     </span>
    </p>
   </div>
   <div class='ocr_carea' id='block_1_33' title="bbox 397 1899 1974 1996">
    <p class='ocr_par' dir='ltr' id='par_1_33' title="bbox 397 1899 1959 1996">
     <span class='ocr_line' id='line_1_33' title="bbox 397 1899 1959 1996; baseline 0.006 -26"><span class='ocrx_word' id='word_1_229' title='bbox 397 1918 497 1982; x_wconf 79' lang='grc' dir='ltr'><strong>ζαν</strong></span> <span class='ocrx_word' id='word_1_230' title='bbox 528 1917 660 1990; x_wconf 82' lang='grc' dir='ltr'><strong>οῐνῳ</strong></span> <span class='ocrx_word' id='word_1_231' title='bbox 684 1922 777 1974; x_wconf 79' lang='grc' dir='ltr'><strong>καὶ</strong></span> <span class='ocrx_word' id='word_1_232' title='bbox 811 1899 997 1992; x_wconf 64' lang='grc' dir='ltr'><strong>μύρῳ,</strong></span> <span class='ocrx_word' id='word_1_233' title='bbox 1020 1918 1096 1977; x_wconf 82' lang='grc' dir='ltr'><strong>ὧν</strong></span> <span class='ocrx_word' id='word_1_234' title='bbox 1120 1924 1182 1977; x_wconf 74' lang='grc' dir='ltr'><strong>τὸ</strong></span> <span class='ocrx_word' id='word_1_235' title='bbox 1204 1923 1303 1993; x_wconf 81' lang='grc' dir='ltr'><strong>μὲν</strong></span> <span class='ocrx_word' id='word_1_236' title='bbox 1331 1899 1467 1995; x_wconf 71' lang='grc' dir='ltr'><strong>ἡμῖν</strong></span> <span class='ocrx_word' id='word_1_237' title='bbox 1494 1899 1690 1996; x_wconf 75' lang='grc' dir='ltr'><strong>τέρψιν</strong></span> <span class='ocrx_word' id='word_1_238' title='bbox 1714 1899 1825 1996; x_wconf 76' lang='grc' dir='ltr'><strong>ἔχει</strong></span> <span class='ocrx_word' id='word_1_239' title='bbox 1857 1926 1959 1995; x_wconf 84' lang='grc' dir='ltr'><strong>μό-</strong></span> 
     </span>
    </p>
   </div>
   <div class='ocr_carea' id='block_1_34' title="bbox 2076 1899 3651 1996">
    <p class='ocr_par' dir='ltr' id='par_1_34' title="bbox 2076 1924 3651 1995">
     <span class='ocr_line' id='line_1_34' title="bbox 2076 1924 3651 1995; baseline 0.005 -25"><span class='ocrx_word' id='word_1_240' title='bbox 2076 1931 2407 1986; x_wconf 82' lang='lat' dir='ltr'><strong>&#39;esarum,ex</strong></span> <span class='ocrx_word' id='word_1_241' title='bbox 2435 1924 2636 1993; x_wconf 85' lang='lat' dir='ltr'><strong>quibus</strong></span> <span class='ocrx_word' id='word_1_242' title='bbox 2662 1926 2767 1981; x_wconf 83' lang='lat' dir='ltr'><strong>hoc</strong></span> <span class='ocrx_word' id='word_1_243' title='bbox 2781 1927 3113 1992; x_wconf 79' lang='lat' dir='ltr'><strong>voluptatem</strong></span> <span class='ocrx_word' id='word_1_244' title='bbox 3141 1934 3349 1980; x_wconf 87' lang='lat' dir='ltr'><strong>tantum</strong></span> <span class='ocrx_word' id='word_1_245' title='bbox 3379 1926 3537 1981; x_wconf 87' lang='lat' dir='ltr'><strong>nobis</strong></span> <span class='ocrx_word' id='word_1_246' title='bbox 3550 1940 3651 1995; x_wconf 72' lang='lat' dir='ltr'><strong>ge-</strong></span> 
     </span>
    </p>
   </div>
   <div class='ocr_carea' id='block_1_35' title="bbox 390 2012 1966 2089">
    <p class='ocr_par' dir='ltr' id='par_1_35' title="bbox 390 2012 1966 2089">
     <span class='ocr_line' id='line_1_35' title="bbox 390 2012 1966 2089; baseline 0.008 -27"><span class='ocrx_word' id='word_1_247' title='bbox 390 2028 499 2087; x_wconf 79' lang='grc' dir='ltr'><strong>νον,</strong></span> <span class='ocrx_word' id='word_1_248' title='bbox 528 2012 593 2064; x_wconf 86' lang='grc' dir='ltr'><strong>τὺ</strong></span> <span class='ocrx_word' id='word_1_249' title='bbox 618 2012 677 2066; x_wconf 78' lang='grc' dir='ltr'><strong>δὲ</strong></span> <span class='ocrx_word' id='word_1_250' title='bbox 710 2015 805 2067; x_wconf 77' lang='grc' dir='ltr'><strong>καὶ</strong></span> <span class='ocrx_word' id='word_1_251' title='bbox 833 2018 900 2086; x_wconf 84' lang='grc' dir='ltr'><strong>τῇ</strong></span> <span class='ocrx_word' id='word_1_252' title='bbox 934 2013 1046 2086; x_wconf 80' lang='grc' dir='ltr'><strong>ζ’ωῇ</strong></span> <span class='ocrx_word' id='word_1_253' title='bbox 1078 2017 1284 2086; x_wconf 84' lang='grc' dir='ltr'><strong>βοηθεῖ,</strong></span> <span class='ocrx_word' id='word_1_254' title='bbox 1315 2017 1402 2071; x_wconf 71' lang='grc' dir='ltr'><strong>ἵνα</strong></span> <span class='ocrx_word' id='word_1_255' title='bbox 1432 2017 1580 2089; x_wconf 79' lang='grc' dir='ltr'><strong>δείξῃ</strong></span> <span class='ocrx_word' id='word_1_256' title='bbox 1613 2018 1966 2088; x_wconf 80' lang='grc' dir='ltr'><strong>τάνθρώπινα</strong></span> 
     </span>
    </p>
   </div>
   <div class='ocr_carea' id='block_1_36' title="bbox 388 2102 1966 2179">
    <p class='ocr_par' dir='ltr' id='par_1_36' title="bbox 388 2102 1966 2179">
     <span class='ocr_line' id='line_1_36' title="bbox 388 2102 1966 2179; baseline 0.006 -25"><span class='ocrx_word' id='word_1_257' title='bbox 388 2102 718 2172; x_wconf 72' lang='grc' dir='ltr'><strong>εἰσενεγκὼν</strong></span> <span class='ocrx_word' id='word_1_258' title='bbox 743 2105 958 2160; x_wconf 78' lang='grc' dir='ltr'><strong>ἅπαντα</strong></span> <span class='ocrx_word' id='word_1_259' title='bbox 976 2108 1296 2172; x_wconf 62' lang='grc' dir='ltr'><strong>ὅτιτούτων</strong></span> <span class='ocrx_word' id='word_1_260' title='bbox 1320 2110 1456 2178; x_wconf 80' lang='grc' dir='ltr'><strong>ἡμῖν</strong></span> <span class='ocrx_word' id='word_1_261' title='bbox 1487 2109 1581 2164; x_wconf 77' lang='grc' dir='ltr'><strong>τὸν</strong></span> <span class='ocrx_word' id='word_1_262' title='bbox 1605 2108 1722 2179; x_wconf 82' lang='grc' dir='ltr'><strong>βίον</strong></span> <span class='ocrx_word' id='word_1_263' title='bbox 1747 2108 1966 2164; x_wconf 70' lang='grc' dir='ltr'><strong>ἅπαντα</strong></span> 
     </span>
    </p>
   </div>
   <div class='ocr_carea' id='block_1_37' title="bbox 389 2196 1969 2273">
    <p class='ocr_par' dir='ltr' id='par_1_37' title="bbox 389 2196 1969 2273">
     <span class='ocr_line' id='line_1_37' title="bbox 389 2196 1969 2273; baseline 0.006 -26"><span class='ocrx_word' id='word_1_264' title='bbox 389 2196 882 2267; x_wconf 84' lang='grc' dir='ltr'><strong>συμπληρούντων,</strong></span> <span class='ocrx_word' id='word_1_265' title='bbox 915 2199 1027 2253; x_wconf 84' lang='grc' dir='ltr'><strong>τῶν</strong></span> <span class='ocrx_word' id='word_1_266' title='bbox 1051 2216 1111 2252; x_wconf 74' lang='grc' dir='ltr'><strong>τι</strong></span> <span class='ocrx_word' id='word_1_267' title='bbox 1143 2201 1282 2271; x_wconf 81' lang='grc' dir='ltr'><strong>πρὸς</strong></span> <span class='ocrx_word' id='word_1_268' title='bbox 1308 2202 1371 2255; x_wconf 81' lang='grc' dir='ltr'><strong>τὸ</strong></span> <span class='ocrx_word' id='word_1_269' title='bbox 1399 2202 1500 2273; x_wconf 75' lang='grc' dir='ltr'><strong>ζῇν</strong></span> <span class='ocrx_word' id='word_1_270' title='bbox 1524 2203 1844 2271; x_wconf 77' lang='grc' dir='ltr'><strong>ἀναγκαίων</strong></span> <span class='ocrx_word' id='word_1_271' title='bbox 1872 2202 1969 2257; x_wconf 76' lang='grc' dir='ltr'><strong>καὶ</strong></span> 
     </span>
    </p>
   </div>
   <div class='ocr_carea' id='block_1_38' title="bbox 385 2289 1967 2364">
    <p class='ocr_par' dir='ltr' id='par_1_38' title="bbox 385 2289 1967 2364">
     <span class='ocr_line' id='line_1_38' title="bbox 385 2289 1967 2364; baseline 0.006 -23"><span class='ocrx_word' id='word_1_272' title='bbox 385 2289 499 2343; x_wconf 84' lang='grc' dir='ltr'><strong>τῶν</strong></span> <span class='ocrx_word' id='word_1_273' title='bbox 524 2289 724 2359; x_wconf 77' lang='grc' dir='ltr'><strong>ἡδέων,</strong></span> <span class='ocrx_word' id='word_1_274' title='bbox 778 2291 1113 2364; x_wconf 78' lang='grc' dir='ltr'><strong>ἀμφοτέρων</strong></span> <span class='ocrx_word' id='word_1_275' title='bbox 1156 2293 1487 2364; x_wconf 77' lang='grc' dir='ltr'><strong>ἀπάρχεται,</strong></span> <span class='ocrx_word' id='word_1_276' title='bbox 1540 2296 1663 2348; x_wconf 80' lang='grc' dir='ltr'><strong>ἐπεὶ</strong></span> <span class='ocrx_word' id='word_1_277' title='bbox 1715 2297 1967 2359; x_wconf 82' lang='grc' dir='ltr'><strong>κάκεῖνος</strong></span> 
     </span>
    </p>
   </div>
   <div class='ocr_carea' id='block_1_39' title="bbox 385 2379 1968 2458">
    <p class='ocr_par' dir='ltr' id='par_1_39' title="bbox 385 2379 1968 2458">
     <span class='ocr_line' id='line_1_39' title="bbox 385 2379 1968 2458; baseline 0.006 -24"><span class='ocrx_word' id='word_1_278' title='bbox 385 2379 557 2436; x_wconf 69' lang='grc' dir='ltr'><strong>ἐλθὼν</strong></span> <span class='ocrx_word' id='word_1_279' title='bbox 584 2385 680 2435; x_wconf 80' lang='grc' dir='ltr'><strong>καὶ</strong></span> <span class='ocrx_word' id='word_1_280' title='bbox 707 2382 852 2454; x_wconf 78' lang='grc' dir='ltr'><strong>ζωὴν</strong></span> <span class='ocrx_word' id='word_1_281' title='bbox 878 2384 1048 2437; x_wconf 72' lang='grc' dir='ltr'><strong>ἔδωκε</strong></span> <span class='ocrx_word' id='word_1_282' title='bbox 1081 2386 1176 2438; x_wconf 70' lang='grc' dir='ltr'><strong>καὶ</strong></span> <span class='ocrx_word' id='word_1_283' title='bbox 1197 2388 1460 2456; x_wconf 68' lang='grc' dir='ltr'><strong>περισσῦν</strong></span> <span class='ocrx_word' id='word_1_284' title='bbox 1489 2388 1852 2458; x_wconf 74' lang='grc' dir='ltr'><strong>προσέθηκεν,</strong></span> <span class='ocrx_word' id='word_1_285' title='bbox 1868 2390 1968 2443; x_wconf 78' lang='grc' dir='ltr'><strong>οὐκ</strong></span> 
     </span>
    </p>
   </div>
   <div class='ocr_carea' id='block_1_40' title="bbox 390 2473 1967 2548">
    <p class='ocr_par' dir='ltr' id='par_1_40' title="bbox 390 2473 1967 2548">
     <span class='ocr_line' id='line_1_40' title="bbox 390 2473 1967 2548; baseline 0.005 -23"><span class='ocrx_word' id='word_1_286' title='bbox 390 2473 702 2543; x_wconf 81' lang='grc' dir='ltr'><strong>ἀναστήσας</strong></span> <span class='ocrx_word' id='word_1_287' title='bbox 747 2476 913 2545; x_wconf 87' lang='grc' dir='ltr'><strong>μόνον</strong></span> <span class='ocrx_word' id='word_1_288' title='bbox 939 2476 1035 2530; x_wconf 77' lang='grc' dir='ltr'><strong>καὶ</strong></span> <span class='ocrx_word' id='word_1_289' title='bbox 1073 2476 1263 2541; x_wconf 87' lang='grc' dir='ltr'><strong>λύσας,</strong></span> <span class='ocrx_word' id='word_1_290' title='bbox 1313 2475 1453 2531; x_wconf 80' lang='grc' dir='ltr'><strong>ἀλλὰ</strong></span> <span class='ocrx_word' id='word_1_291' title='bbox 1480 2478 1577 2531; x_wconf 73' lang='grc' dir='ltr'><strong>καὶ</strong></span> <span class='ocrx_word' id='word_1_292' title='bbox 1618 2478 1967 2548; x_wconf 74' lang='grc' dir='ltr'><strong>βασιλεύσας,</strong></span> 
     </span>
    </p>
   </div>
   <div class='ocr_carea' id='block_1_41' title="bbox 387 2566 1966 2643">
    <p class='ocr_par' dir='ltr' id='par_1_41' title="bbox 387 2566 1966 2643">
     <span class='ocr_line' id='line_1_41' title="bbox 387 2566 1966 2643; baseline 0.006 -28"><span class='ocrx_word' id='word_1_293' title='bbox 387 2566 490 2635; x_wconf 83' lang='grc' dir='ltr'><strong>τῆς</strong></span> <span class='ocrx_word' id='word_1_294' title='bbox 532 2566 814 2636; x_wconf 85' lang='grc' dir='ltr'><strong>ἀκηράτου</strong></span> <span class='ocrx_word' id='word_1_295' title='bbox 849 2570 1061 2640; x_wconf 81' lang='grc' dir='ltr'><strong>τρυφῆς</strong></span> <span class='ocrx_word' id='word_1_296' title='bbox 1104 2571 1243 2640; x_wconf 73' lang='grc' dir='ltr'><strong>ἡμῖν</strong></span> <span class='ocrx_word' id='word_1_297' title='bbox 1271 2571 1534 2639; x_wconf 81' lang='grc' dir='ltr'><strong>μεταδοὺς</strong></span> <span class='ocrx_word' id='word_1_298' title='bbox 1581 2570 1791 2635; x_wconf 78' lang='grc' dir='ltr'><strong>τούτοις</strong></span> <span class='ocrx_word' id='word_1_299' title='bbox 1822 2573 1966 2643; x_wconf 25' lang='grc' dir='ltr'><strong>,ἐπι-</strong></span> 
     </span>
    </p>
   </div>
   <div class='ocr_carea' id='block_1_42' title="bbox 392 2656 1969 2733">
    <p class='ocr_par' dir='ltr' id='par_1_42' title="bbox 392 2656 1969 2733">
     <span class='ocr_line' id='line_1_42' title="bbox 392 2656 1969 2733; baseline 0.006 -24"><span class='ocrx_word' id='word_1_300' title='bbox 392 2656 547 2728; x_wconf 72' lang='grc' dir='ltr'><strong>φέρει</strong></span> <span class='ocrx_word' id='word_1_301' title='bbox 583 2658 643 2711; x_wconf 82' lang='grc' dir='ltr'><strong>τὸ</strong></span> <span class='ocrx_word' id='word_1_302' title='bbox 676 2657 866 2729; x_wconf 86' lang='grc' dir='ltr'><strong>μύρον,</strong></span> <span class='ocrx_word' id='word_1_303' title='bbox 887 2660 914 2712; x_wconf 81' lang='grc' dir='ltr'><strong>ὃ</strong></span> <span class='ocrx_word' id='word_1_304' title='bbox 944 2661 1133 2713; x_wconf 79' lang='grc' dir='ltr'><strong>πᾶσαν</strong></span> <span class='ocrx_word' id='word_1_305' title='bbox 1161 2663 1226 2730; x_wconf 82' lang='grc' dir='ltr'><strong>τῇ</strong></span> <span class='ocrx_word' id='word_1_306' title='bbox 1244 2661 1436 2730; x_wconf 79' lang='grc' dir='ltr'>τελετῇ</span> <span class='ocrx_word' id='word_1_307' title='bbox 1466 2660 1566 2731; x_wconf 82' lang='grc' dir='ltr'><strong>τὴν</strong></span> <span class='ocrx_word' id='word_1_308' title='bbox 1595 2660 1828 2733; x_wconf 86' lang='grc' dir='ltr'><strong>δύναμιν</strong></span> <span class='ocrx_word' id='word_1_309' title='bbox 1844 2663 1969 2732; x_wconf 70' lang='grc' dir='ltr'><strong>ἕχον</strong></span> 
     </span>
    </p>
   </div>
   <div class='ocr_carea' id='block_1_43' title="bbox 389 2751 1593 2825">
    <p class='ocr_par' dir='ltr' id='par_1_43' title="bbox 389 2751 1593 2825">
     <span class='ocr_line' id='line_1_43' title="bbox 389 2751 1593 2825; baseline 0.005 -21"><span class='ocrx_word' id='word_1_310' title='bbox 389 2753 478 2805; x_wconf 81' lang='grc' dir='ltr'><strong>ἐπ’</strong></span> <span class='ocrx_word' id='word_1_311' title='bbox 505 2751 674 2822; x_wconf 78' lang='grc' dir='ltr'><strong>αὐτὴν</strong></span> <span class='ocrx_word' id='word_1_312' title='bbox 702 2753 800 2825; x_wconf 77' lang='grc' dir='ltr'><strong>τὴν</strong></span> <span class='ocrx_word' id='word_1_313' title='bbox 831 2752 1022 2809; x_wconf 85' lang='grc' dir='ltr'><strong>θυσίαν</strong></span> <span class='ocrx_word' id='word_1_314' title='bbox 1053 2755 1313 2825; x_wconf 75' lang='grc' dir='ltr'><strong>ἄντικρυς</strong></span> <span class='ocrx_word' id='word_1_315' title='bbox 1348 2755 1528 2825; x_wconf 76' lang='grc' dir='ltr'><strong>φέρει.</strong></span> <span class='ocrx_word' id='word_1_316' title='bbox 1584 2788 1593 2793; x_wconf 60' lang='grc' dir='ltr'><strong><em>ο</em></strong></span> 
     </span>
    </p>
   </div>
   <div class='ocr_carea' id='block_1_44' title="bbox 475 2933 1973 3008">
    <p class='ocr_par' dir='ltr' id='par_1_44' title="bbox 475 2933 1973 3008">
     <span class='ocr_line' id='line_1_44' title="bbox 475 2933 1973 3008; baseline 0.005 -23"><span class='ocrx_word' id='word_1_317' title='bbox 475 2933 630 2987; x_wconf 68' lang='grc' dir='ltr'>Ἐπεὶ</span> <span class='ocrx_word' id='word_1_318' title='bbox 680 2934 791 3004; x_wconf 88' lang='grc' dir='ltr'><strong>γὰρ</strong></span> <span class='ocrx_word' id='word_1_319' title='bbox 839 2937 954 2999; x_wconf 87' lang='grc' dir='ltr'><strong>τοῖς</strong></span> <span class='ocrx_word' id='word_1_320' title='bbox 1001 2936 1123 2989; x_wconf 66' lang='grc' dir='ltr'><strong>δυσὶ</strong></span> <span class='ocrx_word' id='word_1_321' title='bbox 1178 2935 1394 2999; x_wconf 81' lang='grc' dir='ltr'><strong>τούτοις</strong></span> <span class='ocrx_word' id='word_1_322' title='bbox 1425 2935 1596 3008; x_wconf 81' lang='grc' dir='ltr'><strong>αὐτὴν</strong></span> <span class='ocrx_word' id='word_1_323' title='bbox 1649 2936 1899 2992; x_wconf 76' lang='grc' dir='ltr'><strong>ἐτέλεσεν</strong></span> <span class='ocrx_word' id='word_1_324' title='bbox 1940 2940 1973 2993; x_wconf 80' lang='grc' dir='ltr'>ὁ</span> 
     </span>
    </p>
   </div>
   <div class='ocr_carea' id='block_1_45' title="bbox 394 3024 1970 3100">
    <p class='ocr_par' dir='ltr' id='par_1_45' title="bbox 394 3024 1970 3100">
     <span class='ocr_line' id='line_1_45' title="bbox 394 3024 1970 3100; baseline 0.004 -21"><span class='ocrx_word' id='word_1_325' title='bbox 394 3025 587 3097; x_wconf 79' lang='grc' dir='ltr'><strong>Σωτὴρ</strong></span> <span class='ocrx_word' id='word_1_326' title='bbox 660 3024 722 3092; x_wconf 78' lang='grc' dir='ltr'><strong>ἐξ</strong></span> <span class='ocrx_word' id='word_1_327' title='bbox 774 3027 974 3098; x_wconf 82' lang='grc' dir='ltr'><strong>ἀρχῆς,</strong></span> <span class='ocrx_word' id='word_1_328' title='bbox 1029 3045 1050 3079; x_wconf 72' lang='grc' dir='ltr'><strong>ι</strong></span> <span class='ocrx_word' id='word_1_329' title='bbox 1085 3026 1302 3095; x_wconf 79' lang='grc' dir='ltr'><strong>λαϐὼν,</strong></span> <span class='ocrx_word' id='word_1_330' title='bbox 1338 3030 1508 3098; x_wconf 77' lang='grc' dir='ltr'><strong>φησὶ,</strong></span> <span class='ocrx_word' id='word_1_331' title='bbox 1552 3029 1644 3083; x_wconf 74' lang='grc' dir='ltr'><strong>τὸν</strong></span> <span class='ocrx_word' id='word_1_332' title='bbox 1675 3031 1839 3100; x_wconf 73' lang='grc' dir='ltr'><strong>ἄρτον</strong></span> <span class='ocrx_word' id='word_1_333' title='bbox 1873 3032 1970 3086; x_wconf 63' lang='grc' dir='ltr'><strong>καὶ</strong></span> 
     </span>
    </p>
   </div>
   <div class='ocr_carea' id='block_1_46' title="bbox 391 3118 1972 3194">
    <p class='ocr_par' dir='ltr' id='par_1_46' title="bbox 391 3118 1972 3194">
     <span class='ocr_line' id='line_1_46' title="bbox 391 3118 1972 3194; baseline 0.006 -25"><span class='ocrx_word' id='word_1_334' title='bbox 391 3118 699 3190; x_wconf 84' lang='grc' dir='ltr'><strong>εὐλογήσας</strong></span> <span class='ocrx_word' id='word_1_335' title='bbox 731 3119 830 3187; x_wconf 81' lang='grc' dir='ltr'><strong>τὴν</strong></span> <span class='ocrx_word' id='word_1_336' title='bbox 871 3123 1055 3189; x_wconf 80' lang='grc' dir='ltr'><strong>χεῖρα,</strong></span> <span class='ocrx_word' id='word_1_337' title='bbox 1103 3138 1123 3171; x_wconf 74' lang='grc' dir='ltr'><strong>ι</strong></span> <span class='ocrx_word' id='word_1_338' title='bbox 1166 3121 1445 3190; x_wconf 80' lang='grc' dir='ltr'><strong>ζητοῦμεν</strong></span> <span class='ocrx_word' id='word_1_339' title='bbox 1472 3123 1693 3191; x_wconf 83' lang='grc' dir='ltr'><strong>ἐκείνην</strong></span> <span class='ocrx_word' id='word_1_340' title='bbox 1733 3124 1828 3176; x_wconf 75' lang='grc' dir='ltr'><strong>καὶ</strong></span> <span class='ocrx_word' id='word_1_341' title='bbox 1870 3124 1972 3194; x_wconf 74' lang='grc' dir='ltr'><strong>τὴν</strong></span> 
     </span>
    </p>
   </div>
   <div class='ocr_carea' id='block_1_47' title="bbox 2066 2014 3653 2087">
    <p class='ocr_par' dir='ltr' id='par_1_47' title="bbox 2066 2014 3653 2087">
     <span class='ocr_line' id='line_1_47' title="bbox 2066 2014 3653 2087; baseline 0.005 -23"><span class='ocrx_word' id='word_1_342' title='bbox 2066 2019 2246 2078; x_wconf 79' lang='lat' dir='ltr'><strong>uerat,</strong></span> <span class='ocrx_word' id='word_1_343' title='bbox 2269 2014 2404 2068; x_wconf 86' lang='lat' dir='ltr'><strong>illud</strong></span> <span class='ocrx_word' id='word_1_344' title='bbox 2431 2016 2598 2071; x_wconf 84' lang='lat' dir='ltr'><strong>etiam</strong></span> <span class='ocrx_word' id='word_1_345' title='bbox 2622 2020 2744 2072; x_wconf 73' lang='lat' dir='ltr'><strong>vita:</strong></span> <span class='ocrx_word' id='word_1_346' title='bbox 2760 2019 3002 2087; x_wconf 84' lang='lat' dir='ltr'><strong>prodest,</strong></span> <span class='ocrx_word' id='word_1_347' title='bbox 3031 2030 3091 2072; x_wconf 86' lang='lat' dir='ltr'><strong>ut</strong></span> <span class='ocrx_word' id='word_1_348' title='bbox 3124 2018 3378 2072; x_wconf 81' lang='lat' dir='ltr'><strong>humanis</strong></span> <span class='ocrx_word' id='word_1_349' title='bbox 3394 2017 3653 2072; x_wconf 83' lang='lat' dir='ltr'><strong>omnibus</strong></span> 
     </span>
    </p>
   </div>
   <div class='ocr_carea' id='block_1_48' title="bbox 2065 2101 3652 2179">
    <p class='ocr_par' dir='ltr' id='par_1_48' title="bbox 2065 2101 3652 2179">
     <span class='ocr_line' id='line_1_48' title="bbox 2065 2101 3652 2179; baseline 0.003 -22"><span class='ocrx_word' id='word_1_350' title='bbox 2065 2101 2236 2158; x_wconf 83' lang='lat' dir='ltr'><strong>illatis</strong></span> <span class='ocrx_word' id='word_1_351' title='bbox 2265 2104 2483 2171; x_wconf 86' lang='lat' dir='ltr'><strong>doceat,</strong></span> <span class='ocrx_word' id='word_1_352' title='bbox 2532 2109 2679 2177; x_wconf 87' lang='lat' dir='ltr'><strong>quod</strong></span> <span class='ocrx_word' id='word_1_353' title='bbox 2716 2125 2842 2164; x_wconf 88' lang='lat' dir='ltr'><strong>cum</strong></span> <span class='ocrx_word' id='word_1_354' title='bbox 2894 2110 3063 2163; x_wconf 84' lang='lat' dir='ltr'><strong>vitam</strong></span> <span class='ocrx_word' id='word_1_355' title='bbox 3116 2118 3360 2164; x_wconf 85' lang='lat' dir='ltr'><strong>nostram</strong></span> <span class='ocrx_word' id='word_1_356' title='bbox 3401 2109 3652 2179; x_wconf 82' lang='lat' dir='ltr'><strong>repleam</strong></span> 
     </span>
    </p>
   </div>
   <div class='ocr_carea' id='block_1_49' title="bbox 2068 2200 3652 2273">
    <p class='ocr_par' dir='ltr' id='par_1_49' title="bbox 2068 2200 3652 2273">
     <span class='ocr_line' id='line_1_49' title="bbox 2068 2200 3652 2273; baseline 0.002 -23"><span class='ocrx_word' id='word_1_357' title='bbox 2068 2210 2303 2265; x_wconf 82' lang='lat' dir='ltr'><strong>quorum</strong></span> <span class='ocrx_word' id='word_1_358' title='bbox 2335 2200 2442 2254; x_wconf 87' lang='lat' dir='ltr'><strong>alia</strong></span> <span class='ocrx_word' id='word_1_359' title='bbox 2481 2203 2814 2265; x_wconf 82' lang='lat' dir='ltr'><strong>necessaria,</strong></span> <span class='ocrx_word' id='word_1_360' title='bbox 2848 2203 2953 2256; x_wconf 87' lang='lat' dir='ltr'><strong>alia</strong></span> <span class='ocrx_word' id='word_1_361' title='bbox 2989 2202 3236 2273; x_wconf 79' lang='lat' dir='ltr'><strong>jucunda</strong></span> <span class='ocrx_word' id='word_1_362' title='bbox 3271 2212 3502 2266; x_wconf 81' lang='lat' dir='ltr'><strong>suut,se</strong></span> <span class='ocrx_word' id='word_1_363' title='bbox 3532 2215 3652 2253; x_wconf 84' lang='lat' dir='ltr'><strong>am-</strong></span> 
     </span>
    </p>
   </div>
   <div class='ocr_carea' id='block_1_50' title="bbox 2067 2282 3651 2365">
    <p class='ocr_par' dir='ltr' id='par_1_50' title="bbox 2067 2282 3651 2365">
     <span class='ocr_line' id='line_1_50' title="bbox 2067 2282 3651 2365; baseline 0 -21"><span class='ocrx_word' id='word_1_364' title='bbox 2067 2288 2261 2344; x_wconf 88' lang='lat' dir='ltr'><strong>borum</strong></span> <span class='ocrx_word' id='word_1_365' title='bbox 2294 2289 2488 2346; x_wconf 66' lang='lat' dir='ltr'><strong>oiierre</strong></span> <span class='ocrx_word' id='word_1_366' title='bbox 2516 2294 2806 2363; x_wconf 86' lang='lat' dir='ltr'><strong>primitias.</strong></span> <span class='ocrx_word' id='word_1_367' title='bbox 2830 2282 2979 2348; x_wconf 69' lang='lat' dir='ltr'><strong>Nam</strong></span> <span class='ocrx_word' id='word_1_368' title='bbox 3003 2302 3057 2348; x_wconf 92' lang='lat' dir='ltr'><strong>et</strong></span> <span class='ocrx_word' id='word_1_369' title='bbox 3086 2294 3202 2365; x_wconf 88' lang='lat' dir='ltr'><strong>ipse</strong></span> <span class='ocrx_word' id='word_1_370' title='bbox 3224 2307 3351 2347; x_wconf 86' lang='lat' dir='ltr'><strong>cum</strong></span> <span class='ocrx_word' id='word_1_371' title='bbox 3384 2291 3651 2352; x_wconf 86' lang='lat' dir='ltr'><strong>venisset,</strong></span> 
     </span>
    </p>
   </div>
   <div class='ocr_carea' id='block_1_51' title="bbox 2069 2383 3650 2457">
    <p class='ocr_par' dir='ltr' id='par_1_51' title="bbox 2069 2383 3650 2457">
     <span class='ocr_line' id='line_1_51' title="bbox 2069 2383 3650 2457; baseline -0.001 -20"><span class='ocrx_word' id='word_1_372' title='bbox 2069 2392 2123 2437; x_wconf 92' lang='lat' dir='ltr'><strong>et</strong></span> <span class='ocrx_word' id='word_1_373' title='bbox 2153 2383 2320 2438; x_wconf 85' lang='lat' dir='ltr'><strong>vitam</strong></span> <span class='ocrx_word' id='word_1_374' title='bbox 2357 2385 2526 2449; x_wconf 88' lang='lat' dir='ltr'><strong>dedit,</strong></span> <span class='ocrx_word' id='word_1_375' title='bbox 2562 2396 2618 2441; x_wconf 88' lang='lat' dir='ltr'><strong>et</strong></span> <span class='ocrx_word' id='word_1_376' title='bbox 2656 2388 2894 2457; x_wconf 85' lang='lat' dir='ltr'><strong>amplius</strong></span> <span class='ocrx_word' id='word_1_377' title='bbox 2936 2387 3173 2452; x_wconf 81' lang='lat' dir='ltr'><strong>addidit,</strong></span> <span class='ocrx_word' id='word_1_378' title='bbox 3214 2401 3323 2441; x_wconf 89' lang='lat' dir='ltr'><strong>non</strong></span> <span class='ocrx_word' id='word_1_379' title='bbox 3371 2384 3538 2438; x_wconf 84' lang='lat' dir='ltr'><strong>modo</strong></span> <span class='ocrx_word' id='word_1_380' title='bbox 3591 2383 3650 2436; x_wconf 82' lang='lat' dir='ltr'><strong>in</strong></span> 
     </span>
    </p>
   </div>
   <div class='ocr_carea' id='block_1_52' title="bbox 2069 2476 3650 2543">
    <p class='ocr_par' dir='ltr' id='par_1_52' title="bbox 2069 2476 3650 2543">
     <span class='ocr_line' id='line_1_52' title="bbox 2069 2476 3650 2543; baseline -0.001 -14"><span class='ocrx_word' id='word_1_381' title='bbox 2069 2476 2234 2530; x_wconf 85' lang='lat' dir='ltr'><strong>vitam</strong></span> <span class='ocrx_word' id='word_1_382' title='bbox 2275 2493 2376 2531; x_wconf 80' lang='lat' dir='ltr'><strong>nos</strong></span> <span class='ocrx_word' id='word_1_383' title='bbox 2401 2493 2686 2542; x_wconf 64' lang='lat' dir='ltr'><strong>revocans,</strong></span> <span class='ocrx_word' id='word_1_384' title='bbox 2726 2488 2780 2534; x_wconf 88' lang='lat' dir='ltr'><strong>et</strong></span> <span class='ocrx_word' id='word_1_385' title='bbox 2802 2478 3021 2534; x_wconf 89' lang='lat' dir='ltr'><strong>vincula</strong></span> <span class='ocrx_word' id='word_1_386' title='bbox 3070 2478 3265 2533; x_wconf 87' lang='lat' dir='ltr'><strong>mortis</strong></span> <span class='ocrx_word' id='word_1_387' title='bbox 3291 2476 3650 2543; x_wconf 81' lang='lat' dir='ltr'><strong>abrumpens,</strong></span> 
     </span>
    </p>
   </div>
   <div class='ocr_carea' id='block_1_53' title="bbox 2070 2564 3654 2639">
    <p class='ocr_par' dir='ltr' id='par_1_53' title="bbox 2070 2564 3654 2639">
     <span class='ocr_line' id='line_1_53' title="bbox 2070 2564 3654 2639; baseline -0.003 -18"><span class='ocrx_word' id='word_1_388' title='bbox 2070 2568 2165 2621; x_wconf 84' lang='lat' dir='ltr'><strong>sed</strong></span> <span class='ocrx_word' id='word_1_389' title='bbox 2210 2578 2267 2623; x_wconf 90' lang='lat' dir='ltr'><strong>et</strong></span> <span class='ocrx_word' id='word_1_390' title='bbox 2314 2583 2472 2639; x_wconf 76' lang='lat' dir='ltr'><strong>reges</strong></span> <span class='ocrx_word' id='word_1_391' title='bbox 2518 2571 2884 2636; x_wconf 82' lang='lat' dir='ltr'><strong>constituens,</strong></span> <span class='ocrx_word' id='word_1_392' title='bbox 2933 2579 2990 2624; x_wconf 88' lang='lat' dir='ltr'><strong>et</strong></span> <span class='ocrx_word' id='word_1_393' title='bbox 3043 2567 3382 2622; x_wconf 76' lang='lat' dir='ltr'><strong>immortales</strong></span> <span class='ocrx_word' id='word_1_394' title='bbox 3426 2564 3654 2619; x_wconf 78' lang='lat' dir='ltr'><strong>delicias</strong></span> 
     </span>
    </p>
   </div>
   <div class='ocr_carea' id='block_1_54' title="bbox 2069 2655 3648 2732">
    <p class='ocr_par' dir='ltr' id='par_1_54' title="bbox 2069 2655 3648 2732">
     <span class='ocr_line' id='line_1_54' title="bbox 2069 2655 3648 2732; baseline -0.004 -18"><span class='ocrx_word' id='word_1_395' title='bbox 2069 2660 2226 2715; x_wconf 84' lang='lat' dir='ltr'><strong>nobis</strong></span> <span class='ocrx_word' id='word_1_396' title='bbox 2281 2662 2624 2732; x_wconf 85' lang='lat' dir='ltr'><strong>impertiens,</strong></span> <span class='ocrx_word' id='word_1_397' title='bbox 2675 2671 2731 2718; x_wconf 85' lang='lat' dir='ltr'><strong>et</strong></span> <span class='ocrx_word' id='word_1_398' title='bbox 2786 2662 2966 2716; x_wconf 85' lang='lat' dir='ltr'><strong>adhuc</strong></span> <span class='ocrx_word' id='word_1_399' title='bbox 2993 2660 3313 2731; x_wconf 75' lang='lat' dir='ltr'><strong>mysterium</strong></span> <span class='ocrx_word' id='word_1_400' title='bbox 3358 2655 3648 2726; x_wconf 80' lang='lat' dir='ltr'><strong>adjiciens,</strong></span> 
     </span>
    </p>
   </div>
   <div class='ocr_carea' id='block_1_55' title="bbox 2069 2746 3648 2824">
    <p class='ocr_par' dir='ltr' id='par_1_55' title="bbox 2069 2746 3648 2824">
     <span class='ocr_line' id='line_1_55' title="bbox 2069 2746 3648 2824; baseline -0.002 -21"><span class='ocrx_word' id='word_1_401' title='bbox 2069 2754 2212 2822; x_wconf 87' lang='lat' dir='ltr'><strong>quod</strong></span> <span class='ocrx_word' id='word_1_402' title='bbox 2236 2767 2358 2806; x_wconf 89' lang='lat' dir='ltr'><strong>cum</strong></span> <span class='ocrx_word' id='word_1_403' title='bbox 2391 2767 2606 2809; x_wconf 86' lang='lat' dir='ltr'><strong>omnem</strong></span> <span class='ocrx_word' id='word_1_404' title='bbox 2638 2752 2881 2824; x_wconf 79' lang='lat' dir='ltr'><strong>mysterii</strong></span> <span class='ocrx_word' id='word_1_405' title='bbox 2911 2752 3019 2806; x_wconf 91' lang='lat' dir='ltr'><strong>vim</strong></span> <span class='ocrx_word' id='word_1_406' title='bbox 3042 2748 3432 2813; x_wconf 82' lang='lat' dir='ltr'><strong>eontineat,ad</strong></span> <span class='ocrx_word' id='word_1_407' title='bbox 3466 2746 3648 2816; x_wconf 85' lang='lat' dir='ltr'><strong>ipsum</strong></span> 
     </span>
    </p>
   </div>
   <div class='ocr_carea' id='block_1_56' title="bbox 2070 2844 3124 2915">
    <p class='ocr_par' dir='ltr' id='par_1_56' title="bbox 2070 2844 3124 2915">
     <span class='ocr_line' id='line_1_56' title="bbox 2070 2844 3124 2915; baseline 0 -19"><span class='ocrx_word' id='word_1_408' title='bbox 2070 2859 2287 2915; x_wconf 85' lang='lat' dir='ltr'><strong>quoque</strong></span> <span class='ocrx_word' id='word_1_409' title='bbox 2316 2845 2645 2901; x_wconf 78' lang='lat' dir='ltr'><strong>sacriﬁcium</strong></span> <span class='ocrx_word' id='word_1_410' title='bbox 2671 2844 2833 2914; x_wconf 87' lang='lat' dir='ltr'><strong>plane</strong></span> <span class='ocrx_word' id='word_1_411' title='bbox 2863 2845 3124 2913; x_wconf 81' lang='lat' dir='ltr'><strong>pertinet.</strong></span> 
     </span>
    </p>
   </div>
   <div class='ocr_carea' id='block_1_57' title="bbox 2140 2930 3655 3009">
    <p class='ocr_par' dir='ltr' id='par_1_57' title="bbox 2140 2930 3655 3009">
     <span class='ocr_line' id='line_1_57' title="bbox 2140 2930 3655 3009; baseline -0.006 -18"><span class='ocrx_word' id='word_1_412' title='bbox 2140 2937 2207 2991; x_wconf 83' lang='lat' dir='ltr'><strong>Et</strong></span> <span class='ocrx_word' id='word_1_413' title='bbox 2252 2937 2380 3009; x_wconf 84' lang='lat' dir='ltr'><strong>quia</strong></span> <span class='ocrx_word' id='word_1_414' title='bbox 2417 2938 2503 2992; x_wconf 86' lang='lat' dir='ltr'><strong>bis</strong></span> <span class='ocrx_word' id='word_1_415' title='bbox 2555 2936 2768 2992; x_wconf 87' lang='lat' dir='ltr'><strong>duobus</strong></span> <span class='ocrx_word' id='word_1_416' title='bbox 2822 2939 3003 3004; x_wconf 89' lang='lat' dir='ltr'><strong>ipsum</strong></span> <span class='ocrx_word' id='word_1_417' title='bbox 3067 2933 3137 2989; x_wconf 85' lang='lat' dir='ltr'><strong>ab</strong></span> <span class='ocrx_word' id='word_1_418' title='bbox 3203 2932 3365 2989; x_wconf 83' lang='lat' dir='ltr'><strong>initio</strong></span> <span class='ocrx_word' id='word_1_419' title='bbox 3400 2930 3655 2986; x_wconf 75' lang='lat' dir='ltr'><strong>Salvator</strong></span> 
     </span>
    </p>
   </div>
   <div class='ocr_carea' id='block_1_58' title="bbox 2071 3023 3648 3099">
    <p class='ocr_par' dir='ltr' id='par_1_58' title="bbox 2071 3023 3648 3099">
     <span class='ocr_line' id='line_1_58' title="bbox 2071 3023 3648 3099; baseline -0.006 -13"><span class='ocrx_word' id='word_1_420' title='bbox 2071 3030 2332 3095; x_wconf 79' lang='lat' dir='ltr'><strong>confecit,</strong></span> <span class='ocrx_word' id='word_1_421' title='bbox 2378 3049 2398 3082; x_wconf 77' lang='grc' dir='ltr'><strong>ι</strong></span> <span class='ocrx_word' id='word_1_422' title='bbox 2444 3045 2569 3085; x_wconf 86' lang='lat' dir='ltr'><strong>eum</strong></span> <span class='ocrx_word' id='word_1_423' title='bbox 2603 3030 2907 3099; x_wconf 88' lang='lat' dir='ltr'><strong>accepisset</strong></span> <span class='ocrx_word' id='word_1_424' title='bbox 2931 3042 3152 3099; x_wconf 89' lang='lat' dir='ltr'><strong>panem,</strong></span> <span class='ocrx_word' id='word_1_425' title='bbox 3179 3026 3380 3096; x_wconf 84' lang='lat' dir='ltr'><strong>inquit,</strong></span> <span class='ocrx_word' id='word_1_426' title='bbox 3405 3033 3462 3079; x_wconf 90' lang='lat' dir='ltr'><strong>et</strong></span> <span class='ocrx_word' id='word_1_427' title='bbox 3482 3023 3648 3078; x_wconf 79' lang='lat' dir='ltr'><strong>bene-</strong></span> 
     </span>
    </p>
   </div>
   <div class='ocr_carea' id='block_1_59' title="bbox 2072 3115 3649 3186">
    <p class='ocr_par' dir='ltr' id='par_1_59' title="bbox 2072 3115 3649 3186">
     <span class='ocr_line' id='line_1_59' title="bbox 2072 3115 3649 3186; baseline -0.008 -8"><span class='ocrx_word' id='word_1_428' title='bbox 2072 3125 2301 3179; x_wconf 83' lang='lat' dir='ltr'><strong>dixisset</strong></span> <span class='ocrx_word' id='word_1_429' title='bbox 2331 3122 2398 3185; x_wconf 78' lang='lat'><strong>“,</strong></span> <span class='ocrx_word' id='word_1_430' title='bbox 2447 3141 2467 3175; x_wconf 74' lang='grc' dir='ltr'><strong>ι</strong></span> <span class='ocrx_word' id='word_1_431' title='bbox 2504 3137 2727 3177; x_wconf 85' lang='lat' dir='ltr'><strong>manum</strong></span> <span class='ocrx_word' id='word_1_432' title='bbox 2757 3121 2906 3175; x_wconf 85' lang='lat' dir='ltr'><strong>illam</strong></span> <span class='ocrx_word' id='word_1_433' title='bbox 2971 3130 3026 3174; x_wconf 87' lang='lat' dir='ltr'><strong>et</strong></span> <span class='ocrx_word' id='word_1_434' title='bbox 3084 3133 3276 3174; x_wconf 80' lang='lat' dir='ltr'><strong>vocem</strong></span> <span class='ocrx_word' id='word_1_435' title='bbox 3326 3115 3649 3186; x_wconf 73' lang='lat' dir='ltr'><strong>quaerimus.</strong></span> 
     </span>
    </p>
   </div>
   <div class='ocr_carea' id='block_1_60' title="bbox 391 3205 1974 3304">
    <p class='ocr_par' dir='ltr' id='par_1_60' title="bbox 391 3206 1968 3304">
     <span class='ocr_line' id='line_1_60' title="bbox 391 3206 1968 3304; baseline -0.004 -35"><span class='ocrx_word' id='word_1_436' title='bbox 391 3212 599 3304; x_wconf 61' lang='grc' dir='ltr'><strong>(ξωνήν.</strong></span> <span class='ocrx_word' id='word_1_437' title='bbox 631 3211 748 3283; x_wconf 80' lang='grc' dir='ltr'><strong>Τὴν</strong></span> <span class='ocrx_word' id='word_1_438' title='bbox 795 3210 896 3281; x_wconf 82' lang='grc' dir='ltr'><strong>μὲν</strong></span> <span class='ocrx_word' id='word_1_439' title='bbox 941 3206 1037 3266; x_wconf 78' lang='grc' dir='ltr'><strong>οὖν</strong></span> <span class='ocrx_word' id='word_1_440' title='bbox 1078 3212 1267 3283; x_wconf 71' lang='grc' dir='ltr'><strong>φωνήν</strong></span> <span class='ocrx_word' id='word_1_441' title='bbox 1307 3212 1358 3265; x_wconf 85' lang='lat' dir='ltr'><strong>oi</strong></span> <span class='ocrx_word' id='word_1_442' title='bbox 1408 3213 1575 3283; x_wconf 70' lang='grc' dir='ltr'><strong>ἱερεῖς</strong></span> <span class='ocrx_word' id='word_1_443' title='bbox 1620 3215 1836 3284; x_wconf 75' lang='grc' dir='ltr'><strong>ἀφιᾶσι,</strong></span> <span class='ocrx_word' id='word_1_444' title='bbox 1876 3218 1968 3269; x_wconf 69' lang='grc' dir='ltr'><strong>καὶ</strong></span> 
     </span>
    </p>
   </div>
   <div class='ocr_carea' id='block_1_61' title="bbox 2076 3205 3652 3304">
    <p class='ocr_par' dir='ltr' id='par_1_61' title="bbox 2077 3205 3652 3283">
     <span class='ocr_line' id='line_1_61' title="bbox 2077 3205 3652 3283; baseline -0.006 -13"><span class='ocrx_word' id='word_1_445' title='bbox 2077 3216 2279 3271; x_wconf 79' lang='lat' dir='ltr'><strong>Vocem</strong></span> <span class='ocrx_word' id='word_1_446' title='bbox 2337 3215 2502 3283; x_wconf 79' lang='lat' dir='ltr'><strong>igitur</strong></span> <span class='ocrx_word' id='word_1_447' title='bbox 2536 3214 2853 3269; x_wconf 87' lang='lat' dir='ltr'><strong>sacerdotes</strong></span> <span class='ocrx_word' id='word_1_448' title='bbox 2893 3212 3115 3266; x_wconf 88' lang='lat' dir='ltr'><strong>mittunt</strong></span> <span class='ocrx_word' id='word_1_449' title='bbox 3148 3227 3163 3265; x_wconf 86' lang='lat'><strong>:</strong></span> <span class='ocrx_word' id='word_1_450' title='bbox 3197 3224 3261 3264; x_wconf 86' lang='lat' dir='ltr'><strong>ea</strong></span> <span class='ocrx_word' id='word_1_451' title='bbox 3299 3215 3384 3263; x_wconf 87' lang='lat' dir='ltr'><strong>est</strong></span> <span class='ocrx_word' id='word_1_452' title='bbox 3438 3205 3652 3269; x_wconf 63' lang='lat' dir='ltr'><strong>enicas,</strong></span> 
     </span>
    </p>
   </div>
   <div class='ocr_carea' id='block_1_62' title="bbox 389 3297 1974 3378">
    <p class='ocr_par' dir='ltr' id='par_1_62' title="bbox 389 3300 1972 3373">
     <span class='ocr_line' id='line_1_62' title="bbox 389 3300 1972 3373; baseline 0.006 -19"><span class='ocrx_word' id='word_1_453' title='bbox 389 3300 543 3355; x_wconf 77' lang='grc' dir='ltr'><strong>ἔστιν</strong></span> <span class='ocrx_word' id='word_1_454' title='bbox 578 3303 800 3373; x_wconf 80' lang='grc' dir='ltr'><strong>ἐνεργὸς</strong></span> <span class='ocrx_word' id='word_1_455' title='bbox 828 3303 902 3366; x_wconf 86' lang='grc' dir='ltr'><strong>ὡς</strong></span> <span class='ocrx_word' id='word_1_456' title='bbox 946 3303 1014 3359; x_wconf 75' lang='grc' dir='ltr'><strong>ἂν</strong></span> <span class='ocrx_word' id='word_1_457' title='bbox 1051 3305 1259 3359; x_wconf 77' lang='grc' dir='ltr'><strong>ἐκείνω</strong></span> <span class='ocrx_word' id='word_1_458' title='bbox 1301 3307 1656 3372; x_wconf 70' lang='grc' dir='ltr'><strong>κελεύσαντος</strong></span> <span class='ocrx_word' id='word_1_459' title='bbox 1680 3327 1697 3344; x_wconf 84' lang='grc'><strong>·</strong></span> <span class='ocrx_word' id='word_1_460' title='bbox 1743 3328 1762 3362; x_wconf 77' lang='grc' dir='ltr'><strong>ι</strong></span> <span class='ocrx_word' id='word_1_461' title='bbox 1804 3311 1972 3364; x_wconf 79' lang='grc' dir='ltr'><strong>Τοῦτο</strong></span> 
     </span>
    </p>
   </div>
   <div class='ocr_carea' id='block_1_63' title="bbox 2076 3297 3656 3378">
    <p class='ocr_par' dir='ltr' id='par_1_63' title="bbox 2079 3297 3656 3378">
     <span class='ocr_line' id='line_1_63' title="bbox 2079 3297 3656 3378; baseline -0.01 -13"><span class='ocrx_word' id='word_1_462' title='bbox 2079 3317 2267 3378; x_wconf 86' lang='lat' dir='ltr'><strong>utpote</strong></span> <span class='ocrx_word' id='word_1_463' title='bbox 2322 3307 2468 3364; x_wconf 82' lang='lat' dir='ltr'><strong>illius</strong></span> <span class='ocrx_word' id='word_1_464' title='bbox 2496 3308 2675 3377; x_wconf 82' lang='lat' dir='ltr'><strong>jussu.</strong></span> <span class='ocrx_word' id='word_1_465' title='bbox 2731 3304 2912 3376; x_wconf 83' lang='lat' dir='ltr'><strong>inquit</strong></span> <span class='ocrx_word' id='word_1_466' title='bbox 2964 3305 3132 3364; x_wconf 86' lang='lat' dir='ltr'><strong>enim,</strong></span> <span class='ocrx_word' id='word_1_467' title='bbox 3173 3320 3193 3354; x_wconf 73' lang='grc' dir='ltr'><strong>ι</strong></span> <span class='ocrx_word' id='word_1_468' title='bbox 3225 3299 3341 3355; x_wconf 78' lang='lat' dir='ltr'><strong>Hoc</strong></span> <span class='ocrx_word' id='word_1_469' title='bbox 3389 3297 3553 3353; x_wconf 75' lang='lat' dir='ltr'><strong>facite</strong></span> <span class='ocrx_word' id='word_1_470' title='bbox 3596 3297 3656 3351; x_wconf 85' lang='lat' dir='ltr'><strong>in</strong></span> 
     </span>
    </p>
   </div>
   <div class='ocr_carea' id='block_1_64' title="bbox 390 3394 1976 3474">
    <p class='ocr_par' dir='ltr' id='par_1_64' title="bbox 390 3394 1976 3474">
     <span class='ocr_line' id='line_1_64' title="bbox 390 3394 1976 3474; baseline 0.009 -30"><span class='ocrx_word' id='word_1_471' title='bbox 390 3394 527 3465; x_wconf 73' lang='grc' dir='ltr'><strong>γὰρ,</strong></span> <span class='ocrx_word' id='word_1_472' title='bbox 557 3397 713 3464; x_wconf 66' lang='grc' dir='ltr'><strong>φησι,</strong></span> <span class='ocrx_word' id='word_1_473' title='bbox 743 3400 949 3450; x_wconf 82' lang='grc' dir='ltr'><strong>ποιεῖτε</strong></span> <span class='ocrx_word' id='word_1_474' title='bbox 974 3400 1055 3460; x_wconf 82' lang='grc' dir='ltr'><strong>είς</strong></span> <span class='ocrx_word' id='word_1_475' title='bbox 1081 3400 1183 3467; x_wconf 83' lang='grc' dir='ltr'><strong>τὴν</strong></span> <span class='ocrx_word' id='word_1_476' title='bbox 1206 3401 1349 3470; x_wconf 78' lang='grc' dir='ltr'><strong>ἐμὴν</strong></span> <span class='ocrx_word' id='word_1_477' title='bbox 1370 3401 1679 3472; x_wconf 83' lang='grc' dir='ltr'><strong>ἀνάμνησιν</strong></span> <span class='ocrx_word' id='word_1_478' title='bbox 1699 3419 1714 3433; x_wconf 91' lang='grc'><strong>·</strong></span> <span class='ocrx_word' id='word_1_479' title='bbox 1750 3421 1772 3455; x_wconf 72' lang='grc' dir='ltr'><strong>ι</strong></span> <span class='ocrx_word' id='word_1_480' title='bbox 1802 3403 1902 3474; x_wconf 75' lang='grc' dir='ltr'><strong>τὴν</strong></span> <span class='ocrx_word' id='word_1_481' title='bbox 1918 3407 1976 3458; x_wconf 78' lang='grc' dir='ltr'><strong>δὲ</strong></span> 
     </span>
    </p>
   </div>
   <div class='ocr_carea' id='block_1_65' title="bbox 390 3489 1976 3566">
    <p class='ocr_par' dir='ltr' id='par_1_65' title="bbox 390 3489 1976 3566">
     <span class='ocr_line' id='line_1_65' title="bbox 390 3489 1976 3566; baseline 0.006 -26"><span class='ocrx_word' id='word_1_482' title='bbox 390 3491 552 3560; x_wconf 81' lang='grc' dir='ltr'><strong>χεῖρα</strong></span> <span class='ocrx_word' id='word_1_483' title='bbox 575 3490 634 3543; x_wconf 79' lang='grc' dir='ltr'><strong>τὸ</strong></span> <span class='ocrx_word' id='word_1_484' title='bbox 676 3489 848 3561; x_wconf 84' lang='grc' dir='ltr'><strong>μύρον</strong></span> <span class='ocrx_word' id='word_1_485' title='bbox 865 3489 1112 3547; x_wconf 86' lang='grc' dir='ltr'><strong>δύναται.</strong></span> <span class='ocrx_word' id='word_1_486' title='bbox 1135 3493 1244 3545; x_wconf 74' lang='grc' dir='ltr'><strong>Καὶ</strong></span> <span class='ocrx_word' id='word_1_487' title='bbox 1265 3492 1398 3565; x_wconf 81' lang='grc' dir='ltr'><strong>γάρ,</strong></span> <span class='ocrx_word' id='word_1_488' title='bbox 1424 3494 1583 3555; x_wconf 76' lang='grc' dir='ltr'><strong>Αὐτὸ,</strong></span> <span class='ocrx_word' id='word_1_489' title='bbox 1610 3497 1775 3566; x_wconf 68' lang='grc' dir='ltr'><strong>φησιν</strong></span> <span class='ocrx_word' id='word_1_490' title='bbox 1791 3499 1818 3549; x_wconf 87' lang='grc' dir='ltr'><strong>ὁ</strong></span> <span class='ocrx_word' id='word_1_491' title='bbox 1833 3496 1976 3560; x_wconf 85' lang='grc' dir='ltr'><strong>θεῖος</strong></span> 
     </span>
    </p>
   </div>
   <div class='ocr_carea' id='block_1_66' title="bbox 392 3583 1976 3656">
    <p class='ocr_par' dir='ltr' id='par_1_66' title="bbox 392 3583 1976 3656">
     <span class='ocr_line' id='line_1_66' title="bbox 392 3583 1976 3656; baseline 0.004 -21"><span class='ocrx_word' id='word_1_492' title='bbox 392 3583 707 3647; x_wconf 84' lang='grc' dir='ltr'><strong>Διονύσιος,</strong></span> <span class='ocrx_word' id='word_1_493' title='bbox 745 3583 807 3636; x_wconf 83' lang='grc' dir='ltr'><strong>τδ</strong></span> <span class='ocrx_word' id='word_1_494' title='bbox 848 3585 1021 3653; x_wconf 88' lang='grc' dir='ltr'><strong>μύρον</strong></span> <span class='ocrx_word' id='word_1_495' title='bbox 1062 3584 1276 3653; x_wconf 88' lang='grc' dir='ltr'><strong>είσάγει</strong></span> <span class='ocrx_word' id='word_1_496' title='bbox 1308 3587 1408 3638; x_wconf 76' lang='grc' dir='ltr'><strong>τὸν</strong></span> <span class='ocrx_word' id='word_1_497' title='bbox 1453 3586 1682 3656; x_wconf 73' lang='grc' dir='ltr'><strong>Ἰησοῦν.</strong></span> <span class='ocrx_word' id='word_1_498' title='bbox 1739 3588 1886 3641; x_wconf 82' lang='grc' dir='ltr'><strong>Ἀλλ’</strong></span> <span class='ocrx_word' id='word_1_499' title='bbox 1926 3590 1976 3641; x_wconf 83' lang='lat' dir='ltr'><strong>oi</strong></span> 
     </span>
    </p>
   </div>
   <div class='ocr_carea' id='block_1_67' title="bbox 399 3674 1975 3748">
    <p class='ocr_par' dir='ltr' id='par_1_67' title="bbox 399 3674 1975 3748">
     <span class='ocr_line' id='line_1_67' title="bbox 399 3674 1975 3748; baseline 0.004 -22"><span class='ocrx_word' id='word_1_500' title='bbox 399 3674 500 3743; x_wconf 70' lang='grc' dir='ltr'><strong>μὲν</strong></span> <span class='ocrx_word' id='word_1_501' title='bbox 525 3675 817 3728; x_wconf 82' lang='grc' dir='ltr'><strong>ἀπόστολοι</strong></span> <span class='ocrx_word' id='word_1_502' title='bbox 845 3676 939 3729; x_wconf 75' lang='grc' dir='ltr'><strong>καὶ</strong></span> <span class='ocrx_word' id='word_1_503' title='bbox 958 3676 1060 3747; x_wconf 79' lang='grc' dir='ltr'><strong>τὴν</strong></span> <span class='ocrx_word' id='word_1_504' title='bbox 1088 3678 1248 3748; x_wconf 83' lang='grc' dir='ltr'><strong>χεῖρα</strong></span> <span class='ocrx_word' id='word_1_505' title='bbox 1274 3677 1406 3747; x_wconf 82' lang='grc' dir='ltr'><strong>παρ’</strong></span> <span class='ocrx_word' id='word_1_506' title='bbox 1429 3677 1640 3731; x_wconf 77' lang='grc' dir='ltr'><strong>ἑαυτῶν</strong></span> <span class='ocrx_word' id='word_1_507' title='bbox 1662 3677 1975 3748; x_wconf 77' lang='grc' dir='ltr'><strong>εἰσέφερον,</strong></span> 
     </span>
    </p>
   </div>
   <div class='ocr_carea' id='block_1_68' title="bbox 397 3764 1977 3840">
    <p class='ocr_par' dir='ltr' id='par_1_68' title="bbox 397 3764 1977 3840">
     <span class='ocr_line' id='line_1_68' title="bbox 397 3764 1977 3840; baseline 0.005 -24"><span class='ocrx_word' id='word_1_508' title='bbox 397 3766 495 3818; x_wconf 71' lang='grc' dir='ltr'><strong>καὶ</strong></span> <span class='ocrx_word' id='word_1_509' title='bbox 530 3766 634 3836; x_wconf 80' lang='grc' dir='ltr'><strong>γὰρ</strong></span> <span class='ocrx_word' id='word_1_510' title='bbox 661 3767 758 3820; x_wconf 75' lang='grc' dir='ltr'><strong>καὶ</strong></span> <span class='ocrx_word' id='word_1_511' title='bbox 784 3770 994 3838; x_wconf 79' lang='grc' dir='ltr'><strong>ταύτην</strong></span> <span class='ocrx_word' id='word_1_512' title='bbox 1024 3764 1176 3838; x_wconf 72' lang='grc' dir='ltr'><strong>εἴχον</strong></span> <span class='ocrx_word' id='word_1_513' title='bbox 1213 3768 1314 3839; x_wconf 80' lang='grc' dir='ltr'><strong>τήν</strong></span> <span class='ocrx_word' id='word_1_514' title='bbox 1342 3771 1536 3840; x_wconf 75' lang='grc' dir='ltr'><strong>χάρινο</strong></span> <span class='ocrx_word' id='word_1_515' title='bbox 1567 3771 1616 3824; x_wconf 78' lang='lat' dir='ltr'><strong>ei</strong></span> <span class='ocrx_word' id='word_1_516' title='bbox 1661 3769 1709 3823; x_wconf 82' lang='grc' dir='ltr'><strong>δ’</strong></span> <span class='ocrx_word' id='word_1_517' title='bbox 1733 3772 1977 3835; x_wconf 79' lang='grc' dir='ltr'><strong>ἐκείνους</strong></span> 
     </span>
    </p>
   </div>
   <div class='ocr_carea' id='block_1_69' title="bbox 398 3860 1978 3937">
    <p class='ocr_par' dir='ltr' id='par_1_69' title="bbox 398 3860 1978 3937">
     <span class='ocr_line' id='line_1_69' title="bbox 398 3860 1978 3937; baseline 0.006 -26"><span class='ocrx_word' id='word_1_518' title='bbox 398 3860 753 3931; x_wconf 80' lang='grc' dir='ltr'><strong>ἐκδεξάμενοι</strong></span> <span class='ocrx_word' id='word_1_519' title='bbox 807 3863 1043 3932; x_wconf 73' lang='grc' dir='ltr'><strong>ταυτησὶ</strong></span> <span class='ocrx_word' id='word_1_520' title='bbox 1096 3863 1196 3931; x_wconf 82' lang='grc' dir='ltr'><strong>τῆς</strong></span> <span class='ocrx_word' id='word_1_521' title='bbox 1244 3861 1466 3932; x_wconf 79' lang='grc' dir='ltr'><strong>τελετῆς</strong></span> <span class='ocrx_word' id='word_1_522' title='bbox 1522 3863 1848 3935; x_wconf 78' lang='grc' dir='ltr'><strong>ἐδεήθησαν,</strong></span> <span class='ocrx_word' id='word_1_523' title='bbox 1877 3865 1978 3937; x_wconf 74' lang='grc' dir='ltr'><strong>τήν</strong></span> 
     </span>
    </p>
   </div>
   <div class='ocr_carea' id='block_1_70' title="bbox 398 3938 1977 4026">
    <p class='ocr_par' dir='ltr' id='par_1_70' title="bbox 398 3938 1977 4026">
     <span class='ocr_line' id='line_1_70' title="bbox 398 3938 1977 4026; baseline 0.002 -19"><span class='ocrx_word' id='word_1_524' title='bbox 398 3955 585 4026; x_wconf 75' lang='grc' dir='ltr'><strong>φωνὴν</strong></span> <span class='ocrx_word' id='word_1_525' title='bbox 621 3955 910 4025; x_wconf 84' lang='grc' dir='ltr'><strong>δυνάμενοι</strong></span> <span class='ocrx_word' id='word_1_526' title='bbox 952 3938 1143 4026; x_wconf 54' lang='grc' dir='ltr'><strong>μόνονί</strong></span> <span class='ocrx_word' id='word_1_527' title='bbox 1166 3955 1294 4018; x_wconf 83' lang='grc' dir='ltr'><strong>Τοῖς</strong></span> <span class='ocrx_word' id='word_1_528' title='bbox 1333 3955 1433 4024; x_wconf 76' lang='grc' dir='ltr'><strong>μὲν</strong></span> <span class='ocrx_word' id='word_1_529' title='bbox 1471 3954 1584 4026; x_wconf 78' lang='grc' dir='ltr'><strong>γὰρ</strong></span> <span class='ocrx_word' id='word_1_530' title='bbox 1620 3956 1863 4026; x_wconf 64' lang='grc' dir='ltr'><strong>πρώτοις</strong></span> <span class='ocrx_word' id='word_1_531' title='bbox 1899 3960 1977 4010; x_wconf 78' lang='lat' dir='ltr'><strong>le-</strong></span> 
     </span>
    </p>
   </div>
   <div class='ocr_carea' id='block_1_71' title="bbox 402 4042 1980 4119">
    <p class='ocr_par' dir='ltr' id='par_1_71' title="bbox 402 4042 1980 4119">
     <span class='ocr_line' id='line_1_71' title="bbox 402 4042 1980 4119; baseline 0.002 -19"><span class='ocrx_word' id='word_1_532' title='bbox 402 4049 553 4118; x_wconf 81' lang='grc' dir='ltr'><strong>ρεῦσι</strong></span> <span class='ocrx_word' id='word_1_533' title='bbox 601 4048 991 4116; x_wconf 80' lang='grc' dir='ltr'><strong>θυσιαστήριον</strong></span> <span class='ocrx_word' id='word_1_534' title='bbox 1037 4042 1180 4117; x_wconf 76' lang='grc' dir='ltr'><strong>ἦσαν</strong></span> <span class='ocrx_word' id='word_1_535' title='bbox 1223 4046 1283 4100; x_wconf 81' lang='grc' dir='ltr'><strong>αἱ</strong></span> <span class='ocrx_word' id='word_1_536' title='bbox 1333 4049 1540 4118; x_wconf 79' lang='grc' dir='ltr'><strong>χεῖρες,</strong></span> <span class='ocrx_word' id='word_1_537' title='bbox 1587 4050 1699 4111; x_wconf 84' lang='grc' dir='ltr'><strong>τοῖς</strong></span> <span class='ocrx_word' id='word_1_538' title='bbox 1750 4049 1808 4102; x_wconf 79' lang='grc' dir='ltr'><strong>δέ</strong></span> <span class='ocrx_word' id='word_1_539' title='bbox 1858 4050 1980 4119; x_wconf 86' lang='grc' dir='ltr'><strong>μετ’</strong></span> 
     </span>
    </p>
   </div>
   <div class='ocr_carea' id='block_1_72' title="bbox 397 4139 1983 4213">
    <p class='ocr_par' dir='ltr' id='par_1_72' title="bbox 397 4139 1983 4213">
     <span class='ocr_line' id='line_1_72' title="bbox 397 4139 1983 4213; baseline 0.001 -20"><span class='ocrx_word' id='word_1_540' title='bbox 397 4143 641 4202; x_wconf 78' lang='grc' dir='ltr'><strong>ἐκείνους</strong></span> <span class='ocrx_word' id='word_1_541' title='bbox 661 4140 730 4194; x_wconf 85' lang='grc' dir='ltr'><strong>δι’</strong></span> <span class='ocrx_word' id='word_1_542' title='bbox 750 4141 978 4193; x_wconf 79' lang='grc' dir='ltr'><strong>ἐκείνων</strong></span> <span class='ocrx_word' id='word_1_543' title='bbox 1001 4142 1028 4193; x_wconf 85' lang='grc' dir='ltr'>ὁ</span> <span class='ocrx_word' id='word_1_544' title='bbox 1052 4141 1289 4211; x_wconf 77' lang='grc' dir='ltr'><strong>Χριστὸς</strong></span> <span class='ocrx_word' id='word_1_545' title='bbox 1302 4142 1427 4204; x_wconf 82' lang='grc' dir='ltr'><strong>τοὺς</strong></span> <span class='ocrx_word' id='word_1_546' title='bbox 1458 4139 1817 4210; x_wconf 80' lang='grc' dir='ltr'><strong>μυστοδόκους</strong></span> <span class='ocrx_word' id='word_1_547' title='bbox 1841 4143 1983 4213; x_wconf 78' lang='grc' dir='ltr'><strong>ᾠκο-</strong></span> 
     </span>
    </p>
   </div>
   <div class='ocr_carea' id='block_1_73' title="bbox 397 4228 1979 4307">
    <p class='ocr_par' dir='ltr' id='par_1_73' title="bbox 397 4228 1979 4307">
     <span class='ocr_line' id='line_1_73' title="bbox 397 4228 1979 4307; baseline -0.001 -17"><span class='ocrx_word' id='word_1_548' title='bbox 397 4238 637 4306; x_wconf 78' lang='grc' dir='ltr'><strong>δόμησεν</strong></span> <span class='ocrx_word' id='word_1_549' title='bbox 677 4237 881 4297; x_wconf 77' lang='grc' dir='ltr'><strong>οἴκους.</strong></span> <span class='ocrx_word' id='word_1_550' title='bbox 942 4233 1219 4302; x_wconf 84' lang='grc' dir='ltr'><strong>Ἐπιλέγει</strong></span> <span class='ocrx_word' id='word_1_551' title='bbox 1259 4234 1317 4288; x_wconf 83' lang='grc' dir='ltr'><strong>δὲ</strong></span> <span class='ocrx_word' id='word_1_552' title='bbox 1358 4232 1515 4288; x_wconf 63' lang='lat' dir='ltr'><strong>aestv</strong></span> <span class='ocrx_word' id='word_1_553' title='bbox 1555 4228 1673 4288; x_wconf 70' lang='grc' dir='ltr'><strong>οἷον</strong></span> <span class='ocrx_word' id='word_1_554' title='bbox 1713 4235 1979 4307; x_wconf 71' lang='grc' dir='ltr'><strong>πρότερον</strong></span> 
     </span>
    </p>
   </div>
   <div class='ocr_carea' id='block_1_74' title="bbox 398 4326 1982 4401">
    <p class='ocr_par' dir='ltr' id='par_1_74' title="bbox 398 4326 1982 4401">
     <span class='ocr_line' id='line_1_74' title="bbox 398 4326 1982 4401; baseline -0.003 -17"><span class='ocrx_word' id='word_1_555' title='bbox 398 4331 637 4401; x_wconf 77' lang='grc' dir='ltr'><strong>ἐπιχέων</strong></span> <span class='ocrx_word' id='word_1_556' title='bbox 666 4332 732 4400; x_wconf 81' lang='grc' dir='ltr'><strong>τῇ</strong></span> <span class='ocrx_word' id='word_1_557' title='bbox 764 4327 1014 4399; x_wconf 81' lang='grc' dir='ltr'><strong>τραπέζῃ</strong></span> <span class='ocrx_word' id='word_1_558' title='bbox 1041 4328 1102 4380; x_wconf 80' lang='grc' dir='ltr'><strong>τὺ</strong></span> <span class='ocrx_word' id='word_1_559' title='bbox 1136 4327 1345 4397; x_wconf 81' lang='grc' dir='ltr'><strong>μύρον,</strong></span> <span class='ocrx_word' id='word_1_560' title='bbox 1376 4326 1512 4381; x_wconf 85' lang='grc' dir='ltr'><strong>ἀλλά</strong></span> <span class='ocrx_word' id='word_1_561' title='bbox 1541 4327 1692 4381; x_wconf 80' lang='grc' dir='ltr'><strong>τοῦτ’</strong></span> <span class='ocrx_word' id='word_1_562' title='bbox 1721 4328 1854 4382; x_wconf 76' lang='grc' dir='ltr'><strong>αὐτὸ</strong></span> <span class='ocrx_word' id='word_1_563' title='bbox 1882 4328 1982 4399; x_wconf 81' lang='grc' dir='ltr'><strong>μό-</strong></span> 
     </span>
    </p>
   </div>
   <div class='ocr_carea' id='block_1_75' title="bbox 398 4417 1984 4496">
    <p class='ocr_par' dir='ltr' id='par_1_75' title="bbox 398 4417 1984 4496">
     <span class='ocr_line' id='line_1_75' title="bbox 398 4417 1984 4496; baseline -0.003 -17"><span class='ocrx_word' id='word_1_564' title='bbox 398 4444 489 4479; x_wconf 92' lang='grc' dir='ltr'><strong>νον</strong></span> <span class='ocrx_word' id='word_1_565' title='bbox 520 4424 636 4496; x_wconf 79' lang='grc' dir='ltr'><strong>ᾅδει</strong></span> <span class='ocrx_word' id='word_1_566' title='bbox 669 4425 747 4493; x_wconf 77' lang='grc' dir='ltr'><strong>τῷ</strong></span> <span class='ocrx_word' id='word_1_567' title='bbox 778 4423 898 4494; x_wconf 79' lang='grc' dir='ltr'><strong>Θεῷ</strong></span> <span class='ocrx_word' id='word_1_568' title='bbox 933 4417 1084 4492; x_wconf 78' lang='grc' dir='ltr'><strong>ᾆσμα</strong></span> <span class='ocrx_word' id='word_1_569' title='bbox 1116 4420 1302 4491; x_wconf 76' lang='grc' dir='ltr'><strong>φωνῆς</strong></span> <span class='ocrx_word' id='word_1_570' title='bbox 1340 4421 1442 4491; x_wconf 78' lang='grc' dir='ltr'><strong>μὲν</strong></span> <span class='ocrx_word' id='word_1_571' title='bbox 1487 4419 1751 4492; x_wconf 78' lang='grc' dir='ltr'><strong>Ἐσραίας</strong></span> <span class='ocrx_word' id='word_1_572' title='bbox 1781 4421 1984 4475; x_wconf 83' lang='grc' dir='ltr'><strong>συλλα-</strong></span> 
     </span>
    </p>
   </div>
   <div class='ocr_carea' id='block_1_76' title="bbox 401 4511 1978 4586">
    <p class='ocr_par' dir='ltr' id='par_1_76' title="bbox 401 4511 1978 4586">
     <span class='ocr_line' id='line_1_76' title="bbox 401 4511 1978 4586; baseline -0.004 -16"><span class='ocrx_word' id='word_1_573' title='bbox 401 4519 524 4581; x_wconf 82' lang='grc' dir='ltr'><strong>6αἴς</strong></span> <span class='ocrx_word' id='word_1_574' title='bbox 568 4515 874 4586; x_wconf 80' lang='grc' dir='ltr'><strong>ὡρισμένον</strong></span> <span class='ocrx_word' id='word_1_575' title='bbox 922 4515 1156 4582; x_wconf 77' lang='grc' dir='ltr'><strong>ὀλίγαις,</strong></span> <span class='ocrx_word' id='word_1_576' title='bbox 1185 4512 1439 4578; x_wconf 73' lang='grc' dir='ltr'><strong>ξδιανοίας</strong></span> <span class='ocrx_word' id='word_1_577' title='bbox 1481 4512 1540 4566; x_wconf 78' lang='grc' dir='ltr'><strong>δὲ</strong></span> <span class='ocrx_word' id='word_1_578' title='bbox 1574 4511 1854 4586; x_wconf 58' lang='lat' dir='ltr'><strong>navarat};</strong></span> <span class='ocrx_word' id='word_1_579' title='bbox 1883 4512 1978 4564; x_wconf 75' lang='grc' dir='ltr'><strong>τοῦ</strong></span> 
     </span>
    </p>
   </div>
   <div class='ocr_carea' id='block_1_77' title="bbox 398 4582 1978 4682">
    <p class='ocr_par' dir='ltr' id='par_1_77' title="bbox 398 4582 1978 4682">
     <span class='ocr_line' id='line_1_77' title="bbox 398 4582 1978 4682; baseline -0.006 -16"><span class='ocrx_word' id='word_1_580' title='bbox 398 4613 512 4668; x_wconf 82' lang='grc' dir='ltr'><strong>τῶν</strong></span> <span class='ocrx_word' id='word_1_581' title='bbox 542 4582 1024 4682; x_wconf 38' lang='grc' dir='ltr'><strong>ίερῖῦν-προφητῶν</strong></span> <span class='ocrx_word' id='word_1_582' title='bbox 1052 4605 1236 4678; x_wconf 73' lang='grc' dir='ltr'><strong>χοροῦ.</strong></span> <span class='ocrx_word' id='word_1_583' title='bbox 1262 4604 1374 4659; x_wconf 76' lang='grc' dir='ltr'><strong>Καὶ</strong></span> <span class='ocrx_word' id='word_1_584' title='bbox 1396 4606 1506 4674; x_wconf 80' lang='grc' dir='ltr'><strong>γὰρ</strong></span> <span class='ocrx_word' id='word_1_585' title='bbox 1531 4604 1650 4658; x_wconf 79' lang='grc' dir='ltr'><strong>ἐστι</strong></span> <span class='ocrx_word' id='word_1_586' title='bbox 1679 4582 1783 4675; x_wconf 59' lang='lat' dir='ltr'><strong>pb;</strong></span> <span class='ocrx_word' id='word_1_587' title='bbox 1812 4607 1978 4676; x_wconf 82' lang='grc' dir='ltr'><strong>εὐφη-</strong></span> 
     </span>
    </p>
   </div>
   <div class='ocr_carea' id='block_1_78' title="bbox 404 4697 1980 4775">
    <p class='ocr_par' dir='ltr' id='par_1_78' title="bbox 404 4697 1980 4775">
     <span class='ocr_line' id='line_1_78' title="bbox 404 4697 1980 4775; baseline -0.006 -18"><span class='ocrx_word' id='word_1_588' title='bbox 404 4706 527 4775; x_wconf 79' lang='grc' dir='ltr'><strong>μεῖν</strong></span> <span class='ocrx_word' id='word_1_589' title='bbox 564 4700 761 4774; x_wconf 81' lang='grc' dir='ltr'><strong>μακρῷ</strong></span> <span class='ocrx_word' id='word_1_590' title='bbox 803 4700 949 4770; x_wconf 80' lang='grc' dir='ltr'><strong>λόγῳ</strong></span> <span class='ocrx_word' id='word_1_591' title='bbox 977 4698 1046 4753; x_wconf 73' lang='grc' dir='ltr'><strong>τά</strong></span> <span class='ocrx_word' id='word_1_592' title='bbox 1079 4698 1475 4768; x_wconf 83' lang='grc' dir='ltr'><strong>κατορθώμενα</strong></span> <span class='ocrx_word' id='word_1_593' title='bbox 1506 4697 1826 4763; x_wconf 79' lang='grc' dir='ltr'><strong>διεξιόντας,</strong></span> <span class='ocrx_word' id='word_1_594' title='bbox 1859 4698 1980 4752; x_wconf 73' lang='grc' dir='ltr'><strong>ἐστι</strong></span> 
     </span>
    </p>
   </div>
   <div class='ocr_carea' id='block_1_79' title="bbox 398 4790 1980 4865">
    <p class='ocr_par' dir='ltr' id='par_1_79' title="bbox 398 4790 1980 4865">
     <span class='ocr_line' id='line_1_79' title="bbox 398 4790 1980 4865; baseline -0.01 -13"><span class='ocrx_word' id='word_1_595' title='bbox 398 4797 458 4852; x_wconf 83' lang='grc' dir='ltr'><strong>δὲ</strong></span> <span class='ocrx_word' id='word_1_596' title='bbox 488 4798 729 4865; x_wconf 76' lang='grc' dir='ltr'><strong>ῥήμασιν</strong></span> <span class='ocrx_word' id='word_1_597' title='bbox 749 4792 950 4861; x_wconf 81' lang='grc' dir='ltr'><strong>ὀλίγοις</strong></span> <span class='ocrx_word' id='word_1_598' title='bbox 976 4791 1080 4863; x_wconf 78' lang='grc' dir='ltr'><strong>τὴν</strong></span> <span class='ocrx_word' id='word_1_599' title='bbox 1108 4791 1253 4861; x_wconf 76' lang='grc' dir='ltr'><strong>ᾠδὴν</strong></span> <span class='ocrx_word' id='word_1_600' title='bbox 1273 4790 1554 4859; x_wconf 80' lang='grc' dir='ltr'><strong>ὁρίζοντας</strong></span> <span class='ocrx_word' id='word_1_601' title='bbox 1586 4791 1678 4843; x_wconf 70' lang='grc' dir='ltr'><strong>τὸν</strong></span> <span class='ocrx_word' id='word_1_602' title='bbox 1701 4791 1980 4861; x_wconf 80' lang='grc' dir='ltr'><strong>ὑμνούμε-</strong></span> 
     </span>
    </p>
   </div>
   <div class='ocr_carea' id='block_1_80' title="bbox 401 4877 1982 4957">
    <p class='ocr_par' dir='ltr' id='par_1_80' title="bbox 401 4877 1982 4957">
     <span class='ocr_line' id='line_1_80' title="bbox 401 4877 1982 4957; baseline -0.005 -13"><span class='ocrx_word' id='word_1_603' title='bbox 401 4909 492 4945; x_wconf 86' lang='grc' dir='ltr'><strong>νον</strong></span> <span class='ocrx_word' id='word_1_604' title='bbox 525 4888 761 4957; x_wconf 79' lang='grc' dir='ltr'><strong>ἁνᾲδειν.</strong></span> <span class='ocrx_word' id='word_1_605' title='bbox 799 4884 1073 4954; x_wconf 80' lang='grc' dir='ltr'><strong>Προσήκει</strong></span> <span class='ocrx_word' id='word_1_606' title='bbox 1097 4882 1142 4934; x_wconf 83' lang='grc' dir='ltr'><strong>δ’</strong></span> <span class='ocrx_word' id='word_1_607' title='bbox 1186 4881 1273 4946; x_wconf 80' lang='grc' dir='ltr'><strong>ἄν,</strong></span> <span class='ocrx_word' id='word_1_608' title='bbox 1304 4877 1482 4950; x_wconf 75' lang='grc' dir='ltr'><strong>οἶμαι,</strong></span> <span class='ocrx_word' id='word_1_609' title='bbox 1515 4879 1578 4933; x_wconf 79' lang='grc' dir='ltr'><strong>τὺ</strong></span> <span class='ocrx_word' id='word_1_610' title='bbox 1621 4879 1723 4950; x_wconf 67' lang='grc' dir='ltr'><strong>μὲν</strong></span> <span class='ocrx_word' id='word_1_611' title='bbox 1762 4881 1982 4950; x_wconf 82' lang='grc' dir='ltr'><strong>πρῶτον</strong></span> 
     </span>
    </p>
   </div>
   <div class='ocr_carea' id='block_1_81' title="bbox 406 4961 1982 5051">
    <p class='ocr_par' dir='ltr' id='par_1_81' title="bbox 406 4961 1982 5051">
     <span class='ocr_line' id='line_1_81' title="bbox 406 4961 1982 5051; baseline -0.005 -19"><span class='ocrx_word' id='word_1_612' title='bbox 406 4961 815 5051; x_wconf 60' lang='grc' dir='ltr'><strong>τῖαρῳχηκὸτων</strong></span> <span class='ocrx_word' id='word_1_613' title='bbox 838 4975 872 5045; x_wconf 81' lang='grc' dir='ltr'>ἢ</span> <span class='ocrx_word' id='word_1_614' title='bbox 901 4974 1205 5044; x_wconf 78' lang='grc' dir='ltr'><strong>μελλόντων</strong></span> <span class='ocrx_word' id='word_1_615' title='bbox 1228 4971 1309 5026; x_wconf 76' lang='grc' dir='ltr'><strong>ἐτι</strong></span> <span class='ocrx_word' id='word_1_616' title='bbox 1328 4970 1441 5023; x_wconf 79' lang='grc' dir='ltr'><strong>τῶν</strong></span> <span class='ocrx_word' id='word_1_617' title='bbox 1465 4972 1871 5041; x_wconf 79' lang='grc' dir='ltr'><strong>ἐπαινουμένων</strong></span> <span class='ocrx_word' id='word_1_618' title='bbox 1891 4973 1982 5044; x_wconf 58' lang='grc' dir='ltr'><strong>ἐρα</strong></span> 
     </span>
    </p>
   </div>
   <div class='ocr_carea' id='block_1_82' title="bbox 406 5060 1982 5142">
    <p class='ocr_par' dir='ltr' id='par_1_82' title="bbox 406 5060 1982 5142">
     <span class='ocr_line' id='line_1_82' title="bbox 406 5060 1982 5142; baseline -0.005 -18"><span class='ocrx_word' id='word_1_619' title='bbox 406 5088 542 5142; x_wconf 89' lang='grc' dir='ltr'><strong>γων,</strong></span> <span class='ocrx_word' id='word_1_620' title='bbox 582 5068 648 5123; x_wconf 75' lang='grc' dir='ltr'><strong>ἵν’</strong></span> <span class='ocrx_word' id='word_1_621' title='bbox 685 5063 794 5120; x_wconf 76' lang='grc' dir='ltr'><strong>εἷεν</strong></span> <span class='ocrx_word' id='word_1_622' title='bbox 832 5066 952 5118; x_wconf 64' lang='lat' dir='ltr'><strong>om</strong></span> <span class='ocrx_word' id='word_1_623' title='bbox 998 5064 1205 5116; x_wconf 81' lang='grc' dir='ltr'><strong>τούτων</strong></span> <span class='ocrx_word' id='word_1_624' title='bbox 1248 5064 1360 5124; x_wconf 85' lang='grc' dir='ltr'><strong>τοῖς</strong></span> <span class='ocrx_word' id='word_1_625' title='bbox 1392 5060 1694 5130; x_wconf 73' lang='grc' dir='ltr'><strong>θεωμένοις</strong></span> <span class='ocrx_word' id='word_1_626' title='bbox 1729 5063 1780 5114; x_wconf 79' lang='lat' dir='ltr'><strong>ei</strong></span> <span class='ocrx_word' id='word_1_627' title='bbox 1827 5063 1982 5131; x_wconf 78' lang='grc' dir='ltr'><strong>λύγοι</strong></span> 
     </span>
    </p>
   </div>
   <div class='ocr_carea' id='block_1_83' title="bbox 406 5151 1983 5234">
    <p class='ocr_par' dir='ltr' id='par_1_83' title="bbox 406 5151 1983 5234">
     <span class='ocr_line' id='line_1_83' title="bbox 406 5151 1983 5234; baseline -0.006 -15"><span class='ocrx_word' id='word_1_628' title='bbox 406 5163 781 5234; x_wconf 77' lang='grc' dir='ltr'><strong>ἐνισταμένων</strong></span> <span class='ocrx_word' id='word_1_629' title='bbox 800 5160 857 5214; x_wconf 78' lang='grc' dir='ltr'><strong>δὲ</strong></span> <span class='ocrx_word' id='word_1_630' title='bbox 888 5158 982 5213; x_wconf 70' lang='grc' dir='ltr'><strong>καὶ</strong></span> <span class='ocrx_word' id='word_1_631' title='bbox 1006 5156 1309 5227; x_wconf 77' lang='grc' dir='ltr'><strong>γινομένων</strong></span> <span class='ocrx_word' id='word_1_632' title='bbox 1329 5151 1485 5225; x_wconf 71' lang='grc' dir='ltr'><strong>οἶμαι</strong></span> <span class='ocrx_word' id='word_1_633' title='bbox 1507 5155 1571 5208; x_wconf 72' lang='grc' dir='ltr'><strong>τὸ</strong></span> <span class='ocrx_word' id='word_1_634' title='bbox 1592 5154 1870 5225; x_wconf 79' lang='grc' dir='ltr'><strong>δεύτερον,</strong></span> <span class='ocrx_word' id='word_1_635' title='bbox 1892 5157 1983 5210; x_wconf 83' lang='grc' dir='ltr'><strong>ὅτε</strong></span> 
     </span>
    </p>
   </div>
   <div class='ocr_carea' id='block_1_84' title="bbox 405 5246 1983 5324">
    <p class='ocr_par' dir='ltr' id='par_1_84' title="bbox 405 5246 1983 5324">
     <span class='ocr_line' id='line_1_84' title="bbox 405 5246 1983 5324; baseline -0.006 -14"><span class='ocrx_word' id='word_1_636' title='bbox 405 5257 517 5312; x_wconf 82' lang='grc' dir='ltr'><strong>τῶν</strong></span> <span class='ocrx_word' id='word_1_637' title='bbox 566 5252 909 5324; x_wconf 83' lang='grc' dir='ltr'><strong>πραγμάτων</strong></span> <span class='ocrx_word' id='word_1_638' title='bbox 947 5250 1078 5320; x_wconf 83' lang='grc' dir='ltr'><strong>παρ’</strong></span> <span class='ocrx_word' id='word_1_639' title='bbox 1122 5246 1346 5300; x_wconf 67' lang='grc' dir='ltr'><strong>ἐαυτῶνὶ</strong></span> <span class='ocrx_word' id='word_1_640' title='bbox 1378 5246 1721 5316; x_wconf 80' lang='grc' dir='ltr'><strong>φαινομένων</strong></span> <span class='ocrx_word' id='word_1_641' title='bbox 1766 5247 1983 5316; x_wconf 82' lang='grc' dir='ltr'><strong>ἀνάγκη</strong></span> 
     </span>
    </p>
   </div>
   <div class='ocr_carea' id='block_1_85' title="bbox 404 5336 1984 5417">
    <p class='ocr_par' dir='ltr' id='par_1_85' title="bbox 404 5336 1984 5417">
     <span class='ocr_line' id='line_1_85' title="bbox 404 5336 1984 5417; baseline -0.015 -14"><span class='ocrx_word' id='word_1_642' title='bbox 404 5349 519 5403; x_wconf 81' lang='grc' dir='ltr'><strong>τῶν</strong></span> <span class='ocrx_word' id='word_1_643' title='bbox 549 5345 927 5417; x_wconf 82' lang='grc' dir='ltr'><strong>κηρυττόντων</strong></span> <span class='ocrx_word' id='word_1_644' title='bbox 955 5342 1127 5410; x_wconf 78' lang='grc' dir='ltr'><strong>λόγων</strong></span> <span class='ocrx_word' id='word_1_645' title='bbox 1156 5339 1267 5393; x_wconf 80' lang='grc' dir='ltr'><strong>οὐδ’</strong></span> <span class='ocrx_word' id='word_1_646' title='bbox 1302 5336 1529 5408; x_wconf 78' lang='grc' dir='ltr'><strong>ἡτισοῦν</strong></span> <span class='ocrx_word' id='word_1_647' title='bbox 1564 5336 1703 5408; x_wconf 80' lang='grc' dir='ltr'><strong>πλὴν</strong></span> <span class='ocrx_word' id='word_1_648' title='bbox 1732 5337 1829 5409; x_wconf 76' lang='grc' dir='ltr'><strong>τὴν</strong></span> <span class='ocrx_word' id='word_1_649' title='bbox 1857 5338 1984 5407; x_wconf 68' lang='grc' dir='ltr'><strong>ἡδο-</strong></span> 
     </span>
    </p>
   </div>
   <div class='ocr_carea' id='block_1_86' title="bbox 407 5427 1990 5511">
    <p class='ocr_par' dir='ltr' id='par_1_86' title="bbox 407 5427 1990 5511">
     <span class='ocr_line' id='line_1_86' title="bbox 407 5427 1990 5511; baseline -0.008 -18"><span class='ocrx_word' id='word_1_650' title='bbox 407 5441 508 5511; x_wconf 77' lang='grc' dir='ltr'><strong>νὴν</strong></span> <span class='ocrx_word' id='word_1_651' title='bbox 549 5438 673 5490; x_wconf 75' lang='grc' dir='ltr'><strong>ὅσον</strong></span> <span class='ocrx_word' id='word_1_652' title='bbox 721 5432 1056 5499; x_wconf 77' lang='grc' dir='ltr'><strong>ἐνδείξασθαι</strong></span> <span class='ocrx_word' id='word_1_653' title='bbox 1100 5433 1194 5485; x_wconf 75' lang='grc' dir='ltr'><strong>καὶ</strong></span> <span class='ocrx_word' id='word_1_654' title='bbox 1238 5430 1304 5483; x_wconf 71' lang='grc' dir='ltr'><strong>τὸ</strong></span> <span class='ocrx_word' id='word_1_655' title='bbox 1333 5428 1537 5497; x_wconf 79' lang='grc' dir='ltr'><strong>θαῦμα,</strong></span> <span class='ocrx_word' id='word_1_656' title='bbox 1567 5427 1759 5498; x_wconf 82' lang='grc' dir='ltr'><strong>ὥσπερ</strong></span> <span class='ocrx_word' id='word_1_657' title='bbox 1800 5429 1898 5484; x_wconf 70' lang='grc' dir='ltr'><strong>καὶ</strong></span> <span class='ocrx_word' id='word_1_658' title='bbox 1935 5430 1990 5482; x_wconf 80' lang='grc' dir='ltr'><strong>οἱ</strong></span> 
     </span>
    </p>
   </div>
   <div class='ocr_carea' id='block_1_87' title="bbox 312 5513 1981 5605">
    <p class='ocr_par' dir='ltr' id='par_1_87' title="bbox 312 5513 1981 5605">
     <span class='ocr_line' id='line_1_87' title="bbox 312 5513 1981 5605; baseline -0.008 -21"><span class='ocrx_word' id='word_1_659' title='bbox 312 5592 328 5605; x_wconf 46' lang='grc'><strong><em>⁸</em></strong></span> <span class='ocrx_word' id='word_1_660' title='bbox 406 5529 690 5601; x_wconf 69' lang='grc' dir='ltr'><strong>προφῆται</strong></span> <span class='ocrx_word' id='word_1_661' title='bbox 722 5527 826 5588; x_wconf 75' lang='grc' dir='ltr'><strong>ἓως</strong></span> <span class='ocrx_word' id='word_1_662' title='bbox 881 5525 1130 5579; x_wconf 79' lang='grc' dir='ltr'><strong>Ἰωάννου</strong></span> <span class='ocrx_word' id='word_1_663' title='bbox 1163 5513 1599 5592; x_wconf 82' lang='grc' dir='ltr'><strong>προεφήτευσαν.</strong></span> <span class='ocrx_word' id='word_1_664' title='bbox 1637 5518 1712 5571; x_wconf 80' lang='grc' dir='ltr'><strong>Τδ</strong></span> <span class='ocrx_word' id='word_1_665' title='bbox 1750 5519 1862 5588; x_wconf 79' lang='grc' dir='ltr'><strong>γὰρ</strong></span> <span class='ocrx_word' id='word_1_666' title='bbox 1892 5522 1981 5570; x_wconf 81' lang='grc' dir='ltr'><strong>ἐν-</strong></span> 
     </span>
    </p>
   </div>
   <div class='ocr_carea' id='block_1_88' title="bbox 406 5610 1982 5684">
    <p class='ocr_par' dir='ltr' id='par_1_88' title="bbox 406 5610 1982 5684">
     <span class='ocr_line' id='line_1_88' title="bbox 406 5610 1982 5684; baseline -0.008 -10"><span class='ocrx_word' id='word_1_667' title='bbox 406 5619 599 5674; x_wconf 77' lang='grc' dir='ltr'><strong>τεῦθεν</strong></span> <span class='ocrx_word' id='word_1_668' title='bbox 624 5618 675 5672; x_wconf 83' lang='grc' dir='ltr'><strong>τί</strong></span> <span class='ocrx_word' id='word_1_669' title='bbox 701 5616 810 5669; x_wconf 83' lang='grc' dir='ltr'><strong>τῶν</strong></span> <span class='ocrx_word' id='word_1_670' title='bbox 836 5615 1086 5684; x_wconf 82' lang='grc' dir='ltr'><strong>ἀγγέλων</strong></span> <span class='ocrx_word' id='word_1_671' title='bbox 1115 5614 1220 5667; x_wconf 81' lang='grc' dir='ltr'><strong>ἔδει</strong></span> <span class='ocrx_word' id='word_1_672' title='bbox 1250 5611 1343 5667; x_wconf 79' lang='grc' dir='ltr'><strong>τοῦ</strong></span> <span class='ocrx_word' id='word_1_673' title='bbox 1375 5610 1762 5683; x_wconf 80' lang='grc' dir='ltr'><strong>μεμηνυμένου</strong></span> <span class='ocrx_word' id='word_1_674' title='bbox 1783 5610 1982 5678; x_wconf 74' lang='grc' dir='ltr'><strong>φανέν-</strong></span> 
     </span>
    </p>
   </div>
   <div class='ocr_carea' id='block_1_89' title="bbox 328 5700 1985 5779">
    <p class='ocr_par' dir='ltr' id='par_1_89' title="bbox 328 5700 1985 5779">
     <span class='ocr_line' id='line_1_89' title="bbox 328 5700 1985 5779; baseline -0.006 -14"><span class='ocrx_word' id='word_1_675' title='bbox 328 5754 333 5757; x_wconf 91' lang='grc'><strong>.</strong></span> <span class='ocrx_word' id='word_1_676' title='bbox 409 5729 538 5778; x_wconf 72' lang='grc' dir='ltr'><strong>Ιιος;</strong></span> <span class='ocrx_word' id='word_1_677' title='bbox 609 5710 849 5763; x_wconf 75' lang='grc' dir='ltr'><strong>Ἐκεῖνον</strong></span> <span class='ocrx_word' id='word_1_678' title='bbox 896 5709 1007 5779; x_wconf 80' lang='grc' dir='ltr'><strong>γὰρ</strong></span> <span class='ocrx_word' id='word_1_679' title='bbox 1053 5706 1207 5761; x_wconf 76' lang='grc' dir='ltr'><strong>οὐδὲν</strong></span> <span class='ocrx_word' id='word_1_680' title='bbox 1253 5705 1290 5769; x_wconf 76' lang='grc' dir='ltr'>ἢ</span> <span class='ocrx_word' id='word_1_681' title='bbox 1351 5705 1481 5776; x_wconf 78' lang='grc' dir='ltr'><strong>βοᾷν</strong></span> <span class='ocrx_word' id='word_1_682' title='bbox 1525 5705 1620 5756; x_wconf 73' lang='grc' dir='ltr'><strong>καὶ</strong></span> <span class='ocrx_word' id='word_1_683' title='bbox 1683 5700 1985 5772; x_wconf 78' lang='grc' dir='ltr'><strong>στεφανοῦν</strong></span> 
     </span>
    </p>
   </div>
   <div class='ocr_carea' id='block_1_90' title="bbox 2078 3396 3655 3478">
    <p class='ocr_par' dir='ltr' id='par_1_90' title="bbox 2078 3396 3655 3478">
     <span class='ocr_line' id='line_1_90' title="bbox 2078 3396 3655 3478; baseline -0.009 -22"><span class='ocrx_word' id='word_1_684' title='bbox 2078 3417 2253 3456; x_wconf 86' lang='lat' dir='ltr'><strong>meam</strong></span> <span class='ocrx_word' id='word_1_685' title='bbox 2280 3398 2857 3478; x_wconf 53' lang='lat' dir='ltr'><strong>commemorationem</strong></span> <span class='ocrx_word' id='word_1_686' title='bbox 2876 3397 2942 3449; x_wconf 80' lang='grc'><strong>³⁸.</strong></span> <span class='ocrx_word' id='word_1_687' title='bbox 2956 3416 2975 3449; x_wconf 72' lang='grc' dir='ltr'><strong>ι</strong></span> <span class='ocrx_word' id='word_1_688' title='bbox 3000 3396 3105 3450; x_wconf 86' lang='lat' dir='ltr'><strong>Pro</strong></span> <span class='ocrx_word' id='word_1_689' title='bbox 3120 3407 3287 3449; x_wconf 83' lang='lat' dir='ltr'><strong>manu</strong></span> <span class='ocrx_word' id='word_1_690' title='bbox 3304 3401 3389 3449; x_wconf 80' lang='lat' dir='ltr'><strong>est</strong></span> <span class='ocrx_word' id='word_1_691' title='bbox 3407 3404 3655 3458; x_wconf 68' lang='lat' dir='ltr'><strong>unguen-</strong></span> 
     </span>
    </p>
   </div>
   <div class='ocr_carea' id='block_1_91' title="bbox 2081 3479 3658 3559">
    <p class='ocr_par' dir='ltr' id='par_1_91' title="bbox 2081 3479 3658 3559">
     <span class='ocr_line' id='line_1_91' title="bbox 2081 3479 3658 3559; baseline -0.01 -12"><span class='ocrx_word' id='word_1_692' title='bbox 2081 3503 2218 3548; x_wconf 84' lang='lat' dir='ltr'><strong>tum.</strong></span> <span class='ocrx_word' id='word_1_693' title='bbox 2253 3491 2466 3545; x_wconf 82' lang='lat' dir='ltr'><strong>Etenim</strong></span> <span class='ocrx_word' id='word_1_694' title='bbox 2498 3490 2674 3559; x_wconf 87' lang='lat' dir='ltr'><strong>ipsum</strong></span> <span class='ocrx_word' id='word_1_695' title='bbox 2723 3486 2908 3542; x_wconf 77' lang='lat' dir='ltr'><strong>Jesurn</strong></span> <span class='ocrx_word' id='word_1_696' title='bbox 2942 3487 3150 3541; x_wconf 88' lang='lat' dir='ltr'><strong>inducit</strong></span> <span class='ocrx_word' id='word_1_697' title='bbox 3185 3491 3545 3555; x_wconf 78' lang='lat' dir='ltr'><strong>unguentum,</strong></span> <span class='ocrx_word' id='word_1_698' title='bbox 3576 3479 3658 3533; x_wconf 75' lang='lat' dir='ltr'><strong>ait</strong></span> 
     </span>
    </p>
   </div>
   <div class='ocr_carea' id='block_1_92' title="bbox 2078 3573 3656 3651">
    <p class='ocr_par' dir='ltr' id='par_1_92' title="bbox 2078 3573 3656 3651">
     <span class='ocr_line' id='line_1_92' title="bbox 2078 3573 3656 3651; baseline -0.01 -13"><span class='ocrx_word' id='word_1_699' title='bbox 2078 3585 2300 3639; x_wconf 83' lang='lat' dir='ltr'><strong>divinus</strong></span> <span class='ocrx_word' id='word_1_700' title='bbox 2332 3582 2643 3651; x_wconf 84' lang='lat' dir='ltr'><strong>Dionysius.</strong></span> <span class='ocrx_word' id='word_1_701' title='bbox 2681 3579 2786 3633; x_wconf 84' lang='lat' dir='ltr'><strong>Sed</strong></span> <span class='ocrx_word' id='word_1_702' title='bbox 2816 3577 3045 3645; x_wconf 82' lang='lat' dir='ltr'><strong>apostoli</strong></span> <span class='ocrx_word' id='word_1_703' title='bbox 3081 3576 3305 3646; x_wconf 86' lang='lat' dir='ltr'><strong>quidem</strong></span> <span class='ocrx_word' id='word_1_704' title='bbox 3336 3573 3503 3627; x_wconf 88' lang='lat' dir='ltr'><strong>etiam</strong></span> <span class='ocrx_word' id='word_1_705' title='bbox 3533 3585 3656 3624; x_wconf 78' lang='lat' dir='ltr'><strong>ma-</strong></span> 
     </span>
    </p>
   </div>
   <div class='ocr_carea' id='block_1_93' title="bbox 2080 3662 3653 3736">
    <p class='ocr_par' dir='ltr' id='par_1_93' title="bbox 2080 3662 3653 3736">
     <span class='ocr_line' id='line_1_93' title="bbox 2080 3662 3653 3736; baseline -0.01 -6"><span class='ocrx_word' id='word_1_706' title='bbox 2080 3691 2187 3730; x_wconf 84' lang='lat' dir='ltr'><strong>nus</strong></span> <span class='ocrx_word' id='word_1_707' title='bbox 2216 3689 2347 3728; x_wconf 74' lang='lat' dir='ltr'><strong>Suas</strong></span> <span class='ocrx_word' id='word_1_708' title='bbox 2379 3672 2654 3727; x_wconf 83' lang='lat' dir='ltr'><strong>addebant</strong></span> <span class='ocrx_word' id='word_1_709' title='bbox 2686 3687 2702 3724; x_wconf 90' lang='lat'><strong>:</strong></span> <span class='ocrx_word' id='word_1_710' title='bbox 2731 3670 2934 3725; x_wconf 87' lang='lat' dir='ltr'><strong>etenim</strong></span> <span class='ocrx_word' id='word_1_711' title='bbox 2962 3678 3017 3724; x_wconf 87' lang='lat' dir='ltr'><strong>et</strong></span> <span class='ocrx_word' id='word_1_712' title='bbox 3053 3670 3193 3722; x_wconf 87' lang='lat' dir='ltr'><strong>hanc</strong></span> <span class='ocrx_word' id='word_1_713' title='bbox 3222 3666 3452 3736; x_wconf 75' lang='lat' dir='ltr'><strong>gratiam</strong></span> <span class='ocrx_word' id='word_1_714' title='bbox 3482 3662 3653 3716; x_wconf 80' lang='lat' dir='ltr'><strong>babe-</strong></span> 
     </span>
    </p>
   </div>
   <div class='ocr_carea' id='block_1_94' title="bbox 2079 3752 3654 3822">
    <p class='ocr_par' dir='ltr' id='par_1_94' title="bbox 2079 3752 3654 3822">
     <span class='ocr_line' id='line_1_94' title="bbox 2079 3752 3654 3822; baseline -0.011 -1"><span class='ocrx_word' id='word_1_715' title='bbox 2079 3767 2233 3821; x_wconf 87' lang='lat' dir='ltr'><strong>bant.</strong></span> <span class='ocrx_word' id='word_1_716' title='bbox 2264 3765 2466 3818; x_wconf 82' lang='lat' dir='ltr'><strong>Eorum</strong></span> <span class='ocrx_word' id='word_1_717' title='bbox 2486 3776 2839 3819; x_wconf 81' lang='lat' dir='ltr'><strong>successores</strong></span> <span class='ocrx_word' id='word_1_718' title='bbox 2895 3760 2999 3814; x_wconf 84' lang='lat' dir='ltr'><strong>bac</strong></span> <span class='ocrx_word' id='word_1_719' title='bbox 3034 3758 3342 3813; x_wconf 77' lang='lat' dir='ltr'><strong>initiatione</strong></span> <span class='ocrx_word' id='word_1_720' title='bbox 3397 3752 3654 3822; x_wconf 72' lang='lat' dir='ltr'><strong>egebant,</strong></span> 
     </span>
    </p>
   </div>
   <div class='ocr_carea' id='block_1_95' title="bbox 2078 3845 3657 3926">
    <p class='ocr_par' dir='ltr' id='par_1_95' title="bbox 2078 3845 3657 3926">
     <span class='ocr_line' id='line_1_95' title="bbox 2078 3845 3657 3926; baseline -0.01 -13"><span class='ocrx_word' id='word_1_721' title='bbox 2078 3873 2213 3913; x_wconf 89' lang='lat' dir='ltr'><strong>voce</strong></span> <span class='ocrx_word' id='word_1_722' title='bbox 2248 3865 2494 3926; x_wconf 84' lang='lat' dir='ltr'><strong>potentes</strong></span> <span class='ocrx_word' id='word_1_723' title='bbox 2522 3862 2755 3910; x_wconf 86' lang='lat' dir='ltr'><strong>tantum.</strong></span> <span class='ocrx_word' id='word_1_724' title='bbox 2787 3852 2989 3906; x_wconf 86' lang='lat' dir='ltr'><strong>Primis</strong></span> <span class='ocrx_word' id='word_1_725' title='bbox 3024 3850 3225 3920; x_wconf 86' lang='lat' dir='ltr'><strong>quippe</strong></span> <span class='ocrx_word' id='word_1_726' title='bbox 3271 3845 3657 3902; x_wconf 85' lang='lat' dir='ltr'><strong>sacerdotibus</strong></span> 
     </span>
    </p>
   </div>
   <div class='ocr_carea' id='block_1_96' title="bbox 2079 3931 3657 4002">
    <p class='ocr_par' dir='ltr' id='par_1_96' title="bbox 2079 3931 3657 4002">
     <span class='ocr_line' id='line_1_96' title="bbox 2079 3931 3657 4002; baseline -0.011 -2"><span class='ocrx_word' id='word_1_727' title='bbox 2079 3946 2251 4002; x_wconf 85' lang='lat' dir='ltr'><strong>altare</strong></span> <span class='ocrx_word' id='word_1_728' title='bbox 2322 3952 2480 3999; x_wconf 86' lang='lat' dir='ltr'><strong>erant</strong></span> <span class='ocrx_word' id='word_1_729' title='bbox 2550 3956 2767 3996; x_wconf 83' lang='lat' dir='ltr'><strong>manus.</strong></span> <span class='ocrx_word' id='word_1_730' title='bbox 2829 3938 3031 3993; x_wconf 83' lang='lat' dir='ltr'><strong>Eurum</strong></span> <span class='ocrx_word' id='word_1_731' title='bbox 3096 3931 3508 3990; x_wconf 82' lang='lat' dir='ltr'><strong>successoribus</strong></span> <span class='ocrx_word' id='word_1_732' title='bbox 3558 3944 3657 3999; x_wconf 84' lang='lat' dir='ltr'><strong>per</strong></span> 
     </span>
    </p>
   </div>
   <div class='ocr_carea' id='block_1_97' title="bbox 2079 4023 3653 4107">
    <p class='ocr_par' dir='ltr' id='par_1_97' title="bbox 2079 4023 3653 4107">
     <span class='ocr_line' id='line_1_97' title="bbox 2079 4023 3653 4107; baseline -0.011 -14"><span class='ocrx_word' id='word_1_733' title='bbox 2079 4039 2229 4107; x_wconf 80' lang='lat' dir='ltr'><strong>ipsos</strong></span> <span class='ocrx_word' id='word_1_734' title='bbox 2252 4034 2506 4092; x_wconf 84' lang='lat' dir='ltr'><strong>Christus</strong></span> <span class='ocrx_word' id='word_1_735' title='bbox 2535 4033 2737 4088; x_wconf 88' lang='lat' dir='ltr'><strong>domus</strong></span> <span class='ocrx_word' id='word_1_736' title='bbox 2757 4041 2962 4102; x_wconf 84' lang='lat' dir='ltr'><strong>mystas</strong></span> <span class='ocrx_word' id='word_1_737' title='bbox 2997 4026 3318 4096; x_wconf 86' lang='lat' dir='ltr'><strong>recipientes</strong></span> <span class='ocrx_word' id='word_1_738' title='bbox 3346 4023 3653 4078; x_wconf 77' lang='lat' dir='ltr'><strong>aediﬁcavit.</strong></span> 
     </span>
    </p>
   </div>
   <div class='ocr_carea' id='block_1_98' title="bbox 2079 4116 3659 4197">
    <p class='ocr_par' dir='ltr' id='par_1_98' title="bbox 2079 4116 3659 4197">
     <span class='ocr_line' id='line_1_98' title="bbox 2079 4116 3659 4197; baseline -0.012 -11"><span class='ocrx_word' id='word_1_739' title='bbox 2079 4131 2220 4186; x_wconf 88' lang='lat' dir='ltr'><strong>Dum</strong></span> <span class='ocrx_word' id='word_1_740' title='bbox 2290 4138 2472 4184; x_wconf 85' lang='lat' dir='ltr'><strong>autem</strong></span> <span class='ocrx_word' id='word_1_741' title='bbox 2530 4134 2869 4197; x_wconf 80' lang='lat' dir='ltr'><strong>unguentum</strong></span> <span class='ocrx_word' id='word_1_742' title='bbox 2944 4136 3150 4177; x_wconf 74' lang='lat' dir='ltr'><strong>mensa:</strong></span> <span class='ocrx_word' id='word_1_743' title='bbox 3214 4116 3467 4183; x_wconf 71' lang='lat' dir='ltr'><strong>aifundit,</strong></span> <span class='ocrx_word' id='word_1_744' title='bbox 3512 4116 3659 4169; x_wconf 82' lang='lat' dir='ltr'><strong>nihil</strong></span> 
     </span>
    </p>
   </div>
   <div class='ocr_carea' id='block_1_99' title="bbox 2080 4212 3660 4296">
    <p class='ocr_par' dir='ltr' id='par_1_99' title="bbox 2080 4212 3660 4296">
     <span class='ocr_line' id='line_1_99' title="bbox 2080 4212 3660 4296; baseline -0.013 -16"><span class='ocrx_word' id='word_1_745' title='bbox 2080 4225 2241 4296; x_wconf 87' lang='lat' dir='ltr'><strong>quale</strong></span> <span class='ocrx_word' id='word_1_746' title='bbox 2264 4231 2388 4277; x_wconf 86' lang='lat' dir='ltr'><strong>ante</strong></span> <span class='ocrx_word' id='word_1_747' title='bbox 2406 4222 2704 4276; x_wconf 79' lang='lat' dir='ltr'><strong>verborum</strong></span> <span class='ocrx_word' id='word_1_748' title='bbox 2732 4216 2943 4289; x_wconf 75' lang='lat' dir='ltr'><strong>adjicit,</strong></span> <span class='ocrx_word' id='word_1_749' title='bbox 2959 4215 3050 4272; x_wconf 92' lang='lat' dir='ltr'><strong>sed</strong></span> <span class='ocrx_word' id='word_1_750' title='bbox 3078 4216 3183 4270; x_wconf 83' lang='lat' dir='ltr'><strong>boc</strong></span> <span class='ocrx_word' id='word_1_751' title='bbox 3208 4212 3385 4283; x_wconf 88' lang='lat' dir='ltr'><strong>ipsum</strong></span> <span class='ocrx_word' id='word_1_752' title='bbox 3410 4216 3660 4263; x_wconf 88' lang='lat' dir='ltr'><strong>tantum-</strong></span> 
     </span>
    </p>
   </div>
   <div class='ocr_carea' id='block_1_100' title="bbox 2081 4300 3661 4375">
    <p class='ocr_par' dir='ltr' id='par_1_100' title="bbox 2081 4300 3661 4375">
     <span class='ocr_line' id='line_1_100' title="bbox 2081 4300 3661 4375; baseline -0.013 -1"><span class='ocrx_word' id='word_1_753' title='bbox 2081 4320 2246 4374; x_wconf 88' lang='lat' dir='ltr'><strong>modo</strong></span> <span class='ocrx_word' id='word_1_754' title='bbox 2302 4332 2527 4372; x_wconf 85' lang='lat' dir='ltr'><strong>carmen</strong></span> <span class='ocrx_word' id='word_1_755' title='bbox 2588 4313 2700 4369; x_wconf 85' lang='lat' dir='ltr'><strong>Deo</strong></span> <span class='ocrx_word' id='word_1_756' title='bbox 2745 4311 2921 4375; x_wconf 83' lang='lat' dir='ltr'><strong>cauit,</strong></span> <span class='ocrx_word' id='word_1_757' title='bbox 2950 4309 3104 4364; x_wconf 86' lang='lat' dir='ltr'><strong>vocis</strong></span> <span class='ocrx_word' id='word_1_758' title='bbox 3147 4306 3387 4361; x_wconf 62' lang='lat' dir='ltr'><strong>Hebraeae</strong></span> <span class='ocrx_word' id='word_1_759' title='bbox 3432 4300 3661 4373; x_wconf 73' lang='lat' dir='ltr'><strong>syllabis</strong></span> 
     </span>
    </p>
   </div>
   <div class='ocr_carea' id='block_1_101' title="bbox 2081 4392 3657 4480">
    <p class='ocr_par' dir='ltr' id='par_1_101' title="bbox 2081 4392 3657 4480">
     <span class='ocr_line' id='line_1_101' title="bbox 2081 4392 3657 4480; baseline -0.013 -15"><span class='ocrx_word' id='word_1_760' title='bbox 2081 4411 2273 4480; x_wconf 87' lang='lat' dir='ltr'><strong>paucis</strong></span> <span class='ocrx_word' id='word_1_761' title='bbox 2299 4408 2802 4471; x_wconf 86' lang='lat' dir='ltr'><strong>delinitum,.sensu</strong></span> <span class='ocrx_word' id='word_1_762' title='bbox 2822 4413 3003 4456; x_wconf 87' lang='lat' dir='ltr'><strong>autem</strong></span> <span class='ocrx_word' id='word_1_763' title='bbox 3030 4397 3462 4460; x_wconf 84' lang='lat' dir='ltr'><strong>sanctissimum,</strong></span> <span class='ocrx_word' id='word_1_764' title='bbox 3498 4392 3657 4447; x_wconf 84' lang='lat' dir='ltr'><strong>chori</strong></span> 
     </span>
    </p>
   </div>
   <div class='ocr_carea' id='block_1_102' title="bbox 2078 4485 3687 4569">
    <p class='ocr_par' dir='ltr' id='par_1_102' title="bbox 2078 4485 3687 4569">
     <span class='ocr_line' id='line_1_102' title="bbox 2078 4485 3687 4569; baseline -0.014 -10"><span class='ocrx_word' id='word_1_765' title='bbox 2078 4513 2394 4558; x_wconf 77' lang='lat' dir='ltr'><strong>sanctorum</strong></span> <span class='ocrx_word' id='word_1_766' title='bbox 2423 4499 2833 4569; x_wconf 82' lang='lat' dir='ltr'><strong>prephetarum.</strong></span> <span class='ocrx_word' id='word_1_767' title='bbox 2864 4492 3077 4547; x_wconf 84' lang='lat' dir='ltr'><strong>Etenim</strong></span> <span class='ocrx_word' id='word_1_768' title='bbox 3102 4491 3229 4544; x_wconf 89' lang='lat' dir='ltr'><strong>licet</strong></span> <span class='ocrx_word' id='word_1_769' title='bbox 3251 4488 3470 4543; x_wconf 86' lang='lat' dir='ltr'><strong>laudare</strong></span> <span class='ocrx_word' id='word_1_770' title='bbox 3492 4485 3687 4554; x_wconf 80' lang='lat' dir='ltr'><strong>longo-</strong></span> 
     </span>
    </p>
   </div>
   <div class='ocr_carea' id='block_1_103' title="bbox 2084 4576 3659 4655">
    <p class='ocr_par' dir='ltr' id='par_1_103' title="bbox 2084 4576 3659 4655">
     <span class='ocr_line' id='line_1_103' title="bbox 2084 4576 3659 4655; baseline -0.014 -6"><span class='ocrx_word' id='word_1_771' title='bbox 2084 4609 2361 4655; x_wconf 83' lang='lat' dir='ltr'><strong>sermone,</strong></span> <span class='ocrx_word' id='word_1_772' title='bbox 2394 4591 2538 4646; x_wconf 75' lang='lat' dir='ltr'><strong>facta</strong></span> <span class='ocrx_word' id='word_1_773' title='bbox 2592 4603 2716 4644; x_wconf 85' lang='lat' dir='ltr'><strong>cum</strong></span> <span class='ocrx_word' id='word_1_774' title='bbox 2755 4587 2954 4641; x_wconf 83' lang='lat' dir='ltr'><strong>virtute</strong></span> <span class='ocrx_word' id='word_1_775' title='bbox 2997 4589 3420 4642; x_wconf 82' lang='lat' dir='ltr'><strong>enumerantes;</strong></span> <span class='ocrx_word' id='word_1_776' title='bbox 3449 4585 3503 4631; x_wconf 88' lang='lat' dir='ltr'><strong>et</strong></span> <span class='ocrx_word' id='word_1_777' title='bbox 3532 4576 3659 4629; x_wconf 87' lang='lat' dir='ltr'><strong>licet</strong></span> 
     </span>
    </p>
   </div>
   <div class='ocr_carea' id='block_1_104' title="bbox 2085 4665 3665 4754">
    <p class='ocr_par' dir='ltr' id='par_1_104' title="bbox 2085 4665 3665 4754">
     <span class='ocr_line' id='line_1_104' title="bbox 2085 4665 3665 4754; baseline -0.013 -16"><span class='ocrx_word' id='word_1_778' title='bbox 2085 4686 2270 4741; x_wconf 83' lang='lat' dir='ltr'><strong>verbis</strong></span> <span class='ocrx_word' id='word_1_779' title='bbox 2300 4685 2492 4754; x_wconf 86' lang='lat' dir='ltr'><strong>paucis</strong></span> <span class='ocrx_word' id='word_1_780' title='bbox 2522 4680 2730 4735; x_wconf 79' lang='lat' dir='ltr'><strong>inclusa</strong></span> <span class='ocrx_word' id='word_1_781' title='bbox 2762 4676 3096 4734; x_wconf 84' lang='lat' dir='ltr'><strong>laudatione,</strong></span> <span class='ocrx_word' id='word_1_782' title='bbox 3132 4686 3257 4725; x_wconf 89' lang='lat' dir='ltr'><strong>eum</strong></span> <span class='ocrx_word' id='word_1_783' title='bbox 3292 4668 3385 4736; x_wconf 85' lang='lat' dir='ltr'><strong>qui</strong></span> <span class='ocrx_word' id='word_1_784' title='bbox 3411 4665 3665 4719; x_wconf 83' lang='lat' dir='ltr'><strong>laudatur</strong></span> 
     </span>
    </p>
   </div>
   <div class='ocr_carea' id='block_1_105' title="bbox 2085 4757 3664 4849">
    <p class='ocr_par' dir='ltr' id='par_1_105' title="bbox 2085 4757 3664 4849">
     <span class='ocr_line' id='line_1_105' title="bbox 2085 4757 3664 4849; baseline -0.016 -14"><span class='ocrx_word' id='word_1_785' title='bbox 2085 4770 2245 4849; x_wconf 75' lang='lat' dir='ltr'><strong>quasi</strong></span> <span class='ocrx_word' id='word_1_786' title='bbox 2298 4788 2587 4832; x_wconf 78' lang='lat' dir='ltr'><strong>coronare.</strong></span> <span class='ocrx_word' id='word_1_787' title='bbox 2626 4769 2907 4826; x_wconf 75' lang='lat' dir='ltr'><strong>‘Convenit</strong></span> <span class='ocrx_word' id='word_1_788' title='bbox 2935 4776 3143 4829; x_wconf 82' lang='lat' dir='ltr'><strong>autem,</strong></span> <span class='ocrx_word' id='word_1_789' title='bbox 3176 4772 3234 4816; x_wconf 87' lang='lat' dir='ltr'><strong>ut</strong></span> <span class='ocrx_word' id='word_1_790' title='bbox 3261 4760 3520 4825; x_wconf 83' lang='lat' dir='ltr'><strong>arbitror,</strong></span> <span class='ocrx_word' id='word_1_791' title='bbox 3546 4757 3664 4826; x_wconf 65' lang='lat' dir='ltr'><strong>pri-</strong></span> 
     </span>
    </p>
   </div>
   <div class='ocr_carea' id='block_1_106' title="bbox 2086 4850 3665 4933">
    <p class='ocr_par' dir='ltr' id='par_1_106' title="bbox 2086 4850 3665 4933">
     <span class='ocr_line' id='line_1_106' title="bbox 2086 4850 3665 4933; baseline -0.014 -6"><span class='ocrx_word' id='word_1_792' title='bbox 2086 4886 2236 4927; x_wconf 88' lang='lat' dir='ltr'><strong>mum</strong></span> <span class='ocrx_word' id='word_1_793' title='bbox 2268 4865 2554 4923; x_wconf 81' lang='lat' dir='ltr'><strong>laudandis</strong></span> <span class='ocrx_word' id='word_1_794' title='bbox 2579 4861 2838 4933; x_wconf 88' lang='lat' dir='ltr'><strong>operibus</strong></span> <span class='ocrx_word' id='word_1_795' title='bbox 2861 4860 2944 4914; x_wconf 87' lang='lat' dir='ltr'><strong>vel</strong></span> <span class='ocrx_word' id='word_1_796' title='bbox 2998 4854 3312 4926; x_wconf 72' lang='lat' dir='ltr'><strong>praeteritis,</strong></span> <span class='ocrx_word' id='word_1_797' title='bbox 3365 4852 3447 4908; x_wconf 85' lang='lat' dir='ltr'><strong>vel</strong></span> <span class='ocrx_word' id='word_1_798' title='bbox 3479 4850 3665 4905; x_wconf 81' lang='lat' dir='ltr'><strong>adhuc</strong></span> 
     </span>
    </p>
   </div>
   <div class='ocr_carea' id='block_1_107' title="bbox 2087 4945 3659 5026">
    <p class='ocr_par' dir='ltr' id='par_1_107' title="bbox 2087 4945 3659 5026">
     <span class='ocr_line' id='line_1_107' title="bbox 2087 4945 3659 5026; baseline -0.013 -8"><span class='ocrx_word' id='word_1_799' title='bbox 2087 4963 2315 5026; x_wconf 77' lang='lat' dir='ltr'><strong>futuris,</strong></span> <span class='ocrx_word' id='word_1_800' title='bbox 2339 4969 2402 5014; x_wconf 86' lang='lat' dir='ltr'><strong>ut</strong></span> <span class='ocrx_word' id='word_1_801' title='bbox 2430 4953 2939 5024; x_wconf 85' lang='lat' dir='ltr'><strong>contemplantibus</strong></span> <span class='ocrx_word' id='word_1_802' title='bbox 2972 4963 3165 5004; x_wconf 84' lang='lat' dir='ltr'><strong>eorum</strong></span> <span class='ocrx_word' id='word_1_803' title='bbox 3197 4947 3316 5001; x_wconf 89' lang='lat' dir='ltr'><strong>loco</strong></span> <span class='ocrx_word' id='word_1_804' title='bbox 3339 4945 3450 5000; x_wconf 86' lang='lat' dir='ltr'><strong>sint</strong></span> <span class='ocrx_word' id='word_1_805' title='bbox 3471 4955 3659 4998; x_wconf 83' lang='lat' dir='ltr'><strong>voces.</strong></span> 
     </span>
    </p>
   </div>
   <div class='ocr_carea' id='block_1_108' title="bbox 2088 5036 3661 5123">
    <p class='ocr_par' dir='ltr' id='par_1_108' title="bbox 2088 5036 3661 5123">
     <span class='ocr_line' id='line_1_108' title="bbox 2088 5036 3661 5123; baseline -0.017 -11"><span class='ocrx_word' id='word_1_806' title='bbox 2088 5057 2335 5112; x_wconf 86' lang='lat' dir='ltr'><strong>Alterum</strong></span> <span class='ocrx_word' id='word_1_807' title='bbox 2367 5059 2502 5123; x_wconf 86' lang='lat' dir='ltr'><strong>puto</strong></span> <span class='ocrx_word' id='word_1_808' title='bbox 2542 5063 2666 5105; x_wconf 85' lang='lat' dir='ltr'><strong>esse</strong></span> <span class='ocrx_word' id='word_1_809' title='bbox 2686 5045 3030 5105; x_wconf 86' lang='lat' dir='ltr'><strong>instantium,</strong></span> <span class='ocrx_word' id='word_1_810' title='bbox 3050 5050 3104 5095; x_wconf 88' lang='lat' dir='ltr'><strong>ct</strong></span> <span class='ocrx_word' id='word_1_811' title='bbox 3131 5052 3320 5092; x_wconf 82' lang='lat' dir='ltr'><strong>eorum</strong></span> <span class='ocrx_word' id='word_1_812' title='bbox 3350 5050 3472 5107; x_wconf 65' lang='lat' dir='ltr'><strong>quae</strong></span> <span class='ocrx_word' id='word_1_813' title='bbox 3498 5036 3661 5099; x_wconf 82' lang='lat' dir='ltr'><strong>ﬁunt,</strong></span> 
     </span>
    </p>
   </div>
   <div class='ocr_carea' id='block_1_109' title="bbox 2087 5126 3665 5219">
    <p class='ocr_par' dir='ltr' id='par_1_109' title="bbox 2087 5126 3665 5219">
     <span class='ocr_line' id='line_1_109' title="bbox 2087 5126 3665 5219; baseline -0.016 -17"><span class='ocrx_word' id='word_1_814' title='bbox 2087 5146 2313 5219; x_wconf 87' lang='lat' dir='ltr'><strong>quando</strong></span> <span class='ocrx_word' id='word_1_815' title='bbox 2346 5144 2513 5199; x_wconf 89' lang='lat' dir='ltr'><strong>rebus</strong></span> <span class='ocrx_word' id='word_1_816' title='bbox 2558 5154 2654 5210; x_wconf 84' lang='lat' dir='ltr'><strong>per</strong></span> <span class='ocrx_word' id='word_1_817' title='bbox 2692 5145 2867 5193; x_wconf 85' lang='lat' dir='ltr'><strong>semet</strong></span> <span class='ocrx_word' id='word_1_818' title='bbox 2906 5130 3323 5204; x_wconf 76' lang='lat' dir='ltr'><strong>apparentibus,</strong></span> <span class='ocrx_word' id='word_1_819' title='bbox 3371 5126 3665 5182; x_wconf 85' lang='lat' dir='ltr'><strong>verborum</strong></span> 
     </span>
    </p>
   </div>
   <div class='ocr_carea' id='block_1_110' title="bbox 2084 5214 3664 5308">
    <p class='ocr_par' dir='ltr' id='par_1_110' title="bbox 2084 5214 3664 5308">
     <span class='ocr_line' id='line_1_110' title="bbox 2084 5214 3664 5308; baseline -0.016 -15"><span class='ocrx_word' id='word_1_820' title='bbox 2084 5214 2500 5308; x_wconf 73' lang='lat' dir='ltr'><strong>praedicantium</strong></span> <span class='ocrx_word' id='word_1_821' title='bbox 2535 5230 2645 5285; x_wconf 91' lang='lat' dir='ltr'><strong>ulla</strong></span> <span class='ocrx_word' id='word_1_822' title='bbox 2669 5236 2755 5283; x_wconf 87' lang='lat' dir='ltr'><strong>est</strong></span> <span class='ocrx_word' id='word_1_823' title='bbox 2798 5226 3128 5289; x_wconf 76' lang='lat' dir='ltr'><strong>necessitas,</strong></span> <span class='ocrx_word' id='word_1_824' title='bbox 3155 5221 3263 5276; x_wconf 89' lang='lat' dir='ltr'><strong>nisi</strong></span> <span class='ocrx_word' id='word_1_825' title='bbox 3294 5228 3559 5290; x_wconf 84' lang='lat' dir='ltr'><strong>quantum</strong></span> <span class='ocrx_word' id='word_1_826' title='bbox 3591 5214 3664 5269; x_wconf 83' lang='lat' dir='ltr'><strong>ad</strong></span> 
     </span>
    </p>
   </div>
   <div class='ocr_carea' id='block_1_111' title="bbox 2082 5304 3662 5398">
    <p class='ocr_par' dir='ltr' id='par_1_111' title="bbox 2082 5304 3662 5398">
     <span class='ocr_line' id='line_1_111' title="bbox 2082 5304 3662 5398; baseline -0.02 -11"><span class='ocrx_word' id='word_1_827' title='bbox 2082 5304 2414 5398; x_wconf 69' lang='lat' dir='ltr'><strong>voluptatem</strong></span> <span class='ocrx_word' id='word_1_828' title='bbox 2438 5333 2493 5379; x_wconf 85' lang='lat' dir='ltr'><strong>et</strong></span> <span class='ocrx_word' id='word_1_829' title='bbox 2525 5317 3007 5377; x_wconf 87' lang='lat' dir='ltr'><strong>admirabilitatem</strong></span> <span class='ocrx_word' id='word_1_830' title='bbox 3040 5308 3521 5369; x_wconf 87' lang='lat' dir='ltr'><strong>demonstrandam</strong></span> <span class='ocrx_word' id='word_1_831' title='bbox 3578 5304 3662 5359; x_wconf 77' lang='lat' dir='ltr'><strong>fa-</strong></span> 
     </span>
    </p>
   </div>
   <div class='ocr_carea' id='block_1_112' title="bbox 2082 5400 3665 5487">
    <p class='ocr_par' dir='ltr' id='par_1_112' title="bbox 2082 5400 3665 5487">
     <span class='ocr_line' id='line_1_112' title="bbox 2082 5400 3665 5487; baseline -0.019 -7"><span class='ocrx_word' id='word_1_832' title='bbox 2082 5425 2178 5480; x_wconf 89' lang='lat' dir='ltr'><strong>cit.</strong></span> <span class='ocrx_word' id='word_1_833' title='bbox 2203 5422 2359 5475; x_wconf 77' lang='lat' dir='ltr'><strong>Sicut</strong></span> <span class='ocrx_word' id='word_1_834' title='bbox 2381 5426 2437 5473; x_wconf 90' lang='lat' dir='ltr'><strong>et</strong></span> <span class='ocrx_word' id='word_1_835' title='bbox 2464 5415 2744 5487; x_wconf 77' lang='lat' dir='ltr'><strong>propheta:</strong></span> <span class='ocrx_word' id='word_1_836' title='bbox 2769 5425 2944 5480; x_wconf 88' lang='lat' dir='ltr'><strong>usque</strong></span> <span class='ocrx_word' id='word_1_837' title='bbox 2979 5409 3046 5463; x_wconf 86' lang='lat' dir='ltr'><strong>ad</strong></span> <span class='ocrx_word' id='word_1_838' title='bbox 3076 5406 3347 5461; x_wconf 80' lang='lat' dir='ltr'><strong>Joannem</strong></span> <span class='ocrx_word' id='word_1_839' title='bbox 3372 5400 3665 5469; x_wconf 82' lang='lat' dir='ltr'><strong>propheta-</strong></span> 
     </span>
    </p>
   </div>
   <div class='ocr_carea' id='block_1_113' title="bbox 2083 5487 3679 5576">
    <p class='ocr_par' dir='ltr' id='par_1_113' title="bbox 2083 5487 3679 5576">
     <span class='ocr_line' id='line_1_113' title="bbox 2083 5487 3679 5576; baseline -0.019 -7"><span class='ocrx_word' id='word_1_840' title='bbox 2083 5522 2215 5570; x_wconf 87' lang='lat' dir='ltr'><strong>runt</strong></span> <span class='ocrx_word' id='word_1_841' title='bbox 2241 5511 2308 5565; x_wconf 80' lang='grc'><strong>³⁸.</strong></span> <span class='ocrx_word' id='word_1_842' title='bbox 2343 5509 2482 5564; x_wconf 80' lang='lat' dir='ltr'><strong>Nam</strong></span> <span class='ocrx_word' id='word_1_843' title='bbox 2523 5516 2742 5576; x_wconf 85' lang='lat' dir='ltr'><strong>tempus</strong></span> <span class='ocrx_word' id='word_1_844' title='bbox 2802 5510 3076 5563; x_wconf 87' lang='lat' dir='ltr'><strong>secutum,</strong></span> <span class='ocrx_word' id='word_1_845' title='bbox 3105 5494 3236 5567; x_wconf 88' lang='lat' dir='ltr'><strong>quid</strong></span> <span class='ocrx_word' id='word_1_846' title='bbox 3282 5489 3491 5546; x_wconf 89' lang='lat' dir='ltr'><strong>nuntiis</strong></span> <span class='ocrx_word' id='word_1_847' title='bbox 3521 5487 3679 5542; x_wconf 55' lang='lat' dir='ltr'><strong>indi:</strong></span> 
     </span>
    </p>
   </div>
   <div class='ocr_carea' id='block_1_114' title="bbox 2088 5578 3663 5676">
    <p class='ocr_par' dir='ltr' id='par_1_114' title="bbox 2088 5578 3663 5676">
     <span class='ocr_line' id='line_1_114' title="bbox 2088 5578 3663 5676; baseline -0.016 -19"><span class='ocrx_word' id='word_1_848' title='bbox 2088 5607 2272 5676; x_wconf 69' lang='lat' dir='ltr'><strong>gebat,</strong></span> <span class='ocrx_word' id='word_1_849' title='bbox 2305 5618 2432 5658; x_wconf 90' lang='lat' dir='ltr'><strong>cum</strong></span> <span class='ocrx_word' id='word_1_850' title='bbox 2493 5601 2733 5662; x_wconf 81' lang='lat' dir='ltr'><strong>adesset,</strong></span> <span class='ocrx_word' id='word_1_851' title='bbox 2763 5596 2858 5666; x_wconf 86' lang='lat' dir='ltr'><strong>qui</strong></span> <span class='ocrx_word' id='word_1_852' title='bbox 2913 5591 3200 5648; x_wconf 85' lang='lat' dir='ltr'><strong>nuntiatus</strong></span> <span class='ocrx_word' id='word_1_853' title='bbox 3255 5582 3482 5641; x_wconf 79' lang='lat' dir='ltr'><strong>fuerat?</strong></span> <span class='ocrx_word' id='word_1_854' title='bbox 3514 5578 3663 5634; x_wconf 83' lang='lat' dir='ltr'><strong>Nihil</strong></span> 
     </span>
    </p>
   </div>
   <div class='ocr_carea' id='block_1_115' title="bbox 2064 5674 3663 5760">
    <p class='ocr_par' dir='ltr' id='par_1_115' title="bbox 2064 5674 3663 5760">
     <span class='ocr_line' id='line_1_115' title="bbox 2064 5674 3663 5760; baseline -0.021 -3"><span class='ocrx_word' id='word_1_855' title='bbox 2064 5674 2233 5757; x_wconf 84' lang='lat' dir='ltr'><strong>.cuim</strong></span> <span class='ocrx_word' id='word_1_856' title='bbox 2272 5695 2377 5749; x_wconf 89' lang='lat' dir='ltr'><strong>nisi</strong></span> <span class='ocrx_word' id='word_1_857' title='bbox 2410 5692 2562 5746; x_wconf 87' lang='lat' dir='ltr'><strong>illum</strong></span> <span class='ocrx_word' id='word_1_858' title='bbox 2617 5688 2978 5760; x_wconf 86' lang='lat' dir='ltr'><strong>proclamare,</strong></span> <span class='ocrx_word' id='word_1_859' title='bbox 3004 5692 3058 5738; x_wconf 91' lang='lat' dir='ltr'><strong>et</strong></span> <span class='ocrx_word' id='word_1_860' title='bbox 3082 5684 3352 5738; x_wconf 82' lang='lat' dir='ltr'><strong>honorare</strong></span> <span class='ocrx_word' id='word_1_861' title='bbox 3382 5674 3663 5746; x_wconf 85' lang='lat' dir='ltr'><strong>reliquum</strong></span> 
     </span>
    </p>
   </div>
   <div class='ocr_carea' id='block_1_116' title="bbox 486 5882 2295 5961">
    <p class='ocr_par' dir='ltr' id='par_1_116' title="bbox 486 5882 2295 5961">
     <span class='ocr_line' id='line_1_116' title="bbox 486 5882 2295 5961; baseline -0.005 -13"><span class='ocrx_word' id='word_1_862' title='bbox 486 5893 528 5925; x_wconf 72' lang='grc'><strong>³⁵</strong></span> <span class='ocrx_word' id='word_1_863' title='bbox 564 5891 749 5950; x_wconf 62' lang='lat' dir='ltr'><strong>Matth.</strong></span> <span class='ocrx_word' id='word_1_864' title='bbox 777 5911 921 5961; x_wconf 75' lang='lat' dir='ltr'><strong>uri,</strong></span> <span class='ocrx_word' id='word_1_865' title='bbox 950 5893 1036 5950; x_wconf 75' lang='lat'><strong>‘26.</strong></span> <span class='ocrx_word' id='word_1_866' title='bbox 1116 5896 1163 5929; x_wconf 74' lang='grc'>³⁵</span> <span class='ocrx_word' id='word_1_867' title='bbox 1200 5894 1333 5949; x_wconf 80' lang='lat' dir='ltr'><strong>Luc.</strong></span> <span class='ocrx_word' id='word_1_868' title='bbox 1366 5908 1501 5957; x_wconf 73' lang='lat' dir='ltr'><strong>mi,</strong></span> <span class='ocrx_word' id='word_1_869' title='bbox 1544 5891 1630 5957; x_wconf 80' lang='lat' dir='ltr'><strong>l9,</strong></span> <span class='ocrx_word' id='word_1_870' title='bbox 1653 5889 1744 5943; x_wconf 69' lang='lat' dir='ltr'><strong>Sil.</strong></span> <span class='ocrx_word' id='word_1_871' title='bbox 1822 5887 1867 5919; x_wconf 79' lang='lat'><strong>“</strong></span> <span class='ocrx_word' id='word_1_872' title='bbox 1889 5882 2181 5947; x_wconf 65' lang='lat' dir='ltr'><strong>Mutilum,</strong></span> <span class='ocrx_word' id='word_1_873' title='bbox 2202 5883 2295 5938; x_wconf 73' lang='grc'><strong>15.</strong></span> 
     </span>
    </p>
   </div>
  </div>
