4036 6442
439 381 547 438 liii!)

1702 387 1751 446 N
1764 381 2018 444 lCOLAl
2056 383 2448 448 CABASILE

3601 395 3704 455 636

438 496 579 540 erat.
607 484 767 552 Quod
820 495 875 542 et
910 489 1124 559 angelis
1174 472 1485 557 videbatur,
1530 494 1732 564 quibus
1789 496 2022 565 primum

2135 496 2430 554 ὑπόλοιπον
2458 495 2550 573 ἦν,
2585 499 2615 555 6
2643 500 2747 557 καὶΓ
2766 504 2880 568 τοῖς
2906 503 3160 574 ἀγγέλοις
3191 505 3387 574 ἐδόκει,
3418 504 3500 571 οἷς
3531 509 3704 579 ἐφάνη

437 576 591 634 visus
615 588 720 644 est,
753 595 876 634 cum
906 581 959 635 in
998 591 1172 638 terras
1202 584 1464 649 venisset,
1497 601 1756 657 quorum,
1786 607 1806 641 ι
1836 588 2020 645 Gloria

439 667 495 721 in
521 668 806 725 altissimis
836 670 946 726 Deo
969 673 1040 738 ³⁷,
1086 692 1104 725 ι
1147 676 1353 731 circum
1379 678 1556 747 ipsum
1584 678 1784 734 choros
1813 680 2022 735 ducen-

439 760 576 813 tium
606 776 709 815 vox
734 771 871 819 erat.
908 764 1002 819 Sic
1031 781 1162 837 ergo
1192 768 1507 835 hierarcha,
1538 780 1832 840 postquam
1861 787 2024 828 voca-

439 858 555 904 tum
614 850 1018 910 benefactorem
1052 856 1283 926 in~ipsis
1329 860 1591 929 operibus
1651 862 1893 932 agnovit,
1922 876 2024 918 nec

437 944 634 998 recitat
666 947 978 1018 quidquam
1032 953 1275 1019 priorum
1309 970 1558 1024 precum,
1588 970 1689 1011 nec
1716 970 1882 1023 opera
1924 956 2023 1011 be-

438 1033 719 1103 nignitatis
754 1052 1027 1111 recenset,
1054 1059 1179 1100 cum
1202 1056 1329 1102 ante
1358 1048 1555 1102 oculos
1580 1057 1889 1115 versentur,
1925 1046 2024 1105 sed

437 1123 545 1181 hoc
584 1129 760 1185 solum
782 1129 917 1188 facit
944 1136 1190 1193 carmine
1215 1137 1449 1209 mystico
1480 1139 1740 1194 exsultat.

510 1300 651 1368 Quia
696 1320 826 1361 vero
856 1309 1052 1365 altaris
1110 1313 1286 1369 virtus
1344 1322 1687 1386 unguentum
1738 1306 1865 1383 est,
1894 1316 2024 1373 huic

439 1392 628 1450 virtuti
664 1407 720 1452 et
750 1401 1059 1466 subjectam
1092 1406 1383 1462 materiam
1417 1392 1725 1479 congruere
1772 1419 2013 1478 oportet.

442 1481 538 1539 Sic
585 1488 732 1542 enim
781 1500 906 1561 aget
946 1494 1143 1551 melius
1192 1497 1379 1553 :sicut
1411 1508 1469 1554 et
1507 1501 1675 1571 ignis,
1723 1513 1779 1558 et
1812 1504 1929 1571 lux,
1962 1512 2023 1559 ut

440 1578 722 1644 existimo,
751 1596 849 1651 per
878 1584 1074 1642 idonea
1100 1603 1359 1660 corpora.
1387 1591 1662 1658 Quoniam
1697 1603 1755 1651 et
1812 1610 2019 1651 nomen

439 1669 625 1738 ipsum
663 1672 990 1743 Salvatoris,
1019 1681 1169 1750 quod
1217 1683 1532 1741 invocatum
1573 1696 1756 1758 potest
1808 1692 2020 1755 omnia,

441 1776 550 1817 non
577 1763 632 1818 in
658 1768 903 1823 omnium
930 1786 1046 1838 ore,
1096 1789 1252 1845 aeque
1293 1777 1402 1833 vim
1441 1788 1496 1834 et
1533 1782 1827 1849 potentiam
1866 1798 2018 1838 suam

443 1857 708 1912 ostendit.
741 1858 977 1920 Proinde
1001 1882 1254 1936 quaerens
1273 1882 1651 1941 consecrator,
1673 1874 1804 1944 quid
1829 1890 2025 1945 corpo-

442 1945 521 1999 ris
550 1960 831 2017 unguento
857 1967 1164 2024 congruum
1212 1959 1494 2029 subjiciat,
1544 1962 1856 2034 martyricis
1884 1962 2027 2019 ossi-

444 2034 549 2090 bus
580 2039 762 2107 aptius
803 2042 938 2097 nihil
971 2047 1199 2131 invenit.
1230 2046 1359 2104 Haec
1385 2051 1477 2105 ubi
1510 2051 1690 2115 unxit,
1717 2060 1769 2105 et
1799 2051 2025 2107 inuncta

444 2141 651 2182 mensas
685 2129 1322 2209 imposuit,mysterium
1386 2141 1618 2211 perlicit.
1673 2142 1822 2198 Nihil
1874 2143 2022 2199 enim

445 2219 652 2277 Christi
703 2227 982 2295 mysteriis
1024 2232 1395 2304 propinquius
1452 2243 1508 2289 et
1553 2236 1847 2305 cognatius
1912 2244 2021 2303 est,

444 2326 610 2380 quam
646 2326 935 2387 martyres,
960 2323 1160 2390 quibus
1204 2339 1331 2381 cum
1364 2326 1457 2382 illo
1484 2336 1538 2383 et
1561 2343 1786 2398 corpus,
1820 2338 1874 2385 et
1913 2330 2026 2397 spi-

444 2402 585 2459 ritus
636 2414 695 2460 ct
757 2409 976 2465 schema
1040 2416 1309 2481 mortis,»
1333 2428 1388 2472 et
1433 2419 1621 2474 omnia
1689 2422 2021 2477 communia.

444 2493 546 2559 Qui
602 2507 658 2554 et
717 2501 859 2556 vivis
916 2506 1334 2574 assistebat,et
1394 2512 1750 2568 morientium
1790 2529 2023 2585 corpora

443 2602 556 2642 non
633 2590 1063 2663 relinquit,sed
1133 2601 1424 2658 animabus
1499 2605 1866 2674 coniunctus,
1923 2606 2025 2661 ali-

441 2694 553 2748 quo
625 2686 789 2741 modo
841 2688 1009 2744 etiam
1062 2694 1234 2748 surdo
1287 2696 1418 2752 huic
1472 2697 1687 2767 pulveri
1736 2701 1894 2755 adest
1968 2708 2023 2754 et

442 2773 855 2832 Commiscetur.
888 2779 956 2835 Et
1008 2783 1057 2837 si
1097 2785 1299 2841 alicubi
1354 2788 1409 2841 in
1464 2788 1615 2845 hisce
1669 2790 1858 2856 rebus,
1902 2806 2023 2861 qua!

441 2864 731 2921 oculorum
763 2884 985 2927 sensum
1014 2886 1257 2943 movent,
1312 2879 1657 2937 Salvatorem
1698 2883 1947 2938 invenire
1967 2892 2022 2938 et

444 2954 646 3012 habere
669 2957 816 3027 licet,
849 2962 904 3016 in
941 2964 1026 3019 his
1055 2968 1275 3025 ossibus
1333 2970 1479 3027 licet.
1504 2972 1635 3029 Ideo
1660 2982 1727 3029 ad
1761 2975 2018 3043 templum

444 3049 697 3115 veniens,
729 3066 843 3121 quo
896 3054 990 3109 illa
1021 3056 1307 3115 inferenda
1361 3072 1512 3129 sunt,
1550 3065 1747 3122 iisdem
1794 3069 2020 3124 vocibus

2126 589 2363 659 πρώτοις
2387 591 2559 648 ἐλθὼν
2585 594 2666 657 είς
2693 595 2794 668 τήν
2814 595 2944 666 γῆν,
2963 589 3041 651 ὧν
3070 598 3152 665 τὸ,
3177 614 3197 651 ι
3227 598 3366 666 Δόξα
3392 599 3450 652 ὲν
3466 599 3707 669 ὑψίστοις

2124 682 2265 753 Θεῷ,
2306 703 2325 736 ι
2360 685 2492 756 περὶ
2531 685 2713 741 αὑτῶν
2743 689 3080 758 χορευόντων
3124 686 3194 760 ἦν
3244 692 3278 761 ή
3325 690 3503 760 φωνή.
3552 693 3706 745 Κατᾶ

2123 776 2315 832 τοῦτον
2344 777 2411 850 δὴ
2434 779 2525 835 τὸν
2554 778 2711 849 λόγον
2730 782 2759 834 6
2788 780 3073 853 ἰεράρχης,
3102 781 3227 837 ἐπεὶ
3252 782 3343 837 τὸν
3372 784 3708 855 καλούμενον

2124 870 2419 942 εὐεργέτην
2451 870 2540 927 ἀπ’
2582 873 2764 928 αὐτῶν
2789 870 2900 928 οἶδε
2923 875 3038 928 τῶν
3065 875 3246 945 ἔργων
3269 915 3285 941 ,
3314 876 3440 932 οὔτε
3480 877 3704 951 εὔχεται

2124 962 2278 1016 οὐδὲν
2313 964 2423 1018 τῶν
2469 965 2528 1018 ὲν
2578 968 2699 1030 ταῖς
2747 967 2933 1039 εὐχαῖς
2983 968 3133 1039 αὐτῷ
3174 972 3701 1042 προκεχωρηκότων,

2124 1052 2246 1107 οὔτε
2270 1055 2563 1125 καταλέγει
2586 1058 2773 1126 τάτῆς
2801 1060 3441 1132 φιλανθρωπίαςξέστῶτα
3469 1063 3575 1132 πρὸ
3594 1063 3702 1117 τῶν

2123 1145 2443 1218 ὀφθαλμῶν,
2480 1148 2621 1204 ἀλλά
2652 1150 2812 1206 τοῦτο
2856 1153 3020 1224 μόνον
3051 1154 3277 1223 ἀγάλλει
3308 1153 3389 1225 τῷ
3435 1154 3588 1225 μέλει
3622 1156 3703 1227 τῷ

2126 1242 2402 1313 μυστικῷ.

2195 1330 2319 1384 ’Ότι
2344 1332 2392 1384 δ’
2415 1333 2448 1403 ἡ
2470 1315 2571 1386 τοῦ.
2593 1333 2988 1406 θυσιαστηρίου
3008 1335 3239 1407 δύναμις
3257 1337 3320 1391 τὸ
3343 1338 3517 1408 μύρον
3534 1339 3702 1404 ἐστὶν,

2123 1422 2295 1494 ιχρῆν
2338 1427 2404 1495 τῇ
2441 1425 2669 1494 δυνάμει
2698 1427 3011 1499 ταύτῃ⁸καὶ
3036 1429 3137 1500 τὴν
3167 1429 3538 1501 ὑποκειμένην
3569 1430 3702 1502 ὓλην

2121 1514 2337 1577 οἰκείως
2382 1515 2547 1586 ἔχειν’
2587 1516 2791 1587 δράσαι
2824 1517 2934 1587 γὰρ
2983 1518 3051 1571 ἂν
3076 1519 3218 1575 οὑτω
3245 1519 3476 1589 βέλτιον,
3512 1517 3703 1591 ὥσπερ

2121 1603 2219 1657 καὶ
2240 1604 2353 1675 πῦρ
2364 1605 2459 1658 καὶ
2478 1605 2596 1674 φῶς
2609 1604 2701 1661 διὰ
2713 1605 2823 1661 τῶν
2845 1608 3066 1678 ἐπιτηδε
3075 1608 3190 1673 ίων,
3208 1602 3390 1678 οἶμαι,
3410 1608 3700 1678 σωμάτων,

2122 1696 2244 1749 hui
2266 1699 2360 1751 ml
2382 1696 2621 1768 τοῦνομα
2646 1699 2781 1753 αὐτὸ
2806 1697 2899 1753 τοῦ
2920 1701 3192 1772 Σωτῆρος,
3215 1700 3245 1755 6
3272 1702 3451 1781 πάνὶα
3479 1700 3702 1755 ἐδύνατο

2127 1788 2484 1860 καλούμενον,
2520 1790 2620 1845 οὑκ
2645 1792 2704 1844 ὲν
2728 1794 2843 1854 τοῖς
2871 1792 3127 1846 ἁπάντων
3155 1793 3391 1864 στόμασι
3421 1793 3519 1865 τὴν
3549 1795 3701 1866 ἰσχὺν

2125 1881 2323 1952 ὁμοίως
2366 1881 2717 1936 ἐπεδείκνυτο
2751 1883 2852 1955 τὴν
2880 1883 3049 1937 αὑτοῦ
3067 1901 3083 1917 '
3102 1884 3196 1938 καὶ
3224 1884 3404 1940 τοίνυν
3435 1887 3701 1958 ζητήσας,

2125 1972 2154 2025 ὃ
2178 1990 2230 2026 τι
2254 1972 2321 2026 ἀν
2345 1972 2455 2026 τῶν
2477 1974 2748 2043 σωμάτων
2765 1974 3107 2047 κατάλληλον
3133 1979 3161 2030 ό
3188 1976 3445 2047 τελεστὴς
3472 1978 3699 2049 ὑποθείη

2123 2064 2202 2135 τῷ
2232 2064 2408 2136 μύρῳ,
2433 2064 2545 2118 τῶν
2581 2066 2937 2136 μαρτυρικῶν
2969 2068 3175 2121 ὀστέων
3203 2065 3233 2120 ὃ
3264 2069 3532 2139 προσήκει
3564 2068 3705 2139 μᾶλ-

2121 2156 2212 2212 λον
2239 2153 2398 2227 εὗρεν
2424 2157 2598 2223 οὐδὲν,
2623 2159 2717 2212 καὶ
2746 2158 2920 2213 ταῦτα
2954 2158 3192 2229 μυρίσας
3222 2159 3319 2215 καί⁵
3355 2158 3706 2229 ἀληλιμμένα

2121 2252 2187 2321 τῇ
2230 2248 2479 2321 τραπέζῃ
2524 2247 2786 2320 προσθεὶς
2826 2249 2889 2303 τὸ
2938 2250 3333 2321 θυσιαστήριον
3384 2250 3702 2321 ἀπαρτίζει.

2118 2339 2435 2411 Μαρτύρων
2488 2339 2597 2410 γὰρ
2658 2343 3084 2412 συγγενέστερον
3142 2343 3255 2405 τοῖς
3314 2341 3407 2396 τοῦ
3464 2342 3703 2412 Χριστοῦ

2125 2430 2446 2501 μυστηρίοις
2489 2431 2664 2497 οὐδὲν,
2700 2425 2783 2495 οἷς
2831 2432 2966 2501 πρὸς
3009 2433 3175 2487 αὑτὸν
3216 2432 3310 2487 τὸν
3341 2434 3575 2504 Χριστὸν
3610 2434 3706 2488 καὶ

2124 2523 2282 2591 σῶμα
2332 2523 2426 2577 καὶ
2476 2523 2701 2592 πνεῦμα
2750 2524 2845 2577 καὶ
2885 2525 3118 2578 θανάτου
3161 2526 3345 2599 σχῆμα
3387 2526 3482 2581 καὶ
3526 2529 3707 2583 πάντα

2124 2615 2278 2669 κοινὰ
2298 2654 2312 2678 ,
2357 2614 2416 2679 ὃς
2444 2614 2539 2669 καὶ
2575 2614 2711 2679 ζῶσι
2740 2615 2904 2685 συνῆν
2939 2617 3034 2669 καὶ
3061 2617 3436 2671 τελευτώντων
3460 2620 3586 2683 τοὺς
3615 2636 3709 2672 νε-

2126 2707 2292 2776 κροὺς
2325 2706 2424 2760 οὐκ
2461 2707 2851 2777 ἀπολιμπάνει,
2887 2709 3023 2763 ἀλλά
3047 2710 3168 2775 ταῖς
3198 2709 3398 2782 ψυχαῖς
3425 2710 3709 2782 ἡνωμένος

2127 2799 2272 2853 ἐστιν
2305 2800 2451 2862 ὅπως
2480 2801 2574 2855 καί
2604 2804 2669 2871 τῇ
2710 2804 2869 2873 κωφῇ
2900 2801 3077 2876 ταύτῃ
3112 2802 3326 2857 σύνεστι
3361 2806 3453 2859 καὶ
3500 2804 3708 2875 ἀναμέσ-

2129 2905 2317 2957 μικται
2342 2888 2513 2953 κόνει,
2535 2889 2626 2944 καὶ
2659 2891 2712 2942 εἴ
2734 2907 2837 2944 που
2872 2890 2979 2945 τῶν
3007 2894 3301 2962 ὁρωμένων
3327 2894 3532 2949 τούτων
3559 2895 3710 2950 ἐστιν

2125 2981 2305 3050 εὑρεῖν
2333 2980 2423 3033 τὸν
2462 2981 2692 3053 Σωτῆρα
2733 2982 2826 3035 καί⁵
2861 2985 3179 3053 κατασχεῖν,
3216 2985 3310 3038 ἐπὶ
3359 2985 3468 3037 τῶν
3499 2984 3711 3040 ὀστέων

2125 3071 2302 3136 ἔξεστι
2340 3072 2567 3129 τούτων.
2611 3074 2712 3127 Διὰ
2742 3073 2915 3128 ταῦτα
2965 3075 3102 3146 πρὸς
3138 3074 3219 3146 τῷ
3269 3074 3376 3147 νεῷ
3420 3076 3710 3147 γενόμενος

442 3146 631 3207 portas
660 3140 768 3198 illis
805 3147 1002 3215 aperit,
1036 3150 1238 3219 quibus
1267 3153 1314 3208 si
1333 3152 1612 3210 Christum
1642 3157 1821 3228 ipsum
1849 3159 2021 3215 infer-

2126 3165 2363 3227 ἐκείναις
2399 3167 2523 3228 ταῖς
2555 3168 2762 3235 φωναῖς
2790 3167 2973 3230 αὑτοῖς
3008 3140 3218 3237 ἀνοίγεί
3249 3140 3360 3228 τὰς⁷
3378 3140 3579 3233 πύλας,
3614 3140 3708 3231 αἶς

446 3241 549 3295 ret,
578 3241 633 3287 et
660 3236 727 3290 ad
770 3250 965 3295 cetera
999 3243 1146 3311 quod
1178 3246 1394 3311 attinet,
1418 3262 1576 3319 aeque
1606 3260 1663 3305 ut
1685 3265 1844 3306 sacra
1874 3254 2017 3307 dona

2124 3253 2189 3307 ἀν
2217 3254 2267 3305 εί
2301 3255 2393 3307 τὸν
2424 3253 2663 3324 Χριστὸν
2695 3254 2918 3325 είσῆγεν
2955 3236 3151 3319 αὑτὸν,
3185 3256 3281 3310 καί⁵
3311 3256 3479 3311 τᾶλλα
3509 3257 3567 3313 δὲ
3599 3273 3709 3318 πα-

445 3322 699 3381 honorat.
730 3326 998 3388 Praeterea
1036 3334 1132 3388 Dei
1180 3338 1442 3407 templum
1493 3356 1683 3396 verum
1725 3352 1782 3398 et
1844 3343 2019 3398 altare

443 3425 574 3471 sunt
623 3433 746 3475 ossa
802 3425 940 3490 haec,
992 3425 1098 3481 hoc
1150 3437 1336 3484 autem
1389 3446 1556 3488 manu
1614 3443 2016 3501 constructum,

443 3510 559 3564 veri
594 3514 780 3581 templi
811 3516 1069 3573 imitatio.
1104 3520 1275 3589 Igitur
1300 3524 1534 3579 decebat
1569 3525 1701 3580 illud
1740 3526 1870 3581 huic
1918 3542 2018 3595 ap—

443 3603 593 3670 poni,
628 3614 684 3661 et
711 3607 778 3662 ad
806 3609 1202 3678 perfectionem
1235 3614 1402 3684 hujus
1436 3616 1582 3677 illud.
1616 3620 1850 3687 assumi,
1874 3620 2020 3676 sicut

444 3693 501 3748 in
532 3696 744 3766 legibus
778 3716 999 3769 novam,
1033 3702 1100 3758 ad
1133 3706 1523 3774 perﬁciendam
1555 3721 1821 3766 veterem.

515 3893 807 3967 Postquam
864 3902 1004 3955 ritus
1034 3915 1229 3961 omnes
1255 3906 1366 3976 jam
1390 3907 1647 3976 absolvit,
1676 3918 1729 3965 et
1757 3911 1824 3966 ad
1857 3912 2025 3968 sacri-
2061 3905 2067 3909 ’

444 3984 629 4040 licium
674 4000 841 4060 atque
890 3992 957 4047 ad
1005 4009 1198 4063 preces
1227 3998 1453 4053 domum
1513 4003 1749 4071 paravit,
1797 4005 2022 4060 lucerna

444 4091 615 4147 super
642 4080 817 4135 altare
860 4098 1122 4152 accensa,
1178 4089 1314 4144 exit.
1372 4090 1618 4148 Primum
1660 4096 1909 4165 quidem,
1964 4106 2024 4152 ut

444 4184 593 4237 reor,
615 4180 830 4241 tempus
859 4179 1173 4244 ostendens,
1200 4197 1355 4250 quoa
1387 4186 1662 4257 principio
1687 4197 1770 4244 est
1790 4190 2020 4263 edjtum,

449 4261 597 4316 circa
636 4278 918 4333 vesperam
949 4270 1181 4337 scilicet,
1218 4277 1285 4329 ad
1324 4277 1499 4345 prima
1533 4278 1766 4335 lumina.
1796 4261 2021 4345 Deinde,

449 4362 511 4406 ut
542 4355 657 4409 haec
683 4355 907 4413 lucerna
934 4360 1081 4416 illam
1109 4362 1386 4421 lucernam
1420 4367 1476 4423 in
1510 4373 1829 4427 memoriam
1865 4374 2026 4429 nobis
2062 4408 2069 4415 -

447 4443 892 4525 reducat,‘quam
924 4453 1197 4518 accendit,
1229 4456 1324 4525 qui
1355 4457 1678 4515 drachmam
1714 4463 1951 4530 perdidit
1978 4481 1992 4518 :

2122 3344 2437 3417 ραπλησίως
2482 3349 2594 3411 τοῖς
2639 3347 2805 3418 ίεροίς
2856 3348 3088 3418 ἐτίμησε
3138 3348 3369 3418 δώροιςο
3414 3350 3599 3414 ἄλλως
3645 3367 3711 3404 τε

2120 3436 2256 3490 Θεοῦ
2305 3437 2404 3507 μὲν
2440 3439 2575 3501 νεὼς
2616 3438 2825 3508 ἀληθὴς
2879 3439 2972 3492 καὶ
3022 3439 3411 3512 θυσιαστήριον
3458 3441 3531 3497 τὰ
3570 3440 3714 3497 όστᾱ

2118 3529 2309 3597 ταῦτα,
2355 3532 2383 3583 6
2413 3530 2472 3585 δὲ
2515 3534 2894 3603 χειροποιητὸς
2941 3526 3098 3598 οὗτος
3146 3534 3415 3602 τάληθοῦς
3455 3535 3713 3608 μίμημα..

2121 3619 2332 3675 Οὐκοῦν
2354 3621 2501 3686 είκὸς
2528 3617 2596 3695 ἦν
2618 3623 2807 3678 τοῦτον
2828 3624 3024 3694 ἐκείνῳ
3050 3625 3419 3697 προστεθῆναι
3441 3628 3536 3681 καὶ
3557 3628 3695 3703 πρὸς

2122 3711 2220 3781 τὴν
2249 3711 2530 3767 τελείωσιν
2559 3715 2770 3768 ἐκείνου
2797 3715 2986 3772 τοῦτον
3011 3717 3291 3789 εἰλῆφθαι,
3310 3718 3565 3790 καθάπερ
3598 3719 3712 3773 τῶν

2123 3803 2302 3873 νόμων
2337 3804 2433 3859 τοῦ
2475 3807 2708 3861 παλαιοῦ
2739 3808 2832 3861 τὸν
2860 3808 3070 3864 καινόν.

2207 3898 2363 3952 Ἐπεὶ
2390 3899 2449 3952 δὲ
2476 3899 2653 3953 πάντα
2694 3901 2795 3972 ήδη
2836 3901 3049 3956 τελέσοι
3082 3902 3179 3957 καὶ
3210 3904 3350 3973 πρὸς
3384 3900 3483 3973 τὴν
3512 3901 3707 3955 θυσίαν

2127 3988 2219 4043 καὶ
2242 3976 2357 4052 τὰς’
2378 3989 2544 4060 εὐχὰς
2569 3989 2667 4060 τὴν
2697 3991 2876 4044 οίκίαν
2903 3991 3340 4062 παρασκευάσω,
3374 3992 3567 4063 λύχνον
3610 3990 3708 4045 ἐπὶ

2125 4081 2186 4135 τὸ
2213 4082 2601 4153 θυσιαστήριον
2625 4081 2767 4152 ἅψας
2792 4083 2983 4149 ἔξεισι,
3008 4084 3225 4155 πρῶτον
3248 4085 3351 4154 μὲν
3382 4084 3598 4148 δεικνὺς
3614 4083 3706 4138 τὸν

2124 4172 2222 4240 τῆς
2257 4171 2448 4237 θυσίας
2474 4169 2628 4238 οἶμαι
2652 4173 2866 4245 καιρὸν,
2901 4173 3109 4245 πηνίκα
3131 4173 3232 4244 τὴν
3257 4175 3432 4247 ἀρχὴν
3458 4175 3706 4246 ἐξεδόθη.

2127 4267 2241 4320 Καὶ
2266 4265 2376 4337 γὰρ
2398 4267 2526 4337 περί
2546 4267 2646 4336 τὴν
2666 4266 2906 4337 ἑσπέραν
2930 4266 3025 4320 καὶ
3059 4266 3157 4330 τάς
3188 4267 3299 4323 τῶν
3326 4267 3536 4338 λύχνων
3560 4269 3707 4338 ἁφὰς

2127 4361 2321 4414 ἔπειτα
2339 4357 2416 4423 ὡς
2443 4361 2501 4412 ὲν
2529 4359 2679 4428 οἰκίᾳ
2709 4358 2802 4412 τοῦ
2825 4359 2923 4428 τὴν
2950 4358 3204 4431 δραχμὴν
3236 4359 3650 4425 ἀπολωλεκότος
3677 4363 3707 4415 6

2126 4453 2318 4523 λύχνος
2358 4446 2512 4515 οὗτος
2560 4452 2770 4505 ἐκεῖνον
2817 4451 2952 4522 ἡμῖν
2994 4451 3212 4520 εἰσάγει
3260 4453 3327 4521 τῇ
3376 4452 3566 4526 μνήμῃ
3610 4453 3704 4507 τὸν

444 4551 608 4604 quam
651 4522 793 4593 terra
826 4543 994 4598 multa
1027 4554 1081 4600 et
1112 4522 1356 4604 tenebris
1383 4550 1639 4607 obrutam
1672 4522 1904 4619 invenit,
1931 4564 2022 4609 ut-

2126 4522 2349 4617 λύχνον,
2386 4546 2446 4600 ὃν
2494 4544 2639 4616 ἅψας
2690 4544 2783 4599 καὶ
2829 4542 3071 4614 ζητήσας
3119 4546 3216 4615 τὴν
3267 4544 3434 4616 πολλῇ
3483 4522 3563 4617 γῇ⁷
3610 4550 3706 4601 καὶ

441 4638 571 4695 pote
600 4631 702 4684 sub
750 4640 893 4687 terra
933 4636 1079 4714 apud
1130 4637 1336 4695 inferos
1380 4641 1677 4711 iacentem.
1717 4642 1835 4702 Hoc
1874 4647 2018 4703 enim

442 4716 546 4773 sibi
580 4722 717 4786 vult,
750 4725 936 4789 credo,
968 4728 1206 4786 verrisse
1234 4731 1483 4800 domum,
1522 4736 1712 4792 omnia
1758 4739 2022 4796 retexisse

439 4810 718 4899 videlicet,
768 4816 908 4871 etin
967 4819 1148 4877 lucem
1197 4823 1460 4883 eduxisse
1506 4828 1686 4899 quiet
1742 4829 2020 4888 infernum

439 4897 725 4973 ingressus
755 4906 960 4964 lumine
992 4926 1095 4967 suo
1124 4913 1385 4984 implevit.

507 5168 555 5203 "
592 5168 730 5225 Luc.
765 5184 826 5236 ιι,
858 5169 948 5228 14.

510 5331 589 5399 (l)
627 5330 683 5385 In
714 5335 837 5388 cod.
866 5330 1103 5393 Vindob.
1128 5333 1237 5389 266
1273 5334 1558 5404 sequentia
1606 5336 1887 5390 adduntur
1915 5337 2018 5390 alia

440 5417 605 5474 manu
632 5410 691 5474 et
717 5403 957 5474 nigriore
987 5414 1298 5459 atramento
1323 5403 1529 5474 scripta
1562 5421 1576 5459 :
1646 5407 1803 5474 Χρίει
1842 5408 1898 5460 δὲ
1927 5410 2019 5474 τόν

440 5469 592 5527 οἷκον
616 5469 842 5545 ’ἅπαντα
864 5472 942 5540 τῷ
982 5475 1140 5544 μύρῳ
1176 5469 1554 5545 περιιὼν,’τνα
1595 5469 1907 5545 προσευχῆς
1945 5472 2023 5529 οἰ-

441 5558 543 5618 κον
570 5541 732 5618 αὑτὸν
763 5541 1073 5618 ξργάσηται
1101 5541 1475 5618 καὶτοῦνομα-
1499 5541 1719 5618 ἐνεργὸν
1898 5548 2016 5618 ,καὶ

447 5612 588 5691 πρδς
609 5611 716 5691 F55
738 5611 907 5691 εὐλὰς
933 5611 1065 5682 ἡμῖν
1093 5615 1290 5691 βοηβῆο
1334 5611 1529 5691 ’ξῖγᾲρ
1568 5611 1721 5691 πρὸς,
1738 5611 2017 5691 ῖδ’ὖ”’Θεὸν

445 5680 559 5732 τῶν
599 5680 907 5770 ἀνθρώπων
954 5680 1376 5770 παρουσίξκαὶ
1402 5680 1860 5770 ’τὸγατεμθύινον
1918 5687 2020 5770 τὴν

450 5750 767 5818 προσευχὴν
791 5751 950 5819 ἡμῶν
978 5750 1056 5815 ὡς
1087 5753 1342 5825 θυμίαμα
1369 5754 1429 5807 τὸ
1463 5755 1634 5826 μύρον
1660 5757 1779 5808 ἐστὶ
1810 5756 1871 5810 τὸ
1929 5750 2029 5809 ὲκα

455 5818 714 5887 κενωθὲν,
735 5819 762 5872 6
793 5820 986 5893 Σωτὴρ
1026 5824 1377 5896 παράκλητος
1412 5825 1544 5898 ἡμῖν
1564 5826 1854 5897 γενόμενος
1887 5830 2023 5898 πρὸς

2128 4640 2307 4711 σκότῳ
2344 4637 2874 4707 συγκεκαλυμμένην
2911 4630 3037 4707 εὗρε
3074 4635 3341 4708 δραχμὴν,
3385 4638 3460 4698 ὡς
3497 4637 3566 4692 ἂν
3597 4637 3706 4690 ὑπὸ

2126 4732 2230 4803 γῆν
2253 4733 2317 4784 ὲν
2347 4729 2509 4802 ’ᾼδου
2536 4729 2823 4801 κειμένην·
2845 4729 3005 4782 τοῦτο
3030 4730 3159 4798 γὰρ,
3193 4724 3371 4798 οἴμαι,
3388 4728 3614 4784 δύναται
3644 4731 3705 4783 τὸ

2124 4824 2373 4896 σαρῶσαι
2394 4823 2491 4892 τὴν
2518 4823 2719 4889 οἰκίαν,
2737 4822 2797 4874 τὸ
2829 4820 3004 4875 πάντα
3032 4822 3172 4875 ἀνακ
3183 4821 3377 4890 αλύψαι
3408 4824 3501 4874 καὶ
3519 4821 3623 4875 ὑπὸ
3645 4821 3705 4875 τδ

2125 4917 2242 4987 φῶς
2282 4917 2531 4985 ἀγαγεῖν,
2575 4915 2636 4978 ὃς
2684 4914 2778 4969 καὶ
2816 4915 2909 4969 τὸν
2959 4911 3131 4984 ᾊδην
3178 4913 3357 4980 φωτὸς
3406 4911 3704 4986 ἐνέπλησεν

2125 5007 2381 5066 εἰσελθών
2404 5008 2505 5079 (Ι).

2126 5338 2219 5416 τρν
2240 5337 2507 5416 φεὸνκκαὶ⁸
2530 5340 3131 5416 μεσίτηςη-Ἔπείυγάρ
3165 5345 3461 5416 μονογενὴς
3486 5346 3563 5401 ὣν
3597 5351 3699 5402 αὖ-

2126 5407 2235 5490 τὸς.
2250 5408 2446 5490 έαυτὺν
2462 5410 2688 5490 εἰςιτο-ὺς
2714 5407 2933 5490 δούλους
2955 5407 3189 5490 ἐξέχεεν,
3208 5407 3478 5490 εἰκότωςό
3510 5418 3699 5490 Πατὴρ

2126 5478 2451 5555 δεήλλακται
2480 5482 2575 5555 θεαὶ
2603 5481 2821 5555 ἥμερον
2845 5486 2926 5547 εἰς
2958 5478 3107 5553 ἡμᾶς
3140 5486 3331 5555 βλέπει
3383 5488 3478 5541 καὶ
3523 5478 3699 5555 προσί-

2131 5548 3078 5627 ιόνταξιπροσίεαταιέὼς-ἂνμαῦτὸν
3122 5548 3400 5627 εὑρίσκων
3453 5559 3509 5612 ὲν
3563 5548 3709 5627 ἡμῖν·

2125 5616 2501 5697 τὺνιΥἰδνήτὺνν
2522 5620 2824 5697 ἀγαπητόν.
2859 5622 3020 5697 ’ξΟθεν
3048 5616 3344 5680 ἀκόλουθον
3365 5623 3453 5696 ἦν,
3492 5616 3698 5697 εἰς’τὴν

2127 5689 2337 5766 οἰκίαν,
2355 5690 2412 5740 ὲν
2512 5682 2602 5766 τὸν
2625 5682 2762 5766 Θεξιν
2794 5691 3071 5766 καλοῦμεν
3114 5698 3208 5750 καὶ
3237 5682 3567 5766 προσευχῆς
3598 5682 3696 5749 εὶ-

2131 5757 2438 5832 κενωθῆναι
2455 5757 2663 5828 μύρον,
2681 5759 2782 5832 ,ἴνα
2799 5764 2891 5815 τὸν
2920 5757 3107 5819 αὖτόοι
3168 5757 3541 5832 “tangatis”
3561 5767 3694 5819 Θεὸν

2131 5828 2210 5891 εἰς
2234 5827 2434 5900 ἑαυτὴν
2462 5831 2789 5905 ἐπιστρέφῃ,
2834 5834 2926 5887 καὶ
2960 5835 3101 5892 κατά
3131 5836 3229 5909 τὴν
3259 5827 3354 5892 τοῦ
3379 5836 3691 5908 Σολομῶνος
