4036 6502
328 422 436 488 till

1451 427 1551 486 DE
1588 426 1763 486 VlTA
1805 426 1889 487 ιΝ
1929 424 2261 487 CIIRISTO
2298 425 2444 487 LIB.
2486 424 2583 489 VI.

3503 425 3611 494 6i?-

332 538 487 599 εἰκός
541 538 659 590 ἐστι
705 540 810 591 ικαὶ
867 522 1186 609 συμϐαῖνον,
1238 541 1337 612 τὴν
1367 540 1513 612 ζωὴν
1567 540 1668 595 οὒκ
1698 540 1918 611 ἀγαπᾷν

2026 536 2329 605 putationis
2358 544 2561 591 nostras
2598 536 2668 592 de
2696 535 2807 593 vita
2833 538 2889 593 in
2934 536 3164 594 Christo
3201 540 3341 594 hanc
3390 543 3614 610 quoque

331 628 670 697 δεξαμένους
702 629 825 682 οὑδὲ
875 631 1182 697 καθεύδειν,
1227 631 1304 696 ὡς
1334 633 1401 685 ἂν
1428 633 1491 684 τὸ
1520 633 1630 686 πᾶν
1674 631 1925 702 ἔχοντας,

332 720 474 773 ἀλλὰ
507 721 603 774 καὶ
649 720 718 773 δι’
764 714 842 774 ὧν
897 723 1238 793 φυλάξομεν,
1274 724 1524 795 προσῆκε
1584 724 1789 794 ζητεῖν,
1834 723 1926 775 τὸν

337 811 457 865 ἴσον
479 810 683 882 τρόπθν
714 817 817 869 κάν
852 819 967 881 τοῖς
998 818 1127 890 περ)⁸
1159 820 1267 871 τῶν
1298 821 1586 890 προτέρων
1621 818 1748 880 τοὺς
1795 818 1928 887 περὶ

340 905 446 958 τῶν
500 904 773 976 δευτέρων
804 909 1148 977 προσθεῖναι,
1204 911 1299 964 καὶ
1335 910 1459 965 ὅθεν
1499 911 1777 981 ἐζήσαμεν
1829 911 1926 964 καὶ

347 999 483 1059 ὅπως
507 999 603 1052 καὶ
630 998 685 1050 τί
712 1000 986 1064 παθόντες
1017 1002 1300 1067 εἰπόντας,
1333 1002 1527 1057 ἔπειτα
1557 1003 1610 1056 τί
1640 1002 1925 1065 ποιοῦντες

340 1089 401 1140 οὐ
436 1088 794 1158 προδώσομεν
825 1090 927 1161 τὴν
965 1092 1342 1163 εὐδαιμονίαν,
1393 1094 1692 1148 ἀκόλουθον
1739 1092 1807 1148 ἂν
1836 1094 1922 1164 εἴη

314 1180 655 1254 ἱδιεξελθεῖν.
686 1182 881 1235 Καίτοι
909 1182 1070 1238 τοῦτο
1094 1186 1197 1256 μέν
1232 1187 1383 1240 ἐστιν
1407 1185 1579 1257 ἀρετὴ
1610 1186 1789 1241 καὶτὸ
1823 1186 1925 1257 ζῇν
1960 1227 1976 1243 .

309 1260 480 1341 ἔκαε-ὰ
512 1278 604 1326 τδν
629 1275 791 1346 ὀρθὸν
823 1276 1018 1344 λόγον·
1060 1278 1271 1332 τούτων
1310 1279 1367 1332 δὲ
1394 1278 1526 1349 πέρι
1564 1279 1788 1343 πολλοῖς
1824 1280 1923 1348 μὲν

333 1366 556 1436 εἴρηται
580 1368 688 1420 τῶν
707 1369 976 1439 ἀρχαίων,
1007 1372 1227 1435 πολλοῖς
1249 1372 1306 1425 δὲ
1327 1373 1439 1425 τῶν
1459 1373 1674 1438 ἔπειτα,
1700 1374 1796 1428 καὶ
1821 1374 1923 1427 οὐκ

332 1458 487 1511 ἔστιν
523 1459 551 1512 ὃ
591 1462 851 1532 παρεῖται
897 1462 1019 1516 δέον
1063 1463 1343 1534 είρῆσθαι,
1380 1466 1476 1518 καὶ
1516 1464 1822 1518 κινδυνεύει
1855 1464 1922 1535 δὴ

332 1551 631 1621 περίεργον
654 1551 719 1606 ἂν
748 1555 885 1623 ήμῖν
907 1556 1002 1606 τὸν
1035 1555 1224 1623 ἀγῶνα
1250 1556 1440 1610 τοῦτον
1467 1556 1722 1627 ήνύσθαι.
1765 1555 1924 1611 Ἐπεὶ

328 1642 379 1696 δ’
410 1636 487 1698 ὧν
534 1644 595 1711 ἐξ
628 1645 802 1715 ἀρχῆς
840 1646 1264 1717 ἐνεστησὰμεθα
1297 1650 1394 1704 καὶ
1443 1649 1505 1702 τὸ
1539 1649 1671 1718 περὶ
1709 1648 1921 1704 τούτων

329 1736 513 1789 εἰπεῖν
552 1736 958 1805 ἀπαιτούντων,
1007 1742 1057 1793 εί
1099 1741 1211 1811 μὴν
1259 1741 1622 1812 προσθεῖμεν,
1668 1742 1772 1796 οὐκ
1807 1742 1923 1795 ἔστι

330 1827 445 1880 σῶν
477 1824 620 1881 εἶναι
648 1828 742 1881 τὸν
785 1829 964 1899 λόγον,
1003 1832 1199 1903 ῥητέον
1228 1832 1305 1895 ὼς
1337 1828 1451 1888 οἷόν
1482 1851 1567 1897 τε,
1606 1834 1642 1888 ἃ
1682 1834 1782 1904 μὲν
1811 1833 1918 1888 ῐδια

2027 640 2238 698 partem
2280 630 2536 684 facimus.
2583 629 2740 686 Sicut
2779 647 3021 702 namque
3071 633 3125 687 in
3153 635 3320 689 rebus
3352 634 3613 689 humanis

2027 722 2231 776 rationi
2264 723 2619 778 consentiens
2646 733 2757 787 est,
2777 732 2834 779 et
2862 725 2981 779 ﬁeri
3000 728 3311 791 consuevit,
3348 735 3409 781 ut
3439 729 3606 781 vitam

2027 814 2308 883 accepisse
2343 829 2451 867 non
2487 816 2618 869 satis
2673 815 2995 880 habeamus,
3026 833 3201 888 neque
3255 820 3378 874 ideo
3403 820 3612 874 inertia:

2025 921 2091 961 ac
2123 921 2320 961 somno
2354 922 2454 960 nos
2482 907 2768 974 dedamus,
2798 910 2958 978 quasi
2981 910 3095 979 jam
3124 911 3310 965 omnia
3356 914 3613 982 suppedi-

2027 1005 2165 1063 tent,
2196 998 2292 1052 sed
2329 998 2554 1066 insuper
2583 999 2787 1067 quibus
2833 1015 2953 1054 earn
3004 1002 3181 1056 modis
3228 1018 3294 1058 ac
3326 1005 3431 1059 viis
3454 1014 3611 1060 tuea-

2025 1090 2685 1157 murcircumspiciamus
2711 1108 2725 1157 ;
2763 1092 2837 1145 ita
2861 1107 2922 1146 se
2948 1093 3004 1148 in
3029 1095 3131 1149 hac
3171 1098 3496 1151 tractatione
3524 1113 3612 1152 res

2027 1181 2214 1248 habet,
2239 1189 2295 1234 et
2345 1197 2467 1250 qua:
2524 1184 2677 1251 prius
2728 1197 2760 1236 a
2820 1183 2975 1239 nobis
3031 1184 3355 1242 disserendo
3412 1189 3611 1243 tradita

2023 1283 2176 1340 sunt,
2215 1273 2283 1327 iis
2306 1275 2593 1342 sequentia
2631 1276 3036 1345 coniungenda.
3067 1278 3317 1350 Cumque
3355 1282 3610 1336 docueri-

2026 1383 2151 1421 mus
2175 1367 2339 1433 unde,
2367 1376 2423 1421 et
2468 1372 2768 1437 quomodo,
2813 1383 2868 1426 et
2887 1372 3017 1441 quid
3066 1372 3226 1426 nobis
3275 1372 3390 1427 ﬁeri
3437 1373 3609 1429 susti-

2026 1467 2240 1522 nentes,
2265 1460 2432 1512 vitam
2459 1457 2856 1527 adipiscamur,
2892 1464 3143 1531 sequitur
3172 1465 3308 1531 jam,
3367 1473 3427 1518 ut
3477 1464 3607 1533 quid

2025 1550 2303 1620 agendum
2363 1551 2460 1615 sit,
2510 1566 2579 1603 ne
2619 1552 2872 1620 adeptam
2920 1553 3235 1609 felicitatem
3286 1555 3607 1623 prodamus,

2023 1644 2520 1699 demonstrandum
2557 1644 2832 1700 videatur.
2871 1646 2984 1701 Hoc
3022 1663 3154 1701 vero
3183 1649 3330 1703 aliud
3368 1650 3501 1702 nihil
3524 1655 3611 1703 est

2026 1740 2133 1792 nisi
2175 1740 2432 1792 virtutem
2463 1737 2668 1800 colere,
2696 1749 2967 1809 rectaeque
2993 1742 3189 1795 rationi
3218 1742 3611 1797 convenienter

2029 1828 2231 1881 vivere.
2282 1828 2415 1894 Quae
2443 1839 2770 1900 argumenta
2804 1840 3019 1887 veteres
3069 1833 3248 1898 multi,
3303 1849 3413 1887 non
3448 1835 3609 1903 pauci

314 1923 443 1977 ιτῶν
458 1922 817 1994 ἀνθρωπίνων
842 1924 976 1995 βίων
1002 1926 1221 1996 ἑκάστῳ
1242 1928 1494 1998 προσῆκε
1514 1928 1729 1982 πολλῶν
1746 1928 1918 1983 ὄντων

2026 1921 2158 1974 item
2194 1921 2534 1976 recentiores
2585 1922 2718 1976 totis
2769 1923 2926 1978 libris
2974 1927 3249 1992 persecuti
3301 1935 3452 1990 sunt,
3506 1941 3610 1982 nec

326 2016 767 2087 παραλιπόντας,
804 2010 879 2071 ὧν
906 2015 954 2071 δ’
984 2017 1243 2089 ὑπόχρεῳ
1280 2021 1433 2089 κοινῇ
1479 2018 1557 2088 τῷ
1593 2018 1715 2089 Θεῷ
1753 2019 1922 2073 καθέ-

326 2125 544 2177 σταμεν
574 2109 800 2174 πάντες,
837 2106 1014 2164 ταῦτα
1054 2111 1419 2174 σκοποῦντας.
1463 2108 1605 2165 Οὔτε
1653 2108 1765 2181 γὰρ
1815 2110 1917 2183 τὴν

321 2202 504 2271 αὐτὴν
531 2201 732 2273 ἀρετὴν
759 2203 907 2257 είποι
935 2221 1022 2266 τις
1044 2203 1109 2258 ἂν
1131 2201 1275 2258 εἶναι
1300 2204 1414 2258 δεῖν
1435 2204 1545 2258 τῶν
1574 2222 1634 2258 τε
1661 2205 1729 2260 τὰ
1758 2206 1915 2258 κοινὰ

324 2291 795 2363 πολιτευομένων,
847 2296 944 2349 καὶ
974 2295 1024 2348 οἳ
1066 2296 1135 2349 τὰ
1174 2293 1355 2350 αὐτῶν
1397 2297 1754 2367 πράττουσιν,
1789 2295 1918 2350 οὔτε

319 2386 420 2438 τὸν
458 2386 597 2456 μετὰ
627 2387 691 2440 τὸ
724 2387 952 2459 λουτρὸν
995 2389 1074 2458 τῷ
1120 2389 1240 2458 Θεῷ
1270 2390 1442 2459 μηδὲν
1474 2390 1637 2444 πλέον
1669 2389 1918 2461 ὑπεσχη-

329 2481 534 2549 μένων,
563 2483 658 2534 καὶ
687 2476 770 2545 οἷς
802 2485 832 2536 ό
863 2482 983 2553 βίος
1017 2484 1292 2555 μονώτης,
1328 2483 1379 2536 οἳ
1415 2484 1716 2554 παρθενίαν
1749 2486 1922 2554 προῦ-

322 2572 602 2642 στήσαντο
623 2575 801 2628 καὶτὸ
828 2576 996 2646 μηδὲν
1019 2576 1187 2647 ἔχειν,
1212 2579 1309 2631 καὶ
1335 2575 1413 2647 μὴ
1441 2578 1604 2646 μόνον
1637 2576 1799 2630 ἄλλου
1822 2576 1918 2631 τοῦ

321 2663 635 2733 κτήματος,
668 2665 781 2719 ἀλλ’
799 2666 911 2720 οὐδ’
942 2667 1100 2720 αὐτοὶ
1136 2668 1290 2737 σφῶν
1319 2666 1501 2722 αὐτῶν
1533 2663 1677 2721 εἶναι
1707 2667 1916 2738 κύριοι.

2027 2011 2326 2080 quidquam
2358 2012 2681 2081 quoddicto
2716 2029 2856 2082 opus
2886 2012 3083 2070 fuisset
3117 2018 3606 2084 praetermiserunt,

2021 2114 2076 2159 et
2094 2106 2394 2174 periculum
2423 2116 2529 2169 est,
2554 2121 2623 2160 ne
2652 2106 2922 2162 inutiliter
2941 2123 3162 2177 operam
3192 2125 3606 2166 consumamus.

2020 2196 2164 2264 Quia
2194 2207 2376 2252 tamen
2409 2213 2530 2266 qure
2564 2198 2635 2253 ab
2668 2198 2825 2254 initio
2850 2215 2952 2255 nos
2977 2200 3044 2255 ad
3076 2201 3426 2256 scribendum
3455 2202 3608 2256 exci-

2025 2298 2234 2353 tarunt,
2263 2289 2455 2344 eadem
2488 2291 2557 2344 de
2600 2291 2686 2345 his
2719 2292 2881 2346 verba
2910 2292 3029 2346 tieri
3060 2294 3369 2361 postulant,
3403 2304 3457 2349 et
3501 2294 3609 2350 nisi

2019 2397 2090 2437 ea
2125 2383 2419 2447 addamus,
2492 2399 2602 2436 nun
2654 2392 2738 2439 est
2794 2385 3002 2454 integra
3057 2384 3237 2439 futura
3283 2386 3608 2455 disputatio,

2024 2476 2247 2531 omissis
2269 2492 2390 2545 qua:
2415 2477 2714 2545 separatim
2742 2477 2944 2546 cuique
2983 2479 3169 2547 generi
3196 2478 3319 2532 vita:
3353 2478 3610 2534 humana:

2027 2580 2336 2641 congruunt
2369 2571 2567 2639 (tntilta
2601 2581 2784 2623 autem
2833 2579 2964 2623 sunt
2992 2570 3246 2641 genera),
3290 2573 3466 2641 iisque
3494 2581 3613 2627 tan-

2028 2673 2144 2719 tum
2179 2663 2562 2725 consideratis,
2598 2679 2722 2733 qua:
2746 2665 3112 2717 communiter
3148 2679 3340 2719 omnes
3371 2664 3481 2718 Deo
3514 2667 3613 2720 de-

323 2761 545 2826 bemus,
600 2776 698 2831 pro
726 2760 986 2818 facultate
1032 2762 1324 2818 dicendum
1367 2773 1468 2819 est.
1554 2761 1744 2831 Neque
1794 2760 1942 2816 enim
1982 2760 2231 2814 eamdem
2273 2758 2531 2811 virtutem
2571 2757 2846 2826 quispiam
2914 2757 3115 2810 dixerit
3167 2774 3292 2813 esse
3354 2770 3611 2830 oportere

319 2855 725 2925 rempublicam
780 2855 1308 2923 administrantium,
1338 2865 1393 2912 et
1442 2857 1778 2926 privatorum
1806 2872 1828 2923 ;
1888 2870 2067 2926 neque
2098 2868 2289 2909 eorum
2320 2854 2414 2923 qui
2446 2854 2605 2922 aquis
2635 2851 2791 2906 tincti
2819 2850 3157 2905 salutaribus
3215 2852 3348 2906 nihil
3410 2869 3610 2910 novum

325 2947 448 3003 Deo
491 2950 886 3021 promiserunt,
919 2959 973 3006 et
996 2950 1090 3021 qui
1119 2951 1285 3006 vitam
1323 2951 1379 3005 in
1419 2949 1716 3005 solitudine
1743 2949 2036 3021 agitantes,
2059 2947 2368 3003 castitatem
2390 2956 2444 3002 et
2476 2953 2852 3017 paupertatem
2888 2945 2992 3001 sibi
3020 2946 3352 3017 proliteudas
3379 2936 3602 3021 delege-

302 3046 482 3109 ⁸τιιῐιι,
539 3050 595 3097 et
627 3042 684 3097 in
726 3042 906 3098 aliena
943 3057 1119 3114 usque
1174 3043 1311 3099 adeo
1363 3041 1642 3098 dominari
1698 3044 1911 3106 nolunt,
1956 3051 2017 3096 ut
2043 3054 2146 3096 sua
2181 3039 2432 3110 ipsorum
2465 3039 2758 3109 abjiciant.

402 3228 472 3281 Ὀ
493 3225 551 3280 δὲ
583 3224 764 3279 κοινόν
795 3225 946 3278 ἐστιν
976 3224 1153 3279 ἀπασι
1179 3224 1345 3296 χρέος
1370 3224 1484 3287 τοῖς
1516 3222 1625 3275 ἀπὺ
1664 3219 1911 3293 Χριστοῦ

2089 3219 2247 3286 Quod
2280 3229 2466 3274 autem
2502 3218 2752 3274 omnium
2785 3235 2816 3275 a
2849 3220 3069 3276 Christo
3109 3238 3310 3280 nomen
3368 3226 3595 3282 trahen-

320 3317 713 3388 καλουμένοις,
748 3316 940 3388 ὥσπερ
970 3317 1109 3372 αὐτὸ
1140 3316 1206 3387 δὴ
1239 3316 1303 3370 τὸ
1338 3316 1662 3388 πρόσρημα,
1699 3314 1796 3368 καὶ
1829 3314 1916 3367 δεῖ

2020 3310 2155 3364 tium
2185 3325 2479 3365 commune
2513 3310 2761 3364 debitum
2794 3319 2900 3375 est,
2937 3313 3081 3369 sicut
3118 3315 3234 3384 ipsa
3280 3318 3604 3386 appellatio,

324 3411 540 3473 πάντας
592 3409 799 3478 ὁμοίως
852 3410 1209 3477 εἰσενεγκεῖν,
1266 3409 1408 3478 ὑπὲρ
1459 3401 1522 3461 οὗ
1574 3408 1684 3461 πᾶν
1729 3404 1911 3461 ὁτιοῦν

2020 3404 2273 3472 quodque
2309 3417 2507 3457 omnes
2538 3417 2695 3472 aeque
2725 3415 2984 3472 praestare
3011 3415 3254 3474 oportet,
3293 3409 3457 3476 cujus
3501 3425 3602 3466 ne.

320 3502 762 3572 προῖσχομένους
789 3501 891 3554 οὐκ
923 3500 1041 3553 ἔστι
1077 3499 1530 3572 παραιτήσασθαι
1560 3501 1690 3563 τοὺς
1723 3499 1914 3554 ἀπολι-

2020 3500 2302 3570 gligentes,
2330 3499 2599 3569 quidquid
2628 3501 2990 3569 praetendant,
3052 3515 3159 3554 non
3229 3512 3457 3570 possunt
3477 3520 3608 3575 sup.

323 3593 604 3662 δευομένους
635 3592 697 3645 οὐ
727 3591 828 3661 τὴν
879 3591 1121 3662 ἡλικίαν,
1163 3592 1224 3645 ού
1256 3592 1478 3663 τέχνην,
1507 3593 1568 3645 ού
1598 3591 1771 3662 τύχην
1799 3590 1910 3645 οὐδ’

322 3686 601 3756 ἡντινοῦν,
632 3684 696 3739 οὐ
743 3686 842 3756 τὴν
883 3686 1170 3755 ἐσχατιὰν,
1209 3685 1275 3737 οὐ
1307 3688 1408 3755 τὴν
1437 3689 1697 3756 ἐρημίαν,
1722 3684 1784 3737 ού
1813 3683 1911 3745 τὰς

327 3776 545 3841 πόλεις,
570 3777 631 3830 οὐ
662 3777 791 3839 τοὺς
822 3776 1114 3848 θορύϐους,
1147 3778 1249 3829 οὐκ
1276 3777 1407 3831 ἄλλο
1424 3777 1533 3829 τῶν
1552 3779 1771 3830 πάντων
1788 3775 1912 3829 οὐδὲ

325 3868 414 3932 ἐν,
444 3868 530 3935 ἐφ’
556 3866 593 3921 ἃ
624 3867 979 3938 συμϐέϐηκεν
1012 3866 1454 3937 ἐγκαλουμένους
1485 3870 1813 3939 ἀναχωρεῖν,
1835 3868 1911 3931 ὡς

326 3960 541 4024 οὐδενὸς
600 3960 753 4030 αὐτῷ
811 3960 1181 4031 προΐστασθαι
1239 3961 1543 4029 δυναμένου
1596 3960 1694 4014 καὶ
1744 3961 1911 4012 πᾶσιν

332 4053 475 4119 ἐξὸν,
523 4055 593 4124 τῇ
639 4051 731 4105 τοῦ
768 4052 1017 4123 Χριστοῦ
1063 4051 1284 4122 θελήσει
1321 4052 1397 4123 μὴ
1449 4052 1731 4122 πολεμεῖν,
1774 4049 1910 4104 ἀλλά

330 4147 457 4209 τοὺς
492 4144 704 4198 ἐκεῖθεν
738 4146 803 4197 ἐκ
861 4144 1065 4208 παντὸς
1115 4145 1323 4215 τρόπου
1375 4143 1654 4207 σώζοντας
1710 4143 1912 4212 νόμους

334 4237 475 4307 πρὸς
502 4236 745 4306 τάκείνῳ
768 4233 1037 4289 δοκοῦντα
1083 4235 1384 4290 διατιθέναι
1427 4236 1520 4288 τὸν
1553 4235 1693 4305 βίον.
1725 4236 1912 4289 Ταῦτα

332 4331 443 4398 γὰρ
458 4327 581 4381 οὔτε
604 4330 842 4398 κρείττω
863 4327 1146 4396 δυνάμεως
1170 4327 1521 4398 ἀνθρωπείας
1547 4328 1697 4382 ἐστιν
1713 4329 1909 4393 εἰπεῖν,

331 4418 393 4471 ού
440 4422 551 4487 γὰρ
595 4417 661 4471 ἂν
703 4421 818 4481 τοῖς
852 4417 1272 4487 παρανομοῦσιν
1311 4416 1497 4470 ἔκειτο
1534 4417 1682 4488 δίκη,
1715 4418 1824 4470 τῶν
1852 4435 1914 4471 τε

333 4510 674 4581 Χριστιανῶν
692 4511 794 4564 οὐκ
809 4508 958 4563 ἔστιν
982 4508 1181 4572 οὐδεὶς,
1204 4508 1263 4571 ὃς
1286 4508 1388 4561 οὐκ
1408 4510 1490 4571 είς
1513 4506 1674 4577 ἔργον
1698 4508 1914 4562 ἅπαντα

332 4605 562 4671 ἀγαγεῖν
602 4601 784 4672 ἐαυτῷ
829 4601 1070 4655 σύνοιδεν
1103 4602 1394 4670 ὑπόχρεως
1442 4599 1543 4655 ὢν.
1591 4599 1659 4653 Οἵ
1704 4617 1768 4668 γε
1813 4601 1913 4671 τὴν

334 4697 510 4766 ἀρχὴν
539 4695 690 4764 αύτῷ
734 4694 1059 4766 προσιόντες
1087 4690 1122 4765 ἧ
1155 4694 1262 4766 μὴν
1308 4695 1400 4748 διὰ
1430 4693 1915 4753 πάντωνδικολου-

335 4786 521 4857 θήσειν
561 4786 798 4856 ηὔξαντο
844 4787 1052 4849 πάντες
1104 4786 1313 4856 ὁμοίως
1358 4785 1456 4838 καὶ
1515 4784 1743 4848 ταύταις
1794 4787 1912 4847 ταῖς

2015 3593 2235 3662 plirium
2284 3592 2591 3661 deprecari,
2645 3592 2761 3646 sive
2833 3602 3051 3646 aetatem
3105 3606 3411 3665 apponant,
3487 3598 3604 3652 sive

2012 3693 2211 3746 artem,
2243 3686 2359 3739 sive
2413 3683 2687 3738 fortunam
2712 3691 2767 3737 et
2790 3684 3162 3739 conditionem
3194 3701 3605 3757 quamcunque,

2010 3775 2128 3829 sive
2143 3776 2414 3840 morbum,
2433 3775 2549 3830 sive
2562 3776 2811 3842 corporis
2838 3775 3238 3844 habitudinem,
3254 3779 3374 3833 sive
3389 3780 3608 3836 ultimos

2015 3863 2260 3916 locorum
2290 3879 2563 3928 recessus,
2589 3863 2705 3919 sive
2737 3865 3113 3928 solitudinem,
3135 3867 3250 3920 sive
3271 3864 3463 3931 urbes,
3489 3873 3607 3924 sive

2008 3955 2157 4009 aliud
2177 3955 2410 4024 quodvis
2437 3971 2618 4009 rerum
2646 3957 2914 4023 ninnium,
2938 3958 3005 4011 ad
3027 3973 3148 4028 qua;
3165 3960 3401 4014 accusati
3426 3961 3609 4029 perfu-

2012 4064 2139 4117 gere
2168 4049 2368 4113 solent,
2424 4057 2615 4116 utpote
2641 4050 2729 4103 cui
2760 4050 3029 4105 obsistere
3081 4052 3216 4104 nihil
3248 4062 3433 4120 queat,
3461 4054 3606 4123 quod

2011 4142 2236 4194 demum
2295 4140 2566 4195 universis
2618 4141 2768 4207 licet,
2801 4152 2887 4198 est
2915 4142 3116 4197 Christi
3171 4146 3437 4199 voluntati
3495 4161 3607 4202 non

2004 4246 2351 4300 repugnare,
2383 4232 2476 4285 sed
2512 4232 2648 4286 latas
2675 4234 2798 4287 inde
2824 4234 2970 4303 leges
2992 4238 3158 4303 quam
3183 4236 3609 4305 diligentissime

2015 4331 2320 4385 servantes,
2350 4323 2420 4377 ad
2459 4323 2743 4378 arbitrium
2782 4325 2931 4379 illius
2966 4326 3131 4380 vitam
3165 4342 3461 4397 moresque
3528 4329 3610 4383 in-

2015 4415 2268 4473 stituere.
2296 4414 2485 4485 Neque
2512 4417 2654 4471 istuc
2681 4417 2859 4487 majus
2883 4419 3094 4474 viribus
3123 4420 3378 4475 humanis
3425 4421 3613 4475 dicen-

2002 4506 2198 4571 ,dum;
2247 4521 2353 4560 non
2391 4508 2539 4561 enim
2577 4506 2847 4577 legirupis
2893 4522 3055 4577 poena
3103 4521 3252 4565 esset
3306 4513 3608 4581 proposita.

2013 4606 2069 4651 et
2097 4598 2544 4653 Christianorum
2575 4615 2736 4653 nemo
2766 4610 2850 4654 est
2876 4615 3129 4669 prorsus,
3168 4602 3261 4671 qui
3303 4602 3369 4654 ad
3416 4602 3605 4655 omnia

2016 4688 2137 4758 ipso
2175 4703 2340 4757 Opere
2365 4693 2715 4758 exsequenda
2745 4691 3042 4759 obligatum
3072 4707 3193 4746 sese
3215 4708 3280 4745 ex
3308 4693 3420 4760 ipsa
3473 4707 3608 4746 con-

2018 4779 2252 4833 scientia
2282 4795 2380 4835 sua
2420 4797 2528 4835 non
2569 4781 2836 4851 intelligat
2869 4784 3037 4852 :quia
3072 4798 3101 4836 a
3163 4784 3431 4850 principio
3478 4798 3603 4836 cuin

335 4877 637 4948 συνθήκαις
682 4878 944 4947 δήσαντες
992 4877 1226 4938 ἑαυτοὺς
1277 4873 1424 4928 οὕτω
1486 4877 1750 4947 μετέσχον
1805 4876 1915 4931 τῶν

2027 4872 2094 4926 ad
2123 4886 2248 4925 eum
2283 4887 2345 4927 se
2372 4873 2759 4943 adjungerent,
2792 4874 3021 4943 polliciti
3045 4883 3174 4927 sunt
3220 4889 3411 4928 omnes
3449 4889 3606 4944 aeque

338 4971 523 5041 ιερῶν.
557 4970 711 5025 Οὕτω
741 4970 785 5023 δ’
814 4970 944 5022 ὄντα
977 4969 1136 5023 κοινὰ
1165 4969 1337 5022 πᾶσιν
1370 4968 1669 5038 ὀφλήματα
1705 4968 1776 5021 τὰ
1813 4968 1908 5022 τοῦ

337 5063 591 5130 Σωτῆρος
623 5061 976 5129 ἐπιτάγματα
1022 5059 1135 5119 τοῖς
1172 5058 1386 5118 πιστοῖς
1438 5056 1533 5109 καὶ
1565 5054 1769 5109 δυνατὰ
1798 5058 1914 5119 τοῖς

339 5149 684 5221 βουλομένοις
720 5149 919 5213 ἀνῦσαι
948 5150 1040 5201 καὶ
1070 5146 1278 5216 σφόδρα
1303 5146 1409 5198 τῶν
1440 5146 1780 5214 ἀναγκαίων,
1818 5146 1914 5200 καὶ

337 5238 411 5299 ὧν
430 5248 596 5315 χωρὶς
623 5245 722 5296 οὐκ
750 5243 817 5296 ἂν
841 5242 1057 5311 γένοιτο
1086 5239 1312 5310 Χριστῷ
1341 5238 1622 5292 συνελθεῖν
1646 5241 1726 5310 τῷ
1755 5241 1913 5294 πλεί-

338 5352 450 5405 στῳ
472 5335 565 5387 καὶ
588 5334 859 5403 καλλίστῳ
896 5334 1053 5403 μέρει
1073 5332 1531 5403 διεστηκότας,τῇ
1575 5331 1791 5403 θελήσει
1819 5335 1916 5388 καὶ

337 5430 448 5490 τοῖς
481 5427 843 5497 βουλήμασιν.
881 5418 1119 5496 Ἀνάγκη
1152 5425 1262 5496 γὰρ
1299 5426 1630 5494 κοινωνῆσαι
1664 5423 1913 5495 γνώμης,

336 5514 381 5589 ᾧ
422 5519 786 5589 κοινωνοῦμεν
830 5518 1211 5586 αίμάτων,καὶ
1247 5515 1316 5569 τὰ
1361 5517 1459 5585 μὲν
1502 5516 1916 5586 συνημμένους,

338 5612 408 5669 τὰ
423 5614 480 5667 δὲ
501 5612 864 5684 διῃρημένους
891 5613 1034 5665 οὓτω
1068 5611 1166 5681 μὲν
1195 5609 1393 5679 φιλεῖν,
1426 5610 1652 5672 ἐκείνως
1683 5608 1738 5662 δὲ
1763 5610 1922 5663 πολε-

342 5692 486 5780 μεῖν,
507 5708 600 5761 καὶ
624 5706 787 5760 τέκνα
807 5705 906 5772 μὲν
931 5700 1092 5769 εἶναι,
1128 5703 1366 5773 μωμητὰ
1393 5702 1470 5767 δὲ,
1503 5702 1596 5757 καὶ
1625 5703 1764 5774 μέλη
1796 5702 1916 5773 μὲν,

346 5798 485 5855 ἀλλὰ
514 5797 705 5869 νεκρὰ,
736 5792 818 5860 οἷς
854 5795 1045 5867 ὄφελος
1075 5794 1228 5849 οὐδὲν
1250 5794 1311 5847 τὸ
1342 5794 1626 5865 συμφύναι
1664 5797 1759 5859 καὶ
1788 5811 1913 5863 γεν-

343 5890 596 5963 νηθῆναι,
631 5890 886 5965 καθᾲπερ
921 5887 982 5943 τὸ
1018 5886 1205 5959 κλῆμα
1232 5879 1331 5958 τῆς
1367 5886 1630 5960 ἀληθινῆς
1661 5888 1910 5959 ἀμπέλου

2022 4978 2082 5019 se
2106 4964 2264 5032 plane
2289 4979 2386 5033 per
2418 4966 2603 5019 Omnia
2636 4965 2813 5033 ipsum
2848 4967 3191 5031 imitaturus;
3224 4975 3276 5020 et
3311 4975 3600 5036 postquam

2005 5063 2196 5129 .semet
2243 5055 2347 5109 hoc
2396 5055 2605 5110 foedere
2646 5056 3086 5120 obstrinxerunt,
3129 5058 3201 5111 ita
3234 5058 3452 5112 demum
3490 5075 3605 5130 my-

2020 5145 2202 5201 steriis
2226 5155 2357 5201 sunt
2386 5148 2596 5202 donati.
2616 5146 2708 5203 Sic
2729 5160 2909 5204 autem
2937 5150 3192 5203 mandata
3225 5151 3424 5203 (lhristi
3450 5166 3601 5204 com-

2025 5238 2213 5293 munia
2254 5239 2437 5294 debita
2475 5239 2729 5295 ﬁdelibus
2779 5243 3039 5297 OtllllibUS
3088 5258 3213 5296 cum
3244 5243 3377 5306 sint,
3410 5251 3463 5296 et
3490 5244 3602 5313 jam

2026 5330 2341 5387 volentibus
2382 5343 2601 5388 servatu
2633 5334 2940 5403 possibilia,
2968 5344 3022 5390 et
3039 5350 3386 5402 summopere
3416 5350 3605 5388 neces-

2029 5425 2175 5481 saria
2201 5435 2348 5490 sunt,
2380 5435 2432 5479 et
2461 5427 2581 5481 sine
2612 5426 2680 5482 iis
2714 5427 3082 5482 adChristnm
3118 5442 3220 5481 non
3256 5427 3599 5495 pe:veniui.t,

2031 5518 2163 5587 quia
2198 5518 2267 5571 ab
2292 5533 2357 5573 eo
2398 5520 2638 5574 maxima
2707 5529 2761 5575 et
2792 5520 3158 5591 pulcherrima
3198 5530 3370 5589 parte,
3410 5520 3603 5574 volun-

2032 5624 2143 5670 tate
2183 5617 2444 5673 nimirum
2484 5621 2834 5688 consilioque
2880 5621 3215 5688 discrepant.
3251 5616 3490 5674 Necesse
3520 5626 3605 5673 est

2028 5708 2175 5761 enim
2203 5709 2485 5765 voluntate
2514 5726 2636 5765 cum
2663 5726 2730 5767 eo
2758 5713 3098 5782 conspirare,
3136 5725 3260 5765 cum
3293 5725 3402 5780 quo
3447 5725 3603 5765 com-

2023 5814 2242 5855 munem
2292 5801 2560 5858 habemus
2628 5804 3005 5875 sanguinem;
3060 5817 3168 5856 non
3221 5801 3420 5871 partim
3477 5815 3608 5857 con-

2017 5892 2239 5981 cordcs,
2285 5896 2479 5967 partim
2524 5896 2805 5955 discordes
2867 5896 2977 5954 illic
3049 5910 3255 5965 amare,
3286 5894 3373 5953 hic
3404 5893 3604 5951 bellum
