4036 6482
476 391 584 456 θ43

1733 368 2052 433 NICOLAI
2094 367 2487 429 CABASILB

3639 369 3746 434 644

465 519 657 566 contra
677 519 869 579 gerere
893 522 910 569 ;
938 511 992 559 et
1022 501 1163 558 ﬁlios
1188 500 1408 572 quidem
1453 511 1599 561 esse,
1632 493 1728 550 sed
1751 490 2053 560 reprehen-

2168 487 2534 560 δίαιρεθείσιν,
2567 485 2630 544 οὒ
2657 490 2812 556 τέλος
2847 489 2953 558 ἐξω
2985 491 3250 565 βληθῆναι
3282 492 3379 546 καὶ
3409 490 3751 565 ξηρανθῖψαι

465 585 625 657 sione
660 598 876 668 dignos,
898 605 953 650 et
977 595 1220 649 membra
1261 591 1506 661 quidem,
1558 586 1651 642 sed
1696 592 1931 649 mortua,
2004 583 2060 638 in

2173 582 2264 634 καὶ
2291 583 2666 655 προσριφῆναι
2694 588 2853 658 πυρί.

467 694 670 764 quibus
685 691 818 746 nihil
844 687 1102 743 conducit
1132 696 1392 756 tanquam
1423 682 1703 753 palmitem
1735 679 1980 748 genitum
2003 688 2149 740 esse,
2173 683 2228 728 et
2251 677 2548 746 coaluisse,
2568 695 2693 735 cum
2735 681 2790 736 in
2822 697 2950 738 vera
2967 683 3076 740 vile
3097 698 3209 740 non
3233 684 3525 742 manseris.
3560 683 3753 752 Qualis

465 789 677 861 palmes
707 785 925 841 tandem
966 785 1022 838 in
1063 784 1244 852 ignem
1283 780 1612 835 exteriorem
1653 774 1912 832 mittitur.

579 884 923 952 Quapropter
946 880 1038 948 qui
1067 879 1232 933 vitam
1260 879 1313 931 in
1342 875 1563 930 Christo
1591 875 1877 929 traducere
1907 867 2052 942 apud

471 977 716 1032 animum
742 976 956 1038 statuit,
989 974 1264 1043 sequitur,
1331 980 1444 1025 uta
1476 970 1644 1024 corde
1671 980 1721 1021 et
1753 969 1930 1037 capite
1960 967 2052 1020 illo

470 1077 630 1138 aptus
662 1069 736 1122 sit
774 1077 940 1136 atque
963 1066 1268 1136 dependeat
1295 1081 1306 1116 :
1343 1078 1450 1116 non
1479 1061 1625 1117 enim
1658 1060 1882 1114 aliunde
1911 1059 2054 1114 vivi-

471 1179 614 1218 mus.
657 1161 811 1227 Quod
841 1161 968 1228 quia
1007 1174 1116 1213 non
1149 1166 1406 1228 possunt,
1451 1156 1546 1227 qui
1578 1171 1687 1210 non
1727 1154 1920 1208 eadem
1955 1167 2054 1206 vo-

465 1254 611 1313 lunt,
643 1252 967 1325 [eademque
991 1250 1186 1304 nolttnt
1221 1247 1345 1321 (a)].
1381 1249 1446 1302 ad
1478 1246 1684 1302 Christi
1718 1247 2052 1300 voluntatem

473 1354 700 1401 noostra
744 1345 1018 1406 voluntas,
1039 1349 1278 1407 quantus
1304 1339 1544 1394 hominis
1564 1348 1754 1405 captus
1775 1345 1878 1398 est.
1899 1352 2059 1393 assue

473 1439 730 1493 facienda
763 1445 818 1491 et
841 1437 1146 1492 exercenda
1178 1448 1283 1500 est,
1299 1444 1349 1488 et
1385 1435 1457 1489 ita
1493 1432 1928 1500 instituendaqut
1961 1446 2058 1484 ea-

465 1531 592 1584 dem
615 1537 856 1599 appetat,
886 1529 1193 1596 iisdemque
1218 1528 1476 1597 gaudeat.
1513 1525 1825 1594 Pugnantia
1879 1526 2057 1594 siqui-

466 1626 592 1676 dem
626 1607 777 1675 inter.
801 1637 862 1675 se
896 1621 1166 1675 desideria
1221 1635 1288 1673 ex
1349 1634 1459 1673 uno
1511 1619 1678 1672 corde
1725 1617 1928 1670 exoriri
1962 1632 2055 1670 ne-

2231 867 2330 922 Διὰ
2356 866 2528 920 ταῦτα
2562 866 2657 920 τὸν
2687 866 2744 918 ἐν
2777 865 3004 936 Χριστῷ
3035 867 3136 936 ζῇν
3176 866 3576 940 προῃρημένον
3621 871 3756 923 ακό-

2160 963 2352 1016 λουθον
2408 963 2508 1030 μὲν
2557 962 2658 1030 τῆς
2696 962 2925 1030 καρδίας
2973 961 3198 1029 καὶτῆς
3257 963 3505 1033 κεφαλῆς
3533 965 3757 1034 ἐκείνης

2161 1050 2397 1121 ἐξῆφθαι
2456 1051 2538 1123 (οὐ
2588 1051 2698 1121 γὰρ
2735 1053 3006 1121 ἑτέρωθεν
3055 1053 3190 1121 ἡμῖν
3230 1053 3263 1121 ἡ
3291 1053 3456 1123 ζωὴ),
3503 1054 3664 1108 τοῦτο
3693 1056 3751 1109 δέ

2161 1147 2264 1199 οὐκ
2326 1145 2446 1210 ἐξὸν
2509 1146 2810 1216 δυνηθῆναι
2879 1145 2953 1215 μὴ
3018 1146 3089 1200 τὰ
3147 1147 3290 1199 αὐτὰ
3349 1146 3748 1216 βουλομένους·

2164 1239 2382 1309 ἀνάγκη
2412 1238 2546 1308 πρὸς
2574 1239 2674 1308 τὴν
2705 1239 2799 1292 τοῦ
2827 1240 3070 1309 Χριστοῦ
3098 1239 3321 1310 θέλησιν
3354 1240 3454 1309 τὴν
3492 1239 3751 1310 γνώμην,

2164 1334 2398 1387 καθόσον
2430 1329 2542 1386 οἷόν
2568 1351 2628 1385 τε
2657 1332 2991 1401 ἀνθρώποις,
3023 1334 3268 1402 ἀσκῆσαι
3303 1335 3531 1387 καὶτῶν
3569 1336 3753 1390 αὐτῶν

2163 1426 2460 1495 ἐπιθυμεῖν
2512 1429 2607 1480 καὶ
2662 1429 2775 1489 τοῖς
2829 1428 3018 1489 αὐτοῖς
3064 1426 3261 1496 ἐκείνῳ
3306 1427 3518 1496 χαίρειν
3568 1447 3754 1499 παρα-

2165 1522 2454 1576 σκευάσαι.
2479 1520 2591 1582 Τὰς
2613 1520 2724 1590 γὰρ
2749 1519 3002 1581 ἐναντίας
3030 1519 3330 1589 ἐπιθυμίας
3355 1523 3484 1588 μιᾶς
3505 1522 3756 1592 ἀνίσχειν

2164 1617 2396 1686 καρδίας
2424 1615 2534 1668 τῶν
2586 1616 2910 1684 ἀμηχάνων.
2956 1616 3016 1668 Ὀ
3047 1615 3156 1686 γὰρ
3189 1617 3427 1686 πονηρὸς
3461 1616 3756 1686 ἄνθρωπος

467 1725 701 1782 queunt.
735 1712 907 1768 Malus
939 1714 1085 1767 enim
1125 1713 1314 1776 homo,
1347 1711 1571 1788 inquit,'
1595 1711 1662 1764 de
1690 1725 1858 1779 pravo
1889 1713 2056 1764 corde

2168 1713 2229 1763 ἐκ
2273 1711 2368 1763 τοῦ
2403 1710 2642 1780 πονηροῦ
2692 1709 2972 1780 θησαυροῦ
3012 1709 3113 1779 τῆς
3154 1710 3386 1779 καρδίας
3413 1710 3567 1764 οὐδὲν
3593 1709 3748 1773 ἄλλο,

468 1821 570 1860 suo
590 1820 696 1858 non
719 1804 865 1857 aliud
891 1819 1053 1872 quam
1079 1819 1304 1873 pravum
1326 1801 1573 1872 proferre
1596 1802 1768 1866 novit,
1793 1812 1848 1855 et
1878 1802 2054 1856 bonus

467 1896 746 1951 bonum”.
779 1897 845 1950 Et
869 1895 1334 1966 quemadmodum
1371 1894 1623 1949 ﬁdelibus
1659 1895 1710 1947 in
1735 1892 2052 1956 Pahestina,

468 1999 695 2060 propter
731 1989 1154 2045 consensionem
1189 1990 1533 2042 voluntatum
1576 1998 1720 2051 erat,
1763 2002 1861 2040 cor
1889 2001 2055 2040 unum

467 2091 526 2138 et
555 2083 738 2136 anima
776 2082 932 2136 una”
965 2099 980 2137 ι
1009 2083 1201 2136 eodem
1233 2081 1417 2146 modo,
1449 2081 1493 2136 si
1531 2081 1654 2150 quis
1707 2095 1816 2133 una
1879 2089 2060 2134 mente

469 2184 526 2228 et
553 2173 829 2230 sententia
861 2188 920 2227 se
964 2188 1088 2228 cum
1127 2174 1351 2227 Christo
1389 2188 1500 2226 non
1533 2172 1909 2243 conjunxerit,
1963 2171 2055 2225 sed

469 2267 556 2320 via
597 2266 891 2336 praeceptis
917 2266 1040 2337 ejus
1083 2266 1361 2321 contraria
1406 2265 1720 2326 incesserit,
1770 2280 1864 2318 cor
1892 2280 2054 2318 suum

471 2375 597 2414 cum
629 2375 697 2413 eo
733 2375 839 2414 non
879 2364 1074 2416 eodem
1117 2361 1326 2429 dirigit,
1353 2360 1448 2416 sed
1479 2361 1548 2415 ab
1579 2360 1688 2415 alio
1729 2360 1897 2414 corde
1933 2374 2061 2414 sns-

469 2468 705 2522 pensum
742 2467 867 2509 esse
909 2454 1103 2523 liquet.
1163 2453 1376 2508 Etenim
1408 2468 1438 2508 e
1485 2453 1704 2507 diverso
1756 2456 2058 2508 secundum

470 2563 569 2602 cor
602 2563 762 2603 suum
794 2548 1004 2602 invenit
1028 2546 1219 2608 David,
1247 2546 1400 2617 quia,
1426 2545 1624 2616 Legem
1649 2555 1822 2610 tuam,
1855 2546 2059 2615 inquit,

471 2655 581 2694 non
618 2656 738 2694 sum
766 2639 1043 2694 oblitus“.
1081 2639 1237 2705 Quod
1268 2641 1313 2694 si
1369 2639 1478 2693 vita
1535 2639 1928 2702 destituuntur,
1961 2638 2056 2707 qui

471 2748 504 2786 a
544 2734 710 2787 corde
739 2733 834 2787 illo
858 2747 969 2788 non
1000 2732 1266 2801 pendent,
1303 2739 1356 2786 et
1387 2731 1630 2801 pendere
1661 2747 1773 2784 non
1801 2739 2056 2800 possunt,

472 2825 567 2894 qui
596 2841 706 2879 non
750 2826 945 2880 eadem
1000 2827 1213 2890 volunt,
1262 2835 1323 2880 ut
1372 2825 1557 2880 vivere
1602 2840 1890 2894 queamus,
1947 2840 2060 2894 quo

476 2926 638 2984 pacto
663 2919 852 2973 eadem
886 2934 1008 2988 quae
1031 2919 1290 2974 Christus
1315 2932 1522 2980 amare,
1575 2917 1882 2987 iisdemque
1930 2933 2057 2973 cum

473 3009 596 3079 ipso
637 3010 878 3079 gaudere
899 3013 1199 3080 possimus,
1234 3027 1333 3080 age
1370 3010 1680 3065 videamus.

545 3103 643 3157 Est
667 3102 832 3170 igitur
855 3103 1034 3157 omnis
1064 3104 1293 3156 actionis
1329 3102 1544 3156 initium
1575 3101 1904 3156 desiderium
1945 3103 2060 3157 sive

473 3196 688 3264 petitio,
717 3193 1071 3263 appetitionis
1102 3202 1284 3248 autem
1313 3194 1598 3264 cogitatio.
1627 3194 1810 3260 Quare
1838 3195 2054 3248 eniten-

2167 1803 2334 1870 φησὶ,
2377 1804 2678 1872 προφέρειν
2736 1799 2878 1855 οἶδεν
2926 1801 2959 1872 ἢ
3010 1802 3271 1869 πονηρὸν,
3322 1802 3417 1854 καὶ
3462 1803 3492 1855 6
3544 1803 3755 1869 άγαθδς

2163 1895 2404 1963 ἀγαθόν’
2441 1895 2538 1948 καὶ
2585 1894 2842 1963 καθάπερ
2897 1897 3011 1956 τοῖς
3045 1897 3101 1947 ἐν
3138 1895 3473 1969 Παλαιστίνῃ
3511 1899 3756 1964 πιστοῖς,

2163 1987 2388 2041 ὅτιτῶν
2418 1988 2600 2040 αὐτῶν
2648 1987 2990 2055 ἐπεθύμουν,
3035 2005 3055 2037 ι
3103 1981 3172 2057 ἦν
3219 1989 3253 2055 ἡ
3322 1989 3541 2057 καρδία,
3589 1991 3757 2059 φησὶ,

2161 2079 2308 2148 καὶὴ
2337 2077 2483 2147 ψυχὴ
2518 2080 2637 2149 μία,
2671 2100 2690 2132 ν
2718 2079 2809 2133 τὸν
2841 2079 2956 2133 ἴσον
2979 2080 3207 2151 τρόπον,
3237 2079 3390 2145 εῐτις
3419 2081 3498 2152 τῷ
3525 2084 3756 2154 Χριστῷ

2166 2166 2242 2236 μὴ
2278 2167 2538 2230 κοινωνὸς
2568 2169 2656 2238 εἴη
2696 2172 2798 2236 τῆς
2836 2169 3086 2240 γνώμης,
3121 2171 3238 2225 ἀλλ’
3268 2166 3353 2234 οἷς
3385 2175 3595 2238 ἐκεῖνος
3630 2175 3763 2229 ἐπι-

2161 2261 2352 2314 τάττει
2377 2261 2516 2332 πρὸς
2540 2261 2876 2332 παλινῳδίαν
2907 2263 3119 2332 ἐξάγοι,
3150 2264 3252 2336 τὴν
3282 2267 3480 2320 ἐαυτοῦ
3512 2267 3662 2335 ζωὴν
3688 2271 3757 2323 οὐ

2163 2353 2304 2423 πρὸς
2330 2353 2426 2425 τὴν
2459 2355 2630 2423 αὐτὴν
2669 2356 2866 2426 ἐκείνῳ
2893 2357 3082 2410 τάττει
3125 2359 3380 2427 καρδίαν,
3409 2359 3548 2412 ἀλλὰ
3591 2359 3761 2430 δῆλός

2160 2447 2277 2500 ἐστι
2300 2447 2531 2517 καρδίας
2549 2447 2642 2517 ἐξη
2655 2464 2751 2518 ρτη
2763 2449 2923 2518 μένος
2943 2450 3160 2520 ἐτέρας,
3179 2454 3302 2505 ἐπεὶ
3323 2455 3418 2508 καὶ
3437 2457 3760 2512 τούναντίον

2163 2542 2306 2595 κατὰ
2329 2542 2426 2612 τὴν
2459 2543 2658 2597 ἐαυτοῦ
2691 2544 2921 2613 καρδίαν
2950 2537 3079 2615 εὗρε
3111 2546 3205 2598 τὸν
3233 2545 3416 2608 Δαόὶδ,
3450 2549 3534 2601 ὃτι
3578 2568 3599 2601 ‹
3639 2551 3760 2614 Τὰς

2163 2637 2384 2699 ἐντολάς
2419 2654 2536 2700 σου,
2563 2638 2750 2708 φησὶν,
2779 2639 2883 2692 οὑκ
2913 2638 3313 2709 ἐπελαθόμην.›
3340 2641 3402 2692 Εί
3435 2641 3491 2694 δὲ
3520 2641 3623 2712 ζῇν
3652 2645 3756 2714 μὲν

2163 2730 2264 2784 οὐκ
2291 2731 2407 2784 ἐστι
2443 2729 2518 2802 μὴ
2539 2734 2638 2799 τῆς
2671 2731 2903 2801 καρδίας
2934 2731 3343 2801 ἐξηρτημένους
3367 2734 3606 2805 ἐκείνης,
3624 2736 3757 2804 ἐξη-

2167 2825 2400 2894 ρτῆσθαι
2433 2823 2488 2876 δὲ
2521 2824 2623 2876 οὐκ
2655 2824 2720 2878 ἂν
2761 2825 2847 2894 εἴη
2883 2823 2958 2895 μὴ
2985 2823 3056 2878 τὰ
3087 2825 3226 2878 αὐτὰ
3255 2825 3754 2896 βυυλομένους,ῖνα

2162 2919 2264 2987 ζῇν
2289 2916 2634 2987 δυνηθῶμεν.
2658 2917 2957 2987 σκοπῶμεν
2979 2919 3128 2980 ὅπως
3153 2919 3264 2970 τῶν
3284 2919 3468 2974 αὐτῶν
3498 2922 3630 2992 ἐρᾷν
3672 2921 3753 2992 τῷ

2163 3011 2384 3082 Χριστῷ
2419 3012 2510 3065 καὶ
2547 3012 2662 3075 τοῖς
2691 3012 2874 3076 αὐτοῖς
2907 3012 3102 3084 ἐκείνῳ
3131 3013 3481 3085 δυνησόμεθα
3511 3016 3754 3087 χαίρειν,

2238 3107 2396 3159 Ἔστι
2421 3105 2605 3158 τοίνυν
2639 3106 2896 3175 πράξεως
2929 3106 3030 3175 μὲν
3063 3107 3332 3176 ἐπιθυμία
3360 3109 3542 3179 πάσης
3582 3111 3784 3181 ἀρχὴν

2164 3197 2464 3264 ἐπιθυμίας
2513 3197 2570 3250 δὲ
2618 3198 2920 3266 λογισμός*
2953 3197 3152 3252 οὐκοῦν
3183 3201 3480 3270 πειρατέον
3525 3203 3635 3272 πρό
3687 3220 3754 3269 γε

475 3290 606 3343 dum
662 3287 716 3341 in
759 3286 952 3356 primis
983 3295 1041 3341 ut
1092 3287 1315 3341 oculum
1361 3287 1558 3341 animas
1608 3302 1638 3340 a
1688 3288 1844 3341 vanis
1893 3288 2056 3341 rebus

2168 3291 2409 3353 πάντων,
2463 3290 2574 3342 τῶν
2640 3291 2890 3360 ματαίων
2950 3291 3190 3360 ἀπάγειν
3256 3292 3348 3345 τὸν
3408 3294 3510 3362 τῆς
3574 3271 3753 3365 ψυχῆς

476 3377 842 3440 abducamus,
892 3385 948 3432 et
1003 3378 1164 3433 bonis
1213 3379 1646 3450 cogitationibus
1695 3395 1792 3432 cor
1843 3393 2061 3447 semper

475 3468 698 3538 plenum
737 3469 1060 3536 habeamus,
1097 3479 1152 3524 ut
1193 3486 1262 3524 ne
1329 3471 1624 3540 aliquando
1659 3478 1928 3534 ‘t'acuum,
1961 3471 2063 3523 im-

475 3561 772 3629 probarum
815 3562 1204 3632 cogitationum
1255 3563 1413 3617 sedes
1446 3576 1510 3616 ac
1570 3562 1908 3617 domicilium
1946 3561 2059 3615 ﬁat.

471 3651 607 3708 Cum
639 3652 749 3708 sint
786 3670 950 3724 porro
983 3657 1174 3720 multa,
1220 3657 1421 3725 quibus
1453 3657 1782 3711 meditandis
1819 3657 2059 3711 animam

473 3745 758 3814 occupari,
795 3755 851 3800 et
887 3757 1124 3801 mentem
1161 3761 1287 3802 cum
1345 3747 1625 3816 voluptate
1671 3747 1916 3802 studium
1951 3747 2057 3800 im-

473 3841 713 3906 pendere
745 3847 1180 3893 consentaneum
1205 3847 1310 3904 est,
1355 3842 1605 3893 omnium
1637 3849 1691 3892 et
1719 3839 1786 3894 ad
1832 3841 2060 3908 loquen-

471 3929 629 3996 dum,
659 3940 715 3984 et
748 3931 815 3986 ad
849 3931 1198 4001 cogitandum
1244 3933 1388 3986 ratio
1436 3933 1822 4002 mysteriorum
1855 3933 2062 4001 jucun-

471 4020 702 4076 dissima
738 4029 793 4076 et
829 4019 1277 4078 iructuosissima
1309 4023 1546 4085 videtur,
1588 4025 1827 4092 indeque
1854 4026 2061 4079 divitiae

473 4122 679 4166 nostra:
743 4121 1062 4168 manarunt.
1119 4111 1442 4181 Cogitemus
1506 4128 1638 4182 ergo
1690 4114 1822 4168 licet
1870 4117 2060 4183 quales

472 4216 697 4256 eramus
728 4213 1023 4272 antequam
1051 4204 1418 4266 initiarenmr,
1459 4208 1650 4274 quales
1697 4218 1822 4276 post
1868 4210 2058 4262 initia-

474 4294 684 4347 tionem
721 4293 850 4349 facti
889 4297 1087 4361 simus,
1118 4307 1173 4351 et
1201 4300 1385 4368 qualis
1415 4299 1581 4353 fuerit
1610 4301 1764 4370 prius
1795 4304 2057 4368 servitus,

474 4386 655 4453 qualis
693 4403 800 4457 qua
829 4405 976 4444 nunc
1006 4394 1245 4459 potimur
1277 4393 1502 4448 libertas
1535 4405 1590 4449 et
1620 4411 1868 4465 regnum,
1889 4413 2062 4466 quatr-

474 4486 640 4548 taque
661 4482 820 4536 nobis
841 4483 980 4537 bona
1005 4483 1120 4554 jam
1145 4488 1407 4552 praestita,
1439 4498 1644 4557 quanta
1667 4491 1776 4544 sint
1799 4491 2058 4560 reposita.

2163 3381 2466 3451 ὀφθαλμὸν,
2495 3383 2715 3438 ἐννοιῶν
2739 3382 2963 3451 ἀγαθῶν
2996 3383 3202 3454 μεστὴν
3233 3384 3458 3454 ἔχοντας
3489 3386 3751 3441 ἑκάστοτε

2162 3477 2263 3546 τὴν
2314 3477 2568 3546 καρδίαν,
2625 3475 2768 3529 ὥστε
2823 3477 3076 3548 μηδαμοῦ
3124 3481 3292 3550 κενὴν
3341 3475 3513 3534 οὖσαν
3566 3481 3754 3551 χώραν

2163 3563 2304 3621 εἶναι
2355 3569 2475 3630 ταῖς
2527 3569 2816 3638 πονηραῖς.
2851 3567 3073 3622 Πολλῶν
3110 3568 3168 3622 δὲ
3211 3569 3405 3634 ὅντων,
3435 3570 3473 3624 ἃ
3521 3571 3752 3641 μελέτης

2165 3660 2299 3730 ὕλην
2331 3663 2426 3714 καὶ
2445 3660 2626 3731 ψυχῆς
2655 3660 2819 3731 ἐργον
2845 3663 2946 3715 καὶ
2976 3661 3070 3714 νοῦ
3099 3661 3308 3732 τρυφὴν
3335 3664 3431 3717 καὶ
3463 3665 3754 3737 διατριϐὴν

2165 3755 2440 3808 ποιεῖσθαι
2469 3755 2740 3824 προσῆκε,
2786 3755 2848 3808 τὸ
2890 3755 3107 3809 πάντων
3152 3757 3370 3827 ἥδιστον
3411 3759 3506 3811 καὶ
3539 3759 3757 3814 λυσιτε-

2163 3845 2424 3899 λέστατον
2488 3846 2584 3899 καὶ
2646 3846 2990 3915 φθέγξασθαι
3060 3849 3156 3900 καὶ
3217 3848 3562 3916 λογίσασθαι,
3640 3853 3754 3905 τῶν

2169 3940 2489 4010 μυστηρίων
2514 3943 2541 3992 ὁ
2563 3939 2722 4007 λόγος
2743 3941 2838 3993 καὶ
2866 3941 2926 3994 ὃν
2953 3941 3200 3994 ἐνθένδεν
3227 3942 3462 4013 ἔσχομεν
3493 3942 3748 3998 πλοῦτον.

2164 4029 2276 4082 Καὶ
2309 4029 2454 4090 τίνες
2493 4029 2592 4098 μὲν
2619 4025 2763 4100 ἦμεν
2791 4032 2925 4099 πρὶν
2961 4030 3297 4098 μεμυῆσθαι,
3329 4032 3474 4096 τίνες
3506 4033 3561 4085 δέ
3592 4034 3755 4088 καθέ-

2166 4138 2372 4190 σταμεν
2406 4121 2731 4191 μυηθέντες,
2781 4123 2878 4175 καὶ
2923 4123 3008 4185 τίς
3039 4124 3140 4193 μὲν
3172 4126 3203 4194 ἡ
3234 4125 3478 4195 προτέρα
3512 4125 3749 4196 δουλεία,

2161 4215 2246 4275 τίς
2287 4212 2405 4282 δέή
2450 4212 2544 4266 νῦν
2575 4212 2864 4284 ἐλευθερία
2896 4215 2993 4268 κα)⁸
3039 4215 3309 4286 βασιλεία,
3341 4217 3437 4270 καὶ
3485 4218 3608 4271 τίνα
3653 4219 3751 4288 μὲν

2163 4309 2296 4377 ἡμῖν
2321 4307 2420 4377 ἤδη
2444 4306 2555 4359 τῶν
2578 4306 2803 4374 ἀγαθῶν
2831 4309 3172 4380 παρεσχέθη,
3198 4309 3322 4362 τίνα
3345 4311 3402 4362 δὲ
3433 4311 3751 4377 ἀπόκειται,

2164 4403 2262 4455 καὶ
2305 4401 2411 4471 πρὸ
2459 4417 2523 4468 γε
2571 4401 2800 4466 τούτων,
2856 4402 2943 4464 τίς
2989 4402 3122 4470 ἡμῖν
3163 4401 3422 4454 ἁπάντων
3463 4404 3675 4457 τούτων
3723 4405 3753 4457 ὁ

2166 4492 2404 4563 χορηγὸς
2433 4496 2529 4548 καὶ⁴
2559 4488 2671 4545 οἷον
2700 4494 2799 4564 μὲν
2830 4493 2979 4561 αὐτῷ
3009 4494 3071 4545 τὸ
3103 4493 3320 4556 κάλλος,
3347 4495 3537 4557 ὁποῖος
3567 4495 3625 4547 δέ
3653 4495 3753 4565 τὴν

475 4571 544 4626 Et
571 4581 697 4628 ante
725 4574 841 4630 haec
878 4577 1087 4642 omnia,
1127 4579 1252 4648 quis
1281 4581 1442 4635 nobis
1473 4593 1674 4638 cuncta
1726 4585 1918 4639 isthaee
1946 4586 2056 4640 lar-

2168 4587 2513 4656 χρηστότητα
2559 4587 2658 4640 καὶ
2699 4587 2848 4648 ὅπως
2883 4587 3110 4656 ἐφίλησε
3147 4585 3207 4638 τὸ
3243 4587 3399 4654 γένος
3429 4590 3525 4640 καὶ
3562 4589 3752 4657 ἡλίκος

475 4674 676 4742 giatur,
703 4685 907 4742 quanta
931 4676 1051 4744 ejus
1085 4678 1455 4746 pulchritudo,
1489 4695 1650 4749 quam
1681 4682 1880 4748 bonus,
1915 4699 2056 4753 quo-

483 4772 646 4820 modo
711 4783 883 4838 genus
944 4769 1246 4824 humanum
1317 4772 1594 4838 dilexerit,
1643 4790 1809 4842 quam
1865 4777 2056 4845 ingens

475 4860 774 4912 etiamnum
804 4860 952 4916 illius
976 4878 1102 4934 erga
1125 4880 1225 4919 nos
1249 4881 1423 4919 amor.
1451 4865 1585 4920 Nam
1610 4869 1656 4921 si
1683 4868 1798 4922 haec
1821 4880 2056 4924 tuentem

475 4953 995 5021 prmoccupaverint,
1017 4958 1365 5027 animamque
1383 4959 1742 5024 obtinuerint,
1769 4977 1875 5015 non
1900 4962 2059 5018 facile

474 5042 738 5113 cogitatio
764 5043 1024 5100 aliorsum
1057 5049 1334 5116 respiciet,
1372 5065 1474 5104 nec
1509 5052 1849 5106 desiderium
1881 5069 1909 5107 a
1941 5062 2052 5110 tam

476 5134 640 5189 bonis
685 5144 907 5206 tamque
932 5139 1347 5221 delectabililms
1385 5145 1548 5198 rcbus
1582 5145 1689 5200 alio
1734 5147 2051 5206 transferet.

475 5224 750 5281 Beneﬁcia
794 5231 940 5283 enim
1012 5231 1104 5286 Dei
1157 5234 1510 5288 multitudine
1574 5244 1629 5288 ct
1675 5239 2055 5306 magnitudine

2164 4680 2193 4732 6
2221 4679 2394 4748 ἐρωςί
2428 4680 2647 4732 Τούτων
2679 4679 2788 4749 γὰρ
2823 4679 2924 4748 τὴν
2956 4679 3197 4732 διάνοιαν
3226 4680 3752 4750 προκατειληφότων

2163 4775 2259 4826 καὶ
2302 4775 2402 4842 τὴν
2448 4772 2630 4843 ψυχὴν
2681 4770 3095 4842 κατασχόντων,
3145 4774 3206 4824 οὐ
3262 4774 3443 4844 ῥᾴδιον
3490 4773 3580 4828 ἐπ’
3621 4756 3784 4830 ἄλλο¹

2166 4864 2358 4936 βλέψαι
2391 4865 2484 4917 τὸν
2521 4864 2780 4934 λογισμὸν
2803 4867 2901 4919 καὶ
2926 4864 3025 4933 τὴν
3057 4864 3358 4932 ἐπιθυμίαν
3399 4870 3750 4934 μετενεγκεῖν

2163 4957 2422 5027 ἑτέρωσε,
2438 4957 2583 5010 οὕτω
2612 4957 2710 5027 μὲν
2730 4956 2914 5011 καλῶν
2937 4957 3135 5022 ὄντων,
3160 4956 3306 5011 οὕτω
3323 4959 3380 5011 δέ
3400 4960 3712 5027 ἐπαγωγῶν
3729 4976 3746 4993 ·

2163 5049 2222 5101 αἵ
2248 5065 2310 5101 τε
2341 5047 2450 5118 γὰρ
2477 5045 2794 5116 εὐεργεσίαι
2829 5046 3028 5118 πλήθει
3053 5049 3150 5101 καὶ
3187 5048 3410 5118 μεγέθει
3441 5049 3656 5114 νικῶσι,
3688 5051 3749 5104 τό

2162 5160 2223 5195 τε
2281 5142 2526 5213 φίλτρον,
2577 5141 2702 5195 ὅθεν
2751 5141 2847 5194 ἐπὶ
2899 5140 3106 5206 ταύτας
3165 5141 3442 5213 προήχθη,
3493 5141 3747 5216 μεῖξονῆ

2163 5239 2313 5306 λογισ
2325 5237 2446 5307 μοῖς
2471 5235 2568 5289 ἀνθ
2577 5234 2778 5304 ρώπων
2797 5235 3115 5289 ὑποπεσεῖν.

474 5325 788 5391 excellunt;
822 5336 876 5382 et
908 5344 1062 5384 amor
1128 5347 1239 5400 quo
1278 5331 1347 5386 ad
1415 5333 1532 5386 haec
1581 5333 1872 5391 tribuenda
1930 5348 2014 5393 est
2078 5339 2373 5409 impulsus,
2433 5336 2736 5389 humanum
2784 5343 3007 5404 captum
3055 5333 3372 5405 prmslanlia
3419 5349 3516 5391 su!
3589 5336 3753 5407 longe

475 5419 662 5472 vincit.

552 5512 705 5565 Sicut
737 5513 880 5567 enim
916 5529 1072 5568 amor
1107 5515 1406 5583 humanus,
1439 5518 1484 5574 si
1529 5523 1751 5576 modum
1798 5526 2051 5591 excedat,

475 5610 529 5658 et
567 5604 736 5673 major
763 5603 833 5658 sit
860 5620 1024 5674 quam
1055 5615 1114 5660 ut
1157 5608 1426 5677 capiatur,
1477 5622 1724 5669 amantes
1784 5614 1852 5669 de
1906 5627 2050 5671 statu

2235 5523 2506 5593 Καθάπερ
2525 5522 2632 5591 γὰρ
2649 5521 2763 5575 τῶν
2783 5518 3090 5590 ἀνθρώπων
3107 5518 3233 5580 τοὺς
3249 5519 3490 5588 ἐρῶντας
3507 5518 3752 5590 ἐξίστησι

2163 5617 2224 5670 τὸ
2274 5617 2522 5686 φίλτρον,
2553 5615 2700 5688 ,ὅταν
2734 5611 3058 5685 ὑπερϐάλλῃ
3090 5611 3188 5665 καὶ
3216 5614 3474 5684 κρεῖσσον
3521 5612 3750 5684 γένηται

551 5761 596 5794 ⁸⁸
636 5762 847 5834 Luc.vt,
883 5766 975 5822 45.
1051 5769 1096 5802 ³⁸
1129 5771 1254 5826 Act.
1279 5789 1353 5840 tv,
1378 5774 1466 5831 '59..
1545 5778 1590 5811 δ’
1615 5777 1760 5834 Psai.
1793 5792 1983 5849 cxvm,
2012 5779 2075 5836 i6
2103 5790 2159 5838 et
2199 5780 2352 5838 alibi.

540 5877 610 5940 (ιι)
644 5879 834 5931 Inclusa
855 5881 1036 5935 desunt
1060 5885 1108 5935 in
1135 5886 1324 5940 Graeco.
