4036 6490
375 430 486 495 645

1460 435 1556 494 DE
1591 435 1766 496 VlTA
1809 435 1889 494 IN
1933 433 2274 497 CHRISTO
2303 439 2450 505 LIB.
2488 441 2588 504 VI.

3517 449 3626 514 646

374 547 486 602 τῶν
513 546 848 616 δεξαμένων,
870 547 960 602 τὸν
989 548 1105 601 ῖσον
1127 549 1334 620 τρόπον
1361 551 1388 602 ὁ
1414 551 1543 620 περὶ
1572 553 1699 614 τοὺς
1731 550 1944 621 ἀνθρώ·

2057 558 2257 610 mentis
2285 557 2473 624 dejicit
2514 559 2629 614 :ita
2666 573 2818 614 amor
2847 573 2976 630 erga
3009 559 3265 614 homines
3303 559 3470 614 Deum
3517 564 3625 616 exi°

375 655 511 701 πους
539 637 678 706 ἔρως
699 637 789 690 τὸν
815 637 948 690 Θεὸν
977 638 1270 693 ἐκένωσεν.
1309 639 1382 693 Ού
1427 639 1537 710 γὰρ
1575 641 1718 694 κατὰ
1761 641 1949 710 χώραν

377 732 562 800 μένων
607 731 762 782 καλεῖ
810 729 944 798 πρὸς
994 731 1184 784 ἐαυτὸν
1224 731 1282 785 ὃν
1321 731 1546 802 ἐφίλησε
1588 733 1794 798 δοῦλον,
1831 733 1948 785 ἀλλ’

375 823 540 884 αὐτὸς
601 821 758 890 ζητεῖ
802 820 1105 888 κατελθὼν,
1138 823 1234 876 καὶ
1287 823 1423 892 πρὸς
1467 824 1568 891 τὴν
1619 824 1950 892 καταγωγὴν

380 914 693 980 ἀφικνεῖται
727 911 821 965 τοῦ
855 912 1088 980 πένητος
1119 914 1147 967 ὁ
1180 914 1450 978 πλουτῶν,
1487 914 1583 969 καὶ
1632 916 1950 986 προσελθὼν

379 1003 441 1056 δι’
472 1003 668 1058 ἐαυτοῦ
720 1004 914 1076 μηνύει
945 1005 1039 1058 τὸν
1077 1005 1264 1073 πόθον,
1291 1007 1383 1060 καὶ
1417 1007 1572 1076 ζητεῖ
1601 1009 1662 1060 τὸ
1697 1007 1811 1061 ἴσον
1854 1010 1949 1062 καὶ

378 1095 736 1159 ἀπαξιοῦντος
790 1097 888 1150 οὐκ
945 1097 1264 1166 ἀφίσταται.
1293 1101 1387 1153 καὶ
1415 1099 1550 1168 πρὸς
1571 1099 1670 1170 τὴν
1701 1099 1857 1167 ὓϐριν
1887 1100 1948 1152 ού

377 1187 741 1256 δυσχεραίνει,
765 1189 860 1240 καὶ
879 1187 1209 1258 διωκόμενος
1231 1191 1582 1261 προσεδρεύει
1597 1195 1715 1252 ταῖς
1736 1193 1948 1264 θύραις,

377 1278 472 1332 καὶ
488 1279 578 1333 ῖνα
592 1279 682 1332 τὸν
703 1280 912 1350 ἐρῶντα
932 1282 1080 1353 δείξῃ
1105 1284 1284 1337 πάντα
1301 1287 1466 1351 ποιεῖ,
1491 1288 1584 1339 καὶ
1607 1286 1949 1357 ὀδυνώμενος

377 1371 533 1440 φέρει
575 1373 671 1426 καὶ
711 1375 1069 1443 ἀποθνήσκει.
1122 1377 1277 1432 Ἐπεὶ
1319 1379 1428 1449 γὰρ
1479 1379 1625 1433 δυοῖν
1667 1380 1857 1445 ὄντων,
1913 1380 1950 1435 ἃ

373 1463 532 1528 δῆλον
562 1465 852 1535 καθίστησι
882 1468 977 1520 καὶ
1005 1467 1332 1539 θριαμϐεύει
1354 1471 1445 1523 τὸν
1469 1473 1730 1542 ἐραστὴν,
1759 1472 1855 1526 τοῦ
1888 1491 1947 1526 τε

374 1557 546 1610 πᾶσιν
599 1554 681 1621 οῖς
715 1557 926 1623 ἔξεστιν
967 1557 1026 1614 εὖ
1069 1565 1244 1616 ποιεῖν
1284 1563 1377 1616 τὸν
1416 1565 1712 1636 ἐρώμενον,
1754 1565 1848 1619 τοῦ
1888 1583 1949 1620 τε

373 1648 526 1701 δεινά
552 1649 784 1720 πάσχειν
829 1653 1104 1723 αἱρεῖσθαι
1157 1657 1288 1726 περὶ
1321 1657 1488 1711 αὐτοῦ
1524 1659 1620 1710 καὶ
1659 1659 1949 1712 ὀδυνᾶσθαι

374 1741 597 1820 δεῆσαν,
627 1745 824 1813 δεῖγμα
851 1751 948 1813 μὲν
975 1747 1158 1816 φιλίας
1185 1748 1280 1802 τοῦ
1305 1751 1575 1820 προτέρου
1606 1752 1666 1804 τδ
1692 1752 1950 1823 δεύτερον

372 1834 571 1901 γένοιτ’
613 1835 681 1889 ἂν
714 1836 894 1906 πολλῷ
938 1856 1047 1892 τινι
1082 1841 1286 1909 μεῖζον,
1335 1843 1414 1913 τῷ
1447 1843 1568 1913 Θεῷ
1599 1845 1656 1898 δὲ
1689 1845 1790 1900 οὐκ
1822 1847 1949 1914 ἐξῆν

372 1929 576 1982 ἀπαθεῖ
610 1921 851 1984 πάντων’
873 1930 986 1984 ὄντι
1016 1935 1230 2000 κακῶν,
1264 1935 1402 1989 ἀλλὰ
1453 1937 1841 2010 φιλάνθρωπος
1870 1938 1944 1993 ὢν

371 2017 680 2088 εὐεργετεῖν
699 2019 799 2089 μὲν
819 2016 933 2091 εἶχε
956 2022 1048 2076 τὸν
1070 2024 1384 2095 ἄνθρωπον,
1410 2028 1699 2098 ἀνέχεσθαι
1725 2030 1782 2083 δὲ
1804 2030 1946 2102 ὑπὲρ

370 2108 537 2163 αὑτοῦ
563 2109 938 2181 πληττόμενος
985 2115 1097 2168 οὐδ’
1129 2117 1319 2184 ἐγγὺς,
1355 2120 1451 2172 καὶ
1495 2120 1556 2173 τὺ
1590 2122 1688 2190 μὲν
1718 2122 1944 2192 φίλτρον

371 2201 650 2271 ὑπερφυὲς
697 2197 788 2272 ἦν,
829 2205 890 2259 τδ
941 2205 998 2259 δὲ
1044 2211 1291 2276 σημεῖον,
1341 2203 1385 2279 ᾧ
1424 2211 1584 2282 δῆλον
1624 2212 1692 2266 ἂν
1737 2209 1827 2285 ἦν,
1883 2215 1944 2269 οὐ

369 2295 602 2364 προσῆν,
637 2293 744 2348 ἔδει
776 2295 834 2349 δὲ
870 2297 944 2368 μὴ
997 2297 1285 2354 λανθάνειν
1331 2305 1538 2376 σφόδρα
1573 2287 1768 2374 φιλῶν,
1809 2309 1946 2362 ἀλλὰ

367 2384 469 2454 τῆς
499 2385 765 2458 μεγίστης
793 2389 1018 2458 ἀγάπης
1051 2391 1238 2447 δοῦναι
1264 2398 1463 2466 πεῖραν
1495 2399 1629 2467 ἡμῖν
1652 2400 1748 2454 καὶ
1772 2402 1944 2467 δεῖξαι

366 2477 460 2530 τὸν
494 2476 722 2549 ἔσχατον
762 2479 905 2551 ἐρῶν
951 2482 1130 2552 ἔρωτα
1157 2502 1172 2517 ο
1219 2489 1428 2558 ταύτην
1480 2493 1795 2562 μηχανᾶται
1847 2496 1944 2564 τὴν

365 2571 598 2624 κένωσιν
619 2572 714 2625 καὶ
740 2577 1212 2645 πραγματεύεται,
1243 2581 1338 2633 καὶ
1369 2585 1515 2636 ποιεῖ
1542 2585 1610 2637 δι’
1640 2581 1714 2639 ὧν
1734 2582 1846 2650 οἷός
1883 2607 1942 2642 τε

368 2662 566 2729 γένοιτ’
601 2664 668 2718 ἂν
697 2665 848 2720 δεινά
887 2669 1085 2723 παθεῖν
1114 2674 1210 2725 καὶ
1239 2674 1588 2745 όδυνηθῆναι,
1632 2680 1728 2732 καὶ
1771 2680 1944 2746 οὕτως

366 2749 451 2818 οἷς
475 2756 734 2827 ἀνέσχετο
753 2760 969 2828 πείσας,
998 2763 1074 2826 ὡς
1096 2764 1204 2834 ἄρα
1227 2767 1373 2834 φιλεῖ
1395 2768 1783 2840 διαφερόντως,
1809 2775 1946 2845 πρὸς

369 2845 560 2901 εαυτὸν
607 2851 926 2920 ἐπιστρέψει
959 2853 1051 2907 τὸν
1089 2856 1170 2909 ὅτι
1219 2856 1482 2914 πέπειστο
1518 2862 1799 2930 μισεῖσθαι
1845 2883 1947 2936 φυ-

365 2940 539 3009 γόντα
569 2943 662 2997 τὸν
692 2943 931 3013 ἀγαθόν.

1980 1887 2022 1943 Β

2049 647 2342 702 nauivit“.
2379 650 2534 704 llaud
2565 651 2710 704 enim
2742 652 2794 705 in
2832 652 2956 706 loco
2991 668 3093 706 suo
3127 667 3381 716 manens,
3406 668 3624 708 servum

2053 754 2214 807 quem
2245 740 2506 810 diligebat
2534 742 2604 796 ad
2656 758 2715 797 se
2769 743 3075 805 vocavit",
3131 744 3226 799 sed
3262 743 3490 813 ipsemet
3536 745 3616 798 de-

2054 827 2326 882 scendens
2346 832 2619 898 quaesivit,
2648 841 2702 885 et
2745 833 3038 902 (spulentus
3065 833 3130 887 ad
3164 836 3419 903 pauperis
3450 835 3602 889 diver

2053 916 2262 970 sorium
2296 917 2539 983 devenit,
2574 923 2826 986 accessit,
2863 937 3102 976 amorem
3133 939 3289 978 suum
3331 939 3425 992 per
3452 933 3629 978 semet

2053 1005 2334 1075 iudicavit,
2375 1018 2429 1065 et
2454 1013 2726 1066 redamari
2763 1015 3102 1083 concupivit,
3170 1024 3627 1084 contemptusque

2053 1112 2160 1151 non
2187 1102 2432 1167 recessit,
2462 1111 2516 1157 et
2546 1106 2611 1157 ad
2644 1106 3028 1159 contumeliam
3053 1120 3162 1160 non
3184 1115 3266 1160 est
3288 1105 3624 1174 indignatus,

2063 1199 2118 1244 et
2145 1192 2416 1260 repulsam
2441 1208 2655 1262 passus,
2684 1195 2893 1249 foribus
2917 1196 3140 1259 assedit,
3171 1205 3224 1250 et
3249 1211 3358 1265 quo
3381 1211 3625 1253 amorem

2054 1293 2214 1332 suum
2257 1280 2684 1348 demonstraret,
2722 1283 2857 1336 nihil
2892 1300 3002 1339 non
3048 1286 3184 1355 egit,
3217 1287 3628 1345 cruc'mnenta-

2053 1387 2159 1440 que
2195 1373 2438 1438 pertulit,
2471 1382 2524 1428 et
2562 1385 2790 1429 mortem
2821 1378 3060 1446 denique
3089 1378 3284 1435 obivit.
3311 1382 3446 1436 Cum
3476 1384 3624 1438 enim

2051 1463 2160 1518 duo
2189 1465 2320 1530 siut,
2373 1481 2495 1533 quae
2546 1478 2816 1522 amentem
2858 1471 3115 1538 produnt,
3171 1481 3225 1526 et
3271 1474 3336 1526 de
3379 1489 3444 1528 eo
3488 1489 3629 1542 quo-

2052 1557 2343 1611 dammodo
2372 1559 2729 1628 triumphant,
2770 1563 3026 1618 omnibus
3057 1564 3240 1630 rebus,
3271 1566 3468 1634 quibus
3501 1567 3629 1622 licet

2051 1647 2374 1704 benefacere
2426 1661 2626 1718 amato,
2672 1662 2727 1707 et
2777 1655 2984 1709 atrocia
3021 1655 3142 1725 ejus
3188 1673 3352 1712 causa
3393 1660 3624 1729 perpeti,

2051 1741 2376 1816 doloresque
2392 1744 2664 1812 excipere,
2696 1747 2742 1800 si
2770 1761 2856 1801 res
2885 1747 3145 1815 postulet,
3171 1750 3446 1819 posterius
3467 1753 3628 1822 longe

2053 1834 2232 1904 majus
2273 1834 2529 1888 amicitiae
2578 1835 2846 1890 indicium
2897 1846 3004 1903 est,
3053 1854 3218 1909 quam
3282 1841 3454 1909 prius.
3515 1842 3626 1897 Deo

2051 1933 2232 1978 autem
2283 1925 2353 1979 ab
2401 1928 2646 1981 omnium
2703 1928 2972 1984 malorum
3023 1945 3188 1986 sensu
3241 1941 3453 1986 τθιηοιο
3501 1949 3624 1988 cum

2050 2016 2160 2084 pati
2191 2030 2297 2070 non
2341 2016 2551 2082 liceret,
2585 2029 2777 2088 posset
2825 2036 2956 2076 vero
2984 2031 3042 2076 ut
3085 2023 3359 2079 humanus
3415 2026 3626 2080 homini

2048 2108 2396 2174 benefacere,
2431 2111 2706 2167 sustinere
2728 2127 2826 2180 pro
2849 2128 2914 2170 eo
2955 2115 3204 2182 verbera,
3231 2117 3468 2173 tolerare
3495 2133 3624 2173 cru-

2047 2201 2226 2257 ciatus
2267 2219 2638 2274 nequaquam,
2666 2214 2722 2259 et
2756 2206 3002 2263 charitas
3042 2217 3193 2263 esset
3245 2209 3479 2275 infinita,
3524 2227 3625 2266 nec

2048 2291 2266 2360 signum
2297 2293 2364 2347 ad
2391 2308 2510 2347 eam
2538 2295 2924 2349 declarandam
2955 2306 3266 2365 suppeteret
3290 2313 3401 2352 nec
3441 2307 3621 2353 tamen

2048 2385 2289 2455 ignorari
2321 2396 2620 2455 oporteret,
2656 2402 2822 2456 quam
2858 2388 3212 2443 vehementer
3239 2399 3470 2456 amaret,
3527 2391 3624 2444 sed

2047 2492 2274 2532 summae
2290 2478 2574 2532 charitatis
2600 2479 2982 2533 documentum
3015 2480 3171 2535 nobis
3198 2481 3434 2535 dandum
3454 2493 3622 2545 esset,

2045 2581 2100 2624 et
2133 2585 2422 2636 supremus
2470 2585 2622 2623 amor
2661 2570 3078 2625 ostendendus:
3116 2572 3490 2642 hujuscemodi
3528 2588 3625 2626 ex-

2048 2661 2411 2716 inanitionem
2454 2663 2823 2728 machinatur,
2861 2670 2915 2716 et
2939 2662 3186 2730 molitur,
3218 2673 3272 2716 et
3304 2662 3492 2729 eiiicit,
3526 2679 3624 2732 per

2047 2770 2168 2823 quae
2199 2755 2317 2808 dira
2347 2755 2481 2824 pati,
2518 2763 2572 2809 et
2602 2754 2825 2809 dolores
2859 2754 3060 2808 sentire
3091 2762 3278 2822 posset
3324 2793 3340 2818 ,
3371 2763 3425 2808 et
3454 2755 3524 2809 ita
3551 2771 3621 2810 ex

2048 2848 2114 2902 iis
2136 2863 2257 2916 quae
2293 2847 2652 2902 sustinuisset
2682 2847 2944 2900 eximium
2978 2861 3222 2900 amorem
3269 2861 3430 2902 suum
3456 2856 3623 2902 testa-

2047 2949 2161 2994 tum
2205 2940 2457 3004 reddens,
2508 2938 2576 2992 ad
2637 2953 2696 2992 se
2738 2945 3020 2992 convertet
3077 2951 3200 2992 eum
3249 2937 3344 3007 qui
3379 2939 3524 3006 quod
3565 2953 3625 2992 se

2048 3033 2175 3088 odio
2223 3031 2414 3087 haberi
2465 3030 2795 3093 crediderat,
2858 3030 3066 3084 bonum
3124 3029 3278 3084 illum
3333 3030 3623 3085 Dominum

2049 3125 2315 3195 fugiebat.

437 3211 512 3265 Τὸ
544 3212 602 3267 δὲ
625 3213 846 3268 πάντων
868 3216 1208 3286 καινότατον,
1231 3220 1293 3273 οὐ
1316 3221 1423 3293 γὰρ
1448 3223 1649 3294 ἤνεγκε
1681 3227 1843 3295 μόνον
1873 3229 1944 3284 τά

2127 3215 2283 3282 Quod
2316 3223 2500 3269 autem
2531 3214 2774 3268 omnium
2831 3213 3069 3268 maxime
3109 3227 3309 3268 novum
3359 3223 3464 3280 est,
3512 3227 3623 3268 non

364 3305 648 3361 δεινότατα
668 3307 896 3378 πάσχων
920 3311 1012 3364 καὶ
1036 3312 1128 3365 ἐπὶ
1150 3315 1269 3375 ταῖς
1289 3315 1530 3384 πληγαῖς
1562 3319 1944 3388 ἀποθνήσκων,

364 3397 503 3450 ἀλλά
520 3397 610 3452 καὶ
628 3399 882 3464 ἀναϐιοὺς
899 3402 991 3455 καὶ
1005 3402 1105 3467 τῆς
1126 3404 1334 3475 φθορᾶς
1353 3408 1664 3478 ἀναστήσας
1683 3410 1743 3463 τὸ
1763 3413 1942 3481 σῶμα,

363 3490 474 3543 τῶν
507 3490 731 3560 πληγῶν
777 3491 859 3545 ἔτι
889 3497 1200 3566 περιέχεται
1225 3497 1456 3566 τούτων,
1513 3502 1608 3556 καὶ
1646 3504 1743 3565 τὰς
1786 3507 1947 3570 οὐλὰς

362 3581 461 3636 ἐπὶ
483 3583 578 3637 τοῦ
606 3587 857 3653 σώματος
881 3586 1058 3656 φέρει,
1083 3588 1313 3651 καὶτοῖς
1335 3589 1634 3661 ὀφθαλμοῖς
1658 3594 1766 3650 τῶν
1781 3597 1947 3664 ἀγγέ-

365 3672 475 3728 λων
514 3675 652 3744 μετά
686 3675 890 3728 τούτων
924 3677 1198 3744 φαίνεται,
1237 3680 1335 3732 καὶ
1365 3682 1426 3733 τὸ
1460 3684 1694 3752 πρᾶγμα
1742 3684 1944 3756 κόσμον

377 3765 610 3832 ἡγεῖται,
649 3765 743 3820 καὶ
774 3767 953 3838 χαίρει
989 3767 1205 3832 δεικνὺς
1235 3769 1315 3822 ὅτι
1350 3770 1500 3824 δεινά
1545 3773 1804 3840 πέπονθε,
1849 3776 1944 3830 καὶ

367 3850 534 3904 τᾶλλα
569 3855 669 3922 μὲν
697 3855 920 3926 ἔρριψεν
943 3857 1043 3909 ὅσα
1063 3856 1157 3909 τοῦ
1186 3858 1458 3927 σώματος,
1491 3863 1586 3914 καί
1626 3865 1773 3918 ἐστιν
1795 3865 1944 3937 αὐτῷ

363 3941 429 3995 τὺ
457 3943 618 4013 σῶμα
651 3949 1042 4014 πνευματικὸν,
1076 3951 1171 4004 καὶ
1201 3950 1324 4004 οὔτε
1356 3952 1560 4023 βάρους
1585 3955 1708 4008 οὗτε
1735 3959 1944 4030 πάχους

366 4031 480 4086 οὔτ’
507 4035 667 4089 ἄλλου
703 4037 912 4101 πάθους
937 4039 1086 4111 αύτῷ
1113 4041 1223 4096 τῶν
1260 4047 1594 4112 σωματικῶν
1623 4047 1776 4101 οὐδὲν
1807 4050 1942 4102 ὑπε-

364 4126 582 4196 λείφθη,
612 4129 708 4189 τάς
731 4128 960 4194 ὠτειλὰς
1001 4131 1058 4184 δὲ
1106 4133 1452 4188 παντάπασιν
1484 4137 1586 4190 οὐκ
1644 4138 1937 4208 ἀπέϐαλεν,

364 4218 489 4270 οὐδὲ
516 4219 714 4282 τελέως
744 4222 1088 4292 ἀπετρίψατο
1117 4225 1217 4288 τὰς
1243 4227 1479 4297 πληγὰς,
1512 4230 1650 4285 ἀλλὰ
1689 4234 1941 4305 στέργειν

363 4309 518 4380 ᾠήθη
561 4310 650 4364 διὰ
693 4314 754 4365 τὸ
789 4314 919 4382 περὶ
963 4315 1054 4367 τὸν
1103 4317 1392 4388 ἄνθρωπον
1437 4321 1682 4391 φίλτρον,
1723 4326 1804 4379 ὅτι
1853 4328 1941 4382 διὰ

363 4403 573 4456 τούτων
602 4397 763 4474 εὗρεν
793 4405 1136 4476 ἀπολωλότα,
1174 4409 1269 4461 καὶ
1303 4409 1674 4482 πληττόμενος
1706 4411 1816 4472 εἷλε
1849 4419 1942 4474 τὸν

364 4495 661 4566 ἐρώμενον.
697 4496 907 4560 ’Ἄλλως
937 4501 1046 4569 γὰρ
1094 4499 1176 4554 ἔτι
1237 4504 1562 4559 συνεστάναι
1602 4507 1673 4560 τὰ
1713 4510 1941 4581 πληγῶν

365 4587 491 4655 εχνη
539 4588 656 4651 πῶς
703 4588 768 4642 ἂν
820 4591 1113 4645 ἀκόλουθον
1163 4589 1231 4662 ἦν
1280 4595 1554 4651 ἀθανάτου
1599 4599 1873 4672 σώματος,
1903 4605 1941 4660 a

367 4678 580 4749 θνητῶν
612 4680 786 4734 ἐνίοτε
826 4683 922 4737 καὶ
952 4685 1212 4755 φθαρτῶν
1268 4689 1362 4740 καὶ
1417 4691 1586 4761 τέχνη
1631 4694 1726 4746 καὶ
1784 4697 1947 4766 φύσις

373 4772 668 4840 ἐξέίιλενς
713 4775 878 4840 Ἀλλ’,
910 4777 985 4840 ὡς
1014 4777 1214 4847 ἔοικεν,
1254 4782 1520 4854 ἐπιθυμία
1556 4785 1654 4854 μὲν
1675 4783 1744 4858 ἦν
1775 4790 1945 4860 αὐτῷ,

369 4865 502 4936 περὶ
531 4865 688 4936 ἡμῶν
721 4867 958 4936 ἀλγῆσαι
991 4870 1252 4935 πολλάκις
1274 4889 1287 4903 ο
1315 4876 1435 4926 ἐπεὶ
1459 4875 1514 4929 δὲ
1542 4878 1641 4931 οὐκ
1669 4879 1819 4950 ἐξῆν,
1849 4882 1944 4935 τοῦ

369 4959 621 5028 σώματος
651 4960 800 5030 αὐτῷ
825 4961 929 5030 τὴν
956 4961 1162 5028 φθορὰν
1191 4964 1450 5030 καθάπαξ
1469 4967 1825 5038 διαφυγόντος
1853 4976 1944 5027 καὶ

365 5048 486 5119 ἅμα
516 5051 625 5105 τῶν
652 5051 972 5122 πληξάντων
1003 5053 1320 5122 φειδόμενος
1357 5058 1685 5128 ἀνθρώπων,
1716 5065 1784 5118 τά
1809 5065 1940 5132 γοῦν

369 5144 572 5213 σημεῖα
601 5144 702 5212 τῆς
743 5145 960 5212 σφαγῆς
991 5143 1134 5212 ἔγνω
1163 5145 1241 5215 τῷ
1279 5147 1492 5217 σώματι
1531 5156 1820 5223 συντηρεῖν
1850 5156 1942 5208 καὶ

364 5236 478 5297 τοῖς
503 5235 694 5298 τύποις
729 5237 818 5289 ἀεὶ
871 5239 1113 5290 συνεῖναι
1141 5236 1251 5290 τῶν
1291 5241 1652 5310 τραυμάτων,
1689 5239 1765 5298 ὧν
1795 5246 1944 5311 ἅπαξ

367 5327 740 5398 ἐνεγέγραπτο
766 5329 1126 5400 σταυρωθεὶς,
1149 5329 1237 5383 ἵνα
1263 5330 1418 5400 δῆλος
1440 5333 1516 5395 ὡς
1544 5335 1655 5403 ἄρα
1678 5336 1808 5406 περί
1832 5336 1941 5390 τῶν

365 5417 574 5472 δούλων
595 5420 941 5489 ἐσταύρωται
973 5421 1069 5475 καὶ
1095 5421 1197 5492 τὴν
1225 5422 1470 5494 πλευρὰν
1499 5423 1692 5494 ἐνύγη,
1725 5427 1942 5496 πόρρω-

367 5509 461 5562 θεν
545 5512 640 5564 καὶ
667 5511 804 5582 μετά
821 5514 918 5582 τῆς
943 5513 1157 5576 ἀκτῖνος
1199 5514 1418 5584 ἐκείνης
1461 5516 1560 5584 τῆς
1598 5517 1938 5588 ἀπορρήτου,

370 5603 464 5655 καὶ
498 5602 686 5665 ταῦτα,
706 5603 913 5673 κόσμον
943 5604 1048 5676 ἔχῃ
1090 5605 1170 5676 τῷ
1215 5606 1450 5674 βασιλεῖ,
1497 5608 1564 5660 Τί
1593 5608 1686 5662 τοῦ
1715 5609 1940 5678 φίλτρου

369 5696 561 5747 τούτου
588 5695 787 5763 γένοιτ’
816 5696 882 5750 ἂν
914 5695 1027 5751 ἴσον
1050 5713 1066 5764 ;
1100 5697 1150 5750 τί
1171 5698 1427 5752 τοσοῦτον
1449 5701 1709 5773 ἐφίλησεν
1733 5701 1943 5773 ἄνθρω-

446 5876 754 5949 “_Pltilipp.
790 5891 853 5946 tl,
884 5875 937 5934 7.
1013 5875 1059 5908 δ’
1088 5875 1134 5931 ll
1174 5878 1302 5936 Cor.
1329 5895 1450 5949 Vm,
1483 5879 1539 5936 9,

2049 3309 2227 3363 solum
2255 3306 2636 3362 crudelissima
2667 3320 2885 3374 passus.
2918 3314 2972 3360 et
3001 3321 3068 3360 ex
3095 3305 3266 3376 plagis
3296 3319 3362 3360 ac
3388 3305 3627 3360 vulneri-

2054 3406 2159 3456 bus
2191 3408 2444 3454 mortuus
2483 3407 2586 3458 est.
2624 3397 2718 3450 sed
2761 3397 2924 3449 etiam
2965 3397 3264 3460 redivivus,
3299 3407 3352 3451 et
3393 3411 3624 3466 corpore

2049 3494 2368 3559 incorrupto
2390 3489 2628 3543 excitato
2657 3488 2943 3542 vulnerum
2973 3488 3166 3543 horum
3192 3488 3417 3558 vestigia
3444 3489 3625 3544 adhuc

2047 3591 2250 3642 servat,
2281 3587 2335 3632 et
2367 3593 2430 3632 ea
2472 3578 2528 3631 in
2559 3593 2790 3645 corpore
2823 3593 2924 3632 suo
2957 3587 3207 3646 portans,
3247 3593 3372 3630 cum
3426 3579 3620 3633 iisdem

2046 3675 2114 3727 ab
2146 3671 2352 3738 angelis
2382 3670 2737 3740 conspicitur,
2757 3683 2926 3738 eaque
2965 3669 3068 3722 sibi
3095 3678 3416 3724 ornamento
3445 3670 3620 3736 ducit,

2046 3774 2100 3818 et
2128 3765 2345 3818 laetatur
2378 3778 2502 3816 cum
2545 3777 2604 3818 se
2644 3761 2902 3815 immania
2939 3776 3038 3830 pro
3068 3762 3226 3816 nobis
3254 3777 3477 3831 passum
3521 3765 3622 3819 hac

2049 3857 2264 3910 ratione
2297 3855 2564 3910 ostendit.
2598 3856 2664 3909 Et
2701 3855 2807 3909 alia
2850 3855 3070 3924 quidem
3111 3871 3463 3924 quascunque
3494 3867 3622 3912 sunt

2046 3946 2296 4016 corporis
2348 3945 2512 4016 hujus
2547 3944 2769 4013 abiecit,
2805 3946 3015 3999 habens
3069 3961 3268 4015 corpus
3313 3947 3619 4014 spirituale,

2044 4041 2100 4096 in
2129 4055 2240 4110 quo
2277 4053 2378 4094 nec
2407 4039 2710 4108 gravitatis,
2746 4052 2846 4091 nec
2878 4038 3162 4107 ponderis,
3188 4053 3290 4093 nec
3319 4039 3618 4102 crassitit-i,

2043 4149 2146 4188 nec
2192 4131 2356 4186 ullius
2403 4131 2631 4187 alterius
2666 4129 2980 4201 hujusmodi
3069 4129 3299 4186 allectus
3368 4133 3616 4200 corporei

2044 4227 2297 4281 relictum
2334 4233 2461 4290 est;
2497 4232 2658 4278 notas
2696 4224 2982 4278 vulnerum
3020 4238 3368 4293 nequaquam
3401 4225 3618 4294 abjecit,

2044 4335 2146 4373 nec
2180 4318 2299 4387 ipsa
2328 4332 2555 4387 prorsus
2582 4316 2821 4378 extrivit,
2855 4315 2948 4370 sed
2980 4324 3201 4385 propter
3220 4332 3460 4371 amorem
3491 4332 3619 4388 erga

2046 4409 2321 4465 hominem
2359 4423 2423 4463 ea
2457 4408 2563 4464 sibi
2635 4407 2870 4462 amanda
2921 4416 2974 4460 et
3012 4407 3290 4462 retinenda
3348 4408 3621 4462 existinm-

2043 4504 2125 4558 vit
2157 4520 2172 4558 :
2202 4503 2328 4572 quia
2366 4517 2464 4572 per
2503 4501 2620 4556 hanc
2644 4503 2916 4570 perditum
2953 4501 3181 4562 invenit,
3217 4511 3272 4555 et
3301 4501 3620 4556 vulneratus

2048 4597 2192 4667 cepit
2244 4611 2404 4665 quem
2443 4597 2682 4650 amabat.
2737 4595 2859 4649 Alia
2889 4593 3035 4648 enim
3087 4594 3155 4648 de
3203 4609 3368 4649 causa
3441 4597 3623 4650 adhuc

2047 4697 2306 4742 constare
2346 4687 2633 4740 vulnerum
2669 4686 3005 4739 monimenta
3037 4685 3090 4750 in
3122 4698 3356 4751 corpore
3397 4685 3624 4739 immor-

2047 4778 2142 4832 tali
2177 4777 2454 4848 quomodo
2495 4786 2924 4831 consentaneum
2973 4774 3187 4836 fuisset,
3239 4788 3364 4826 cum
3413 4787 3474 4826 ea
3519 4776 3623 4828 ali-

2045 4872 2267 4941 quando
2299 4871 2352 4923 in
2384 4869 2711 4924 mortalibus
2750 4876 2805 4922 et
2853 4866 3097 4920 interitui
3142 4864 3406 4933 subjectis
3438 4882 3529 4922 ars
3569 4878 3624 4923 et

2046 4973 2238 5018 natura
2265 4963 2543 5017 obducaut
2565 4962 2727 5030 atque
2751 4958 3008 5013 deleant?
3036 4957 3256 5022 Verum,
3281 4967 3339 5011 ut
3371 4971 3620 5029 appare',

2048 5069 2148 5122 pro
2198 5046 2360 5108 nubis
2406 5053 2610 5124 saepius
2639 5051 2948 5108 excruciari
2985 5050 3278 5119 cupiebat:
3307 5051 3450 5120 quod
3489 5052 3619 5120 quia

2048 5161 2160 5200 non
2190 5156 2426 5216 poterat,
2451 5147 2599 5216 quod
2633 5159 2836 5215 corpus
2866 5143 2985 5214 ejus
3012 5143 3422 5211 corruptionem
3456 5143 3620 5197 semel

2049 5237 2358 5308 eﬂugisset,
2395 5248 2448 5293 et
2478 5237 2642 5292 simul
2675 5236 3020 5307 percussuris
3052 5251 3111 5290 se
3143 5234 3462 5289 hominibus
3491 5249 3622 5301 par-

2051 5342 2178 5384 cere
2207 5331 2419 5394 volens,
2447 5330 2638 5385 saltem
2667 5339 2824 5383 notas
2849 5341 2962 5382 suae
2991 5327 3141 5384 necis
3162 5327 3215 5379 in
3249 5339 3478 5393 corpore
3506 5339 3628 5378 ser-

2047 5422 2276 5487 vandas,
2326 5431 2382 5476 et
2425 5422 2658 5492 vestigia
2711 5422 3024 5486 vulnerum,
3082 5433 3206 5487 qua:
3251 5417 3418 5473 semel
3469 5415 3623 5472 cruci

2051 5513 2245 5570 aiIixus
2272 5514 2596 5583 accepisset,
2637 5515 2916 5584 perpetuis
2953 5512 3170 5568 saeculis
3194 5509 3454 5579 gestanda
3486 5523 3613 5563 cen-

2053 5607 2164 5662 suit
2199 5621 2214 5658 :
2249 5616 2308 5660 ut
2354 5615 2569 5673 pateret
2599 5607 2876 5671 omnibus,
2913 5619 3012 5675 pro
3050 5602 3224 5657 servis
3267 5601 3619 5663 cruciﬁxum,

2048 5708 2104 5756 et
2129 5699 2319 5755 lancea
2365 5698 2508 5756 latus
2543 5699 2648 5755 sibi
2681 5699 2898 5754 eminus
2944 5704 3195 5767 apertum
3227 5707 3372 5764 esse,
3404 5699 3459 5749 et
3495 5705 3618 5748 cum
