4036 6494
340 408 463 474 ’(149

1435 404 1530 462 DE
1570 403 1749 464 VI'I‘A
1794 404 1868 462 [Ν
1929 399 2264 462 CHRISTO
2301 398 2446 460 LIB.
2494 395 2595 458 VI.

3489 385 3594 445 (ῖῖθ

362 524 462 594 μὲν
486 520 647 588 δορὰν
683 517 960 587 ἀποσύραι
986 517 1080 569 καὶ
1110 517 1384 585 περιελεῖν
1416 518 1442 567 ὁ
1482 514 1721 581 Πονηρὸς
1744 515 1928 583 ἴσχυσε

2056 512 2389 577 :rcatura“,r
2425 517 2850 577 quantacunque
2908 507 3104 560 \illllle
3131 505 3614 560 excellucritMar-

358 618 476 676 ταῖς
505 612 613 665 τῶν
647 612 922 681 τυράννων
971 611 1151 678 χερσὶ,
1205 609 1297 661 καὶ
1329 609 1663 675 κατατεμεῖν
1696 608 1762 660 τὰ
1795 607 1931 675 μέλη

360 709 453 762 καὶ
482 706 616 759 ὀστᾶ
638 704 928 773 συντρίψαι
949 701 1041 754 καὶ
1070 700 1259 754 τᾶνδον
1278 701 1465 769 ἐκχέαι
1491 699 1588 753 καὶ
1617 699 1931 751 ἀνασπάσαι

360 801 427 852 τὰ
454 797 771 864 σπλάγχναο
805 795 865 846 τὸ
892 794 937 847 δ’
989 792 1206 862 ἱμάτιον
1234 792 1393 843 τοῦτο
1432 789 1661 857 συλῆσαι
1696 792 1789 842 καὶ
1837 789 1931 841 τοῦ

362 888 601 959 Χριστοῦ
626 885 919 955 γυμνῶσαι
946 885 1076 945 τοὺς
1109 881 1440 951 μακαρίους,
1467 879 1722 932 τοσοῦτον
1746 878 1934 946 ἐδέησε

360 982 478 1040 ταῖς
504 980 789 1038 ἐπινοίαις,
825 976 966 1029 ὥστε
995 973 1131 1027 πολὺ
1166 973 1430 1044 μᾶλλονῆ
1466 966 1723 1042 πρόσθεν,
1763 970 1831 1023 δι’
1861 964 1935 1022 ὧν

360 1069 513 1140 ᾠήθη
546 1067 852 1138 περιδῦσαι,
877 1064 1191 1135 περιϐαλὼν
1222 1063 1402 1117 ἔλαθε.

433 1330 498 1382 Τί
537 1328 628 1381 οὖν
656 1325 945 1397 ἱερώτερον
970 1328 1163 1392 γένοιτ’
1200 1327 1266 1377 ἂν
1296 1326 1391 1379 τοῦ
1439 1324 1692 1394 σώματος
1723 1325 1938 1387 τούτου,

365 1414 671 1488 ᾧφυσικῆς
730 1418 1009 1488 συμφυΐας
1066 1418 1286 1485 ἁπάσης
1347 1417 1634 1485 ὁΧριστδς
1688 1418 1942 1484 ἐντέτηκε

369 1512 599 1580 utiliori;
624 1509 831 1562 Οὐκοῦν
859 1508 1191 1578 αἱδεσόμεθα
1220 1510 1312 1560 καὶ
1354 1510 1669 1577 τηρήσομεν
1702 1506 1849 1576 αὐτῷ
1881 1507 1943 1558 τὸ

368 1602 585 1668 σεμνὸν,
628 1603 695 1652 ἂν
734 1598 880 1651 οῦτω
906 1597 1232 1667 θαυμαστὴν
1264 1597 1414 1665 αὐτῷ
1435 1598 1796 1667 λαμπρότητα
1822 1613 1944 1647 συν-

366 1691 588 1752 ειδότες,
623 1687 818 1740 ἔπειτα.
880 1688 985 1756 πρὸ
1037 1686 1145 1739 τῶν
1195 1686 1494 1754 ὀφθαλμῶν
1528 1686 1700 1756 αὐτὴν
1732 1686 1944 1755 ἔχωμεν

366 1780 627 1833 ἑκάστοτε
678 1779 774 1848 τῆς
804 1777 1005 1847 ψυχῆς.
1047 1779 1109 1830 El
1139 1777 1249 1845 γὰρ
1278 1777 1483 1846 τεμένη
1516 1777 1609 1829 καί
1644 1777 1812 1845 σκεύη
1847 1777 1944 1829 καὶ

2040 613 2218 673 tyrum
2251 601 2449 656 Christi
2498 600 2691 669 pellem
2729 598 3037 659 detrahere,
3077 607 3129 650 ct
3165 598 3422 651 mutilarc
3463 597 3614 651 Mali-

2037 709 2175 763 gnus
2238 703 2592 763 tyrannorum
2656 689 2930 753 manibus,
2998 688 3241 743 membra
3302 689 3614 751 concidere,

2038 802 2162 838 Ossa
2205 784 2597 848 comminuere,
2634 782 2892 836 intestina
2921 779 3226 843 ell‘undere,
3259 780 3467 835 viscera
3495 782 3612 835 dis-

2038 880 2250 932 trahere
2282 877 2459 946 potuit
2492 876 2582 929 ille
2607 874 2831 943 quidem
2871 890 2884 925 :
2924 873 3028 927 hoc
3072 882 3263 926 autem
3306 871 3608 925 vestimen-

2042 983 2153 1024 tum
2180 970 2416 1037 eripere,
2458 977 2512 1022 et
2535 965 2738 1022 Christi
2793 972 3014 1023 Sanctos
3050 962 3283 1027 nudare,
3330 971 3614 1031 tantopere

2041 1059 2160 1126 ejus
2189 1060 2403 1111 inventa
2438 1056 2645 1122 fefellit,
2679 1065 2733 1110 ut
2765 1070 2859 1122 per
2908 1068 3029 1120 qua:
3065 1052 3187 1107 ill'os
3220 1067 3279 1107 se
3308 1052 3617 1107 arbitraba-

2042 1162 2129 1203 tur
2158 1165 2315 1219 posse
2344 1162 2565 1209 exuere,
2596 1162 2690 1216 per
2718 1162 2779 1200 ea
2814 1146 2928 1214 ipsa
2956 1144 3276 1212 imprudens
3325 1142 3499 1212 magis
3531 1142 3628 1217 in-.

2042 1240 2250 1294 dtlt'l‘el.

2114 1330 2254 1396 Quid
2291 1331 2450 1399 igitur
2505 1330 2608 1383 hoc
2648 1341 2879 1396 corpore
2926 1326 3193 1387 sanctius,
3236 1324 3324 1378 cui
3360 1321 3618 1377 Christus

2044 1422 2219 1491 magis
2262 1437 2426 1488 quam
2474 1422 2586 1473 ulla
2631 1418 2912 1474 concretio
2954 1416 3222 1471 naturalis
3258 1416 3618 1470 inhaerescit?

2048 1519 2202 1570 Hanc
2244 1516 2363 1583 ejus
2413 1512 2759 1579 majestatem
2805 1517 2860 1563 et
2914 1508 3335 1563 sanctimoniam
3388 1522 3617 1561 venera-

2050 1611 2254 1670 himur,
2338 1615 2392 1659 et
2443 1604 2842 1667 custodiemus,
2900 1601 2944 1655 si
3007 1600 3274 1654 claritatis
3328 1598 3452 1667 ejus
3507 1610 3616 1652 tam

2047 1698 2380 1756 admirandae
2406 1697 2641 1760 conscii,
2696 1696 2884 1749 animo
2926 1707 3046 1746 eam
3083 1692 3232 1745 omni
3266 1701 3507 1759 tempore
3537 1694 3617 1745 iu-

2052 1792 2343 1847 tuehimur.
2378 1789 2432 1843 Si
2461 1788 2608 1842 enim
2642 1786 2865 1855 templa,
2907 1792 2962 1837 et
2993 1797 3143 1849 vasa,
3178 1793 3231 1836 et
3259 1784 3620 1851 quodcunque

364 1872 544 1925 ὁτιοῦν
595 1872 764 1940 ἱερὸν,
803 1872 885 1922 ὅτι
942 1869 1092 1922 τοῦτ’
1152 1869 1287 1921 αὐτὸ
1339 1868 1708 1938 γινώσκομεν,
1755 1870 1829 1931 ὡς
1860 1847 1949 1938 ἄρ’

2056 1881 2399 1941 dedicatum,
2456 1876 2677 1943 quando
2723 1847 2826 1929 hoc
2876 1875 3055 1941 ipsmn
3109 1847 3619 1943 (esse-dedicatum

368 1966 513 2017 ἐστὶν
574 1964 739 2032 ἱερὸν,
800 1960 1001 2014 ἄσυλον
1044 1958 1327 2030 τηροῦμεν
1388 1962 1453 2014 ὲκ
1487 1961 1687 2025 παντὸς
1715 1963 1941 2031 τρόπου,

371 2059 534 2129 σχολῇ
592 2074 654 2124 γε
712 2056 782 2108 τὰ
825 2055 998 2124 μείζω
1033 2054 1429 2124 προδώσομεν·
1492 2052 1643 2107 οὐδὲν
1688 2054 1796 2123 γὰρ
1821 2055 1945 2106 ὅσον

369 2148 655 2217 ἄνθρωπος
695 2145 863 2214 ἱερὸν,
887 2137 931 2211 ᾧ
970 2143 1064 2197 καὶ
1095 2144 1316 2211 φύσεως
1341 2143 1704 2213 ἐκοινώνησεν
1735 2144 1762 2193 ὁ
1789 2141 1943 2204 Θεὸς.

378 2237 810 2310 Ἐηθυμηθῶμεν
856 2238 987 2306 γὰρ,
1044 2254 1062 2286 ι
1104 2238 1211 2287 τίνι
1262 2236 1360 2304 μὲν
1412 2235 1559 2287 ἅπαν
1587 2234 1714 2302 γόνυ
1738 2234 1946 2303 κάμψει

372 2333 713 2402 ὲπωρανίων
739 2331 834 2384 καὶ
868 2327 1268 2397 καταχθονίων,
1304 2345 1321 2378 ι
1344 2326 1426 2388 τίς
1452 2326 1507 2379 δὲ
1537 2327 1630 2378 ὲπὶ
1656 2326 1763 2377 τῶν
1794 2342 1950 2394 νεφε-

368 2427 473 2479 λῶν
505 2424 623 2495 ἥξει
655 2442 673 2475 ι
716 2423 855 2492 μετὰ
877 2424 1159 2492 δυνάμεως
1186 2420 1280 2474 καὶ
1307 2419 1463 2488 δόξης
1496 2419 1723 2486 πολλῆς,
1758 2438 1776 2470 ι
1806 2421 1947 2490 ὑπὲρ

372 2522 478 2572 πᾶν
532 2518 885 2588 παράδειγμα
946 2517 1199 2583 λάμπων,
1242 2516 1528 2585 ἅνθρωπος
1573 2508 1728 2576 οὗτος
1758 2512 1948 2585 ὥσπερ

371 2615 509 2682 δῆτα
543 2614 637 2663 καὶ
673 2610 837 2673 θεός·
870 2610 962 2662 καὶ
995 2610 1027 2679 ὴ
1037 2611 1152 2678 μῶν
1179 2609 1235 2662 δὲ
1261 2610 1400 2678 ὑπὲρ
1422 2610 1513 2662 τὸν
1542 2609 1693 2679 ἥλιον
1721 2608 1947 2670 ἕκαστος

374 2705 446 2764 ὡς
480 2704 697 2772 ἀληθῶς
729 2700 960 2754 δύναται
996 2700 1260 2771 λάμψειν,
1297 2701 1389 2752 ἐπὶ
1417 2700 1526 2751 τῶν
1572 2700 1814 2768 νεφελῶν
1848 2700 1948 2770 ἀρ·-

373 2795 551 2864 θῆναι,
582 2795 643 2846 τὸ
666 2792 829 2862 σῶμα
862 2794 993 2845 ίδεῖν
1054 2793 1228 2845 έκεῖνο
1258 2790 1354 2844 τοῦ
1384 2790 1544 2856 Θεοῦ,
1603 2790 1740 2860 πρὸς
1789 2790 1951 2844 αὐτὸν

374 2884 632 2954 ἀρθῆναι,
667 2883 802 2952 πρὸς
834 2882 997 2935 αὐτὸν
1041 2883 1297 2946 πετάσαι,
1352 2879 1699 2950 προσελθεῖν,
1725 2880 1950 2950 ἡμέρως

374 2972 626 3041 ὀφθῆναι.
657 2971 898 3027 Φανέντα
937 2970 1042 3040 γὰρ
1075 2969 1164 3022 τὸν
1216 2970 1499 3038 Δεσπότην
1523 2971 1551 3023 ὁ
1594 2968 1703 3022 τῶν
1728 2969 1952 3037 ἀγαθῶν

372 3067 576 3119 δούλων
612 3056 1010 3136 περιστήσεται
1046 3063 1227 3134 χορὸς,
1262 3064 1357 3117 καὶ
1390 3062 1698 3132 λάμποντος
1741 3063 1950 3117 ἐκείνου

2048 1970 2345 2036 videlicet)
2400 1970 2807 2040 cognoscimus,
2844 1965 3102 2021 omnibus
3133 1973 3310 2027 tutum
3346 1979 3377 2018 a
3410 1967 3623 2033 praedo-

2050 2065 2214 2120 nibus
2270 2075 2579 2123 servamus,
2643 2059 2820 2112 multo
2878 2059 3060 2121 minus
3104 2057 3370 2111 nobiliora
3427 2055 3624 2124 praedae

2048 2168 2409 2226 exponemus.
2460 2150 2605 2205 Nihil
2654 2150 2799 2203 enim
2852 2150 3096 2205 sanctius
3155 2150 3409 2214 homine,
3464 2149 3622 2217 cujus

2052 2257 2261 2302 natura:
2303 2244 2562 2299 divinitas
2595 2256 2717 2298 sese
2760 2240 3057 2310 copulavit.
3109 2240 3431 2309 Cogitemus
3468 2239 3620 2294 enim

2048 2339 2137 2393 cui
2169 2356 2188 2388 ι
2218 2331 2476 2390 ﬂectatur
2510 2347 2674 2388 omne
2704 2347 2845 2399 genu
2873 2330 3207 2394 caelestium,
3259 2332 3623 2396 terrestrium,

2050 2441 2104 2489 et
2127 2432 2465 2487 infernorum
2487 2430 2556 2481 ".
2615 2447 2633 2479 ι
2661 2428 2722 2480 Et
2752 2427 2878 2497 quis
2913 2436 3182 2481 venturus
3207 2426 3281 2480 sit
3309 2427 3366 2481 in
3386 2428 3625 2484 nubibus

2057 2543 2075 2576 ι
2110 2539 2235 2580 cum
2288 2522 2491 2577 virtute
2534 2529 2590 2576 et
2619 2519 2908 2589 majestate
2955 2520 3122 2578 multa
3151 2520 3222 2584 “,
3272 2538 3290 2571 ι
3349 2520 3627 2587 incompe-

2054 2616 2206 2671 rabili
2239 2612 2533 2685 splendore
2563 2609 2843 2679 praeditus.
2899 2609 3073 2665 Homo
3127 2610 3217 2664 hic
3242 2610 3365 2674 erit,
3398 2611 3629 2680 perinde

2056 2715 2113 2759 ut
2157 2704 2321 2759 Deus.
2378 2702 2444 2755 Et
2505 2700 2888 2770 unusquisque
2943 2708 3189 2753 nostrum
3248 2701 3363 2755 sole
3422 2700 3630 2755 clarius

2055 2795 2263 2866 fulgere
2294 2808 2480 2849 revera
2517 2792 2739 2861 poterit,
2786 2806 2951 2860 supra
2982 2792 3156 2847 nubes
3193 2792 3329 2856 tolli,
3378 2804 3630 2862 spectare

2055 2901 2257 2958 corpus
2302 2887 2435 2940 illud
2489 2885 2579 2938 Dei
2617 2884 2682 2940 ad
2729 2899 2790 2941 se
2830 2886 3015 2947 pansis
3046 2885 3288 2941 brachiis
3340 2887 3624 2954 accedere,

2056 2980 2378 3052 placideque
2427 2977 2647 3033 intueri.
2718 2977 3081 3047 Apparentem
3132 2977 3276 3033 enim
3334 2977 3627 3034 Dominum

2059 3067 2329 3129 bonorum
2365 3084 2651 3125 servorum
2694 3082 2897 3124 corona
2945 3069 3371 3134 circumfundat,
3422 3069 3630 3140 illoque

375 3162 471 3214 καὶ
494 3157 648 3213 αὐτοὶ
669 3157 979 3229 λάμψουσιν
1006 3151 1119 3209 οἷον
1148 3155 1208 3209 τὸ
1236 3154 1444 3226 θέαμα,
1474 3158 1782 3228 φωστήρων
1812 3157 1953 3228 πλῆ-

2058 3164 2324 3235 fulgente,
2365 3161 2469 3231 ipsi
2519 3160 2723 3230 pariter
2774 3159 3081 3228 fulgebunt.
3133 3160 3304 3228 Quale
3347 3168 3632 3231 spectacu-

320 3318 327 3323 ἢ
378 3247 471 3303 θος
503 3246 740 3319 ἀριθμοῦ
778 3247 1028 3316 κρεῖττον
1090 3245 1183 3299 ἐπὶ
1238 3245 1348 3299 τῶν
1405 3247 1645 3316 νεφελῶν
1678 3247 1830 3313 ἰδεῖν,
1863 3249 1955 3300 ἀν-

380 3338 633 3407 θρώπους
679 3338 1005 3408 αἰρομένους
1064 3338 1377 3410 πανήγυριν
1428 3340 1786 3411 ἀνενεχθῆναι
1818 3340 1953 3408 πρὸς

377 3431 530 3483 οὐδὲν
558 3429 909 3497 παράδειγμα
932 3427 1265 3498 δυναμένην.
1289 3428 1463 3498 δῆμον
1503 3428 1642 3482 θεῶν
1677 3430 1807 3498 περὶ
1861 3429 1955 3481 τὸν

379 3523 531 3582 Θεὸν,
569 3520 766 3581 καλοὺς
798 3519 928 3588 περὶ
959 3517 1054 3573 τδν
1085 3518 1312 3590 ὡραῖον,
1351 3520 1570 3584 οἰκέτας
1593 3521 1727 3590 περὶ
1752 3520 1844 3572 τὸν
1864 3522 1958 3572 Δε-

381 3614 609 3678 σπότην,
627 3612 687 3664 ού
713 3610 1078 3680 βασκαίνοντα
1109 3613 1222 3674 τοῖς
1244 3611 1472 3678 δούλοις,
1496 3613 1544 3665 εί
1571 3612 1667 3680 τῆς
1703 3612 1955 3682 λαμπρό-

379 3718 540 3767 τητος
572 3700 919 3768 κοινωνήσει,
950 3699 1061 3753 οὐδ’
1091 3700 1402 3769 ἡγούμενον
1437 3700 1646 3757 ἐλάττω
1674 3702 1773 3772 τὴν
1797 3701 1958 3767 δόξαν

381 3792 563 3862 ἑαυτῴ
620 3791 893 3862 ποιήσειν,
930 3791 980 3843 εί
1007 3793 1105 3859 τῆς
1142 3791 1421 3862 βασιλείας
1450 3792 1680 3855 πολλοὺς
1728 3792 1960 3864 λήψαιτο

385 3885 636 3955 μερίτας,
670 3883 928 3953 καθάπερ
953 3881 1061 3937 τῶν
1085 3882 1395 3953 ἀνθρώπων
1418 3885 1466 3936 οἱ
1488 3883 1818 3955 κρατοῦντες
1846 3888 1962 3949 τοῖς

390 3978 495 4032 ὑπὸ
546 3978 731 4047 χεῖρα,
789 3977 894 4030 κᾶν
956 3975 1137 4029 πάντα
1174 3974 1330 4038 δῶσι,
1368 3976 1477 4028 τῶν
1529 3976 1828 4046 σκήπτρων
1853 3978 1962 4029 οὐδ’

394 4071 529 4139 ὄναρ
559 4069 839 4139 ἀνέχονται
863 4069 1165 4122 κοινωνεῖν.
1194 4067 1268 4119 Οὐ
1300 4070 1409 4139 γὰρ
1439 4067 1513 4129 ὼς
1556 4068 1764 4131 δούλοις
1800 4087 1966 4137 προσ-

394 4164 531 4230 έχει,
557 4161 677 4214 οὐδὲ
715 4161 851 4230 τιμᾷ
871 4159 1073 4212 δούλων
1101 4160 1312 4228 τιμαῖς,
1348 4158 1536 4227 φίλους
1573 4159 1629 4211 δὲ
1659 4158 1965 4229 ήγούμενες

388 4259 482 4309 καὶ
516 4256 715 4325 νόμους
743 4256 927 4317 αὐτοῖς
954 4253 1137 4322 φιλίας
1196 4255 1388 4318 σώζων
1419 4256 1447 4307 ὂ
1476 4270 1538 4323 γε
1570 4254 1682 4319 θεὶς
1711 4257 1770 4322 ἐξ
1791 4258 1965 4326 ἀρχῆς

389 4349 544 4402 κοινὰ
576 4350 644 4402 τὰ
668 4347 800 4399 ὄντα
832 4347 1095 4407 ποιεῖται,
1117 4346 1213 4399 καὶ
1238 4346 1298 4396 οὑ
1325 4345 1485 4398 τοῦτο
1515 4347 1548 4416 ἦ
1573 4348 1750 4399 έκεῖνο
1780 4349 1963 4416 μόνον,

389 4441 525 4493 ἀλλὰ
556 4440 653 4508 τὴν
689 4439 975 4509 βασιλείαν
1011 4437 1186 4507 αὐτὴν
1224 4436 1357 4490 αὐτὸ
1388 4436 1575 4490 δίδωσι
1601 4438 1662 4490 τὸ
1698 4438 1963 4508 διὰδημα’

2058 3257 2194 3322 lum,
2243 3251 2663 3309 innumerabilis
2694 3250 2983 3306 multitudo
3015 3251 3285 3313 luminum
3333 3268 3500 3322 supra
3531 3270 3633 3308 nu-

2057 3350 2177 3411 bes,
2205 3345 2457 3402 homines
2489 3343 2726 3399 sublime
2776 3342 2904 3397 elati
2957 3351 3010 3396 et
3061 3343 3355 3399 volantes?
3401 3345 3633 3400 celebri-

2060 3451 2145 3495 tas
2210 3437 2371 3507 cujus
2438 3435 2645 3490 nullum
2714 3444 2890 3489 exstat
2964 3436 3313 3506 exemplum;
3397 3440 3633 3508 pepultts

2019 3543 2024 3547 ‘
2059 3533 2286 3586 deorum
2325 3528 2675 3585 circumdans
2713 3527 2924 3591 Deum;
2977 3526 3195 3596 pulchri
3240 3528 3451 3583 circum
3510 3546 3635 3600 spe-

2059 3625 2310 3688 ciosum;
2348 3620 2539 3675 famuli
2568 3620 2778 3675 circum
2811 3618 3128 3684 Dominum,
3163 3634 3274 3675 non
3302 3620 3630 3677 invidentem

2063 3715 2170 3770 illis
2223 3710 2539 3783 splendoris
2594 3709 3062 3775 communionem,
3123 3725 3222 3766 nec
3273 3711 3631 3769 arbitrantem

2063 3804 2293 3874 gloriam
2331 3817 2489 3857 suam
2520 3801 2874 3857 imminutum
2911 3802 3001 3867 iri,
3048 3801 3095 3857 si
3129 3802 3333 3859 multos
3363 3804 3514 3875 regni
3547 3805 3633 3860 sui

2064 3894 2245 3952 socios
2273 3894 2528 3963 accipiat,
2577 3892 2723 3962 quod
2776 3893 2985 3948 faciunt
3032 3894 3127 3963 qui
3172 3893 3487 3953 hominibus
3526 3896 3637 3950 im-

2064 3994 2308 4057 petrant;
2351 3986 2445 4055 qui
2478 3985 2765 4055 subjectis,
2805 4000 3119 4056 quanquam
3150 3987 3333 4042 omnia
3360 3987 3631 4052 dederint,

2067 4096 2138 4134 ne
2177 4094 2272 4149 per
2305 4077 2582 4134 somnium
2630 4077 2851 4148 quidem
2894 4077 3092 4147 sceptri
3137 4079 3452 4134 societatem
3509 4095 3639 4134 con-

2067 4171 2287 4228 cedunt.
2326 4170 2447 4224 Non
2480 4169 2625 4223 enim
2662 4180 2721 4222 ut
2748 4183 2938 4224 servos
2967 4177 3183 4236 tractat,
3224 4184 3322 4224 nec
3351 4187 3636 4227 servorum

2067 4278 2164 4319 eos
2209 4265 2330 4318 loco
2381 4262 2579 4324 habet;
2640 4262 2732 4316 sed
2785 4263 2994 4316 amicos
3025 4276 3344 4326 numerans,
3373 4272 3427 4316 ct
3467 4263 3641 4332 ipsius

2069 4354 2524 4424 amicitiae-legem
2562 4353 2667 4407 illis
2701 4368 2950 4418 servans,
2998 4368 3165 4421 quam
3206 4353 3275 4409 ab
3323 4354 3481 4410 initio
3528 4356 3642 4425 ipse

2068 4445 2379 4512 constituit,
2407 4445 2724 4502 communia
2757 4443 2888 4498 facit
2933 4443 3157 4509 omnia;
3205 4459 3383 4513 neque
3416 4444 3521 4498 hoc
3551 4454 3640 4501 aut

392 4535 488 4586 καὶ
543 4533 679 4603 πρὸς
710 4533 763 4584 τί
801 4532 909 4601 γὰρ
939 4531 1071 4585 ἄλλο
1101 4530 1318 4601 βλέπων
1369 4528 1399 4581 ὁ
1428 4529 1700 4600 μακάριος
1754 4531 1953 4593 Παῦλος

2064 4540 2204 4595 illud
2236 4550 2474 4606 tantum,
2534 4539 2628 4593 sed
2675 4539 2855 4607 ipsum
2906 4551 3132 4607 regnum
3179 4547 3234 4591 et
3259 4537 3510 4592 diadema
3564 4538 3643 4592 eis

401 4644 421 4676 ι
457 4624 832 4696 κληρονόμους
871 4621 969 4690 μὲν
998 4617 1158 4683 εἶναι,
1205 4621 1363 4690 φησὶ,
1398 4619 1558 4687 Θεοῦ,
1591 4621 1960 4691 συγκληρονό·

396 4733 528 4785 μους
573 4715 630 4768 δὲ
681 4714 940 4783 Χριστοῦ,
985 4732 1003 4764 ι
1044 4714 1138 4766 καὶ
1168 4712 1246 4784 τῷ
1277 4713 1500 4783 Χριστῷ
1541 4713 1962 4784 συμϐασιλεύειν

390 4810 516 4871 τοὺς
534 4808 919 4889 μετασχόντας
950 4806 1057 4857 τῶν
1092 4805 1411 4875 δυσχερῶν;
1450 4803 1515 4855 Τί
1553 4803 1810 4857 τοσοῦτον
1839 4821 1964 4872 τερ-

394 4903 548 4965 πνὸν,
572 4899 713 4953 ὥστε
746 4901 883 4967 πρὸς
908 4897 1006 4967 τὴν
1032 4897 1160 4950 θέαν
1189 4898 1410 4967 ἐκείνην
1436 4897 1803 4967 ἁμιλληθῆναι
1827 4915 1840 4961 ;
1861 4897 1965 4949 Χο-

397 4995 489 5062 ρος
521 4992 827 5062 μακαρίων,
858 4990 1029 5059 δῆμος
1060 4988 1395 5060 χαιρόντωνί
1430 4991 1537 5043 Καὶ
1565 4992 1594 5040 ὁ
1621 4991 1720 5059 μὲν
1765 4989 1969 5061 ἁστρά·

393 5103 543 5139 πτων
600 5088 679 5149 είς
712 5085 811 5156 τὴν
842 5085 945 5153 γῆν
1002 5085 1060 5149 ἐξ
1107 5082 1342 5152 ούρανοῦ
1396 5083 1759 5147 καταϐαίνει,
1811 5084 1883 5152 γῆ
1913 5083 1967 5135 δὲ

395 5178 581 5247 ἡλίους
616 5179 809 5239 ἄλλους
839 5176 1153 5245 ἁντανίσχει
1182 5175 1260 5244 τῷ
1298 5176 1399 5244 τῆς
1426 5175 1777 5244 δικαιοσύνης
1810 5175 1967 5246 ἡλίῳ,

402 5273 496 5323 καὶ
522 5273 701 5324 πάντα
743 5271 904 5338 γέμει
935 5273 1135 5339 φωτός.
1162 5270 1358 5324 Ἔνθεν
1379 5271 1427 5322 oi
1461 5271 1659 5342 μελέτῃ
1692 5273 1787 5324 καὶ
1807 5289 1969 5326 κακο-

357 5348 364 5354 ’
402 5364 606 5433 παῡείᾳ
642 5367 731 5415 καὶ
769 5365 951 5425 πόνοις
980 5364 1074 5417 καὶ
1099 5365 1162 5433 τῇ
1213 5362 1321 5416 τῶν
1351 5363 1640 5433 ὁμοφύλων
1673 5364 1972 5435 κηδεμονίᾳ

400 5459 500 5522 τὴν
559 5456 689 5525 περὶ
749 5454 843 5506 τὸν
875 5456 1109 5523 Χριστὸν
1167 5454 1570 5524 ἐπιδειξάμενοι
1634 5454 1970 5524 προθυμίαν,

401 5548 609 5599 ἐκεῖθεν
653 5547 701 5598 οί
732 5547 827 5598 καὶ
857 5548 952 5616 τὴν
1004 5546 1221 5616 σφαγὴν
1262 5547 1641 5616 μιμησάμενοι
1673 5547 1773 5614 τὴν
1804 5546 1971 5598 αὐτοῦ

403 5640 497 5689 καὶ
559 5641 697 5708 πρὸς
750 5636 879 5706 ξίφη
941 5638 1036 5691 καὶ
1063 5638 1173 5707 πῦρ
1210 5642 1304 5690 καὶ
1359 5637 1588 5692 θάνατον
1613 5636 1972 5696 ἐκδεδωκὸτες

473 5821 516 5852 ⁸⁸
548 5823 708 5873 Rom.
740 5818 971 5881 "11.59.
1048 5819 1094 5847 "‘
1132 5817 1432 5886 Philippm,
1474 5818 1557 5874 l0.
1635 5819 1679 5850 "
1718 5817 1905 5873 Ma'th.
1955 5833 2101 5875 xxxv.
2150 5819 2217 5874 50
2316 5818 2360 5851 ’⁵⁷
2409 5819 2713 5880 Rom.vm,
2755 5817 2842 5870 l7.

659 5915 927 5973 l’n‘uoa.
961 5917 1076 5972 Gn.
1113 5914 1243 5973 CL.

2069 4629 2354 4699 praemium
2390 4630 2504 4684 dat.
2549 4626 2688 4692 Quid
2722 4627 2870 4680 enim
2901 4625 3048 4680 aliud
3083 4625 3187 4681 sibi
3227 4626 3418 4682 volens
3454 4626 3644 4684 beatus

2070 4720 2275 4776 Paulus
2299 4721 2366 4785 ιτ,
2421 4720 2666 4774 haaredes
2710 4717 2929 4787 quidem
2970 4716 3064 4772 Dei
3104 4732 3226 4772 esse
3265 4716 3419 4780 dicit,
3464 4718 3640 4773 cohae-

2070 4809 2229 4864 redes
2264 4819 2445 4864 autem
2478 4808 2705 4874 Christi,
2743 4815 2799 4863 et
2832 4820 3064 4877 regnare
3109 4821 3235 4860 cum
3276 4806 3517 4869 Christo,
3553 4810 3642 4876 qui

2072 4916 2197 4955 cum
2228 4915 2294 4955 eo
2324 4900 2509 4969 gravia
2558 4897 2939 4968 pertulerunt?
2981 4896 3121 4962 Quid
3171 4906 3279 4950 tam
3313 4899 3643 4966 jucundum.

2072 5000 2132 5045 ut
2178 4992 2353 5061 possit
2392 5007 2516 5045 cum
2559 4991 2723 5058 huius
2762 4989 3057 5058 spectaculi
3112 4989 3462 5057 jucunditate
3513 5007 3646 5048 con-

2070 5083 2338 5139 tendere?
2371 5085 2559 5137 Ccetus
2584 5095 2668 5138 est
2702 5084 3011 5147 beatorum,
3043 5083 3276 5153 populus
3319 5086 3641 5140 laetantium.

2071 5174 2134 5228 Et
2166 5174 2254 5229 ille
2284 5174 2503 5244 quidem
2538 5188 2837 5228 coruscans
2868 5175 2922 5226 in
2952 5182 3152 5228 terram
3184 5190 3214 5228 e
3246 5176 3387 5230 ccelo
3418 5175 3648 5229 descen-

2072 5270 2188 5333 dit;
2247 5277 2389 5321 terra
2438 5282 2565 5320 vero
2607 5267 2748 5319 soles
2778 5267 2917 5322 alios
2970 5266 3074 5322 soli
3120 5267 3345 5336 justitiee
3400 5267 3643 5323 vicissim

2070 5361 2342 5431 producit,
2398 5370 2449 5413 et
2485 5360 2668 5413 omnia
2717 5360 2924 5414 lumine
2967 5360 3327 5429 complentur.
3362 5358 3520 5424 llinc,
3554 5363 3647 5429 qui

2071 5451 2482 5515 exercitatione,
2536 5449 2851 5515 aﬂlictione,
2893 5459 2948 5505 et
2993 5451 3296 5513 laboribus.
3345 5462 3403 5507 et
3446 5456 3652 5507 contri-

2073 5545 2280 5599 bulium
2316 5542 2684 5598 sollicitudine
2738 5544 2977 5598 studium
3025 5554 3080 5598 et
3118 5545 3458 5600 alacritatem
3490 5560 3648 5600 suam

2073 5635 2294 5699 Clttgsto
2330 5634 2737 5703 probaverunt;
2776 5636 2903 5689 inde
2932 5635 3027 5703 qui
3084 5638 3409 5692 morientem
3452 5638 3652 5692 imitati

3181 5909 3252 5965 91
