4036 6440
411 371 513 442 651

1641 366 1952 428 NlCOLAl
1994 364 2384 427 CABASILKE

3556 354 3662 420 652

410 497 613 568 gladio,
668 493 798 565 igni,
863 492 1022 547 morti
1050 505 1169 547 sese
1217 491 1577 557 tradiderunt,
1631 490 1983 547 cicatricibus

2092 484 2308 547 αὐτοὺς,
2337 482 2437 545 τὰς
2469 481 2629 543 οὐλὰς
2653 478 2733 534 ἔτι
2760 480 3072 544 δεικνύντες
3098 480 3327 535 ἐπὶτῶν
3344 480 3675 551 λαμπόντων

411 588 466 643 in
505 585 829 656 corporibus
860 581 1080 651 fulgidis
1126 582 1431 651 conspicui,
1475 590 1531 637 et
1579 581 1824 650 vestigiis
1864 580 1984 633 vnl—

409 694 628 741 nerum,
697 684 759 732 ut
808 684 1133 742 tropaorum
1177 672 1411 742 quadam
1471 672 1826 743 inscriptione
1894 671 1987 725 tri-

411 769 759 843 umphantcs,
821 779 1025 819 corona
1105 763 1574 826 fortissimorum,

408 861 706 917 illustrium
734 898 750 922 ,
798 855 953 927 juxta
1001 869 1207 926 regem,
1249 855 1367 924 qui,
1415 854 1560 924 quod
1617 855 1840 909 occisus
1881 865 1984 918 est,

407 954 564 1013 vicit,
615 959 671 1005 ει
728 947 873 1018 quod
931 946 1136 1001 Paulus
1188 946 1288 1012 ait,
1357 953 1610 1015 «propter
1671 943 1982 1015 passionem

403 1048 598 1105 mortis
618 1042 718 1112 “,i
752 1043 926 1114 gloria
960 1049 1016 1097 et
1049 1042 1259 1096 honore
1284 1049 1624 1095 coronatum.

480 1138 611 1194 lla’c
634 1133 1047 1191 commentandi
1070 1140 1389 1203 argumenta
1432 1130 1593 1186 nobis
1619 1131 1987 1190 snmentibus.

406 1242 458 1286 et
480 1230 627 1283 omni
664 1240 906 1297 tempore
923 1224 1311 1297 cogitantibus,
1333 1234 1447 1279 tum
1465 1230 1671 1277 naturte
1694 1230 1894 1278 nostrae
1907 1221 1989 1277 di—

406 1326 611 1393 gnitas,
636 1326 750 1374 tttm
788 1320 879 1373 Dei
899 1298 1206 1387 benignitas
1244 1316 1498 1369 notaiiet.
1521 1312 1637 1368 Hoc
1676 1312 1917 1367 maxime
1958 1326 1989 1365 a

403 1416 668 1489 pravitate
684 1426 787 1468 nos
804 1410 1029 1473 arcebit,
1045 1417 1100 1462 et
1114 1410 1157 1464 si
1174 1407 1587 1471 fortelabemur,
1606 1404 1763 1458 facile
1782 1418 1996 1473 repara-

404 1509 507 1563 bit.
543 1506 680 1561 Cum
703 1502 852 1560 enim
911 1502 1084 1556 multa
1132 1500 1244 1554 sint
1283 1513 1405 1568 quae
1458 1497 1688 1553 salutem
1746 1505 1988 1551 nostram

405 1597 673 1666 impedire
728 1601 959 1664 queant,
1008 1592 1350 1661 praecipuum
1398 1598 1503 1654 est,
1563 1588 1710 1659 quod
1763 1595 1991 1657 peccato

403 1698 742 1759 quocunque
794 1682 1064 1745 admisso,
1111 1695 1218 1734 non
1251 1679 1398 1734 illico
1441 1680 1506 1733 ad
1538 1678 1706 1732 Deum
1740 1676 1991 1732 conversi

404 1779 623 1836 veniam
659 1775 1002 1845 rogitamus;
1040 1772 1134 1826 sed
1161 1772 1990 1834 erubescentes,ettnetnemes,

2090 575 2362 645 σωμάτων
2418 573 2512 627 καί
2557 570 2987 641 θριαμϐεύοντες
3033 573 3148 635 τοῖς
3175 566 3286 627 τῶν
3313 569 3542 643 πληγῶν
3573 574 3675 625 τύ-

2088 684 2208 730 ποις
2239 666 2317 730 ώς
2348 666 2631 736 ἐπιγραφῇ
2662 662 2970 728 τροπαίων,
3005 662 3207 725 κύκλος
3253 664 3524 732 ἀριστέων
3557 662 3674 718 ἀπὸ

1665 761 1985 817 vulneribus

2092 760 2421 829 τραυμάτων
2463 756 2773 825 εὐδοκιμῶν
2821 755 2977 822 παρὰ
3036 755 3250 825 βασιλεῖ
3278 755 3358 825 τῷ
3393 756 3673 823 σφαγῆναι

2087 850 2420 920 νενικηκότι,
2454 851 2548 903 καὶ
2578 849 2607 901 δ
2638 865 2774 918 φησι
2796 847 3006 910 Παῦλος
3038 860 3057 898 ι
3085 848 3173 899 διὰ
3198 847 3260 900 τὸ
3309 848 3543 918 πάθημα
3576 848 3672 900 τοῦ

2090 941 2325 996 θανάτου
2352 939 2482 1013 δόξῃ
2512 938 2606 992 καί
2632 938 2769 1009 τιμῇ
2806 934 3274 1008 ἐστεφανωμένῳ.
3316 956 3334 987 ι

2161 1125 2345 1180 Ταῦτα
2369 1124 2721 1194 ποιουμένοις
2755 1120 2992 1191 μελέτην
3013 1118 3109 1174 καί
3132 1117 3342 1173 τούτων
3366 1116 3520 1173 οὖσιν
3548 1117 3677 1170 ὅσαι

2090 1212 2234 1289 ὧραι
2255 1218 2363 1271 τῶν
2389 1214 2696 1284 λογισμῶν,
2714 1214 2775 1266 τό
2802 1229 2862 1264 τε
2890 1211 2988 1280 τῆς
3018 1210 3233 1280 φύσεως
3263 1209 3419 1281 ἡμῶν
3458 1207 3677 1277 ἀξίωμα

2091 1310 2369 1380 γνώριμον
2388 1309 2424 1380 ἦ
2463 1326 2521 1361 τε
2544 1304 2928 1376 φιλανθρωπία
2952 1304 3084 1374 δήλη
3109 1301 3309 1372 γένοιτ’
3332 1301 3399 1355 ἂν
3423 1301 3557 1371 ἡμῖν
3580 1299 3675 1353 τοῦ

2093 1402 2253 1455 Θεοῦ.
2310 1400 2482 1455 Τοῦτο
2532 1399 2588 1453 δὲ
2629 1400 2866 1469 μάλιστα
2902 1396 3002 1468 μὲν
3039 1396 3132 1448 ἐπί
3188 1413 3242 1447 τι
3275 1393 3515 1463 πονηρόν
3550 1393 3679 1447 ἰδεῖν

2093 1498 2193 1551 οὐκ
2213 1499 2385 1563 ἐάσει,
2419 1497 2687 1555 πεσόντας
2732 1492 2810 1558 δέ,
2845 1493 2893 1545 εἰ
2923 1491 3191 1561 συμϐαίη,
3230 1488 3556 1559 ἀναλήψοιιτ⁹
3610 1488 3678 1542 ἂν

2095 1589 2312 1661 ῥᾳδίως.
2353 1584 2575 1642 Πολλῶν
2596 1586 2706 1657 γάρ
2737 1582 2932 1647 ὄντων,
2961 1584 3106 1653 άπερ
3135 1582 3201 1636 ἂν
3236 1583 3371 1653 ἡμῖν
3402 1582 3675 1651 προσταίη

2094 1686 2160 1752 τῇ
2201 1682 2468 1753 σωτηρίᾳ,
2519 1682 2777 1750 μέγιστον
2836 1677 3095 1732 ἁπάντων
3128 1676 3188 1730 τὸ
3219 1673 3679 1744 πλημμελοῦντας

2095 1774 2276 1827 ὁτιοῦν
2313 1775 2387 1844 μὴ
2423 1776 2560 1843 πρὸς
2589 1772 2679 1824 τὸν
2706 1771 2840 1824 Θεὸν
2864 1770 3030 1830 εὐθὺς
3073 1768 3451 1837 ἐπεστράφθαι
3478 1784 3679 1837 παραι-

405 1872 552 1927 viam
578 1870 645 1925 ad
673 1868 828 1923 illum
860 1864 1146 1920 molestam
1179 1878 1243 1917 ac
1271 1860 1568 1926 difﬁcilem,
1593 1859 1856 1927 illumque
1885 1856 1990 1910 ira~

2098 1864 2419 1929 τουμὲνουε,
2466 1863 2583 1919 ἀλλ’
2642 1864 3072 1933 αἰσχυνομένους
3106 1868 3202 1914 καὶ
3245 1860 3557 1925 δεδοικότας
3587 1863 3681 1931 ἐρ-

406 1977 527 2021 ιιιιιι
559 1962 720 2017 nobis
742 1968 797 2016 et
815 1957 1124 2021 inimicum,
1150 1965 1205 2010 et
1239 1968 1364 2008 eum
1392 1952 1653 2007 accedere
1683 1949 1991 2005 volentibus

411 2052 676 2125 singulari
712 2048 1111 2122 praeparatione
1139 2060 1277 2115 opus
1301 2057 1422 2099 esse
1448 2043 1762 2109 opinamur.
1793 2039 1994 2093 lium:-

409 2152 559 2208 nitas
586 2161 754 2219 porro
778 2142 874 2200 Dei
914 2139 1232 2212 hujusmodi
1280 2140 1515 2209 cogitata
1547 2153 1612 2191 ex
1644 2137 1826 2189 anima
1863 2134 1991 2189 fun-

410 2246 564 2301 ditus
588 2238 828 2311 eXpellit.
859 2236 997 2291 Nam
1030 2226 1124 2305 qui
1159 2234 1328 2303 probe
1368 2232 1623 2303 cdgnovit
1646 2240 1809 2300 quam
1835 2242 1993 2281 man-

409 2344 612 2393 suetus
642 2334 739 2399 sit,
772 2338 825 2384 et
857 2328 990 2382 illud
1038 2328 1274 2397 ignorat,
1318 2343 1337 2374 ι
1373 2324 1567 2377 Adhuc
1605 2330 1657 2375 te
1707 2320 1987 2390 loquente,

410 2430 577 2493 dicet,
609 2434 739 2480 ecce
781 2420 977 2475 adsum
1004 2416 1077 2482 “,
1113 2435 1131 2468 ι
1163 2416 1295 2486 quid
1334 2400 1472 2468 eum
1505 2420 1813 2467 remoretur
1857 2412 1990 2479 quin

406 2518 596 2574 statim
643 2524 707 2570 ut
734 2510 998 2584 peceavit,
1031 2520 1155 2564 eum
1191 2506 1390 2561 adeat?
1415 2503 1540 2559 Haec
1572 2504 1721 2557 enim
1745 2514 1991 2557 commu-

412 2610 502 2666 nis
529 2607 704 2664 bostis
733 2606 1027 2661 adversam
1079 2615 1181 2656 nos
1207 2597 1564 2661 machinatio,
1605 2603 1660 2649 et
1690 2588 1854 2650 dolus
1885 2601 1990 2661 est,

410 2701 542 2756 dum
570 2699 636 2754 ad
660 2704 946 2767 peccatum
978 2692 1262 2755 sollicitat,
1296 2688 1685 2745 conﬁdentiam
1714 2694 1773 2741 et
1817 2686 1995 2740 auda-

411 2787 827 2860 cilm‘excitare
862 2801 878 2840 :
912 2783 1194 2840 teterrima
1222 2780 1334 2851 iam
1381 2780 1557 2845 ausis,
1588 2776 1990 2847 prolapsisque,

410 2880 674 2953 puderem
734 2877 1077 2932 actimorem
1136 2870 1435 2927 absurdum
1471 2869 1717 2941 injicere,
1775 2876 1833 2922 ut
1866 2883 1991 2923 eum

410 2974 505 3030 illo
526 2971 693 3026 modo
738 2966 936 3024 cadere
968 2965 1178 3030 fecerit,
1213 2965 1319 3019 hoc
1339 2970 1644 3033 ;resurgere
1673 2972 1782 3016 non
1813 2962 1990 3026 sinat;

412 3080 512 3123 seu
538 3063 743 3135 putius,
774 3060 869 3115 illo
896 3072 927 3113 a
964 3058 1075 3114 beo
1108 3055 1382 3121 adducat;
1415 3054 1519 3107 hoc
1541 3052 1607 3107 ad
1639 3066 1763 3107 eum
1793 3051 1993 3107 reverti

412 3173 522 3212 non
574 3153 874 3227 permittat,
905 3160 1075 3221 atque
1117 3151 1191 3205 ita
1223 3149 1328 3205 viis
1387 3147 1684 3203 contrariis
1733 3146 1790 3201 in
1821 3158 1990 3200 unum

414 3249 734 3305 barathrum
764 3243 1069 3316 pertrabat.

482 3429 591 3487 Sed
622 3429 737 3485 bmc
766 3425 917 3483 omni
965 3423 1250 3496 diligentia
1299 3419 1544 3477 cavenda
1593 3430 1746 3488 sntit,
1798 3430 1992 3490 nempe

412 3529 539 3577 ante
562 3530 848 3591 peccatum
877 3513 1126 3581 audacia,
1160 3523 1215 3569 et
1242 3520 1370 3583 post
1396 3520 1680 3582 peccatqu
1729 3511 1903 3578 pudor
1927 3524 1993 3564 ac

411 3614 605 3676 timor,
636 3610 776 3666 nihil
797 3608 945 3664 enim
978 3605 1390 3663 commoditatis
1421 3601 1644 3658 habent.
1680 3603 1796 3657 Non
1847 3603 1990 3657 enim

413 3707 583 3763 timor
603 3704 705 3761 iste
733 3703 936 3767 calcar,
968 3701 1064 3756 sed
1094 3708 1285 3769 stupor
1308 3697 1532 3768 quidam
1562 3707 1627 3751 ac
1648 3705 1835 3765 torpor
1874 3694 1995 3748 ani-

414 3803 608 3858 mabus
633 3808 718 3855 est
746 3813 761 3849 :
792 3810 891 3851 nec
919 3793 1301 3851 erubescimus
1347 3788 1691 3853 vulneribus,
1721 3797 1782 3843 ut
1833 3788 1990 3841 auxi-

413 3894 483 3949 lia
506 3889 961 3957 curationemque
998 3883 1365 3947 inveniamus,
1419 3880 1515 3936 sed
1550 3889 1610 3934 ut
1646 3879 1838 3935 oculos
1866 3876 1992 3933 Sal-

411 3983 616 4041 vatoris
651 3978 1013 4048 eifugiamus;
1040 3973 1188 4028 sicut
1210 3971 1383 4025 Adam
1440 3982 1501 4026 se
1527 3966 1837 4032 abscondit,
1863 3976 1991 4035 pro-

414 4088 535 4152 pter
558 4076 759 4132 vulnus
786 4080 1011 4126 manum
1071 4065 1268 4121 medici
1326 4060 1539 4134 fugiens
1557 4061 1802 4135 (propter
1845 4058 1990 4129 quod

415 4174 558 4231 enim
583 4174 829 4238 (tumere
852 4161 1108 4225 debebat,
1138 4170 1208 4215 ne
1239 4168 1521 4228 peccatum
1558 4155 1627 4210 de
1652 4155 1771 4225 ipso
1798 4152 1992 4207 trium—

414 4260 651 4331 pharct),
687 4265 914 4307 uxorem
951 4257 1133 4303 autem
1184 4245 1470 4316 ohjieiens,
1518 4253 1583 4299 ut
1632 4252 1897 4313 quantum
1934 4240 1991 4295 in

414 4364 536 4422 ipso
568 4356 706 4412 erat,
738 4342 1024 4399 mollitiem
1058 4341 1224 4395 animi
1257 4340 1340 4395 sui
1391 4348 1599 4409 tegeret
1650 4350 1715 4391 ac
1762 4334 1989 4389 velaret.

413 4442 480 4499 Et
507 4441 651 4497 sicut
686 4446 809 4509 post
831 4435 984 4491 illum
1011 4433 1148 4490 Cain
1200 4444 1455 4502 quaerens
1502 4430 1671 4484 latere
1714 4425 1992 4497 quomodo

2096 1961 2245 2029 γώδη
2283 1961 2405 2013 τινὰ
2467 1957 2715 2029 νομίζειν
2779 1958 2881 2025 τὴν
2928 1957 3009 2013 εἰς
3050 1952 3257 2008 ἐκεῖνον
3290 1954 3427 2019 ὁδὸν,
3478 1956 3569 2007 καὶ
3601 1955 3678 2015 ὡς

2094 2054 2329 2125 ὀργίλως
2378 2053 2514 2118 πρός
2550 2053 2700 2121 ἡμᾶς
2742 2054 2835 2104 καὶ
2858 2050 3136 2118 δυσχερῶς
3165 2047 3277 2118 ἔχει
3308 2050 3400 2101 καὶ
3435 2047 3678 2117 μεγάλης

2094 2146 2176 2198 δεῖ
2212 2146 2327 2206 τοῖς
2352 2142 2679 2213 προσελθεῖν
2712 2141 3066 2209 βουλομένοις
3094 2134 3454 2209 Παρασκευῆς
3477 2156 3490 2170 ⁸
3530 2140 3562 2207 ἡ
3615 2140 3673 2191 δὲ

2094 2236 2188 2289 τοῦ
2220 2232 2357 2289 Θεοῦ
2388 2234 2774 2304 φιλανθρωπία
2799 2233 2898 2302 τῆς
2919 2232 3097 2303 ψυχῆς
3132 2233 3450 2285 παντάπασι
3483 2230 3671 2283 τοῦτον

2095 2329 2349 2382 ἐκϐάλλει
2384 2328 2477 2381 τὸν
2514 2326 2798 2397 λογισμόν.
2829 2324 2921 2394 Τῷ
2954 2325 3067 2396 γὰρ
3098 2325 3264 2377 εἰδότι
3294 2322 3499 2391 σαφῶς,
3524 2322 3676 2386 ὅπως

2076 2404 2440 2492 ίὴμερότητος
2471 2420 2604 2490 ἔχει,
2637 2419 2732 2473 καὶ
2758 2419 2834 2481 ώς
2861 2419 2945 2472 ἐτι
3005 2437 3023 2469 ι
3063 2416 3354 2478 λαλοῦντος
3380 2418 3517 2486 ἐρεῖ,
3540 2416 3678 2470 Ἰδοὺ

2096 2515 2354 2584 πάρειμι,
2383 2532 2400 2564 ι
2433 2514 2487 2568 τί
2515 2511 2715 2579 γένοιτ’
2753 2512 2819 2565 ἂν
2852 2510 3086 2579 κώλυμα
3125 2511 3257 2579 περὶ
3283 2510 3391 2563 τῶν
3424 2512 3681 2580 ἡμαρτη-

2038 2660 2048 2670 ,
2099 2608 2278 2676 μένων
2306 2606 2468 2668 εὐθὺς
2494 2604 2643 2674 αὐτῷ
2669 2604 3027 2675 προσελθεῖνς
3055 2602 3229 2657 Τοῦτο
3244 2603 3354 2673 γὰρ
3377 2603 3681 2675 μηχάνημα

2097 2697 2219 2750 καθ’
2250 2698 2279 2766 ἠ
2291 2696 2407 2766 μῶν
2439 2697 2534 2750 καὶ
2566 2697 2733 2766 τέχνη
2760 2695 2853 2749 τοῦ
2882 2695 3065 2748 κοινοῦ
3097 2694 3380 2765 πολεμίου,
3411 2697 3546 2767 πρὸς
3576 2697 3678 2766 μὲν

2094 2786 2193 2857 τὴν
2234 2787 2515 2857 ἁμαρτίαν
2549 2788 2753 2855 άγοντα
2783 2786 3091 2857 θρασύτητι
3122 2788 3219 2840 καὶ
3260 2786 3437 2860 τόλμῃ
3485 2791 3677 2852 κινεῖν,

2094 2880 2401 2948 τολμήσασι
2431 2880 2487 2933 δέ
2518 2880 2587 2932 τὰ
2636 2879 2925 2932 δεινότατα
2976 2879 3072 2933 καὶ
3126 2878 3387 2932 πεσοῦσιν
3412 2878 3679 2950 αἰςχύνην

2097 2972 2190 3025 καί
2222 2971 2339 3034 δέος
2360 2971 2563 3025 ἄτοπον
2593 2969 2879 3033 ἐντιθέναι,
2901 2970 2976 3031 ὡς
2996 2966 3063 3022 ἂν
3090 2966 3171 3039 τῷ
3199 2968 3300 3039 μέν
3319 2971 3676 3040 παρασκευά-

2098 3079 2165 3132 σῃ
2193 3065 2402 3127 πεσεῖν,
2435 3060 2513 3131 τῷ
2560 3061 2605 3114 δ’
2635 3060 2937 3130 ἀναστῆναι
2976 3058 3052 3130 μὴ
3096 3060 3447 3130 συγχωρήσῃ,
3478 3058 3678 3129 μᾶλλον

2094 3154 2153 3208 δέ
2181 3156 2257 3226 τῷ
2293 3154 2392 3226 μὲν
2419 3155 2688 3224 ἀπαγάγῃ
2719 3151 2881 3218 Θεοῦ,
2910 3152 2988 3219 τῷ
3014 3151 3069 3205 δέ
3093 3150 3231 3221 πρὸς
3262 3148 3425 3205 αὑτὸν
3448 3152 3681 3205 ἐπανελ-

2019 3238 2063 3295 C
2099 3247 2211 3302 θεῖν
2248 3249 2350 3302 οὐκ
2393 3247 2550 3320 ἐάσῃ,
2598 3247 2693 3299 καί
2749 3240 3011 3300 οὕτωδιὰ
3051 3243 3161 3299 τῶν
3193 3242 3454 3300 ἐναντίων
3484 3244 3570 3313 ἐφ’
3616 3244 3678 3298 ἐν

2097 3342 2304 3414 ἐλκύσῃ
2335 3340 2633 3412 βάραθρον.
2764 3390 2769 3393 Α

2171 3433 2362 3488 Ταῦτα
2422 3432 2480 3486 δὲ
2537 3430 2688 3502 πάσῃ
2750 3428 2955 3501 σπουδῇ
3007 3426 3375 3497 φυλάττεσθαι
3428 3425 3530 3492 δεῖ,
3580 3429 3679 3481 καὶ

2096 3528 2324 3597 φεύγειν
2379 3523 2588 3592 suam;
2652 3523 2751 3593 τήν
2801 3540 2861 3577 τε
2918 3520 3026 3594 πρὸ
3084 3523 3183 3590 τῆς
3227 3518 3503 3586 ἁμαρτίας
3553 3519 3678 3574 τόλ-

2099 3636 2208 3691 μαν
2263 3616 2361 3670 καὶ
2413 3615 2514 3687 τὴν
2569 3617 2710 3685 μετὰ
2766 3614 2972 3686 ταύτην
3028 3614 3295 3685 αἰσχύνην
3345 3614 3439 3667 καὶ
3489 3615 3674 3681 φόϐον,

2093 3704 2171 3766 ὧν
2236 3708 2390 3764 οὐδὲν
2452 3706 2670 3778 ὄφελος.
2732 3709 2806 3767 Οὐ
2864 3709 2975 3775 γὰρ
3028 3704 3095 3777 δὴ
3156 3705 3383 3775 κέντρον
3447 3696 3599 3765 οὗτος
3646 3704 3677 3764 ό

2099 3801 2289 3873 φόϐος,
2318 3798 2457 3853 ἀλλὰ
2486 3800 2664 3870 νάρκη
2697 3797 2781 3863 τίς
2805 3802 2923 3851 ἐστι
2950 3800 3072 3859 ταῖς
3094 3796 3317 3867 ψυχαῖς,
3349 3796 3457 3849 οὐδ’
3485 3797 3674 3865 αἰσχυ-

2095 3889 2304 3963 νόμεθα
2339 3890 2451 3953 τοῖς
2474 3889 2814 3959 τραύμασιν,
2837 3884 2903 3941 ἶν’
2926 3886 3241 3957 ἐξεύρωμεν
3262 3877 3305 3953 ᾧ
3339 3884 3675 3955 θεραπεύσοο

2095 4002 2219 4065 μεν,
2253 3983 2372 4039 ἀλλ’
2432 3983 2522 4035 ἵνα
2550 3982 2676 4044 τοὺς
2706 3979 2802 4035 τοῦ
2835 3978 3092 4053 Σωτῆρος
3149 3976 3413 4049 φύγωμεν
3464 3977 3674 4045 ὀφθαλ-

2095 4077 2254 4149 μοὺς,
2288 4073 2543 4146 καθάπερ
2572 4071 2748 4144 Ἀδὰμ
2766 4070 3004 4143 ἐκρύϐη,
3026 4070 3114 4126 διὰ
3131 4069 3192 4124 τὸ
3216 4071 3437 4141 τραῦμα
3456 4070 3554 4140 τὴν
3574 4070 3671 4123 τού

2099 4166 2285 4238 ἰατροῦ
2331 4168 2490 4237 χεῖρα
2544 4164 2789 4235 φεύγων,
2836 4162 2977 4234 ὑπὲρ
3004 4152 3065 4219 οὗ
3098 4164 3284 4235 ζητεῖν
3325 4161 3458 4229 ἔδει,
3486 4160 3564 4230 τῷ
3595 4160 3672 4230 μὴ

2095 4254 2219 4313 κατ’
2252 4256 2415 4320 αὐτὸς
2439 4255 2606 4310 αὐτοῦ
2640 4254 3013 4326 θριαμϐεῦσαι
3042 4252 3141 4326 τὴν
3189 4254 3489 4325 ἁμαρτίαν,
3535 4250 3672 4306 ἀλλὰ

2092 4349 2194 4422 τὴν
2214 4349 2451 4418 γυναῖκα
2476 4346 2873 4419 προϊσχόμενος
2898 4345 2997 4417 τὴν
3019 4346 3117 4417 τῆς
3142 4344 3369 4416 γνώμης
3384 4343 3671 4400 ἀσθένειαν

2097 4440 2444 4511 συγκαλύψαι
2473 4440 2533 4493 τό
2564 4438 2616 4508 γ’
2650 4439 2738 4493 ἐπ’
2771 4436 2920 4509 αὐτῷ
2941 4454 2955 4471 ο
2990 4438 3086 4490 καὶ
3141 4436 3281 4491 Κάῖν
3312 4434 3433 4506 μετ’
3460 4435 3672 4488 ἐκεῖνον

410 4550 473 4592 se
500 4542 663 4607 pesse
688 4532 857 4587 latere
883 4528 1112 4600 putabat
1131 4540 1257 4583 eum
1286 4525 1444 4593 cujus
1462 4522 1636 4578 oculis
1661 4526 1846 4590 pacem
1870 4529 1991 4572 om-

2095 4532 2377 4587 λανθάνειν
2392 4529 2595 4602 ζητῶν,
2614 4523 2695 4594 οἷς
2712 4528 2865 4601 ᾠηθῇ
2892 4528 3191 4599 δυνηθῆναι
3206 4526 3411 4592 λαθεῖν,
3427 4520 3470 4594 ᾧ
3495 4528 3672 4580 πάντα

412 4603 526 4682 ιιἱοὶ
558 4620 833 4679 Cooducit
888 4619 1034 4674 enim
1085 4622 1137 4672 et
1191 4614 1405 4679 timere,
1440 4620 1494 4666 ct
1539 4610 1883 4670 erubescere,
1937 4613 1991 4662 et

2106 4624 2214 4696 πρὸ
2242 4623 2351 4678 τῶν
2377 4613 2708 4694 ὀφθαλμῶνί
2731 4621 2889 4676 Ἐστι
2914 4622 3025 4691 γὰρ
3055 4616 3352 4680 λυσιτελῶς
3374 4626 3461 4671 καλ
3491 4618 3672 4671 δεῖσαι

412 4715 685 4775 macerari
749 4712 952 4777 animo,
1008 4719 1066 4765 et
1129 4721 1330 4777 corpus
1362 4704 1702 4765 submittere,
1726 4712 1850 4755 cum
1871 4700 1989 4755 haec

412 4811 480 4867 ad
510 4808 681 4866 Deum
713 4810 814 4861 nes
842 4802 1099 4874 expedire
1129 4799 1425 4870 potuerint.
1461 4815 1481 4847 ι
1514 4795 1555 4848 Α
1582 4792 1850 4848 fructibus
1896 4805 1992 4847 coa-

416 4917 558 4966 rum,
580 4892 1136 4967 inquinetignoscetis
1152 4898 1250 4945 eos
1266 4891 1314 4922 ⁸ο
1351 4905 1371 4940 ι
1391 4886 1457 4939 Et
1471 4885 1729 4954 quoniam
1749 4898 1858 4938 non
1873 4898 1989 4937 moi

412 4996 482 5050 do
504 4992 682 5063 pudor
721 5004 784 5043 ac
812 4990 998 5055 timor,
1026 4986 1121 5040 sed
1149 4981 1332 5053 gravis
1364 4981 1493 5033 item
1543 4976 1764 5031 tristitia
1794 4988 1989 5045 pecca-

414 5098 530 5139 tum
559 5082 782 5152 exeipit,
813 5080 978 5135 etiam
1031 5077 1146 5131 haec
1189 5072 1280 5127 Dei
1332 5069 1729 5125 humanitatem
1784 5067 1988 5135 optime

409 5172 869 5245 cognoscentibus
895 5167 1030 5223 nihil
1058 5161 1327 5219 nocuerit.
1360 5160 1494 5215 Nam
1527 5160 1629 5214 etsi
1651 5157 1985 5215 scelestissi-

410 5280 626 5321 tuorum
677 5262 987 5319 facinorum
1028 5255 1133 5311 sibi
1190 5253 1301 5308 sint
1350 5253 1580 5314 conscii,
1614 5267 1724 5307 non
1779 5252 1985 5308 idcirco

408 5372 558 5425 spent
610 5356 785 5410 venite
836 5346 1153 5421 projicient,
1189 5344 1427 5399 scientes
1460 5342 1591 5395 nihil
1651 5342 1788 5398 adeo
1845 5343 1985 5396 indi-

408 5460 573 5518 gnum
604 5452 727 5500 esse
755 5439 933 5501 venia,
970 5447 1031 5490 ut
1056 5434 1147 5490 Dei
1177 5435 1522 5490 clementiam
1559 5434 1760 5488 vincat.
1791 5433 1989 5487 Tristi-

409 5540 480 5594 tia
505 5545 689 5593 autem
721 5528 1028 5584 afﬁciantur
1059 5526 1307 5592 salutari,
1336 5539 1387 5581 et
1437 5528 1726 5588 curabunt,
1779 5532 1835 5577 ut
1861 5540 1979 5579 eam

405 5628 775 5701 ampliﬁcent;
819 5621 967 5676 illam
1020 5621 1251 5676 alteram
1280 5620 1452 5676 bonas
1494 5632 1616 5688 spes
1647 5616 1984 5672 labefactan-

404 5729 512 5776 tem
538 5718 830 5790 iugalium.

474 5924 522 5959 “
551 5922 716 5981 Hebr.
758 5940 820 5994 ιι,
863 5922 920 5982 9.
992 5924 1039 5957 ’⁸⁸
1085 5924 1190 5981 lsa.
1233 5937 1384 5990 Li'lll,
1417 5920 1471 5978 9.
1546 5919 1593 5954 ⁸⁸
1634 5917 1819 5973 Matth.
1867 5933 1960 5983 vn,
1998 5917 2086 5975 16.

2093 4714 2189 4770 καὶ
2215 4713 2575 4785 αἰσχυνθῆναι
2600 4713 2697 4766 καὶ
2719 4711 2901 4782 ψυχὴν
2927 4709 3090 4780 τῆξαι
3113 4711 3209 4765 καὶ
3232 4701 3391 4779 σῶμα
3417 4726 3675 4775 κατενεγο

2092 4801 2233 4866 κεῖν,
2257 4799 2387 4855 ὅταν
2403 4799 2542 4870 πρὸς
2561 4798 2656 4853 τὸν
2671 4796 2807 4853 Θεὸν
2822 4797 2993 4852 ταῦτα
3014 4799 3237 4868 δύνηται
3260 4799 3468 4868 φέρειν.
3496 4814 3514 4848 ι
3539 4797 3673 4850 Ἀπὸ

2091 4889 2202 4960 γάρ
2229 4889 2339 4943 τῶν
2369 4887 2599 4958 καρπῶν
2651 4886 2853 4951 αὐτῶν,
2915 4887 3104 4955 φησὶν,
3159 4886 3531 4955 ἐπιγνώσεσθε
3569 4887 3674 4939 αύο

2090 4983 2252 5045 τούς⁶
2298 4999 2318 5032 ι
2349 4979 2474 5033 ἐπεί
2516 4974 2562 5032 δ’
2608 4979 2707 5049 οὐχ
2747 4977 2876 5032 ὅσον
2929 4978 3163 5048 αἰσχύνη
3198 4978 3294 5032 καὶ
3340 4977 3482 5041 δέος,
3532 4977 3672 5029 ἀλλὰ

2094 5069 2292 5142 βαρεῖά
2319 5088 2404 5135 τις
2424 5070 2550 5124 ἀνία
2575 5069 2675 5140 τὴν
2707 5068 2983 5139 ἁμαρτίαν
3012 5070 3320 5139 ἐκδέχεται,
3350 5068 3441 5122 καὶ
3466 5068 3670 5138 ταύτης

2091 5161 2316 5232 οὐδεμία
2339 5160 2537 5229 γένοιτ’
2566 5159 2632 5214 ἂν
2664 5156 2839 5231 βλάϐη
2861 5162 2976 5224 τοῖς
2998 5159 3252 5231 ἀκριϐῶς
3282 5161 3381 5232 τὴν
3411 5160 3505 5214 τοῦ
3532 5158 3669 5212 θεοῦ

2092 5253 2513 5323 φιλανθρωπίαν
2535 5254 2949 5325 ἐπισταμένοις.
2971 5253 3090 5308 Κᾶν
3117 5255 3224 5324 γὰρ
3247 5255 3314 5309 τά
3337 5257 3541 5324 ἔσχατα
3565 5255 3671 5307 τῶν

2091 5347 2279 5400 κακῶν
2297 5348 2485 5411 αὐτοῖς
2511 5346 2853 5414 συνειδῶσιν,
2886 5349 2988 5401 οὐκ
3012 5346 3078 5400 ἂν
3104 5347 3359 5416 πρόοιντο
3397 5350 3495 5411 τὰς
3515 5348 3667 5399 ἐλπὶο

2091 5438 2188 5500 δας
2210 5455 2224 5471 ·
2251 5437 2490 5493 εἴσονται
2525 5436 2582 5492 δὲ
2622 5437 2792 5507 μηδὲν
2821 5436 2965 5491 οὕτω
3016 5438 3203 5507 μεῖζον
3228 5434 3371 5492 εἰναι
3422 5440 3671 5505 συγγνὼο

2097 5542 2224 5599 μης,
2286 5531 2429 5586 ὥστε
2482 5533 2583 5603 τῆς
2636 5530 2732 5586 τοῦ
2760 5530 2898 5609 Θεοῦ
2944 5532 3223 5603 κρατῆσαι
3272 5532 3666 5603 χρηστότητος.

2092 5622 2271 5691 λύπην
2300 5624 2357 5676 δὲ
2407 5628 2507 5692 τὴν
2540 5624 2641 5695 μὲν
2676 5624 2887 5678 οἴσουσι
2943 5625 3040 5692 τὴν
3076 5626 3343 5694 σωτήριον
3378 5626 3471 5676 καὶ
3502 5624 3670 5692 ζητὴ-

2095 5710 2300 5778 σουσιν,
2334 5708 2416 5778 οἷς
2453 5715 2624 5785 μείζω
2678 5716 2994 5785 ποιήσουσι,
3044 5716 3142 5785 τὴν
3193 5716 3384 5784 ἑτέραν
3411 5715 3466 5767 δὲ
3498 5715 3668 5767 ἐκϐα-

2090 5805 2240 5857 λοῦσι
2268 5807 2390 5869 ταῖς
2423 5806 2651 5873 ἀγαθαῖς
2678 5808 2862 5860 ἐλπίσι
2895 5808 3325 5878 λυμαινομένην.
