4036 6438
402 394 526 460 »Ὲδῧ

1630 392 1932 453 ΝΞΩΟΙΛΙ
1973 392 2368 452 CABASILE

3581 384 3685 445 656

429 526 537 566 tum
573 512 699 582 quia
731 513 901 566 multo
934 512 1044 580 iam
1096 519 1337 577 tcn‘tpore
1375 506 1657 559 nobiscmu
1689 516 1834 561 sunt.
1894 508 1996 570 Qui

2123 501 2238 559 ,ἷνσι
2268 509 2341 576 τῷ
2369 524 2425 557 τε
2465 506 2631 557 πολιν
2661 508 2791 574 ἡμῖν
2816 507 3008 574 χρόνον
3033 505 3309 555 συνεῖναι·
3353 502 3486 571 πρὸς
3508 500 3564 553 δὲ
3593 503 3687 552 τὸν

422 613 604 658 autem
640 603 838 657 mentis
864 602 1132 664 rationes,
1175 598 1439 665 illiusque
1472 596 1875 665 philosophiam
1914 609 2002 649 se-

421 696 540 748 rius
568 694 885 762 attigerunt,
915 691 999 744 his
1033 689 1203 742 multa
1235 686 1518 755 diligentia
1550 696 1637 778 est
1665 684 2002 749 necessaria,

422 792 483 841 ut
521 786 574 839 in
629 784 778 839 brevi
814 793 1084 852 tempore,
1145 789 1199 836 et
1227 779 1451 835 assidua
1504 780 1906 834 consuetudine
1937 778 2005 831 ad

422 880 626 934 bonum
668 878 997 943 adiciantur,
1042 876 1184 945 quod
1224 883 1451 945 repente
1481 875 1708 943 arrepit,
1753 874 1846 928 sed
1881 886 2007 927 sero

421 970 600 1033 valde,
644 969 945 1038 multisque
994 969 1106 1039 jam
1157 967 1285 1022 aliis
1315 967 1504 1036 plenos
1532 965 1853 1037 ingreditur.
1893 962 2007 1031 .Vix

420 1064 567 1118 enim
596 1071 857 1138 contenta
891 1071 944 1116 et
970 1061 1084 1115 acri
1113 1059 1503 1116 exercitatione
1534 1058 1855 1114 diuturnum
1881 1073 2005 1112 cum

422 1154 533 1209 illis
559 1153 685 1207 aliis
718 1154 1114 1208 commercium
1167 1151 1547 1221 praecidentes,
1586 1166 1715 1206 vera
1751 1150 2006 1219 Opinato-

420 1260 567 1311 rum,
632 1252 688 1296 et
743 1243 884 1296 bona
930 1241 1108 1297 solida
1152 1240 1528 1310 iucundorum
1576 1240 1696 1293 loco
1748 1240 2008 1294 inducere

419 1335 720 1405 possimus.
780 1330 939 1388 Unde
1008 1349 1109 1388 nec
1160 1332 1493 1393 mirandum,
1554 1332 1598 1384 si
1633 1331 2006 1401 cogitationes

417 1429 640 1499 optimm
668 1427 811 1483 haud
860 1426 1069 1494 ubique
1100 1425 1273 1480 malas
1302 1434 1577 1495 superent.
1603 1424 2006 1479 et'melioribus

419 1522 724 1575 deteriores
765 1518 903 1573 nihil
955 1517 1266 1573 conci-dant
1312 1519 1455 1586 apud
1486 1531 1603 1580 eos,
1646 1518 1739 1585 qui
1778 1516 2010 1569 ratione

421 1621 681 1667 utuntur.
740 1608 877 1663 Nam
906 1608 1035 1679 jure
1070 1610 1282 1678 optimo
1334 1606 1581 1662 suiliccrc
1617 1607 1795 1662 sentio
1826 1615 1885 1661 ut
1914 1606 2011 1661 bo-

420 1716 531 1755 nus
561 1716 683 1754 csse
731 1701 933 1768 possis,
974 1715 1082 1752 non
1122 1698 1229 1753 hoc
1267 1699 1446 1767 ipsum
1490 1699 1534 1752 si
1564 1698 1845 1759 didiceris,
1876 1698 2008 1767 quid

422 1791 583 1843 nobis
616 1789 917 1842 bonitatem
955 1789 1318 1857 persuadeat;
1360 1788 1453 1841 sed
1500 1790 1569 1848 si,
1606 1788 1751 1856 quod
1786 1802 2010 1842 necesse

422 1890 531 1944 est,
569 1879 620 1933 in
643 1896 709 1933 eo
741 1878 907 1933 etiam
934 1879 1247 1933 meditando
1274 1879 1614 1941 immoreris,
1637 1890 1689 1933 et
1713 1880 2011 1948 cogitando

423 1972 649 2029 insistas
681 1992 694 2028 :
731 1982 785 2028 et
815 1989 938 2029 cum
968 1982 1174 2028 rectam
1202 1972 1469 2027 rationem
1506 1974 1861 2045 cognoveris,
1895 1989 2003 2028 non

422 2080 543 2120 eam
578 2065 751 2121 solum
812 2066 952 2119 intra
1005 2075 1056 2120 te
1088 2063 1328 2129 habeas;
1379 2064 1473 2119 sed
1526 2080 1589 2118 ea
1650 2079 1869 2134 quoque
1917 2065 2010 2119 ubi

424 2176 568 2232 cpus
598 2170 679 2216 est
703 2169 879 2223 utare,
939 2160 1084 2215 sicut
1137 2169 1189 2213 ct
1219 2159 1396 2221 cibus,
1446 2167 1503 2213 et
1530 2174 1705 2223 arma,
1755 2173 1808 2213 et
1839 2159 2013 2214 inedi-

426 2257 580 2321 cina,
625 2264 680 2311 et
762 2254 960 2317 Vestis,
1031 2268 1141 2307 non
1193 2251 1519 2321 simpliciter
1552 2251 1753 2322 quibus
1789 2253 2009 2317 adsunt,

428 2349 636 2420 quique
667 2362 731 2402 ea
759 2345 1064 2416 possident,
1094 2344 1445 2399 commodum
1481 2342 1669 2397 ferunt
1734 2344 2012 2398 utentibus

428 2442 547 2509 ipse
597 2456 736 2496 usus
786 2437 1126 2496 commodat.
1160 2435 1319 2502 Quod
1367 2434 1412 2489 si
1443 2449 1626 2503 prava:
1656 2434 2013 2503 cngitationes

428 2534 811 2590 incumbentes
843 2541 1079 2586 mentem
1111 2530 1413 2593 detineant,
1449 2529 1607 2582 bona:
1631 2528 2014 2581 tantummodo

427 2635 662 2696 gustata;
711 2626 1047 2687 sentiantur.
1101 2621 1374 2679 deteriora
1430 2623 1681 2685 vincunt,
1738 2630 1792 2674 et
1836 2633 2017 2687 pravae

409 2706 651 2791 ‘quidem
715 2730 955 2795 actuosae
1018 2730 1143 2770 cum
1177 2715 1310 2778 sint,
1335 2714 1534 2768 anima:
1562 2717 1842 2781 regionem
1878 2713 2017 2767 insi-

431 2815 587 2874 dent,
614 2812 739 2866 aliae
767 2820 824 2865 ut
853 2811 1011 2865 victa:
1052 2816 1109 2863 et
1137 2808 1331 2863 otiosae
1362 2820 1592 2876 prorsus
1623 2805 2010 2861 exturbantur.

432 2904 581 2961 Nihil
608 2903 773 2974 igitur
802 2915 1030 2965 novum,
1070 2912 1178 2953 non
1205 2897 1483 2953 aediﬁcare
1505 2897 1894 2963 architectum,
1921 2904 2016 2951 aut

438 2995 714 3050 medicum
770 3009 877 3046 non
909 3006 1128 3057 sanare,
1186 2999 1284 3043 aut
1313 2989 1566 3058 Opiﬁcem
1631 3004 2016 3059 quemcunque

438 3100 548 3139 non
567 3098 728 3139 suum
754 3097 954 3136 munus
976 3080 1151 3145 obire,
1178 3077 1442 3148 quamdiu
1469 3085 1640 3131 artem
1660 3092 1766 3131 non
1792 3075 2016 3130 adhibet

439 3191 540 3231 nec
569 3174 701 3229 illud
752 3174 977 3237 mirum,
1023 3171 1069 3225 si
1100 3170 1225 3239 quis
1250 3179 1457 3224 rectam
1487 3169 1753 3222 rationem
1785 3167 2013 3233 habens,

435 3274 688 3336 agentem
715 3276 881 3334 porro
930 3278 1039 3317 nun
1075 3262 1309 3326 habens,
1356 3260 1566 3314 nullum
1595 3259 1889 3329 diligentiae
1911 3260 1993 3313 fin

437 3372 586 3413 ctum
611 3359 776 3426 capit.
802 3354 996 3410 Utatur
1015 3353 1161 3407 enim
1180 3352 1452 3421 quispiam
1471 3351 1642 3406 armis
1663 3360 1854 3405 contra
1875 3352 2027 3405 inva-

438 3452 653 3513 dentes,
675 3458 948 3518 quatenus
977 3446 1238 3502 convenit
1270 3461 1369 3513 eos
1402 3445 1763 3512 illeriiciens,
1791 3457 1908 3499 arte
1926 3460 2025 3499 au.-

440 3553 572 3605 tcm,
588 3542 890 3595 secundum
915 3540 1088 3610 ipsam
1111 3554 1298 3608 agens.
1316 3535 1429 3593 Nos
1447 3551 1576 3593 vero
1597 3537 2024 3607 cogitationibus

438 3634 664 3705 Optimis
691 3633 836 3688 sicut
857 3631 1191 3686 consiliariis
1213 3631 1437 3694 utimur,
1467 3639 1701 3685 mentem
1734 3628 2024 3685 adverten-

444 3737 547 3791 tes,
595 3740 704 3778 non
743 3734 802 3777 ut
825 3739 950 3777 cum
977 3722 1229 3778 didicerit
1256 3737 1380 3792 qua:
1407 3721 1904 3793 oportet,‘.novcrit,
1929 3721 2025 3775 sed

444 3827 505 3871 ut
535 3832 660 3871 cum
695 3818 1032 3887 cognoverit,
1059 3817 1479 3885 persuadeatur,
1500 3829 1733 3883 vereque
1755 3814 2023 3869 bonorum

444 3926 686 3967 amorem
720 3910 1037 3978 concipiat;
1061 3908 1205 3978 quod
1262 3908 1450 3963 sedula
1484 3906 1841 3962 meditatione
1878 3915 2023 3978 eget,

444 4005 664 4075 quando
683 4011 877 4059 contra
904 4000 958 4054 in
987 4000 1145 4054 malis
1170 3998 1428 4068 occupari
1456 4007 1509 4052 et
1530 4000 1807 4054 immorari
1830 4001 2028 4055 anime:

446 4098 738 4151 exitiosum
772 4103 895 4159 est;
935 4090 1261 4161 simpliciter
1308 4100 1489 4144 autem
1527 4107 1718 4146 eorum
1751 4093 2025 4156 notiones,

447 4191 584 4243 nihil
615 4190 819 4241 habent
852 4184 1001 4237 mali.
1053 4181 1425 4248 Quamobrem
1475 4185 1753 4252 quomodo
1793 4183 1884 4239 hic
1944 4183 2029 4236 fu-

448 4283 568 4351 gien
592 4280 664 4343 la,
702 4281 777 4333 ita
817 4278 930 4330 illic
962 4277 1328 4332 consectanda
1365 4287 1449 4331 est
1474 4277 1778 4331 meditatio.

526 4371 672 4424 Velle
708 4372 878 4440 igitur
908 4370 1110 4424 bonum
1161 4368 1532 4423 diilicultatcm
1570 4383 1676 4423 non
1712 4369 1893 4433 habet,
1928 4383 2029 4422 nec

446 4480 538 4518 res
560 4464 662 4518 ista
689 4454 869 4517 sindio
924 4460 1164 4514 creditur
1218 4461 1477 4531 indigere.
1537 4463 1616 4515 Ad
1647 4461 2023 4530 accipiendum

2108 600 2232 651 νοῦν
2260 601 2352 652 καὶ
2377 599 2475 668 τὴν
2499 598 2711 651 ἐκείνου
2743 596 3061 667 φιλοσοφίαν
3090 596 3272 664 χρόνῳ
3301 593 3530 662 ὕστερον
3566 593 3691 657 ἀφι-

2110 690 2331 757 γμένοις
2362 687 2568 757 πολλῆς
2601 687 2813 757 ἀνάγκη
2867 689 2971 756 τῆς
3005 684 3263 754 σπουδῆς,
3295 682 3368 746 ὡς
3398 682 3458 733 ἐν
3495 680 3691 751 βραχεῖ

2109 782 2287 850 χρόνῳ
2316 781 2413 833 καὶ
2443 780 2704 852 συνεχοῦς
2735 779 3049 843 συνουσίας,
3074 777 3217 830 ὥστε
3247 777 3446 829 παθεῖν
3467 792 3520 827 τι
3547 775 3693 841 πρὸς

2107 874 2169 925 τὸ
2196 872 2402 940 ἀγαθὸν
2425 872 2553 925 οὔτε
2587 872 2786 926 αὐτίκα
2810 873 3011 941 τέρπον
3044 871 3143 925 καὶ
3173 869 3271 939 ὀψὲ
3305 868 3450 939 μάλα
3478 868 3689 920 πολλῶν

2110 966 2210 1037 ἢδη
2244 965 2616 1035 πληρωθεῖσιν
2646 966 3133 1035 ὲπεισερχόμενον.
3166 963 3337 1026 Μόλις
3371 962 3481 1032 γὰρ
3512 961 3578 1015 ἂν
3611 960 3691 1031 τῷ
3792 1000 3809 1019 ς

2110 1058 2352 1128 συντόνῳ
2378 1059 2479 1126 τῆς
2517 1058 2751 1129 μελέτης
2774 1057 2833 1111 τὸ
2867 1060 3079 1128 μακρὸν
3112 1056 3214 1126 τῆς
3250 1057 3475 1109 ἐκείνων
3510 1053 3688 1107 διακό-

2108 1149 2312 1217 ψαντες
2339 1150 2627 1218 συνηθείας
2645 1150 2856 1221 τάληθῆ
2884 1150 2981 1220 μὲν
2999 1149 3107 1202 τῶν
3132 1147 3457 1213 δοκούντων,
3475 1146 3692 1214 τάγαθὰ

2107 1242 2164 1295 δὲ
2192 1241 2299 1294 τῶν
2331 1243 2502 1311 ἡδέων
2541 1244 2966 1312 ἀντεισαγαγεῖν
3021 1241 3347 1310 δυνηθεῖμεν
3368 1256 3381 1270 ·
3416 1238 3542 1292 ὅθεν
3570 1238 3692 1292 οὐδὲ

2110 1334 2215 1403 χρὴ
2249 1332 2575 1403 θαυμάζειν,
2610 1336 2659 1388 εί
2691 1334 2800 1388 τῶν
2832 1332 3116 1402 λογισμῶν
3141 1334 3188 1385 οί
3213 1332 3427 1402 ἄριστοι
3456 1332 3565 1382 τῶν
3591 1349 3693 1383 που

2110 1426 2291 1495 νηρῶν
2325 1428 2385 1478 οὐ
2419 1426 2681 1495 κρατοῦσι
2738 1426 3040 1495 πανταχοῦ,
3074 1425 3171 1478 καὶ
3201 1424 3312 1477 τῶν
3337 1424 3601 1493 χειρόνων
3631 1424 3691 1475 οὐ

2110 1520 2278 1571 πλέον
2305 1520 2525 1589 ἔχουσιν
2555 1521 2602 1571 οί
2638 1518 2890 1581 καλλίους
2921 1518 3072 1585 παρά
3102 1520 3214 1577 τοῖς
3247 1519 3303 1569 ὲν
3325 1516 3472 1584 λόγῳ
3502 1516 3690 1579 ζῶσιν.

2123 1610 2385 1681 ’Λρκέσαι
2437 1611 2547 1681 γὰρ
2579 1612 2644 1664 ἂν
2694 1610 2919 1672 εἰκότως
2959 1604 3116 1678 οἶμαι
3148 1610 3285 1677 πρὸς
3310 1608 3371 1660 τὸ
3400 1607 3694 1675 δυνηθῆναι

2112 1702 2363 1769 γενέσθαι
2411 1700 2671 1772 χρηστὸν,
2730 1702 2791 1755 ού
2828 1701 2975 1755 τοῦτ’
3016 1702 3148 1753 αὐτὸ
3189 1699 3413 1769 μαθεῖν,
3482 1699 3603 1750 ὅθεν
3629 1698 3694 1750 ἂν

2113 1794 2325 1859 γένοιτο
2359 1793 2653 1861 πεισθῆναι
2684 1792 2942 1860 γενέσθαι
2974 1792 3239 1861 χρηστὸν,
3272 1791 3487 1861 ἀνάγκη
3523 1791 3577 1843 δὲ
3602 1793 3696 1842 καὶ

2121 1884 2468 1954 μελετῶντας
2495 1884 2781 1953 διατρῖψαι
2820 1887 2913 1937 καὶ
2944 1888 3126 1953 μεῖναι
3165 1884 3515 1951 λογιζομένου
3532 1903 3570 1944 τ,
3599 1886 3695 1935 καὶ

2118 1978 2211 2030 τὸν
2261 1977 2419 2047 ὀρθὸν
2453 1976 2613 2045 λόγον
2647 1978 2707 2029 ού
2741 1978 2986 2046 μαθόντα
3015 1977 3325 2047 κτήσασθαι
3359 1976 3539 2046 μόνον,
3560 1977 3696 2029 ἀλλά

2120 2070 2213 2122 καὶ
2265 2071 2578 2140 χρήσασθαι
2614 2072 2753 2141 πρὸς
2784 2071 2819 2125 ἀ
2849 2072 2951 2135 δεῖ,
2980 2073 3238 2142 καθάπερ
3279 2076 3371 2125 καὶ
3400 2073 3566 2125 σιτίον
3599 2073 3695 2125 καὶ

2118 2163 2283 2215 ὅπλον
2326 2164 2423 2217 καὶ
2463 2164 2758 2233 φάρμακον
2813 2164 2908 2217 καὶ
2956 2166 3171 2233 ίμάτιον
3204 2164 3266 2219 οὗ
3299 2168 3409 2226 τοῖς
3444 2165 3692 2216 συνοῦσιν

2120 2252 2308 2314 ἀπλῶς
2336 2254 2431 2305 καὶ
2458 2253 2821 2323 κεκτημένοις
2850 2254 3042 2322 ὄφελος
3070 2255 3207 2324 ἔχει,
3242 2257 3354 2317 τοῖς
3388 2256 3692 2325 χρωμένοις

2118 2345 2174 2397 δὲ
2213 2345 2281 2398 τά
2306 2335 2606 2417 γιγνόρῖενα
2637 2346 2843 2417 βοηθεῖ.
2888 2349 2953 2401 Ei
2985 2348 3044 2402 δὲ
3070 2349 3179 2401 τῶν
3202 2347 3480 2417 λογισμῶν
3509 2351 3556 2397 ot
3596 2348 3697 2415 μὲν

2121 2436 2315 2504 φαῦλοι
2349 2420 2445 2490 τὸν
2473 2438 2597 2490 νοῦν
2636 2441 2716 2502 είς
2763 2441 2992 2503 ἑαυτοὺς
3053 2440 3333 2511 ἀσχολοῖεν
3359 2440 3694 2509 ἐγκείμενοι,

2119 2529 2230 2581 τῶν
2265 2529 2311 2582 δ’
2364 2532 2588 2598 ἀγαθῶν
2643 2532 2771 2584 ὅσον
2826 2531 3113 2585 αἰσθέσθαι
3153 2535 3478 2601 γεγευμένοι
3536 2535 3700 2602 μόνον

2121 2622 2516 2692 ἀποπηδῶμεν,
2572 2624 2625 2677 τί
2663 2627 2851 2679 καινὸν
2881 2627 2949 2679 τὰ
2972 2628 3142 2697 χείρω
3170 2630 3415 2697 κρατεῖν,
3447 2628 3541 2680 καὶ
3572 2628 3700 2689 τοὺς

2125 2713 2226 2783 μὲν
2258 2718 2532 2784 πονηροὺς
2562 2720 2856 2787 κατασχεῖν
2882 2718 2982 2788 τὴν
3014 2719 3110 2787 τῆς
3141 2718 3318 2790 ψυχῆς
3339 2718 3521 2788 χώραν
3547 2721 3698 2786 ἐνερ-

2122 2807 2255 2874 γοὺς
2288 2805 2471 2871 ὄντας,
2509 2811 2634 2871 τοὺς
2668 2809 2713 2861 δ’
2747 2808 3109 2879 ὲκϐεόλῆσθαι
3147 2811 3499 2863 παντάπασιν
3534 2810 3702 2878 ἡττη-

2127 2899 2322 2967 μένους
2372 2899 2534 2962 ὄντας
2589 2902 2830 2982 ἀργρύςς
2890 2902 3026 2955 Οὔτε
3074 2903 3257 2955 τοίνυν
3283 2902 3358 2973 μὴ
3392 2902 3700 2971 οἰκοδομεῖν

2124 2990 2322 3053 εἰδότα,
2356 2992 2389 3063 ἢ
2421 2992 2495 3063 μὴ
2524 2994 2615 3046 τδν
2656 2994 2842 3065 ίατρὸν
2869 2994 3116 3063 ὑγιάζειν
3147 2995 3179 3065 ἢ
3207 2995 3320 3047 τῶν
3348 2997 3700 3065 δημιουργῶν

2123 3084 2372 3138 ὁντινοῦν
2395 3086 2470 3155 μὴ
2498 3093 2565 3140 τὰ
2587 3087 2756 3141 αὑτοῦ
2786 3091 2988 3153 ποιεῖν,
3019 3089 3122 3151 ἕως
3144 3091 3204 3141 ού
3229 3090 3412 3160 χρῷτο
3429 3091 3697 3160 τῇτέχνῃ,

2124 3179 2316 3231 καινὸν
2342 3179 2517 3243 οὐδὲν,
2555 3176 2681 3233 οὔτε
2721 3181 2897 3233 ἐκεῖνο
2928 3179 3261 3249 θαυμαστὸν,
3289 3182 3341 3233 εί
3369 3198 3453 3244 τις
3474 3182 3566 3234 τὸν
3602 3182 3698 3249 ὀρ-

2127 3271 2220 3324 θὸν
2251 3271 2411 3339 λόγον
2440 3270 2603 3341 ἔχων,
2640 3270 2864 3341 ἐνεργὸν
2889 3272 2946 3325 δὲ
2973 3273 3075 3325 οὐκ
3104 3273 3245 3342 ἔχων
3266 3273 3419 3326 οὐδὲν
3444 3275 3701 3327 ἀπώνατο

2125 3364 2229 3433 τῆς
2263 3365 2524 3433 σπουδῆς.
2565 3365 2851 3435 Χρήσαιτο
2886 3366 2994 3437 γὰρ
3031 3367 3099 3421 ἄν
3121 3383 3209 3430 τις
3245 3369 3357 3430 τοῖς
3391 3367 3490 3437 μὲν
3515 3369 3701 3431 ὅπλοις

2127 3456 2267 3524 πρὸς
2318 3456 2450 3517 τοὺς
2502 3456 2760 3518 ἐπιόντας
2905 3457 3154 3527 προσῆκε
3207 3457 3580 3528 διαχειρίζων,
3616 3461 3698 3529 τῇ

2125 3549 2290 3619 τέχνῃ
2323 3547 2382 3599 δὲ
2417 3548 2536 3599 κατ’
2562 3548 2733 3617 αὐτὴν
2754 3548 3024 3619 ἐνεργῶν·
3058 3549 3168 3602 τῶν
3198 3550 3254 3602 δὲ
3284 3551 3564 3619 λογισμῶν
3588 3554 3701 3613 τοῖς

2126 3640 2400 3708 ἀρίστοις,
2430 3640 2687 3710 καθάπερ
2717 3643 2829 3704 τοῖς
2855 3640 3185 3709 συμϐούλοις
3215 3641 3501 3712 χρώμεθα,
3530 3659 3700 3707 προτ-

2128 3729 2267 3799 έχων
2288 3730 2380 3784 τὸν
2402 3731 2547 3795 νοῦν,
2579 3732 2678 3801 οὑχ
2709 3732 2836 3784 ὅσον
2864 3729 2901 3784 ἀ
2945 3729 3028 3783 δεῖ
3060 3729 3304 3800 μαθόντα
3334 3731 3560 3798 γνῶναι,
3583 3729 3700 3782 ἀλλ’

2127 3822 2269 3875 ὥστε
2328 3824 2525 3890 γνόντα
2578 3823 2873 3890 πεισθῆναι
2901 3823 2997 3877 καὶ
3024 3825 3134 3877 τῶν
3164 3824 3240 3887 ὡς
3270 3822 3488 3892 ἀληθῶς
3522 3821 3706 3875 καλῶν

2127 3915 2310 3985 ερωτα
2359 3917 2531 3981 σχεῖν,
2557 3914 2587 3967 δ
2618 3915 2916 3984 περιέργου
2948 3916 3121 3970 δεῖται
3150 3914 3383 3985 μελέτης
3408 3932 3421 3945 ·
3462 3915 3582 3966 ἐπεὶ
3604 3916 3705 3968 καὶ

2128 4009 2444 4062 τούναντίον
2473 4008 2567 4060 ἐπὶ
2601 4008 2712 4059 τῶν
2755 4007 2977 4074 φαύλων
3015 4008 3078 4060 τὸ
3100 4008 3199 4076 μὲν
3234 4006 3582 4076 ἀσχολεῖσθαι
3610 4007 3705 4059 καὶ

2128 4099 2433 4169 διατρίϐειν
2467 4101 2533 4168 τῇ
2559 4098 2705 4168 ψυχῇ
2738 4099 2829 4151 τὸν
2858 4099 3105 4169 ὄλεθρον,
3132 4099 3194 4151 τὸ
3214 4099 3259 4152 δ’
3290 4099 3479 4159 ὁπλῶς
3502 4098 3705 4150 οὑτωσὶ

2129 4193 2332 4259 γνῶναι
2357 4191 2533 4244 δεινὸν
2549 4190 2725 4256 οὐδὲν,
2745 4190 2871 4243 ὅθεν
2888 4193 3105 4261 ἀνάγκη
3131 4192 3231 4260 τὴν
3257 4191 3491 4260 μελέτην
3513 4189 3706 4258 ὥσπερ

2128 4286 2246 4336 ἐκεῖ
2274 4283 2521 4350 φεύγειν,
2561 4282 2738 4347 οὕτως
2766 4282 3006 4337 ἐνταῦθα
3035 4284 3272 4337 διώκειν.

2202 4373 2277 4429 Τὸ
2310 4376 2410 4443 μὲν
2434 4375 2528 4428 οὖν
2558 4376 2770 4429 ἐθέλειν
2798 4376 3055 4443 τάγαθὸν,
3081 4375 3233 4428 οὐδὲν
3261 4374 3446 4444 ἔργον,
3478 4373 3707 4441 οὐδεμία

2134 4471 2243 4540 γὰρ
2277 4470 2372 4522 τοῦ
2430 4473 2759 4540 πράγματος
2804 4473 3027 4541 ἡγεῖται
3091 4469 3330 4539 σπουδήο
3384 4467 3524 4537 πρὸς
3561 4467 3619 4520 δὲ
3649 4468 3710 4519 τὸ

450 4568 631 4613 autem
656 4556 1208 4624 conservandumque
1230 4570 1355 4609 cum
1384 4556 1536 4609 labor
1562 4556 1634 4608 sit
1652 4554 2017 4614 necessarius,

2135 4562 2318 4613 λαϐεῖν
2349 4563 2445 4613 καὶ
2479 4564 2653 4614 σῶσαι
2687 4562 2852 4613 πόνου
2877 4561 3159 4629 δεόμενον,
3192 4557 3576 4627 πραγματείας
3616 4557 3711 4607 καὶ

452 4651 635 4707 studio
669 4665 732 4703 ac
765 4649 848 4701 via
878 4648 1117 4717 quadam
1146 4664 1287 4716 opus
1343 4658 1449 4712 est,
1482 4661 1590 4716 qua
1622 4646 1691 4698 ad
1725 4645 2029 4699 certamina

456 4745 570 4795 lucc
624 4743 870 4795 volentes
917 4740 1326 4809 aggrediamur,
1377 4736 1824 4806 quandoquidem
1882 4736 2029 4790 haud

453 4835 610 4885 facile
636 4830 760 4885 talis
794 4831 948 4883 labor
976 4831 1303 4899 capessitur.
1335 4827 1492 4891 Quod
1518 4836 1701 4880 autem
1735 4827 1938 4894 ubique
1961 4830 2026 4883 ad

453 4924 751 4977 ttt'l'ialllilla
782 4921 929 4974 velut
979 4922 1241 4976 athletam
1294 4918 1469 4986 ungit.
1512 4932 1664 4971 amor
1695 4928 1778 4972 est
1814 4934 2030 4987 eorum,

456 5031 552 5081 pro
583 5013 782 5082 quibus
812 5024 1108 5066 certamus.
1140 5009 1236 5063 llic
1259 5008 1406 5062 enim
1439 5007 1673 5072 labores,
1704 5014 1809 5062 etsi
1839 5012 2035 5064 admo-

455 5110 584 5158 dum
623 5104 948 5159 cruciabiles
980 5101 1254 5157 suavitate
1306 5099 1517 5153 condit.
1547 5100 1801 5155 Amorem
1849 5115 2032 5157 autem

457 5199 813 5251 honestorum
848 5195 983 5248 nihil
1011 5194 1161 5247 aliud
1207 5191 1485 5251 accendit.
1521 5207 1689 5261 quam
1750 5196 2033 5250 attendere

455 5291 559 5345 illis
597 5290 864 5353 animum,
906 5298 960 5341 et
985 5299 1177 5338 eorum
1211 5284 1540 5352 elegantiam
1580 5288 1911 5355 perspicere.
1965 5287 2035 5342 Et

453 5384 542 5437 hic
573 5391 658 5436 est
689 5381 853 5450 ignis,
894 5376 988 5445 qui
1037 5392 1103 5430 ex
1152 5374 1508 5429 meditatione
1587 5379 1678 5433 Dei
1738 5381 1794 5433 in
1848 5381 2030 5433 anima

456 5473 739 5544 Propheta:
768 5468 1036 5525 exarsit“
1068 5486 1086 5519 ι
1118 5466 1182 5521 Et
1206 5469 1258 5520 in
1283 5468 1633 5525 meditatione
1658 5487 1795 5535 mea,
1829 5474 2028 5543 inquit.

458 5568 781 5623 exardescet
804 5560 969 5632 ignis.
1006 5579 1025 5613 ι
1058 5561 1198 5628 Quia
1222 5562 1353 5615 alibi
1381 5563 1697 5629 ostendens,
1728 5566 1872 5619 circa
1896 5568 2028 5635 quid

460 5656 739 5713 meditatio
765 5665 1035 5717 versetur.
1074 5664 1128 5709 et
1160 5655 1319 5724 cujus
1354 5654 1453 5709 viri
1489 5658 1559 5711 sit
1583 5672 1739 5725 opus,
1767 5659 1867 5713 hoc
1905 5661 2026 5729 qui-

482 5902 489 5909 .
526 5833 567 5863 δ’
618 5830 762 5887 Ρειιι.
806 5847 1033 5899 xxxvnt,
1072 5832 1125 5886 4.

2141 4653 2368 4723 μεθόδου
2434 4656 2592 4721 χρεία
2656 4653 2823 4715 τινὸς,
2886 4652 3003 4714 πῶς
3034 4650 3102 4704 ἂν
3153 4650 3370 4711 ἑκόντες
3411 4642 3552 4700 εἶναι
3584 4650 3712 4709 τοὺς

2137 4743 2354 4812 ἀγῶνας
2407 4744 2734 4810 ἀνελοίμεθα
2768 4741 3014 4804 τούτους,
3043 4740 3119 4802 ὡς
3155 4739 3258 4792 οὐκ
3282 4738 3342 4791 δν
3376 4738 3558 4808 ῥᾴδιον
3593 4736 3711 4788 ἑλέ-

2136 4837 2261 4889 σθαι
2296 4838 2509 4901 πονεῖνς
2546 4837 2703 4888 Ἐστι
2748 4835 2804 4887 δὲ
2836 4836 2897 4887 τὸ
2944 4833 3042 4901 μὲν
3074 4828 3393 4899 ἁπανταχοῦ
3428 4827 3564 4896 πρὸς
3586 4828 3712 4888 τοὺς

2131 4928 2352 4997 ἀγῶνας
2370 4929 2594 4995 ἀλεῖφον
2612 4931 2639 4981 ὁ
2666 4928 2798 4997 περὶ
2820 4921 2896 4980 ὧν
2919 4927 2952 4978 ἀ
2967 4922 3307 4993 ίωνιζόμεθα
3330 4921 3495 4981 πόθος
3520 4936 3535 4952 ⁸
3555 4913 3712 4980 οὗτος

2131 5024 2241 5090 γὰρ
2266 5023 2412 5091 ἡδεῖς
2433 5024 2580 5075 ποιεῖ
2608 5025 2735 5085 τοὺς
2772 5022 2986 5081 πόνους,
3020 5017 3125 5072 κᾶν
3150 5034 3253 5070 ωσι
3289 5017 3409 5068 λίαν
3435 5015 3712 5082 ὀδυνηρότ.

2130 5114 2221 5166 τὸν
2254 5115 2434 5184 ἔρωτα
2464 5115 2520 5166 δὲ
2572 5115 2681 5166 τῶν
2718 5114 2904 5167 καλῶν
2932 5113 3041 5164 τῶν
3066 5111 3244 5165 ἄλλων
3280 5110 3381 5177 μὲν
3408 5107 3581 5170 οὐδὲν,
3651 5106 3712 5154 τὸ

2142 5209 2402 5275 προσχεῖν
2433 5207 2489 5259 δὲ
2519 5206 2611 5258 τὸν
2639 5204 2765 5258 νοῦν
2787 5207 2973 5267 αὐτοῖς
3001 5208 3096 5257 καὶ
3129 5202 3473 5270 καταμαθεῖν
3497 5202 3557 5251 τὸ
3580 5200 3683 5252 κάλ

2140 5297 2228 5360 λος
2260 5299 2526 5351 ἀνάπτει·
2572 5300 2665 5350 καὶ
2700 5297 2857 5349 τοῦτό
2888 5299 3008 5348 ἐστι
3038 5296 3097 5346 τὸ
3142 5293 3276 5363 πῦρ,
3308 5294 3448 5360 ὅπερ
3473 5290 3581 5343 ἀπὸ
3612 5286 3721 5356 τῆς.

2141 5386 2271 5455 περὶ
2300 5387 2435 5439 Θεὸν
2468 5387 2698 5457 μελέτης
2726 5385 2946 5456 ἀνήφθη
2980 5387 3045 5455 τῇ
3081 5385 3175 5437 τοῦ
3215 5385 3499 5453 προφήτου
3544 5396 3712 5447 eum.

2149 5496 2166 5529 ι
2198 5480 2307 5531 Καὶ
2333 5482 2390 5532 ἐν
2418 5484 2481 5549 τῇ
2515 5480 2717 5549 μελέτῃ
2740 5495 2861 5547 μου,
2885 5479 3070 5546 φησιν,
3101 5476 3500 5542 ἐκκαυθήσεται
3531 5472 3666 5537 πῦρ·
3693 5492 3711 5517 ι

2138 5570 2193 5629 ὃ;
2217 5571 2446 5642 ἑτέρωθι
2465 5576 2703 5635 δεικνὺς,
2729 5573 2854 5639 περὶ
2873 5572 2974 5623 ὅτε
2998 5573 3030 5640 ὴ
3060 5569 3257 5638 μελέτη
3286 5567 3534 5627 κυὶτίνος
3555 5565 3715 5630 ἔργον

2139 5663 2349 5731 ἀνδρὸς,
2384 5666 2473 5716 τὸν
2499 5665 2597 5733 μέν
2617 5680 2749 5732 φησι
2777 5665 2865 5714 τὸν
2889 5662 3157 5730 μακάριον
3176 5666 3459 5714 ἄνθρωπον
3479 5654 3637 5717 εἶναι,
3654 5668 3714 5707 τ;
