4036 6440
407 475 514 538 657

1401 472 1497 534 DE
1534 473 1709 535 Vl'l‘A
1748 472 1826 533 ΙΝ
1869 468 2198 531 CHRISTO
2263 473 2408 534 LIB.
2444 471 2552 534 VI.

3552 446 3677 526 653'

405 591 458 643 δὲ
495 589 587 642 τὸν
615 586 708 642 τοῦ
733 586 869 641 Θεοῦ
895 588 1057 661 νόμον
1086 607 1095 615 ·
1127 590 1154 642 ὁ
1182 587 1288 658 γὰρ
1323 589 1595 658 μακάριος
1617 586 1758 673 ἀνὴρ
1780 584 1991 657 ἡμέρας

2119 586 2218 639 lem
2248 587 2326 639 ait
2348 584 2490 639 beati
2528 582 2648 647 viri,
2674 580 2803 636 illud
2856 580 2945 635 Dei
2976 580 3170 648 legem.
3214 571 3411 634 Beatus
3449 579 3554 646 vir,
3585 574 3680 635 iti-'

406 682 500 733 καὶ
527 678 721 740 νυκτὸς
745 680 803 730 ὲν
826 678 903 749 τῷ
937 679 1084 749 νόμῳ
1111 677 1202 730 τοῦ
1224 676 1382 743 Θεοῦ,
1410 679 1564 748 φησί,
1595 664 1909 746 μελετήσει.

478 770 541 822 El
568 769 625 823 δὲ
655 772 685 838 ἡ
730 770 862 839 περὶ
898 771 989 823 τὸν
1043 768 1287 839 γραπτὸν
1335 770 1501 839 νόμον
1538 769 1740 839 μελέτη
1778 769 1840 821 τὸ
1871 766 1984 838 πῦρ

407 863 674 916 ἀνάπτειν
705 861 929 916 δύναται
959 861 1138 926 τοῦτο,
1174 862 1226 914 τί
1266 879 1397 915 ποτε
1438 861 1557 933 χρὴ¹
1589 861 1785 932 δρᾶσαι
1826 860 1988 930 νομί-

412 974 499 1008 σαι
566 956 660 1008 τὸν
717 956 881 1024 νόμον
931 954 1027 1009 τοῦ
1078 955 1414 1025 πνεύματος,
1472 956 1532 1017 ὂς
1577 954 1671 1007 τὸν
1733 953 1988 1026 ἀληθινὸν

410 1047 590 1117 ἔρωτα
626 1047 721 1101 τοῦ
754 1047 896 1102 Θεοῦ
928 1050 1043 1112 τοῖς
1076 1048 1388 1118 ἀνθρώποις
1422 1048 1663 1118 ἐνέθηκε
1702 1049 1865 1119 μόνος
1895 1047 1989 1102 καὶ

412 1141 526 1211 πῦρ
558 1141 732 1209 ἀνῆψε
767 1143 936 1194 πόθου
970 1140 1271 1211 σϐεσθῆναι
1310 1142 1505 1212 μηδενὶ
1532 1141 1867 1212 δυναμένην,
1925 1143 1987 1195 οὐ

414 1234 525 1286 τῶν
586 1233 793 1305 ἑτέρως
843 1236 1099 1303 ἐχόντων,
1150 1236 1212 1288 οὐ
1263 1236 1374 1289 τῶν
1422 1235 1732 1289 ἐνεστώτων
1779 1236 1840 1288 οὐ
1880 1236 1988 1290 τῶν

416 1325 755 1394 μελλόντωνί
801 1325 969 1398 ’Υπὲρ
1024 1319 1084 1379 οὗ
1142 1344 1234 1395 μοι
1271 1327 1421 1381 δοκεῖ
1470 1328 1562 1380 καὶ
1596 1329 1851 1397 πυρὶναις
1893 1346 1994 1397 φοι-

417 1417 576 1485 νῆναι
626 1418 904 1487 γλώσσαις
941 1419 1273 1490 είσενεχθεὶς
1306 1420 1388 1473 ὅτι
1443 1419 1542 1489 τὴν
1606 1420 1777 1491 πυρὸς
1834 1420 1993 1490 δίκην

376 1510 598 1573 ,πάντα
653 1510 941 1580 τολμῶσαν
1017 1512 1245 1582 ἀγάπην
1303 1514 1643 1582 εἰσήνεγκεν,
1722 1513 1847 1566 ἐπεὶ
1896 1512 1994 1567 καὶ

419 1600 638 1667 πρῶτον
672 1599 834 1653 αὑτὸν
861 1600 953 1655 τοῦ
989 1601 1156 1687 νόμομ
1208 1603 1511 1674 νομοθέτην
1540 1605 1731 1673 ἀγάπη
1762 1605 1995 1679 κεκομι-

419 1710 514 1744 κεν
552 1694 629 1756 είς
654 1693 752 1764 τὴν
778 1693 903 1763 γῆν,
956 1696 1049 1748 καὶ
1103 1671 1236 1749 αὐτὸ
1264 1696 1324 1748 τὸ
1358 1695 1450 1750 τοῦ
1503 1697 1796 1767 νομοθέτου
1832 1696 1994 1766 σῶμα

422 1783 835 1852 φιλανθρωπίας
889 1786 1010 1839 ἐστὶ
1065 1786 1300 1855 καρπὸς,
1350 1789 1444 1841 καὶ
1488 1787 1667 1849 ἄλλως
1693 1787 1750 1841 δὲ
1789 1786 1939 1858 αὐτῷ
1970 1788 1998 1840 ὁ

420 1876 584 1947 νόμος
622 1877 767 1940 ἅπας
798 1877 999 1948 ἔρωτος
1027 1879 1186 1949 γέμει
1218 1878 1311 1932 καὶ
1338 1877 1529 1933 τοῦτον
1562 1879 1665 1950 μὲν
1689 1878 1998 1933 ἐπιδείκνυ⁴

421 1986 514 2021 ται
547 1970 712 2022 πᾶσιν
744 1962 824 2045 οἷς
858 1968 995 2040 ἔχει,
1030 1968 1220 2023 τοῦτον
1242 1969 1299 2022 δὲ
1331 1970 1565 2041 εἰσάγει,
1595 1969 1773 2042 τούτῳ
1796 1969 1853 2023 δὲ
1880 1969 2002 2023 πεί-

424 2058 530 2124 θει,
570 2058 759 2118 τοῦτον
781 2059 837 2114 δὲ
872 2061 1004 2132 παρ’
1034 2061 1193 2134 ἡμῶν
1241 2062 1438 2132 δῶρον,
1488 2060 1632 2132 ὑπὲρ
1670 2056 1745 2117 ὧν
1778 2063 1999 2128 ἔδωκεν,

423 2151 689 2223 ἀποχρῶν
740 2155 960 2224 ἡγεῖται
1012 2153 1217 2209 λαΰών.
1253 2156 1326 2208 Οὐ
1360 2155 1469 2225 γὰρ
1500 2155 1785 2210 ἐπιτάττει
1825 2157 2002 2211 καθά-

425 2261 532 2312 περ
553 2243 830 2313 ὀφείλουσι
862 2247 1094 2316 δούλοις,
1129 2247 1246 2302 ἀλλ⁹
1273 2248 1466 2321 ὥσπερ
1498 2249 1714 2304 πολλῶν
1741 2249 1843 2321 μὲν
1872 2230 2003 2322 παρ’

426 2334 586 2402 ήμῶν
630 2335 767 2404 πρὸς
810 2335 988 2406 αὐτὸν
1035 2338 1213 2393 πόνων
1253 2339 1648 2410 ἡγησαμένων,
1711 2339 1914 2410 πολλῆς
1946 2338 2003 2392 δὲ

428 2426 726 2496 συνηθείας
782 2430 877 2486 καὶ
934 2429 1195 2500 φίλτρων,
1257 2430 1349 2484 ἐπὶ
1396 2430 1495 2501 τὴν
1528 2432 1816 2485 κοινωνίαν
1847 2431 2007 2485 καλεῖ

425 2519 535 2573 τῶν
570 2517 734 2573 αὑτοῦ
777 2522 1105 2591 προσιόντας
1157 2522 1322 2585 εὐθὺς
1364 2523 1422 2591 ἐξ
1488 2524 1665 2594 ἀρχῆς
1693 2541 1707 2554 ο
1744 2523 1856 2593 ἐγὼ
1905 2525 2011 2593 μὲν

431 2612 570 2681 ὑπὲρ
618 2612 720 2682 τῆς
768 2612 1048 2682 βασιλείας
1084 2613 1401 2686 ἠγώνισμαι
1450 2616 1544 2671 καὶ
1595 2617 1813 2680 πολλοῖς
1839 2634 2005 2688 φησιν

431 2702 627 2769 ἔπλεξα
688 2705 782 2758 τὸν
832 2706 1099 2776 στέφανον
1158 2709 1362 2774 πόνοις,
1425 2709 1585 2779 ὑμεῖς
1651 2709 1709 2762 δὲ
1772 2710 2008 2782 ἀπονητὶ

431 2796 667 2859 δέξεσθε,
697 2796 833 2852 αίτῶ
864 2798 921 2851 δὲ
952 2798 1087 2869 παρ’
1125 2799 1279 2870 ὑμῶν
1309 2802 1430 2853 ἀντὶ
1459 2800 1688 2866 τούτων,
1720 2802 1767 2855 εἰ
1801 2803 2009 2871 φιλεῖτε

434 2890 595 2945 πλέον
625 2892 799 2948 οὐδέν.

507 2982 573 3035 Ὢ
603 2982 705 3051 τῆς
753 2984 994 3056 ἀρρήτου
1036 2987 1424 3057 χρηστότητος,
1474 2988 1524 3041 εί
1563 2987 1637 3059 μὴ
1671 2986 1819 3056 φιλεῖ
1846 2988 2010 3059 μόνον

433 3073 577 3129 οὕτω
622 3076 867 3147 σφοδρῶς
909 3078 1049 3132 ἀλλὰ
1086 3079 1179 3132 καὶ
1231 3080 1292 3133 τὸ
1341 3079 1617 3147 φιλεῖσθαι
1660 3081 1791 3152 παρ’
1850 3081 2010 3152 ήμῶν

434 3167 693 3222 τοσούτου
751 3172 981 3240 τιμᾶται
1040 3172 1135 3225 καὶ
1187 3172 1328 3243 ὑπὲρ
1379 3175 1573 3226 τούτου
1609 3175 1789 3229 πάντα
1821 3177 2006 3230 ποιεῖί

2089 678 2227 749 quit,
2255 678 2370 733 dies
2404 687 2456 733 et
2483 685 2668 730 noctes
2703 676 2756 729 iu
2780 673 2896 740 lege
2922 673 3014 728 Dei
3052 672 3403 726 meditabitur
3427 671 3498 726 υ.

2163 764 2282 820 Jam
2313 779 2443 819 vero
2472 764 2519 818 si
2568 762 2850 817 meditatio
2879 762 3025 817 circa
3066 761 3305 817 litteram
3339 761 3472 831 legis
3524 763 3671 817 hunc

2095 859 2270 927 ignem
2301 857 2600 913 accendere
2631 862 2831 926 potest,
2868 854 2996 923 quid
3022 853 3291 908 facturam
3324 852 3668 909 existimabi-

2098 965 2219 1005 mus
2242 950 2414 1020 legem
2451 948 2678 1018 spiritus
2701 991 2715 1015 ,
2750 960 2869 1015 qua:
2911 946 3026 999 sola
3059 960 3249 999 verum
3276 945 3367 999 Dei
3420 960 3665 1000 amorem

2099 1041 2416 1095 hominibus
2452 1040 2705 1103 inseruit,
2731 1047 2783 1092 et
2814 1051 3008 1105 rogum
3039 1034 3331 1104 quemdam
3356 1035 3563 1091 amoris
3584 1035 3671 1089 in-

2099 1133 2423 1199 ﬂammavit,
2454 1148 2617 1202 quam
2646 1130 2795 1186 nulla
2817 1144 2904 1185 res
2931 1129 3130 1199 poterit
3164 1128 3531 1198 exstinguere,
3561 1143 3668 1183 non

2104 1241 2318 1294 aspera,
2375 1240 2487 1281 non
2539 1224 2805 1294 jucunda,
2850 1237 2958 1276 non
3019 1222 3255 1287 instans,
3290 1237 3397 1275 non
3452 1221 3666 1276 futural

2102 1318 2274 1383 Quam
2305 1317 2379 1371 ob
2407 1330 2630 1372 causam
2665 1315 2804 1370 caelo
2834 1313 3109 1368 demissus
3146 1311 3346 1379 linguis
3369 1311 3542 1381 igneis
3573 1327 3674 1379 ap—

2102 1408 2354 1478 paruisse
2384 1407 2516 1461 mihi
2549 1406 2783 1468 videtur,
2809 1404 3070 1474 quoniam
3123 1401 3445 1456 cbaritatem
3498 1401 3675 1454 instar

2100 1501 2244 1571 ignis
2278 1501 2458 1554 otnnia
2508 1498 2891 1568 depascentem
2929 1494 3132 1558 intulit,
3161 1493 3427 1563 siquidem
3456 1501 3509 1546 et
3561 1493 3675 1560 pri-

2104 1609 2256 1648 mum
2291 1591 2662 1661 legislatorem
2692 1591 2873 1658 ipsum
2904 1587 3144 1642 charitas
3183 1585 3237 1639 in
3282 1595 3457 1639 terras
3481 1596 3677 1651 appor-

2104 1686 2257 1750 tavit,
2310 1694 2360 1739 et
2407 1683 2584 1753 ipsum
2638 1678 2968 1750 legislatoris
3021 1691 3247 1746 corpus,
3315 1672 3677 1730 humanitatis

2108 1779 2460 1850 ejus-pignus
2488 1790 2551 1831 ac
2579 1776 2790 1830 fructus
2812 1781 2937 1839 est;
2974 1781 3029 1826 et
3075 1778 3336 1840 praeterea
3362 1767 3534 1837 ipsius
3592 1764 3677 1819 lex

2111 1879 2222 1925 tota
2252 1882 2441 1924 amore
2474 1874 2685 1933 scatet;
2717 1874 2771 1920 et
2802 1865 2949 1918 hunc
2981 1861 3243 1917 omnibus
3273 1859 3472 1937 quibus
3503 1865 3683 1925 potest

2104 1963 2283 2018 modis
2341 1959 2601 2023 ostendit,
2665 1958 2812 2013 hune
2877 1954 3201 2017 introducit,
3255 1953 3405 2006 hunc
3464 1949 3679 2012 suadet,

2104 2054 2253 2108 hunc
2280 2069 2309 2107 a
2346 2052 2505 2108 nobis
2528 2051 2575 2106 si
2615 2048 2888 2113 retulerit,
2950 2043 3240 2102 suﬂicienti
3298 2055 3527 2098 munere
3575 2040 3680 2095 sibi

2105 2156 2205 2196 sua
2234 2139 2289 2194 in
2320 2153 2421 2196 nos
2450 2138 2640 2194 merita
2666 2144 3021 2205 compensata
3056 2132 3368 2188 arbitratur.
3396 2128 3513 2184 Non
3535 2129 3680 2183 enim

2105 2230 2265 2302 quasi
2301 2231 2497 2286 servis
2537 2229 2796 2300 obligatis
2846 2227 3100 2296 imperat,
3146 2224 3241 2282 sed
3298 2220 3459 2294 quasi
3492 2222 3683 2277 multis

2108 2333 2331 2395 prepter
2361 2324 2547 2394 ipsum
2579 2320 3067 2392 defatigationibus
3117 2316 3455 2388 perfunctos,
3495 2316 3684 2386 longa-

2106 2430 2214 2486 que
2235 2414 2633 2471 consuetudine
2661 2422 2713 2467 et
2746 2426 2933 2467 amore
2957 2411 3261 2476 devinctos,
3296 2408 3477 2464 statim
3519 2416 3576 2461 ιιι
3616 2406 3683 2461 ad

2110 2523 2235 2563 eum
2273 2522 2331 2564 se
2359 2506 2707 2572 contulerint,
2760 2503 2828 2558 ad
2867 2502 3305 2559 communionem
3344 2510 3525 2556 rerum
3556 2512 3683 2553 sua-

2110 2616 2228 2655 rum
2255 2606 2439 2655 vorat.
2466 2599 2577 2668 Ego
2597 2598 2818 2668 quidem
2848 2610 2946 2667 pro
2972 2610 3141 2665 regno
3164 2592 3455 2657 decertavi,
3485 2592 3684 2662 inquit,

2112 2694 2404 2764 multisque
2470 2692 2755 2748 laboribus
2812 2704 3072 2746 coronam
3131 2688 3315 2752 nesui,
3363 2701 3528 2758 quam
3588 2700 3686 2739 vos

2110 2788 2247 2844 citra
2284 2787 2526 2842 laborem
2582 2782 2888 2852 accipietis.
2931 2781 3039 2839 Pro
3085 2781 3169 2838 his
3196 2779 3345 2837 aliud
3398 2779 3476 2833 nil
3503 2778 3684 2851 exigo,

2111 2881 2217 2937 nisi
2243 2889 2303 2936 ut
2332 2896 2415 2934 me
2446 2878 2664 2934 ametis.

2187 2976 2230 3032 Ο
2262 2972 2699 3045 inexplicabilem
2720 2967 3051 3025 bonitatem!
3086 2981 3193 3021 non
3226 2964 3405 3021 solum
3441 2971 3548 3017 tam
3574 2963 3692 3018 exi-

2112 3069 2222 3126 mie
2254 3068 2451 3138 diligit,
2485 3065 2582 3121 sed
2623 3064 2787 3119 etiam
2819 3060 2994 3117 amari
3026 3074 3053 3113 a
3080 3059 3240 3114 nobis
3272 3056 3406 3111 tanti
3435 3054 3688 3116 assumat,

2115 3161 2262 3232 quod
2297 3168 2357 3215 ut
2383 3165 2777 3227 consequatur,
2804 3154 2938 3209 nihil
2969 3151 3195 3208 omittit.
3228 3151 3363 3205 Nam
3392 3147 3522 3218 quid
3543 3148 3690 3202 aliud

438 3261 544 3312 Καὶ
579 3261 722 3323 τίνος
754 3264 863 3333 γὰρ
894 3262 1083 3316 ἕνεκεν
1131 3241 1457 3336 ᾠκόδομησε
1507 3266 1609 3336 μὲν
1639 3267 1869 3338 οὐρανὸν
1918 3272 2008 3323 καὶ

2119 3252 2328 3308 l'uilcur
2348 3252 2568 3317 ctelum,
2592 3256 2811 3313 terram,
2838 3245 3032 3307 solem,
3055 3252 3110 3300 et
3128 3241 3510 3315 aspectabilem
3535 3255 3696 3295 mun-

436 3353 540 3423 γῆν
571 3354 666 3406 καὶ
688 3353 841 3422 ἥλιον
896 3354 989 3408 καί
1024 3355 1115 3408 τὸν
1140 3356 1416 3427 ὁρώμενον
1462 3359 1697 3428 κόσμον,
1726 3359 1821 3414 τοῦ
1854 3360 1911 3414 δὲ
1937 3362 2011 3432 μὴ

438 3446 719 3515 ὁρωμένου
770 3445 830 3499 τὸ
884 3446 1102 3512 κάλλος,
1134 3443 1247 3503 οἷον
1284 3450 1376 3503 καὶ
1420 3450 1565 3514 ὅπως
1595 3452 1747 3524 αὐτῷ
1779 3457 2014 3524 συνέστη

438 3535 668 3607 νεύματι
698 3539 866 3610 μόνῳ,
901 3542 995 3594 καὶ
1018 3542 1118 3611 τὴν
1147 3541 1385 3597 ἐνταῦθα
1425 3546 1606 3598 πᾶσαν
1631 3546 1874 3600 διδάσκει
1922 3565 2013 3615 φι-

439 3632 718 3700 λοσοφίαν,
755 3633 789 3704 ἦ
820 3631 915 3686 τοῦ
945 3650 1008 3702 γε
1040 3634 1176 3705 πρὸς
1224 3634 1415 3689 ἑαυτὸν
1462 3637 1801 3707 ἐπιστρέψας
1830 3641 2016 3691 πεῖσαι

442 3725 653 3793 ςιλετν;
699 3726 796 3779 καὶ
836 3727 978 3790 ὅλως
1026 3727 1278 3797 καθάπερ
1318 3729 1367 3780 οἱ
1396 3728 1591 3800 θερμοὶ
1625 3730 1732 3783 τῶν
1769 3730 2018 3800 ἐραστῶν

440 3818 542 3885 τὴν
579 3817 773 3885 σοφίαν
806 3819 937 3888 ἡμῖν
969 3819 1342 3873 ἐπιδείκνυται
1393 3823 1488 3872 καὶ
1546 3821 1642 3890 τὴν
1672 3821 2018 3893 χρηστότητα

441 3910 537 3962 καὶ
582 3912 680 3983 τήν
711 3913 931 3984 τέχνην,
975 3913 1041 3966 ἵν’
1080 3914 1314 3967 ἐνθεῖναι
1350 3914 1440 3966 τὸν
1478 3914 1657 3981 ἔρωτα
1688 3914 1778 3967 τὸν
1817 3916 2015 3969 ἑαυτοῦ

441 4004 666 4076 δυνηθῇ.
696 4007 804 4059 Καὶ
829 4005 1012 4060 τοίνυν
1043 4009 1277 4060 ποιεῖται
1295 4008 1547 4060 τοσοῦτον
1572 4008 1663 4060 τοῦ
1690 4010 2018 4078 πράγματος

442 4101 599 4165 λόγον
632 4098 727 4154 καὶ
753 4099 926 4163 οὕτως
958 4099 1082 4168 ἄγει
1114 4101 1310 4155 πολλοῦ
1332 4119 1499 4167 τινος,
1518 4100 1648 4156 ὥσθ’
1669 4103 1806 4173 ὑπὲρ
1832 4104 2019 4156 τούτου

442 4195 623 4248 πάντα
649 4195 918 4265 πονήσας,
963 4191 999 4247 ἃ
1038 4194 1176 4248 Θεοῦ
1217 4196 1376 4264 φύσει
1411 4197 1709 4266 προσῆκεν,
1749 4199 1851 4251 οὐκ
1883 4200 2020 4266 ἀγα-

442 4287 812 4357 πῆσαι,ἀλλὰ
847 4288 986 4358 πρὸς
1034 4288 1228 4356 ἑτέραν
1286 4288 1449 4355 φύσιν
1512 4287 1662 4355 ἰδεῖν,
1726 4289 1866 4344 ὥστε
1924 4292 2020 4343 καὶ

442 4380 619 4452 ταύτῃ
679 4379 816 4448 πρὸς
868 4378 1030 4430 τοῦτο
1088 4378 1421 4448 χρήσασθαι,
1475 4378 1541 4432 ἵν’
1594 4379 1738 4451 ἅπερ
1766 4381 1868 4433 οὐκ
1904 4377 2019 4453 εἷχε

443 4473 655 4527 πείθειν
707 4472 783 4543 τῷ
825 4473 958 4535 Θεὸς
992 4468 1151 4539 εἶναι,
1183 4471 1357 4526 ταῦτα
1392 4472 1684 4543 γενόμενος
1736 4474 2021 4548 ἄνθρωπος

444 4568 670 4638 δυνηθῇ,
703 4568 796 4619 καὶ
830 4566 897 4619 δι’
924 4565 1222 4635 ἑκατέρων,
1249 4556 1323 4620 ὧν
1357 4584 1416 4619 τε
1475 4567 1689 4619 οἴκοθεν
1714 4562 1821 4639 ἧκε
1865 4571 2024 4640 κομί-

447 4660 581 4723 ζων,
620 4653 696 4712 ὧν
724 4676 783 4713 τε
830 4656 1031 4723 ἔξωθεν
1072 4657 1307 4728 εἰλήφει,
1342 4657 1432 4710 τὸν
1471 4655 1752 4727 ἐρώμενον
1781 4659 2024 4729 ἀναρτή-

449 4773 635 4823 σηται.
693 4754 879 4816 Οὕτως
909 4754 936 4805 ὁ
967 4751 1059 4805 τοῦ
1107 4752 1422 4820 πνεύματος
1450 4751 1611 4818 νόμος
1642 4751 1825 4821 φιλίας
1857 4753 2028 4805 ἐπιει-

452 4847 566 4908 κῶς
630 4848 749 4900 ἐστι.
795 4846 962 4916 νόμος
1020 4844 1112 4895 καὶ
1161 4844 1295 4912 πρὸς
1332 4844 1756 4914 εὐγνωμοσύνην
1803 4846 2029 4900 αὐτόθεν

450 4940 633 4993 ἀσκεῖ.
660 4940 759 4992 Διὰ
785 4937 946 4991 τοῦτο
991 4936 1324 5006 προσεκτέον
1358 4936 1509 5007 αὖτῷ
1544 4938 1634 4989 τὸν
1688 4939 1810 4991 νοῦν
1834 4955 1847 4968 ·
1874 4939 2029 5008 πρῶ-

451 5051 545 5086 τον
599 5033 698 5103 μὲν
747 5033 829 5085 ὅτι
859 5030 980 5083 οὑδὶ
1018 5028 1180 5099 ἱδρώς
1234 5030 1383 5081 ἐστιν
1413 5028 1650 5083 ἐνταῦθα
1684 5030 1881 5096 οὐδεὶς,
1907 5032 2030 5085 οὐδὲ

453 5130 535 5181 δεῖ
566 5129 749 5180 πονεῖν
768 5124 889 5178 οὐδὲ
912 5123 1178 5194 χρήματα
1206 5121 1543 5186 ἀναλίσκειν,
1577 5122 1690 5175 οὐδ’
1718 5123 1904 5189 ἀδοξία
1935 5124 2031 5190 γέ-

454 5223 584 5275 νοιτ’
631 5222 698 5275 ἂν
745 5219 857 5271 οὐδ’
910 5216 1170 5286 αἰσχύνη,
1200 5213 1312 5267 οὐδ’
1342 5212 1470 5266 ἄλλο
1503 5230 1565 5281 γε
1595 5213 1745 5267 οὐδὲν
1797 5216 2036 5284 ἐσόμεθα

458 5313 701 5384 χείρους,
723 5309 860 5364 ἀλλὰ
890 5309 986 5363 καὶ
1013 5307 1230 5377 τέχναις
1256 5304 1373 5357 ἔστι
1403 5303 1717 5374 χρήσασθαι
1752 5306 1910 5359 οὐδὲν
1939 5301 2036 5377 ἦτ-

457 5424 574 5468 τον,
608 5404 704 5459 καὶ
734 5404 868 5473 πρὸς
894 5400 1237 5470 ἐπιτήδευμα
1285 5396 1469 5450 ὁτιοῦν
1524 5395 1670 5475 ἔχειν
1729 5397 1882 5450 οὐδὲν
1932 5398 2037 5451 κώ-

460 5501 631 5568 λυμα,
663 5498 758 5551 καὶ
789 5494 1157 5566 στρατηγήσει
1193 5476 1297 5563 μὲν
1324 5493 1351 5544 ὁ
1385 5490 1715 5562 στρατηγὸς,
1746 5490 1837 5543 καὶ
1865 5507 2038 5561 γεωρ-

461 5596 625 5662 γήσει
663 5591 721 5644 δὲ
751 5593 779 5643 ὁ
810 5587 1080 5657 γεωργὸς,
1135 5586 1231 5638 καὶ⁹
1282 5570 1615 5654 δημιουργὸς
1666 5583 2039 5651 προστήσεται

465 5687 574 5736 τῶν
609 5683 787 5751 ἔργων
812 5680 905 5732 καὶ
933 5678 994 5731 οὐ
1017 5678 1202 5747 δεήσει
1229 5693 1290 5743 γε
1322 5675 1501 5727 οὐδενὶ
1554 5674 1663 5726 τῶν
1695 5674 2041 5741 γιγνομένων

468 5777 558 5828 διὰ
608 5772 859 5829 τουτουσὶ
881 5772 1005 5831 τοὺς
1051 5767 1264 5836 λόγους.
1293 5767 1366 5821 Οὐ
1393 5766 1500 5833 γὰρ
1530 5766 1789 5836 ἐσχατιὰν
1827 5767 2039 5832 ἀνάγκη

472 5864 835 5925 καταλαΰείνη
874 5863 981 5915 οὐδ’
1020 5861 1163 5928 ἀήθη
1196 5860 1316 5912 τινὰ
1352 5857 1652 5927 προσέσθαι
1685 5855 1888 5925 τροφὴν
1934 5856 2043 5906 οὐδ’

548 5985 593 6013 ⁸³
620 5985 763 6037 l‘sal.
794 5997 830 6045 t,
864 5980 909 6045 l,
950 5980 1008 6034 ἓ.

2116 3351 2246 3404 dum
2281 3344 2583 3401 conderet?
2621 3341 2756 3413 Ejus
2790 3356 2919 3395 vero
2945 3339 3037 3410 qui
3077 3351 3185 3393 non
3222 3336 3489 3400 cernitur,
3515 3334 3695 3403 qualis

2121 3440 2492 3513 pulchritudo,
2524 3448 2580 3493 et
2613 3435 2890 3508 quomodo
2921 3434 2990 3488 ab
3020 3445 3086 3487 eo
3150 3439 3286 3486 nutu
3340 3429 3460 3483 solo
3486 3427 3696 3482 consti-

2122 3544 2272 3590 tutus
2300 3535 2391 3600 sit,
2421 3543 2475 3588 et
2504 3545 2725 3586 omnem
2777 3542 2942 3597 quam
2982 3527 3037 3579 in
3067 3525 3180 3580 haec
3212 3521 3469 3576 inferiora
3502 3532 3692 3573 curam

2121 3627 2387 3690 conferat,
2422 3637 2532 3679 non
2564 3622 2671 3677 alio
2694 3623 2802 3674 line
2852 3618 3033 3680 docet,
3068 3629 3231 3685 quam
3284 3623 3344 3668 ut
3373 3610 3440 3665 ad
3477 3625 3537 3665 se
3565 3623 3699 3663 con-

2123 3718 2297 3773 rersis
2330 3729 2570 3771 amorem
2618 3712 2704 3768 sui
2753 3711 3003 3765 suadeat.
3054 3707 3119 3761 Et
3174 3704 3417 3767 omnino,
3454 3699 3598 3755 sicut
3640 3700 3694 3753 in

2124 3825 2309 3867 amore
2350 3810 2643 3866 ferventes,
2678 3802 3027 3872 sapientiam,
3067 3797 3388 3858 bonitatem,
3433 3802 3488 3847 et
3520 3798 3694 3845 artem

2124 3906 2490 3964 demonstrat,
2547 3906 2607 3952 ut
2633 3896 2862 3968 injicere
2903 3891 3061 3946 nobis
3102 3888 3187 3942 sui
3230 3900 3473 3941 amorem
3503 3882 3697 3953 possit.

2125 3997 2361 4052 Proinde
2399 3995 2478 4049 rei
2512 3990 2680 4061 hujus
2728 3997 2937 4044 tantam
2975 3982 3244 4037 rationem
3275 3980 3446 4041 ducit,
3481 3984 3534 4031 et
3564 3975 3700 4029 adeo

2126 4088 2311 4160 magni
2334 4102 2454 4143 eam
2484 4085 2741 4148 aestimat,
2769 4089 2828 4135 ut
2852 4093 2976 4136 cum
3018 4092 3117 4147 pro
3147 4089 3208 4128 ea
3243 4072 3461 4127 fecisset
3493 4067 3697 4133 omnia,

2127 4158 2250 4255 quae
2282 4181 2374 4236 Dei
2424 4186 2622 4233 natura
2667 4173 2993 4246 patiebatur,
3050 4183 3155 4222 non
3218 4165 3556 4235 quiesceret;
3601 4158 3698 4215 sed

2127 4278 2191 4332 ad
2245 4275 2407 4330 aliam
2441 4281 2695 4327 naturam
2762 4281 2822 4321 se
2870 4265 3045 4327 daret,
3091 4275 3199 4330 qua
3252 4260 3320 4313 ad
3352 4258 3494 4312 idem
3548 4268 3703 4320 aeque

2125 4376 2397 4432 uteretur,
2434 4372 2494 4419 ut
2520 4377 2641 4434 quae
2672 4357 3002 4430 persuadere
3033 4369 3140 4408 non
3195 4361 3429 4422 poterat,
3453 4365 3517 4403 eo
3556 4346 3701 4417 qmid

2126 4465 2273 4520 Deus
2302 4469 2470 4522 esset,
2495 4471 2558 4513 ea
2589 4456 2756 4512 homo
2810 4451 2984 4507 lactus
3016 4455 3223 4518 posset,
3259 4457 3309 4500 et
3347 4460 3440 4510 per
3469 4451 3703 4508 utraque

2129 4569 2243 4615 tum
2273 4553 2595 4617 domestica,
2619 4563 2741 4619 quae
2763 4545 2982 4599 veniens
3002 4540 3279 4596 all‘ercbnt.
3304 4546 3415 4590 tum
3442 4546 3707 4597 «ετιιιίιιιεέι

2131 4667 2253 4724 qua:
2285 4649 2682 4715 assumpserat,
2718 4640 2945 4692 charum
2979 4632 3082 4686 sibi
3110 4632 3174 4685 ad
3211 4627 3510 4687 amicitiam
3547 4643 3704 4681 suam

2131 4719 2477 4812 adiungeret.
2504 4733 2595 4788 Sic
2636 4732 2724 4786 lex
2756 4726 3002 4797 spiritus,
3034 4724 3156 4792 jure
3182 4722 3263 4775 lex
3312 4732 3395 4776 est
3425 4719 3707 4783 amicitiae,

2133 4839 2371 4905 indeque
2423 4831 2488 4886 ad
2549 4824 2811 4884 beneﬁcia
2883 4816 3231 4889 agnoscenda
3289 4829 3392 4869 nos
3466 4821 3707 4867 exercet.

2133 4904 2315 4998 Quare
2331 4925 2573 4982 studiose
2604 4922 2658 4973 in
2692 4931 2812 4973 eam
2864 4904 3292 4966 incumbentium
3325 4918 3427 4962 est.
3463 4907 3709 4962 Primum

2135 5022 2379 5094 quidem,
2406 5015 2667 5087 quoniam
2717 5021 2892 5076 neque
2921 5003 3092 5058 sudor
3117 5001 3205 5054 hic
3230 4999 3396 5062 nllus,
3425 5014 3524 5052 nec
3561 4997 3713 5050 labor

2136 5127 2240 5181 est,
2279 5128 2380 5169 nec
2401 5118 2672 5173 sumptus,
2699 5119 2799 5159 nec
2836 5098 3142 5161 infamiam,
3178 5103 3272 5148 aut
3301 5095 3561 5162 probrum
3616 5105 3713 5159 pa.

2138 5215 2229 5272 rit,
2271 5224 2369 5262 nec
2403 5206 2471 5261 ob
2503 5202 2649 5257 aliud
2692 5198 2841 5251 illius
2880 5191 3161 5263 quippiam
3225 5187 3452 5241 viliores
3479 5199 3709 5245 smnus;

2145 5305 2237 5360 srd
2268 5313 2321 5356 et
2355 5308 2501 5354 artes
2547 5302 2783 5349 tractare
2844 5285 3203 5342 nihilominus
3249 5281 3457 5333 licitum
3510 5283 3613 5340 est,
3659 5286 3715 5329 et

2140 5396 2511 5467 quodcunque
2569 5385 2811 5441 studium
2869 5376 3066 5435 sectari
3115 5373 3251 5429 nihil
3281 5379 3446 5424 vetat.
3489 5367 3555 5419 Et
3607 5367 3714 5419 dux

2142 5459 2446 5544 exercitum
2497 5481 2676 5542 ducet,
2723 5486 2778 5532 et
2818 5470 3056 5541 agricola
3089 5478 3290 5522 terram
3329 5461 3494 5524 colet,
3520 5468 3573 5512 et
3601 5459 3717 5523 opi-

2145 5583 2230 5637 fex
2275 5575 2489 5647 urgebit
2532 5586 2692 5640 opus,
2750 5576 2802 5622 et
2863 5565 2964 5617 hac
3007 5558 3229 5628 quidem
3278 5554 3343 5606 tle
3378 5564 3537 5605 causa
3578 5547 3717 5601 nili‘il

2144 5689 2334 5731 eorum
2363 5685 2484 5739 qua:
2540 5666 2719 5718 facere
2765 5654 3075 5717 consuevit,
3119 5647 3535 5723 lprmtermittet.
3596 5639 3712 5693 Non

2149 5768 2202 5822 in
2239 5760 2606 5818 remotissima
2663 5756 2777 5807 loca
2838 5744 3174 5807 abeundum,
3225 5753 3328 5793 nec
3375 5738 3587 5791 insueta
3626 5734 3720 5786 ali-

2150 5858 2330 5911 monia
2363 5846 2694 5908 adhibenda,
2738 5857 2836 5897 nec
2867 5833 3224 5910 permutanda
3265 5829 3446 5889 vestis,
3482 5841 3579 5880 nec
3603 5840 3721 5880 cor—
