4036 6452
402 445 502 509 681

1445 449 1542 509 DE
1579 446 1759 509 VH‘A
1802 444 1880 504 ἸΝ
1925 441 2256 502 CHRIS’I‘O
2297 442 2443 505 LIB.
2492 443 2595 503 Vl.

3543 435 3649 499 662

404 555 506 620 τῆς
537 553 808 624 ὲνῆιαιρῷ
839 557 947 618 τοῖς
983 555 1256 623 συνοῦσιν,
1291 556 1374 610 ὅτι
1420 558 1544 618 τοὺς
1585 558 1843 626 ἀρίστους
1889 555 1974 607 ὲν-

2091 553 2230 619 Lutis,
2263 553 2550 622 discipulis
2598 553 2716 608 suis
2771 561 3073 622 opportune
3102 548 3456 621 cogitationes
3507 550 3654 618 opti-

402 645 644 700 τίθενται
681 646 999 717 λογισμοὺς,
1035 652 1130 704 καὶ
1161 649 1234 704 αὖ
1280 647 1595 702 τούναντίον
1647 650 1694 701 οί
1743 645 1972 716 πονηροὶ

405 737 662 805 δαίμονες
695 739 970 808 πονηροὺς
1027 740 1342 809 εἰσάγοντες
1392 740 1614 804 τύπους,
1659 740 1733 802 ὡς
1773 740 1824 792 οἰ
1873 740 1973 808 μὲν

401 827 576 900 ταύτῃ
612 828 720 885 τῶν
765 831 1135 887 ἀτοπωτάτων
1169 834 1437 902 τεχνίτας,
1492 834 1542 886 οί
1575 834 1632 885 δὲ
1667 833 1773 886 τῶν
1819 833 1973 885 δεὸνο-

402 936 512 972 των
547 921 990 991 ἀπεργασόμενοι
1025 923 1383 993 πρακτικούς.

481 1011 637 1065 Ἔστι
690 1013 791 1083 μὲν
841 1010 936 1068 οὖν
986 1016 1206 1085 ἀπάσης
1261 1005 1668 1086 ἐπαινουμένης
1721 1015 1971 1083 μελέτης,

406 1105 545 1174 πρὸς
581 1105 789 1174 ἀρετὴν
831 1107 1134 1162 ἀπόνασθαι
1171 1111 1239 1161 τὰ
1285 1109 1604 1178 γιγνόμενα,
1639 1107 1878 1178 Χριστοῦ
1916 1108 1974 1162 δὲ

411 1197 542 1266 πέρι
592 1197 686 1249 καὶ
715 1190 793 1252 ὧν
841 1198 1003 1263 αὐτὸς
1055 1199 1455 1270 φιλανθρώπως
1509 1201 1638 1270 περί⁵
1683 1200 1786 1270 τῆς
1836 1201 1974 1270 ἐμῆς

407 1289 796 1357 ἐμηχανήσατο
850 1291 1145 1361 σωτηρίας,
1207 1292 1460 1358 διεξιέναι
1512 1295 1624 1356 τοῖς
1673 1293 1973 1363 λογισμοῖς,

409 1380 579 1450 αὐτὴν
609 1381 740 1450 ἡμῖν
768 1381 1025 1452 ἄντικρυς
1041 1381 1152 1452 ἔχει
1183 1384 1284 1454 τὴν
1315 1384 1654 1454 ζητουμένην
1682 1385 1850 1455 ζωὴν,
1884 1387 1976 1439 καὶ

409 1471 497 1526 διὰ
527 1473 745 1528 πάντων
773 1473 1121 1538 ἀποδείκνυσι
1154 1476 1479 1545 μακαρίους.
1509 1475 1620 1530 Καὶ
1648 1475 1722 1538 ὡς
1777 1475 1844 1528 ἂν
1895 1478 1980 1530 ὲν-

409 1563 593 1629 αργῶς
625 1562 876 1632 εἰδῶμεν.
911 1564 1305 1635 θεωρήσωμεν,
1335 1565 1371 1619 δ.
1403 1568 1529 1629 τοὺς
1574 1566 1977 1640 κατορθοῦντας

409 1655 438 1706 ό
475 1655 712 1723 Χριστὸς
743 1655 904 1718 αὐτὸς
959 1655 1184 1710 ἐκάλεσε
1226 1657 1550 1726 μακαρίους,
1594 1659 1643 1711 εἰ
1695 1660 1768 1729 μὴ
1800 1661 1978 1714 πάντα

409 1747 517 1800 τῶν
547 1746 824 1815 λογισμῶν
859 1747 1152 1818 ἐξήρτηται
1184 1748 1412 1804 τούτων.
1448 1749 1612 1814 Τίνας
1633 1750 1728 1803 οὖν
1757 1751 1979 1814 τούτους

408 1839 438 1893 ὁ
469 1838 629 1908 μόνος
674 1838 749 1902 ὡς
795 1839 1010 1908 ἀληθῶς
1068 1841 1338 1911 μακάριος
1386 1841 1796 1911 εὐδαιμονίζει;
1851 1844 1976 1905 τοὺς

410 1931 662 1999 πτωχοὺς
709 1929 790 1999 τῷ
860 1930 1174 1998 πνεύματι,
1235 1933 1362 1993 τοὺς
1417 1931 1792 1997 πενθοῦντας,
1851 1934 1980 1996 τοὺς

413 2022 646 2091 πρᾴους,
686 2021 813 2084 τοὺς
846 2022 1148 2084 πεινῶντας
1186 2025 1283 2076 καὶ
1316 2022 1586 2096 διψῶντας
1641 2023 1741 2094 τὴν
1773 2025 1982 2078 δικαιο-

413 2114 600 2183 σύνην,
651 2115 779 2177 τοὺς
814 2114 1136 2184 ἐλεήμονας,
1179 2118 1308 2180 τοὺς
1341 2119 1621 2188 καθαροὺς
1651 2121 1718 2189 τῇ
1759 2119 1978 2193 καρδίᾳ,

412 2206 536 2268 τοὺς
563 2206 956 2277 εἰρηνοποιοὺς,
980 2209 1105 2271 τοὺς
1128 2209 1384 2280 διωγμῶν
1405 2213 1497 2264 καὶ
1520 2212 1718 2276 παντὸς
1747 2213 1983 2278 ὀνείδους

417 2300 545 2368 περὶ
577 2299 926 2370 δικαιοσύνης
957 2302 1180 2371 καὶτῆς
1230 2304 1360 2373 περί
1391 2305 1628 2371 Χριστὸν
1673 2305 1982 2384 προθυμίας

414 2387 792 2457 ἀνεχομένουςο
819 2384 978 2445 Οὗτοι
1011 2393 1110 2462 μὲν
1151 2389 1246 2450 οὖν
1275 2395 1324 2447 οί
1356 2394 1457 2464 τῆς
1508 2396 1784 2466 μακαρίας
1833 2399 1986 2464 ἐπει-

415 2477 683 2548 λημμένοι
721 2479 890 2551 ζωῆς.
922 2481 986 2535 Εἰ
1010 2484 1189 2536 τοίνυν
1224 2485 1332 2540 ἀπὸ
1353 2486 1750 2556 τῶνζλογισμῶν
1779 2489 1983 2543 τούτων

414 2577 513 2639 τὴν
545 2573 718 2644 καλὴν
757 2574 1132 2646 πλαττόμενον
1186 2577 1383 2632 πλάσιν
1427 2579 1617 2634 τοῦτον
1651 2581 1982 2646 σκοποῦντες

417 2665 725 2736 εὑρήσομεν
768 2669 860 2727 τὺν
897 2669 1058 2739 χορὸν
1101 2673 1194 2725 καὶ
1242 2675 1368 2737 τοὺς
1425 2675 1720 2742 στεφὼιους
1773 2677 1985 2730 ἐκεῖθεν

418 2757 811 2826 πλεκομένους,
849 2761 1021 2815 ἅπασι
1070 2763 1230 2832 δῆλον
1261 2766 1326 2818 ἃν
1364 2767 1574 2832 γένοιτο
1607 2769 1848 2832 πάντως,
1882 2769 1983 2840 τὴν

421 2848 545 2916 περὶ
584 2851 834 2902 τουτουσὶ
864 2852 991 2915 τοὺς
1032 2853 1226 2918 λόγους
1275 2855 1558 2926 διατριϐὴν
1605 2859 1702 2912 καὶ
1755 2859 1986 2930 μελέτην

419 2939 536 2993 ἁδὺν
566 2942 782 3013 ἀσφαλῆ
813 2945 907 2997 καὶ
937 2944 1188 2998 διάϐασιν
1215 2947 1307 2999 καὶ
1347 2948 1592 3015 κλίμακα
1621 2951 1715 3003 καὶ
1744 2952 1770 3004 ὃ
1818 2953 1870 3005 τί
1905 2972 1986 3016 τις

419 3031 484 3093 ἂν
512 3032 680 3099 είποι,
717 3035 853 3103 πρὸς
892 3035 989 3106 τὴν
1019 3038 1298 3107 μακαρίαν
1329 3037 1470 3093 εἶναι
1504 3041 1670 3112 ζωήν.

491 3125 696 3178 Αὐτίκα
718 3127 869 3198 γὰρὴ
894 3129 951 3181 ὲν
974 3129 1241 3199 πνεύματι
1263 3133 1500 3202 πτωχεία
1521 3134 1612 3186 καὶ
1640 3153 1660 3186 ι
1685 3135 1743 3187 τὸ
1763 3135 1837 3206 μὴ
1857 3155 1988 3206 φρο-

2076 656 2194 698 mas
2227 641 2588 710 ingenerant;
2642 651 2694 697 et
2729 650 2943 704 contra,
2995 641 3126 695 tnali
3177 641 3453 695 dannones
3510 639 3650 694 foeda

2075 733 2368 788 simulacra
2407 735 2553 787 intus
2580 733 2841 797 excitant,
2876 743 2937 786 ut
2967 734 3068 789 ista
3106 732 3212 797 via,
3251 732 3302 786 hi
3356 731 3420 786 ad
3457 731 3657 801 turpis-

2075 823 2234 890 sima,
2269 824 2345 877 illi
2377 825 2442 878 ad
2470 824 2854 880 honestissima
2887 827 3092 895 agenda
3144 832 3459 892 provocent.

2146 1001 2239 1057 Est
2270 1001 2435 1071 igitur
2464 1001 2731 1072 cujusque
2764 1001 2991 1056 laudatae
3032 1000 3400 1057 meditationis
3448 1003 3652 1063 videre,

2079 1094 2354 1163 quomodo
2379 1094 2621 1148 actiones
2657 1110 2720 1152 ex
2760 1094 2958 1148 virtute
2987 1092 3273 1164 proﬁciunt
3307 1107 3322 1154 ;
3375 1090 3652 1147 Christum

2078 1191 2257 1237 autem
2294 1181 2568 1247 meditari,
2592 1190 2646 1236 et
2672 1197 2792 1254 quae
2823 1181 2870 1235 is
2890 1195 2989 1252 pro
3035 1195 3151 1235 mea
3177 1181 3351 1234 salute
3403 1191 3653 1233 amanter

2079 1274 2362 1336 laboravit,
2396 1273 2821 1342 cogitationibus
2876 1286 3225 1344 percurrere,
3254 1286 3441 1341 aperte
3473 1273 3640 1324 vitam

2077 1366 2236 1422 nobis
2283 1365 2565 1434 quaesitam
2627 1364 2892 1427 continet,
2962 1377 3165 1433 perque
3219 1361 3401 1418 omnia
3467 1361 3654 1415 beatos

2077 1456 2275 1512 reddit.
2307 1457 2368 1510 Et
2393 1465 2451 1511 ut
2485 1458 2627 1510 istuc
2679 1453 2967 1520 manifeste
3010 1467 3426 1520 cognoscamus,
3475 1449 3656 1506 cousi-

2078 1549 2484 1613 deremus,illm
2543 1547 2939 1608 sanctimoniae.
3003 1554 3228 1615 propter
3277 1560 3416 1614 quas
3463 1559 3653 1598 earnm

2079 1641 2318 1696 cultores
2351 1641 2602 1695 Christus
2635 1641 2753 1707 ipse
2795 1639 2986 1694 beatos
3049 1638 3364 1708 praedicavit
3391 1675 3406 1697 ,
3475 1652 3654 1689 annon

2080 1747 2269 1787 omnes
2299 1731 2366 1785 ab
2397 1731 2548 1786 hisee
2588 1729 3012 1800 cogitationibus
3051 1728 3491 1798 proﬁciscantur.
3511 1725 3659 1791 Quos

2080 1838 2210 1894 ergo
2258 1823 2496 1886 tandem,
2528 1824 2619 1892 qui
2670 1822 2822 1886 solus
2853 1833 2907 1877 et
2948 1836 3074 1878 vere
3103 1821 3294 1876 beatus
3339 1828 3446 1881 est,
3472 1818 3660 1872 beatos

2007 1884 2054 1948 Β
2076 1913 2287 1983 judieat
2312 1915 2333 1968 ?
2370 1914 2646 1984 Panperes
2673 1915 2891 1983 spiritu,
2927 1914 3192 1983 lugentes,
3215 1913 3397 1975 mites,
3417 1911 3661 1966 esurien-

2083 2017 2162 2062 tcs
2232 2017 2286 2062 et
2343 2007 2587 2071 sitientes
2631 2007 2899 2074 justitiam
2929 2046 2946 2072 ,
2991 2005 3397 2070 misericordes,
3456 2004 3662 2056 mundo

2081 2100 2263 2166 corde,
2315 2099 2593 2170 paciﬁcos,
2623 2098 3034 2168 persecutiones
3097 2106 3149 2150 et
3209 2110 3370 2149 omne
3401 2096 3662 2170 probrum

2084 2161 2331 2260 propter.
2365 2161 2660 2261 justitiam,
2691 2199 2746 2244 et
2790 2197 3102 2259 promptum
3157 2185 3362 2241 Christi
3401 2161 3658 2240 eludi-um

2084 2283 2421 2339 sustinentes
2462 2284 2532 2338 “.
2565 2281 2631 2336 Hi
2679 2291 2808 2339 sunt
2866 2281 2961 2352 qui
2995 2281 3209 2336 beatam
3243 2281 3409 2334 vitam
3467 2291 3666 2348 appre-

2083 2377 2412 2431 henderunt.
2446 2375 2501 2431 Si
2553 2376 2719 2443 igitur
2767 2375 2836 2432 ab
2887 2373 2974 2430 his
3033 2372 3456 2444 cogitatiOnibus
3519 2372 3666 2425 hunc

2083 2471 2314 2523 chorum
2350 2468 2578 2538 pulchre
2611 2467 2932 2528 formatum,
2991 2474 3045 2520 et
3094 2479 3331 2519 coronas
3359 2463 3488 2518 inde
3532 2477 3667 2516 con-

2086 2570 2262 2617 textas
2346 2559 2709 2622 inveniemus,
2792 2556 3051 2611 omnibus
3134 2555 3292 2625 plane
3365 2553 3666 2621 constabit,

2084 2668 2304 2722 operam
2340 2663 2392 2706 et
2427 2651 2834 2704 meditationem
2863 2649 2917 2702 in
2949 2648 3096 2704 hisce
3145 2647 3452 2708 rationibus
3505 2648 3672 2701 collo-

2086 2757 2286 2808 cafam,
2316 2745 2455 2798 viam
2493 2756 2763 2806 securam,
2789 2750 2841 2794 et
2873 2740 3163 2794 transitum
3213 2750 3268 2793 et
3303 2738 3551 2806 gradum,
3615 2747 3672 2792 et

2087 2854 2196 2904 quo
2223 2837 2345 2902 quis
2388 2837 2607 2890 nomine
2641 2832 2893 2902 appellet,
2930 2833 2994 2886 ad
3031 2831 3240 2886 beatam
3295 2831 3461 2888 vitam
3523 2844 3667 2886 esse.

2162 3105 2458 3174 Paupertas
2493 3101 2546 3154 in
2577 3101 2794 3170 spiritu,
2830 3108 2883 3153 et
2911 3116 2930 3151 ι
2969 3113 3076 3153 non
3111 3111 3324 3168 sapere,
3360 3104 3420 3150 ut
3471 3094 3672 3152 Paulus

417 3220 548 3280 νεῖν,
628 3235 758 3286 φησι
778 3220 1172 3291 Παῦλος,ξὺπὲρ
1194 3221 1221 3273 ὃ
1244 3222 1322 3274 δεῖ
1339 3227 1576 3294 φρονεῖν,
1598 3225 1732 3279 ἀλλὰ
1767 3231 1984 3297 φρονεῖν

2093 3196 2187 3260 ait,
2205 3197 2501 3265 plusquam
2521 3201 2764 3262 Oportet:
2794 3192 2884 3245 sed
2908 3205 3097 3260 sapere
3110 3192 3174 3244 ad
3201 3189 3548 3244 sobrietatem
3566 3188 3665 3245 ⁸⁸.»

415 3311 496 3372 είς
520 3309 578 3362 τὸ
608 3315 929 3381 σωφρονεῖν,
959 3331 978 3363 ι
1001 3314 1158 3366 τίνων
1181 3316 1375 3380 γένοιτ’
1401 3316 1464 3368 Ξιν
1492 3316 1524 3386 ἢ
1559 3318 1668 3371 τῶν
1698 3319 1796 3388 τὴν
1813 3318 1988 3388 Ἰησοῦ

419 3403 698 3472 πτωχείαν
726 3405 1140 3475 ὲπισταμένων;
1176 3407 1233 3468 ὃς
1265 3409 1360 3460 καὶ
1409 3409 1622 3476 φύσεως
1653 3411 1746 3463 καὶ
1785 3411 1992 3483 διατρι-

419 3495 531 3547 ϐῶν
576 3497 807 3566 μετέσχε
842 3500 954 3559 τοῖς
1005 3497 1214 3562 δούλοις
1272 3501 1547 3569 Δεσπότης
1580 3499 1676 3567 ὢν,
1709 3503 1803 3556 καὶ
1857 3504 1993 3574 σὰρξ

419 3587 635 3654 ἐγένετο
687 3587 817 3651 Θεὸς
850 3587 946 3651 ὢν,
994 3591 1096 3643 καὶ
1143 3589 1337 3643 πενίαν
1388 3594 1415 3644 ὁ
1463 3592 1768 3658 πλουτίζων
1819 3596 1995 3651 εἵλετο

422 3682 514 3730 καὶ
541 3679 773 3748 ἦνεγκεν
801 3681 1028 3748 ἀτιμίαν
1053 3684 1087 3733 ὁ
1127 3685 1227 3752 τῆς
1265 3683 1424 3753 δόξης
1465 3684 1740 3754 βασιλεὺς,
1773 3689 1867 3740 καὶ
1899 3707 1992 3744 πεα-

425 3772 648 3839 ριήγετο
684 3770 783 3840 μὲν
837 3772 1126 3838 δεδεμένος
1169 3775 1396 3837 diuisa;
1445 3775 1505 3829 τὺ
1542 3777 1717 3852 γένος,
1771 3783 1994 3850 γραφὴν

421 3861 476 3914 δὲ
509 3862 726 3926 ἐδέξατο
767 3864 1124 3933 παρανόμων,
1177 3863 1235 3927 ὃς
1268 3861 1434 3936 ἦλθεν
1467 3867 1562 3918 ἐπὶ
1595 3866 1654 3920 τὸ
1701 3867 1992 3937 πληρῶσαι

423 3952 510 4004 τὸν
539 3951 721 4020 νόμον,
775 3954 870 4008 καὶ
916 3956 1116 4024 κριτῶν
1163 3956 1425 4025 ἠνέσχετο
1467 3957 1625 4028 δήμῳ
1677 3962 1995 4030 μαινομένῳ

423 4044 517 4094 καὶ
547 4043 775 4110 φονῶντι
805 4044 1200 4115 χαριζομένων,
1227 4063 1245 4096 ι
1279 4039 1430 4116 ᾧτὴν
1459 4048 1638 4120 κρίσιν
1657 4050 1834 4104 πᾶσαν
1862 4051 1995 4106 ἔδω·

424 4151 517 4187 κεν
547 4137 572 4187 ὁ
602 4136 792 4206 Πατήρ
823 4149 840 4166 ·
871 4155 888 4186 ι
931 4136 1117 4190 Ταῦτα
1157 4138 1277 4189 τίνα
1324 4139 1423 4191 οὐκ
1455 4138 1519 4193 ἂν
1544 4141 1864 4209 κατενέγκοι
1903 4143 1997 4196 τῦ-

425 4229 558 4297 φονί
604 4229 814 4293 ’Ἄλλως
847 4247 907 4281 τε
943 4230 1044 4298 τῆς
1077 4231 1456 4302 ὑπερηφανίας
1499 4234 1606 4286 ἀπὸ
1645 4233 1752 4288 τῶν
1795 4253 1996 4308 κατορ-

425 4323 720 4391 θωμάτων,
758 4323 887 4376 ὅταν
924 4323 1290 4392 ὑπερϐάλλειν
1319 4324 1571 4388 δοκῶσιν,
1611 4328 1994 4398 ἐγειρομένης,

425 4417 452 4468 ὁ
489 4415 556 4470 τὰ
580 4415 822 4486 Χριστοῦ
858 4414 1162 4486 μελετήσας
1191 4417 1401 4470 εἵσεται
1435 4418 1507 4486 μὴ
1542 4419 1624 4470 ὅτι
1660 4421 1824 4490 μηδὲν
1857 4422 1997 4490 μέγα

426 4504 829 4573 κατωρθωκὼς,
856 4503 973 4557 ἀλλ’
994 4505 1106 4557 οὐδ’
1132 4505 1274 4574 ὑπὲρ
1299 4505 1392 4558 τοῦ
1416 4505 1643 4575 λυθῆναι
1671 4509 1765 4576 τῆς
1797 4509 1998 4578 αἰχμα-

426 4596 629 4657 λωσίας
655 4595 820 4658 αὐτὸς
850 4597 1184 4663 εἰσενεγκεῖν
1218 4596 1373 4658 οὐδὲν
1399 4596 1669 4664 δυνηθεὶς,
1694 4598 1751 4659 ὃς
1777 4614 1839 4664 γε
1875 4599 1995 4652 οὐδὲ

431 4685 566 4754 μετὰ
603 4686 666 4737 τὸ
695 4685 924 4752 λυθῆναι
972 4685 1148 4739 σῶσαι
1197 4685 1448 4755 καθαρὰν
1499 4688 1598 4756 τὴν
1647 4685 1984 4759 ἐλευθερία-ν.

439 4777 498 4828 'O
543 4776 641 4845 μὲν
684 4777 793 4844 γὰρ
846 4775 939 4829 τοῦ
989 4776 1222 4846 αἵματος
1261 4778 1407 4844 ἡμᾶς
1439 4777 1668 4848 ἐπρίατο
1701 4781 1793 4830 καὶ
1859 4797 2002 4849 παρ-

428 4868 586 4937 έσχεν
613 4868 744 4937 ἡμῖν
781 4867 921 4920 οὕτω
967 4867 1228 4935 μεγάλου,
1258 4871 1607 4939 κτησάμενος
1637 4869 1735 4940 τὴν
1785 4870 2001 4924 ἐλευθε-

435 4955 554 5024 ρίαν
573 4971 590 4988 ο
612 4956 696 5019 τίς
716 4956 772 5009 δὲ
795 4955 903 5009 τῶν
931 4956 1201 5009 λυθέντων
1224 4957 1305 5023 ἐφ’
1328 4953 1406 5018 οἷς
1440 4959 1659 5028 εἴληφεν
1689 4959 1870 5028 ἔμεινε
1903 4963 1998 5014 καὶ

431 5049 520 5101 τὸν
545 5048 914 5116 πνευματικὸν
947 5047 1170 5101 πλοῦτον
1215 5050 1304 5102 διὰ
1353 5051 1536 5112 τέλους
1589 5051 1786 5106 ἄσυλον
1818 5052 1993 5121 ἔσχεν,

431 5140 567 5204 ἀλλὰ
595 5141 671 5211 μὴ
694 5140 852 5193 τοῦτο
887 5141 1028 5209 μέγα
1050 5141 1432 5210 κατωρθωκὼς
1455 5143 1712 5214 ἐνομίσθη
1737 5145 1804 5196 τὰ
1829 5148 2002 5214 μικρὰ

433 5232 572 5301 πρὸς
602 5233 701 5301 τὴν
732 5234 894 5302 χάριν
926 5232 1293 5302 ἑξαμαρτεῖν;
1329 5233 1393 5284 Τί
1432 5235 1612 5286 τοίνυν
1650 5235 1783 5305 ἡμῖν
1821 5236 2004 5298 αὐτοῖς

435 5325 730 5384 συνειδόσιν
759 5325 991 5396 ὑπάρξει
1027 5325 1170 5393 μέγα
1205 5326 1443 5394 φρονεῖν,
1479 5320 1558 5386 οἷς
1590 5326 1622 5394 ἠ
1664 5326 1762 5394 μὲν
1793 5326 2006 5379 οἵκοθ;ν

433 5415 604 5484 ἁρετὴ
631 5415 696 5476 δι’
733 5415 932 5484 ἑαυτὴν
964 5417 1104 5487 αὑτὴ
1139 5417 1273 5486 πρὸς
1304 5415 1459 5468 οὐδὲν
1501 5417 1660 5487 φέρει
1689 5417 2003 5479 λυσιτελές;

435 5507 488 5559 εί
517 5523 570 5560 τι
623 5507 671 5560 δ’
717 5507 927 5564 ἔνεστιν
959 5507 1212 5577 ἀληθινὸν
1261 5507 1486 5576 ἀγαθὸν,
1535 5510 1560 5559 ὁ
1607 5506 1739 5568 Θεὸς
1783 5507 2008 5576 ἐνέθηκε

442 5597 611 5665 μηδὲν
644 5599 1260 5667 πραγματευσαμένοις,
1294 5601 1388 5651 καὶ
1418 5598 1536 5654 οὐδὲ
1565 5597 1729 5658 αὑτὸν
1759 5596 1891 5666 γοῦν
1918 5598 2011 5654 τὸν

440 5685 639 5752 ἔξωθεν
673 5689 957 5746 ἐντεθέντα
1015 5688 1243 5742 πλοῦτον
1282 5689 1494 5759 ἀψύχου
1544 5687 1822 5760 θησαυροῦ
1853 5689 2010 5757 δίκην

511 5867 559 5898 ³⁸
589 5865 780 5923 Matth.
815 5882 870 5930 v,
903 5865 1055 5922 5-H.
1134 5864 1179 5895 "
1223 5862 1379 5919 Rom.
1418 5881 1517 5928 xu,
1551 5865 1603 5917 5.

2097 3301 2460 3359 quarumnam
2493 3286 2582 3346 sit,
2620 3283 2722 3338 nisi
2752 3282 2878 3336 Jesu
2946 3288 3319 3351 paupertatem
3357 3281 3669 3346 scientinm,

2097 3381 2188 3452 qui
2215 3391 2267 3434 ct
2300 3392 2512 3443 natura,
2559 3387 2611 3431 et
2637 3376 2887 3430 convictu
2944 3389 3068 3430 cum
3129 3373 3302 3427 servis
3364 3373 3668 3427 communi—

2097 3474 2256 3538 cavit,
2290 3488 2413 3524 cum
2442 3480 2586 3524 esset
2617 3468 2899 3530 Dominus,
2931 3473 2984 3519 et
3033 3468 3211 3519 factus
3261 3477 3342 3519 est
3372 3480 3524 3530 caro,
3548 3481 3672 3519 cum

2096 3573 2243 3620 esset
2291 3561 2548 3630 Deus;et
2575 3561 2726 3614 dives
2773 3557 2933 3628 elegit
2986 3566 3303 3623 egestatem,
3339 3559 3671 3628 pertulitque

2098 3651 2451 3719 ignominiam
2521 3663 2616 3702 rex
2683 3646 2917 3716 gloriae;
2991 3655 3043 3698 et
3112 3645 3524 3702 circumductus
3592 3657 3679 3703 est

2097 3749 2334 3811 vinctus,
2366 3743 2457 3813 qui
2489 3758 2662 3812 genus
2717 3750 2968 3795 nosuum
3040 3737 3271 3793 vinculis
3349 3740 3510 3794 solvit
3542 3759 3556 3807 ;
3585 3757 3676 3796 ae-

2097 3838 2434 3893 cusationem
2491 3836 2812 3888 violatorum
2863 3833 2996 3898 legis
3050 3834 3102 3886 iu
3155 3847 3214 3889 se
3266 3834 3530 3902 suscepit,
3582 3834 3675 3902 qui

2097 3933 2264 4000 legem
2320 3929 2639 3998 impleturus
2700 3935 2916 3981 venerat
2945 3937 3059 4003 ;et,
3091 3928 3301 4000 indices
3345 3942 3537 3994 passus
3569 3939 3672 3986 est,

2099 4024 2391 4080 insanienti
2453 4022 2651 4091 populo
2741 4035 2803 4074 ac
2847 4021 3008 4075 caedis
3063 4020 3220 4073 avido
3286 4021 3673 4088 gratiﬁcantes,

2105 4137 2123 4170 ι
2163 4117 2250 4172 cui
2303 4131 2466 4171 omne
2511 4114 2776 4183 judicium
2811 4113 2960 4167 dedit
3000 4113 3156 4167 Pater
3191 4113 3258 4166 ⁵⁸.
3304 4132 3321 4164 ι
3358 4110 3481 4166 llaec
3514 4127 3674 4182 quem

2101 4212 2299 4266 fastum
2333 4226 2438 4265 non
2471 4210 2775 4277 deprimant
2803 4206 2926 4259 ‘lAd
2957 4206 3089 4270 haec,
3148 4205 3404 4272 superbia
3461 4219 3489 4258 a
3518 4205 3677 4258 bonis

2101 4308 2358 4376 Operibns
2415 4302 2670 4371 (quando
2694 4301 2806 4354 visa
2836 4300 3039 4352 fuerint
3071 4302 3337 4354 excellere
3369 4301 3385 4367 )
3421 4299 3675 4361 excitata,

2102 4401 2347 4456 actiones
2375 4396 2580 4451 Christi
2619 4394 2935 4457 meditatus,
2969 4392 3125 4455 sciet,
3166 4408 3274 4446 non
3331 4393 3506 4447 solum
3544 4393 3677 4445 nihil

2104 4507 2162 4548 se
2214 4504 2470 4558 magnum
2505 4503 2628 4542 cum
2661 4487 2860 4538 virtute
2891 4484 3210 4552 praestitisse
3238 4501 3251 4549 ;
3280 4483 3372 4537 sed
3411 4499 3586 4551 neque
3609 4481 3677 4536 ad

2033 4559 2385 4640 l"servitutis
2449 4594 2564 4633 suae
2621 4577 2822 4656 iugum.
2875 4589 2902 4626 a
2953 4574 3264 4627 cervicibus
3308 4573 3674 4640 dejiciendum

2101 4678 2394 4748 quidquam
2455 4678 2718 4742 praestare
2777 4667 3041 4738 potuisse,
3114 4666 3206 4735 qui
3265 4681 3365 4721 nec
3428 4667 3675 4734 adeptam

2105 4769 2405 4820 libertatem
2480 4773 2809 4814 conservare
2878 4763 3081 4809 sartam
3158 4761 3355 4806 tectam
3421 4753 3674 4819 potuerit.

2106 4857 2201 4912 llle
2230 4856 2372 4912 enim
2409 4851 2674 4922 sanguine
2706 4865 2806 4904 suo
2838 4861 2938 4900 nos
2970 4843 3126 4908 emit,
3152 4851 3205 4897 et
3234 4843 3311 4897 ita
3342 4857 3541 4912 magno
3587 4856 3677 4896 ae-

2107 4948 2364 5020 quisitam
2399 4945 2707 5000 libertatem
2761 4939 2919 4994 nobis
2943 4937 3183 4992 donavit.
3235 4933 3371 5002 Quis
3409 4947 3576 5003 porro
3609 4931 3678 4985 li-

2112 5045 2426 5099 beratornm
2462 5038 2515 5090 in
2550 5037 2637 5091 his
2661 5049 2781 5104 quae
2807 5029 3018 5099 accepit
3040 5028 3362 5100 permansit,
3418 5025 3679 5094 spiritua-

2113 5139 2296 5206 lesque
2320 5132 2541 5187 divitias
2573 5144 2747 5200 usque
2799 5127 2864 5181 ad
2901 5127 3062 5180 ﬁnem
3093 5139 3121 5176 a
3147 5120 3497 5192 praedonibus
3531 5128 3676 5172 tutas

2111 5227 2359 5287 retinuit.
2388 5240 2450 5278 ac
2482 5239 2588 5276 non
2626 5222 2766 5275 hanc
2793 5233 3040 5290 magnam
3075 5212 3494 5276 sanctimoniam
3523 5225 3678 5264 suam

2115 5317 2406 5388 reputavit,
2444 5315 2580 5369 levia
2605 5312 2869 5366 adversus
2909 5308 3138 5376 gratiam
3196 5302 3444 5374 peccare?
3483 5300 3537 5356 In
3572 5316 3684 5370 quo

2111 5408 2276 5479 igitur
2307 5405 2466 5461 nobis
2504 5402 2644 5456 male
2677 5398 2919 5456 consciis
2949 5396 3136 5453 licebit
3195 5393 3444 5464 gloriari,
3481 5391 3711 5460 quibus~

2115 5497 2338 5569 propria
2383 5495 2561 5550 virtus
2625 5493 2744 5563 ipsa
2788 5499 3008 5561 propter
3062 5488 3300 5556 seipsam
3335 5484 3400 5536 ad
3435 5481 3570 5536 nihil
3601 5488 3686 5532 est

2119 5592 2290 5645 utilis?
2323 5589 2380 5643 In
2416 5605 2523 5660 qua
2558 5587 2605 5642 si
2639 5586 2769 5657 quid
2832 5584 2973 5637 inest
3009 5580 3162 5642 boni,
3201 5577 3340 5632 Dens
3375 5575 3424 5630 id
3480 5575 3687 5640 alisque

2118 5683 2307 5736 labore
2326 5693 2515 5738 nostro
2534 5679 2751 5739 indidit.
2766 5678 2840 5734 Ac
2861 5692 3036 5744 neque
3059 5675 3203 5742 ipsas
3221 5672 3562 5725 extrinsecus
3583 5665 3688 5718 sal-

1680 5865 1727 5898 "
1765 5865 1920 5922 Joan.
1957 5881 2007 5926 v,
2039 5864 2128 5918 “2:1.
