4036 6444
416 427 524 488 6ῑ3

1663 433 1975 495 NICOLAI
2008 434 2402 522 CABASlL/E

3569 431 3676 494 864

414 552 521 592 tcm
551 539 943 593 divitiasnobis
964 538 1219 603 donatas,
1242 540 1525 597 inanimali
1551 543 1797 599 thesauri
1824 548 1988 600 instar

2099 549 2361 615 ἀσφαλῶς
2394 550 2670 617 ἐξεγένετο
2700 551 2985 614 διασῶσαι,
3019 551 3161 604 οὕτω
3193 550 3411 618 φαύλως
3445 546 3669 617 ἔχομεν.

417 640 538 685 ιιιιο
562 640 788 686 Servare
838 633 1086 701 contigit,
1133 632 1271 688 adeo
1304 649 1543 704 nequam
1592 651 1807 692 sumus.
1864 636 1993 692 Post

412 724 612 775 "novam
649 723 796 777 enim
855 735 1189 789 creaturam,
1246 734 1300 779 et
1331 726 1672 796 sepulturam
1723 728 1778 781 in
1828 743 1990 798 aqua,

411 825 463 865 ct
522 831 764 869 mensam
817 817 958 885 ignis
1008 817 1222 885 plenam
1266 833 1439 886 usque
1474 833 1539 873 eo
1582 820 1650 872 ad
1734 822 1989 872 virtutem

410 908 707 962 imbecilles
757 909 1107 976 reperiuntur
1128 910 1292 963 etiam
1322 910 1711 979 sapientissimi
1742 911 1993 966 homines

410 1008 470 1053 ιιι
510 1000 614 1053 illis
645 1015 803 1054 sacra
840 1015 1029 1055 mensa
1057 1003 1254 1057 crebro
1297 1002 1369 1056 sit
1430 1017 1594 1072 opus,
1622 1013 1674 1057 et
1721 1003 1992 1073 sanguine

410 1088 746 1161 purgatorio,
779 1100 833 1146 et
863 1107 1099 1161 superna
1127 1108 1315 1158 manu,
1340 1108 1408 1148 ne
1434 1095 1489 1149 in
1536 1105 1843 1150 extremam
1882 1095 1989 1147 im-

413 1185 735 1250 probitatem
795 1185 1157 1254 praecipitent.
1228 1185 1295 1239 Et
1349 1186 1544 1241 horum
1611 1195 1781 1242 testes
1861 1195 1991 1240 sunt

411 1290 514 1327 non
547 1274 793 1339 obscuri,
826 1275 917 1343 qui
950 1289 1048 1344 pro
1110 1276 1340 1331 honesto
1379 1287 1434 1330 et
1495 1278 1694 1333 virtute
1742 1279 1991 1346 quemvis

410 1367 647 1421 'aborem
676 1367 946 1438 aggressi,
968 1368 1320 1438 postmodum
1353 1369 1534 1423 omnia
1572 1369 1802 1425 nefanda
1841 1384 1993 1424 com-

412 1458 624 1511 mittere
661 1467 789 1511 sunt
822 1459 965 1514 ausi.
1022 1457 1126 1525 Qui
1159 1460 1435 1514 momibus
1483 1476 1543 1514 se
1576 1460 1988 1523 mandaverant,

405 1559 458 1601 rt
488 1565 707 1604 onmem
736 1551 1047 1613 tumultum,
1074 1550 1351 1622 vitamque
1378 1565 1728 1605 communem
1763 1565 1860 1604 ceu
1894 1564 1987 1619 pe-

411 1651 523 1696 stes
574 1640 847 1710 fugerant,
878 1653 937 1695 ut
984 1642 1094 1696 Deo
1127 1642 1229 1697 soli
1290 1652 1572 1704 vacarent,
1630 1642 1814 1696 omnia
1861 1656 1989 1695 san-

404 1732 611 1786 ctitatis
644 1732 823 1785 officia
870 1735 1180 1802 (quantum
1218 1733 1272 1786 in
1358 1732 1579 1786 homine
1635 1732 1800 1786 situm
1858 1739 1936 1783 est
1970 1729 1988 1800 )

404 1843 529 1881 cum
565 1826 722 1880 laude
747 1827 1114 1895 expleverant,
1137 1836 1195 1881 ut
1229 1836 1285 1880 et
1304 1826 1558 1881 omnium
1586 1826 1821 1879 maxima
1845 1825 1986 1893 apud

409 1921 577 1973 Deum
627 1928 869 1988 possent,
937 1921 1062 1989 quia
1102 1920 1320 1989 paulum
1359 1919 1427 1974 de
1461 1933 1556 1987 spe
1628 1934 1754 1986 erga
1805 1917 1985 1988 ipsum
2019 1890 2065 1950 Β

408 2012 757 2078 remiserant,
814 2028 915 2067 nec
955 2012 1192 2075 amplius
1213 2011 1393 2065 omnia
1441 2010 1518 2064 illi
1577 2010 1790 2065 sincere
1834 2023 1989 2063 com-

410 2106 718 2171 mittebant,
755 2107 810 2159 in
870 2105 1063 2176 primis
1097 2103 1329 2160 nefanda
1361 2112 1765 2173 perpetrarunt,
1815 2103 1993 2156 etim-

412 2196 664 2264 prohitati
700 2196 831 2251 nihil
882 2195 1077 2266 reliqui
1119 2195 1384 2250 fecerunt.
1414 2195 1471 2249 ln
1507 2210 1616 2265 quo
1647 2195 1814 2266 igitur
1844 2192 1981 2249 effe-

408 2292 637 2345 rentur?
668 2290 725 2344 lu
769 2303 914 2346 recte
947 2290 1155 2346 factis?
1211 2289 1361 2355 atqui
1420 2290 1551 2344 nihil
1593 2289 1855 2343 eximium
1914 2288 1992 2342 fe-

406 2384 604 2439 cimus.
636 2384 691 2437 lu
749 2383 960 2451 magnis
1004 2382 1417 2452 nostris?Atqui
1476 2391 1658 2436 llOsll‘a
1685 2395 1793 2434 non
1839 2392 1992 2434 sunt.

405 2479 484 2529 An
519 2475 643 2547 quia
678 2478 1016 2532 servavimus
1068 2492 1191 2546 qua:
1247 2474 1745 2545 accepimus?lmo
1807 2472 1992 2542 prodi—

404 2570 607 2622 tlimus.
653 2565 758 2622 Sed
823 2564 1173 2637 sig'uaculum
1230 2566 1438 2621 Christi
1483 2566 1728 2621 ferimus.
1768 2565 1836 2619 At
1887 2565 1989 2619 huc

407 2661 583 2728 ipsum
606 2659 867 2714 indicium
890 2667 975 2714 est
995 2660 1139 2728 quod
1158 2676 1262 2714 non
1285 2659 1550 2726 ferimus;
1575 2657 1829 2726 superbis
1846 2658 1989 2711 enim

409 2750 543 2804 nihil
589 2766 715 2805 cum
752 2749 847 2806 illo
892 2751 1112 2819 negotii,
1172 2751 1263 2819 qui
1300 2768 1318 2800 (
1353 2751 1505 2804 mitis
1548 2759 1651 2811 est,
1678 2756 1732 2802 et
1770 2745 1993 2799 humilis

405 2845 569 2897 corde
590 2842 711 2899 ⁸⁷.“ι
758 2843 824 2897 Ει
860 2841 1123 2913 contingit
1166 2854 1387 2912 propter
1430 2839 1746 2909 huiusmodi
1784 2838 1990 2907 cogita-

405 2939 584 2991 tiones
615 2936 927 3005 superbiam
963 2936 1137 3005 ipsam
1160 2935 1213 2988 in
1246 2950 1304 2989 se
1333 2947 1608 2999 corruere,
1639 2939 1693 2987 et
1734 2930 1993 2999 utrinque

414 3014 666 3083 morbum
698 3042 1042 3083 evanescere.
1075 3026 1202 3082 Sive
1223 3026 1370 3080 enim
1397 3024 1662 3094 sapimus,
1684 3036 1807 3091 quae
1830 3036 1992 3091 opor-

407 3132 501 3185 tet,
529 3136 635 3173 non
674 3134 927 3189 magnum
963 3119 1248 3188 sapimus:
1284 3118 1401 3173 sive
1439 3129 1693 3186 magnum
1719 3113 1987 3183 sapimus,

2098 640 2254 692 Μετὰ
2284 643 2393 711 γὰρ
2425 642 2526 711 τὴν
2564 643 2758 711 καινὴν
2805 643 2985 696 κτίσιν
3011 644 3105 695 καὶ
3136 641 3233 711 τὴν
3269 644 3325 693 ὲν
3363 638 3520 693 ὕδατι
3565 658 3672 708 χημ-

2096 735 2248 787 νείαν
2278 732 2373 785 καὶ
2404 734 2501 802 τὴν
2536 732 2709 803 πυρὸς
2739 734 3020 802 γέμουσαν
3048 731 3329 800 τράπεζαν
3360 729 3506 783 οὕτω
3533 730 3673 799 πρὸς

2096 823 2302 893 ἀρετὴν
2333 823 2576 885 ἀσθενῶς
2606 823 2823 894 ἔχουσιν
2870 822 2927 876 οἵ
2970 818 3036 891 γε
3081 822 3510 890 φιλοσοφώτατοι
3556 820 3668 872 τῶν

2096 913 2418 985 ἀνθρώπων,
2454 914 2595 967 ὥστε
2627 915 3057 985 συνεχοῦτχρεία
3088 913 3185 983 τῆς
3219 906 3369 981 ἱερᾶς
3393 911 3667 982 τραπέζης

2094 1009 2191 1060 καὶ
2220 1011 2332 1063 τῶν
2361 1009 2680 1079 καθαρσίων
2711 1011 2960 1078 αἱμάτων
2989 1009 3081 1063 καὶ
3112 1010 3212 1077 τῆς
3233 1006 3442 1062 ἄνωθεν
3462 1006 3665 1075 χειρὸς,

2043 1109 2051 1116 ’
2095 1101 2145 1154 εί
2174 1102 2249 1172 μὴ
2291 1102 2539 1172 μέλλοιεν
2568 1102 2650 1163 si;
2687 1101 2786 1171 τὴν
2819 1103 3058 1171 ἐσχάτην
3090 1097 3541 1171 ἐξενεχθήσεσθαι
3570 1112 3668 1151 πο-

2094 1193 2310 1263 νηρίαν.
2341 1195 2450 1246 Καὶ
2478 1192 2683 1246 τούτων
2714 1194 2992 1264 μάρτυρες
3028 1194 3220 1260 σαφεῖς
3240 1193 3291 1245 οῖ
3322 1191 3457 1261 πρὸς
3489 1191 3665 1243 πάντα

2096 1287 2196 1356 μὲν
2221 1286 2362 1355 ὑπὲρ
2396 1287 2489 1338 τοῦ
2537 1285 2706 1339 καλοῦ
2749 1286 2843 1339 καὶ
2885 1284 2986 1354 τῆς
3026 1287 3228 1355 ἀρετῆς
3260 1284 3663 1353 ἀποδυσάμενοι

2094 1381 2276 1443 πόνον,
2303 1380 2524 1433 πάντων
2551 1380 2608 1433 δὲ
2633 1379 2821 1432 κακῶν
2854 1378 3048 1432 ἔπειτα
3068 1379 3351 1447 γενόμενοι
3372 1376 3663 1446 τολμηταὶ,

2094 1471 2143 1525 οἳ
2183 1472 2251 1525 τὰ
2276 1473 2376 1542 δρη
2410 1471 2802 1542 κατειληφότες
2833 1471 2927 1524 καὶ
2959 1472 3141 1523 πάντα
3176 1469 3409 1539 θόρυϐον
3438 1469 3534 1522 καὶ
3564 1469 3665 1537 τὴν

2094 1565 2281 1635 κοινὴν
2311 1563 2459 1635 ζωὴν
2492 1564 2681 1634 ὥσπερ
2729 1563 2908 1633 κῆρας
2937 1562 3315 1632 διαφυγόντες,
3355 1560 3494 1614 ὥστε
3541 1559 3663 1627 Θεῷ

2096 1659 2244 1729 μόνῳ
2273 1658 2585 1729 προσέχειν,
2619 1658 2711 1710 καὶ
2737 1658 2918 1709 πάντα
2961 1655 3030 1708 τὰ
3079 1653 3363 1719 κάλλιστα,
3410 1652 3488 1715 ὠς
3538 1648 3686 1720 ἐξῆν.

2092 1749 2403 1820 ἀνθρώποις
2451 1748 2878 1819 κατωρθωκότες
2913 1747 2987 1811 ὡς
3028 1749 3123 1801 καὶ
3162 1748 3229 1800 τὰ
3260 1748 3477 1800 πάντων
3507 1744 3666 1814 μέγι-

2096 1860 2196 1896 στα
2228 1844 2381 1911 παρὰ
2410 1842 2488 1914 τῷ
2517 1841 2639 1912 Θεῷ
2686 1841 3011 1911 δυνηθῆναι,
3059 1841 3142 1895 ὅτι
3193 1842 3293 1910 τῆς
3336 1837 3472 1910 πρὸς
3504 1836 3667 1892 αὑτὸν

2097 1934 2309 1996 ἐλπίδος
2372 1933 2568 2003 μικρὸν
2629 1934 2848 2000 ὑφῆκαν
2902 1933 2998 1985 καὶ
3057 1930 3152 1984 τοῦ
3230 1929 3408 1984 πάντα
3472 1927 3670 1995 ἐκείνῳ

2096 2026 2407 2088 πιστεύειν,
2461 2022 2626 2087 εὐθὺς
2663 2024 2732 2077 τὰ
2783 2024 3039 2092 αἴσχιστα
3093 2023 3311 2076 πάντων
3362 2021 3667 2089 ἐτόλμησαν

2096 2117 2188 2168 καὶ
2223 2111 2526 2186 μοχθηρίας
2568 2113 2816 2166 ὲνέλιπον
2847 2112 2970 2165 οὐδὲ
3002 2113 3084 2167 ἓν.
3129 2112 3281 2164 Ἀντὶ
3309 2113 3457 2172 τίνος
3489 2110 3671 2162 τοίνυν

2095 2206 2334 2274 ὑπάρξει
2367 2206 2510 2276 μέγα
2545 2204 2801 2274 φρονεῖν;
2852 2203 2996 2271 ὑπὲρ
3028 2203 3137 2256 τῶν
3181 2200 3665 2271 κατωρθωμένωνς

2094 2300 2211 2361 ἀλλ’
2244 2299 2398 2351 οὐδὲν
2432 2299 2577 2367 μέγα
2598 2314 2613 2329 ο
2651 2296 2767 2349 ἀλλ’
2798 2296 2940 2365 ὑπὲρ
2971 2295 3079 2347 τῶν
3110 2296 3168 2345 ὲν
3206 2295 3338 2362 ἡμῖν
3377 2290 3663 2362 μεγάλων;

2094 2391 2211 2444 ἀλλ’
2242 2391 2340 2459 οὐχ
2376 2389 2623 2458 ἡμέτερα
2642 2402 2656 2416 ·
2694 2385 2809 2438 ἀλλ’
2840 2386 2921 2438 ὅτι
2947 2383 3269 2449 σεσώκαμεν
3297 2382 3441 2451 ἅπερ
3476 2380 3665 2434 meo.

2099 2500 2224 2552 μεν;
2266 2481 2403 2534 ἀλλὰ
2458 2478 2923 2548 προδεδώκαμενο
2970 2475 3105 2528 ἀλλὰ
3144 2474 3239 2528 τοῦ
3298 2474 3537 2544 Χριστοῦ
3571 2474 3674 2544 τὴν

2096 2575 2372 2645 σφραγῖδα
2396 2575 2669 2643 φέρομεν·
2723 2570 2859 2624 ἀλλὰ
2891 2569 3037 2622 τοῦτ’
3070 2569 3204 2623 αὐτὸ
3242 2570 3562 2639 τεκμήριον,
3594 2568 3673 2631 ὡς

2093 2670 2155 2722 οὐ
2182 2670 2421 2737 φέρομεν
2440 2680 2458 2699 ο
2484 2667 2597 2728 τοῖς
2623 2664 2730 2733 γὰρ
2755 2663 3133 2732 ὑπερηφάνοις
3159 2660 3310 2715 οὐδὲν
3331 2663 3510 2716 κοινὸν
3534 2661 3673 2731 πρὸς

2095 2762 2325 2822 ἐκεῖνον,
2368 2778 2388 2810 t
2427 2759 2486 2822 ὃς
2515 2756 2692 2824 πρᾶός
2730 2758 2845 2807 ἐστι
2874 2754 2968 2807 καὶ
2996 2753 3252 2813 ταπεινὸς
3282 2756 3349 2824 τῇ
3387 2753 3605 2824 καρδίᾳκ
3645 2772 3665 2804 ι

2095 2855 2191 2907 καὶ
2247 2852 2537 2920 συμϐαίνει
2571 2849 2724 2919 παρᾶ
2778 2847 2906 2908 τοὺς
2950 2845 3247 2914 λογισμοὺς
3280 2845 3522 2907 τούτους,
3570 2846 3674 2914 τὴν

2092 2945 2475 3018 ὑπερηφανίαν
2507 2942 2678 3013 αὐτὴν
2709 2944 2879 3015 ἑαυτῇ
2928 2939 3288 3008 περιπίπτειν
3316 2940 3411 2992 καὶ
3441 2937 3673 3009 φροῦδον

2096 3038 2435 3110 ἑκατέρωθεν
2466 3034 2607 3089 εἶναι
2643 3037 2705 3088 τὸ
2729 3034 2921 3097 πάθος.
2952 3032 3077 3086 Εἴτε
3110 3033 3217 3102 γὰρ
3247 3032 3282 3086 ἃ
3321 3033 3403 3086 δεῖ
3440 3029 3673 3102 φρονοῦ-

2099 3150 2222 3203 μεν,
2257 3132 2366 3183 εἴτε
2404 3129 2547 3197 μέγα
2581 3128 2910 3196 φρονοῦμεν,
2942 3127 3119 3196 τούτῳ
3147 3124 3212 3194 δὴ
3246 3123 3321 3192 τῷ
3362 3126 3504 3192 μέγα
3538 3141 3671 3193 φρο-
3764 3152 3772 3157 -

403 3216 507 3265 hoc
531 3213 648 3280 ipso
668 3212 942 3264 Christum
966 3211 1154 3279 procul
1177 3209 1372 3264 abesse
1417 3223 1447 3261 a
1472 3208 1626 3261 nobis
1670 3205 1988 3268 sentientes,

2093 3227 2202 3278 νεῖν
2226 3223 2385 3291 ἡμῶν
2408 3222 2587 3275 αὐτῶν
2609 3221 2912 3291 ᾐσθημένοι
2932 3217 3170 3286 Χριστοῦ
3197 3218 3386 3286 πόρρω
3409 3218 3670 3285 φέροντες

403 3313 456 3354 et
499 3318 598 3355 nos
623 3304 825 3356 nullius
861 3304 1019 3370 pretii
1055 3318 1198 3368 esse,
1231 3302 1621 3370 intelligentes,
1644 3313 1809 3367 super
1831 3297 1988 3351 nobis

404 3393 553 3460 ipsis,
590 3403 645 3447 ut
676 3394 925 3464 ahjectis,
960 3394 1093 3449 nihil
1125 3394 1403 3464 egregium
1432 3393 1731 3462 sapiemus.

472 3487 612 3552 Quin
642 3490 804 3540 etiam
857 3486 1106 3556 sequitur
1164 3496 1222 3541 ut
1262 3486 1483 3557 lugeant
1536 3496 1593 3542 et
1658 3488 1840 3557 ﬂeant,
1896 3503 1990 3563 qui

403 3577 602 3633 Christi
632 3587 750 3631 acta
784 3577 1139 3632 meditantur.
1188 3578 1246 3632 Si
1278 3578 1401 3647 quis
1455 3594 1637 3635 secum
1672 3594 1881 3652 reputet
1915 3586 1994 3639 vi-

405 3671 758 3740 delicet,qu:e
787 3684 890 3739 pro
948 3671 1124 3725 salute
1178 3680 1386 3736 nostra,
1447 3686 1589 3726 novo
1635 3683 1690 3728 et
1746 3676 1991 3732 inaudito

408 3761 570 3814 modo
595 3760 785 3828 gessit,
825 3770 881 3813 et
912 3768 1113 3830 quanta
1143 3759 1217 3813 sit
1247 3759 1458 3828 ignavia
1536 3772 1746 3830 nostra,
1781 3766 1988 3835 quique

406 3866 507 3907 nos
550 3861 695 3907 tenet
774 3852 1047 3907 somnus!
1099 3851 1229 3905 Sive
1261 3852 1407 3904 enim
1465 3854 1989 3921 pretiosissimorum

399 3948 611 4015 jactura
640 3960 740 3999 nos
765 3948 1082 4009 contristat,
1113 3952 1167 3997 et
1198 3944 1461 3998 memoria
1493 3960 1682 3998 eorum
1707 3962 1826 4014 quae
1852 3947 1991 3999 ami-

404 4042 579 4093 simus
624 4038 891 4107 lacrymas
921 4034 1088 4097 elicit.
1140 4035 1226 4089 hic
1265 4036 1532 4090 discimus
1586 4046 1820 4105 quantas
1855 4038 1993 4091 divi-

404 4133 506 4184 tias
539 4146 662 4184 cum
706 4131 757 4182 in
811 4129 1062 4181 manibus
1139 4124 1491 4189 haberemus,
1534 4138 1588 4182 et
1620 4129 1807 4184 liceret
1854 4129 1987 4183 reti-~

402 4240 553 4288 nere,
585 4239 686 4278 nos
714 4221 1141 4292 projeeerimus:
1169 4222 1284 4275 sive
1307 4223 1646 4277 conscientia
1675 4223 1856 4276 multa:
1882 4222 1989 4274 ini-

401 4315 623 4384 quitatis
658 4330 784 4383 erga
819 4322 928 4366 tam
966 4313 1271 4367 stndiosunt
1315 4314 1715 4370 benefactorem
1745 4313 1985 4367 animam

403 4411 636 4471 mordet,
661 4417 715 4460 ct
756 4416 1018 4473 macerat,
1057 4406 1183 4461 hinc
1211 4407 1447 4460 maxime
1478 4406 1832 4460 manifestum
1861 4418 1987 4456 eva-

402 4504 529 4552 tlvre
563 4508 748 4567 queat,
776 4511 940 4565 quam
978 4500 1233 4565 prwclara
1266 4500 1353 4552 ille
1415 4515 1538 4568 erga
1570 4512 1670 4555 nos
1735 4509 1987 4549 mansue-

2096 3316 2190 3369 καὶ
2214 3317 2367 3378 ὅντες
2395 3314 2562 3385 μηδὲν
2593 3312 2768 3380 ὑγιὲς,
2809 3312 2885 3375 ὡς
2918 3314 3012 3365 ἐπὶ
3054 3310 3284 3379 φαύλοις
3323 3311 3455 3380 ἡμῖν
3485 3312 3671 3375 αὐτοῖς

2097 3411 2158 3464 οὐ
2191 3408 2333 3478 μέγα
2359 3407 2725 3478 φρονήσομεν.

2168 3504 2281 3560 Καὶ
2315 3504 2423 3575 μὴν
2459 3504 2552 3557 καὶ
2584 3501 2805 3554 πενθεῖν
2835 3498 3128 3554 ἀκόλουθον
3154 3497 3529 3565 καὶκδακρύειν
3555 3497 3667 3557 τοῖς

2095 3598 2163 3652 τὰ
2194 3595 2431 3667 Χριστοῦ
2484 3593 2785 3663 μελετῶσιν
2843 3591 2897 3643 εῖ
2929 3607 3013 3653 τις
3064 3589 3352 3656 λογίζοιτο,
3394 3587 3515 3639 τίνα
3572 3587 3668 3648 μὲν

2094 3691 2224 3761 περὶ
2256 3690 2355 3760 τῆς
2392 3685 2669 3756 σωτηρίας
2717 3684 2875 3754 ἡμῶν
2927 3680 3354 3750 ὲκαινοτομήθη,
3397 3679 3484 3739 τίς
3528 3676 3585 3729 δὲ
3632 3678 3666 3746 ἡ

2097 3782 2343 3855 ῥᾳθυμία
2396 3781 2493 3834 καὶ
2524 3778 2551 3831 ὁ
2585 3776 2835 3845 κατέχων
2885 3775 3037 3843 ἡμᾶς
3080 3772 3284 3834 ﬁmo“
3321 3772 3448 3851 Εεῗε
3478 3771 3587 3838 γὰρ
3633 3770 3668 3838 ἡ

2096 3873 2271 3944 ζημία
2300 3871 2407 3925 τῶν
2435 3869 2787 3938 τιμιωτάτων
2826 3866 2976 3936 ἡμᾶς
3014 3864 3193 3924 λυπεῖ,
3222 3866 3313 3918 καὶ
3349 3855 3424 3915 ὧν
3451 3862 3665 3914 ἀπολω-

2095 3966 2334 4031 λέκαμεν
2367 3960 2586 4030 ἀγαθῶν
2614 3962 2647 4029 ἠ
2696 3959 2884 4029 μνήμη
2936 3955 3351 4029 παρασκευάζει
3384 3951 3665 4020 δακρύειν,

2094 4056 2327 4110 ἐνταῦθα
2357 4054 2447 4107 τὸν
2472 4051 2698 4103 πλοῦτον
2734 4049 3099 4118 μανθάνομεν,
3132 4048 3282 4110 ὅσος,
3311 4045 3369 4097 ὃν
3399 4046 3455 4095 ἐν
3485 4044 3666 4113 χεροῖν

2094 4150 2307 4217 ἔχοντες
2338 4146 2588 4213 κατέχειν
2620 4141 2762 4206 ὲξδν,
2792 4140 2981 4193 ἔπειτα
3013 4136 3423 4209 ρίπτομεν,εἱ’τε
3456 4137 3517 4188 τὸ
3543 4152 3669 4187 συν-

2092 4239 2291 4293 ειδέναι
2321 4234 2519 4303 πολλὴν
2551 4235 2681 4302 ἡμῖν
2715 4233 2898 4293 αὐτοῖς
2930 4230 3326 4299 ἀγνωμοσύνην
3358 4229 3489 4296 περὶ
3520 4226 3663 4279 οὕτω

2093 4329 2378 4400 φιλότιμον
2407 4327 2705 4395 εὐεργέτην
2732 4324 2920 4378 δάκνει
2969 4324 3064 4374 καὶ
3111 4323 3270 4390 τήκει
3318 4320 3427 4389 τὴν
3458 4318 3659 4387 ψυχὴν,

2091 4419 2341 4473 ἐντεῦθεν
2397 4416 2460 4469 ἂν
2512 4416 2749 4485 μάλιστα
2792 4415 3003 4482 γένοιτο
3047 4410 3224 4480 δῆλον,
3264 4412 3364 4480 ὅσῃ
3397 4402 3497 4479 μὲν
3523 4410 3660 4479 πρός

2090 4509 2240 4577 ἡμᾶς
2270 4499 2476 4569 ἐκεῖνος
2499 4505 2800 4575 ἡμερότητι
2829 4506 3095 4573 κέχρηται
3128 4504 3220 4554 καὶ
3251 4501 3654 4571 φιλανθρωπίᾳ,

403 4594 608 4657 tudine,
638 4599 691 4643 et
731 4590 1069 4645 humanitate
1104 4609 1234 4646 usus
1260 4594 1352 4655 sit,
1390 4607 1551 4660 quam
1617 4588 1859 4641 vicissim
1883 4601 1982 4640 nos

2091 4603 2223 4670 ὅσην
2261 4598 2317 4651 δὲ
2357 4599 2492 4666 πρδς
2520 4597 2682 4649 αὐτὸν
2710 4598 2870 4665 ἡμεῖς
2899 4591 3320 4660 ἐπιδεικνύμεθα
3360 4592 3655 4661 ρᾳθυμίαν.

402 4686 663 4739 adversus
685 4682 837 4735 illum
863 4685 1122 4738 socordes
1145 4685 1536 4738 exstiterinms.
1561 4680 1805 4733 Primum
1831 4682 1975 4733 enim

402 4799 430 4827 ιτ
459 4778 596 4832 ιωιο
623 4777 903 4832 descendit
928 4786 1285 4846 utquaareret,
1311 4786 1365 4828 et
1394 4783 1451 4825 nt
1477 4784 1705 4840 cognata
1727 4786 1825 4825 nos
1854 4788 1982 4828 voce

403 4869 629 4938 alloqui,
668 4878 719 4920 et
751 4868 927 4923 oculis
965 4868 1212 4937 aspicere
1290 4865 1510 4928 valeret,
1558 4865 1682 4916 fecit
1728 4880 1743 4917 :
1779 4872 1835 4915 nt
1865 4865 1979 4919 sive

402 4976 601 5030 genere
622 4959 837 5014 aftinem
869 4961 1169 5029 diligimus,
1205 4957 1318 5009 siVe
1357 4956 1646 5023 optimum,
1684 4970 1980 5025 utrumque

406 5059 519 5121 ipse
548 5055 639 5120 sit,
670 5063 723 5109 et
747 5053 962 5108 duobus
994 5051 1139 5112 istis,
1172 5064 1294 5115 qua:
1322 5047 1524 5112 ubique
1559 5061 1799 5101 amorem
1844 5064 1980 5102 eon-

403 5148 616 5211 t-tliant,
642 5146 693 5198 in
728 5148 844 5214 ipso
903 5141 1249 5203 coeuntibus,
1283 5138 1582 5207 plurimum
1617 5140 1682 5191 a.l
1738 5155 1978 5194 amorem

368 5298 379 5306 ,
406 5248 651 5294 rostrum
676 5233 1024 5291 alliciendum
1045 5232 1237 5301 possit.
1274 5231 1474 5285 Deinde
1498 5232 1791 5285 amicitiam
1827 5243 1980 5287 actu-

410 5350 525 5394 ius,
557 5331 688 5384 illud
721 5340 940 5397 quoque
968 5323 1188 5391 adjecit.
1218 5324 1483 5387 Quoniam
1513 5323 1656 5376 enim
1692 5325 1984 5393 unusquis-

404 5441 509 5490 que
530 5424 770 5491 seipsum
795 5416 989 5486 diligit,
1014 5415 1176 5470 simul
1217 5425 1422 5470 naturae
1450 5427 1754 5471 consortem
1781 5419 1974 5490 diligit.

408 5518 444 5562 δ
467 5515 510 5565 -d
540 5518 746 5581 quanto
768 5509 888 5578 quis
936 5509 1058 5569 sibi,
1094 5524 1257 5577 quam
1292 5507 1464 5562 cuivis
1495 5508 1698 5561 homini
1749 5520 1978 5581 estpro-

407 5602 678 5671 pinquior,
714 5609 864 5654 tanto
888 5614 1124 5669 sequam
1178 5600 1329 5654 illum
1385 5601 1614 5669 amplius
1665 5602 1861 5671 diligit.
1906 5604 1978 5659 Ut

405 5708 536 5760 ιλιέο
593 5702 641 5745 et
692 5694 795 5750 hac
847 5694 1052 5747 ratione
1112 5693 1387 5747 meliorem
1448 5694 1622 5747 locum
1686 5694 1977 5761 obtineret,

478 5871 517 5901 θ’
566 5868 754 5924 Matth.
790 5888 863 5937 xl,
898 5870 980 5925 l9.

914 5964 947 5997 κ

2087 4690 2311 4760 Πρῶτον
2351 4690 2449 4757 μὲν
2494 4688 2602 4757 γὰρ
2654 4688 2713 4751 ὲξ
2753 4686 2982 4755 ούρανοῦ
3030 4684 3268 4751 κατῆλθε
3314 4682 3513 4751 ζητῶν,
3564 4683 3659 4737 καὶ

2084 4785 2232 4845 ὅπως
2251 4778 2639 4849 συγγενῆίπρὸς
2660 4779 2808 4847 ἡμᾶς
2826 4778 3013 4847 ἁφήσῃ
3033 4775 3218 4845 φωνὴν
3236 4777 3332 4826 καὶ
3349 4774 3471 4843 ὄψιν
3487 4773 3658 4845 δείξῃ,

2086 4873 2412 4942 πεποίηκεν,
2440 4871 2515 4933 ὼς
2550 4871 2639 4932 ἂν,
2669 4868 2781 4922 εἴτε
2810 4868 2906 4920 τὸν
2926 4868 3201 4937 ὁμόφυλον
3223 4868 3523 4936 στέργομεν
3548 4866 3660 4919 εἴτε

2078 4967 2169 5018 τον
2200 4967 2441 5034 ἄριστον,
2482 4965 2790 5033 ἀμφότερον
2816 4960 2980 5023 αὐτὸς
3075 4961 3168 5013 καὶΙ
3195 4960 3340 5012 δυοῖν
3368 4958 3594 5023 τούτων,
3622 4958 3658 5012 ἃ

2083 5053 2363 5124 πανταχοῦ
2400 5055 2547 5105 ποιεῖ
2595 5051 2794 5117 φιλεῖν,
2830 5052 2920 5104 ἐπ’
2967 5051 3133 5103 αὑτοῦ
3182 5050 3547 5103 συνελθόντων
3586 5050 3657 5103 τὰ

2086 5147 2323 5217 μέγιστα
2354 5144 2488 5213 πρὸς
2515 5143 2694 5210 ἔρωτα
2718 5142 2959 5212 δυνηθῇ·
2990 5142 3178 5193 ἔπειτα
3211 5144 3309 5211 τὴν
3343 5142 3527 5209 φιλίαν
3554 5140 3656 5194 αὖ·

2084 5238 2189 5303 ξων
2215 5236 2438 5289 κάκεῖνο
2464 5233 2830 5302 προσέθηκεν.
2867 5234 3021 5285 Ἐπεὶ
3047 5234 3154 5302 γὰρ
3176 5233 3322 5300 φιλεῖ
3348 5234 3445 5300 μὲν
3465 5233 3659 5286 ἑαυτὸν
3688 5273 3713 5295 ,

2082 5331 2338 5394 ἕκαστος,
2370 5327 2517 5395 φιλεῖ
2543 5326 2598 5378 δὲ
2629 5325 2721 5378 τὸν
2752 5324 3044 5394 ὁμόφυλον,
3073 5324 3188 5378 ἀλλ’
3216 5326 3341 5377 ὅσον
3368 5323 3548 5392 ἑαυτῷ
3574 5340 3660 5386 τις

2090 5423 2359 5490 προσήκει
2390 5418 2591 5489 μᾶλλον
2620 5418 2654 5486 ἢ
2703 5420 2814 5479 τοῖς
2857 5416 3173 5486 ὁμοφύλοις,
3209 5417 3401 5469 ἑαυτὸν
3442 5415 3660 5484 στέργει

2090 5512 2294 5583 μᾶλλον
2325 5514 2358 5582 ἢ
2399 5512 2492 5564 τὸν
2522 5509 2815 5580 ὁμόφυλον,
2840 5509 2915 5572 ὡς
2939 5509 3005 5562 ἂν
3018 5510 3122 5563 καὶ
3146 5508 3316 5578 ταύτῃ
3354 5509 3444 5561 τὸν
3462 5508 3663 5578 βελτίω

2083 5602 2178 5655 τοῦ
2205 5600 2482 5670 φιίιῖσθαι
2511 5601 2775 5673 κατάσχῃ
2796 5602 2985 5665 τόπον,
3019 5601 3081 5653 τὸ
3108 5600 3217 5654 τῶν
3259 5601 3469 5668 ἐφετῶν
3494 5601 3660 5668 ἔσχα-

2090 5711 2203 5757 τον,
2264 5695 2357 5747 καὶ
2416 5693 2492 5763 μὴ
2552 5692 2806 5763 καθάπερ
2856 5695 2968 5756 τοῖς
3025 5692 3317 5762 ὁμοφύλοις
3374 5692 3658 5761 χαίρομεν,
