4036 6508
422 460 528 521 66⁸1

1685 445 1995 513 NlCOLAl
2029 440 2420 507 CABASlL/E

3569 418 3684 481 668

417 570 646 627 divitiae.
675 566 739 623 Et
766 577 1058 638 paupertas
1087 570 1307 640 quidem
1332 565 1645 625 necessario
1698 576 1821 616 cum
1877 572 2013 626 prac-

2141 548 2381 618 παρόντος
2416 543 2630 621 άνάγκη
2660 538 2997 602 πεπαῦσθαι,
3028 534 3178 588 τουτὶ
3202 533 3260 588 δὲ
3289 531 3353 587 τδ
3396 528 3572 585 δεινδν
3620 529 3685 583 ού

421 661 561 714 ςιιιιιὶ
598 663 700 715 vita
732 659 932 712 desiuit
968 677 982 722 ;
1024 662 1161 716 hanc
1201 675 1385 717 antem
1433 657 1799 716 calamitatem
1859 664 2009 705 ῐιὶοΐε

425 752 617 806 tollere
645 765 749 807 non
779 763 948 819 poti-St
982 769 996 815 ;
1023 755 1152 821 quin
1187 755 1389 824 potius,
1416 760 1476 807 υι
1506 749 1840 817 uohislonge
1865 745 2013 813 igno-

426 842 715 897 miniosinr
768 842 837 897 sit
872 842 924 895 in
971 842 1174 908 luturu,
1216 857 1440 899 necesse
1492 852 1598 895 est.
1644 838 1746 893 Sed
1797 834 2012 891 insania

421 945 503 987 est
535 933 882 991 miserabilis.
945 936 1089 1000 Quid
1120 937 1143 990 ?
1205 951 1389 989 annon
1425 934 1600 989 malus
1626 933 1838 987 dannon
1888 929 2013 983 aui-

429 1043 575 1080 mum
611 1034 858 1079 nostrum
896 1026 1139 1081 furenter
1187 1027 1448 1097 exagitat,
1503 1026 1558 1082 in
1610 1039 1774 1095 quem
1808 1030 2012 1076 tantam

428 1118 681 1173 amentiae
714 1119 819 1171 vim
851 1117 1127 1175 eﬂ'uudit?
1160 1118 1214 1172 Si
1245 1118 1390 1173 enim
1421 1134 1584 1188 super
1614 1132 1774 1172 enses
1822 1113 2016 1168 ambu-

427 1211 562 1271 lare,
589 1225 711 1263 sese
743 1208 1079 1279 praecipitem
1108 1211 1258 1271 dare,
1319 1212 1526 1265 amicos
1585 1207 1882 1285 praeterire,
1964 1213 2019 1260 et

435 1301 965 1356 malevolentissimis
993 1303 1292 1370 supplicem
1326 1301 1464 1365 fieri,
1501 1302 1545 1356 si
1577 1302 1710 1366 haec,
1771 1299 2017 1371 inquam,

431 1391 829 1451 insanientium
862 1401 1011 1455 sunt,
1029 1408 1208 1447 nonne
1243 1402 1513 1448 amantem
1541 1392 1807 1461 fugimus?
1838 1405 2021 1449 nonae

433 1482 642 1537 hostem
675 1484 1001 1540 asciscimus
1032 1484 1055 1539 i
1083 1500 1271 1540 nonne
1300 1486 1365 1540 ad
1389 1487 1692 1556 gehennam
1722 1485 2020 1550 currimus,

432 1573 565 1633 dum
601 1576 809 1641 omnia,
834 1591 955 1646 qum
985 1586 1051 1631 eo
1072 1577 1378 1648 impellunt,
1406 1581 1759 1649 designantus
1788 1579 1812 1635 Ἰ
1842 1577 2024 1645 Quare

433 1665 680 1721 omnium
714 1666 984 1720 seelerum
1016 1667 1353 1722 cnnscieutia
1384 1667 1679 1738 impeditos
1708 1677 1763 1720 et
1795 1681 2022 1739 oppres-

432 1770 548 1821 sos,
580 1756 711 1811 ﬂere
754 1768 807 1813 et
833 1756 1021 1826 lugere
1080 1774 1181 1815 uos
1214 1771 1650 1816 consentaneum
1682 1770 1786 1816 est.
1847 1762 2025 1829 Atque

435 1846 644 1901 utinam
687 1846 879 1903 herum
914 1850 1247 1904 conscientia
1282 1852 1443 1906 nobis
1475 1852 1773 1923 contingat,
1825 1860 1877 1907 et
1903 1867 2023 1919 quae
2051 1881 2103 1941 Β

438 1946 588 1998 sunt,
622 1952 744 1991 esse
766 1938 1018 1994 arbitrari
1055 1960 1068 1995 :
1102 1950 1155 1994 et
1182 1956 1288 1995 non
1318 1942 1481 1997 etiam
1515 1941 1570 1996 in
1628 1941 1728 1995 hoc
1778 1940 2027 1999 infelices

440 2029 637 2093 simus,
677 2029 770 2083 ubi
808 2031 1076 2086 malorum
1132 2047 1413 2091 versemur
1457 2033 1770 2103 ignorantes
1814 2033 1858 2090 si
1926 2032 2026 2087 bo-

440 2127 566 2173 nam
599 2115 794 2169 animae
825 2114 1224 2181 habitudinem,
1266 2125 1320 2169 et
1340 2117 1582 2181 divitias,
1619 2125 1673 2170 et
1741 2116 2027 2173 sanitatem

439 2201 777 2267 nesciamus,
809 2217 931 2269 qua:
963 2204 1122 2257 nobis
1159 2219 1188 2256 a
1251 2204 1469 2258 Christo
1520 2213 1840 2272 praeparata,
1892 2202 2029 2257 citra

440 2281 708 2356 lalim-em,
740 2293 874 2346 nihil
906 2294 1009 2348 nisi
1047 2292 1384 2348 voluntatem
1444 2293 1795 2349 aﬂ‘ereutibus
1837 2307 2031 2347 conse-

441 2384 533 2450 qui
584 2380 733 2437 licet.
773 2380 942 2438 Valde
1005 2386 1152 2441 enim
1186 2386 1341 2439 triste
1373 2385 1463 2451 sit,
1490 2402 1614 2440 cum
1637 2384 1892 2443 felicitate
1910 2400 2033 2454 per-

444 2473 550 2527 frui
595 2471 775 2538 liceat,
831 2475 1032 2539 eligere
1085 2476 1384 2541 miseriam,
1415 2486 1468 2530 et
1498 2491 1621 2530 cum
1659 2477 1933 2545 posaimus
1980 2475 2032 2529 in

443 2567 564 2620 luce
598 2563 794 2628 vivere,
839 2580 946 2619 nun
982 2582 1238 2623 recusare
1267 2567 1320 2619 in
1356 2567 1594 2621 tenebris
1646 2568 1859 2625 sedere.
1907 2564 2035 2620 Haec

446 2669 575 2709 vero
600 2670 709 2709 non
737 2657 915 2712 solum
956 2660 1226 2714 inertibus
1259 2660 1531 2728 lacrymas
1564 2667 1790 2729 possunt
1813 2658 2033 2724 elicere,

446 2748 541 2802 sed
593 2747 940 2818 prohisslmis
972 2751 1158 2814 etiam,
1210 2762 1264 2805 et
1298 2751 1383 2806 his
1424 2751 1681 2815 niaxime,
1736 2760 1946 2818 quanto
1984 2757 2040 2804 et

447 2837 627 2911 majus
654 2840 897 2894 sentiunt
930 2840 1345 2895 detrimentum.
1383 2838 1598 2895 Etenim
1625 2850 1678 2895 et
1712 2842 1795 2896 his
1822 2850 1873 2895 et
1914 2856 2040 2910 gra-

453 2929 699 2985 vioribus
720 2942 897 2986 semet
920 2934 1313 2993 condemnant,
1330 2941 1382 2986 et
1404 2933 1661 2987 extremis
1680 2948 1737 2987 se
1757 2933 2041 3003 suppliciis

455 3022 772 3078 multandos
807 3036 1052 3091 censent,
1086 3039 1211 3081 cum
1272 3026 1533 3105 cogitant,
1598 3026 1766 3081 Deum
1808 3027 2037 3095 nudum,

454 3128 618 3169 cruce
653 3115 1068 3185 interemptum,
1111 3117 1199 3172 cui
1239 3119 1423 3173 omnia
1458 3118 1730 3185 serviunt,
1763 3127 1816 3175 et
1847 3134 1971 3175 eum
2008 3133 2039 3173 a

2111 640 2332 691 δύναται
2353 636 2500 689 λύειν
2519 636 2551 704 ἡ
2567 633 2811 704 τελευτὴ,
2833 633 2947 686 ἀλλ’
2962 632 3176 701 ἀνάγκη
3194 629 3289 681 καὶ
3309 623 3490 694 πολλῷ
3514 623 3689 694 μείζω

2113 734 2289 785 ποιεῖν
2318 732 2448 799 ἡμῖν
2477 729 2569 782 ἐπὶ
2600 726 2694 780 τοῦ
2723 726 3010 795 μέλλοντος
3051 723 3152 792 τὴν
3206 719 3476 793 αἰσχύνην
3503 732 3515 747 ’
3550 714 3692 770 ἀλλὰ

2116 825 2283 895 μανία
2310 823 2562 880 ἐλεεινόν.
2601 808 2667 875 Τί
2698 815 2827 884 οὗνς
2882 820 2946 872 οὗ
2984 815 3220 889 πονηρδθς
3276 810 3436 880 ἡμῶν
3467 807 3691 860 ἐλαύνει

2114 918 2325 986 δαίμων
2359 913 2458 986 τὴν
2487 914 2733 984 γνώμην,
2775 907 2842 983 ἦς
2865 909 3141 978 τοσαύτην
3172 905 3434 973 κατέχεεν
3463 901 3691 962 άνοιανς

2116 1012 2179 1065 Εἰ
2213 1012 2321 1080 γὰρ
2343 1009 2435 1062 ἐπὶ
2470 1008 2615 1078 ξίφει
2662 1008 2862 1077 χωρεῖν
2901 1004 2997 1057 καὶ
3026 998 3172 1055 κατὰ
3210 993 3477 1067 κρημνῶν
3508 991 3692 1046 ῖεσθαι

2119 1103 2217 1156 καὶ
2261 1103 2389 1165 τοὺς
2442 1100 2632 1169 φίλους
2672 1099 2892 1166 ἀγνοεῖν
2924 1095 3018 1149 καὶ
3070 1093 3182 1154 τοῖς
3234 1084 3695 1157 δυσμενεστάτοις

2120 1192 2513 1262 προσπίπτειν,
2569 1189 2747 1245 ταῦτα
2803 1185 3173 1256 μαινομένων,
3198 1182 3261 1234 οὐ
3299 1180 3393 1234 τὸν
3433 1176 3696 1246 φιλοῦντα

2121 1284 2419 1354 φεύγομεν,
2462 1283 2523 1335 οὐ
2564 1282 2657 1335 τὸν
2707 1278 2901 1350 ἐχθρὸν
2957 1273 3042 1340 οἷς
3093 1272 3359 1341 ποιοῦμεν
3383 1266 3692 1339 ζητοῦμενς

2120 1378 2222 1430 οὐκ
2255 1377 2350 1430 ἐπὶ
2398 1374 2500 1448 τὴν
2545 1374 2776 1444 γέενναν
2816 1369 3121 1439 σπεύδομεν
3177 1367 3357 1420 πάντα
3388 1361 3694 1425 ποιοῦντες,

2122 1467 2158 1523 ἃ
2186 1467 2325 1540 πρὸς
2354 1466 2572 1534 ἐκείνην
2606 1464 2776 1531 (Mei;
2813 1459 2974 1517 Οὕτω
3007 1458 3109 1531 μὶν
3139 1456 3320 1511 τοίνυν
3344 1454 3482 1527 ἡμῖν
3512 1453 3697 1516 αὐτοῖς

2123 1559 2191 1613 τὰ
2223 1557 2483 1613 πάνδεινα
2508 1554 2775 1617 συνειδόσι
2807 1550 3067 1624 δακρύειν
3118 1547 3418 1603 ἀκόλουθον
3440 1544 3537 1599 καὶ
3568 1558 3701 1595 πεν-

2126 1650 2241 1705 θεῖν
2265 1667 2281 1683 ο
2313 1649 2488 1704 ταῦτα
2519 1648 2576 1702 δὲ
2596 1646 2798 1717 γένοιτ’
2823 1645 2890 1700 ἂν
2925 1644 3059 1714 ἡμῖν
3082 1641 3268 1704 αὐτοῖς
3294 1632 3699 1705 συνεγνωκέναι

2129 1743 2222 1796 καὶ
2252 1742 2320 1795 τά
2345 1740 2475 1794 ὄντα
2506 1739 2750 1806 δοξάζειν
2783 1736 2877 1790 καὶ
2914 1734 2990 1805 μὴ
3010 1733 3108 1788 καὶ
3149 1730 3309 1785 τοῦτο
3335 1717 3703 1799 δυστυχεῖν,ᾖ

2129 1832 2316 1887 κακῶν
2339 1832 2504 1902 ἐσμὲν
2524 1828 2832 1899 ἀγνοοῦσιν,
2846 1827 2943 1881 ἐὰν
2968 1828 3067 1897 τὴν
3090 1822 3305 1889 εὐεξίαν
3326 1819 3422 1875 καλ⁵
3438 1819 3527 1873 τὸν
3542 1816 3707 1871 πλοῦ·

2128 1942 2220 1977 τον
2237 1922 2471 1992 εἰδῶμεν
2496 1923 2592 1975 καὶ
2612 1921 2672 1973 τὸ
2704 1919 3028 1990 σωφρονεῖν,
3055 1910 3130 1969 ὧν
3153 1916 3284 1988 ἡμῖν
3309 1912 3413 1967 ὑπὸ
3439 1911 3533 1964 τοῦ
3562 1910 3704 1980 Χριο

2130 2016 2257 2069 στοῦ
2291 2015 2456 2086 μηδὲν
2485 2016 2753 2082 πονήσασι
2813 2007 3351 2079 κατεσκευασμένων
3408 2004 3706 2074 τυγχάνειν

2129 2111 2339 2175 ἔξεστιν
2404 2110 2720 2177 εἰσάγοντας
2776 2106 2928 2165 οὐδὲν
2973 2104 3137 2156 πλέον
3234 2100 3266 2170 ἢ
3322 2097 3697 2167 βουλομένους.

2132 2201 2303 2256 Τοῦτο
2327 2201 2436 2270 γὰρ
2473 2199 2539 2253 δν
2566 2199 2720 2254 δάκοι
2762 2196 2966 2273 μᾶλλον
3002 2193 3255 2265 καρδίαν,
3301 2190 3422 2255 ὲξδν
3446 2187 3702 2255 εὐδαιμο-

2133 2296 2272 2360 νεῖν,
2296 2294 2570 2365 αἱρεῖσθαι
2597 2291 2903 2362 δυστυχεῖν,
2916 2289 3010 2342 καὶ
3026 2286 3127 2357 ζῇν
3150 2286 3208 2337 ὲν
3223 2285 3362 2353 φωτὶ
3379 2279 3710 2349 δυναμένους

2135 2389 2193 2440 ἐν
2219 2385 2399 2443 σκότει
2422 2383 2763 2454 καθημένους
2783 2379 3100 2451 ἀνέχεσθαι.
3119 2376 3308 2429 Ταῦτα
3326 2374 3385 2427 δὲ
3402 2372 3594 2434 circa;
3614 2371 3712 2440 ρᾳ·

2138 2477 2324 2547 θύμως
2352 2476 2534 2548 ἔχουσι
2563 2474 2722 2546 μόνον
2749 2470 3007 2544 ἐμϐάλλει
3033 2470 3289 2538 δάκρυον,
3312 2465 3444 2519 ἀλλὰ
3472 2463 3569 2518 καὶ
3597 2463 3713 2523 τοῖς

2140 2566 2580 2629 σπουδαιοτάτοις
2613 2565 2709 2621 καὶ
2735 2564 2974 2635 μάλιστα
2996 2558 3231 2624 τούτοις,
3258 2558 3368 2626 δσῳ
3394 2554 3490 2609 καὶ
3524 2551 3713 2623 μείξοο

2139 2678 2228 2725 νος
2251 2658 2599 2715 αἰσθάνονται
2626 2655 2728 2726 τῆς
2758 2653 2983 2726 ζημίας.
3013 2653 3125 2706 Καὶ
3151 2649 3261 2721 γάρ
3291 2650 3385 2702 καὶ
3413 2646 3588 2701 ταῦτα
3619 2647 3715 2698 καὶ

2140 2754 2210 2808 τά
2228 2753 2431 2807 τούτων
2450 2751 2530 2805 ἔτι
2549 2749 2718 2820 χείρω
2734 2746 3210 2823 καταψηφίζονται
3240 2742 3389 2814 σφῶν
3406 2738 3584 2796 αὐτῶν
3601 2739 3719 2809 (καὶ⁵

2142 2848 2381 2918 τιμῶσιν
2406 2843 2591 2906 αὐτοῖς
2626 2842 2737 2896 τῶν
2769 2842 3063 2913 εσχάτων),
3098 2837 3318 2892 ἐπειδὰν
3368 2832 3720 2902 ὲνθυμηθῶσι

2143 2940 2277 2993 Θεὸν
2321 2938 2412 2989 ἐπὶ
2463 2931 2705 3006 σταυροῦ
2760 2932 2967 3003 γυμνὸν
3028 2930 3425 3001 σφαττόμενον,
3465 2919 3511 2994 ᾧ
3539 2925 3720 2978 πάντα

2144 3031 2411 3096 δουλεύει,
2445 3031 2540 3084 καὶ
2567 3028 2666 3099 τὴν
2700 3025 3059 3095 ἀντίστροφον
3090 3022 3222 3092 παρ’
3247 3021 3408 3092 ἡμῶν
3452 3020 3724 3086 είσπρατυ

2144 3126 2372 3193 τόμενον
2400 3119 2660 3192 ἀμοιϐὴν,
2694 3106 2812 3171 ἀνθ’
2841 3112 2918 3171 ὧν
2939 3115 3234 3187 ἀνθρώπου
3257 3113 3391 3175 Θεὸς
3438 3109 3516 3163 ὢν
3554 3107 3721 3169 αὐτδς

457 3207 616 3261 nobis
649 3209 1155 3275 compensationem
1192 3209 1434 3267 vicissim
1474 3212 1721 3283 exigere;
1754 3214 1881 3282 quia
1913 3227 2037 3266 cum

2144 3215 2363 3282 ἐδέξατο
2391 3213 2573 3283 φύσιν,
2606 3210 2859 3277 γενέσθαι
2892 3208 3058 3267 Θεοὺς
3093 3207 3242 3277 ἡμᾶς
3281 3205 3346 3269 ἐξ
3384 3199 3718 3271 ἀνθρώπων,

457 3307 603 3354 esset
642 3298 804 3361 Deus,
852 3310 1101 3355 naturam
1139 3303 1378 3358 hominis
1412 3306 1676 3375 suscepit,
1731 3314 1788 3360 ut
1837 3319 1937 3360 nos
1971 3320 2034 3358 ex

460 3388 778 3444 hominibus
837 3390 907 3443 dii
972 3393 1278 3449 lieremus:
1332 3401 1387 3448 et
1457 3410 1580 3449 οιιιη
1612 3404 1757 3449 terra
1818 3393 2038 3464 quidem

462 3479 687 3545 malum,
719 3497 842 3534 cum
879 3486 1141 3538 servitute
1170 3501 1421 3558 regnum,
1456 3502 1581 3541 cum
1630 3486 1951 3558 ignominia,
1987 3487 2042 3546 in

462 3584 571 3637 qua
610 3585 851 3637 eramus,
893 3587 1072 3627 veram
1108 3575 1337 3647 gloriam
1374 3586 1738 3648 permutasse,
1779 3594 1879 3647 pro
1917 3581 2043 3648 qui-

465 3660 569 3715 bus
622 3663 885 3717 calorum
944 3664 1196 3722 conditor
1234 3680 1434 3723 terram
1497 3670 1696 3735 induit,
1746 3679 1800 3724 et
1852 3679 2045 3726 natura

470 3752 760 3820 Dominus,
813 3756 864 3810 in
904 3756 1077 3814 forma
1132 3760 1274 3814 servi
1307 3762 1582 3830 apparuit,
1630 3771 1683 3814 et
1714 3761 1900 3828 gloria:
1954 3780 2044 3818 rex

474 3864 492 3895 ι
531 3848 790 3903 sustinuit
825 3863 1063 3917 crucem,
1103 3853 1428 3907 confusione
1458 3832 1766 3924 centeinpta
1800 3856 1881 3910 ⁵⁸.
1914 3875 1932 3907 ι

538 3939 670 3991 Cum
704 3941 868 3995 multa
887 3943 1131 4013 siut,per
1156 3960 1276 4014 qum
1309 3946 2046 4017 germanampltilOsophiam

471 4027 723 4085 SaIVator
786 4033 839 4086 in
872 4036 1167 4089 mundum-
1204 4036 1431 4099 iuverit,
1477 4041 1936 4103 mansuetudinis,
1994 4049 2051 4094 et

472 4125 859 4179 moderationis
892 4129 944 4181 in
978 4127 1079 4192 ira,
1117 4127 1462 4197 lenitatisque
1506 4130 1767 4185 adversus
1800 4133 2051 4188 lmdeutes

468 4215 705 4289 plurima
765 4217 1009 4271 omnium
1073 4227 1127 4270 et
1194 4217 1431 4273 maxima
1490 4222 1735 4291 exempla
1796 4224 2050 4291 dicendo,

472 4308 746 4373 faciendo,
774 4310 1053 4379 patiendo,
1095 4311 1399 4379 preposuit.
1434 4310 1569 4367 Nam
1598 4331 1665 4370 ne
1695 4317 1856 4388 longe
1888 4319 2054 4373 abes.-

472 4416 618 4463 mns,
643 4416 743 4470 pro
773 4402 837 4455 iis
869 4418 898 4455 a
931 4403 1131 4470 quibus
1165 4415 1282 4458 erat
1313 4405 1497 4472 lmsus,
1544 4424 1766 4465 carnem
1819 4419 1874 4465 et
1926 4427 2054 4465 san-

472 4491 691 4556 guinem
740 4493 970 4546 induere
1020 4494 1301 4561 sustinuit,
1334 4509 1390 4551 et
1417 4513 1512 4554 eos
1572 4501 1811 4555 solutum
1875 4502 2050 4568 venit,

2142 3309 2237 3364 καὶ
2265 3309 2366 3376 τῆς
2396 3306 2494 3377 μὲν
2520 3306 2622 3375 γῆς
2662 3304 2755 3356 τὸν
2810 3302 3062 3373 οὐρανὸν,
3105 3302 3202 3367 τῆς
3228 3300 3284 3353 δὲ
3311 3296 3564 3361 δουλείας
3617 3294 3719 3363 τὴν

2146 3400 2447 3474 βασιλείαν,
2488 3398 2588 3467 τῆς
2644 3397 2701 3451 δὲ
2768 3395 3035 3465 συνούσης
3079 3392 3295 3459 ἀδοξίας
3330 3391 3430 3465 τὴν
3454 3387 3721 3458 ἀληθινὴν

2143 3492 2474 3561 ἀλλάξασθαι
2502 3491 2682 3557 δόξαν,
2717 3488 2861 3559 ὑπὲρ
2892 3481 2966 3540 ὧν
2995 3488 3023 3540 ό
3061 3483 3170 3543 τῶν
3192 3483 3439 3552 οὐρανῶν
3471 3480 3724 3551 τεχνίτης

2146 3586 2437 3642 ἐνεδύσατο
2468 3586 2598 3654 γῆν,
2633 3585 2728 3637 καὶ
2758 3584 2785 3635 ό
2822 3582 2922 3651 μὲν
2949 3580 3111 3650 φύσει
3139 3576 3418 3645 Δεσπότης
3445 3576 3503 3627 ἐν
3534 3571 3726 3627 δούλου

2146 3681 2357 3752 μορφῇ,
2382 3678 2411 3732 ό
2434 3678 2489 3731 δὲ
2520 3675 2616 3745 τῆς
2652 3674 2808 3743 δόξης
2836 3670 3092 3742 βασιλεὺς
3119 3688 3138 3721 ι
3171 3666 3434 3738 ὑπέμεινε
3465 3664 3725 3735 σταυρὸν,

2148 3772 2411 3842 αἰσχύνης
2439 3767 2887 3839 καταφρονήσας.
2936 3781 2955 3815 ι

2222 3949 2535 4022 Πραότητος
2566 3945 2622 3999 δὲ
2653 3942 2864 4000 καὶτοῦ
2904 3941 3081 4012 θυμοῦ
3112 3939 3461 4013 κρατεῖν’καὶ
3485 3936 3560 4009 μὴ
3592 3936 3729 4005 πρὶς

2152 4043 2279 4104 τοὺς
2317 4038 2700 4111 λελυπηκότας
2763 4035 3021 4109 χαλεπῶς
3049 4033 3216 4106 ἔχειν,
3261 4030 3475 4085 πολλῶν
3533 4030 3728 4094 ὄντων,

2152 4138 2219 4189 δι’
2247 4133 2323 4189 ὧν
2350 4133 2448 4203 τὴν
2484 4132 2657 4202 ἀληθῆ
2718 4128 3038 4200 φιλοσοφίαν
3072 4130 3099 4181 ό
3146 4124 3336 4196 Σωτὴρ
3404 4125 3728 4194 εἰσήνεγκεν

2154 4231 2232 4291 είς
2268 4227 2358 4279 τὸν
2387 4225 2615 4293 κόσμον,
2665 4222 2736 4275 τά
2775 4221 3003 4275 πλεῖστα
3059 4219 3282 4273 πάντων
3345 4216 3439 4271 καὶ
3491 4216 3728 4285 μέγιστα

2155 4316 2515 4390 προστέθεικε
2566 4313 2986 4384 παραδείγματα
3020 4310 3115 4363 καὶ
3145 4304 3225 4371 οἷς
3255 4307 3481 4377 ἐποίησε
3517 4305 3611 4359 καὶ
3658 4298 3732 4357 ὧν

2154 4411 2412 4482 ἠνέσχετο
2442 4409 2691 4479 πάσχων.
2726 4405 2935 4460 Αὐτίκα
2967 4404 3076 4475 γάρ
3105 4401 3248 4471 ὑπὲρ
3285 4400 3394 4454 τῶν
3430 4399 3737 4469 λελυπηκό-

2159 4523 2266 4557 των
2316 4504 2549 4573 αἵματος
2603 4501 2868 4572 ἠνέσχετο
2916 4499 3013 4550 καὶ
3044 4505 3273 4565 σαρκὸς,
3343 4494 3439 4546 καὶ
3511 4491 3738 4551 τούτους

475 4600 615 4652 quos
646 4584 1120 4639 atrocissimorum
1147 4589 1413 4643 scelerum
1444 4607 1707 4648 accusare
1740 4604 1968 4662 putarat,
1998 4603 2039 4648 et

2156 4593 2288 4666 ἦλθε
2345 4595 2506 4647 λῦσαι
2560 4592 2767 4664 ζητῶν,
2799 4588 2881 4653 οἷς
2906 4589 2975 4642 τὰ
3005 4588 3289 4642 δεινότατα
3337 4586 3559 4639 πάντων
3591 4579 3739 4654 εἶχεν

475 4688 504 4734 a
552 4674 753 4743 quibus
797 4673 1058 4743 injuriose
1094 4685 1360 4735 tractatus
1402 4683 1598 4739 fuerat.
1660 4684 1849 4741 Postea
1888 4688 2054 4741 mira-

474 4767 639 4830 culis,
667 4766 871 4835 quibus
903 4768 1150 4826 homines
1186 4782 1394 4829 naturm
1441 4775 1747 4846 integritati
1798 4779 2056 4832 restitue-

475 4855 588 4916 bat,
625 4873 934 4927 quanquam
957 4861 1151 4918 invidis
1178 4866 1596 4935 oblatrantibus,
1626 4884 1732 4923 non
1767 4870 1927 4924 desiit
1957 4871 2054 4926 he-

475 4945 729 5007 nefaeere
762 4967 776 5004 :
806 4951 900 5006 sed
931 4968 1077 5017 cum,
1099 4959 1244 5025 quod
1270 4958 1549 5013 daemonas
1594 4961 1849 5030 ejicicbat
1882 4978 1913 5017 e
1936 4979 2056 5018 cer-

477 5041 723 5108 pnrihus,
765 5042 1090 5114 Beelzebub,
1157 5059 1211 5104 et
1241 5051 1493 5121 princeps
1562 5054 1959 5109 dzcmoniorum
2004 5063 2058 5110 el.

479 5133 992 5194 maledicentissima
1024 5143 1273 5197 omnium
1301 5144 1533 5211 audiret,
1567 5146 1770 5216 ejiCere
1794 5164 2051 5215 perstwe-

480 5229 656 5293 ralrat,
689 5237 742 5283 et
771 5247 937 5286 unum
972 5232 1039 5287 de
1062 5231 1399 5304 discipulis'a
1426 5252 1485 5290 se
1510 5236 1803 5290 alienatum
1847 5247 2055 5293 tantum

479 5316 672 5381 abfuit,
724 5331 782 5376 ut
802 5324 970 5378 choro
995 5325 1306 5395 expelleret,
1338 5336 1395 5381 ut
1423 5327 1585 5381 etiam
1612 5344 1719 5382 non
1752 5346 1915 5385 secus
1934 5347 2056 5385 cum

483 5427 550 5468 eo
581 5426 910 5482 versaretur,
930 5432 1094 5486 quam
1128 5418 1335 5473 versari
1360 5418 1594 5473 amicum
1618 5437 1741 5474 cum
1770 5423 1945 5480 amico
1968 5438 2064 5492 par

482 5516 587 5563 est.
620 5496 826 5579 Captus
883 5526 1099 5580 quoque
1138 5526 1263 5565 cum
1298 5511 1568 5569 homicida
1617 5518 2065 5583 cominuuicavit,

483 5607 537 5657 et
555 5600 923 5656 secretissima
947 5601 1228 5670 proditori.
1254 5618 1456 5673 corpus
1472 5618 1527 5660 et
1544 5611 1864 5678 sanguinem
1886 5611 2065 5681 ipsum

485 5687 762 5761 prmltuit:
799 5700 854 5747 et
897 5690 1116 5751 tandem
1173 5708 1231 5748 se
1259 5695 1754 5768 complemendum,
1807 5702 2066 5761 osculan-

570 5867 614 5901 "
648 5866 807 5924 llebr.
850 5888 945 5935 ait,
978 5871 1035 5929 ε.

2155 4688 2432 4756 ἐγκαλεῖν,
2468 4686 2564 4740 καὶ
2598 4683 2731 4755 παρ’
2757 4678 2831 4738 ὧν
2862 4681 3057 4734 ἔπειτα
3089 4682 3210 4741 ταῖς
3244 4679 3614 4747 εὐεργεσίαις,
3652 4668 3738 4737 αἷς

2156 4783 2257 4852 τὴν
2298 4778 2462 4849 φύσιν
2514 4775 2862 4848 ὲπηνὼρθου,
2903 4773 3011 4826 τῶν
3046 4770 3340 4841 βασκάνων
3394 4766 3740 4837 ἐπιθεμένων

2157 4856 2256 4927 ούκ
2294 4870 2495 4940 ἀνῆκεν
2519 4868 2835 4940 εὐεργετῶν
2866 4884 2879 4898 ·
2913 4864 3031 4918 ἀλλ’
3064 4864 3147 4917 ὅτι
3178 4864 3305 4926 τοὺς
3337 4862 3596 4929 δαίμονας
3621 4858 3739 4923 ἐξέ-

2159 4964 2323 5017 ϐαλλε
2379 4963 2489 5018 τῶν
2536 4957 2848 5031 ἀνθρώπων
2908 4955 3240 5019 Βεελζεὸοὺλ
3303 4955 3399 5007 καὶ
3444 4952 3743 5022 δαιμονίων

2162 5060 2370 5135 ἄρχων,
2398 5053 2495 5108 καὶ
2525 5054 2592 5106 τά
2618 5051 2905 5105 δεινότατα
2937 5051 3156 5105 πάντων
3191 5046 3409 5101 ἀκούων
3435 5045 3590 5099 οὐδὲν
3639 5038 3736 5116 ἦτ-

2165 5168 2256 5202 τον
2307 5147 2530 5218 ἡλαυνε,
2587 5146 2683 5198 καὶι
2724 5142 2834 5196 τῶν
2898 5140 3160 5212 μαθητῶν
3227 5138 3323 5192 ἕνα
3383 5138 3518 5207 πρὸς
3579 5139 3743 5191 αὑτὸν

2166 5240 2535 5309 διαφθαρέντα
2570 5235 2822 5291 τοσοῦτον
2855 5235 3096 5303 ἀπέσχεν
3130 5232 3389 5285 ἐκϐαλεῖν
3418 5231 3513 5283 τοῦ
3559 5230 3743 5300 χοροῆ,

2169 5333 2312 5388 ὥστε
2338 5331 2435 5386 καὶ
2478 5329 2662 5398 συνῆν,
2692 5326 2728 5382 ἂ
2760 5327 3001 5379 συνεῖναι
3037 5323 3214 5394 φίλοις
3259 5323 3426 5388 εἰκὸς,
3464 5323 3558 5376 καὶ
3598 5323 3745 5376 άλῶν

2169 5425 2444 5480 ἐκοινώνει
2471 5420 2546 5490 τῷ
2573 5422 2829 5489 φονευτῇ,
2855 5417 3076 5471 καὶτῶν
3108 5416 3444 5487 ἀπορρήτων
3477 5413 3555 5482 τῷ
3606 5432 3743 5484 προ·

2164 5519 2316 5590 δότῃ,
2354 5515 2449 5568 καὶ
2477 5512 2586 5564 τῶν
2617 5511 2866 5580 αἱμάτων
2887 5508 3091 5568 αὐτῶν,
3148 5508 3244 5560 καὶ
3273 5505 3585 5558 τελευταῖον
3609 5521 3750 5574 παρ’

2167 5609 2292 5679 ἐσχε
2345 5603 2660 5676 περιϐαλεῖν
2719 5601 2811 5653 καὶ
2845 5599 3094 5667 φιλῆσαι,
3141 5599 3238 5652 καὶ
3283 5595 3353 5651 τά
3391 5596 3493 5665 μὲν
3528 5597 3747 5651 πάντων

2165 5698 2467 5756 καινότατα
2494 5693 2784 5765 ἐτολμᾶτο.
2829 5688 3005 5761 ’Υπὲρ
3033 5683 3109 5743 ὧν
3138 5686 3203 5744 εὖ
3235 5689 3560 5756 πεποίηκεν,
3608 5688 3744 5741 ἀπέ-
