4036 6496
433 480 540 540 ϐἼ

1701 469 2015 533 NICOLAI
2057 465 2443 527 CABASHJE

3602 454 3709 518 672

3534 526 3562 551 ο

435 588 642 651 missis,
670 586 753 641 sic
780 599 905 639 eum
945 584 1261 648 honoravit,
1291 592 1345 638 et
1397 598 1721 654 congressus
1772 593 2021 638 amanter

2140 580 2232 632 τῶν
2260 578 2434 632 ἄλλων
2467 576 2635 645 αὐτῷ,
2694 574 2786 628 καὶ
2821 573 2993 643 ταύτῃ
3018 572 3256 641 τιμήσας
3302 573 3329 625 ὀ
3367 571 3425 624 δὲ
3454 570 3548 625 καὶ
3587 589 3714 631 συν-

436 677 751 750 appellavit,
784 687 838 732 et
870 694 1000 731 num
1028 678 1096 731 ab
1121 693 1186 731 eo
1215 679 1358 747 plus,
1383 692 1546 747 quant
1573 677 1642 731 ab
1689 677 1813 731 aliis
1846 677 2037 742 dilige-

437 777 588 821 retur
620 772 1010 836 percunctatus
1048 772 1153 820 est.
1188 763 1436 834 Cumque
1478 763 1672 819 Petrus
1715 765 2033 834 respondis-

436 868 537 919 set,
573 872 630 912 se
664 856 909 926 diligere,
941 855 1306 910 adltttc'idem
1360 856 1687 927 interrogat:
1737 858 2036 926 auditoque

434 949 652 1012 iterum,
690 967 709 999 ι
739 948 875 1000 Amo
903 957 954 1002 te
982 947 1049 1013 °°,
1085 966 1103 998 ι
1136 947 1319 1000 denuo
1339 948 1534 1017 quaarit
1568 964 1634 1001 an
1657 949 1738 1017 .alt
1769 949 1888 1017 ipso
1914 949 2037 1001 dili-

434 1050 611 1107 gatur.
645 1038 822 1105 Atque
850 1048 909 1093 ut
929 1040 1059 1092 mihi
1089 1039 1324 1101 videtur,
1375 1041 1719 1108 quaesivisset
1765 1039 2033 1104 crebrius,

436 1131 538 1212 pisi
574 1131 773 1186 Petrus
800 1131 1163 1185 contristatus
1191 1134 1519 1200 respondere
1538 1140 1866 1196 recusasset,
1889 1131 2034 1201 quod

433 1217 480 1275 ’s
515 1224 608 1290 qui
645 1234 832 1277 nosset
862 1223 1069 1286 omnia,
1101 1223 1165 1275 ad
1190 1225 1628 1292 cognoscendum
1660 1238 1898 1278 amorem
1949 1223 2033 1275 sui

434 1314 603 1367 multa
642 1313 806 1368 verba
838 1313 1101 1379 exigeret.
1134 1311 1459 1378 Quanquam
1493 1314 1596 1367 ista
1634 1330 1733 1366 nec
1794 1314 2033 1367 amicum

436 1403 759 1470 ignorantis,
787 1415 886 1458 nec
919 1402 1261 1470 ignorantem
1297 1417 1354 1456 se
1388 1402 1640 1470 ﬁngentis
1688 1412 2035 1471 erant.;qno-

435 1510 554 1546 rum
595 1494 823 1548 alterum
854 1492 1048 1549 fuisset
1072 1510 1278 1557 errare,
1314 1500 1543 1547 alterum
1578 1494 1854 1564 decipere,
1901 1511 2035 1548 πριι-

436 1592 581 1635 trum
617 1583 845 1638 sincera:
875 1585 1123 1639 veritatis
1146 1590 1151 1594 ”
1178 1583 1284 1639 Sed
1338 1585 1557 1639 volebat
1584 1585 1663 1638 sic
1717 1585 2029 1651 ostendere,

436 1691 495 1730 se
529 1675 745 1746 injuriae
798 1685 1019 1745 propter
1073 1678 1257 1745 priora
1315 1686 1471 1746 pacta
1499 1686 1811 1747 contempta
1871 1677 2029 1747 plane

437 1767 690 1831 oblitum,
727 1783 833 1822 non
864 1768 1010 1822 enim
1046 1768 1229 1823 denuo
1258 1784 1321 1824 ea
1351 1771 1677 1839 postulasset
1705 1787 1721 1826 :
1753 1770 1900 1842 quod
1932 1772 2031 1826 fuit

439 1876 680 1916 amorem
715 1862 768 1915 in
798 1857 961 1914 Petro
1010 1866 1329 1929 accendere,
1362 1862 1455 1930 qui
1482 1862 1595 1933 jam
1632 1865 2025 1934 prapemodnm

438 1951 912 2019 exstinguebatur.
946 1951 1094 2008 Talia
1124 1954 1271 2008 enim
1326 1955 1593 2009 sciscitari
1619 1948 1765 2009 etad
1797 1956 1920 2008 talia
1952 1972 2036 2009 re-

445 2043 767 2112 spondentia
808 2058 1126 2113 provocare,
1170 2047 1235 2100 ad
1266 2045 1561 2100 amicitiam
1597 2044 1718 2114 plus
1775 2046 2035 2103 omnibus

440 2134 606 2199 valet,
636 2145 691 2189 et
718 2150 901 2190 rerum
935 2136 1001 2190 ad
1029 2152 1272 2192 amorem
1305 2138 1696 2207 pertinentium
1768 2140 2034 2194 memoria

440 2234 602 2294 atque
627 2239 808 2281 sermo
827 2241 931 2281 non
948 2229 1122 2282 solum
1146 2229 1443 2283 amicitiam
1464 2245 1683 2299 angere,
1714 2231 1808 2286 sed
1828 2240 1881 2285 et
1905 2247 2037 2285 non-

446 2319 575 2372 dum
611 2327 915 2373 exstantem
948 2333 1212 2388 generare
1234 2321 1433 2390 potuit.
1465 2322 1776 2390 Atqneltaec
1812 2321 2033 2392 quidem

440 2409 758 2479 huiusmodi
788 2422 976 2467 sunto.

514 2576 768 2643 Salvator
798 2601 929 2658 ergo
975 2587 1123 2641 hunc
1170 2588 1223 2641 in
1253 2587 1476 2642 modum
1530 2588 1583 2642 in
1614 2589 1878 2658 operibus
1910 2590 2035 2644 suis

443 2679 525 2732 ira
565 2681 779 2733 vacavit
823 2695 836 2734 :
890 2694 1002 2748 quo
1049 2679 1299 2743 docente,
1334 2688 1388 2732 et
1442 2680 1590 2750 leges
1640 2679 1866 2746 ferente,
1897 2681 2031 2751 quid

446 2771 640 2826 mitius
671 2786 735 2825 ac
761 2770 981 2825 lenius?
1023 2770 1168 2825 Sane
1198 2780 1252 2825 et
1300 2787 1491 2841 preces
1529 2772 1700 2842 ipsas,
1731 2782 1784 2826 et
1816 2773 2032 2828 sacriﬁ-

445 2863 593 2917 cium
628 2878 735 2917 non
794 2878 853 2917 se
893 2862 1269 2918 admissurum
1305 2865 1402 2935 ait,
1437 2866 1482 2918 si
1529 2881 1653 2919 cum
1704 2865 1784 2920 ira
1813 2874 1908 2919 aut
1939 2880 2031 2918 sa-

446 2954 781 3022 crificemus,
810 2963 904 3009 aut
933 2970 1243 3025 precemur,
1281 2964 1335 3008 et
1362 2958 1744 3012 remissionem
1775 2969 2034 3026 peccato-

446 3059 595 3103 rum.
629 3060 923 3101 commune
970 3047 1231 3102 omnibus
1271 3045 1502 3111 donum,
1546 3048 1691 3118 quod
1742 3063 1928 3102 secum
1968 3050 2034 3104 de

449 3139 591 3193 CtBlO
630 3132 958 3208 apportavit.
1006 3147 1199 3193 mutuo
1227 3139 1596 3195 irascentibus
1623 3157 1905 3210 nunquam
1937 3144 2034 3196 da-

450 3238 676 3292 turum;
708 3230 926 3283 tametsi
956 3246 1173 3285 omnem
1209 3230 1442 3301 lapidem
1475 3247 1815 3299 moveamus,
1850 3244 1904 3290 ct
1931 3234 2033 3288 ﬂu-
2062 3248 2105 3306 ο

449 3321 601 3376 mina
661 3323 926 3378 sudorum
990 3324 1469 3396 lacrymarumqne
1540 3323 1877 3392 fundamus,
1932 3328 2032 3382 etsi

452 3416 633 3484 ipsum
681 3431 881 3487 carpas
915 3417 1098 3488 gladio
1133 3427 1187 3472 et
1229 3418 1341 3488 igni
1390 3417 1722 3487 objiciamus
1748 3419 1821 3474 ".
1871 3419 2033 3475 Tanti

453 3509 583 3564 fecit
614 3509 703 3564 ille
736 3511 1246 3573 mansuetudinem;
1296 3520 1349 3565 et
1378 3512 1471 3581 qui
1505 3510 1623 3579 ejus
1658 3512 1822 3566 vitam
1862 3512 2038 3566 medi-

453 3611 661 3667 tantur,
693 3616 789 3658 eos
820 3602 894 3657 ita
933 3604 1118 3657 mitem
1170 3604 1415 3658 animum
1449 3619 1576 3675 erga
1627 3619 1726 3659 eos
1757 3620 1792 3659 at
1833 3605 2037 3675 quibus

450 3696 646 3751 «τιτθηεὶ
697 3706 848 3760 sunt,
898 3713 1089 3768 gerere
1122 3712 1339 3768 aequum
1368 3707 1473 3753 est.
1513 3697 1667 3765 Quod
1699 3699 1863 3752 etiam
1894 3699 2037 3753 indi-

451 3786 629 3843 cans’:
662 3788 716 3844 Si
771 3806 947 3845 meam
992 3790 1470 3845 mansuetudinem
1526 3791 1785 3855 nossetis,
1837 3792 2034 3859 inquit,

452 3883 613 3935 etiam
661 3897 757 3936 cor
782 3893 1028 3937 vestrum
1066 3891 1508 3937 mansnesceret.
1553 3899 1571 3933 ι
1616 3881 1819 3936 Discite
1851 3898 1880 3936 a
1923 3899 2038 3949 me,

453 3975 548 4037 ait,
581 3975 707 4042 quia
742 3974 894 4029 mitis
922 3990 1069 4037 sum,
1099 3983 1153 4027 et
1176 3974 1402 4027 humilis
1432 3973 1621 4037 corde,
1654 3981 1710 4027 ct
1740 3974 2039 4032 invenietis

452 4066 695 4136 requiem
725 4066 1017 4121 animabus
1047 4067 1245 4120 vestris
1270 4066 1337 4120 °'.
1375 4084 1394 4117 ι

526 4240 790 4295 Praeterea
825 4240 902 4295 sic
925 4240 1301 4296 meditationis
1329 4241 1394 4297 de
1418 4241 1639 4297 Christo
1668 4247 2040 4301 mansuetudo

456 4335 682 4386 materia
722 4333 834 4386 liet.
882 4331 1000 4384 Non
1036 4342 1211 4401 potest
1264 4335 1407 4387 enim
1458 4349 1628 4390 sacrae
1663 4354 1866 4392 mensa;
1896 4339 2040 4394 desi-

458 4427 638 4490 (ΙινΓῖο,
688 4433 746 4479 et
800 4441 989 4479 amore
1039 4443 1147 4480 non
1204 4428 1447 4493 incendi,
1479 4431 1571 4499 qui
1607 4433 1658 4485 in
1714 4431 2037 4502 ltnjusmodi

456 4518 884 4585 cogitationibus
924 4520 1091 4574 vitam
1142 4524 1417 4577 consumit
1450 4540 1465 4576 :
1502 4539 1666 4593 qnam
1701 4540 1825 4578 cum
1874 4525 2037 4579 cuili-

2139 669 2312 723 ελθὼν
2369 670 2438 721 τὰ
2498 667 2689 736 φιλικὰ
2753 665 3002 734 διελέχθη
3075 666 3171 717 καὶ
3226 664 3557 716 πυνθάνεται
3621 663 3713 715 τὸν

2138 762 2339 816 ἑαυτοῦ
2376 762 2563 821 πόθον,
2614 762 2661 812 εί
2711 758 2973 829 μείζωνῆ
3018 760 3167 824 παρὰ
3217 757 3331 819 τοῖς
3378 755 3563 817 ἄλλοις
3603 755 3714 809 τῶν

2138 853 2373 923 ἑταίρων
2425 854 2573 905 ἐστὶν
2601 854 2659 904 ὲν
2697 849 2866 918 αὐτῷ.
2920 850 3030 901 Καὶ
3085 847 3180 901 τοῦ
3252 847 3458 916 Πέτρου
3524 847 3708 915 φιλεῖν

2139 947 2382 1009 εἰπόντος
2414 945 2492 999 ἔτι
2523 945 2688 998 ταὺτὸ
2725 943 3073 1005 πυνθάνεται,
3122 942 3314 1005 καὶτῖι,
3354 959 3370 991 ι
3398 939 3540 992 me
3566 957 3655 1025 σε,
3688 958 3707 991 ι

2139 1041 2302 1093 πάλιν
2331 1040 2598 1102 ἀκούσας,
2618 1037 2854 1108 ἀνείρετ’
2882 1031 3038 1095 αὖθις
3061 1034 3108 1087 εί
3132 1033 3357 1099 φιλοῖτο,
3391 1033 3484 1084 καὶ
3519 1031 3618 1084 οὐκ
3645 1028 3713 1083 ἂν

2138 1131 2463 1200 ἐμοὶδοκεῖν
2497 1129 2720 1199 ἐρωτῶν
2752 1127 2923 1196 ἀνῆκε
2986 1123 3271 1186 πολλάκις,
3304 1124 3353 1175 εί
3397 1121 3472 1191 μὴ
3503 1121 3708 1191 Πέτρος

2138 1221 2371 1272 ἀπεῖπεν
2436 1218 2704 1281 ἀνιαθεὶς,
2739 1218 2785 1269 εἰ
2816 1216 2950 1287 πρὸς
2999 1215 3061 1268 τὸ
3102 1214 3295 1281 μαθεῖν
3346 1214 3429 1266 ὅτι
3481 1211 3709 1280 φιλοῖτο,

2138 1311 2350 1364 πολλῶν
2388 1311 2563 1364 δέοιτο
2605 1310 2783 1377 λόγων
2838 1311 3021 1361 πάντα
3074 1305 3253 1369 εἰδώς.
3294 1305 3487 1358 Καίτοι
3533 1303 3709 1357 ταῦτα.

2136 1399 2203 1476 ἦν
2246 1400 2368 1456 οὗτε
2420 1403 2510 1456 τὸν
2556 1401 2711 1471 φίλον
2734 1400 3062 1467 ἀγνοοῦντος
3108 1396 3234 1451 οὔτε
3284 1397 3374 1451 τὸν
3407 1396 3714 1464 ἀγνοοῦντα

2138 1495 2512 1563 πλαττομένου
2546 1537 2559 1558 ,
2617 1494 2679 1546 τὺ
2733 1494 2829 1563 μὲν
2888 1492 2995 1561 γὰρ
3049 1486 3116 1562 ἦν
3174 1488 3504 1555 πλανᾶσθαι,
3565 1489 3626 1542 τὸ
3670 1489 3719 1541 δ’

2134 1585 2391 1655 ἁπατᾷν,
2453 1578 2528 1637 ὧν
2605 1583 2886 1652 οὐδέτερον
2977 1581 3078 1651 τῆς
3165 1576 3496 1647 εἰλικρινοῦς
3586 1578 3720 1641 ἀλη-

2135 1678 2285 1740 θείας
2339 1696 2353 1709 ·
2417 1677 2556 1732 ἀλλὰ
2609 1677 2767 1730 τοῦτο
2825 1674 2923 1744 μὲν
2981 1675 3159 1728 ἐκεῖνο
3215 1671 3519 1733 δεικνύντος
3570 1687 3583 1700 ·
3637 1670 3716 1733 ὡς

2133 1773 2192 1826 οὐ
2229 1770 2582 1842 μνησικακῶν
2638 1771 2722 1841 εἴη
2776 1768 2886 1819 τῶν
2942 1766 3222 1836 προτέρων
3276 1763 3575 1832 ὁμολογιῶν
3618 1779 3718 1813 πε-

2136 1864 2488 1933 πατημένων,
2544 1860 2605 1913 οὐ
2659 1860 2768 1930 γὰρ
2816 1860 2883 1912 ἂν
2935 1858 3116 1927 ἐζήτει
3147 1858 3429 1925 δευτέρας·
3464 1854 3622 1907 τοῦτο
3658 1853 3716 1907 δὲ

2137 1942 2199 2006 τδ
2228 1952 2452 2022 φίλτρον
2474 1951 2811 2012 ἀνάπτοντος
2860 1949 2940 2015 τῷ
2991 1949 3186 2017 Πέτρῳ
3220 1946 3577 2000 κινδυνεῦσαν
3609 1945 3716 2015 ἤδη

2140 2043 2439 2111 σϐεσθῆναι
2505 2044 2729 2112 μικροῦ.
2764 2041 2841 2095 Τὸ
2868 2039 2980 2111 γὰρ
3022 2041 3277 2101 τοιαύτας
3334 2039 3431 2108 μὲν
3488 2037 3714 2099 πεύσεις

2139 2133 2464 2202 προσάγειν,
2516 2134 2654 2201 πρὸς
2710 2122 3049 2199 τοιαῦταςίδὲ
3086 2131 3433 2201 παρακαλεῖν
3480 2130 3710 2199 ἀποκρί-

2141 2242 2273 2290 σεις,
2311 2226 2450 2298 πρδς
2482 2226 2732 2295 ἑταιρίαν
2791 2225 2993 2289 παντδς
3053 2224 3276 2278 δύναται
3339 2224 3558 2294 μᾶλλον,
3614 2221 3711 2276 καὶ

2141 2321 2245 2389 μνῆ
2256 2340 2331 2391 μη
2368 2321 2476 2374 τῶν
2512 2319 2746 2391 φιλικῶν
2780 2321 2875 2374 καὶ
2925 2320 2986 2373 τὸ
3032 2320 3163 2390 περὶ
3196 2319 3406 2373 τούτων
3455 2337 3507 2372 τι
3533 2319 3715 2388 λέγειν

2136 2415 2237 2483 οὐχ
2262 2414 2386 2466 ὅσον
2417 2412 2590 2482 μείζω
2642 2411 2946 2481 πεποίηκεν
3000 2407 3190 2478 οὖσαν,
3248 2411 3388 2466 ἀλλὰ
3420 2411 3512 2466 καὶ
3546 2412 3717 2482 μήπω

2139 2504 2318 2574 φῦσαν
2350 2504 2584 2573 ἐδυνήθη
2622 2508 2823 2559 τεκεῖν.
2854 2499 3005 2557 Εἶεν.

2208 2595 2366 2650 Οὕτω
2389 2595 2490 2664 μὲν
2517 2589 2613 2647 οὖν
2649 2596 2676 2646 6
2708 2594 2898 2663 Σωτὴρ
2931 2595 3021 2646 ἐπὶ
3056 2594 3165 2648 τῶν
3211 2593 3390 2664 ἔργων
3436 2593 3716 2647 ἐκϐάλλων

2138 2686 2388 2755 φαίνεται
2416 2684 2516 2754 τὴν
2543 2684 2718 2755 ὀργήν
2745 2699 2758 2713 ο
2789 2683 3105 2737 διδάσκοντι
3126 2684 3180 2737 δὲ
3204 2685 3298 2738 καὶ
3329 2683 3715 2752 νομοθετοῦντι

2137 2773 2227 2847 ἆρ’
2259 2778 2407 2829 ἔστιν
2439 2776 2467 2828 ὃ
2511 2775 2618 2846 πρὸ
2673 2776 2774 2845 τῆς
2834 2774 3145 2844 πραότητός
3205 2775 3353 2827 ἐστιν
3387 2773 3570 2844 αὐτῷ;
3603 2774 3716 2827 Καὶ

2136 2867 2246 2935 γὰρ
2275 2868 2369 2919 καὶ
2425 2863 2738 2937 προσευχὴν
2770 2864 2945 2934 αὐτὴν
2979 2865 3073 2918 καὶ
3107 2864 3302 2917 θυσίαν
3334 2864 3409 2934 μὴ
3443 2864 3508 2917 ἂν
3548 2882 3721 2935 προσ·

2137 2960 2292 3012 έσθαι
2320 2958 2506 3029 φησὶν,
2559 2957 2626 3026 ἣν
2668 2955 2901 3027 ὀργίλως
2928 2956 3199 3027 ἔχοντεςῆ
3228 2957 3447 3026 Θύωμεν
3472 2957 3504 3027 ἢ
3547 2974 3724 3028 προσ-

2140 3049 2456 3121 εὐχώμεθα,
2493 3050 2588 3103 καὶ
2633 3050 2832 3117 ἄφεσιν
2868 3049 3183 3119 ἁμαρτιῶν,
3224 3050 3287 3101 τὸ
3319 3050 3497 3102 κοινὸν
3548 3049 3723 3103 ἅπασι

2136 3144 2310 3216 δῶρον
2342 3144 2391 3214 (ὃ
2425 3143 2675 3213 κομίζων
2705 3137 2842 3214 ἧκεν
2871 3140 2931 3206 ἐξ
2974 3139 3252 3211 οὐρανοῦ),
3276 3143 3390 3204 τοῖς
3420 3141 3561 3212 ὑπὲρ
3595 3142 3726 3194 Eatu-

2141 3237 2250 3307 τῶν
2277 3234 2651 3307 ὀργιζομένοις
2682 3233 2885 3288 οῦποτε
2908 3232 3126 3298 δώσειν,
3184 3232 3286 3286 κᾶν
3335 3233 3476 3303 ὑπὲρ
3527 3233 3724 3286 τούτου

2139 3306 2317 3381 πάντα
2368 3326 2638 3396 ποιῶμεν,
2688 3324 2794 3379 κᾶν
2847 3325 3133 3393 ποταμοὺς
3182 3323 3426 3393 ἱδρώτων
3477 3321 3570 3375 καὶ
3620 3323 3720 3375 δα-

2141 3422 2327 3491 κρίων
2352 3421 2592 3489 χέωμεν,
2627 3417 2735 3471 κᾶν
2765 3415 2898 3470 αὐτὸ
2933 3415 3077 3483 ξίφει
3130 3414 3227 3467 καὶ
3261 3414 3397 3484 πυρὶ
3426 3412 3725 3484 προδῶμεν

2138 3511 2199 3561 τὸ
2230 3509 2409 3576 σῶμα.
2440 3505 2710 3560 Τοσούτου
2741 3506 2895 3567 τινὸς
2931 3506 3081 3572 ἄγων
3114 3503 3371 3573 φαίνεται
3404 3506 3719 3574 πραότητα,

2142 3600 2239 3654 καὶ
2264 3598 2438 3661 οὕτως
2469 3597 2769 3653 ἀκόλουθον
2816 3599 2943 3660 τοὺς
2971 3597 3038 3650 τὰ
3063 3597 3275 3649 ἐκείνου
3328 3596 3720 3665 λογιζομᾶνους

2137 3692 2238 3759 τὴν
2295 3690 2523 3761 καρδίαν
2571 3689 2712 3760 πρὸς
2742 3689 2871 3750 τοὺς
2923 3687 3197 3749 ἀνιῶντας
3243 3687 3456 3756 ἥμερον
3503 3686 3671 3755 ἔχειν,
3698 3685 3728 3737 δ

2139 3779 2234 3839 καὶ
2254 3784 2491 3850 δεικνὺς,
2520 3783 2625 3836 “Av
2648 3782 2751 3852 ἐμὲ
2769 3781 2964 3850 γνῶτε,
2990 3780 3177 3851 φησὶν,
3207 3778 3355 3840 ὅπως
3381 3780 3726 3849 ἡμερότητος

2140 3876 2267 3946 ἔχω,
2296 3876 2388 3929 καὶ
2418 3876 2549 3945 ὑμῖν
2577 3872 2889 3943 κατασταίη
2933 3874 2964 3941 ἠ
2994 3872 3214 3941 καρδία.
3254 3888 3273 3922 t
3311 3871 3538 3925 Μάθετε
3589 3871 3725 3940 γὰρ,

2141 3972 2328 4039 φησὶν,
2362 3968 2455 4022 ἀπ’
2504 3966 2665 4035 ἐμοῦ,
2720 3967 2803 4018 ὅτι
2840 3965 3016 4035 πρᾶός
3081 3963 3199 4032 ειμι
3230 3962 3323 4016 καὶ
3353 3963 3614 4025 ταπεινὸς
3655 3966 3722 4031 τῇ

2140 4063 2374 4132 καρδίᾳ,
2443 4061 2538 4113 καὶ
2617 4059 2887 4129 εὑρήσετε
2958 4056 3268 4111 ἀνάπαυσιν
3328 4058 3449 4118 ταῖς
3527 4056 3727 4126 ψυχαῖς

2142 4157 2172 4210 ὁ
2182 4156 2297 4226 μῶν
2308 4195 2320 4209 .
2354 4175 2377 4206 γ

2216 4248 2339 4300 Ἔτι
2368 4247 2424 4300 δὲ
2457 4245 2551 4299 καὶ
2590 4244 2743 4299 τόνδε
2769 4246 2862 4299 τὸν
2887 4246 3092 4315 τρόπον
3128 4247 3229 4316 τῆς
3276 4244 3411 4312 περὶ
3461 4243 3556 4296 τοῦ
3587 4245 3726 4312 Χριο

2144 4340 2271 4393 στοῦ
2311 4338 2544 4409 μελέτης
2579 4341 2611 4409 ἡ
2644 4340 2891 4408 πραότης
2918 4338 3118 4406 γένοιτ’
3149 4339 3214 4391 ἂν
3246 4337 3428 4409 ἔργον.
3460 4335 3578 4400 Τῆς
3621 4340 3723 4402 μὲν

2090 4456 2099 4467 ι
2142 4434 2249 4500 γὰρ
2294 4433 2445 4502 ἱερᾶς
2483 4430 2764 4503 τραπέζης
2813 4431 3026 4500 ἀνάγκη
3063 4429 3251 4483 λαόεῖν
3305 4430 3485 4496 ἔρωτα
3534 4430 3626 4482 τὸν
3673 4431 3732 4480 ἐν

2144 4522 2356 4584 τούτοις
2382 4522 2563 4587 ζῶντα
2586 4524 2697 4585 τοῖς
2734 4522 3019 4591 λογισμοῖς
3043 4538 3056 4552 ⁸
3090 4521 3296 4587 ταύτης
3346 4521 3400 4575 δὲ
3449 4522 3551 4574 οὐκ
3606 4520 3730 4583 ὲξδν

455 4612 540 4665 but
579 4611 904 4679 injuriarutn
955 4614 1183 4667 memori
1228 4618 1547 4687 contingere
1589 4617 1745 4670 nefas
1784 4618 1877 4679 sit,
1905 4618 2037 4672 resi-

2144 4620 2434 4688 τυγχᾶνειν
2480 4588 2926 4689 μνησικακοῦντα
2959 4618 3095 4689 πρὸς
3122 4617 3306 4670 πᾶσαν
3337 4616 3527 4684 ὀργῖν,
3577 4610 3733 4676 οὗτος

456 4715 563 4757 stet
615 4703 730 4768 irae,
764 4713 821 4759 et
858 4705 928 4760 ab
955 4707 1083 4761 odio
1125 4723 1319 4777 puram
1370 4712 1611 4764 servabit
1646 4710 1911 4765 animam.
1941 4710 2041 4767 llic

455 4798 598 4848 enim
635 4798 863 4866 Sanguis
894 4799 963 4852 ad
993 4801 1502 4857 reconciliationem
1539 4819 1567 4855 a
1606 4796 1878 4871 principio
1909 4802 2041 4858 etfu-

456 4905 574 4951 ρης,
625 4891 818 4945 merito
858 4892 1154 4948 iracundiae
1201 4895 1488 4965 furorique
1539 4895 1844 4951 servientes
1881 4912 2039 4951 aver-

458 4989 632 5031 satur.
670 4981 737 5033 Et
764 4997 1079 5051 quanquam
1113 4985 1428 5049 adIPatrem
1469 4986 1725 5040 clamavit
1752 5002 1918 5056 super
1954 4989 2041 5042 in-

459 5067 869 5135 terfectoribus,
896 5076 1042 5128 sicut
1068 5074 1254 5129 Abelis
1291 5076 1518 5141 sanguis
1550 5093 1577 5129 a
1607 5077 1781 5132 Caino
1807 5077 2040 5145 effusus,

460 5173 568 5212 non
611 5169 795 5217 tamen
827 5165 970 5228 apud
1005 5180 1131 5219 eum
1159 5165 1459 5221 sceleratos
1496 5169 1801 5235 accusavit,
1830 5185 1950 5236 nec,
1986 5182 2046 5227 ut

462 5251 578 5313 ille,
638 5253 705 5307 de
768 5253 935 5308 fratre
966 5256 1260 5310 vindictam
1313 5259 1602 5325 poposcit;
1659 5262 1792 5328 quin
1852 5274 2041 5319 contra

462 5343 723 5412 absolvit,
773 5354 830 5400 et
864 5359 960 5400 vos
991 5344 1162 5400 occisi
1213 5346 1432 5400 veniam
1479 5350 1823 5406 occisoriltus
1855 5355 2045 5409 conci-

466 5433 642 5492 liavit.

539 5528 682 5593 Quin
728 5530 893 5582 etiam
942 5529 1400 5586 excellentissime
1442 5533 1710 5602 justitiam
1772 5538 2049 5606 excolunt,

469 5623 562 5699 qui
615 5623 670 5676 in
725 5621 809 5675 his
859 5625 1418 5680 commentationibus
1481 5637 1613 5681 sunt
1663 5630 1869 5684 assidui
1918 5647 1932 5685 :
1982 5647 2046 5685 ex

470 5715 674 5784 qaibus
723 5723 949 5785 apparet
982 5718 1170 5770 mundi
1228 5719 1517 5774 Dominum
1558 5723 1693 5777 adeo
1745 5724 2047 5779 Itonorasss

558 5900 601 5931 “
632 5911 789 5952 .toan.
827 5914 934 5960 ut,
972 5898 1036 5953 15
1057 5916 1209 5971 seqq.

1291 5902 1329 5933 5‘
1364 5902 1555 5958 Matth.
1589 5920 1640 5969 v,
1694 5903 1783 5968 ‘23,
1822 5903 1919 5971 Ἣ,
1958 5922 2117 5974 xrttt,
2148 5906 2239 5972 2|,
2283 5906 2366 5958 55.

2148 4713 2404 4780 στήσεται
2427 4711 2519 4763 καὶ
2543 4711 2735 4778 μίσους
2768 4710 3000 4780 τηρήσει
3030 4707 3280 4778 καθαρὰν
3296 4706 3396 4776 τὴν
3428 4705 3628 4773 ψυχήν.
3657 4704 3732 4757 Τὸ

2146 4804 2256 4874 γὰρ
2289 4798 2425 4873 αἷμα
2451 4802 2612 4854 τοῦτο
2642 4802 2779 4870 πρὸς
2804 4801 3106 4868 διαλλαγὰς
3132 4799 3289 4871 χεθὲν
3323 4797 3380 4863 ἐξ
3422 4798 3592 4866 ἀρχῆ;
3629 4795 3733 4848 οὐκ

2149 4895 2421 4965 ἀνάσχοιτ’
2450 4894 2514 4947 ἂν
2540 4893 2772 4955 δικαίως
2810 4893 2918 4945 τῶν
2947 4894 3084 4963 ὀργῇ
3112 4896 3207 4944 καλ⁵
3240 4890 3400 4959 θυμῷ
3444 4888 3731 4942 δουλευόν-

2149 5006 2260 5042 των
2280 5005 2292 5018 ·
2318 4991 2367 5040 εἰ
2400 4988 2510 5058 γὰρ
2547 4989 2639 5040 καὶ
2664 4987 2853 5053 φωνὴν
2884 4987 3022 5056 πρὸς
3074 4987 3165 5038 τὸν
3198 4984 3414 5052 Πατέρα
3462 4982 3591 5049 περὶ.
3624 4978 3732 5032 τῶν

2154 5081 2453 5149 μιαιφόνων
2477 5079 2683 5149 ἀφῆκε,
2704 5078 2958 5148 καθάπερ
2983 5079 3041 5130 τὶ
3057 5075 3224 5130 Ἀδελ
3247 5073 3386 5144 αἷμα
3415 5073 3589 5143 χεθὲν,
3611 5070 3727 5124 ἀλλ’

2151 5174 2249 5226 οὐκ
2266 5173 2546 5243 ἐγράψατο
2572 5173 2703 5241 παρ’
2723 5170 2875 5240 αὑτῷ
2902 5172 3028 5233 τοὺς
3052 5168 3410 5238 ἠδικηκότας,
3440 5165 3557 5217 οὐδὲ
3581 5163 3733 5248 δίκας

2152 5267 2456 5337 ἀπῄτησεν,
2492 5266 2683 5333 ὥσπερ
2717 5266 2925 5327 ἐκεῖνος
2947 5260 3314 5329 τὸνάδελφὸν,
3350 5259 3569 5329 καὶγὰρ
3600 5259 3733 5308 ἀπεο

2152 5357 2331 5425 λύετο,
2381 5359 2475 5411 καὶ
2506 5359 2539 5428 ή
2580 5357 2675 5410 τοῦ
2711 5356 3015 5426 σφαγέντος
3047 5352 3200 5424 φωνὴ
3261 5350 3593 5421 συγγνώμην
3621 5343 3732 5418 εἷλε

2149 5453 2264 5513 τοῖς
2292 5452 2603 5518 φονευταῖς.

2225 5541 2347 5595 Ἔτι
2406 5542 2462 5593 δὲ
2505 5541 2597 5594 καὶ
2662 5537 3015 5608 δικαιοσύνης
3068 5538 3299 5608 ἐργάται
3362 5535 3729 5605 διαφερόντως

2153 5630 2413 5686 ἁπάντων
2441 5634 2489 5683 οι
2547 5634 2685 5700 μετὰ
2738 5630 2941 5683 τούτων
2971 5629 3170 5694 ζῶντες
3209 5629 3316 5681 τῶν
3340 5627 3636 5697 λογισμῶν,
3680 5628 3733 5679 ὲν

2161 5718 2241 5786 οἷς
2267 5725 2295 5777 ὁ
2332 5726 2425 5776 τοῦ
2461 5725 2666 5794 κόσμου
2707 5723 2987 5791 Δεσπότης
3035 5721 3179 5775 οὕτω
3227 5719 3475 5788 φαίνεται
3498 5723 3732 5789 τιμήσας

2449 5906 2490 5937 ⁸³
2537 5905 2579 5957 Μ
2606 5908 2719 5959 ιιῑῐιη
2758 5920 2832 5969 x1,
2871 5905 2960 5959 9.9.
