4036 6466
339 379 449 445 673

1370 384 1465 442 DE
1509 386 1681 444 VlTA
1727 386 1807 445 1N
1850 383 2187 449 cunisro
2246 343 2392 452 ciu.
2434 393 2532 454 vr.

3466 400 3575 463 674

337 492 706 562 δικαιοσύνην,
755 490 893 544 ὥστε
930 494 1067 562 μετὰ
1117 492 1225 544 τῶν
1281 494 1480 547 δούὶων
1506 492 1571 564 ἦν
1604 495 1764 566 (μετὰ
1794 497 1901 547 τῶν

2012 496 2298 566 iustitiam,
2337 511 2394 555 ut
2433 514 2751 560 versaretur
2796 520 2923 560 cum
2954 506 3150 570 servis,
3182 522 3304 562 cum
3349 508 3577 565 damna-

343 582 731 653 κατακρίτων),
794 584 929 650 μετᾶ
974 584 1083 636 τῶν
1146 587 1553 656 σφαττομένων,
1610 590 1748 658 μετὰ
1800 590 1906 643 τῶν

339 674 570 742 νεκρῶν,
606 674 693 727 ἵνα
728 676 863 727 πᾶσι
896 674 957 727 τὸ
996 676 1201 729 δίκαιον
1267 680 1448 747 ἀποδῷ
1476 696 1491 709 ·
1525 682 1617 732 καὶ
1671 681 1744 748 τῷ
1810 683 1908 750 μὲν

339 767 514 835 Πατρὶ
551 765 648 836 τὴν
699 766 859 831 δόξαν
917 770 1009 819 καὶ
1041 767 1140 838 τὴν
1184 769 1453 840 ὑπακοὴν,
1509 770 1575 839 ἣν
1626 773 1908 843 πόρρωθεν

334 858 620 929 προσῆκον
664 859 839 916 οὐδεὶς
874 861 1206 925 εξσενεγκείν
1256 855 1390 928 εἶχε,
1438 862 1515 932 τῷ
1564 864 1812 933 τυράννῳ
1849 864 1908 915 δὲ

332 950 398 1002 τά
429 949 604 1019 δεσμὰ
636 953 729 1003 καὶ
771 950 831 1003 τὸ
876 952 1237 1022 περιορᾶσθαι
1261 954 1375 1019 ξκαὶ
1414 954 1513 1021 τὴν
1544 956 1826 1027 αἰσχύνην,
1863 950 1908 1025 ᾧ

332 1039 450 1091 λύει
512 1038 610 1108 τὴν
660 1038 841 1092 ἄδικον
900 1041 1077 1111 ἀρχὴν
1139 1044 1230 1095 καὶ
1281 1043 1432 1095 νόθον
1470 1044 1749 1114 ἁψάμενον
1795 1047 1907 1101 τῶν

332 1129 621 1199 ἡμετέρων
660 1131 888 1202 ἐξήλασε
941 1134 1117 1205 κρίσει
1182 1135 1536 1206 κατενεγκὼν
1573 1141 1667 1192 καὶ
1700 1140 1907 1195 δικαιο-

336 1247 492 1318 σύνῃ.

303 1371 311 1379 -
407 1339 598 1393 Ἐλεον
625 1341 680 1394 δέ
713 1343 805 1394 καὶ
835 1342 896 1396 τὸ
919 1347 1197 1399 κοινωνεῖν
1239 1347 1430 1416 ὀδύνης
1458 1347 1684 1415 ἀλγοῦσι
1719 1350 1909 1406 καὶτὰ

339 1435 574 1506 δυσχερῆ
619 1440 730 1499 τοῖς
772 1438 953 1501 ἄλλοις
1003 1441 1169 1494 αὑτοῦ
1211 1443 1453 1510 νομίζειν
1511 1443 1678 1509 κακὰ,
1720 1445 1902 1512 πόθεν,

352 1530 403 1580 εί
441 1529 705 1597 ἑτέρωθεν
737 1529 810 1597 μὴ
839 1530 1042 1582 τούτων
1078 1533 1143 1583 ἂν
1175 1549 1256 1593 τις
1285 1533 1438 1585 λάϐοι
1463 1535 1572 1586 τῶν
1610 1536 1905 1605 λογισμῶν.

330 1614 411 1682 οἷς
451 1621 597 1690 ἡμᾶς
657 1621 857 1684 αὐτοὺς
918 1622 1134 1692 ὁρῶμεν
1191 1624 1396 1693 ἥκιστα
1458 1627 1701 1690 δικαίους
1749 1629 1908 1692 ὄντας

332 1711 509 1777 ἐλέου,
564 1711 718 1781 παρὰ
761 1715 942 1766 πᾶσαν
1003 1714 1332 1783 προσδοκίαν
1393 1718 1765 1786 ἐλεουμένους,
1810 1723 1908 1788 τὴν

330 1802 711 1871 αἰχμαλωσίαν
740 1805 979 1874 ἐκείνην,
1030 1808 1128 1874 τὴν
1157 1807 1426 1872 δουλείαν,
1483 1810 1552 1883 τὰ
1578 1810 1773 1877 δεσμὰ,
1809 1814 1907 1881 τὴν

330 1891 424 1945 τοῦ
452 1894 860 1964 δουλωσαμένου
892 1897 1113 1964 μανίαν*
1162 1900 1255 1950 καὶ
1302 1899 1376 1960 ὡς
1404 1901 1479 1969 τῷ
1513 1901 1613 1968 μὲν
1638 1903 1764 1970 ὅρος
1796 1903 1905 1955 τῶν

331 1984 411 2045 εἰς
439 1986 586 2053 ἡμᾶς
645 1985 829 2039 κακῶν
881 1988 1057 2043 οὐδεὶς
1088 1985 1190 2058 ἦν,
1248 1990 1362 2043 ἀλλ’
1392 1994 1478 2043 ἀεὶ
1523 1992 1904 2063 χαλεπωτέρου

335 2077 426 2128 καὶ
465 2076 710 2145 χείρονος
767 2078 1116 2148 ἐπειρώμεθα
1178 2081 1273 2133 τοῦ
1327 2083 1615 2150 τυράννου,
1664 2086 1794 2153 ἡμῖν
1849 2086 1906 2138 δὲ

337 2167 671 2236 πανταχόθεν
706 2169 992 2241 ἀμηχανία
1031 2171 1125 2224 καὶ
1147 2173 1358 2241 ἐρημία
1411 2173 1502 2225 τοῦ
1535 2173 1719 2227 δοῦναι
1746 2177 1907 2245 χεῖρά

332 2275 454 2310 τινα
505 2259 831 2328 δυναμένου’
881 2263 977 2314 καὶ
1035 2262 1112 2333 τῷ
1148 2264 1248 2334 μὲν
1287 2265 1522 2333 χρῆσθαι
1581 2269 1645 2334 τῇ
1706 2268 1902 2340 γνώμῃ

331 2354 455 2407 καθ’
488 2356 645 2425 ἡμῶν
675 2357 801 2427 ἐξῆν
843 2359 938 2412 καὶ
987 2359 1237 2429 ἠγόμεθα
1292 2361 1549 2431 καθάπερ
1604 2365 1904 2434 ἐωνημένῳ

333 2450 709 2517 πεπραμένοι,
750 2451 883 2519 ἡμῖν
917 2451 973 2502 δὲ
1012 2451 1344 2522 παραμυθία
1402 2454 1511 2507 τῶν
1542 2455 1734 2508 δεινῶν
1782 2456 1906 2509 ούδέ

331 2538 623 2606 φάρμακον
648 2540 799 2594 οὐδὲν
822 2537 911 2612 ἦν,
962 2542 1063 2603 οὐκ
1087 2543 1321 2607 οἴκοθεν,
1372 2544 1469 2615 οὐχ
1501 2546 1798 2616 ζἑτέρωθεν.
1843 2548 1904 2600 οὐ

330 2629 439 2680 τῶν
466 2630 606 2700 ὑπὲρ
637 2632 807 2701 ἡμᾶς,
835 2634 898 2686 ού
926 2634 1032 2687 τῶν
1057 2635 1365 2704 ὁμοφύλων,
1393 2636 1507 2689 ἀλλ’
1538 2639 1734 2708 ἐπίσης
1767 2639 1909 2694 ἃπα-

336 2737 421 2773 σιν
448 2723 508 2773 ἐν
556 2722 732 2794 καιρῷ
781 2725 1035 2793 γενέσθαι
1090 2731 1156 2797 τῇ
1214 2728 1381 2795 φύσει
1432 2728 1545 2782 τῶν
1603 2729 1906 2801 ἀνθρώπων

335 2810 536 2882 ἄπορον
565 2811 652 2885 ἦν.
690 2817 798 2870 Καὶ
828 2817 881 2870 τί
921 2817 1065 2885 λέγω
1124 2819 1440 2889 φάρμακον,
1498 2816 1580 2884 οἷς
1614 2821 1737 2875 οὐδὲ
1765 2840 1906 2890 μνη-

337 2903 535 2973 σθῆναι
562 2912 658 2958 τοῦ
687 2908 877 2978 ἰατροῦ
937 2909 1199 2980 καθαρῶς
1234 2911 1365 2981 ἐξῆν
1425 2912 1551 2966 οὐδὲ
1600 2913 1860 2985 δεηθῆναι
1889 2916 1903 2969 l

337 2991 496 3045 Οὕτω
542 2995 723 3049 τοίνυν
749 2997 952 3062 ἀθλίως
988 2997 1371 3069 διακειμένους
1401 3001 1465 3055 οὐ
1502 3002 1748 3073 πρέσϐυς
1787 3004 1908 3059 οὐδὲ

336 3082 590 3155 ἄγγελος,
629 3087 744 3140 ἀλλ’
777 3090 938 3153 αὐτὸς
968 3092 996 3143 ό
1026 3089 1257 3162 Κύριος,
1284 3085 1329 3159 ᾧ
1364 3092 1723 3163 πολεμοῦντες
1739 3088 1903 3165 ἦμεν,

2016 589 2106 653 tis,
2151 607 2272 645 cum
2309 595 2527 662 occisis,
2564 612 2688 652 cum
2726 600 2978 664 mortuis,
3024 608 3081 652 ut
3135 599 3390 657 omnibus
3433 606 3578 671 quod

2011 683 2302 738 deberetur
2339 687 2604 760 redderet.
2660 691 2740 744 Ac
2772 689 2919 744 Patri
2972 690 3194 759 quidem
3250 692 3476 761 gloriam
3529 706 3584 748 et

2011 780 2401 845 obedientiam,
2432 801 2552 853 qum
2608 787 2681 839 illi
2734 787 2936 854 pridem
2974 786 3224 852 debetur,
3268 788 3579 854 persolvere

2013 885 2173 924 nemo
2222 882 2452 941 poterat,
2504 892 2603 932 nec
2642 887 2873 946 tyranno
2916 877 3158 948 vincula,
3203 886 3581 947 contemptum

2006 971 2064 1015 et
2094 963 2330 1019 dedecus
2358 968 2447 1020 cui
2498 968 2743 1036 iniquum
2778 969 2984 1023 ademit
3035 969 3345 1037 imperium,
3372 980 3425 1023 et
3451 985 3581 1039 spu-

2013 1054 2154 1108 rium
2204 1056 2519 1112 inrasorem
2570 1075 2601 1113 a
2637 1060 2793 1115 nobis
2818 1060 3032 1129 judicio
3073 1069 3127 1114 et
3151 1060 3365 1128 justitia
3393 1060 3580 1115 detur-

2011 1146 2195 1201 batum
2230 1150 2458 1218 expulit.

2079 1346 2517 1405 Misericordiam
2549 1360 2731 1409 autem
2762 1362 2816 1410 et
2854 1355 3156 1409 dolentium
3190 1356 3372 1411 dolere
3405 1357 3575 1410 vicem

2008 1446 2063 1492 et
2088 1439 2266 1494 aliena
2316 1443 2455 1496 mala
2488 1458 2587 1497 sua
2622 1445 2842 1509 ducere,
2878 1447 3146 1503 undenam
3177 1446 3380 1520 potius.
3414 1459 3577 1512 quam

2008 1544 2074 1583 ex
2112 1530 2487 1599 hujuscemodi
2523 1535 2953 1603 cogitationibus
2997 1537 3268 1605 quispiam
3310 1537 3582 1604 adipisca-

2012 1629 2120 1683 tur,
2149 1622 2203 1675 in
2235 1624 2436 1691 quibus
2469 1620 2750 1682 cernimus
2782 1644 2883 1683 nos
2927 1628 3075 1696 ipsos
3110 1629 3334 1682 minime
3369 1630 3583 1681 miseri-

2012 1712 2195 1767 cordia
2234 1713 2450 1781 dignos,
2490 1726 2685 1785 praeter
2725 1733 2942 1773 onmem
2974 1720 3441 1785 exspectationem
3480 1718 3581 1771 mi-
3620 1759 3624 1762 ‹

1941 1843 1980 1896 Β
2014 1802 2368 1857 sericordiam
2407 1817 2758 1869 consecutos,
2789 1816 2844 1862 et
2881 1809 3278 1875 captivitatem,
3319 1819 3372 1862 et
3408 1810 3580 1885 servi:-

2009 1902 2178 1949 tutem
2215 1894 2387 1961 illam,
2416 1896 2637 1951 vincula
2668 1898 2778 1960 illa,
2824 1910 2876 1952 et
2908 1899 3146 1955 furorem
3184 1897 3324 1967 ejus,
3356 1898 3451 1967 qui
3482 1913 3581 1951 nos

2007 1986 2252 2056 captivos
2285 1988 2473 2043 duxit?
2501 1988 2565 2042 Et
2594 1990 2684 2044 ille
2721 1991 2939 2058 quidem
2976 1990 3242 2059 amigeudi
3277 2005 3378 2044 nos
3418 1988 3580 2043 ﬁnem

2006 2078 2212 2131 nullum
2270 2079 2526 2144 faciebat,
2558 2097 2719 2150 quem
2771 2082 3150 2143 immitiorem,
3196 2090 3251 2134 et
3284 2082 3581 2136 immanioe

2007 2185 2145 2234 rem,
2195 2186 2410 2239 semper
2465 2173 2907 2240 experiebamnr.
2945 2171 3058 2227 Nos
3107 2182 3288 2226 autem
3319 2173 3579 2242 ⁴ιιιιοίψιρ

2005 2258 2239 2311 consilio
2270 2256 2590 2329 egeliamus,
2618 2262 2825 2331 quique
2851 2278 3074 2317 manum
3108 2263 3267 2317 nobis
3297 2265 3430 2318 dare
3454 2277 3579 2331 pos-

2005 2357 2107 2415 set,
2156 2351 2336 2405 nullus
2386 2355 2783 2421 reperiebatur.
2820 2356 2895 2409 Ac
2934 2356 3010 2409 illi
3037 2355 3254 2425 quidem
3282 2368 3406 2424 qua‘.
3438 2356 3577 2411 vole.

2007 2438 2099 2492 bat
2132 2440 2185 2493 in
2216 2456 2317 2496 nos
2348 2441 2571 2507 licebat,
2600 2444 2746 2498 velut
2782 2452 2962 2513 empta
3003 2445 3273 2515 mancipia
3324 2446 3582 2516 raptaba-

2008 2544 2153 2596 mur,
2190 2532 2350 2586 nobis
2376 2541 2558 2588 autem
2595 2536 2865 2595 malorum
2917 2536 3125 2591 nullum
3166 2536 3450 2602 solatium,
3481 2553 3583 2593 nec

2008 2621 2309 2675 remedium
2341 2622 2425 2677 vel
2472 2638 2502 2677 a
2545 2625 2982 2694 nobismetipsis,
3017 2625 3101 2681 vel
3133 2626 3356 2681 aliunde
3386 2642 3579 2696 suppe-

2008 2711 2240 2776 ditabat,
2303 2728 2413 2768 non
2443 2714 2513 2770 ab
2562 2716 2630 2770 iis
2656 2717 2747 2785 qui
2795 2732 2961 2785 supra
2994 2733 3116 2782 nos,
3154 2733 3262 2771 non
3303 2733 3335 2772 a
3372 2728 3582 2773 natura:

2009 2803 2199 2867 sociis,
2258 2805 2353 2860 sed
2410 2806 2694 2875 aequaliter
2743 2808 3005 2863 omnibus
3060 2809 3342 2863 hominum
3394 2810 3583 2879 generi

2009 2895 2363 2951 rommodare
2405 2897 2619 2952 dilIicile
2648 2910 2789 2953 erat.
2822 2897 2887 2952 Et
2911 2899 3043 2969 quid
3072 2900 3198 2955 dico
3231 2900 3535 2957 remedium
3563 2943 3581 2966 ,

2011 2989 2212 3055 quibus
2254 3003 2353 3044 nec
2386 2990 2702 3046 meminisse
2735 2992 2932 3047 medici
2970 3007 3219 3061 prorsus,
3257 3009 3432 3063 neque
3456 3009 3587 3053 eum

2011 3094 2206 3146 regare
2262 3079 2498 3136 licebat!
2532 3080 2588 3136 In
2646 3082 2748 3138 hac
2777 3084 2997 3138 miseria
3044 3083 3443 3147 conﬂictantes.
3472 3102 3591 3145 non

336 3177 416 3237 εἰς
475 3174 534 3228 δν
581 3176 877 3246 ὑδρίζομεν
925 3181 1398 3250 παρανομοῦντες,
1465 3182 1627 3247 αὐτὸς
1672 3184 1906 3253 ἠλέησεν

2013 3171 2245 3241 legatus,
2275 3188 2384 3229 non
2421 3174 2669 3240 nuntius,
2705 3175 2799 3231 sed
2828 3175 2943 3245 ipse
2976 3176 3259 3240 Dominus,
3286 3178 3379 3233 cui
3412 3179 3584 3237 rebel-

334 3261 514 3319 οἶκτον
555 3269 690 3339 ἁήδη
732 3270 829 3322 καὶ
852 3269 1014 3338 λόγου
1046 3271 1224 3340 μείζω
1280 3274 1374 3328 καὶ
1423 3274 1575 3345 παρὰ
1594 3277 1702 3328 πᾶν
1730 3276 1789 3330 τὸ
1811 3277 1904 3330 ἐπὶ

337 3358 542 3422 τούτοις
569 3360 734 3421 εἰκός.
765 3359 841 3415 Ού
891 3363 1001 3433 γὰρ
1052 3363 1321 3434 ἐϐουλήθη
1379 3365 1487 3420 τῶν
1534 3367 1721 3421 κακῶν
1768 3369 1900 3438 ἡμῖν

336 3449 431 3521 τὴν
459 3450 778 3521 ἀπαλλαγὴν
811 3453 994 3521 μόνον,
1048 3455 1164 3508 οὐδ’
1207 3455 1407 3509 οἰκεῖον
1439 3459 1659 3528 ἐνόμισε
1708 3459 1770 3511 τὸ
1809 3460 1904 3515 ἄλο

336 3557 450 3607 γος,
477 3543 595 3594 ἀλλ’
622 3544 921 3612 ἐποιήσατο
944 3548 1037 3599 καὶ
1086 3548 1428 3618 μετέστησεν
1483 3551 1577 3619 ἀφ’
1603 3552 1761 3622 ἡμῶν
1820 3556 1902 3616 εἰς

335 3632 530 3686 ἐαυτδν
553 3634 650 3694 τὰς
679 3634 890 3699 ὀδύνας,
925 3635 1222 3706 δεξάμενος
1255 3639 1416 3701 αὐτὸς
1467 3639 1618 3693 ἐλέου
1671 3643 1905 3711 φανῆναι

340 3728 591 3788 πράττων
647 3728 834 3793 ἀξίως,
905 3730 973 3782 ἵν’
1006 3731 1158 3799 ἡμᾶς
1219 3730 1523 3799 ἐργάσηται
1575 3731 1903 3800 μακαρίους.

335 3820 444 3871 Καὶ
473 3820 602 3888 γὰρ,
652 3839 671 3871 ι
701 3821 759 3873 ἐν
781 3824 899 3883 ταῖς
958 3822 1198 3892 ἡμέραις
1251 3823 1351 3891 τῆς
1397 3822 1601 3891 σαρκὸς
1656 3822 1842 3884 αὐτοῦ,
1877 3840 1896 3872 ι

340 3909 551 3973 Παῦλος
576 3906 728 3981 εἷπε,
763 3913 873 3965 τῶν
902 3914 1242 3983 ἐλεουμένων
1279 3913 1490 3976 πολλοῖς
1534 3912 1713 3978 ἔδοξεν
1740 3910 1901 3981 εἶναι,

336 4008 429 4056 καὶ
463 4005 666 4076 ἠλεήθη
721 4007 813 4058 τὸν
843 4007 1027 4060 ἄδικον
1083 4007 1312 4062 θάνατον
1347 4007 1729 4081 ἀποθνήσκων.
1772 4008 1901 4073 Καὶ,

344 4114 360 4146 ι
403 4097 730 4149 Ἐκόπτοντο
759 4098 891 4169 γὰρ,
921 4099 1077 4168 φησι,
1141 4099 1236 4152 καὶ
1293 4098 1552 4170 ἐθρήνουν
1590 4118 1610 4150 ι
1667 4097 1906 4168 ἐπάύτῴ

335 4188 434 4257 τὴν
463 4188 556 4240 ἐπὶ
608 4189 837 4241 θάνατον
870 4189 1147 4259 ἀγομένῳο
1192 4191 1286 4243 καὶ
1320 4189 1381 4240 οὐ
1436 4193 1548 4252 τοῖς
1578 4171 1664 4242 ἐπ’
1693 4191 1902 4242 ἐκείνου

339 4281 499 4348 μόνον
532 4282 627 4336 καὶ
656 4280 953 4351 θεωμένοις
966 4283 1027 4334 τὸ
1051 4283 1244 4344 πάθος,
1273 4282 1387 4335 ἀλλ’
1411 4283 1513 4352 ἤδη
1540 4285 1633 4335 καί
1675 4283 1904 4345 Ἡσαΐας

335 4372 620 4444 πόρρωθεν
653 4371 808 4440 ἰδὼν,
844 4373 1112 4444 ἀδακρυτὶ
1164 4374 1263 4445 τὴν
1318 4375 1445 4427 θέαν
1488 4376 1587 4427 ούκ
1650 4376 1901 4446 ἤνεγκεν,

334 4465 453 4517 ἀλλ’
476 4465 550 4527 ὼς
577 4464 668 4517 ἐπὶ
704 4465 888 4535 νεκρῷ
918 4465 1175 4535 μονῳδῶν
1206 4466 1360 4520 ἐλέου
1399 4464 1678 4534 γέμουσαν
1726 4469 1901 4536 ἀφῆκε

339 4558 544 4627 φωνήνο
585 4574 604 4607 ‹
654 4557 885 4627 Εἴδομεν
911 4556 1103 4621 αὐτὸν,
1137 4560 1295 4626 φησὶ,
1326 4560 1419 4613 καὶ
1443 4560 1545 4612 οὐκ
1594 4555 1739 4628 εἶχεν
1768 4554 1906 4623 εἶδος

335 4649 459 4701 οὐδὲ
492 4647 706 4713 κάλλος,
736 4649 873 4701 ἀλλὰ
904 4649 964 4701 τὸ
994 4645 1133 4710 εἶδος
1166 4649 1334 4703 αὐτοῦ
1385 4650 1602 4718 ἄτιμον,
1659 4650 1909 4704 ἐκλεῖπον

337 4741 398 4789 τὸ
427 4734 566 4801 εἶδος
589 4737 753 4791 αὐτοῦ
810 4737 963 4809 παρὰ
1023 4739 1151 4803 τοὺς
1208 4739 1358 4799 υἱοὺς
1406 4738 1516 4790 τῶν
1547 4739 1904 4809 ἀνθρώπων.»

341 4831 405 4883 Τί
437 4834 533 4902 τῆς
573 4830 920 4901 συμπαθείας
969 4831 1178 4900 ταύτης
1230 4830 1428 4898 γένοιτ’
1450 4830 1518 4885 ἂν
1555 4833 1688 4897 ῐσον,
1740 4834 1789 4885 εἰ
1834 4833 1910 4902 μὴ

339 4924 619 4991 λογισμοῖς
645 4924 737 4978 καὶ
762 4923 979 4994 θελήσει
1009 4924 1258 4976 κοινωνεῖ
1287 4921 1379 4975 τοῦ
1409 4922 1611 4986 πάθους
1646 4924 1758 4986 τοῖς
1782 4924 1910 4976 δυσ-

344 5018 586 5087 τυχέσιν,
636 4996 752 5070 άλλ⁹
786 5019 970 5080 αὐτοῖς
1022 5017 1334 5086 πράγμασι,
1379 5020 1474 5071 καὶ
1517 5017 1623 5070 οὐδ’
1662 5018 1911 5087 ἀνέχεται

348 5110 579 5180 μεσίτης
613 5107 753 5163 εἶναι
781 5109 889 5161 τῶν
916 5109 1214 5179 δυσχερῶν,
1236 5109 1351 5160 ἀλλ’
1385 5110 1463 5171 εἰς
1497 5109 1687 5161 ἐαυτὸν
1713 5110 1772 5161 τὸ
1804 5109 1913 5161 πᾶν

350 5205 656 5274 ἀναιρεῖται
697 5206 789 5258 καὶ
830 5204 921 5257 τὸν
952 5205 1220 5272 ἡμέτερον
1255 5202 1483 5255 θάνατον
1533 5203 1865 5269 ἀποθνήσκει
1897 5219 1913 5266 ;

349 5297 569 5351 Τούτων
600 5297 705 5349 τῶν
730 5297 903 5363 λόγων
936 5297 1014 5357 είς
1052 5296 1138 5348 τὸν
1164 5294 1270 5347 τῶν
1318 5293 1608 5363 ὁμοφύλων
1656 5291 1836 5346 οἶκτον
1862 5294 1912 5344 τί

346 5391 414 5447 ἂν
448 5392 815 5443 ἐπισπάσαιτο
845 5388 1047 5456 μᾶλλον
1080 5404 1096 5451 ς
1126 5389 1183 5439 El
1214 5389 1322 5456 γὰρ
1373 5386 1433 5437 τὸ
1459 5386 1771 5452 φθάσαντας
1804 5405 1931 5445 πα-,

349 5482 461 5534 θεῖν
482 5482 589 5533 τῶν
612 5479 890 5549 δυσχερῶν
916 5477 1092 5530 ὁτιοῦν
1136 5476 1291 5539 ίλέως
1324 5472 1615 5545 ἐργάζεται
1643 5477 1755 5536 τοῖς
1786 5474 1915 5542 ἄρτι

350 5577 419 5627 τὰ
454 5574 544 5626 ίσα
571 5570 978 5624 κακοπαθοῦσιν
1028 5570 1429 5637 οἰκειουμένους
1473 5568 1569 5629 τὰς
1603 5568 1910 5636 συμφορὰς,

351 5663 404 5715 τί
442 5665 549 5715 τῶν
574 5661 762 5714 δεινῶν
788 5663 848 5714 οὐ
880 5662 1225 5728 πεπόνθαμεν
1249 5701 1264 5725 ,
1307 5660 1406 5711 οὐκ
1437 5659 1754 5712 ἀπόπτωσιν
1806 5673 1914 5709 πα-

431 5841 479 5873 ⁶³
514 5843 675 5898 llebr.
712 5858 764 5903 v,
800 5843 848 5894 7.
930 5845 975 5876 “
1019 5842 1149 5896 Luc“.
1188 5856 1343 5909 xxiii,
1377 5842 1466 5895 “27.

2015 3264 2284 3329 labamus,
2318 3276 2373 3321 et
2407 3267 2462 3321 iu
2498 3283 2660 3336 quem
2693 3267 3013 3338 frangendis
3041 3270 3287 3338 imperiis
3310 3271 3431 3339 ejus
3457 3286 3584 3327 con-

2013 3342 2289 3414 tumeliosi
2324 3373 2566 3426 eramus,
2593 3359 2707 3428 ipse
2743 3371 2829 3415 est
2859 3361 3176 3424 miseratus,
3207 3347 3584 3419 misericordia

2016 3450 2251 3514 insueta,
2300 3459 2355 3505 et
2414 3451 2595 3510 verbis
2650 3452 3043 3519 inexplicabili,
3096 3463 3154 3506 ct
3202 3470 3368 3522 supra
3420 3469 3587 3523 quam

2014 3542 2391 3598 conveniebat.
2429 3542 2546 3597 Non
2596 3544 2743 3598 enim
2798 3530 3010 3596 tantum
3066 3543 3372 3600 libertatem
3426 3548 3589 3601 nobis

2013 3635 2237 3700 cupivit,
2287 3649 2465 3703 neque
2491 3635 2736 3690 dolorem
2774 3646 3025 3690 nostrum
3050 3653 3224 3697 suum
3274 3638 3453 3701 duxit,
3490 3646 3587 3693 seu

2013 3742 2043 3780 a
2076 3727 2234 3782 nobis
2268 3727 2322 3780 in
2373 3743 2433 3781 se
2465 3727 2683 3782 dolores
2716 3735 2936 3782 nostros
2969 3729 3163 3782 ascivit
3193 3737 3358 3799 atque
3402 3739 3585 3785 u'ans-

2015 3800 2158 3882 tulit,
2193 3828 2248 3872 et
2298 3819 2508 3887 placuit
2536 3818 2616 3874 eis
2649 3833 2773 3873 sors
2798 3818 3129 3883 miseranda,
3165 3830 3221 3873 ut
3265 3835 3368 3873 nos
3399 3819 3585 3874 beatos

2013 3910 2263 3965 elliceret.
2313 3909 2526 3964 Etenim
2576 3929 2595 3961 ι
2634 3911 2688 3964 in
2737 3908 2935 3964 diebus
2965 3910 3147 3964 carnis
3196 3910 3417 3977 suae“,
3455 3930 3476 3963 ι
3528 3922 3587 3966 ιιι

2013 4000 2218 4054 Paulus
2248 4000 2345 4065 ait,
2380 4001 2569 4056 multis
2615 4001 2765 4056 visus
2812 4009 2896 4055 est
2931 4000 3280 4057 miserabilis.
3317 3999 3383 4054 Et
3423 4002 3586 4057 mise-

2013 4094 2211 4149 rationi
2242 4109 2377 4149 saue
2417 4093 2519 4149 luit
2554 4095 2738 4161 iniqua
2777 4102 2948 4149 morte
2977 4094 3263 4153 moriens:
3303 4112 3321 4144 ι
3355 4094 3586 4164 Plange-

2013 4189 2145 4244 bant
2172 4186 2341 4246 enim,
2373 4185 2571 4255 inquit,
2603 4194 2657 4240 et
2681 4185 3124 4240 lamentabantur
3149 4200 3269 4241 eum
3295 4185 3361 4249 “,
3400 4204 3419 4236 ι
3457 4201 3584 4241 cum

2013 4280 2079 4334 ad
2115 4288 2348 4332 mortem
2385 4280 2695 4339 duceretur.
2748 4275 2860 4331 Nec
2913 4278 2962 4331 id
3021 4277 3056 4331 ii
3109 4280 3310 4340 solum,
3338 4277 3429 4346 qni
3472 4287 3587 4332 tum

2015 4371 2291 4434 vivebant,
2340 4379 2395 4424 et
2448 4370 2790 4437 spectabant,
2828 4366 3113 4431 fecerunt;
3170 4367 3263 4423 sed
3315 4366 3586 4430 etlsaias,

2015 4463 2185 4517 multo
2243 4469 2371 4516 ante
2429 4476 2552 4515 cum
2606 4458 2951 4530 prmvidissct
3011 4460 3139 4514 illud
3188 4462 3584 4527 spectaculum,

2018 4573 2122 4610 non
2153 4554 2477 4623 temperavit
2506 4551 2788 4622 lacrymis,
2824 4551 2918 4605 sed
2951 4560 3210 4618 tanquam
3247 4565 3410 4618 super
3449 4566 3591 4604 mor-

2020 4642 2113 4700 tuo
2145 4647 2475 4708 lamentans,
2501 4658 2687 4697 vocem
2721 4642 3086 4696 miserabilem
3120 4639 3295 4695 emisit
3324 4658 3342 4696 :
3379 4659 3397 4691 ι
3442 4639 3588 4694 Vidi-

2022 4756 2146 4795 mus
2173 4754 2316 4803 eum,
2342 4735 2605 4805 inquit,et
2634 4750 2738 4789 non
2773 4733 3007 4787 habebat
3036 4733 3293 4799 speciem,
3312 4748 3484 4800 neque
3499 4733 3593 4785 de-

2015 4847 2193 4888 rorem
2210 4848 2226 4897 ;
2241 4832 2332 4885 sed
2351 4830 2560 4897 species
2576 4827 2695 4889 eius
2721 4826 3067 4885 inhonorata.
3087 4835 3139 4878 et
3156 4824 3435 4887 deficiens,
3456 4840 3594 4894 prae-

2017 4934 2097 4980 ter
2141 4924 2279 4976 lilios
2309 4922 2589 4976 hominum
2619 4919 2722 4975 ⁸⁸.»
2746 4917 2887 4983 Quid
2928 4933 3048 4972 cum
3076 4919 3177 4971 hac
3213 4920 3589 4986 compassione

2016 5016 2254 5072 conferri
2285 5015 2496 5085 potest?
2519 5013 2796 5083 Siquidem
2829 5027 2936 5066 non
2965 5010 3292 5080 cngitatione
3312 5021 3367 5065 et
3396 5011 3590 5064 volun-

2022 5120 2131 5163 tate
2159 5109 2273 5164 sola
2319 5108 2645 5160 miserorum
2692 5108 2832 5158 mala
2884 5104 3071 5167 sentit,
3101 5102 3193 5157 sed
3228 5100 3387 5157 rebus
3433 5102 3585 5169 ipsis,

2025 5216 2125 5255 nec
2156 5199 2509 5254 molestorum
2547 5212 2669 5251 esse
2720 5196 2992 5264 particeps
3040 5197 3174 5249 satis
3206 5196 3385 5253 habet,
3407 5195 3498 5247 sed
3536 5195 3589 5245 in

2021 5306 2080 5345 se
2115 5293 2290 5358 ipsum
2330 5300 2498 5342 totum
2544 5289 2793 5356 suscipit,
2846 5296 3144 5357 nostraque
3196 5294 3370 5340 morte
3429 5288 3594 5340 mori-

2021 5393 2129 5440 tur.
2153 5382 2247 5436 His
2274 5381 2581 5435 rationibus
2616 5380 2681 5433 ad
2716 5380 3056 5434 miserandos
3102 5378 3352 5432 homines
3399 5387 3593 5431 natura

2022 5475 2313 5530 nobiscum
2343 5473 2696 5543 coniunctos,
2729 5472 2856 5541 quid
2884 5472 3056 5541 magis
3095 5484 3194 5523 uos
3225 5468 3505 5537 impellat?
3535 5470 3591 5523 Si

2026 5569 2171 5619 enim
2209 5567 2363 5635 prius
2398 5581 2653 5634 asperum
2713 5564 2930 5632 quidvis
2987 5576 3303 5631 perpessum
3335 5576 3478 5621 esse.
3508 5576 3593 5615 re.

2024 5655 2154 5715 cens
2194 5660 2381 5713 eadem
2418 5657 2596 5726 passis
2621 5655 2899 5719 Conciliat,
2933 5656 3059 5707 clum
3096 5656 3147 5707 in
3188 5652 3254 5707 iis
3283 5668 3413 5707 suas
3444 5653 3594 5707 cala~

1548 5842 1591 5872 “
1630 5842 1730 5897 lsa.
1792 5854 1907 5905 Lm,
1948 5838 2005 5892 Ξ.
