4036 6448
225 395 332 463 677

1328 390 1426 449 os
1465 388 1642 452 ViTA
1682 385 1759 447 IN
1798 382 2136 446 CHRISTO
2171 381 2321 444 LIB.
2368 363 2470 441 vr.

2280 154 2321 173 -ρ

3386 370 3496 437 678

227 528 325 583 νης
350 504 657 579 ἀνθρώποις
698 505 851 571 ὄντες
904 509 1178 577 τεχνῖται;
1214 506 1276 559 Et
1316 506 1373 560 δὲ
1419 508 1518 575 τὴν
1568 502 1801 557 καθόλου

1929 507 1963 554 ιι
2027 498 2177 569 pacis
2230 486 2545 550 hominibus
2583 496 2835 545 auctores
2888 487 3019 543 sint.
3062 484 3219 554 Quod
3278 487 3322 540 si
3372 489 3494 541 uni-

227 600 603 671 δικαιοσύνην,
639 600 786 668 λέγω
811 599 911 668 τὴν
943 600 1171 670 ἀρετὴν,
1195 598 1386 670 ἡλίκον
1410 596 1561 650 ἐστὶν
1600 594 1807 664 ἀγαθὸν

227 696 324 750 καὶ
346 684 460 747 οἷον
487 692 624 761 αὐτῇ
659 691 883 744 σύνεστι
913 691 1134 755 κάλλος,
1168 692 1263 743 ἐπὶ
1311 690 1409 744 τοῦ
1445 690 1610 760 ἤθους
1644 687 1807 753 μόνου

230 788 500 857 πάρεστιν
534 785 666 839 ἰδεῖν
707 784 800 838 τοῦ
839 785 1113 853 Σωτῆρος,
1178 784 1274 838 ἅτε
1307 784 1469 851 μόνου
1498 781 1607 834 τῶν
1651 783 1808 833 ἐναν-

229 879 360 934 τίων
390 877 522 931 αὐτὸ
576 877 822 948 καθαρὸν
872 877 1158 939 παντελῶς
1210 873 1647 943 ἐπιδειξαμένου,
1687 870 1810 939 (καὶ

238 974 336 1044 γὰρ
368 971 658 1040 ἁμαρτίαν
689 971 789 1023 οὐκ
816 971 1098 1037 ἐποίησεν,
1130 967 1253 1021 οὐδὲ
1284 969 1313 1019 ὁ
1341 966 1438 1020 τοῦ
1472 966 1683 1034 κόσμου
1703 962 1806 1032 ἄρ-

236 1086 338 1139 χων
364 1062 540 1118 ὲλθὼν
588 1057 771 1135 εὗρεν,
818 1054 895 1117 ὀὗ
947 1062 1137 1127 διῶξαι
1186 1061 1478 1128 δυνήσεται
1515 1057 1616 1127 τὴν
1659 1055 1814 1109 Θείαν

233 1157 447 1223 ἐκείνην
476 1153 680 1223 ψυχὴν,
711 1154 825 1207 οὐδ’
849 1155 908 1205 ἐν
935 1145 980 1219 ᾧ
1012 1151 1289 1221 μέμψαιτο
1334 1149 1434 1219 τὴν
1470 1146 1620 1217 ὥραν
1640 1184 1655 1207 ,
1713 1145 1809 1213 βα-

238 1250 454 1308 σκάνοις
482 1245 841 1316 περισκοπῶν
864 1244 1192 1313 ὀφθαλμοῖς)
1223 1241 1317 1294 τὸν
1343 1241 1441 1310 μὲν
1459 1240 1538 1297 είς
1566 1239 1658 1290 τὸν
1681 1238 1814 1304 Χρι-

236 1342 352 1393 στὸν
387 1339 479 1391 καὶ
529 1337 733 1408 ἀρετὴν
759 1338 941 1406 ἔρωτα
993 1335 1156 1405 δῆλον
1193 1332 1269 1396 ὡς
1323 1330 1478 1384 οὐδὲν
1528 1329 1660 1384 ἄλλο
1692 1344 1814 1380 ποι-

233 1432 424 1495 οῦντας
479 1428 978 1500 ἢμηχανωμένους
1019 1427 1050 1495 ἢ
1095 1427 1165 1478 τὰ
1203 1424 1299 1477 τοῦ
1352 1422 1589 1495 Χριστοῦ
1650 1421 1812 1493 μελε-

231 1524 440 1585 τῶντας
467 1522 586 1575 ἐστι
614 1522 825 1574 λαϐεῖν.
868 1519 1026 1573 Οὕτω
1053 1521 1160 1586 γὰρ
1186 1518 1474 1586 περιέσται
1505 1516 1600 1567 καὶ
1632 1514 1692 1568 τὸ
1710 1515 1811 1583 τῆς

232 1617 427 1686 ἀρετῆς
452 1615 546 1667 καὶ
570 1614 631 1665 τδ
654 1613 749 1665 τοῦ
776 1612 1033 1680 Σωτῆρος
1064 1609 1263 1673 κάλλος
1297 1606 1660 1677 καταμαθεῖν,
1715 1624 1815 1658 κα-

231 1706 537 1775 ταμαθείσι
606 1705 665 1759 δὲ
702 1705 799 1758 καὶ
850 1704 1048 1772 φιλεῖν,
1081 1701 1156 1765 ὡς
1212 1698 1386 1754 αἴτιον
1437 1698 1496 1752 ὃν
1531 1695 1812 1766 πανταχοῦ

234 1797 326 1852 τοῦ
365 1796 544 1867 φιλεῖν
583 1795 645 1849 τὸ
675 1793 1044 1865 καταμαθεῖν,
1079 1794 1201 1845 ἐπεὶ
1236 1795 1329 1846 καὶ
1352 1791 1451 1861 τὴν
1480 1781 1622 1843 Εὒέιν
1658 1789 1687 1840 ὁ
1717 1786 1810 1839 τοῦ

236 1888 392 1954 ξύλου
441 1888 654 1956 καρπὸς
694 1889 789 1941 καὶ
839 1885 1016 1939 ταῦτα
1049 1885 1427 1955 ἀπειρημένου
1479 1883 1671 1935 τοῦτον
1702 1874 1809 1932 εἷλε

233 1981 326 2035 τδν
361 1979 585 2051 τρόπον’
653 1996 672 2029 ι
717 1979 1044 2047 Κατενὸησε
1075 1980 1207 2046 γὰρ,
1266 1977 1455 2046 φησὶν,
1512 1976 1586 2038 ὡς
1612 1973 1813 2044 ὡραῖος

235 2066 301 2145 ἦν
321 2072 402 2136 εἰς
424 2072 638 2142 ὅρασιν,
669 2071 763 2123 καὶ
811 2069 977 2132 καλὸς
1000 2070 1078 2132 είς
1110 2067 1338 2139 βρῶσιν.
1382 2085 1401 2118 ι

307 2336 525 2406 Ἔρωτα
554 2334 610 2388 δὲ
635 2334 871 2401 Χριστοῦ
903 2334 998 2386 καὶ
1022 2333 1122 2403 τῆς
1148 2331 1352 2403 ἀρετῆς
1386 2332 1527 2386 οὕτω
1549 2332 1816 2397 λαϐόντας

238 2429 333 2485 καὶ
358 2427 615 2497 διωγμῶν
654 2426 796 2496 ὑπὲρ
827 2412 1010 2478 αὐτῶν
1039 2426 1189 2488 εἰκὸς
1223 2424 1557 2494 ἀνασχέσθαι
1592 2425 1687 2477 καὶ
1719 2442 1821 2495 φυ-

237 2525 356 2591 γεῖν
385 2518 601 2574 ἑλέσθαι
634 2514 835 2589 δεῆσαν
864 2517 1058 2572 καὶτὰ
1082 2516 1372 2571 δεινότατα
1404 2516 1622 2569 πάντων
1653 2514 1820 2569 ἀκοῦπ-

243 2630 354 2680 σαι,
385 2613 665 2666 καὶτοῦτο
697 2611 1010 2683 χαίροντας,
1045 2611 1121 2675 ὡς
1148 2611 1213 2680 δὴ
1247 2610 1524 2678 μεγίστων
1561 2610 1654 2662 καί
1687 2607 1821 2660 καλ-

241 2705 436 2758 λίστων
471 2704 658 2766 αὐτοις
697 2703 878 2773 γερῶν
918 2703 1303 2770 ἀποκειμένων
1344 2702 1403 2753 ιν
1441 2702 1710 2771 οὐρανοῖς.
1760 2699 1818 2753 Ὀ

243 2797 352 2869 γὰρ
377 2799 504 2867 περὶ
532 2797 626 2850 τὸν
652 2796 950 2865 ἁθλοθέτην
976 2795 1086 2850 τῶν
1106 2793 1528 2865 ἀγωνιζομένων
1557 2792 1698 2864 ἔρως
1727 2793 1823 2846 καὶ

239 2889 400 2944 τοῦτο
443 2889 692 2954 δύναται,
751 2884 848 2942 καὶ
905 2890 1036 2957 περὶ
1084 2889 1194 2940 τῶν
1259 2888 1428 2958 μήπω
1477 2886 1822 2956 φαινομένων

238 2982 418 3037 ἄθλων
447 2984 594 3035 ποιεῖ
616 2982 897 3035 πιστεύειν
924 2981 1074 3051 αὐτῴ
1104 2982 1198 3034 καὶ
1232 2980 1456 3051 βεϐαίας
1490 2983 1571 3042 είς
1605 2980 1667 3032 τὸ
1695 2979 1824 3049 μέ).-

241 3076 334 3127 λον
360 3070 453 3125 ἐπὶ
484 3073 580 3127 τοῦ
630 3073 898 3144 παρόντος
948 3073 1097 3144 ἔχειν
1126 3071 1369 3136 ἐλπίδας.
1405 3071 1565 3125 Οὕτω
1593 3071 1663 3125 τὰ
1691 3071 1826 3141 Χρισ-

242 3164 372 3218 στοῦ
394 3166 516 3229 τοὺς
545 3165 807 3258 {ttinere
826 3164 1211 3235 λογιζομένους
1234 3167 1330 3219 καὶ
1360 3164 1702 3237 μελετῶντας
1731 3164 1826 3217 καὶ
1850 3195 1898 3258 C

247 3259 500 3328 μετρίους
527 3254 669 3311 εἶναι
703 3261 850 3312 ποιεῖ
881 3261 978 3312 καὶ
1000 3258 1101 3329 τῆς
1126 3256 1480 3329 ἀνθρωπείας
1514 3254 1827 3323 ἐπιγνώμο-

248 3367 339 3413 νας
361 3349 672 3417 ἀσθενείας,
694 3349 836 3403 ὥστε
859 3348 1097 3414 πενθεῖν,
1126 3350 1221 3402 καὶ
1244 3350 1454 3421 πράους
1475 3348 1827 3402 ἀποδείκνυσι

250 3438 341 3489 καὶ
384 3436 629 3502 δικαίους
658 3439 754 3491 καὶ
803 3428 1237 3511 φιλοινθριίνιιιιιυς⁸
1267 3438 1363 3492 καὶ
1393 3438 1682 3510 σώψρονας
1733 3438 1830 3491 καὶ

245 3529 469 3601 είρήνης
526 3531 620 3584 καὶ
675 3529 983 3599 διαλλαγῶν
1044 3531 1361 3602 ἀνθρώποις
1414 3531 1679 3602 ἐργάτας,
1734 3528 1830 3583 καί

241 3617 389 3673 οὕτω
420 3620 655 3690 Χριστοῦ
692 3622 789 3675 καὶ
815 3623 916 3693 τῆς
945 3623 1151 3693 ἀρετῆς
1181 3623 1614 3693 περιεχομένους
1634 3662 1651 3687 ,
1685 3621 1829 3675 ὥστε

241 3711 388 3783 ὑπὲρ
416 3712 594 3766 αὐτῶν
624 3716 727 3768 οὐκ
760 3716 1058 3785 ἀνέχεσθαι
1091 3714 1279 3786 μόνον,
1312 3716 1452 3770 ἀλλὰ
1492 3716 1586 3769 καὶ
1616 3715 1829 3787 χαίρειν

241 3804 638 3875 ὑδριζομένους
661 3808 758 3860 καὶ
784 3808 1013 3878 ἥδεσθαι
1032 3807 1425 3880 διωκομένους.
1462 3808 1574 3864 Καὶ
1605 3808 1740 3872 ὅλως
1759 3806 1831 3860 τὰ

248 3899 484 3967 μέγιστα
525 3900 634 3954 τῶν
674 3900 898 3969 ἀγαθῶν
936 3904 1032 3956 καὶ
1070 3900 1196 3956 ὅθεν
1230 3903 1350 3956 ἐστὶ
1386 3918 1699 3973 μακαριους
1734 3918 1830 3972 γε·

244 3990 437 4043 νέσθαι
457 4028 474 4053 ,
506 3991 614 4045 τῶν
651 3994 875 4047 ἐννοιῶν
906 3986 1211 4048 ἀπολαύειν
1243 3992 1422 4058 ἔξεστι
1450 3996 1669 4048 τούτων
1735 3994 1831 4048 καὶ

245 4077 395 4133 οὕτω
423 4080 661 4153 τηρῆσαι
692 4081 795 4154 μὲν
821 4085 880 4136 ἂν
908 4082 988 4154 τῷ
1011 4083 1206 4156 ἁγαθῷ
1230 4086 1334 4156 τὴν
1358 4086 1613 4158 γνώμην,
1641 4086 1743 4159 τὴν
1771 4085 1831 4141 δὲ

248 4175 579 4245 γιγνομένην
610 4175 765 4246 ὤραν
792 4177 963 4247 καλὴν
998 4178 1342 4249 ἐργάσασθαι
1374 4181 1472 4253 τὴν
1500 4181 1704 4253 ψυχὴν,
1737 4181 1832 4234 καὶ

246 4265 342 4318 τὸν
376 4266 487 4319 ἀπὸ
520 4265 628 4321 τῶν
680 4267 1003 4339 μυστηρίων
1051 4268 1288 4337 φυλάξαι
1329 4270 1585 4338 πλοῦτον,
1623 4272 1832 4325 καὶτὸν

250 4357 530 4429 βασιλικὸν
556 4359 632 4432 μὴ
663 4360 824 4434 ῥῆξαι
856 4361 993 4432 μηδὲ
1022 4362 1262 4432 puram
1295 4362 1522 4433 χιτῶνα.
1548 4367 1650 4419 Διὰ
1673 4365 1833 4419 τοῦτο

252 4450 505 4522 καθάπερ
529 4454 592 4506 τὺ
630 4452 756 4511 νοῦν
792 4454 939 4524 ἔχειν
973 4453 1073 4508 καὶ
1103 4454 1251 4525 λόγῳ
1281 4456 1557 4529 χρῆσθαι.
1592 4458 1692 4529 τῆς
1725 4456 1832 4512 τῶν

1913 604 2124 644 versam
2189 585 2460 652 justitiam
2487 623 2504 648 ,
2555 583 2813 635 virtutem
2843 618 2862 645 ,
2917 579 3181 649 inquam,
3223 588 3489 649 quantum

1913 684 1985 735 sit
2039 682 2281 741 bonum,
2339 685 2393 729 et
2432 674 2609 744 qualis
2670 673 2792 740 ejus
2854 671 3224 740 pulchritudo,
3283 672 3335 724 in
3379 687 3495 724 mo-

1912 773 2065 828 ribus
2104 778 2158 825 et
2189 770 2299 822 vita
2353 766 2518 820 unius
2577 761 2880 818 Saivatoris
2934 772 3018 815 est
3071 761 3274 825 videre,
3310 770 3497 828 utpote

1913 865 2008 937 qui
2041 864 2193 917 solus
2241 861 2411 930 ipsam
2456 858 2864 912 contrariorum
2912 852 3209 923 puritatem
3253 851 3494 919 perferte

1914 963 2158 1014 ostendit
2186 967 2409 1015 (etenim
2445 958 2728 1021 peccatum
2759 963 2868 1001 non
2896 939 3065 1011 fecit;
3105 959 3206 999 nec
3240 945 3495 1013 princeps

1916 1049 2082 1120 hujus
2113 1047 2304 1103 mtmdi
2351 1045 2603 1109 veniens,
2647 1050 2700 1095 et
2746 1037 2995 1093 invidens
3034 1036 3224 1090 oculos
3262 1036 3498 1089 circum-

1904 1142 2103 1196 .ferens
2136 1139 2370 1199 invenit,
2403 1138 2456 1190 in
2494 1150 2604 1205 quo
2636 1133 2873 1186 animam
2901 1129 3048 1183 illam
3087 1143 3343 1181 accusare
3373 1140 3500 1195 pos-

1917 1245 2021 1298 set,
2058 1247 2158 1286 nec
2206 1233 2260 1285 in
2307 1244 2416 1299 quo
2452 1227 2574 1296 ejus
2623 1221 3087 1293 pulchritudinem
3129 1218 3495 1287 reprehende-

1918 1326 2051 1392 ret),
2092 1332 2301 1377 certum
2357 1328 2460 1384 est,
2486 1331 2725 1371 amorem
2758 1330 2885 1383 erga
2933 1311 3232 1376 Christum,
3269 1317 3323 1363 et
3370 1324 3500 1375 erga

1917 1416 2197 1477 virtutem,
2231 1413 2347 1482 ejus
2383 1410 2551 1462 vitam
2599 1405 2923 1459 meditantes
2957 1403 3273 1470 adepturus,
3306 1416 3500 1468 qnam-

1916 1504 2000 1558 vis
2046 1502 2193 1556 aliud
2255 1501 2391 1555 nihil
2444 1500 2669 1560 faciant,
2706 1505 2801 1550 aut
2858 1494 3139 1563 incipiant.
3202 1492 3294 1546 Sic
3351 1492 3497 1545 enim

1918 1595 2137 1649 abunde
2183 1592 2372 1648 licebit
2404 1603 2455 1645 et
2488 1589 2726 1648 virtutis,
2764 1595 2818 1638 et
2852 1582 3157 1643 salvatoris
3198 1582 3504 1643 pulchritu-

1922 1686 2105 1739 dinem
2141 1684 2467 1753 intelligere,
2500 1691 2552 1735 et
2592 1678 2919 1733 intellectam
2955 1689 3160 1739 amare,
3194 1673 3413 1743 quando
3445 1672 3501 1726 in

1914 1776 2070 1833 omni
2109 1763 2167 1833 re
2221 1776 2582 1844 intelligentia
2637 1775 2752 1828 sive
2807 1769 3051 1838 cognitio
3103 1783 3343 1821 amorem
3380 1782 3505 1835 pro-

1922 1884 2113 1928 creare
2147 1869 2434 1927 consuevit
2462 1886 2475 1921 :
2506 1866 2775 1936 siquidem
2817 1872 2870 1915 et
2909 1862 3074 1914 Evam
3112 1858 3322 1912 fructus
3350 1858 3505 1927 ligni,

1922 1966 2087 2035 idque
2116 1962 2292 2025 vetiti,
2321 1958 2427 2012 hoc
2464 1956 2629 2012 modo
2666 1968 2882 2024 pessum
2922 1950 3091 2005 dedit.
3125 1969 3142 2000 ι
3173 1949 3234 2003 Et
3257 1948 3509 2002 animati-

1925 2058 2088 2113 vertit
2124 2056 2345 2122 mulier,
2373 2052 2575 2121 inquit,
2605 2048 2750 2120 quod
2783 2048 2987 2100 bonum
3021 2055 3169 2099 esset
3199 2045 3404 2113 lignum
3434 2042 3503 2096 ad

1924 2149 2284 2211 vescendum,
2318 2154 2370 2202 et
2423 2145 2710 2217 puichrum
2764 2137 2962 2200 oculis,
2993 2146 3325 2208 aspectuque
3363 2136 3511 2190 deie-

1923 2243 2122 2297 ctahile
2148 2240 2216 2294 ⁶⁵.
2252 2258 2269 2292 ι

1995 2335 2254 2389 Amorem
2309 2329 2511 2385 Citriin
2565 2338 2620 2383 et
2670 2327 2888 2381 virtutis
2939 2329 3018 2380 sic
3052 2325 3303 2391 adeptos,
3342 2320 3506 2374 etiam

1924 2436 2335 2496 persecutiones
2377 2432 2604 2491 propter
2658 2422 2774 2475 haec
2831 2419 3105 2475 sustinere
3151 2416 3423 2479 convenit,
3458 2421 3513 2470 et

1926 2534 2051 2573 cum
2113 2532 2202 2571 res
2255 2514 2572 2587 postttlarit,
2610 2513 2794 2580 fugam
2829 2527 2939 2566 non
2980 2522 3265 2573 recusare,
3299 2516 3353 2561 et
3386 2521 3517 2575 pro-

1928 2611 2253 2668 brosissima
2285 2623 2517 2677 quaeque
2549 2606 2762 2670 audire,
2812 2604 2977 2673 idque
3018 2618 3142 2657 cum
3176 2600 3383 2662 Ιαιιῖιίιι,
3419 2609 3514 2651 nt-

1927 2714 2055 2774 pote
2113 2701 2371 2756 maximis
2425 2698 2927 2769 pulcherrimisque
2967 2692 3205 2764 praemiis
3262 2691 3316 2743 in
3369 2689 3513 2743 caelo

1931 2795 2208 2866 repositis.
2261 2792 2430 2845 Amor
2459 2790 2606 2843 enim
2657 2788 2986 2862 certantium
3034 2796 3160 2853 erga
3197 2779 3510 2852 prtesidem,

1931 2895 2519 2954 remuneratoremque
2550 2880 2875 2938 certaminis
2903 2879 3068 2934 etiam
3106 2878 3211 2930 hoc
3238 2882 3438 2945 potest,
3460 2879 3517 2927 et

1929 2982 1998 3037 de
2028 2979 2271 3051 prazmiis
2303 2975 2543 3031 nondum
2574 2972 2730 3038 visis,
2776 2971 2905 3026 facit
2931 2970 2979 3024 ei
3018 2969 3175 3022 ﬁdem
3210 2967 3436 3022 habere.
3461 2972 3517 3017 et

1931 3074 2041 3147 jam
2094 3086 2243 3126 nunc
2293 3069 2606 3124 futurorum
2670 3078 2821 3135 spem
2881 3060 3116 3118 solidam
3166 3071 3375 3128 gerere.
3426 3053 3521 3110 Sic

1931 3163 2212 3222 Christum
2247 3172 2464 3230 semper
2484 3157 2810 3228 cogitantes,
2841 3149 3278 3216 meditantesque
3310 3154 3363 3199 et
3390 3156 3519 3197 mo-

1929 3257 2153 3311 deratos
2182 3250 2385 3316 reddit,
2415 3254 2471 3304 et
2515 3246 2774 3301 humana:
2812 3237 3151 3296 inﬁrmitatis
3194 3247 3419 3305 gnaros,
3457 3238 3520 3286 ut

1932 3348 2174 3416 lugeant,
2201 3344 2535 3412 eosdemque
2570 3350 2625 3393 et
2673 3338 2856 3409 mites,
2879 3344 2934 3390 et
2972 3332 3177 3403 justos,
3228 3341 3281 3382 et
3320 3328 3520 3381 huma-

1892 3462 1897 3467 ε
1933 3454 2056 3502 nos,
2090 3446 2145 3493 et
2175 3436 2456 3491 modestos
2494 3431 2648 3492 iacit,
2676 3438 2729 3484 et
2767 3427 2921 3499 pacis
2966 3421 3392 3489 concordia-que
3438 3421 3523 3472 in-

1934 3539 2221 3601 terpretes,
2245 3528 2493 3594 adeoque
2514 3523 2761 3585 Christo,
2781 3529 2836 3572 et
2863 3519 3064 3572 virtute
3092 3514 3516 3578 circumseptus,

1932 3632 1993 3677 ut
2019 3636 2118 3693 pro
2143 3620 2212 3675 iis
2242 3632 2349 3672 non
2376 3618 2551 3673 solum
2580 3613 2857 3684 patiantur
2882 3649 2899 3671 ,
2932 3607 3026 3664 sed
3050 3604 3324 3677 gaudeant
3352 3603 3517 3656 etiam

1933 3713 2149 3783 injuriis
2195 3707 2441 3768 multari.
2498 3715 2553 3761 et
2613 3705 2664 3759 in
2710 3699 3191 3775 persecutionihus
3217 3695 3514 3750 exsultent.

1933 3807 2021 3871 Et,
2060 3817 2120 3860 ut
2156 3804 2470 3859 summatim
2504 3800 2708 3864 dicam,
2741 3796 2886 3851 bona
2926 3791 3288 3869 amplissima,
3314 3798 3369 3843 et
3397 3789 3520 3857 qui-

1934 3899 2036 3954 bus
2067 3896 2301 3953 beatitas
2347 3898 2586 3953 constat,
2617 3905 2683 3944 ex
2715 3884 3143 3958 cegitationibus
3177 3881 3297 3937 istis
3340 3878 3521 3948 perci-

1934 4006 2060 4063 pere
2092 4000 2419 4059 possumus;
2455 3993 2510 4039 et
2540 3982 2612 4038 ita
2653 3982 2706 4036 in
2736 3993 2802 4035 eo
2826 3979 2921 4048 qui
2956 3989 3174 4031 summe
3204 3973 3383 4028 bonus
3412 3979 3517 4033 est,

1934 4092 2173 4139 mentem
2199 4078 2502 4143 custodire,
2529 4074 2745 4130 solitam
2777 4066 3246 4141 pulchritudinem
3276 4076 3518 4126 servare,

1934 4177 2174 4232 animam
2207 4171 2490 4226 meliorem
2519 4166 2768 4229 reddere,
2796 4170 3166 4232 acceptasque
3191 4174 3222 4213 a
3247 4155 3523 4229 mysteriis

1936 4283 2070 4341 epes
2100 4266 2266 4330 tueri,
2294 4275 2347 4320 et
2398 4261 2637 4332 regalem
2685 4258 2926 4312 tunicam
2971 4269 3078 4308 non
3109 4266 3388 4320 rumpere,
3420 4260 3525 4304 nec

1935 4360 2241 4420 sordidare.
2276 4355 2343 4411 Et
2375 4355 2587 4411 idcirco
2624 4348 3087 4421 quemadmodum
3124 4342 3323 4399 mentis
3371 4356 3526 4395 coin-

1936 4462 2116 4527 potem
2172 4464 2316 4515 esse,
2367 4456 2423 4504 et
2472 4448 2684 4501 ratione
2719 4443 2819 4509 nti,
2852 4441 3356 4508 liuman'ehnatuta:
3397 4450 3527 4507 pro-

248 4539 557 4612 ἀνθρὼπων
590 4541 806 4612 φύσεως
843 4543 976 4597 ῐδιον
999 4580 1016 4610 ,
1045 4542 1190 4605 οὕτω
1222 4545 1292 4599 τὰ
1327 4546 1569 4615 Χριστοῦ
1604 4546 1825 4619 θεωρεῖν

1940 4549 2118 4620 prium
2151 4553 2269 4611 est;
2307 4542 2388 4597 sic
2429 4553 2519 4594 res
2550 4533 2756 4591 Christi
2800 4529 3189 4600 contemplari,
3219 4544 3356 4599 Opus
3399 4544 3524 4583 esse

250 4631 414 4702 ἔργον
442 4628 581 4685 εἶναι
611 4633 714 4705 χρὴ
743 4633 991 4703 νομίζειν
1017 4634 1112 4689 τοῦ
1140 4635 1433 4707 λογισμοῦ,
1467 4637 1705 4709 μάλιστα
1734 4639 1834 4708 μὲν

248 4725 335 4779 ὅτι
364 4726 425 4779 τὸ
460 4726 835 4798 παράδειγμα,
875 4728 1014 4798 πρὸς
1041 4726 1070 4782 ὃ
1107 4728 1191 4782 δεῖ
1224 4729 1448 4799 βλέπειν
1487 4730 1830 4800 ἀνθρώπους,

249 4818 315 4871 ἄν
344 4819 406 4873 τέ
436 4836 487 4873 τι
513 4820 609 4891 δέῃ
630 4819 894 4893 πράττειν
924 4820 1010 4891 ἔφ’
1035 4821 1248 4876 ἑαυτῶν
1279 4818 1503 4886 αὐτοὺς,
1539 4823 1606 4877 ἄν
1632 4839 1693 4876 τε
1720 4824 1834 4887 τοῖς

248 4912 436 4976 ἄλλοις
467 4912 576 4966 τῶν
620 4913 851 4968 δεόντων
886 4915 1166 4984 ⁴ἡγεῖσθαι,
1207 4913 1370 4984 μόνος
1408 4916 1558 4968 ἔστιν
1604 4913 1831 4984 Ἰησοῦς,

248 5004 309 5069 ὃς
354 5003 451 5059 καὶ
482 5004 591 5059 τῶν
626 5004 773 5059 ίδίων
818 5005 985 5060 ἕνεκα
1021 5007 1118 5059 καὶ
1155 5006 1258 5075 τῆς
1309 5006 1588 5070 πολιτείας
1620 5005 1837 5077 πρῶτος

250 5095 352 5149 καὶ
381 5094 545 5165 μέσος
568 5097 665 5149 καὶ
687 5096 1000 5159 τελευταῖος
1017 5097 1118 5166 τὴν
1147 5095 1412 5169 ἀληθινὴν
1434 5096 1718 5163 ὑπέδειξεν
1744 5098 1837 5152 ἀν-

252 5187 497 5258 θρώποις
547 5189 921 5260 δικαιοσύνην.
972 5189 1207 5243 Ἔπειτα
1258 5190 1355 5242 καὶ
1404 5189 1576 5260 γέρας
1618 5191 1768 5244 ἑστιν
1814 5189 1842 5242 ὀ

252 5280 421 5344 αὐτὸς
457 5281 555 5334 καὶ⁵
598 5284 888 5351 στέφανος,
916 5283 976 5337 ὃν
1028 5282 1110 5336 δεῖ
1145 5281 1331 5335 λαὸεῖν
1373 5281 1839 5351 ἀγωνισαμένους.

254 5372 471 5427 Οὐκοῦν
513 5375 595 5438 είς
641 5378 850 5430 ὶκεῖνον
897 5378 1033 5449 ὁρᾷν
1076 5376 1284 5430 δεῖκαὶ
1321 5375 1576 5428 τάκείνου
1614 5378 1839 5428 σκοπεῖν

254 5468 529 5537 ἀκριϐῶς,
554 5468 742 5534 ualui»;
761 5469 938 5524 ἔνεστι
959 5470 1255 5544 πειρᾶσθαι
1276 5469 1743 5541 καταμανθάνειν,
1771 5469 1839 5522 ἶν’

256 5559 493 5629 εἰδῶμεν
514 5560 597 5622 ὡς
637 5561 721 5616 δεῖ
749 5564 950 5618 πονεῖν.
994 5563 1075 5617 τὰ
1106 5563 1219 5635 γὰρ
1255 5559 1394 5618 ἆθλα
1423 5565 1534 5625 τοῖς
1579 5561 1843 5630 ἀθληταῖς

265 5655 461 5722 μετρεῖ
486 5656 609 5718 τοὺς
640 5655 887 5724 ἀγῶνας,
920 5657 1212 5713 καὶταῦτα
1240 5655 1688 5720 ἀποσκοποῦντες
1714 5655 1844 5719 τοὺς

338 5832 385 5866 ⁶¹
414 5833 551 5890 Cen.
597 5850 682 5904 tn,
718 5835 773 5891 6.

1942 4637 2296 4712 cogitationis
2326 4628 2754 4689 existimandum
2779 4633 2882 4683 est.
2910 4624 3165 4688 Maxin-e,
3186 4625 3312 4692 quia
3339 4636 3496 4677 exem

1942 4735 2084 4805 piar,
2137 4729 2206 4784 ad
2252 4723 2398 4798 quod
2437 4719 2755 4778 hominibus
2791 4715 3195 4786 respiciendum
3252 4722 3354 4775 est.
3407 4715 3529 4770 sive

1944 4840 2082 4895 Opus
2117 4831 2201 4877 est
2230 4833 2391 4890 agere
2417 4813 2623 4885 aliquid
2646 4812 2802 4882 ipsos
2832 4810 2886 4862 in
2917 4807 3137 4876 seipsis,
3161 4807 3275 4861 sive
3308 4806 3432 4861 aliis
3470 4810 3527 4861 in

1943 4914 2122 4975 ofﬁcio
2178 4908 2558 4984 praeeuntium,
2614 4904 2764 4960 solus
2818 4913 2903 4958 est
2951 4899 3137 4965 Jesus,
3169 4897 3263 4969 qui
3315 4908 3370 4953 et
3419 4914 3527 4969 qua

1943 5009 2164 5083 propria
2216 5017 2427 5069 nostra,
2471 5014 2525 5058 et
2559 5015 2665 5070 qua
2702 4999 2756 5052 in
2813 4992 3215 5051 consuetudine
3245 4993 3525 5048 convictu-

1946 5119 2053 5177 que
2085 5101 2287 5174 posita.
2313 5096 2549 5166 primus,
2581 5090 2820 5152 medius.
2853 5090 3101 5150 ultimus,
3130 5102 3314 5142 veram
3351 5086 3531 5141 homi-

1946 5197 2110 5251 nibus
2144 5190 2414 5261 justitiam
2451 5184 2711 5239 ostendit.
2763 5181 2968 5236 Deinde
2996 5190 3049 5235 et
3096 5179 3380 5251 praemium
3411 5182 3533 5249 ipse

1945 5300 2049 5354 est,
2087 5300 2142 5341 et
2178 5297 2382 5339 corona
2412 5289 2494 5335 est
2525 5276 2864 5332 certantibus
2889 5272 3187 5329 otii-renda.
3219 5272 3408 5342 itaque
3440 5274 3535 5329 ille

1948 5391 2076 5435 ante
2103 5377 2296 5433 oculos
2331 5371 2639 5443 ponendus,
2668 5380 2722 5422 et
2753 5384 2875 5438 qtue
2916 5368 3060 5421 illius
3096 5376 3245 5430 sunt,
3274 5378 3537 5421 accurate

1949 5467 2356 5541 perpendenda,
2389 5472 2444 5519 et
2489 5470 2763 5532 quatenus
2796 5458 2942 5522 licet,
2985 5459 3048 5512 ad
3098 5472 3286 5512 eorum
3328 5458 3535 5512 intelli-

1953 5565 2192 5638 gentiam
2225 5556 2565 5621 enitendum,
2593 5563 2650 5608 ut
2684 5552 2945 5617 sciamus,
2976 5549 3253 5620 quomodo
3282 5552 3538 5607 laboran-

1955 5661 2111 5713 dum.
2138 5650 2367 5708 Prtemia
2391 5648 2536 5705 enim
2568 5646 2790 5701 athletis
2820 5660 3025 5714 agones
3056 5646 3378 5708 metiuntur,
3402 5655 3454 5698 et
3478 5644 3544 5698 in
