4036 6498
499 383 611 446 6Ἱ9

1784 374 2093 439 NICOLAI
2131 371 2391 429 CABASl
2413 370 2519 429 UE

3671 358 3775 417 6H)

500 495 570 547 iis
598 493 783 554 defixi,
816 492 1030 546 labores
1067 492 1246 545 l'eruut
1268 498 1477 545 tantum
1504 492 1805 545 tolerantize
1825 489 2082 543 adhiben-

2196 487 2389 551 πόνους
2416 487 2663 555 φέρουσι,
2690 480 2943 535 τοσοῦτον
2975 480 3282 545 εἰδάίοντες
3312 474 3625 546 καρτερίας,
3652 476 3776 528 ὅσον

500 596 603 644 tes,
639 594 905 650 quamunt
948 582 1034 633 illa
1069 581 1500 650 pulchritudinis
1561 583 1761 635 habere
1813 595 2087 647 tegume-

497 686 642 729 runt.
677 674 879 728 Praeter
914 676 1028 728 lia-e
1056 674 1262 737 uumia,
1283 675 1409 742 quis
1428 683 1719 728 nescueur
1740 689 1837 727 nos
1868 673 1984 740 ipse
2004 687 2091 724 so-

495 768 583 821 lus
618 766 886 833 sanguine
921 780 1022 818 suo
1053 774 1267 834 eruptos
1303 765 1658 834 aequisierit?
1687 765 1817 834 quia
1867 781 1972 818 non
2008 772 2090 817 est

498 859 664 919 alius,
691 857 780 910 cui
811 856 1184 919 serviendum,
1216 869 1269 910 et
1300 865 1524 926 propter
1552 872 1714 926 quem
1743 856 1901 910 nobis
1930 855 2086 924 ipsis,

495 964 602 1016 qua
666 947 995 1016 corporibus
1052 963 1161 1016 qua
1212 947 1527 1012 animabus,
1576 962 1682 1017 qua
1738 961 1948 1007 amore,
1984 960 2088 1014 qua

496 1039 786 1104 memoria,
815 1054 922 1107 qua
960 1038 1161 1093 utentis
1207 1039 1425 1093 actione
1474 1039 1550 1092 uti
1600 1039 1920 1093 debeamus.
1959 1038 2087 1091 Ideo

496 1144 553 1187 et
602 1132 803 1185 Paulus
839 1150 851 1186 :
893 1150 910 1182 ι
940 1128 1060 1185 Non
1108 1133 1240 1186 estis
1271 1133 1461 1199 vestri,
1497 1131 1698 1201 inquit,
1729 1130 1894 1200 empti
1937 1131 2085 1185 enim

490 1224 628 1281 estis
660 1225 831 1288 pretio
863 1239 1061 1293 magno
1086 1223 1154 1277 ⁷ο.
1196 1244 1215 1275 ι

569 1315 782 1370 Etenim
841 1327 1057 1383 pmpter
1108 1315 1388 1369 hominem
1433 1332 1632 1371 novum
1692 1316 1933 1370 hominis
1992 1328 2086 1366 na-

497 1415 620 1459 tura
678 1404 746 1457 ab
795 1403 952 1457 initio
979 1414 1065 1457 est
1113 1405 1357 1462 condita.
1404 1415 1456 1458 et
1516 1421 1674 1461 mens
1717 1415 1769 1460 et
1810 1406 2088 1475 appetitus

499 1496 645 1549 illius
695 1510 825 1563 ergo
879 1505 1066 1563 parata
1135 1503 1266 1548 sunt
1317 1511 1331 1548 :
1384 1504 1438 1550 et
1484 1498 1869 1566 cogitationem
1929 1512 2087 1549 acce—

495 1587 719 1656 pimus,
792 1595 849 1639 ut
906 1587 1183 1640 Christum
1254 1601 1696 1657 cognoscamus,
1785 1590 2085 1658 appetitum

496 1694 593 1732 seu
657 1677 1014 1739 desiderium.
1073 1687 1130 1731 ut
1177 1680 1244 1730 ad
1304 1679 1453 1733 illum
1489 1696 1825 1736 curramus:
1883 1696 2091 1734 memo-

498 1771 635 1824 riam
693 1770 961 1824 liabemus
1015 1781 1073 1824 ut
1138 1770 1290 1823 illum
1351 1780 1655 1840 portemus,
1714 1773 1973 1841 quoniam
2033 1780 2088 1826 et

497 1863 638 1915 dunr
660 1860 1073 1927 fabricaremur,
1105 1862 1220 1930 ipse
1254 1863 1415 1916 nobis
1439 1864 1773 1934 archetypon
1804 1874 1941 1919 erat.
1966 1864 2083 1918 Non

496 1955 643 2006 enim
675 1961 829 2006 vetus
861 1953 1033 2005 Adam
1077 1954 1224 2010 novi.
1274 1955 1368 2008 sed
1405 1970 1605 2007 novum
1652 1970 1830 2009 novus
1884 1957 2085 2010 veteris

2192 580 2371 630 ἐκεῖνα
2400 578 2630 638 κάλλους
2657 575 2905 642 ἔγνωσαν
2929 574 3096 642 ἔχειν.
3132 570 3290 638 Παρὰ
3325 568 3501 621 πάντα
3518 569 3573 622 δὲ
3601 566 3779 620 ταῦτα

2190 672 2273 733 τίς
2325 670 2422 721 οὐκ
2457 666 2634 729 οἶδεν.
2669 667 2785 721 ἀνθ’
2818 661 2891 718 ῶν
2924 667 3070 734 ἡμᾶς
3104 663 3269 725 αὐτὸς
3305 663 3575 729 ἐκτήσατο
3617 661 3779 729 μόνες

2189 764 2281 816 τοῦ
2315 764 2547 833 αἵματος
2569 760 2892 829 πριάμενος.
2931 758 3005 820 ὡς
3045 757 3148 809 οὒκ
3188 755 3336 808 ἔστιν
3387 755 3566 817 ἄλλος,
3599 748 3643 818 ᾧ
3671 751 3781 822 Χίλῆ

2188 855 2465 907 δουλεύειν
2498 854 2591 906 καὶ
2627 852 2756 920 πρὸς
2783 850 2843 903 ὃν
2869 849 3285 919 δεῖ-χρήσασθαι
3316 850 3448 917 ἡμῖν
3475 848 3658 909 αὑτεί,
3686 849 3779 899 καὶ

2194 948 2415 1016 σώμασι
2438 950 2535 999 καὶ
2563 946 2761 1016 ψυχαῖς
2783 945 2874 997 καὶ
2904 944 3069 1013 ἔρωτι
3095 942 3188 995 καὶ
3211 942 3402 1010 μνήμῃ
3426 940 3517 993 καὶ
3538 941 3605 1008 τῇ
3632 941 3775 991 κατὰ

2189 1040 2318 1093 νοῦν
2364 1037 2637 1109 ἐνεργείᾳ.
2686 1036 2784 1089 Διὰ
2819 1036 2978 1089 τοῦτο
3007 1035 3101 1089 καὶ
3142 1033 3376 1096 Παῦλος,
3432 1051 3449 1083 ι
3490 1033 3603 1084 Ούκ
3650 1032 3774 1083 ἐστὲ

2192 1132 2378 1201 φη.“ιν,
2413 1132 2645 1185 ἑαυτῶν·
2686 1131 2852 1201 τιμῆς
2885 1130 2993 1199 γὰρ
3025 1127 3394 1198 ὴγοράλθητε.
3434 1144 3451 1177 ο

2257 1285 2367 1338 Καὶ
2397 1283 2506 1354 γὰρ
2534 1283 2619 1336 διὰ
2645 1284 2734 1335 τὸν
2762 1282 2948 1335 καινὸν
2974 1282 3260 1352 ἄνθρωπον
3293 1281 3587 1351 ἀνθρώπου
3616 1280 3777 1349 φύσις

2191 1377 2426 1446 συνέστη
2469 1377 2522 1428 τὸ
2552 1374 2614 1440 ἐξ
2662 1376 2870 1446 ἀρχῆς,
2905 1375 3000 1427 καὶ
3043 1375 3166 1437 νοῦς
3203 1375 3298 1427 καὶ
3343 1373 3613 1440 ἐπιθυμία
3644 1376 3778 1444 πρλς

2188 1471 2401 1523 ἐκεῖνον
2435 1467 2857 1537 κατεσκευάσθη
2883 1508 2897 1532 ,
2931 1467 3027 1520 καὶ
3060 1466 3320 1535 λογισμὸν
3352 1465 3623 1534 ἐλάϐομεν
3648 1506 3662 1528 ,
3693 1467 3775 1519 ἵνα

2188 1563 2279 1615 τὸν
2314 1561 2551 1631 Χριστὸν
2582 1559 2968 1630 γινώσκωμεν,
3003 1558 3322 1628 ἐπιθυμίαν,
3346 1558 3431 1610 ἵνα
3463 1559 3601 1627 πρὸς
3636 1560 3778 1611 ἐκεῖ·

2194 1672 2282 1706 νον
2324 1652 2613 1723 τρέχωμεν
2636 1692 2651 1715 ,
2690 1651 2912 1721 μνήμην
2946 1649 3214 1720 ἔσχομεν,
3249 1647 3314 1701 ἵν’
3351 1649 3560 1701 ἐκεῖνον
3594 1650 3780 1717 φέρω-

2196 1765 2316 1812 μεν,
2346 1749 2468 1800 ἐπεὶ
2496 1747 2589 1800 καὶ
2611 1746 2948 1816 δημιουργου
2959 1745 3142 1816 μένοις
3163 1744 3323 1806 αὐτὸς
3353 1743 3661 1812 ἀρχέτυπον
3690 1740 3780 1811 ἦν.

2193 1844 2269 1901 Ού
2306 1839 2409 1913 γὰρ
2440 1843 2467 1893 6
2499 1841 2727 1903 παλαιὸς
2752 1839 2845 1893 τοῦ
2875 1838 3087 1901 καινοῦ,
3118 1837 3235 1890 ἀλλ’
3265 1839 3291 1889 6
3324 1828 3442 1898 νέος
3486 1836 3660 1905 Ἀδάμ
3681 1835 3780 1888 τοῦ

2194 1934 2431 1987 παλαιοῦ
2460 1934 2834 2002 παράδειγμα.
2863 1933 2922 1985 Εἰ
2950 1932 3058 2001 γὰρ
3083 1932 3177 1984 καὶ
3205 1930 3328 1983 καθ’
3356 1930 3655 1997 ὁμοιότητα
3683 1929 3780 1981 τοῦ

494 2044 804 2114 exemplum
838 2058 963 2098 esse
996 2044 1202 2099 debuit.
1244 2045 1355 2100 Etsi
1388 2047 1534 2099 enim
1560 2046 1763 2100 dicitur
1789 2047 1856 2101 ad
1891 2048 2082 2102 simili-

2194 2025 2424 2079 παλαιοῦ
2463 2027 2553 2078 τὸν
2589 2028 2709 2078 νέον
2738 2025 2954 2093 λέγεται
2988 2023 3346 2092 γεγενῆσθαι,
3390 2022 3526 2075 ἀλλὰ
3558 2022 3647 2076 διὰ
3679 2023 3781 2090 τὴν

496 2137 741 2192 tudinem
787 2138 985 2192 veteris
1016 2153 1139 2193 esse
1168 2141 1450 2209 genitum;
1491 2140 1583 2196 sed
1622 2152 1840 2210 propter
1889 2158 2082 2197 corru-

496 2229 761 2298 ptionem,
800 2244 961 2297 quam
1001 2228 1090 2283 ille
1124 2230 1315 2300 carpit,
1366 2232 1450 2284 hic
1486 2232 1850 2296 liaareditavit,
1891 2243 1948 2287 ut
1984 2249 2080 2288 na-

496 2332 633 2373 tura:
667 2320 1100 2374 imbecillitatem
1153 2323 1423 2378 medicina
1471 2340 1501 2378 a
1550 2333 1726 2379 semet
1757 2324 2076 2396 deprompta

494 2412 790 2478 tollat;et,
835 2426 891 2465 ut
930 2411 1132 2468 Paulus
1173 2415 1267 2479 ait,
1311 2432 1328 2465 ι
1366 2414 1725 2469 absorbeatur
1749 2420 1894 2485 quod
1927 2434 2078 2472 mor-
2112 2484 2117 2489 η

495 2504 604 2556 tale
647 2513 732 2558 est
761 2518 791 2556 a
828 2503 936 2558 vita
960 2505 1002 2535 ⁷¹
1046 2523 1060 2559 :
1105 2522 1121 2554 ι
1158 2512 1215 2559 ut
1244 2514 1461 2576 pr0ptcr
1500 2519 1748 2562 naturam
1786 2509 1957 2577 ipsam
1991 2510 2103 2562 ar-'

494 2597 789 2668 ehetypum
845 2606 1001 2652 vetus
1030 2597 1202 2651 Ariani
1241 2599 1333 2661 sit,
1382 2600 1622 2668 priorem
1663 2600 1815 2655 illum
1862 2601 2082 2655 scicnti-

494 2691 595 2741 bus
639 2706 651 2740 :
704 2690 791 2742 cui
836 2699 1021 2743 autem
1071 2690 1280 2752 omnia,
1314 2702 1609 2761 antequam
1659 2691 1811 2759 ﬁant,
1853 2693 1906 2746 in
1945 2709 2077 2747 con-

489 2792 681 2848 spectu
720 2790 869 2844 sunt,
910 2782 1190 2849 antiquior
1224 2781 1316 2836 ille
1353 2783 1581 2837 secundi
1629 2785 1939 2855 exemplum
1985 2788 2074 2839 sit.

493 2864 559 2921 Et
603 2869 763 2937 juxta
815 2871 1205 2938 prOprietatem
1243 2879 1299 2925 et
1349 2872 1643 2941 imaginem
1675 2876 1895 2944 quidem
1932 2876 2075 2930 illius

492 2962 657 3013 tietus
694 2969 813 3023 est;
847 2960 943 3014 sed
973 2977 1080 3015 non
1114 2963 1337 3027 mansit,
1375 2964 1461 3018 vel
1503 2967 1686 3034 potius
1711 2966 1779 3021 ad
1812 2967 1961 3021 illum
1997 2978 2075 3023 te-

493 3051 692 3114 tendit,
745 3052 837 3104 sed
893 3066 1000 3104 non
1046 3053 1430 3122 apprehendit.
1483 3054 1634 3110 Unde
1682 3064 1737 3110 et
1782 3056 1954 3127 legem
1989 3058 2077 3111 ille

493 3140 760 3211 suscepit,
791 3142 879 3197 hic
910 3144 1166 3199 servavit.
1220 3144 1286 3200 Et
1318 3144 1685 3201 obedientiam
1725 3149 1945 3216 quidem
1981 3163 2075 3202 ve-

494 3244 585 3287 tus
621 3233 845 3301 alijecit,
881 3250 1055 3290 novus
1091 3237 1355 3300 restituit,
1427 3254 1446 3287 ι
1487 3253 1660 3308 usque
1701 3239 1768 3292 ad
1820 3248 2074 3301 mortem,

496 3335 729 3379 mortem
763 3318 965 3382 autem
999 3328 1180 3383 crucis
1202 3330 1274 3393 ⁷³,
1314 3347 1332 3380 i
1383 3340 1441 3384 ut
1489 3330 1692 3385 Paulus
1738 3332 1835 3385 ait.
1872 3330 1941 3384 Et
1985 3334 2075 3388 ille

2192 2120 2400 2189 φθορὰν
2451 2116 2519 2192 ἧς
2551 2119 2835 2188 ἀπήρξατο
2866 2117 2963 2187 μὲν
3005 2118 3232 2179 ἐκεῖνος,
3276 2114 3684 2186 ἐκληρονόμησε
3713 2113 3781 2211 δί

2190 2206 2380 2276 οὗτος,
2410 2210 2485 2272 ὡς
2519 2209 2584 2262 ἂν
2624 2209 2725 2280 τὴν
2765 2208 2865 2278 τῆς
2905 2207 3122 2276 φύσεως
3153 2206 3465 2279 ἀρρωστίαν
3496 2208 3605 2268 τοῖς
3636 2223 3754 2275 παρ

2191 2304 2367 2373 ἑαυτῷ
2390 2303 2707 2373 φαρμάκοις
2736 2302 2921 2373 άνέλῃ,
2960 2301 3055 2355 καὶ
3138 2317 3272 2370 φησι
3300 2299 3533 2364 Παῦλος,
3567 2317 3586 2350 ι
3608 2316 3781 2352 κατει-

2190 2396 2329 2468 ποθῇ
2383 2396 2441 2448 τὸ
2478 2395 2673 2465 θνητὸν
2727 2394 2833 2447 ὑπὸ
2863 2394 2962 2464 τῆς
2994 2393 3171 2458 ζωῆς·
3208 2411 3227 2444 ι
3279 2391 3353 2455 ὡς
3391 2391 3555 2445 ἕνεκά
3586 2409 3647 2458 γε
3675 2393 3780 2461 τῆς

2193 2493 2411 2563 φύσεως
2441 2493 2613 2562 αὐτῆς
2646 2492 2956 2562 ἀρχέτυπον
2993 2492 3021 2544 6
3057 2490 3289 2553 παλαιὸς
3331 2488 3501 2559 ’Δδὰμ
3530 2490 3665 2559 ἡμῖν
3709 2489 3779 2542 ἂν

2189 2590 2275 2658 εἴη
2308 2590 2421 2649 τοῖς
2456 2586 2724 2656 πρότερον
2758 2587 2969 2640 ἐκεῖνον
2997 2584 3402 2650 ἐπισταμένοις,
3434 2575 3479 2650 ᾧ
3511 2583 3569 2636 δὲ
3597 2584 3776 2639 πάντα

2190 2681 2322 2752 πρὶν
2358 2678 2499 2732 εἶναι
2537 2678 2644 2749 πρὸ
2675 2679 2783 2731 τῶν
2824 2678 3145 2747 ὀφθαλμῶν,
3199 2679 3228 2731 6
3260 2676 3631 2747 πρεσϐύτερος
3676 2676 3775 2728 τοῦ

2186 2774 2441 2844 δευτέρου
2479 2773 2743 2844 μίμημα,
2781 2774 2872 2825 καὶ
2924 2773 3063 2826 κατὰ
3096 2771 3196 2841 τὴν
3247 2771 3392 2826 ἰδέαν
3432 2771 3644 2823 ἐκείνου
3678 2771 3775 2823 καὶ

2186 2868 2287 2937 τὴν
2316 2866 2504 2920 εἰκόνα
2532 2867 2842 2920 πέπλασται
2875 2865 2995 2934 μὲν,
3028 2865 3128 2918 οὐκ
3160 2864 3343 2933 ἔμεινε
3372 2864 3452 2929 δὲ,
3488 2864 3690 2932 μᾶλλον
3717 2864 3777 2916 δὲ

2187 2957 2420 3029 ὡρμήθη
2480 2959 2581 3028 μὲν
2626 2958 2763 3027 πρὸς
2794 2957 3030 3029 ἐκείνην,
3066 2956 3127 3010 οὐ
3164 2956 3463 3028 κατείληφε
3494 2954 3575 3009 δέ.
3610 2956 3777 3009 Ὅθεν

2188 3051 2281 3104 καὶ
2310 3055 2401 3104 τὸν
2436 3051 2601 3120 νόμον
2632 3051 2851 3118 ἐδέξατο
2892 3051 2991 3119 μὲν
3021 3052 3235 3111 ἐκεῖνος
3258 3089 3274 3112 ,
3306 3049 3474 3102 ἔσωσε
3500 3048 3560 3101 δὲ
3588 3042 3772 3111 οὗτος.

2187 3143 2281 3195 καὶ
2315 3141 2413 3211 τὴν
2440 3141 2691 3211 ὑπακοὴν
2723 3142 2987 3215 ἀπῃτήθη
3020 3143 3118 3212 μὲν
3158 3143 3186 3195 6
3231 3140 3479 3204 παλαιὸς,
3516 3140 3771 3194 ἀπέδωκε

2184 3235 2241 3288 δὲ
2295 3236 2323 3288 6
2353 3234 2471 3298 νέος
2513 3252 2531 3286 ι
2574 3234 2741 3304 μέχρι
2784 3234 3043 3300 θανάτου,
3101 3234 3332 3288 θανάτου
3356 3234 3413 3287 δὲ
3449 3233 3711 3301 σταυροῦ,
3748 3253 3766 3283 ι

2184 3328 2327 3397 φησὶ
2360 3326 2573 3389 Παῦλος
2598 3341 2610 3353 ⁸
2649 3327 2743 3380 καὶ
2783 3329 2812 3379 ὁ
2851 3327 2950 3396 μὲν
2986 3326 3323 3396 παρανομῶν
3369 3327 3527 3398 δῆλος
3558 3323 3649 3396 ἦν,
3694 3320 3777 3379 ὧν

493 3416 710 3485 quidem
749 3419 920 3485 legem
958 3419 1190 3485 violatis,
1228 3421 1377 3485 visus
1411 3434 1495 3477 est
1531 3423 1878 3497 imperfectus
1910 3424 1962 3477 in
1988 3426 2074 3482 his

2189 3421 2296 3474 δέον
2330 3420 2619 3490 ἄνθρωπον
2655 3420 2827 3489 ἔχειν,
2866 3420 3070 3483 ἀτελῶς
3102 3419 3240 3491 ἔχων
3280 3421 3363 3490 (οὐ
3425 3422 3535 3489 γὰρ
3569 3416 3775 3492 παρῄει

493 3526 612 3577 qum
645 3510 845 3565 habere
877 3511 1152 3566 hominem
1199 3522 1439 3580 oportet.
1501 3510 1620 3566 Non
1658 3514 1803 3567 enim
1839 3525 1958 3569 erat
1989 3531 2080 3569 su-

493 3618 591 3671 pra
625 3612 878 3656 naturam
912 3606 1024 3666 lex,
1059 3607 1217 3672 cujus
1268 3615 1735 3672 transgressorem
1768 3607 1964 3676 punire
1997 3605 2080 3662 fas

489 3701 638 3756 erat;
692 3694 780 3748 hic
838 3704 1022 3749 autem
1070 3695 1348 3764 perfectus
1394 3705 1516 3749 erat
1577 3697 1631 3750 in
1692 3699 2077 3765 omnibus,et,

498 3803 516 3834 ι
555 3782 732 3840 Patris
789 3787 892 3841 mei
948 3789 1204 3842 mandata
1237 3789 1450 3843 servavi
1492 3790 1559 3854 ⁷³,
1594 3790 1843 3867 tinquit.
1877 3793 1943 3846 Et
1994 3793 2084 3848 iUe

492 3875 711 3945 quidem
759 3878 924 3930 vitam
963 3879 1337 3947 imperfectam
1384 3882 1589 3946 intulit,
1626 3884 1774 3938 mille
1799 3884 2086 3953 adjumen—

490 3978 674 4020 torum
734 3966 1016 4036 indigam;
1083 3969 1172 4022 hic
1224 3970 1667 4039 perfectissima,
1731 3974 2080 4041 immortalis,

492 4060 743 4128 inquam,
771 4075 973 4128 parens
1021 4061 1339 4117 hominibus
1387 4061 1565 4119 factus
1595 4073 1698 4121 est.
1753 4065 1818 4121 Et
1863 4067 1928 4121 ad
1975 4067 2080 4120 im-

494 4149 887 4203 mortalitatem
930 4158 1122 4202 natura
1192 4166 1326 4206 sane
1371 4154 1439 4208 ab
1477 4155 1634 4211 initio
1684 4157 2086 4229 impellebatur,

495 4256 660 4308 quam
701 4242 880 4294 serius
919 4242 1120 4312 attigit,
1177 4242 1232 4297 in
1282 4261 1513 4314 corpore
1574 4250 1897 4316 Salvatoris,
1941 4254 2088 4322 quod

495 4331 613 4399 ipse
648 4331 701 4385 in
736 4333 901 4385 vitam
944 4350 1221 4404 nunquam
1267 4339 1568 4394 desiturum
1625 4358 1748 4395 cum
1783 4359 1811 4396 a
1859 4346 2089 4398 mortuis

493 4424 810 4488 excitasset,
835 4424 943 4477 dux
971 4424 1405 4484 immortalitatis
1441 4435 1626 4501 generi
1658 4444 1854 4489 nostro
1882 4436 2079 4490 evasit.

494 4518 673 4585 Atque
703 4558 718 4581 ,
768 4526 823 4570 ut
877 4528 1048 4573 totum
1104 4521 1366 4591 eloquar,
1415 4540 1602 4579 verum
1658 4526 1934 4580 hominem
1964 4568 1978 4590 ,
2026 4540 2080 4582 et

495 4613 821 4680 perlectum,
867 4623 921 4665 et
963 4628 1199 4680 morum,
1256 4628 1310 4669 et
1341 4618 1487 4679 vitm,
1521 4629 1575 4671 et
1627 4619 1862 4672 aliorum
1903 4633 2076 4692 gratia

492 4704 768 4765 omnium,
811 4704 1024 4773 primus
1055 4714 1109 4758 et
1138 4707 1290 4761 solus
1315 4708 1562 4761 Salvator
1594 4713 1853 4766 ostendit.

568 4792 845 4864 Siquidem
880 4796 965 4850 hic
1009 4812 1135 4850 vere
1183 4811 1266 4851 est
1314 4799 1556 4853 hominis
1589 4801 1733 4863 ﬁnis,
1759 4815 1811 4856 et
1859 4806 2080 4861 intuens

493 4898 798 4941 extretniim
853 4888 1055 4957 (vitam
1107 4898 1233 4957 puta
1285 4891 1696 4964 incorruptam)
1756 4895 1907 4951 ﬁnxit
1956 4917 2078 4955 eum

499 4978 662 5033 Deus.
695 4978 976 5046 Siquidem
1012 4988 1066 5033 et
1110 4996 1310 5049 corpus
1356 4997 1385 5034 a
1415 4989 1786 5053 corruptione,
1836 5002 1888 5044 et
1923 5008 2081 5049 mens

492 5070 563 5123 ab
597 5070 743 5121 omni
783 5083 1006 5138 peccato
1039 5072 1208 5126 libera
1259 5073 1378 5125 fuit.
1430 5073 1486 5126 In
1535 5075 1635 5129 hoc
1677 5079 1818 5132 enim
1849 5086 2077 5150 perlecti

495 5161 637 5215 ratio
693 5162 970 5225 consistit,
1034 5181 1159 5218 cum
1222 5163 1419 5219 artifex
1471 5167 1584 5236 ipse
1639 5187 1756 5240 qute
1805 5182 2078 5241 putaverit

494 5259 770 5318 oportere,
816 5252 999 5304 omnia
1048 5254 1399 5319 praestiterit;
1456 5261 1674 5326 quando
1705 5271 1757 5315 et
1794 5265 2075 5321 simulacri

498 5341 765 5403 elegantia
803 5354 1044 5396 extrema
1077 5345 1304 5398 artiﬁcis
1352 5363 1515 5403 manu
1544 5351 1850 5407 inducitur.
1880 5358 1934 5409 Si
1974 5358 2076 5425 igi—

497 5441 586 5484 tur
619 5435 707 5487 ille
737 5433 971 5488 tnultum
1015 5451 1040 5486 a
1080 5435 1411 5503 perfectione
1437 5441 1633 5506 abfuit,
1667 5445 1752 5496 hic
1799 5446 2073 5514 perfectus

495 5536 613 5579 erat
656 5528 707 5579 in
747 5527 1021 5588 omnibus,
1050 5540 1103 5582 et
1143 5528 1210 5585 de
1248 5548 1344 5585 sua
1380 5535 1714 5602 perfectione
1758 5538 2073 5595 hominibus

495 5618 780 5686 impertiit,
812 5628 865 5670 et
890 5636 1059 5689 genus
1086 5631 1255 5676 totum
1289 5625 1588 5681 humanum
1632 5629 1699 5683 ad
1742 5645 1800 5683 se
1844 5634 2072 5698 aptavit,

570 5801 617 5832 "’
651 5804 665 5856 ι
710 5804 836 5860 Cor.
872 5824 945 5874 vr,
981 5810 1071 5863 ἓθ.
1151 5814 1193 5843 7‘
1229 5810 1270 5867 Il
1307 5815 1434 5870 Cor.
1468 5834 1517 5882 v,
1551 5820 1603 5873 4.

1682 5822 1728 5853 τ’
1753 5820 2008 5894 ~Philipp.
2046 5839 2109 5892 tt,
2147 5826 2201 5879 8.

2186 3513 2285 3581 τὴν
2308 3512 2469 3581 φύσιν
2493 3515 2522 3566 ὁ
2546 3511 2729 3582 νόμος,
2751 3513 2809 3566 ὃν
2833 3513 3149 3583 ὑπερϐάντα
3167 3513 3636 3576 κολάζεινδίκαιον
3657 3511 3776 3583 ἦν),

2186 3606 2216 3658 6
2259 3606 2315 3658 δὲ
2348 3606 2550 3669 τέλειος
2584 3608 2641 3659 ὲν
2674 3606 2881 3660 ἅπασιν
2911 3600 2998 3677 ἦν,
3026 3607 3144 3672 καὶ,
3192 3626 3211 3657 ι
3262 3608 3576 3678 Τετήρηκα,
3614 3608 3773 3676 φησὶ,

2188 3696 2289 3758 τὰς
2317 3696 2536 3759 ἐντολὰς
2566 3695 2661 3750 τοῦ
2692 3699 2905 3769 Πατρός
2932 3716 3057 3767 μου.
3100 3717 3118 3750 ι
3154 3699 3265 3751 Καὶ
3298 3700 3326 3751 6
3361 3700 3459 3768 μὲν
3482 3698 3582 3769 τὴν
3602 3698 3772 3766 ἀτελῆ

2192 3785 2340 3855 ζωὴν
2374 3787 2723 3856 εἰσήνεγκεν,
2771 3789 2805 3859 ἢ
2853 3789 3068 3859 μυρίων
3102 3788 3275 3843 δεῖται
3310 3789 3679 3860 βοηθημάτων
3704 3805 3720 3821 ’
3747 3791 3775 3842 6

2190 3876 2246 3930 δὲ
2269 3879 2368 3948 τῆς
2391 3878 2687 3944 ἀθανάτου,
2721 3880 2905 3949 πατὴρ
2935 3881 3152 3947 ἐγένετο
3177 3881 3291 3943 τοῖς
3320 3881 3652 3951 ἀνθρώποις,
3681 3883 3773 3935 καὶ

2193 3968 2553 4041 ἀθανασίανή
2594 3971 2758 4040 φύσις
2797 3971 3062 4041 ἠπείγετο
3098 3972 3198 4042 μὲν
3234 3970 3296 4037 ἐξ
3319 3972 3517 4043 ἀρχῆς,
3545 3974 3771 4044 ἀφίκετο

2190 4061 2249 4114 δὲ
2283 4061 2508 4131 ὕστερον
2541 4060 2634 4114 ἐπὶ
2671 4060 2765 4115 τοῦ
2816 4062 3070 4133 Σωτῆρος
3117 4062 3389 4133 σώματος,
3434 4065 3574 4136 ὅπερ
3610 4067 3770 4132 αὐτὸς

2190 4151 2270 4212 είς
2315 4150 2413 4217 τὴν
2455 4150 2722 4203 ἀθάνατον
2754 4153 2901 4222 ζωὴν
2935 4152 3046 4206 ἀπὸ
3084 4154 3193 4207 τῶν
3218 4155 3429 4223 νεκρῶν
3457 4156 3769 4228 ἀναστήσας

2192 4241 2414 4310 ἡγεμὼν
2443 4242 2657 4314 ὑπῆρξε
2681 4243 2781 4312 τῆς
2812 4244 3111 4309 ἀθανασίας
3142 4247 3221 4317 τῷ
3254 4247 3433 4314 γένει·
3466 4250 3562 4302 καὶ
3588 4250 3676 4304 ἵνα
3704 4252 3768 4303 τὸ

2192 4330 2305 4381 πᾶν
2345 4330 2507 4397 εἴπω,
2545 4332 2636 4385 τὸν
2673 4333 2928 4402 ἀληθινὸν
2968 4335 3257 4404 ἄνθρωπον
3294 4336 3389 4391 καὶ
3423 4338 3635 4392 τέλειον
3672 4341 3769 4393 καὶ

2184 4422 2409 4487 τρύπων
2429 4425 2522 4476 καὶ
2554 4425 2699 4494 ζωῆς
2730 4428 2826 4479 καὶ
2848 4427 2957 4479 τῶν
2985 4429 3160 4483 ἄλλων
3177 4431 3342 4485 ἕνεκα
3367 4432 3588 4487 πάντων
3616 4434 3770 4504 πρῶο

2190 4531 2280 4577 τος
2314 4519 2406 4569 καὶ
2435 4518 2597 4585 μόνος
2629 4518 2827 4583 ἔδειξεν
2855 4523 2883 4573 6
2922 4521 3137 4591 Σωτήρ.

2256 4807 2323 4859 Εἴ
2343 4826 2405 4877 γε
2435 4809 2592 4864 τοῦτό
2620 4813 2769 4863 ἐστιν
2798 4813 2872 4875 ὡς
2900 4814 3116 4882 ἀληθῶς
3144 4816 3267 4885 ὄρος
3294 4817 3604 4887 ἀνθρώπου,
3632 4822 3766 4893 πρὸς

2183 4899 2211 4949 ὃ
2242 4900 2458 4968 βλέπων
2492 4901 2719 4971 ἔσχατον
2753 4905 3016 4959 ἔπλαττεν
3056 4909 3217 4962 αὐτὸν
3254 4911 3283 4961 6
3325 4912 3457 4974 θεὸς
3479 4951 3493 4975 ,
3530 4913 3675 4979 λέγω
3704 4916 3765 4985 δὴ

2185 4993 2277 5044 τὸν
2310 4994 2423 5061 βίον
2453 4998 2544 5047 τὸν
2584 4997 2881 5067 ἀκήρατον,
2914 5002 3135 5055 ἐπειδὰν
3169 5003 3373 5074 φθορᾶς
3402 5004 3559 5081 μὲνῇ
3599 5009 3767 5062 καθα-

2187 5089 2278 5152 ρὸν
2325 5088 2474 5156 αὐτῷ
2532 5089 2591 5140 τὸ
2646 5091 2837 5158 σῶμα.
2894 5092 3085 5164 γνώμη
3148 5096 3204 5148 δὲ
3255 5099 3435 5167 πάσης
3490 5101 3763 5169 ἁμαρτίας

2180 5177 2577 5249 ἁπηλλαγμένη
2601 5195 2614 5210 ⁸
2656 5183 2893 5237 ἐνταῦθα
2928 5189 3035 5252 γὰρ
3081 5188 3287 5241 τέλειον
3329 5190 3394 5243 ἂν
3431 5191 3515 5259 εἴη
3552 5193 3611 5244 τὸ
3644 5196 3762 5246 κατ’

2182 5268 2368 5332 αὑτὸν,
2401 5271 2530 5323 ὅταν
2560 5275 2587 5324 ὁ
2615 5272 2948 5343 δημιουργὸς
2979 5278 3141 5331 αὑτὸν
3166 5280 3202 5333 δι
3229 5281 3341 5335 δεῖν
3372 5281 3548 5352 ᾠήθη,
3587 5289 3764 5340 πάντα

2181 5361 2505 5429 ἐργάσηται,
2537 5368 2659 5418 ἐπεὶ
2685 5370 2778 5419 καὶ
2821 5370 3138 5438 ἀγάλματος
3174 5375 3604 5430 ἀποκαθίσταται
3638 5381 3767 5433 κάλ-

2182 5450 2264 5513 λος
2297 5457 2360 5522 τῇ
2392 5458 2673 5526 τελευταίᾳ
2706 5460 2797 5511 τοῦ
2823 5464 3065 5531 τεχνίτου
3099 5469 3241 5534 χειρί
3267 5481 3282 5496 '
3318 5469 3364 5517 εἰ
3395 5471 3575 5520 τοίνυν
3605 5473 3632 5523 ὁ
3665 5472 3763 5538 μὲν

2185 5544 2380 5599 πολλοῦ
2415 5565 2561 5610 τινος
2596 5550 2814 5616 ἐδέησεν
2844 5550 2983 5606 εἶναι
3015 5557 3237 5621 τέλειος,
3267 5560 3294 5610 6
3324 5558 3369 5611 δ’
3398 5553 3465 5628 ἦν
3499 5564 3555 5612 ἐν
3588 5562 3762 5615 ἅπασι

2185 5639 2280 5689 καὶ
2329 5639 2424 5709 τῆς
2455 5644 2789 5713 τελειότητος
2822 5649 2936 5709 τοῖς
2977 5648 3286 5717 ἀνθρώποις
3326 5652 3623 5719 μετέδωκε,
3670 5660 3761 5708 καὶ

2281 5828 2325 5859 ⁷³
2355 5827 2516 5883 Joan.
2553 5846 2639 5896 xv,
2678 5834 2757 5883 10.
