4036 6452
253 393 353 465 681

1318 397 1417 460 DE
1453 395 1633 458 VITA
1670 394 1751 457 IN
1790 394 2125 460 CHRISTO
2162 398 2317 461 LIB:
2353 396 2460 461 VI.

3435 396 3542 464 632

251 517 312 569 τὸ
342 512 499 583 γένος
530 510 679 566 ἆπαν
701 509 781 576 είς
806 509 998 566 ἑαυτὸν
1026 509 1262 583 ἥρμοσε,
1293 510 1412 575 πῶς
1435 511 1497 566 ού
1520 509 1590 566 τὰ
1616 510 1847 583 δεύτερα

1962 512 2232 583 quomodo
2265 512 2573 585 posteriora
2598 510 2847 583 priorum
2877 525 2985 569 non
3015 513 3283 587 exempla,
3307 527 3361 571 et
3392 516 3540 574 hune

250 609 358 662 τῶν
383 605 669 677 προτέρων
691 603 1139 675 παραδείγματα,
1173 604 1383 661 καὶτὸν
1412 604 1513 677 μὶν
1537 604 1848 675 ἀρχέτυπον

252 698 393 755 εἶναι
431 699 539 771 χρὴ
585 697 857 768 νομίζειν,
898 698 989 753 τὸν
1035 697 1095 751 δέ
1136 698 1352 752 ἐκεῖθεν
1387 697 1687 769 είλῆφθαις
1725 694 1849 751 Τῶν

254 794 362 864 γάρ
387 791 779 855 ἀτοπωτάτων,
806 790 946 862 πρὸς
978 790 1045 844 τὰ
1076 790 1247 861 ἀτελῆ
1275 790 1347 845 τά
1378 789 1689 845 τελεώτατα
1714 789 1850 843 πάν-ο

255 906 359 943 των
403 884 726 954 ἐπείγεσθαι
767 884 1035 953 νομίζειν,
1091 885 1190 940 καὶ
1227 886 1341 948 τοῖς
1390 884 1626 956 βελτίοσι
1671 901 1851 953 παρα-

259 983 524 1052 δείγματα
575 978 901 1049 προκεῖσθαι
949 979 1018 1032 τά
1063 978 1271 1048 χείρω,
1307 978 1400 1031 καὶ
1439 978 1566 1041 τοὺς
1611 976 1849 1047 τυφλοὺς

261 1073 508 1142 ἡγεῖσθαι
567 1072 683 1135 τοῖς
731 1068 1045 1139 βλέπουσιν.
1075 1066 1154 1125 Oti
1206 1073 1318 1138 γὰρ
1378 1070 1462 1123 ὅτι
1513 1068 1606 1122 τὸν
1658 1068 1850 1138 χρόνον

260 1165 503 1237 πρότερα
540 1164 746 1228 ἐκεῖνα,
792 1163 1015 1217 ιδίκαιον
1082 1161 1151 1215 ἂν
1208 1162 1298 1231 εἴη
1359 1159 1697 1230 θαυμάζειν,
1733 1159 1851 1215 ἀλλ’

259 1259 337 1313 ὅτι
365 1256 552 1311 τέλεια
595 1255 770 1311 ταῦτα
802 1257 911 1309 τῶν
949 1254 1155 1312 ἀτελῶν
1196 1255 1372 1326 ἀρχὰς
1418 1250 1560 1309 εἶναι
1601 1254 1850 1325 προσῆκε

261 1349 573 1405 πισττεύειν
595 1350 776 1403 ἐκεῖνο
803 1348 1241 1420 ἐνθυμουμένους
1262 1388 1278 1414 ,
1318 1348 1404 1402 ὅτι
1433 1347 1531 1403 καὶ
1578 1345 1718 1418 πρὸς
1752 1346 1851 1418 τὴν

259 1444 549 1523 ἀνθρώπου
580 1441 773 1513 χρείαν
800 1440 973 1496 πολλά
1000 1440 1444 1497 κατεσκεύασται
1474 1439 1574 1512 μέν
1609 1440 1851 1511 πρότερα

257 1538 333 1601 δὲ,
369 1538 465 1591 καὶ
491 1538 520 1590 ό
559 1536 782 1590 πάντων
815 1534 1022 1588 τούτων
1067 1532 1253 1588 κανὼν
1289 1533 1577 1605 ἄνθρωπος
1619 1531 1852 1596 ὕστατος

257 1627 513 1683 ἁπάντων
556 1626 659 1696 τῆς
697 1626 802 1695 γῆς
850 1625 1196 1698 ἐξελήλυθεν.
1244 1622 1392 1681 Εἶεν.
1437 1626 1611 1694 ’Υπὲρ
1643 1625 1851 1680 τούτων

257 1721 435 1775 τοίνυν
456 1720 722 1779 ἀπάντων
755 1720 848 1773 καὶ
878 1717 1042 1788 φύσει
1072 1718 1169 1773 καὶ
1197 1719 1397 1793 γνώμῃ
1436 1720 1533 1772 καὶ
1567 1717 1852 1788 λογισμοῖς

257 1812 541 1885 ἄνθρωπος
559 1812 697 1883 πρὸς
720 1811 812 1867 τὸν
835 1811 1073 1881 Χριστὸν
1103 1810 1266 1874 ῖεται,
1291 1811 1351 1865 οὐ
1377 1811 1466 1865 διὰ
1494 1809 1592 1882 τὴν
1620 1810 1852 1882 θεότητα

263 1906 441 1976 μόνον,
472 1905 509 1975 ἢ
540 1904 762 1959 πάντων
791 1900 928 1959 οὖσα
958 1903 1221 1975 τυγχάνει
1247 1901 1421 1967 τέλος,
1456 1901 1596 1956 ἀλλὰ
1625 1905 1723 1956 καὶ
1754 1902 1853 1971 τῆς

260 1997 471 2066 φύσεως
501 1997 669 2053 ἕνεκα
688 1996 787 2067 τῆς
807 1996 894 2050 ἑτέ
905 2013 1026 2066 ρας.
1055 1996 1150 2050 καὶ
1171 1991 1328 2058 οὗτος
1355 1995 1456 2066 μὲν
1474 1996 1533 2049 τὸ
1560 1993 1852 2063 κατάλυμα

259 2090 367 2143 τῶν
398 2088 763 2161 ἀνθρωπίνων
790 2088 1035 2160 ἐρώτων,
1062 2082 1218 2153 οὗτος
1246 2086 1306 2142 δέ
1337 2087 1518 2159 τρυφὴ
1545 2087 1850 2158 λογισμῶν,

263 2180 433 2235 καὶτὸ
463 2182 615 2251 παρὰ
639 2181 831 2235 τοῦτον
859 2179 1041 2235 ὁτιοῦν
1068 2180 1103 2250 ἢ
1134 2178 1312 2248 φιλεῖν
1344 2178 1378 2251 ἦ
1414 2178 1731 2250 λογίζεσθαι
1758 2196 1857 2233 πε-

262 2272 495 2346 ριφανὴς
514 2272 610 2328 τοῦ
637 2273 849 2337 δέοντος
881 2270 1130 2344 ἁμαρτία
1160 2272 1258 2327 καὶ
1286 2271 1396 2325 τῶν
1425 2271 1485 2338 ἐξ
1514 2272 1692 2343 ἀρχῆς
1723 2271 1858 2325 ὑπο-

258 2368 522 2423 τεθέντων
552 2370 618 2438 τῇ
652 2366 813 2436 φύσει
841 2366 1175 2438 παρατροπὴ
1194 2382 1211 2399 ο
1243 2365 1319 2430 ὡς
1345 2363 1413 2420 ἂν
1442 2364 1503 2418 δέ
1526 2366 1665 2436 πρὸς
1690 2365 1856 2420 αὑτὸν

261 2461 406 2531 ἔχειν
441 2460 528 2515 ἀεὶ
582 2458 872 2528 δυνώμεθα
909 2458 1009 2531 τὴν
1055 2458 1288 2529 μελέτην
1324 2459 1421 2510 καὶ
1457 2457 1664 2528 ταύτης
1703 2450 1856 2529 ὦμεν

260 2552 521 2606 ἑκάστοτε
565 2552 668 2623 τῆς
719 2552 981 2623 σπουδῆς,
1020 2551 1187 2605 αὐτὸν
1242 2550 1503 2623 καλῶμεν
1546 2551 1670 2607 ὅσαι
1711 2543 1856 2625 ὧραι

260 2644 369 2698 τῶν
408 2645 692 2716 λογισμῶν
736 2644 836 2716 τὴν
864 2644 1147 2699 ὑπόθεσιν.
1190 2644 1419 2709 Πάντως
1466 2643 1526 2698 δὲ
1572 2644 1636 2699 οὐ
1676 2661 1858 2715 παρατ

265 2736 464 2806 σκευῆς
504 2736 643 2808 πρὸς
684 2736 786 2800 τὰς
834 2735 1003 2809 εὐχὰς
1037 2735 1120 2791 δεῖ
1174 2737 1272 2791 καὶ
1326 2735 1511 2791 τόπων
1547 2735 1672 2791 οὺδέ
1727 2735 1858 2806 βοῆς

263 2831 471 2884 ἐκεῖνον
498 2830 792 2885 καλοῦσιν’
821 2829 884 2884 ού
914 2829 1023 2900 γάρ
1053 2828 1204 2883 ἔστιν
1223 2823 1284 2884 οὗ
1318 2829 1394 2900 μὴ
1427 2829 1719 2900 πάρεστιν,
1745 2826 1857 2883 οὐδ’

264 2921 413 2976 ἐστιν
433 2923 584 2985 ὅπως
613 2921 689 2994 μὴ
720 2920 970 2976 σύνεστιν
991 2921 1147 2990 ἡμῖν,
1183 2921 1243 2984 ὅς
1275 2937 1339 2989 γε
1370 2923 1484 2984 τοῖς
1506 2918 1733 2991 ζητοῦσι
1758 2920 1858 2974 καὶ

262 3014 433 3085 αὐτῆς
469 3014 656 3084 ἐγγιόν
689 3015 811 3070 ἐστι
852 3013 954 3084 τῆς
998 3014 1255 3086 καρδίας.
1305 3013 1633 3068 Ἀκόλουθον
1671 3011 1730 3068 δέ
1765 3014 1860 3068 καὶ

260 3109 331 3162 τά
381 3107 529 3180 παρά
567 3107 679 3162 τῶν
723 3105 905 3179 εὐχῶν
942 3108 1075 3177 ἡμῖν
1106 3105 1180 3169 ὡς
1224 3107 1537 3177 ἀπαντήσει
1573 3104 1719 3174 μάλα
1764 3121 1857 3159 πιο

1952 604 2340 677 archctypum,
2377 604 2529 661 illum
2559 620 2691 662 vero
2748 603 2876 661 inde
2917 616 3201 677 sumptum
3227 619 3282 665 et
3311 624 3543 681 expres-

1953 712 2073 753 sum
2107 712 2215 752 non
2241 694 3213 755 existimabimus?Absurdissimum
3242 703 3445 773 quippe
3459 713 3546 760 est

1954 802 2146 858 putare
2196 790 2445 845 omnium
2496 789 2901 860 perfectissima
2955 791 3023 847 ad
3070 792 3392 863 imperfecta
3428 796 3544 851 exi-

1953 880 2153 950 genda,
2189 890 2243 935 et
2276 882 2601 938 melioribus
2627 883 2879 952 exempla
2907 882 3179 940 deteriora
3212 901 3541 957 praeponen-

1951 975 2128 1039 da,et
2160 990 2191 1031 a
2233 976 2394 1032 czecis
2443 978 2801 1047 praeeuntium
2853 976 3187 1034 videntibus.
3240 978 3357 1035 Non
3391 982 3539 1035 enim

1952 1067 2208 1142 quia_illa
2234 1079 2481 1138 tempore
2515 1069 2722 1137 priora,
2752 1068 3032 1141 adeojure
3059 1070 3405 1139 admiranda,
3444 1073 3542 1128 sed

1953 1159 2084 1231 quia
2132 1159 2248 1217 haec
2293 1161 2537 1232 perfecta
2586 1172 2736 1231 sunt,
2785 1163 3232 1234 itnperl'ectorum
3276 1166 3543 1236 principia

1955 1267 2078 1308 esse
2102 1252 2305 1309 debere
2353 1254 2684 1310 credendqu
2727 1264 2831 1319 est,
2879 1266 2933 1311 et
2978 1256 3112 1311 illud
3165 1258 3543 1328 cogitandum,

1954 1344 2122 1400 etiam
2153 1345 2219 1400 ad
2254 1346 2496 1403 hominis
2529 1364 2692 1403 usum
2735 1349 2908 1403 multa
2938 1350 3093 1417 prius
3123 1361 3313 1421 parata
3348 1350 3544 1407 fuisse.

1955 1431 2190 1505 Propter
2228 1436 2347 1493 haec
2398 1439 2582 1494 omnia
2621 1439 2790 1510 igitur
2818 1448 2871 1495 et
2900 1448 3124 1512 natura,
3149 1451 3204 1497 et
3237 1442 3544 1509 voluntate,

1955 1536 2011 1583 et
2043 1528 2477 1600 cogitationibus
2529 1532 2813 1590 Christum
2866 1534 3034 1590 homo
3086 1536 3383 1603 desiderat,
3435 1552 3544 1592 non

1957 1635 2178 1693 prepter
2205 1623 2464 1680 deitatem
2515 1635 2751 1693 tantum,
2801 1643 2923 1699 qum
2971 1637 3055 1684 est
3101 1629 3350 1684 omnium
3397 1628 3543 1697 ﬁnis,

1957 1717 2052 1773 sed
2088 1724 2157 1791 et
2216 1728 2441 1789 propter
2492 1719 2721 1774 alteram
2757 1730 3039 1775 naturam.
3095 1720 3161 1775 Et
3200 1722 3291 1777 hic
3323 1722 3544 1795 quidem

1958 1810 2258 1881 (Christus)
2288 1811 2657 1866 diversorium
2688 1822 2774 1869 est
2826 1827 3108 1868 armorum
3147 1814 3540 1882 humanorum,

1959 1903 2049 1959 hic
2072 1903 2288 1959 deliciae
2321 1904 2740 1975 cogitationum,
2766 1913 2821 1962 et
2848 1916 3051 1978 praeter
3080 1905 3227 1964 hune
3258 1908 3549 1980 quodcun-

1958 2010 2064 2065 que
2093 2004 2191 2052 aut
2219 2010 2428 2065 amare,
2459 2005 2556 2053 aut
2585 1998 2851 2069 cogitare,
2889 1998 3181 2057 manifesta
3213 2010 3299 2058 est
3331 2002 3401 2058 ab
3427 2002 3549 2059 olli-

1957 2088 2046 2149 cio
2084 2088 2385 2154 aberratio,
2440 2096 2496 2145 et
2542 2104 2574 2144 a
2613 2090 2809 2160 primis
2861 2100 3076 2147 natum
3130 2093 3418 2165 principiis
3457 2096 3552 2151 de.

1958 2179 2141 2237 ﬂexio.
2184 2178 2256 2237 Ut
2287 2189 2473 2237 autem
2507 2182 2687 2253 ipsum
2724 2198 2944 2255 semper
2976 2186 3227 2241 meditari
3254 2202 3548 2258 queamus,

1957 2280 2013 2328 et
2047 2271 2104 2328 in
2132 2273 2238 2329 hoc
2259 2273 2446 2331 studio
2481 2290 2924 2345 perseveremus,
2949 2278 3129 2349 ipsum
3150 2281 3548 2354 cogitationum

1958 2376 2344 2436 argumentum
2396 2367 2549 2423 horis
2598 2368 2863 2428 omnibus
2921 2372 3262 2431 invocemus.
3312 2373 3551 2433 Omnino

1959 2458 2142 2513 autem
2177 2473 2286 2513 non
2326 2461 2733 2531 praeparatione
2782 2465 2850 2520 ad
2896 2479 3088 2535 preces
3133 2482 3275 2538 opus
3305 2479 3410 2534 est,
3453 2487 3554 2528 nec

1959 2548 2121 2613 locis,
2166 2564 2268 2606 nec
2314 2552 2653 2609 clamoribus
2681 2562 2768 2609 est
2812 2554 3161 2614 invocandus
3198 2578 3213 2615 :
3251 2576 3361 2616 non
3403 2563 3551 2619 enim

1960 2652 2047 2698 est
2077 2642 2231 2700 locus
2267 2643 2360 2700 ubi
2413 2660 2660 2716 praesens
2711 2661 2820 2703 non
2869 2649 2964 2715 sit,
2995 2665 3098 2707 nec
3125 2663 3212 2708 est
3256 2653 3347 2710 ubi
3391 2658 3554 2713 nobis

1962 2746 2074 2787 non
2122 2732 2287 2802 adsit,
2322 2737 2416 2805 qui
2442 2736 2822 2806 quaerentibus
2853 2753 2913 2795 se
2951 2740 3071 2810 ipso
3118 2743 3286 2799 corde
3328 2747 3554 2817 propior

1960 2832 2065 2881 est.
2093 2824 2459 2897 Consequens
2497 2839 2684 2885 autem
2719 2838 2824 2894 est,
2863 2831 3028 2886 etiam
3065 2844 3384 2890 constanter
3430 2852 3556 2892 ere-

1961 2914 2115 2982 dere,
2141 2930 2264 2986 quaa
2291 2931 2606 2986 precamur,
2653 2917 2810 2976 nobis
2841 2928 3132 2988 eventura,
3162 2937 3266 2978 nec
3293 2923 3418 2980 ideo
3447 2925 3552 2980 dn-

1963 3008 2158 3075 bitare,
2190 3008 2323 3080 quia
2358 3012 2851 3083 sumus‘improbi,
2882 3014 2980 3070 sed
3012 3013 3206 3082 ﬁdere,
3235 3017 3365 3088 quia
3400 3018 3558 3074 Chri-

1962 3110 2082 3157 stus
2129 3110 2217 3158 est
2259 3102 2355 3173 qui
2408 3119 2577 3174 super
2629 3104 2881 3175 ingratos
2929 3114 2983 3162 et
3028 3107 3204 3165 malos
3237 3110 3551 3168 invocatur.

267 3200 501 3267 στεύειν,
539 3199 635 3255 καὶ
678 3198 755 3271 μὴ
789 3199 1111 3266 ἐνδοιάζειν,
1143 3198 1229 3252 ὅτι
1264 3199 1495 3271 πονηροὶ
1525 3198 1620 3252 τὸν
1655 3198 1858 3273 τρόπον

1963 3190 2105 3260 Quia
2151 3200 2367 3249 tantum
2405 3194 2560 3252 abest
2601 3205 2714 3251 uta
2750 3198 2955 3268 quibus
2981 3199 3224 3258 offensus
3253 3210 3336 3258 est
3363 3218 3554 3260 servos

268 3293 451 3364 ἡμεῖς,
483 3290 622 3347 ἀλλὰ
661 3290 914 3363 θαρρεῖν,
949 3290 1032 3343 ὅτι
1064 3287 1306 3361 χρηστὸς
1333 3290 1362 3342 ὁ
1392 3286 1733 3358 καλούμενος
1764 3288 1860 3341 ἐπὶ

270 3389 392 3447 τοὺς
406 3383 739 3456 ἀχαρίστους
767 3382 864 3436 καὶ
887 3381 1181 3452 πονηροὺς,
1199 3381 1258 3445 ὃς
1277 3397 1343 3449 γε
1360 3378 1616 3435 τοσοῦτον
1635 3381 1859 3452 ἀπέχει,

272 3476 393 3540 τοὺς
423 3474 942 3546 προσκεκρουκότας
977 3474 1086 3528 τῶν
1112 3472 1319 3528 δούλων
1344 3472 1636 3544 δεομένους
1665 3489 1861 3544 περιο-

271 3568 407 3639 ρᾲν,
446 3563 591 3619 ὥστε
644 3566 813 3636 μήπω
858 3562 1199 3628 καλέσαντας
1242 3563 1380 3634 μηδέ
1418 3562 1577 3633 λόγον
1614 3564 1861 3639 ὁντινοῦν

262 3660 479 3713 ἐκείνου
510 3658 920 3729 ποιησαμένους
943 3654 1108 3720 αὐτὸς
1135 3658 1237 3728 τὴν
1264 3656 1370 3728 γῆν
1390 3655 1715 3710 καταλαϐὼν
1732 3656 1863 3712 ἐκά-

263 3753 393 3805 λεσε
426 3753 669 3822 πρῶτος.
707 3770 726 3804 ι
759 3745 967 3803 Ἦλθον
1021 3749 1155 3821 γὰρ,
1205 3749 1361 3820 φησὶ,
1411 3748 1642 3804 καλέσαι
1680 3748 1864 3819 ἀμαρ-

263 3842 509 3909 τωλούςο
584 3862 604 3897 ι
658 3846 687 3897 ὁ
737 3842 796 3897 δέ
861 3841 999 3913 μηδέ
1066 3839 1424 3913 βουλομένους
1485 3840 1632 3895 οὕτω
1691 3840 1862 3913 ζητή-

266 3953 392 4002 σας,
447 3935 532 4001 τίς
591 3935 658 3990 ἂν
706 3935 795 4006 είη
846 3933 1215 4006 καλούμενος;
1257 3934 1351 3988 καὶ
1406 3936 1458 3988 εί
1529 3935 1862 4007 μισούμενος

265 4028 518 4097 ἐφίλησε,
571 4027 687 4092 πῶς
717 4025 1004 4082 ἀπώσεται
1037 4026 1403 4097 φιλούμενοςς
1440 4028 1507 4081 "O
1537 4028 1633 4082 καὶ
1685 4028 1862 4101 δηλῶν

264 4123 295 4173 ὁ
360 4120 593 4185 Παῦλος,
657 4139 676 4172 ι
742 4121 805 4173 Ei
857 4118 1044 4191 ἐχθροὶ
1094 4118 1248 4183 ὄντες
1298 4118 1729 4190 κατηλλάγημεν
1785 4121 1863 4191 τῷ

265 4212 387 4285 Θεῷ
426 4212 514 4267 διὰ
542 4212 637 4269 τοῦ
675 4211 911 4266 Θανάτου
946 4211 1042 4266 τοῦ
1075 4211 1209 4266 Υίοῦ
1243 4211 1412 4267 αὑτοῦ
1434 4252 1449 4278 ,
1482 4215 1639 4285 φησι,
1680 4212 1864 4285 πολλῷ

270 4305 472 4375 μᾶλλον
493 4303 930 4372 καταλλαγέντες
947 4288 1311 4375 σωθησόμεθα
1326 4305 1383 4358 ἐν
1399 4307 1465 4375 τῇ
1484 4302 1599 4375 ζωῇ
1618 4304 1807 4361 αὐτοῦ.
1838 4323 1858 4358 ι

267 4399 381 4454 Καὶ
405 4398 511 4469 μὴν
543 4399 638 4454 καὶ
663 4398 725 4453 τὸ
748 4398 938 4468 σχῆμα
963 4398 1064 4467 τῆς
1088 4397 1301 4461 ἱκεσίας
1336 4395 1739 4469 ἐνθυμηθῶμεν
1757 4404 1776 4431 ⁴
1799 4399 1863 4453 οὐ

265 4492 379 4564 γὰρ
405 4491 442 4547 ἃ
475 4492 662 4561 φίλους
696 4491 844 4555 είκὺς
874 4489 1145 4544 αἰτεῖσθαι
1174 4490 1271 4545 καὶ
1292 4489 1620 4561 λαμϐάνειν,
1654 4491 1865 4546 τούτων

1962 3298 2255 3358 precantes
2282 3290 2412 3345 velit
2450 3290 2752 3363 negligere,
2788 3301 2845 3347 ut
2870 3294 3114 3350 nondum
3145 3311 3205 3352 se
3234 3297 3555 3354 invocantes

1965 3394 2144 3453 neque
2177 3381 2344 3436 ullam
2403 3382 2575 3452 ipsius
2607 3383 2886 3461 rationem
2918 3387 3208 3454 ducentes,
3246 3389 3302 3444 in
3351 3399 3552 3446 terram

1964 3474 2245 3546 delapsus,
2266 3475 2419 3546 prior
2448 3477 2680 3532 vocarit.
2716 3498 2735 3530 ί
2764 3475 2901 3534 Veni
2927 3480 3098 3549 enim,
3125 3481 3325 3551 inquit,
3357 3498 3557 3540 vocare

1963 3576 2286 3639 peccatores
2304 3567 2380 3621 “.
2419 3586 2437 3620 ι
2475 3566 2597 3622 Jam
2632 3568 2728 3639 qui
2760 3584 2863 3625 nec
2893 3570 3139 3627 volentes
3175 3574 3249 3627 ita
3278 3575 3553 3644 quaesivit,

1963 3659 2182 3730 qualem
2221 3674 2284 3716 se
2317 3660 2611 3716 invocatus
2652 3660 2968 3718 exhibebit?
3015 3672 3070 3718 et
3102 3664 3150 3720 si
3196 3667 3389 3722 dilexit
3427 3681 3552 3722 cum

1964 3752 2095 3808 odio
2146 3754 2466 3819 haberetur,
2520 3755 2806 3825 quomodo
2866 3770 2968 3812 nos
3019 3757 3251 3828 repellet
3279 3758 3556 3816 dilectus?

1963 3843 2124 3911 Quod
2154 3853 2209 3900 ει
2255 3842 2456 3900 Paulus
2500 3845 2843 3915 signiﬁcans,
2894 3864 2913 3898 ι
2948 3844 3006 3902 Si
3062 3864 3185 3905 cum
3227 3850 3433 3906 inimici
3464 3868 3557 3908 es-

1965 3952 2174 4002 semus,
2212 3938 2410 4009 inquit,
2442 3939 2784 3994 reconciliati
2823 3955 3018 3998 sumus
3047 3941 3155 3998 Deo
3192 3959 3287 4014 per
3319 3956 3551 4004 mortem

1966 4028 2089 4084 Filii
2128 4031 2272 4101 ejus,
2304 4032 2481 4087 multo
2513 4033 2686 4103 magis
2724 4033 3062 4090 reconciliati
3093 4036 3226 4091 salvi
3259 4038 3467 4095 erimus
3500 4041 3552 4094 in

1967 4125 2078 4182 vita
2127 4125 2302 4196 ipsius
2333 4125 2402 4179 "’.
2442 4143 2461 4178 ι
2499 4124 2646 4192 Quin
2676 4125 2912 4182 formam
2946 4145 3170 4199 quoque
3199 4132 3556 4202 supplicatio-

1967 4217 2055 4289 nis
2084 4218 2408 4289 cogitemus.
2444 4215 2563 4273 Non
2603 4220 2753 4274 enim
2785 4235 2906 4291 quze
2944 4222 3155 4278 amicos
3202 4240 3419 4295 equum
3471 4236 3558 4282 est

1967 4322 2156 4381 petere
2207 4321 2263 4366 et
2311 4310 2586 4383 accipere,
2615 4327 2679 4368 ea
2724 4314 2959 4384 petimus
2988 4317 3277 4387 consequi,
3310 4320 3403 4374 sel
3436 4337 3558 4390 quee

1967 4402 2113 4458 servi
2142 4402 2397 4469 obnoxii,
2438 4414 2493 4459 et
2521 4405 2763 4462 maxime
2797 4404 2875 4461 rei
2914 4421 3109 4478 rogare
3139 4414 3556 4479 permittuntur.

1968 4492 2088 4550 Non
2144 4496 2294 4550 enim
2323 4503 2385 4551 ut
2429 4510 2531 4551 nos
2566 4506 2814 4563 coronet,
2866 4494 3161 4554 Dominum
3212 4505 3556 4570 invocamus,

263 4585 527 4658 ἀξιοῦμεν
559 4586 873 4656 τυγχάνειν,
902 4585 1018 4640 ἀλλ’
1045 4580 1122 4642 ὧν
1150 4588 1248 4642 καὶ
1274 4588 1391 4652 τοῖς
1417 4587 1745 4653 ὑπευθύνοις
1770 4589 1858 4643 καὶ

1971 4603 2072 4645 nec
2106 4599 2165 4644 ut
2193 4587 2299 4644 alia
2340 4589 2656 4659 huiusmodi
2702 4604 2804 4646 nos
2839 4592 3014 4661 gratia
3047 4594 3326 4665 dignetur,
3360 4599 3456 4652 sed
3500 4607 3559 4653 ut

266 4679 778 4752 προσκεκρουκόσιν
796 4681 1008 4749 ἐφεῖται
1028 4680 1239 4744 δούλοις
1251 4680 1345 4734 καὶ
1369 4680 1607 4754 μάλιστα
1627 4681 1858 4745 τούτοις.

263 4773 343 4826 Ob
374 4772 482 4843 γὰρ
509 4771 599 4825 ἵνα
628 4772 971 4844 στεφανώσῃ,
1001 4771 1093 4826 τὸν
1124 4773 1404 4844 Δεσπότην
1431 4773 1731 4846 καλοῦμεν,
1753 4767 1867 4828 οὐδ’

262 4867 357 4920 ῖνα
407 4865 575 4937 ἀλλην
617 4866 882 4938 τοιαύτην
915 4866 1044 4921 τινὰ
1083 4867 1390 4935 κατάθηται
1424 4870 1609 4940 χάριν,
1651 4868 1768 4922 ἀλλ’
1796 4869 1864 4922 ἶν’

261 4959 494 5030 ἐλεήσῃ·
522 4958 672 5012 ἔλεον
691 4959 748 5013 δέ
779 4961 873 5013 καὶ
904 4960 1238 5033 συγγνώμην
1268 4963 1364 5015 καὶ
1388 4962 1584 5033 χρέους
1615 4962 1863 5017 διάλυσιν

261 5055 363 5107 καὶ
394 5053 462 5105 τὰ
490 5050 718 5106 τοιαῦτα
752 5052 847 5105 τοῦ
879 5053 1274 5124 φιλανθρώπου
1307 5055 1572 5125 δεηθῆναι
1604 5058 1699 5109 καὶ
1736 5057 1860 5128 δεη-

262 5147 461 5208 θέντας
489 5147 564 5216 μὴ
596 5147 780 5207 κεναῖς
808 5146 1002 5216 χερσὶν
1033 5145 1315 5210 ἀπελθεῖν,
1351 5148 1401 5198 εί
1438 5145 1512 5218 μὴ
1540 5149 1666 5211 τοὺς
1697 5148 1865 5223 ὑπευ-

260 5236 482 5303 θύνους,
528 5236 683 5300 τίνας
714 5237 963 5305 είκδς,εῖ
1006 5254 1071 5308 γε
1105 5257 1123 5290 t
1158 5240 1235 5309 μὴ
1285 5238 1478 5310 χρείαν
1530 5238 1752 5309 ἔχουσιν
1809 5242 1864 5296 oi

264 5329 547 5400 ἰσχύοντες
563 5328 749 5402 ἰατροῦ
767 5346 782 5397 ;
806 5349 824 5382 ι
851 5331 911 5384 Ei
932 5331 1041 5402 γάρ
1054 5332 1191 5395 ὅλως
1208 5331 1528 5403 ἀνθρώπους
1544 5332 1863 5402 νενόμισται

264 5422 409 5492 πρὸς
453 5421 545 5476 τὸν
579 5421 712 5475 Θεὸν
744 5421 894 5477 ἔλεον
926 5423 1341 5496 ἐκκαλουμένην
1375 5425 1595 5494 ἀφεῖναι
1649 5425 1860 5497 φωνὴν,

266 5518 377 5569 τῶν
398 5515 561 5583 ἀξίως
583 5516 734 5569 ἐλέου
757 5518 1129 5589 πραττόντων.
1149 5520 1258 5573 τῶν
1282 5509 1686 5591 ἡμαρτηκότων
1713 5518 1864 5597 ἐστὶν

267 5616 301 5684 η
334 5580 515 5681 φωνὴ.
544 5580 814 5678 Καλῶμεν
842 5609 900 5662 δὲ
933 5611 1023 5665 τὸν
1049 5580 1336 5711 Θεὺνικαὶη
1357 5580 1575 5683 γλώττῃ
1604 5610 1698 5664 καὶ
1731 5580 1901 5681 γνῶ--

340 5806 386 5840 ⁸⁸
412 5806 602 5863 Matth.
636 5820 715 5867 Ix.
748 5804 838 5859 15.
914 5803 958 5834 "
995 5802 1154 5855 Item.
1182 5815 1237 5868 ν,
1275 5798 1358 5855 ιο.
1389 5799 1436 5830 ⁸⁸
1464 5797 1659 5857 Matth.
1693 5816 1769 5868 Ix,
1807 5799 1893 5854 1'2.

568 5991 837 6054 l’uaor.
867 5992 982 6051 ὓιι.
1032 5988 1124 6050 CL
1146 6027 1167 6047 .

1969 4682 2323 4739 misereatur.
2374 4682 2811 4740 Misericordiam
2867 4697 3075 4752 autem,
3130 4698 3184 4742 et
3233 4687 3472 4753 veniam.
3505 4701 3560 4747 et

1969 4773 2137 4829 debiti
2170 4773 2574 4841 dimissionem,
2620 4785 2677 4831 et
2716 4775 3039 4847 huiusmodi
3085 4780 3156 4833 ab
3190 4778 3431 4835 humano
3464 4796 3559 4851 pe.

1970 4880 2107 4935 tere,
2142 4880 2198 4927 et
2228 4860 2476 4942 petentes
2500 4887 2611 4927 non
2644 4870 2836 4929 vacuis
2865 4872 3121 4929 manibus
3152 4872 3324 4942 abire,
3359 4876 3404 4932 si
3446 4891 3555 4931 non

1972 4960 2055 5019 l‘as
2086 4972 2342 5027 est‘reos,
2373 4978 2514 5036 quos
2544 4965 2760 5021 tandem
2812 4964 2896 5021 las
2940 4974 3046 5030 est,
3086 4967 3353 5037 siquidem
3391 4986 3410 5020 ε
3450 4987 3555 5024 ιιυιι

1967 5065 2055 5111 est
2080 5071 2219 5124 Opus
2258 5057 2568 5114 valentibus
2613 5058 2846 5115 medicis
2873 5057 2963 5112 ‘3?
3000 5077 3021 5112 ι
3058 5058 3116 5114 Si
3147 5061 3295 5116 enim
3331 5061 3555 5117 omnino

1973 5150 2220 5206 moribus
2275 5162 2556 5224 receptum
2614 5162 2721 5220 est,
2780 5153 3033 5210 homines
3066 5153 3134 5209 ad
3169 5153 3338 5210 Deum
3396 5171 3557 5212 voces

1972 5242 2413 5300 misericordiam
2451 5245 2739 5303 elicientes
2789 5247 3030 5316 mittere,
3065 5250 3255 5321 utique
3306 5259 3559 5320 peccato-

1972 5350 2093 5390 rum
2138 5353 2244 5394 τοι
2277 5341 2631 5405 miserorum,
2655 5350 2710 5396 et
2741 5341 3119 5399 misericordia
3153 5344 3555 5412 dignandortnn

1974 5443 2078 5483 vox
2111 5439 2218 5485 est.
2275 5431 2643 5502 Imploratnus
2692 5442 2871 5489 autem
2926 5434 3098 5490 Deum
3145 5443 3198 5490 et
3250 5435 3462 5505 lingua,
3502 5447 3556 5490 et

1976 5531 2179 5589 mente,
2230 5531 2286 5578 et
2342 5525 2800 5596 cogitationibus,
2850 5540 2910 5584 ut
2966 5530 3219 5585 omnibus
3279 5545 3375 5600 per
3431 5546 3554 5600 qtne

1983 5614 2355 5683 peccavimus,
2400 5617 2759 5686 pharmacum
2802 5621 2980 5676 solum
3017 5622 3258 5677 salutare
3295 5621 3557 5677 aditibea.

3157 5992 3233 6054 22
