4036 6464
429 404 537 468 6‘13

1662 398 1993 459 'NICOLAI
2042 392 2423 458 CABASILZE

3580 380 3686 442 684

436 535 558 575 mus
586 537 598 573 :
632 536 651 569 ι
688 517 805 575 Non
838 517 981 572 enim
1019 526 1125 576 est.
1161 517 1359 586 inquit,
1392 515 1538 571 aliud
1570 530 1769 571 nomen
1808 516 1861 569 in
1895 528 2007 584 quo

2138 530 2186 587 ιῃ
2211 514 2304 567 καὶ
2346 509 2655 579 λογισμοῖς,
2684 507 2773 559 ῖνα
2804 506 2955 571 πᾶσι,
2973 503 3042 558 δι’
3067 496 3145 559 ὧν
3173 500 3587 573 ἁμαρτάνομεν,
3625 501 3689 553 τὸ

439 627 539 667 nos
567 618 816 680 Oporteat
841 609 1025 665 salvos
1062 608 1178 664 ﬁeri
1203 608 1272 663 ⁸⁸.
1309 629 1328 661 ι

503 788 584 842 Ad
616 788 730 841 hac
762 801 928 858 porro
956 787 1143 843 omnia
1177 788 1432 851 suﬁiciet.
1476 798 1531 844 et
1562 789 1805 844 studium
1830 788 2010 842 inten-

434 880 545 945 det,
584 889 639 934 et
672 879 1058 935 adnascentem
1096 896 1161 936 ex
1204 883 1387 936 anima
1432 882 1740 937 socordiam
1784 882 2009 945 eximet,

436 971 591 1042 panis
638 987 764 1026 vere
813 987 913 1027 cor
957 974 1196 1029 hominis
1244 975 1598 1041 conﬁrmans,
1647 974 1741 1043 qui
1780 975 1846 1027 de
1875 973 2017 1028 caelo

439 1063 692 1127 veniens,
738 1064 905 1118 vitam
960 1064 1119 1119 nobis
1149 1065 1350 1129 attulit,
1382 1065 1473 1135 qui
1507 1065 1562 1119 in
1613 1074 1831 1134 pastum
1865 1052 2021 1118 omni

441 1157 600 1208 nmdo
652 1156 980 1224 quaerendus
1026 1168 1128 1220 est,
1177 1165 1232 1212 et
1284 1159 1384 1212 hac
1422 1172 1582 1213 creua
1624 1156 2017 1227 frequentanda

442 1247 616 1303 fartres
662 1247 946 1317 fugienda,
1000 1264 1103 1303 nec
1140 1250 1268 1319 quia
1324 1258 1479 1305 tanto
1510 1251 1773 1321 mysterio
1824 1263 2018 1318 parum

440 1341 614 1395 simus
665 1341 870 1406 idonei,
925 1341 1133 1398 diutius
1178 1357 1342 1413 quam
1393 1358 1495 1413 par
1543 1350 1630 1398 est
1677 1343 1781 1398 hac
1828 1356 2021 1399 mensa

441 1432 791 1498 abstinentia,
821 1441 932 1487 tota
970 1433 1155 1488 anima
1186 1433 1461 1490 reddenda
1507 1432 1837 1488 imbecillior
1861 1445 2026 1503 atque

444 1525 703 1590 deterior,
742 1526 835 1579 sed
884 1541 1048 1594 super
1095 1526 1334 1595 peccatis
1367 1525 1697 1582 conﬁtendis
1727 1523 2024 1582 accedendi

444 1618 784 1677 sacerdotes.
832 1625 886 1671 et
915 1616 1186 1673 bibendus
1217 1617 1463 1689 sanguis,
1514 1618 1570 1672 in
1601 1633 1712 1687 quo
1756 1616 2025 1688 purgandi

445 1707 528 1761 vis
559 1715 660 1760 est.
694 1707 930 1762 Prorsus
951 1716 1133 1761 autem
1164 1722 1275 1761 non
1297 1708 1371 1762 ita
1402 1708 1617 1777 magnis
1642 1721 1748 1762 nos
1777 1704 2027 1761 crimini-

448 1800 554 1853 bus
588 1800 975 1869 obligabimtts,
1029 1807 1088 1854 ut
1142 1816 1174 1855 a
1222 1816 1375 1856 sacra
1411 1814 1600 1856 mensa
1645 1797 2024 1863 excludamur,

448 1892 494 1946 si
549 1894 600 1945 in
641 1893 726 1947 his
780 1891 1208 1961 cegitationibus
1257 1894 1431 1950 simus
1480 1907 1646 1964 quam
1684 1890 2026 1947 creberrimi.

452 1982 609 2037 Sit-ut
674 1985 820 2038 enim
888 1984 1253 2041 nefandorum
1313 1992 1435 2052 est,
1494 2000 1619 2040 cum
1680 1984 2031 2055 peccaverint

450 2085 735 2146 peccatum
794 2075 865 2131 ad
922 2085 1177 2142 mortem,
1224 2084 1406 2130 tamen
1459 2073 1784 2136 audere,ad
1839 2080 2031 2128 sancta

452 2169 715 2224 accedere
751 2186 763 2222 :
801 2168 880 2224 sic
915 2168 1004 2235 iis,
1038 2166 1132 2236 qui
1164 2176 1272 2222 tam
1305 2166 1456 2237 gravi
1504 2165 1696 2221 morbo
1728 2179 1837 2220 non
1880 2164 2032 2219 labo—

454 2270 597 2323 rant,
634 2276 831 2330 panem
862 2261 1010 2315 hunc
1039 2259 1227 2331 lugere
1257 2274 1366 2313 non
1395 2258 1676 2313 conducit.
1708 2256 1836 2312 lllos
1884 2254 2030 2312 enim

454 2352 640 2407 animo
691 2367 815 2407 cum
869 2350 1207 2406 carbonibus
1250 2349 1429 2405 adhuc
1472 2356 1801 2419 pugnantes,
1835 2361 2033 2404 cavere

452 2453 666 2514 oportet
734 2446 939 2514 ignem,
1004 2457 1106 2498 nec
1168 2456 1294 2497 eum
1361 2439 1837 2506 contubernalem,
1907 2444 2035 2492 ante

458 2537 960 2592 reconciliationem
991 2532 1242 2604 accipere
1280 2552 1294 2589 :
1327 2533 1411 2588 his
1442 2531 1629 2588 animo
1656 2531 1793 2586 bene
1822 2529 2033 2586 consti-

459 2631 613 2698 tutis,
668 2640 723 2685 et
777 2630 933 2685 aliter
998 2627 1252 2693 inﬁrmis,
1316 2624 1587 2682 medicina
1641 2622 2036 2679 corroborante

456 2741 595 2795 opus
630 2732 735 2786 est,
769 2730 826 2776 et
859 2720 1232 2779 accedendum
1278 2718 1347 2773 ad
1383 2716 1704 2788 magistrum
1757 2715 2034 2783 sanitatis,

456 2820 554 2889 qui
592 2838 609 2868 ι
649 2817 940 2886 languores
990 2821 1217 2869 nostros
1265 2810 1409 2876 tulit,
1456 2819 1508 2865 et
1561 2795 1780 2864 dolores
1811 2818 2037 2865 nostros

460 2910 575 2975 ipse
617 2904 959 2975 portavit";
1003 2921 1022 2955 ι
1080 2917 1185 2957 nec
1239 2901 1435 2956 morbo
1487 2899 1835 2955 obtendenda
1895 2900 2037 2969 (pro

463 3016 574 3069 quo
604 2995 927 3067 depellendo
958 2992 1229 3050 orandum
1279 2991 1384 3062 est)
1424 2991 1673 3046 medicus
1723 2989 2036 3061 fugiendus.

465 3087 705 3155 Sanguis
737 3085 885 3140 enim
919 3083 1008 3137 hic
1041 3081 1300 3137 sensibus
1329 3079 1537 3135 nostris
1558 3081 1757 3150 januas
1778 3079 2038 3150 imponit.

2112 608 2409 679 φάρμακον
2438 604 2499 657 τὸ
2552 602 2713 672 μόνον
2741 598 3007 671 σωτήριον
3038 596 3349 667 ἐπιθῶμεν·
3387 612 3410 647 ι
3464 593 3543 648 Οῦ
3574 593 3688 664 γάρ

2113 701 2251 759 ἐστι,
2285 695 2472 767 φησὶν,
2496 694 2685 765 ἓτερον
2708 690 2897 760 ὄνομα,
2929 690 2985 743 ἐν
3010 681 3055 755 ᾧ
3080 688 3161 741 δεῖ
3194 686 3441 757 σωθῆναι
3467 686 3636 755 ήμᾶς.
3661 703 3682 736 ι

2192 788 2442 859 ’Δρκέσει
2475 787 2531 840 δὲ
2569 785 2705 855 πρὸς
2735 784 2911 838 ταῦτα
2946 783 3127 836 πάντα
3154 780 3248 834 καὶ
3278 780 3434 832 τόνον
3461 777 3693 848 παρέξει

2102 882 2252 951 ,πρὸς
2296 881 2396 950 τὴν
2446 877 2684 946 σπουδὴν
2716 876 2814 931 καὶ
2860 875 2962 946 τὴν
2990 872 3366 943 ἔπιφυομένην
3396 871 3571 937 ἐξελεῖ
3591 871 3695 938 τῆς

2115 969 2294 1039 ψυχῆς
2324 969 2620 1040 ρᾳθυμίαν,
2651 967 2679 1019 ό
2706 968 2805 1037 τὴν
2835 962 3127 1036 ἀνθρώπου
3158 962 3395 1033 καρδίαν
3416 961 3695 1030 στηρίζων

2119 1062 2333 1133 ἀληθῶς
2368 1063 2552 1132 ἄρτος,
2586 1059 2645 1122 ὃς
2670 1057 2769 1130 τὴν
2809 1057 2955 1128 ζωὴν
2987 1058 3121 1127 ήμῖν
3152 1054 3445 1125 οὐρανόθεν
3475 1049 3579 1125 ἧκε
3605 1070 3698 1106 κο-

2125 1154 2316 1223 μίζων,
2341 1153 2400 1206 ὃν
2421 1151 2686 1206 σιτεῖσθαι
2712 1152 2795 1204 δεῖ
2816 1150 2999 1219 ζητεῖν
3022 1150 3087 1202 ὲκ
3112 1148 3318 1210 παντὸς
3346 1147 3571 1217 τρόπου,
3598 1148 3694 1201 καὶ

2120 1249 2180 1297 τὸ
2208 1247 2421 1301 δεῖπνον
2460 1243 2618 1299 τοῦτο
2652 1242 2873 1314 συνεχὲς
2908 1241 3268 1312 ποιουμένους
3300 1240 3461 1311 ἔργον
3489 1240 3697 1307 φυλάτ-

2122 1339 2313 1393 τεσθαι
2340 1339 2432 1393 τὸν
2467 1337 2648 1409 λιμὸν,
2682 1340 2778 1392 καὶ
2815 1336 2890 1408 μὴ
2922 1336 3000 1408 τῷ
3036 1334 3112 1407 μὴ
3149 1334 3355 1404 σφόδρα
3396 1332 3700 1403 προσήκειν

2123 1436 2235 1494 τοῖς
2295 1433 2619 1505 μυστηρίοις
2670 1431 2833 1485 πλέον
2884 1431 2919 1502 ἢ
2979 1428 3228 1501 προσῆκε
3267 1428 3366 1497 τῆς
3417 1425 3702 1507 τραξέζης

2126 1523 2500 1594 ἀπεχομένους
2535 1518 2936 1592 ἀσθενεστέραν
2966 1521 3064 1575 καὶ
3092 1521 3261 1591 χείρω
3295 1521 3408 1582 τοῖς
3439 1518 3583 1581 ὅλοις
3612 1519 3704 1587 έρ-

2127 1615 2400 1686 γάσασθαι
2436 1618 2533 1687 τὴν
2571 1615 2770 1686 ψυχὴν,
2802 1614 2944 1669 ἀλλά
2978 1616 3106 1683 περὶ
3139 1613 3248 1667 τῶν
3280 1611 3704 1682 ἁμαρτημάτων

2130 1708 2456 1779 προσιόντας
2478 1710 2590 1771 τοῖς
2615 1706 2823 1777 ἱερεῦσι
2846 1706 2954 1760 τῶν
2980 1706 3296 1777 καθαρσίων
3326 1705 3509 1759 πίνειν
3537 1704 3706 1774 αἱμά-

2131 1818 2260 1854 των.
2292 1801 2516 1863 Πάντως
2545 1800 2602 1854 δὲ
2629 1799 2727 1869 οὐχ
2755 1797 2898 1852 οὕτω
2928 1797 3180 1868 μεγάλων
3205 1795 3500 1851 ὑπεύθυνοι
3532 1795 3709 1865 γενοί-

2135 1891 2253 1960 μεθ’
2283 1892 2369 1955 ἂν,
2392 1891 2535 1944 ὥστε
2564 1891 2660 1961 τῆς
2690 1892 2843 1961 ιερᾶς
2866 1888 3291 1943 ἀποκεκλεῖσθαι
3311 1885 3615 1958 τραπέζης,
3638 1884 3707 1939 ἂν

2129 1983 2341 2046 τούτοις
2364 1978 2513 2053 ὦμεν
2538 1983 2937 2055 συντραφέντες
2961 1984 3078 2046 τοῖς
3098 1981 3404 2050 λογισμοῖς.
3435 1979 3706 2048 Καθάπερ

2131 2077 2237 2147 γὰρ
2266 2076 2374 2129 τῶν
2404 2074 2701 2145 ἀθεμίτων,
2736 2075 2792 2128 εί
2816 2093 2901 2138 τις
2931 2075 3001 2128 τὰ
3033 2074 3167 2146 πρὸς
3199 2073 3429 2128 θάνατον
3454 2072 3709 2142 ἁμαρτά·

2131 2184 2238 2220 νων
2279 2166 2473 2220 ἔπειτα
2520 2166 2885 2238 κατατολμιίπ]
2920 2166 3029 2219 τῶν
3066 2165 3247 2234 ἱερῶν,
3300 2164 3447 2218 οὕτω
3474 2165 3585 2226 τοῖς
3624 2163 3700 2234 μή

2131 2259 2201 2313 τὰ
2221 2258 2447 2313 τοιαῦτα
2473 2259 2694 2313 νοσοῦσι
2720 2259 2810 2312 τὸν
2833 2259 3000 2330 ἄρτον
3032 2259 3274 2329 φεύγειν,
3299 2260 3399 2312 οὐκ
3426 2262 3483 2313 ἐν
3505 2257 3701 2329 καιρῷ.

2134 2350 2273 2413 Τοὺς
2307 2353 2407 2421 μὲν
2431 2351 2542 2422 γὰρ
2572 2350 2652 2404 ἔτι
2682 2352 2748 2423 τῇ
2779 2352 2974 2424 γνώμῃ
3008 2355 3116 2413 τοῖς
3144 2351 3373 2425 ἄνθραξι
3402 2351 3709 2423 πολεμοῦν-

2132 2457 2230 2504 τας
2258 2426 2613 2494 εὐλαϐεῖσθαι
2665 2441 2935 2514 προσήκει
2963 2442 3022 2495 τὸ
3050 2440 3185 2514 πῦρ,
3213 2444 3306 2497 καὶ
3355 2442 3430 2512 μὴ
3460 2442 3719 2497 σύνοικον

2133 2533 2317 2595 αὐτοῖς
2356 2529 2657 2603 λαμϐάνειν
2711 2534 2841 2604 πρὶν
2872 2533 3213 2604 διηλλάχθαι,
3243 2535 3356 2597 τοῖς
3386 2534 3442 2587 δὲ
3475 2534 3574 2604 τὴν
3608 2534 3712 2605 μὲν

2134 2625 2362 2695 γνώμην
2395 2624 2571 2693 ὀρθῶς
2620 2623 2858 2695 ἔχουσιν,
2892 2624 3098 2696 ἑτέρως
3126 2624 3184 2677 δὲ
3210 2624 3576 2695 ἀρρωστοῦσι,
3616 2625 3713 2678 τοῦ

2138 2717 2441 2788 ρωννύντος
2475 2717 2635 2788 χρεία
2674 2718 2990 2787 φαρμάκου,
3027 2721 3122 2772 καὶ
3158 2717 3239 2772 δεῖ
3279 2716 3520 2787 βαδίζειν
3560 2717 3715 2789 παρὰ

2136 2808 2228 2863 τδν
2271 2809 2368 2881 τῆς
2418 2808 2631 2877 ὑγιείας
2651 2809 2926 2881 τεχνίτην,
2960 2826 2979 2862 ι
3011 2808 3070 2873 ὃς
3094 2808 3191 2874 τὰς
3221 2809 3505 2874 ἀσθενείας
3555 2811 3716 2881 ήμῶν

2138 2901 2297 2956 ἔλαϐε
2328 2901 2423 2957 καὶ
2454 2901 2554 2966 τὰς
2586 2903 2778 2966 νόσους
2831 2901 3124 2967 ἐϐάστασε,
3159 2921 3179 2954 ι
3219 2903 3314 2956 καὶ
3348 2904 3422 2974 μὴ
3450 2905 3513 2956 τὸ
3536 2908 3717 2958 νοσεῖν

2140 2992 2592 3064 προϊσχομένους,
2637 2993 2778 3064 ὑπὲρ
2831 2990 2892 3054 οὗ
2940 2993 3125 3065 ζητεῖν
3163 2994 3293 3062 ἔδει,
3345 2996 3568 3064 φεύγειν
3624 2998 3720 3052 τὸν

2145 3085 2450 3154 ἰασόμενον.
2481 3086 2555 3138 Τὸ
2576 3086 2686 3156 γάρ
2713 3081 2854 3154 αἷμα
2877 3086 3033 3140 τοῦτο
3062 3087 3185 3149 ταῖς
3219 3088 3540 3159 αἰσθήσεσιν
3559 3089 3722 3160 ὴμῶν

465 3179 715 3249 nihLIque
754 3177 979 3230 noxium
1020 3174 1255 3229 transite
1286 3173 1440 3228 sinit.
1492 3169 1636 3238 Quin
1685 3173 1794 3228 imo
1841 3173 2036 3243 januas

2142 3169 2434 3245 ἐπιτίθησι
2454 3169 2623 3243 θύρας
2656 3172 2751 3230 καὶ
2784 3176 3080 3231 διαϐαίνειν
3106 3177 3263 3231 οὐδὲν
3295 3180 3360 3249 ἑᾷ
3389 3178 3496 3232 τῶν
3520 3178 3722 3249 λυμαί-

466 3271 787 3341 obsignans,
843 3266 1333 3323 cxterminatorem
1388 3262 1623 3334 repellit,
1679 3269 1736 3319 et
1787 3277 1902 3329 cor,
1954 3264 2042 3318 cui

464 3364 683 3419 infusus
736 3370 843 3422 est,
877 3359 1137 3430 templum
1191 3355 1286 3412 Dei
1341 3354 1604 3423 efﬁciens,
1643 3355 1843 3412 melius
1877 3371 2043 3426 quam

467 3454 782 3511 Salomonis
816 3466 1002 3505 muros
1033 3448 1258 3519 sanguis
1293 3447 1380 3504 ille
1408 3449 1715 3520 typicus,iu
1741 3462 1806 3502 eo
1837 3440 2041 3501 malum

468 3548 673 3601 idolum
727 3541 992 3598 constitui
1048 3555 1160 3595 non
1214 3538 1482 3610 permittit
1543 3537 2046 3606 (abominationem

467 3637 851 3702 desolationis,
901 3636 1102 3705 inquit,
1156 3635 1208 3687 in
1263 3633 1384 3688 loco
1428 3632 1666 3704 sancto),
1702 3633 1796 3689 sed
1847 3634 2046 3704 spiritu

470 3730 757 3802 principali
831 3727 1076 3782 animum
1143 3723 1516 3788 conﬁrmans,
1583 3726 1727 3780 sicut
1794 3733 2049 3794 precatur

471 3825 683 3889 Daxid,
736 3824 1074 3893 prudentiam
1128 3821 1313 3875 carnis
1367 3822 1415 3875 ei
1478 3818 1722 3890 subjicit,
1773 3827 1828 3874 ct
1885 3819 2051 3875 homo

471 3919 742 3976 altissima
776 3915 1128 3987 trauquillate
1159 3913 1383 3970 fruitur.

544 4190 613 4243 Et
640 4189 768 4259 quid
799 4203 899 4257 ego
928 4189 997 4242 de
1042 4186 1301 4258 mysterio
1351 4186 1600 4258 pluribus
1648 4187 1886 4252 dissero,
1924 4202 2053 4243 cum

473 4281 727 4352 pluribus
762 4288 887 4333 ante
916 4279 1121 4332 dictum
1156 4277 1248 4344 sit,
1281 4278 1411 4348 quid
1451 4292 1516 4334 co
1559 4279 1851 4349 impertitis
1883 4280 2054 4335 bono-

478 4388 597 4428 rum
641 4369 864 4425 aﬁ‘erat?
899 4369 1003 4424 Sed
1036 4369 1082 4424 si
1114 4368 1195 4424 sic
1220 4385 1342 4424 cum
1376 4369 1597 4427 Christo
1632 4387 1931 4435 versemur,
1956 4372 2059 4427 ini-

476 4464 705 4521 tiatiune
753 4461 870 4518 sive
920 4462 1303 4528 sacramentis,
1358 4462 1633 4530 precibus,
1679 4463 2055 4530 meditatione,

2144 3270 2328 3325 νεσθαι
2358 3268 2692 3339 δυναμένων,
2724 3269 2926 3339 μᾶλλον
2943 3269 2999 3323 δὲ
3021 3269 3119 3333 τὰς
3138 3269 3311 3342 θύρας
3340 3272 3721 3341 ἀποσημαινό-

2147 3378 2311 3430 μενον
2361 3361 2454 3415 τὸν
2490 3361 2821 3433 ὀλοθρευτὴν
2876 3363 3208 3430 ἀπωθεῖται,
3252 3369 3347 3417 καὶ
3392 3364 3528 3417 Θεοῦ
3581 3364 3725 3419 νεὼν

2145 3452 2618 3524 ἀπεργαζόμενον,
2668 3455 2748 3516 εἰς
2793 3454 2861 3525 ἢν
2905 3454 3071 3524 ὲχέθη
3113 3455 3365 3525 καρδίαν,
3415 3456 3640 3524 ἄμεινον
3687 3458 3720 3527 ἢ

2146 3544 2273 3607 τοὺς
2306 3543 2652 3613 Σολομῶντος
2675 3545 2910 3614 τοίχους,
2929 3545 2990 3598 τὺ
3016 3542 3155 3611 αἷμα
3180 3546 3240 3600 τὸ
3260 3549 3494 3602 τυπικδν
3523 3548 3729 3619 συστῆ-

2149 3651 2237 3687 ναι
2269 3633 2401 3706 παρ’
2432 3634 2573 3704 αὐτῇ
2612 3635 2852 3705 πονηρὸν
2882 3635 3100 3689 είδωλον
3129 3637 3189 3689 οὐ
3240 3640 3512 3709 συγχωρεῖ
3538 3652 3555 3670 °
3591 3659 3611 3693 ι
3651 3641 3729 3694 Τὸ

2151 3726 2424 3797 βδέλυγμα
2452 3728 2551 3798 τῆς
2580 3727 2963 3799 ίἐρημώσεως,
3008 3729 3192 3798 φησὶν,
3224 3731 3281 3782 ἐν
3315 3732 3467 3803 τόπῳ
3496 3733 3656 3805 ἁγίῳ,
3703 3751 3721 3784 ι

2149 3819 2287 3873 ἀλλὰ
2313 3818 2720 3891 τῷαήγεμονικῷ
2741 3818 3015 3888 πνεύματι
3039 3818 3312 3889 στηρίζων
3334 3822 3425 3876 τὸν
3445 3822 3725 3892 λογισμὸν,

2151 3911 2341 3983 ὥσπερ
2380 3911 2583 3983 ηὔξατο
2625 3912 2814 3976 Δαϐὶδ,
2856 3911 2956 3981 τῆς
3004 3912 3207 3982 σαρκὸς
3255 3914 3347 3967 ὑπ’
3395 3915 3560 3970 αὐτὸν
3602 3917 3730 3984 ἄγει

2151 4006 2210 4060 τὸ
2256 4005 2534 4076 φρόνημα,
2594 4006 2775 4094 mild
2833 4004 3122 4075 ἄνθρωπος
3176 4005 3401 4075 βαθείας
3451 4008 3727 4064 ἀπολαύει

2152 4098 2415 4167 γαλήνης.

2226 4189 2335 4241 Καὶ
2370 4188 2422 4241 τί
2447 4187 2619 4242 ταῦτα
2676 4189 2807 4258 περὶ
2856 4189 2951 4244 τοῦ
2990 4191 3297 4262 μυστηρίου
3352 4190 3604 4260 μηκύνω,
3641 4190 3733 4245 διὰ

2156 4284 2367 4338 πολλῶν
2412 4285 2680 4356 πρότερον
2719 4284 3033 4355 εἰρημένον,
3065 4279 3154 4339 οἷα
3184 4287 3332 4341 ποιεῖ
3354 4284 3483 4348 τοὺς
3511 4284 3731 4337 τετελε-

2159 4377 2431 4447 σμένους;
2477 4375 2620 4430 Ἀλλ’
2658 4376 2727 4431 ἂν
2769 4375 2917 4430 οὕτω
2964 4376 3184 4449 Χριστῷ
3221 4375 3490 4447 συνῶμεν,
3541 4378 3611 4447 τῇ
3641 4393 3735 4430 τε-

2157 4468 2311 4540 λετῇ,
2344 4471 2464 4531 ταῖς
2492 4470 2701 4540 εὐχαῖς,
2734 4471 2803 4540 τῇ
2850 4469 3078 4542 μελέτῃ,
3110 4471 3226 4533 τοῖς
3271 4469 3556 4539 λογισμοῖς
3596 4470 3732 4540 πρὶς

476 4555 924 4627 cogitationibus,
966 4554 1032 4607 ad
1076 4567 1296 4607 onmem
1328 4553 1589 4609 virtutem
1623 4555 1863 4621 animam
1896 4571 2036 4610 exer-

2160 4562 2343 4615 πᾶσαν
2375 4560 2601 4631 μὲνιτὴν
2627 4559 2806 4631 ψυχὴν
2833 4561 3152 4631 ἀσκήσομεν
3172 4560 3395 4630 ἀρετὴν,
3423 4560 3735 4630 φυλάξομεν

476 4650 721 4706 cebimus
747 4686 763 4710 ,
803 4645 1111 4716 depositum
1150 4647 1522 4701 custodiemus
1547 4685 1563 4711 ,
1620 4657 1681 4699 ut
1724 4645 1925 4702 Paulus
1960 4647 2053 4718 ju-

478 4743 565 4796 bet
597 4743 666 4808 τί,
702 4750 755 4795 et
781 4756 811 4794 a
847 4738 1117 4810 mysteriis
1144 4738 1303 4794 nobis
1333 4740 1585 4794 collatam
1628 4748 1837 4809 gratam
1872 4755 2055 4797 serra-

480 4835 681 4888 bimus.
711 4833 864 4886 Sicut
898 4833 1044 4886 enim
1070 4831 1190 4901 ipse
1229 4840 1309 4885 est
1344 4830 1593 4895 initiatis,
1623 4830 1740 4897 ipse
1771 4834 2053 4902 mysteria,

482 4929 552 4979 ita
591 4924 687 4994 qui
715 4922 953 4978 custodit
986 4924 1040 4978 in
1071 4923 1231 4978 nobis
1262 4937 1383 4993 quae
1408 4921 1589 4984 dedit,
1621 4931 1674 4975 et
1707 4922 1800 4992 qui
1834 4940 2056 4991 manere

482 5018 535 5070 in
570 5015 655 5070 his
682 5030 801 5084 quin
831 5016 1142 5087 accepimus
1175 5014 1323 5079 facit,
1353 5014 1494 5068 idem
1524 5014 1675 5069 solus
1706 5024 1790 5070 est
1816 5031 1831 5069 :
1861 5034 1878 5067 ι
1905 5014 2056 5083 Quo-

485 5112 630 5162 niam
667 5106 788 5161 sine
819 5121 925 5172 me,
962 5107 1159 5178 inquit,
1197 5107 1330 5161 nihil
1362 5105 1593 5176 potestis
1623 5105 1800 5162 facere
1824 5109 1891 5163 τ’.
1922 5127 1940 5160 ›

2163 4651 2221 4707 δὲ
2252 4653 2349 4717 τὴν
2382 4650 2877 4723 παρακαταθήκην,
2912 4645 2946 4724 ᾗ
2980 4650 3198 4706 κελεύει
3231 4650 3466 4717 Παῦλος,
3508 4652 3606 4706 καὶ
3635 4653 3737 4721 τὴν

2163 4745 2273 4800 ἀπδ
2294 4744 2405 4797 τῶν
2432 4744 2752 4815 μυστηρίων
2783 4745 2914 4814 ἡμῖν
2936 4742 3250 4799 ὲντεθεῖσαν
3275 4746 3520 4813 σώσομεν
3550 4745 3733 4814 χάριν.

2163 4836 2376 4906 Ὠσπερ
2408 4838 2518 4906 γὰρ
2557 4835 2722 4898 αὐτὸς
2757 4837 2861 4905 μέν
2905 4836 3055 4891 ἐστιν
3093 4838 3122 4891 ό
3151 4836 3341 4901 τελῶν,
3375 4836 3535 4898 αὐτὸς
3577 4835 3634 4889 δὲ
3666 4836 3737 4889 τὰ

2167 4928 2468 4997 μυστήρια,
2501 4927 2593 4979 τὸν
2652 4924 2769 4980 ἴσον
2814 4928 3011 4997 τρόπον
3041 4927 3070 4980 ό
3108 4927 3399 4996 φυλάττων
3425 4929 3483 4980 ἐν
3511 4928 3665 4997 ἡμῖν,
3700 4927 3737 4980 δ.

2162 5016 2368 5081 δίδωσι,
2393 5015 2488 5069 καὶ
2517 5016 2722 5087 μένειν,
2752 5016 2837 5084 ἐφ’
2860 5013 2940 5080 οἷς
2965 5016 3256 5086 ἐλάϐομεν,
3292 5018 3735 5089 παρασκευάζων

2166 5108 2326 5178 μόνος
2356 5105 2503 5160 ἐστίν
2524 5123 2539 5139 ο
2584 5125 2601 5159 ι
2628 5106 2752 5160 Ὅτι
2780 5107 2949 5178 χωρὶς
2995 5108 3154 5179 ἐμοῦ,
3191 5109 3379 5180 φησιν,
3411 5108 3471 5163 οῦ
3503 5108 3735 5163 δύνασθε

2172 5203 2345 5255 ποιεῖν
2375 5200 2529 5254 οὐδέν
2567 5200 2663 5270 (ί).
2702 5219 2721 5252 ›

560 5363 605 5394 σθ
632 5362 754 5415 Aet.
789 5374 863 5422 tv,
907 5359 995 5412 12.
1070 5358 1113 5390 ⁷⁸
1145 5356 1250 5414 lsa.
1283 5374 1400 5428 LIII,
1426 5360 1482 5418 4.
1556 5362 1599 5394 ⁷⁸
1630 5362 1645 5416 l
1684 5360 1830 5417 Tim.
1862 5377 1937 5427 vr,
1961 5360 2050 5417 20.
2130 5364 2173 5395 ⁷²
2203 5363 2366 5420 Joan.
2410 5382 2497 5433 xv,
2529 5366 2581 5421 5.

552 5517 781 5589 Utiles}
818 5515 995 5589 hmcjn
1020 5513 1377 5589 cod.‘lfindob..
1410 5516 2036 5589 ?'l0_sequiturdoxologi_a

2138 5518 2738 5589 ,in_Mouacensi81,qfol.
2777 5521 2867 5568 193
2896 5535 2905 5568 :
2932 5521 3079 5577 Τέλος
3119 5520 3206 5589 τοῦ
3245 5525 3458 5589 περὶτῆς
3480 5525 3529 5574 ἕν
3547 5523 3743 5588 Χριστῷ

488 5576 617 5636 ζωῆς
637 5579 820 5647 βιϐλίον
840 5578 1005 5647 πυρίου
1026 5576 1264 5647 Νικολάου
1295 5576 1381 5647 τοῦ
1417 5576 1690 5647 Καϐασίλατ
1712 5580 1933 5647 literquc
1956 5576 2036 5643 ἱξιςίι

2142 5582 2296 5647 codex
2324 5576 2670 5647 totius_operis
2696 5585 2845 5631 ﬁnem
2880 5596 2994 5632 esse
3015 5576 3209 5647 stulttil.
3251 5576 3741 5647 Librumsepti'mum

493 5640 1010 5707 posterius‘scriptum
1040 5640 1285 5707 operique
1331 5640 1391 5707 ab
1413 5647 1612 5707 auctore
1634 5640 1865 5691 additum
1880 5640 2019 5701 putat
2042 5643 2216 5692 Editor
2237 5640 2685 5707 Grcil'su'aldensis.
2706 5647 2844 5694 liune
2876 5659 2971 5693 non
3000 5646 3170 5697 habuit
3212 5648 3463 5698 Pontanus
3492 5640 3547 5697 ei
3604 5651 3743 5700 solus

486 5698 602 5749 cod.
640 5698 1037 5753 Viudohoucusis
1059 5701 1153 5750 262
1174 5698 1481 5764 suppeditat.
1510 5698 1985 5764 [interpretationem
2022 5713 2237 5755 nostram
2262 5703 2552 5754 addidimus.
2585 5705 2721 5754 Εοιτ.
2756 5708 2905 5757 l’nn.
