4036 6446
387 348 499 409 ϋκςτ

1664 344 1986 405 NICOLAI
2019 343 2106 405 CA
2120 344 2412 406 BASILJE

3557 356 3661 421 6³³8

388 479 483 525 aut
555 467 980 538 iuquisiverunt,
1030 464 1103 520 de
1160 464 1365 535 quibus
1438 463 1806 535 praesentibus
1851 480 1956 536 gau

2059 518 2061 526 λ
2086 464 2257 517 όντων
2296 464 2487 520 οὐδένα
2516 465 2684 520 πόθον
2732 465 2922 521 ἱλασον
2951 466 3064 522 οὐδ’
3090 467 3388 541 ἐζήτησαν,
3414 465 3487 525 ὧν
3519 491 3661 546 παρ-

387 565 518 615 dere
547 575 653 614 non
685 560 831 613 licet.
860 578 878 609 ι
903 556 1080 611 Nolite
1110 556 1365 627 gaudere,
1390 555 1590 626 inquit,
1624 555 1767 625 quod
1805 556 1972 625 spiri-

388 667 476 711 tus
506 655 660 710 vobis
706 652 1098 723 subjiciuntur,
1142 650 1238 706 sed
1287 649 1522 721 gaudete
1556 651 1703 721 quod
1740 650 1970 705 nomina

387 757 567 802 vestra
627 747 830 814 scripta
870 728 1002 799 sunt
1067 741 1123 798 in
1181 741 1360 797 caelis.
1400 758 1424 794 ι
1467 740 1619 808 Quod
1665 740 1832 810 igitur
1878 754 1975 794 ne-

384 855 494 910 que
541 837 674 893 facit
724 836 1006 900 virtutem,
1068 850 1246 904 neque
1299 833 1421 904 ejus
1483 834 1826 904 praesentiam
1880 833 1972 886 de-

386 942 697 987 monstrare
731 938 933 1000 potest,
979 929 1084 984 hoc
1129 927 1350 998 aliquis,
1393 942 1511 980 eam
1538 940 1819 996 quaerens,
1856 923 1974 980 sine

384 1023 675 1081 commodo
720 1023 947 1078 faceret.
998 1020 1103 1076 Sed
1157 1035 1258 1075 nec
1307 1021 1355 1076 si
1402 1019 1527 1089 quis
1567 1018 1751 1073 divina
1812 1018 1974 1087 plane

380 1119 609 1172 edoctus
661 1115 1088 1171 revelationibus
1134 1112 1408 1169 frueretur
1460 1121 1769 1181 cunctaque
1809 1110 1972 1165 sciret

382 1209 666 1281 mysteria,
692 1224 760 1263 ex
803 1208 872 1263 iis
903 1207 1052 1261 illum
1083 1204 1401 1275 judieamus
1438 1214 1493 1259 et
1535 1203 1819 1257 miramur.
1874 1199 1973 1255 Et-

376 1303 526 1359 enim
555 1312 871 1369 quanquam
901 1299 1006 1354 ista
1039 1298 1367 1368 quandoque
1394 1295 1702 1375 viventibus
1737 1294 1790 1349 in
1814 1292 1971 1349 Clu-i-

380 1406 466 1450 sto
511 1402 712 1465 praesto
769 1391 917 1454 sint,
978 1404 1087 1445 non
1149 1395 1482 1457 componunt
1550 1402 1650 1441 nec
1719 1386 1974 1441 efﬁciunt

382 1488 577 1550 vitam,
603 1486 675 1539 ita
710 1490 765 1537 ut
806 1482 944 1537 nihil
979 1482 1046 1537 ad
1081 1481 1335 1537 virtutem
1360 1479 1534 1549 magis
1573 1477 1832 1533 conferre
1894 1478 1973 1530 vi-

370 1577 573 1630 deatur
594 1577 642 1629 ei
678 1573 767 1644 qui
798 1573 900 1627 ista
926 1571 1104 1626 solum
1136 1570 1376 1640 respicit.
1404 1567 1560 1636 Quod
1589 1566 1973 1623 ostend‘itbea-

378 1678 467 1723 tus
518 1666 732 1721 'I'aulus
781 1664 847 1719 ad
904 1663 1222 1718 Corinthios
1277 1662 1575 1717 scribens:
1614 1679 1634 1713 ‹
1678 1660 1737 1717 Si
1800 1675 1970 1714 nove-

381 1762 515 1822 rim,
548 1760 747 1825 inquit,
794 1756 983 1812 omnia
1038 1756 1323 1826 mysteria,
1352 1768 1684 1823 omnemque
1718 1751 1971 1807 habuero

2079 556 2252 612 όντων
2303 558 2425 612 οὐδὲ
2493 559 2710 631 χαίρειν
2770 559 2972 626 ἔξεστι.
3028 580 3049 615 ι
3093 563 3185 635 Μή
3253 565 3472 637 χαίρετε
3532 568 3662 641 γὰρ,

2075 651 2265 718 φησὶν,
2292 651 2374 704 δτι
2398 650 2468 705 τὰ
2506 652 2796 723 πνεύματα
2831 654 2960 723 ὑμῖν
3004 655 3398 727 ὑποτάσσεται,
3434 663 3659 734 χαίρετε

2074 738 2152 803 δὲ,
2184 742 2267 795 ὅτι
2305 742 2375 796 τὰ
2397 741 2640 816 ὀνόματα
2671 748 2830 818 ὑμῶν
2868 750 3089 825 ιγράφη
3119 756 3176 809 ὲν
3206 759 3321 819 τοῖς
3341 758 3614 828 οὐρανοῖς.
3638 782 3656 813 ι

2078 834 2147 886 Ὀ
2170 833 2349 935 τρίνυν
2379 837 2531 935 μήτε
2549 841 2696 893 ποιεῖ
2851 844 3078 917 ἀρετὴν.
3109 848 3250 920 μήτε
3282 851 3412 918 γοῦν
3436 852 3659 909 δύναται

2077 927 2321 995 μηνῦσαι
2352 927 2663 996 παροῦσαν,
2700 933 2999 1005 περίεργον
3032 938 3087 990 εί
3111 955 3197 1003 τις
3227 941 3445 1013 ἐκείνην
3476 943 3660 1014 ζητῶν

2072 1036 2083 1053 σ
2107 1017 2233 1071 οῦτο
2264 1019 2744 1092 πολυπραγμονεῖ.
2789 1025 2933 1082 Ἀλλ’
2975 1028 3086 1082 οὐδ’
3118 1031 3168 1083 εί
3218 1030 3468 1103 θεωριῶν
3498 1052 3662 1090 τινων

2073 1109 2344 1165 ἀπολαύει
2375 1115 2470 1167 καὶ
2503 1115 2908 1187 ἀποκαλύψεων
2935 1122 3195 1192 τυγχάνει
3228 1126 3326 1177 καὶ
3356 1126 3426 1180 τὰ
3457 1130 3660 1198 μυστή-

2075 1218 2170 1270 ρια
2202 1203 2383 1257 πάντα
2426 1199 2591 1270 οἶδεν,
2639 1208 2751 1261 ἀπὸ
2782 1211 2991 1265 τούτων
3041 1214 3209 1268 αὐτὸν
3248 1217 3514 1286 εἰσόμεθα
3565 1220 3661 1273 καὶ

2074 1290 2461 1361 θαυμάσομεν.
2497 1296 2608 1351 Καὶ
2655 1298 2827 1353 ταῦτα
2854 1302 2964 1374 γὰρ
3004 1304 3177 1359 ἐνίοτε
3216 1308 3504 1363 ἀκολουθεῖ
3547 1315 3660 1375 τοῖς

2072 1385 2134 1438 ὲν
2165 1386 2389 1457 Χριστῷ
2424 1387 2617 1457 ζῶσιν,
2645 1392 2706 1445 οὐ
2744 1394 3063 1464 συνίστησιν
3093 1397 3201 1452 οὐδ’
3235 1399 3531 1469 ἐργάζεται
3560 1402 3661 1471 τὴν

2072 1477 2243 1550 ζωὴν,
2269 1479 2411 1534 ὥστε
2466 1482 2637 1554 μηδὲν
2678 1484 2846 1540 πλέον
2882 1487 2962 1550 είς
2995 1488 3199 1561 ἀρετὴν
3228 1487 3372 1544 εῖναι
3409 1492 3486 1562 τῷ
3521 1496 3661 1565 πρδς

2072 1572 2250 1627 ταῦτα
2283 1573 2447 1643 μόνον
2492 1577 2726 1647 ὁρῶντιο
2766 1580 2861 1631 καὶ
2890 1575 3062 1635 τοῦτο’
3096 1582 3374 1638 δείκνυσιν
3402 1588 3431 1641 ό
3482 1592 3663 1658 μακά-

2073 1680 2190 1735 ριος
2251 1665 2489 1733 Παῦλος,
2545 1670 2605 1723 ὲν
2659 1665 2746 1734 οἷς
2798 1673 3119 1744 Κορινθίοις
3176 1677 3430 1746 γράφων,
3464 1697 3482 1732 r
3533 1680 3659 1734 Ἐὰν

2071 1756 2219 1821 εἰδῶ,
2247 1760 2406 1830 φησὶ,
2436 1758 2506 1813 τά
2534 1763 2817 1833 μυστήρια
2848 1764 3049 1833 πάντα,
3088 1767 3183 1821 καὶ
3209 1767 3319 1840 ἔχω
3342 1772 3528 1825 πᾶσαν
3557 1775 3659 1844 τὴν

367 1849 689 1915 scientiam,
732 1848 1053 1902 eltaritatem
1105 1856 1284 1902 autem
1328 1860 1439 1900 non
1498 1844 1783 1908 habuero,
1830 1843 1956 1897 nihil

2075 1810 2563 1922 γνῶσιν,.ἀγάπην
2611 1852 2669 1906 δὲ
2701 1810 2775 1926 i3,
2803 1855 2934 1927 εχω,
2967 1810 3120 1912 οοὲέν
3164 1810 3319 1931 cur:

376 1958 526 2004 sum,
559 1950 610 1994 et
649 1938 828 1994 factus
858 1954 979 1995 sum
1005 1937 1153 1993 velut
1186 1952 1264 1993 aes
1294 1951 1500 1993 sonans
1534 1946 1626 1989 aut
1657 1932 1965 2005 cymbalum

375 2032 641 2086 tinniens.
670 2049 690 2083 ο
728 2029 905 2092 Unde,
934 2027 1149 2084 caeteris
1191 2024 1601 2097 praetermissis,
1634 2024 1804 2093 ipsam
1839 2022 1965 2076 ani-

380 2143 481 2180 ma:
509 2124 796 2180 videamus
826 2123 1184 2186 voluntatem,
1215 2122 1265 2174 in
1306 2134 1415 2190 qua
1444 2118 1699 2174 consistit
1730 2117 1967 2171 hominis

370 2217 597 2273 bonitas
645 2226 702 2270 et
748 2215 980 2279 malitia,
1018 2214 1230 2268 sanitas
1261 2220 1316 2267 et
1349 2210 1600 2274 morbus,
1633 2218 1688 2264 et
1736 2207 1967 2263 omnino

374 2312 486 2365 vita
541 2309 625 2363 vel
669 2323 853 2373 mors,
903 2322 1134 2377 quaeque
1173 2321 1300 2360 cum
1322 2304 1466 2360 bona
1492 2309 1578 2359 est
1611 2312 1667 2358 et
1692 2301 1761 2357 ad
1792 2301 1964 2357 Deum

356 2400 554 2458 solum
591 2400 788 2466 tendit,
822 2399 928 2454 vita
963 2400 1119 2455 beata
1149 2406 1255 2452 est.

426 2495 557 2547 ’lloe
600 2494 750 2547 enim
808 2493 1196 2564 mysteriorum
1236 2491 1585 2561 humanique
1617 2487 1786 2545 studii
1819 2503 1959 2559 opus

373 2597 482 2653 ρει,
518 2587 664 2656 quod
688 2586 846 2642 illius
877 2586 1022 2655 quod
1061 2601 1183 2638 vere
1220 2584 1425 2639 bonum
1456 2590 1542 2638 est
1581 2581 1962 2636 tantummodo

368 2681 513 2734 ratio
566 2680 835 2733 habeatur
864 2717 879 2732 .
935 2676 1072 2732 Nam
1123 2677 1289 2760 totius
1316 2691 1443 2747 erga
1469 2677 1734 2758 .homines
1764 2674 1962 2729 divinae

370 2789 514 2827 curae
543 2771 690 2836 ﬁnis,
724 2781 789 2825 ut
832 2771 1100 2835 videmus,
1126 2770 1239 2824 hoc
1287 2783 1461 2823 unum
1514 2776 1616 2834 est,
1646 2775 1701 2822 et
1749 2767 1817 2822 ad
1858 2768 1961 2823 hoc

366 2865 547 2921 tendit
569 2864 748 2920 omnis
781 2864 1051 2918 honorum
1088 2861 1382 2932 promissio
1410 2860 1698 2929 omnisque
1726 2859 1960 2914 commi-

364 2955 524 3009 natio
595 2955 891 3009 malorum.
943 2950 1118 3020 Hujus
1148 2953 1312 3004 etiam
1347 2952 1518 3018 gratia
1585 2951 1727 3004 Deus
1794 2964 1956 3002 mun-

371 3046 503 3100 dum
557 3044 716 3099 nobis
753 3044 900 3097 hunc
954 3041 1264 3105 aadiﬁeavit,
1313 3043 1563 3112 legesque
1611 3042 1830 3110 posuit,
1890 3053 1956 3095 ac

2070 1940 2274 2012 χαλκὸς
2299 1943 2454 2013 ἠχῶν
2487 1943 2521 2017 ἢ
2564 1944 2851 2015 κύμϐαλον
2900 1950 3195 2017 ἀλαλάζον.
3229 1971 3247 2005 ι
3288 1955 3450 2009 Ὅθεν
3487 1958 3658 2013 τᾶλλα

2071 2035 2529 2105 παραδραμόντες
2574 2040 2655 2103 είς
2701 2041 2871 2112 αὐτὴν
2901 2044 3104 2116 ἴδωμεν
3151 2046 3250 2118 τὴν
3305 2047 3523 2118 θέλησιν
3555 2051 3656 2122 τῆς

2073 2122 2421 2202 ψυχῆς,ἒνῇ
2474 2131 2569 2182 καὶ
2617 2134 2926 2206 χρηστότης
2978 2137 3315 2209 συνέστηκεν
3362 2141 3650 2213 ἀνθρώπου

2073 2224 2169 2274 καὶ
2200 2222 2461 2294 πονηρία,
2501 2224 2689 2279 καὶτὸ
2714 2226 2934 2296 ἀληθῶς
2955 2230 3221 2298 ὑγιαίνειν
3257 2234 3425 2287 καὶτὸ
3455 2238 3647 2300 νοσεῖν,

2067 2315 2164 2367 καὶ
2198 2313 2426 2368 καθόλου
2458 2313 2557 2388 ζῇν
2591 2316 2622 2388 ἢ
2651 2318 2927 2387 τεθνάναι,
2963 2320 3032 2392 ἢν
3060 2322 3121 2376 τὺ
3158 2325 3370 2395 ἀγαθὴν
3388 2323 3526 2381 εἶναι
3557 2333 3655 2383 καὶ

2067 2405 2208 2476 πρὸς
2234 2405 2370 2460 Θεὸν
2402 2408 2563 2478 μόνον
2589 2410 2795 2482 ἔχεινῆ
2829 2414 3080 2485 μακαρία
3118 2417 3235 2470 ἐστὶ
3273 2417 3411 2490 ζωή.

2137 2496 2314 2551 Τοῦτο
2365 2500 2476 2570 γὰρ
2529 2501 2626 2555 καὶ
2683 2504 3003 2576 μυστηρίων
3056 2509 3152 2562 καὶ
3208 2508 3439 2581 μελέτης
3488 2510 3652 2582 ἔργον

2063 2586 2381 2657 ἀνθρώπου,
2442 2592 2544 2661 τὴν
2602 2595 2830 2664 γνώμην
2890 2595 3058 2665 μόνου
3106 2601 3364 2668 γενέσθαι
3419 2602 3515 2656 τοῦ
3572 2605 3652 2669 ὡς

2061 2679 2280 2750 ἀληθῶς
2311 2681 2541 2766 ἀγαθοῦ.
2568 2684 2678 2738 Καὶ
2702 2686 2812 2756 γὰρ
2835 2687 2935 2759 τῆς
2964 2689 3059 2744 τοῦ
3089 2691 3226 2747 Θεοῦ
3251 2694 3382 2765 περὶ
3404 2696 3464 2749 τὺ
3490 2698 3650 2766 γένος

2062 2765 2387 2844 ἐπιμελείας
2424 2775 2647 2847 ἀπάσης
2700 2780 2877 2833 ἐκεῖνο
2906 2782 3073 2853 μόνον
3104 2786 3259 2851 τέλος
3304 2765 3645 2858 ἑστιν-ίδεῖν,

2062 2864 2156 2919 καὶ
2196 2866 2334 2935 πρὸς
2364 2867 2524 2922 τοῦτο
2553 2872 2704 2925 πᾶσα
2736 2875 2835 2941 μὲν
2866 2874 3088 2943 ἀγαθῶν
3118 2878 3422 2947 ἐπαγγελία
3463 2881 3645 2954 φέρει,

2063 2957 2215 3011 πᾶσα
2237 2957 2294 3011 δὲ
2328 2960 2515 3015 κακῶν
2541 2962 2742 3036 ἀπειλή
2772 2981 2786 2994 ·
2819 2967 2915 3021 καλ⁹
2935 2967 3130 3022 τούτου
3157 2971 3321 3041 χάριν
3341 2974 3368 3026 ό
3396 2974 3528 3038 Θεὸς
3554 2976 3648 3029 τὸν

2059 3050 2266 3121 κόσμον
2291 3051 2423 3123 ἡμῖν
2456 3051 2772 3128 ᾠκοδόμησε
2821 3059 3032 3128 τοῦτον,
3085 3066 3178 3117 καὶ
3223 3066 3419 3134 νόμους
3453 3067 3645 3141 ἔθηκε,

361 3138 520 3193 inille
544 3137 705 3191 bonis
732 3137 1055 3199 cumulavit,
1080 3136 1265 3190 multis
1303 3145 1485 3190 autem
1545 3150 1640 3190 rur
1674 3150 1738 3189 us
1780 3145 1956 3189 exter-

2059 3142 2153 3243 καὶ
2187 3143 2545 3243 μυρίοις-μὲν
2573 3142 2707 3217 ἧσεν
2738 3151 2988 3220 ἀγαθοῖς,
3023 3145 3237 3219 πολλοῖς
3284 3156 3340 3211 δὲ
3377 3136 3645 3230 μετῆλθεν

368 3231 484 3283 ruit
521 3228 704 3293 malis,
734 3237 793 3281 ut
827 3228 895 3282 ad
954 3227 1308 3296 semetipsum
1352 3240 1454 3280 nos
1496 3226 1741 3281 alliceret
1779 3227 1955 3280 addu-

2060 3235 2328 3306 ἀνιαροῖς,
2363 3237 2433 3291 ἵν’
2464 3242 2547 3304 εἰς
2577 3240 2772 3296 ἑαυτὸν
2806 3246 3116 3319 ἐπιστρέψῃ
3149 3251 3246 3304 καὶ
3277 3226 3439 3324 πείσῃ
3467 3226 3645 3308 θέλειν

361 3333 625 3390 “iretque
654 3331 710 3373 ut
760 3320 937 3390 ipsum
990 3321 1165 3375 solum
1225 3319 1455 3374 telimus
1517 3312 1581 3372 ae
1642 3317 1954 3386 diligamus.

362 3410 486 3465 {loc
538 3418 725 3464 autem
801 3408 1152 3463 manifestum
1222 3416 1420 3462 estex
1470 3422 1538 3461 eo
1601 3408 1744 3475 quod
1816 3408 1956 3461 hanc

360 3509 539 3562 solam
571 3520 600 3558 a
639 3503 822 3565 nobis,
852 3502 905 3555 iu
954 3516 1100 3573 quos
1144 3500 1412 3555 beneﬁcia
1432 3501 1689 3563 contulit,
1716 3501 1955 3568 reposcit

366 3598 701 3660 mercedem,
736 3605 789 3649 ut
825 3596 1057 3650 velimus
1082 3595 1283 3648 bonum
1315 3594 1535 3662 etquod
1558 3594 1844 3648 honestum
1870 3601 1955 3648 est

361 3700 549 3744 mente
587 3691 912 3743 recolamus.
962 3686 1079 3742 {loc
1134 3692 1406 3742 testantur
1439 3686 1620 3740 omnia
1643 3697 1949 3757 praecepta;

368 3785 471 3838 hoc
521 3783 941 3837 exhortationes
996 3791 1051 3834 et
1108 3779 1293 3835 omnis
1349 3792 1532 3835 sermo
1563 3779 1861 3850 respiciens
1898 3787 1953 3834 et

356 3877 675 3944 produeeus
697 3875 985 3930 hominum
1021 3873 1332 3928 utilitatem.
1366 3870 1542 3927 llomo
1570 3873 1715 3926 enim
1740 3871 1954 3942 cupidi-

350 3977 529 4023 ‘tatcm
575 3969 975 4031 coudemnans,
1010 3964 1252 4020 carnalia
1301 3964 1571 4018 desideria
1623 3964 1945 4034 reprimens,

358 4061 705 4115 iracundiam
739 4058 1025 4114 refrenans
1056 4059 1301 4124 malique
1330 4056 1648 4110 memoriam
1683 4055 1909 4111 abolens
1929 4093 1947 4121 ,

354 4153 499 4205 nihil
574 4151 685 4205 nisi
766 4149 1064 4204 voluntatis
1147 4150 1449 4203 bonitatem
1504 4156 1560 4203 et
1618 4148 1945 4204 modestiam

352 4242 1006 4309 exposcitnursumque
1052 4249 1345 4309 paupertas
1388 4240 1443 4293 in
1487 4240 1709 4310 spiritu,
1739 4242 1944 4306 luctus,

302 4396 308 4401 ,
363 4333 763 4397 misericordia,
785 4333 1173 4396 mansuetudo,
1194 4342 1688 4398 etcwteraeuncta,
1707 4347 1942 4402 quorum

361 4436 662 4483 sectatores
682 4424 940 4480 Christus
963 4426 1250 4494 appellavit
1277 4426 1485 4492 beatos,
1502 4425 1792 4480 manifeste
1814 4433 1941 4480 sunt

2060 3326 2224 3382 αὐτὸν
2251 3330 2342 3382 καὶ
2385 3333 2551 3401 μόνον
2579 3332 2783 3402 φιλεῖν.
2815 3333 2987 3390 Τοῦτο
3014 3339 3072 3392 δὲ
3116 3340 3299 3411 δῆλον,
3326 3345 3384 3410 ἐξ
3410 3338 3485 3400 ὧν
3514 3347 3648 3400 ταῦ-

2054 3436 2157 3491 την
2196 3422 2365 3493 μόνην
2393 3423 2525 3496 παρ’
2549 3427 2730 3497 ἡμῶν,
2760 3429 2903 3501 ὑπὲρ
2932 3425 3006 3485 ὧν
3033 3429 3091 3488 εὖ
3124 3438 3448 3508 πεποίηκεν,
3481 3440 3644 3495 ἀπαι-

2056 3519 2141 3610 τεῖ
2169 3518 2269 3589 τὴν
2300 3520 2497 3590 φορὰν,
2523 3519 2583 3574 τὸ
2615 3522 2820 3591 ἀγαθὸν
2849 3526 3138 3596 βούλεσθαι
3163 3532 3260 3586 καὶ
3287 3534 3385 3605 τὴν
3414 3535 3642 3610 γνώμην

2056 3599 2200 3661 εἶναι
2228 3612 2505 3680 χρηστούς
2524 3629 2538 3643 ο
2571 3614 2666 3668 καὶ
2699 3619 3040 3688 μαρτυροῦσι
3073 3621 3171 3691 μὲν
3195 3599 3407 3680 ἐντολαὶ
3426 3599 3639 3700 “π‹ιςὲαέ,

2060 3702 2399 3773 μαρτυροῦσι
2429 3707 2485 3759 δὲ
2539 3710 2894 3779 παραινέσεις
2929 3715 3023 3768 καὶ
3072 3717 3260 3783 ἁπλῶς
3304 3719 3461 3790 λόγος
3495 3723 3642 3790 ἄπας

2055 3791 2367 3886 ἀνθρώποις
2398 3794 2593 3865 ὄφελος
2627 3798 2792 3870 ἔχων,
2829 3803 2911 3865 είς
2957 3804 3118 3859 τοῦτο
3151 3810 3356 3878 φέρων.
3390 3813 3503 3867 Καὶ
3529 3815 3640 3886 γὰρ

2053 3883 2370 3950 πλεονεξίαν
2395 3888 2640 3961 ἀναιρῶν
2691 3893 2787 3945 καὶ
2823 3896 3095 3966 σωμάτων
3140 3899 3444 3971 ἐπιθυμίαν
3474 3883 3640 3959 κολάξ-

2053 3971 2163 4038 ζων
2192 3978 2289 4030 καὶ
2320 3977 2492 4049 θυμὸν
2540 3980 2725 4053 ἄγχων
2778 3986 2871 4037 καὶ
2907 3990 3276 4058 μνησικακίαν
3330 3994 3636 4067 ἐκϐάλλων,

2049 4066 2205 4120 οὐδὲν
2233 4066 2266 4137 ἦ
2297 4068 2529 4142 γνώμης
2554 4077 2906 4145 χρηστότητα
2938 4081 3034 4133 καὶ
3062 4083 3364 4139 ἐπιείκειαν
3390 4066 3630 4144 ἁπαιτεῖέ

2048 4158 2143 4211 καὶ
2179 4155 2339 4224 αὖθις
2378 4163 2411 4227 ἡ
2458 4163 2517 4217 ἐν
2572 4166 2845 4237 πνεύματι
2899 4174 3143 4243 πτωχεία
3188 4177 3282 4230 καὶ
3323 4179 3384 4233 τὸ
3417 4179 3634 4236 πενθεῖν

2047 4250 2142 4303 καὶ
2181 4251 2242 4304 τὸ
2292 4253 2465 4310 ὲλεεῖν
2509 4260 2607 4312 καὶ
2655 4262 2716 4313 τὸ
2748 4264 2925 4333 πρᾶον
2972 4261 3118 4321 εἶναι
3159 4269 3252 4322 καὶ
3304 4272 3411 4325 τῶν
3454 4274 3631 4329 ἄλλων

2045 4340 2299 4412 ἕκαστον,
2330 4344 2366 4400 ἃ
2421 4347 2551 4412 τοὺς
2597 4353 2999 4423 κατορθοῦντας
3049 4358 3079 4411 ὁ
3122 4359 3357 4429 Χριστ¹ς
3406 4364 3633 4429 ἔθαλπε

2049 4434 2382 4506 μακαρίους,
2422 4438 2665 4513 ἀτεχνῶς
2691 4444 2831 4516 ἔργα
2863 4446 3156 4519 θελήσεως.
3179 4425 3312 4508 ’Ἐτι
3336 4425 3393 4509 δὲ
3416 4425 3475 4510 τὸ
3504 4475 3633 4514 συν-

352 4534 525 4590 eliera
558 4518 878 4571 voluntatis.
909 4515 1012 4570 Sed
1063 4529 1117 4570 et
1155 4520 1318 4572 rectis
1363 4518 1678 4573 consentire
1718 4517 1944 4587 dogma-

2059 4525 2239 4583 θέσθαι
2272 4534 2385 4596 τοῖς
2412 4534 2590 4605 ὀρθοῖς
2620 4539 2728 4592 τῶν
2759 4515 3045 4611 δογμάτων
3075 4515 3170 4599 καὶ
3218 4550 3348 4618 περὶ
3382 4551 3520 4605 Θεοῦ
3555 4554 3626 4607 τὰ

363 4614 506 4664 tinus
559 4619 614 4663 et.
664 4608 848 4661 omnia
882 4610 948 4661 ad
983 4606 1152 4662 Deum
1185 4609 1412 4677 referre,
1451 4612 1586 4665 bene
1608 4616 1944 4688 moratorum

350 4716 477 4769 est;
528 4718 597 4755 ac
643 4700 908 4767 omnino,
959 4713 1180 4770 propter
1226 4702 1557 4756 eharitatem
1613 4699 1759 4756 Deus
1810 4699 1946 4755 dicit

348 4814 575 4851 omnem
611 4796 838 4865 positam
868 4809 995 4850 esse
1020 4794 1228 4865 legem;
1277 4796 1518 4850 eliaritas
1560 4805 1740 4848 autem
1791 4794 1947 4848 bona:

348 4888 556 4942 indolis
578 4898 662 4940 est
688 4887 883 4940 virtus.
910 4884 1048 4940 Cum
1084 4887 1253 4955 igitur
1285 4894 1406 4953 post
1434 4899 1654 4939 onmem
1699 4883 1946 4954 discipli-

360 4995 485 5033 nam
525 4978 989 5047 sepiovideutiam
1022 4976 1317 5032 voluntatis
1347 4975 1492 5031 Deus
1520 4991 1549 5028 a
1578 4975 1734 5031 nobis
1761 4976 1946 5044 requi-

354 5083 444 5125 rat
495 5070 744 5136 fruetus,
770 5071 1050 5125 evidenter
1106 5072 1158 5123 in
1202 5068 1352 5123 illam
1391 5076 1588 5123 cuncta
1619 5070 1871 5134 seminat,
1890 5076 1945 5123 et

340 5178 577 5217 omnem
612 5163 662 5215 in
699 5178 761 5217 ea
791 5163 1015 5231 deponit
1045 5161 1111 5214 ad
1160 5162 1366 5215 bonum
1410 5165 1708 5230 potentiam
1740 5176 1805 5216 ac
1833 5161 1944 5215 dis-

360 5254 709 5322 positionem.
781 5254 973 5320 ltaque
1042 5252 1376 5321 baptismum
1450 5267 1669 5322 quoque
1717 5240 1939 5309 adhoc

338 5349 517 5404 nobis
563 5348 733 5413 dedit,
769 5355 825 5401 et
851 5349 905 5399 in
938 5348 1153 5401 caeteris
1177 5361 1277 5402 nos
1318 5348 1577 5414 initiavit,
1602 5357 1660 5402 ut
1697 5349 1752 5404 in
1781 5349 1939 5405 nobis

357 5444 557 5498 bonam
588 5444 828 5497 efﬁceret
854 5442 1208 5505 voluntatem,
1237 5440 1303 5494 ad
1329 5443 1471 5512 quod
1495 5443 1729 5513 pertinet
1753 5446 1938 5497 omnis

339 5538 749 5606 mysteriorum
782 5541 1031 5602 potestas
1076 5546 1132 5587 et
1177 5551 1316 5588 nova
1357 5536 1485 5591 inde
1513 5537 1769 5591 exoriens
1803 5538 1933 5591 vita.

346 5631 620 5681 Caeterum
667 5627 798 5697 quid
856 5628 1069 5679 tandem
1126 5630 1284 5683 nobis
1330 5630 1616 5698 potestatis
1646 5625 1938 5682 conferunt.

346 5720 643 5787 mysteria?
695 5720 773 5772 Ad
831 5718 1068 5773 futuram
1132 5721 1297 5773 vitam
1371 5730 1702 5792 praeparant,
1748 5729 1807 5775 ut
1858 5720 1937 5775 ait

340 5806 583 5878 Paulus,
608 5829 628 5862 ι
656 5812 880 5867 virtutes
907 5821 1034 5868 sunt
1065 5812 1277 5869 venturi
1309 5813 1517 5869 saeculi.
1542 5832 1560 5866 ι
1589 5813 1730 5880 Quid
1749 5823 1932 5869 autem

2046 4619 2178 4675 ὄντα
2210 4623 2528 4692 πιστεῦσαι,
2564 4627 2675 4683 τῶν
2721 4632 3085 4704 εὐγνωμόνων
3117 4639 3327 4702 γίνεται
3350 4657 3367 4673 ο
3400 4642 3498 4697 καὶ
3528 4662 3635 4697 κα-

2049 4712 2207 4806 θόλου
2232 4715 2329 4786 τῆς
2359 4718 2583 4792 ἀγάπης
2607 4720 2775 4777 ἕνεκα
2804 4725 2982 4781 πάντα
3008 4730 3175 4801 φησὶν
3197 4732 3224 4786 ὁ
3248 4731 3382 4798 Θεὸς
3407 4735 3632 4806 τεθῆναι

2044 4804 2138 4902 τον
2168 4806 2352 4902 νόμον,
2396 4811 2429 4881 ἡ
2483 4810 2541 4864 δὲ
2590 4813 2782 4885 ἀγάπη
2825 4816 2925 4887 τῆς
2973 4819 3203 4892 γνώμης
3237 4824 3389 4879 ἐστὶν
3434 4804 3629 4902 ἀρετή.

2048 4892 2178 4947 Ὅτε
2210 4897 2396 4952 τοίνυν
2431 4901 2569 4970 μετὰ
2613 4904 2795 4957 πᾶσαν
2832 4905 3085 4960 παιδείαν
3122 4911 3219 4964 καὶ
3245 4892 3504 4982 πρόνοιαν
3539 4892 3632 4970 θέ-

2045 4984 2254 5078 λήσεως
2300 4990 2452 5059 ἡμᾶς
2491 4992 2519 5043 ὁ
2571 4990 2711 5057 Θεὸς
2757 4995 3081 5066 εἰσπράττει
3139 5005 3414 5072 καρποὺς,
3469 5007 3628 5078 δῆλός

2044 5077 2199 5131 ἐστιν
2232 5081 2313 5143 εἰς
2373 5081 2593 5152 ἐκείνην
2641 5082 2864 5142 ἅπαντα
2913 5090 3156 5161 σπείρων
3203 5093 3298 5147 καὶ
3359 5077 3539 5151 πᾶσαν
3568 5099 3628 5151 εν

2042 5171 2182 5241 αὐτῇ
2210 5173 2700 5245 καταὸαλλόμενος
2738 5181 2839 5249 τὴν
2874 5182 2955 5246 είς
2984 5183 3225 5252 τάγαθὸν
3268 5185 3500 5257 δύναμιν
3531 5192 3628 5245 καὶ

2042 5266 2441 5335 παρασκευήν,
2475 5269 2685 5321 Οὐκοῦν
2738 5272 2834 5323 καὶ
2879 5274 2940 5325 τὸ
2999 5273 3282 5348 βάπτισμα
3331 5279 3418 5333 διά
3469 5282 3629 5336 τοῦτο

2041 5350 2246 5405 δέδωκε
2279 5358 2372 5408 καὶ
2424 5356 2598 5411 τᾶλλα
2639 5361 2795 5430 ἡμᾶς
2848 5364 3122 5433 ἐτέλεσεν,
3178 5367 3266 5420 ῐνα
3314 5370 3452 5440 πρὸς
3492 5374 3626 5442 ἡμῖν

2038 5446 2253 5517 ἀγαθὴν
2284 5451 2485 5522 ποιήσῃ
2519 5453 2618 5521 τὴν
2652 5455 2904 5525 γνώμην,
2941 5459 3035 5510 καὶ
3083 5460 3240 5512 πᾶσα
3272 5461 3383 5514 τῶν
3418 5479 3629 5535 μυστη-

2042 5541 2172 5608 ρίων
2207 5542 2238 5610 ἡ
2267 5540 2499 5614 δύναμις
2531 5548 2682 5616 καὶὴ
2719 5550 2880 5619 καινὴ
2921 5549 3036 5621 ζωὴ
3081 5553 3216 5623 παρ’
3246 5557 3406 5626 αὐτῇ.
3446 5555 3625 5622 Ὀλως

2036 5631 2092 5683 δὲ
2122 5633 2175 5685 τί
2209 5650 2343 5687 ποτε
2368 5638 2498 5706 ἡμῖν
2528 5638 2586 5689 αἱ
2618 5639 2834 5692 τελεταὶ
2866 5642 3166 5712 δύνανταις
3198 5648 3339 5717 Πρὸς
3367 5648 3459 5700 τὺν
3492 5649 3626 5717 μέλ-

2036 5722 2201 5778 λοντα
2242 5726 2355 5796 βίον
2392 5731 2880 5797 παρασκευάζουσι
2909 5750 2923 5764 ο
2973 5754 2993 5787 ‹
3031 5739 3304 5808 Δυνάμεις
3355 5741 3465 5808 γάρ
3516 5742 3626 5793 εισι

2042 5816 2137 5871 τοῦ
2171 5817 2459 5889 μέλλοντος
2481 5821 2700 5890 αἰῶνος,
2740 5844 2758 5877 ι
2864 5843 2995 5898 φησι
3028 5830 3235 5894 Παῦλος
3260 5845 3277 5863 ο
3308 5834 3362 5885 τί
3392 5832 3448 5887 δέ
3473 5832 3624 5886 ἐστιν
