4036 6464
363 503 477 567 889

1362 509 1459 568 DE
1502 509 1673 568 VlTA
1711 511 1791 571 IN
1833 510 2164 571 CHRI'STO
2207 511 2349 573 LIB.
2389 513 2525 573 νιι.

3503 517 3608 577 ϐυ)

360 607 407 682 ᾧ
423 615 572 686 μόνῳ
599 616 1136 690 παρασκευαζόμεθα
1160 638 1175 686 ;
1209 620 1283 675 Τὸ
1312 624 1553 694 τηρήσαι
1582 623 1681 689 τὰς
1714 626 1934 690 ἐντολὰς

2039 630 2123 677 εει
2163 623 2235 678 ad
2259 625 2412 694 quod
2468 604 2636 679 unum
2697 624 3190 695 disponitnur?Ad
3253 625 3398 683 illius
3430 638 3613 683 custo-

362 706 456 760 τοῦ
488 707 791 777 στεφανοῦν
830 709 929 764 καὶ
955 709 1210 776 κολάζειν
1255 713 1349 766 ἐπὶ
1376 713 1473 768 τοῦ
1524 715 1814 784 μέλλοντος
1840 717 1937 769 δυ-

363 797 810 867 ναμένουοτοῦτο
846 801 959 872 γὰρ
985 803 1078 856 τὸν
1108 801 1244 856 Θεὸν
1274 803 1441 857 αὐτὸν
1479 805 1613 874 ἡμῖν
1654 806 1934 871 ἐνοικίζει.

368 900 388 934 t
434 883 493 936 Ὀ
523 884 633 953 γὰρ
680 886 917 953 ἀγαπῶν
959 906 1050 961 με,
1087 891 1240 961 φησὶ,
1282 891 1380 955 τὰς
1424 893 1648 949 ἐντολάς
1688 913 1790 965 μου
1842 914 1939 965 τη·-

365 974 545 1045 ρήσει,
577 979 674 1034 καὶ
698 980 728 1032 ό
750 978 942 1052 Πατήρ
970 999 1074 1052 μου
1105 985 1389 1057 ἀγαπήσει
1426 988 1612 1052 αὑτὸν,
1651 989 1746 1042 καὶ
1782 988 1938 1042 ἐλευ-

362 1064 592 1135 σόμεθα,
623 1068 718 1121 καὶ
761 1069 932 1141 μονήν
986 1074 1118 1142 παρ’
1143 1073 1292 1146 αύτῷ
1339 1077 1666 1147 ποιήσομεν.
1703 1097 1723 1130 ι
1753 1077 1830 1130 Τὸ
1880 1078 1935 1132 δὲ

364 1158 539 1212 σῶσαι
567 1160 697 1224 τοὺς
737 1161 937 1232 νόμους
963 1164 1062 1235 τῆς
1094 1165 1322 1238 γνώμης
1351 1168 1499 1223 ἅπαν
1525 1169 1664 1225 ἐστί.
1694 1171 1803 1225 Καὶ
1826 1172 1937 1242 γὰρ

362 1245 503 1304 ἆθλα
533 1254 713 1307 κεῖται
747 1256 862 1318 τοῖς
893 1257 1191 1312 αἰδεσθεῖσι
1220 1263 1313 1314 τὸν
1352 1262 1652 1334 νομοθέτην
1685 1265 1935 1335 καθάπερ

361 1344 626 1414 τιμωρίαι
677 1347 792 1410 τοῖς
827 1346 1191 1421 ὑπερόπταις,
1238 1350 1299 1405 τὸ
1329 1352 1388 1406 δὲ
1434 1353 1677 1408 τοιοῦτον
1722 1356 1934 1410 ἐθελού-

365 1450 500 1487 σιον.
547 1434 718 1490 Τοῦτο
748 1438 856 1508 γάρ
886 1440 1003 1494 ἐστι
1035 1443 1134 1513 τῆς
1162 1442 1341 1514 ψυχῆς
1364 1445 1423 1497 τὸ
1449 1446 1548 1509 τὰς
1580 1446 1820 1503 εὐθύνας
1847 1448 1934 1502 δε-

363 1526 594 1596 χόμενον
633 1531 933 1600 πανταχοῦ,
975 1535 1068 1585 καὶ
1115 1534 1229 1587 τῶν
1259 1536 1610 1591 παντάπασιν
1658 1541 1934 1594 ἀκουσίων

361 1618 485 1673 οὔτε
518 1620 783 1687 στέφανον
808 1623 934 1677 οὒτε
984 1626 1260 1697 τιμωρίαν
1293 1628 1440 1697 εὖροι
1468 1646 1554 1694 τις
1592 1630 1661 1686 ἄν
1685 1646 1699 1661 ⁸
1737 1632 1932 1686 οὐκοῦν

362 1712 411 1763 εί
438 1712 540 1780 τήν
560 1714 788 1786 γνώμην
817 1710 1205 1787 ἀναπτύξομεν
1235 1719 1330 1773 τοῦ
1367 1721 1510 1775 κατά
1540 1721 1673 1776 Θεὸν
1705 1722 1929 1789 ζῶντος,

362 1805 422 1856 ὲν
450 1805 591 1875 αὐτῇ
623 1806 951 1875 λάμπουσαν
982 1811 1291 1883 εὑρήσομεν
1319 1812 1420 1885 τήν
1450 1816 1729 1886 μακαρίαν
1759 1814 1928 1887 ζωήν·

362 1893 512 1950 ὡσάν
538 1896 597 1950 δὲ
623 1899 804 1952 πᾶσαν
830 1900 1000 1971 αὐτῆς
1030 1902 1263 1972 εἰδῶμεν
1303 1904 1398 1974 τὴν
1423 1905 1678 1976 δύναμιν,
1712 1910 1800 1961 ἐπ’
1831 1910 1930 1962 αύ-

361 1983 462 2053 τῆς
491 1984 660 2055 αὐτὴν
690 1988 1004 2058 σκεψόμεθα
1033 1994 1131 2061 τῆς
1177 1994 1507 2065 ὑπερϐολῆς,
1554 1996 1804 2067 καθάπερ
1834 1998 1927 2053 καὶ

365 2075 615 2147 σώματος
640 2081 795 2151 ίσχὺν
837 2082 931 2134 ἐπὶ
965 2085 1064 2154 τῆς
1099 2085 1306 2155 ἀκμῆς.
1345 2087 1658 2161 ’Υπερϐολή
1683 2088 1741 2143 δὲ
1769 2090 1931 2159 θελή-

362 2183 498 2232 σεως
532 2168 694 2240 ήδονὴ
733 2172 828 2226 καὶ
881 2172 1049 2245 λύπη,
1082 2176 1144 2228 τὸ
1182 2179 1281 2246 μὲν
1323 2182 1696 2251 προσιεμένης
1726 2182 1930 2251 ότιοῦν,

363 2262 539 2315 ἐκεῖνο
567 2263 623 2317 δὲ
655 2267 1066 2337 ἐκτρεπομένης
1089 2285 1107 2302 ο
1142 2271 1263 2323 ὅθεν
1306 2273 1366 2324 ὲν
1404 2273 1616 2337 τούτοις
1646 2275 1740 2327 avo
1753 2292 1931 2345 ρωπος

362 2353 390 2406 ὅ
415 2371 468 2409 τι
500 2354 635 2419 ἔστι,
668 2357 942 2427 φαίνεται,
980 2362 1273 2418 καὶταῦτα
1305 2367 1397 2417 τὸν
1426 2366 1662 2420 ἑκάστου
1685 2367 1931 2423 δείκνυσι

360 2451 561 2521 τρόπον
593 2452 686 2504 καὶ
734 2454 861 2517 τοὺς
896 2457 1171 2525 πονηροὺς
1219 2455 1457 2529 διῖστησι
1499 2459 1610 2513 τῶν
1654 2461 1929 2530 χρηστῶν.

364 2543 472 2596 Καὶ
497 2542 641 2597 οῦτω
675 2544 849 2610 διττὸς
881 2549 908 2600 δ
932 2549 1042 2601 τῶν
1068 2548 1373 2619 ἀνθρώπων
1403 2551 1615 2618 γίνεται
1650 2553 1787 2624 βίος,
1823 2553 1932 2607 τῶν

369 2635 466 2704 μὲν
492 2638 747 2708 πονηρῶν
771 2644 1019 2711 αἰσχροῖς
1049 2645 1144 2698 καὶ
1179 2643 1452 2714 ματαίοις,
1489 2647 1600 2699 τῶν
1631 2647 1688 2701 δὲ
1712 2648 1933 2715 ἀγαθῶν

365 2729 666 2799 χαιρόντων
690 2736 803 2797 τοῖς
839 2734 1084 2802 ἀγαθοῖς,
1119 2738 1215 2790 καὶ
1254 2739 1365 2792 τῶν
1400 2740 1501 2807 μὲν
1542 2743 1654 2804 τοῖς
1687 2741 1936 2795 δοκοῦσιν

276 2825 290 2839 ’
365 2821 577 2890 ἀηδέσι,
602 2825 709 2878 τῶν
739 2826 795 2879 δὲ
825 2831 938 2892 τοῖς
973 2829 1047 2891 ὡς
1088 2829 1304 2901 ἀληθῶς
1345 2833 1536 2896 κακοῖς
1578 2832 1895 2903 ἀχθομένων
1917 2848 1933 2863 ⁸

369 2915 462 2967 καὶ
504 2916 566 2968 οὐ
621 2918 854 2987 πονηρία
906 2923 998 2972 καὶ
1054 2920 1367 2992 χρηστότης
1422 2925 1605 2992 μόνον,
1648 2925 1784 2978 ἀλλά
1843 2924 1937 2978 καὶ

370 3002 622 3072 ῥᾳστώνη
654 3004 773 3073 βίου
807 3010 903 3061 καὶ
935 3009 1194 3062 δυσκολία
1220 3012 1312 3063 καὶ
1342 3012 1400 3065 τὸ
1440 3010 1728 3082 δυστυχεῖν
1757 3015 1851 3067 καὶ
1877 3015 1938 3069 τὸ

368 3095 628 3162 πράττειν
657 3091 717 3149 εὖ
747 3097 857 3151 ἀπὸ
898 3100 1105 3153 τούτων
1147 3102 1419 3172 κρίνεται.
1452 3098 1550 3168 Οἷς
1581 3106 1760 3159 τοίνυν
1810 3109 1939 3179 περὶ

368 3184 511 3256 ζωῆς
538 3189 820 3258 μακαρίας
858 3193 884 3244 ὁ
930 3191 1108 3261 λόγος,
1138 3194 1255 3258 πῶς
1286 3195 1386 3249 οὐκ
1426 3197 1701 3265 ἀναγκαία
1733 3199 1940 3254 τούτων

2041 714 2236 769 dienda
2292 726 2581 786 prmeepta,
2619 718 2714 788 qui
2764 729 2942 788 potest
2966 718 3020 773 in
3051 718 3297 774 futurum
3345 735 3613 775 coronare

2042 809 2123 862 vel
2152 809 2376 878 punire;
2413 807 2518 866 hoc
2549 811 2692 866 enim
2734 810 2901 866 Deum
2943 813 3119 881 ipsum
3158 813 3210 866 in
3246 815 3405 868 nobis
3450 815 3609 868 inha-

2042 899 2216 955 bitare
2267 899 2418 956 facit.
2454 921 2473 955 ι
2514 902 2615 969 Qui
2672 904 2841 966 enim,
2875 904 3073 973 inquit,
3102 905 3280 974 diligit
3315 923 3423 970 me,
3476 922 3612 976 pra-.-

2038 999 2193 1060 cepta
2241 1006 2358 1045 mea
2388 991 2649 1057 servabit,
2692 1001 2744 1048 et
2774 992 2935 1048 Pater
2977 1010 3130 1050 mens
3160 994 3351 1065 diliget
3377 1011 3525 1060 eum,
3557 1004 3611 1051 et

2039 1083 2358 1151 veniemus,
2394 1095 2451 1140 et
2482 1086 2819 1141 mansionem
2869 1088 3013 1158 apud
3046 1088 3227 1157 ipsum
3258 1088 3539 1144 faciemus.
3586 1108 3605 1141 ι

2041 1175 2164 1232 Haec
2187 1187 2367 1232 autem
2400 1177 2713 1233 observatio
2744 1179 2945 1250 legum,
2969 1180 3033 1235 ad
3076 1180 3408 1235 voluntatem
3454 1197 3610 1252 pror-

2039 1283 2134 1323 sus
2155 1270 2371 1323 attinet.
2393 1269 2603 1324 Etenim
2622 1271 2841 1339 praemia
2863 1279 3064 1340 pra‘sto
3088 1282 3216 1327 sunt
3246 1273 3609 1341 lcgislatort-m
3652 1321 3657 1325 _

2038 1359 2441 1425 venerantibus,
2464 1362 2922 1430 quemadmalum
2956 1378 3128 1433 preme
3150 1364 3573 1432 despicientibus
3594 1380 3608 1422 :

2037 1450 2216 1506 ethoc
2244 1452 2607 1507 voluntarium
2637 1463 2738 1508 est.
2776 1451 2892 1508 Hoc
2924 1454 3067 1508 enim
3091 1463 3175 1509 est
3206 1456 3428 1522 animm,
3466 1455 3608 1524 quod

2038 1536 2380 1609 disciplinam
2430 1541 2631 1610 ubique
2658 1542 2890 1611 recipit;
2913 1551 2966 1597 et
2990 1543 3204 1597 illorum
3238 1560 3360 1612 quae
3384 1559 3612 1613 prorsus

1996 1628 2000 1634 ’
2036 1628 2206 1686 invite
2229 1642 2485 1702 aguntur,
2516 1649 2680 1689 nemo
2703 1649 2958 1689 coronam
2992 1649 3094 1689 nec
3122 1651 3341 1705 poenam
3373 1636 3613 1689 invenire
3706 1682 3713 1695 ,

2035 1727 2230 1796 possit.
2284 1724 2473 1797 Itaque
2527 1727 2572 1782 si
2612 1725 2947 1782 voluntatem
2999 1727 3120 1797 ejus
3169 1727 3261 1797 qui
3306 1726 3613 1782 secundum

2041 1817 2208 1873 Deum
2228 1817 2383 1884 vivit,
2402 1817 2852 1887 expanderimus,
2880 1818 2936 1872 in
2958 1817 3060 1872 hac
3083 1818 3353 1871 lucentem
3368 1815 3615 1870 invenie-

2038 1926 2161 1966 mus
2181 1911 2394 1965 beatam
2414 1911 2581 1965 vitam
2604 1926 2619 1975 ;
2639 1919 2698 1964 ut
2723 1920 2904 1965 autem
2920 1924 3143 1965 omnem
3163 1908 3311 1963 illius
3328 1907 3644 1963 videamus'

2033 2004 2354 2074 potentiam,
2393 2002 2533 2058 hanc
2559 2005 2611 2056 in
2645 2004 2759 2073 ipsa
2780 2002 3186 2073 speculabimur
3205 2001 3611 2071 exsuperantia,

2030 2094 2493 2169 quemadmodum
2515 2094 2764 2165 corporis
2795 2094 2935 2150 vires
2958 2093 3339 2164 injuventute.
3366 2091 3613 2162 Exsupe-

2033 2188 2208 2244 rantia
2232 2196 2416 2243 autem
2454 2187 2757 2243 voluntatis
2774 2196 2860 2242 est
2884 2188 3139 2257 voluptas
3170 2194 3222 2240 et
3256 2186 3457 2250 luctus,
3482 2186 3623 2241 hinc

2031 2279 2248 2349 quidem
2267 2275 3246 2349 quodcunquelactanteraccipientis,
3270 2276 3418 2330 illine
3435 2283 3612 2330 autem

2036 2372 2366 2440 repellentis.
2394 2369 2547 2425 Unde
2603 2371 2767 2424 homo
2798 2369 2928 2439 quid
2972 2370 3042 2425 sit
3105 2368 3160 2424 in
3219 2364 3305 2424 liis
3355 2376 3613 2438 apparet;
3697 2438 3701 2442 _

2036 2464 2148 2518 haec
2187 2462 2624 2531 uniuscujusque
2682 2476 2866 2517 mores
2896 2464 3216 2527 ostendunt,
3251 2477 3313 2517 ac
3353 2471 3552 2532 pravos
3584 2478 3617 2516 α

2036 2550 2191 2604 bonis
2247 2560 2562 2605 secernunt.
2603 2550 2667 2603 Et
2718 2553 2790 2605 ita
2823 2551 3020 2620 duplex
3051 2552 3108 2605 (it
3143 2552 3437 2606 hominum
3475 2552 3621 2614 vita.

2036 2656 2329 2710 pravorum
2363 2641 2581 2711 quidem
2618 2640 2709 2710 qui
2744 2643 2808 2696 de
2842 2642 3094 2710 turpibus
3128 2643 3388 2711 vanisque
3423 2643 3612 2696 laetan-

2037 2741 2144 2797 tur,
2176 2733 2442 2786 honorum
2477 2742 2660 2786 autem
2701 2733 2799 2803 qui
2822 2733 2980 2788 bonis
3011 2735 3389 2803 congaudent;
3420 2749 3621 2789 rursus

2038 2824 2254 2879 illorum
2290 2826 2384 2895 qui
2410 2825 2478 2880 de
2506 2825 2673 2880 rebus
2700 2841 2800 2895 per
2824 2828 3062 2896 speciem
3089 2825 3293 2882 odiosis
3326 2826 3530 2896 lugent,
3561 2834 3616 2881 et

2038 2916 2266 2972 istorum
2317 2916 2411 2986 qui
2443 2916 2511 2972 de
2554 2919 2720 2972 rebus
2745 2933 2874 2973 vere
2904 2917 3066 2973 malis
3102 2918 3512 2973 contristantur.
3552 2916 3617 2973 Et

2038 3019 2149 3059 non
2179 3006 2359 3060 solum
2406 3006 2734 3076 perversitas
2764 3015 2818 3061 et
2841 3007 3088 3073 bonitas,
3130 3009 3225 3063 sed
3256 3019 3310 3062 et
3343 3008 3472 3062 vita:
3497 3007 3623 3063 dul-

2040 3098 2174 3153 cedo
2207 3100 2643 3170 morositasque,
2686 3101 2973 3156 calamitas
3005 3115 3068 3155 ac
3103 3102 3439 3171 prosperitas
3472 3110 3625 3157 recte

2040 3206 2108 3248 ex
2158 3191 2246 3248 his
2276 3191 2617 3262 judicantur.
2652 3192 2868 3260 Quibus
2916 3207 3049 3262 ergo
3089 3194 3156 3248 de
3186 3194 3294 3247 vita
3337 3194 3495 3248 beata
3534 3202 3623 3250 εει

365 3277 399 3346 ή
428 3276 648 3348 θεωρία.
686 3282 817 3351 παρ’
838 3277 922 3344 οἷς
948 3286 1040 3336 καὶ
1070 3284 1131 3338 τὸ
1159 3286 1256 3355 τῆς
1287 3286 1431 3358 ζωῆς
1462 3286 1602 3352 εϊδος
1627 3292 1815 3356 ἁπλῶς
1844 3295 1936 3347 καὶ

2042 3298 2246 3352 sermo,
2271 3286 2553 3356 quomodo
2581 3286 2894 3341 necessaria
2919 3300 3029 3341 non
3052 3294 3200 3340 esset
3234 3287 3462 3340 istorum
3489 3300 3621 3353 spe-

370 3370 469 3439 τήν
525 3371 879 3442 εὐδαιμονίαν
930 3374 1047 3427 ἔστι
1086 3378 1316 3446 μαθεῖνῐ
1358 3379 1514 3435 Ἐπεὶ
1559 3382 1616 3435 δὲ
1671 3382 1864 3453 ἡδονῆς
1905 3387 1939 3458 ή

370 3459 510 3531 λύπη
535 3463 800 3535 προτέρα,
824 3466 1057 3521 καθόσον
1086 3469 1296 3523 ἐκείνου
1321 3472 1481 3525 τοῦτο
1511 3475 1748 3545 καρπὸς,
1779 3493 1797 3525 ‹
1829 3476 1941 3529 Πα-

370 3552 804 3625 ρακληθήσονται
853 3558 983 3628 γὰρ,
1037 3564 1225 3630 φησὶν,
1266 3563 1316 3616 οῖ
1339 3562 1680 3628 πενθοῦντες,
1732 3585 1750 3617 ι
1796 3568 1943 3631 είκός

368 3646 487 3698 ἐστι
517 3646 611 3698 καὶ
642 3647 735 3700 τὸν
767 3650 898 3718 περὶ
927 3650 1131 3721 ταύτης
1165 3654 1326 3721 λόγον
1355 3656 1693 3724 ἡγήσασθαι.
1729 3659 1942 3724 Ἀλλως

367 3753 431 3789 τε
464 3737 523 3791 τὸ
548 3739 646 3810 μὲν
673 3736 753 3804 οἷς
781 3743 1056 3814 προσῆκόν
1081 3747 1228 3798 ἐστιν
1254 3746 1547 3816 ἄχθεσθαι,
1571 3749 1797 3818 φεύγειν
1822 3753 1942 3805 ἐστὶ

368 3831 429 3884 τὸ
464 3833 654 3898 κακὸν,
680 3833 741 3887 τό
779 3852 842 3904 γε
882 3835 990 3905 μὴν
1030 3837 1246 3905 χαίρειν
1280 3836 1540 3910 δεύτερον
1573 3845 1599 3896 ό
1636 3843 1772 3913 πρὸς
1799 3844 1938 3912 ἀγα-

367 3921 461 3975 θόν
496 3924 609 3976 ἔστι
640 3924 861 3992 δρόμος,
893 3928 1072 3979 ἐκεῖνο
1095 3926 1155 3980 δὲ
1191 3928 1385 3981 τούτου
1416 3932 1483 4000 τῇ
1519 3931 1730 4002 προίδῳ
1760 3932 1940 3986 δεύτε-

372 4032 482 4085 ρον,
521 4035 538 4067 ι
576 4017 863 4071 Ἕκκλινον
885 4019 1016 4088 γὰρ.
1044 4023 1227 4091 φησιν,
1259 4022 1368 4074 ἀπὸ
1392 4022 1564 4075 κακοῦ
1587 4025 1683 4076 καὶ
1714 4023 1941 4096 ποίησον

368 4109 593 4176 ἀγαθόν.
638 4128 657 4162 ι
690 4110 921 4183 Εἴρηται
959 4111 1058 4183 μὲν
1095 4108 1189 4167 οὖν
1223 4113 1326 4167 κάν
1358 4117 1472 4176 τοῖς
1515 4114 1824 4187 ἔμπροσθεν
1855 4117 1940 4172 λό-

365 4215 485 4267 γοις
514 4201 642 4271 περὶ
678 4203 777 4273 τῆς
839 4204 981 4257 κατά
1030 4202 1162 4258 Θεὸν
1210 4203 1414 4273 λύπης,
1451 4201 1526 4260 ὢν
1577 4208 1855 4276 ὑπόθεσις,
1905 4211 1941 4266 ἃ

363 4289 740 4363 λογιζομένοις
790 4293 870 4348 ενι
924 4297 1166 4361 πενθεῖν,
1209 4297 1347 4351 ἀλλά
1386 4298 1631 4354 ἐπ’ἀλλα
1683 4302 1938 4371 βλέπουσι

366 4390 459 4439 καὶ
487 4385 575 4438 διὰ
602 4385 761 4441 τοῦτο
793 4390 931 4458 πρὸς
972 4388 1139 4455 ἅπαν,
1168 4389 1196 4442 ὅ
1228 4391 1502 4460 προσήκει
1536 4390 1613 4461 τῷ
1644 4393 1834 4457 πάθει,
1863 4394 1940 4463 μή

365 4477 655 4546 δυνηθεῖσι.
695 4480 809 4534 Νῦν
858 4481 916 4535 δὲ
964 4482 1239 4553 θεωρῆσαι
1270 4483 1372 4548 δεῖ,
1426 4484 1561 4548 Θεὸς
1600 4486 1656 4538 δὲ
1692 4485 1817 4555 ἄγοι
1849 4488 1940 4539 τὶν

365 4568 543 4639 λόγον,
568 4570 623 4624 τί
652 4572 712 4623 τέ
738 4572 888 4625 ἐστιν
927 4572 956 4626 δ
988 4573 1226 4642 λυπήσει
1255 4556 1347 4627 ⁸ιῖὸν
1374 4578 1666 4629 σπουδαῖον
1693 4579 1790 4630 καὶ
1817 4577 1937 4630 τίνα

365 4659 585 4729 τρόπον,
623 4663 717 4715 καὶ
739 4662 907 4716 τᾶλλα
931 4664 1226 4735 δήπουθεν,
1264 4667 1321 4718 ὲν
1347 4660 1428 4728 οἷς
1474 4666 1572 4735 τῆς
1612 4667 1937 4737 ἐπαινουμέ-

366 4769 461 4823 νης
486 4753 663 4825 λύπης
688 4755 824 4827 πρὸς
849 4756 948 4829 τήν
985 4759 1227 4832 πονηρὰν
1263 4761 1295 4829 ή
1326 4758 1584 4829 διαφορά.

435 4937 561 4993 ’Ότι
613 4940 709 5011 μὲν
740 4935 835 4994 οὖν
863 4937 944 5004 οἷς
982 4939 1064 4994 δεῖ
1090 4941 1183 4993 καὶ
1221 4942 1337 5007 πῶς
1386 4942 1468 4996 δεῖ
1515 4943 1811 5000 ἀκόλουθον
1847 4946 1940 5000 τὸν

268 5076 271 5077 ,
364 5031 422 5084 ἐν
461 5031 580 5101 Θεῷ
608 5027 786 5095 ζῶντα
815 5032 1129 5098 λυπεῖσθαι,
1162 5033 1329 5088 πᾶσιν
1354 5035 1471 5087 ἐστι
1506 5036 1775 5105 φανερόν*
1820 5036 1941 5090 τίνα

361 5120 417 5173 δὲ
442 5121 510 5173 τά
551 5121 765 5189 δέοντα,
793 5123 888 5176 καὶ
913 5123 995 5185 τίς
1026 5123 1054 5175 ὁ
1078 5122 1281 5194 τρόπος
1305 5124 1333 5176 ὁ
1364 5127 1662 5196 προσήκων
1700 5126 1795 5180 καὶ
1830 5127 1939 5180 τῶν

364 5210 620 5264 τοιούτων
649 5213 710 5265 οὑ
744 5212 878 5266 πᾶσι
928 5214 1105 5283 δήλων
1161 5214 1612 5282 καθεσταμένων,
1655 5217 1690 5287 ή
1743 5218 1938 5287 σκέψις

363 5300 423 5352 ού
456 5302 633 5371 μάτην
661 5303 861 5370 γένοιτ’
909 5304 976 5358 ἂν
1009 5308 1141 5377 ἡμῖν
1180 5307 1281 5377 ὅση
1342 5307 1568 5378 δυνατή.
1605 5309 1672 5361 Ἦ
1716 5311 1816 5378 μὲν
1846 5309 1939 5364 οὖν

363 5390 505 5463 λύπη
526 5394 621 5448 τοῦ
642 5396 830 5467 μίσους
846 5397 1166 5469 ἐξήρτηται,
1193 5400 1253 5451 τὸ
1277 5398 1335 5452 δὲ
1359 5403 1515 5470 μῖσος
1532 5400 1625 5453 τοῦ
1656 5401 1815 5469 λόγου
1840 5404 1937 5468 τῆς

366 5487 652 5558 πονηρίας.
686 5488 798 5541 Καὶ
839 5489 949 5559 γὰρ
976 5490 1441 5562 ἀποστρεφόμεθα
1478 5492 1577 5563 μὲν
1611 5491 1639 5545 δ
1668 5491 1938 5563 δοκοῦμεν

365 5571 505 5629 εῖναι
556 5577 814 5648 πονηρὸν,
846 5575 929 5643 οἷς
972 5581 1030 5634 δέ
1077 5599 1160 5644 τις
1193 5581 1403 5654 ἐχθρῶς
1430 5583 1545 5653 ἔχει
1598 5585 1691 5638 καὶ
1738 5584 1872 5654 πρὸς
1902 5584 1938 5637 ἂ

363 5667 732 5739 δυσχεραίνει,
763 5671 978 5736 τούτοις
1013 5674 1233 5728 ἀνιᾶται
1278 5674 1548 5746 παροῦσιν
1576 5691 1591 5706 ⁸
1618 5675 1743 5730 ὅθεν
1769 5678 1796 5729 ό
1829 5674 1938 5738 ζῶν

366 5759 539 5831 ὀρθῶς
572 5763 665 5816 καὶ
706 5764 807 5834 τῆς
853 5764 1121 5836 ἀληθινῆς
1170 5765 1491 5836 φιλοσοφίας
1535 5768 1941 5838 ἐπειλημμένος

366 5848 474 5907 οἵδε
514 5854 616 5924 μὲν
644 5855 883 5925 πρῶτον,
914 5856 1053 5927 ὅπερ
1089 5859 1207 5912 ἐστὶ
1250 5859 1420 5912 κακὸν
1453 5859 1692 5928 ἀληθῶς.
1724 5855 1832 5912 οῖδε
1882 5859 1940 5911 δὲ

367 5943 397 5997 δ
426 5945 532 6019 χρή
559 5950 760 6019 μισεῖν,
793 5950 1011 6004 ἀνιᾶται
1041 5950 1097 6004 δὲ
1118 5945 1199 6016 οἷς
1232 5950 1495 6023 ἄχθεσθαι
1524 5953 1623 6009 δεῖ.
1652 5952 1748 6006 Διά
1780 5952 1936 6007 τοῦτο

2046 3374 2266 3440 culatio,
2293 3391 2321 3429 a
2346 3375 2549 3446 quibus
2570 3384 2627 3430 et
2661 3376 2785 3432 vita:
2817 3376 3122 3446 simplicem
3157 3376 3383 3430 formam
3414 3387 3471 3430 et
3505 3377 3621 3430 [νιξ-

2044 3465 2260 3521 citatem
2314 3468 2527 3522 discere
2558 3467 2746 3521 datum
2769 3469 2883 3521 est!
2913 3467 3178 3532 Quoniam
3224 3475 3407 3521 autem
3468 3468 3622 3522 volu—

2045 3564 2190 3627 ptate
2241 3557 2390 3626 prior
2448 3568 2529 3613 est
2564 3559 2746 3613 luctus
2785 3559 2837 3612 in
2876 3567 3141 3629 quantum
3197 3558 3358 3627 hujus
3385 3557 3475 3612 illa
3508 3558 3621 3612 fru-

2045 3660 2165 3704 ctus
2193 3658 2297 3715 est,
2333 3668 2352 3701 ι
2383 3650 2825 3706 Consolabuutur
2862 3651 3031 3714 enim,
3081 3649 3179 3715 ait,
3218 3649 3317 3719 qui
3343 3650 3551 3717 lugent,
3593 3669 3617 3701 ι

2043 3756 2260 3813 requum
2300 3751 2381 3797 est
2427 3743 2493 3797 de
2524 3743 2633 3796 isto
2688 3740 2952 3796 inchoare
3004 3755 3334 3795 sermonem.
3366 3738 3616 3804 Revera,

2043 3836 2227 3905 lugere
2258 3833 2326 3888 de
2356 3833 2558 3904 quibus
2591 3842 2803 3903 oportet
2833 3841 2918 3888 est
2954 3832 3140 3902 fugere
3173 3834 3403 3898 malum,
3430 3843 3484 3886 et
3514 3835 3617 3887 ite-

2046 3944 2165 3982 rum
2233 3927 2491 3997 gaudere,
2531 3941 2727 3980 cursus
2771 3925 2838 3979 ad
2877 3925 3080 3979 bonum
3117 3934 3198 3982 est
3222 3941 3239 3994 ;
3267 3924 3403 3982 iiind'
3434 3937 3615 3982 autem

2046 4019 2173 4074 huic
2201 4019 2379 4090 quoad
2407 4014 2618 4087 tempus
2635 4017 2915 4073 Succedit:
2945 4040 2963 4072 ς
2990 4017 3209 4075 Declina
3230 4021 3399 4086 enim,
3418 4021 3617 4091 inquit,

2044 4126 2071 4165 a
2111 4113 2253 4166 malo
2286 4118 2341 4166 et
2383 4111 2469 4167 l'ae
2511 4109 2740 4166 bonum.
2783 4127 2802 4162 ι
2846 4108 3000 4167 Dicta
3037 4126 3165 4167 vero
3211 4120 3339 4168 sunt
3366 4113 3435 4168 de
3466 4114 3615 4167 luctu

2043 4201 2340 4257 secundum
2411 4199 2577 4256 Deum
2645 4201 2701 4255 in
2764 4203 3043 4271 prioribus
3104 4202 3492 4266 sermonibus,
3552 4216 3619 4259 ea

2043 4309 2275 4365 quorum
2337 4301 2418 4348 est
2485 4294 2787 4363 propositio
2835 4294 2904 4349 de
2969 4294 3173 4364 quibus
3243 4282 3379 4349 sane
3435 4296 3620 4365 lugere

2044 4385 2187 4448 licet,
2237 4374 2330 4439 sed
2382 4383 2449 4438 ad
2499 4383 2606 4437 alia
2641 4383 2962 4453 respiciunt,
2994 4393 3050 4439 et
3104 4384 3227 4438 ideo
3264 4400 3430 4439 omne
3470 4386 3620 4455 quod

2045 4476 2284 4542 passioni
2359 4476 2651 4545 competit,
2697 4491 3004 4546 praecavere
3084 4488 3387 4546 nequeunt.
3458 4477 3617 4531 Nune

2046 4578 2223 4622 autem
2278 4565 2571 4622 videndum
2626 4578 2710 4624 est
2765 4567 2878 4623 Deo
2905 4568 3149 4637 auspice,
3189 4567 3319 4635 quid
3355 4568 3444 4629 sit,
3467 4569 3614 4636 quod

2046 4669 2222 4727 potest
2285 4659 2614 4715 contristare
2689 4659 3020 4722 studiosum,
3087 4667 3143 4711 ct
3184 4673 3295 4726 quo
3330 4659 3513 4720 modo,
3549 4659 3616 4713 de
3713 4712 3720 4719 ,

2041 4760 2236 4805 caetero
2267 4751 2321 4806 in
2343 4750 2539 4822 quibus
2560 4751 2765 4806 laudati
2796 4750 2975 4804 luctus
2996 4764 3026 4803 a
3053 4764 3311 4818 perverso
3334 4757 3440 4803 stet
3463 4749 3618 4806 dide-

2042 4845 2241 4898 rentia.

2109 4935 2269 5002 Quod
2303 4936 2525 5006 quidem
2553 4935 2697 4990 ﬁdeli
2740 4934 2795 4989 in
2852 4934 2959 4988 Deo
3016 4933 3241 4997 viventi,
3299 4933 3369 4989 de
3415 4934 3616 5003 quibus

2039 5035 2329 5098 oportetet
2356 5027 2633 5097 quomodo
2666 5034 2897 5095 oportet,
2943 5025 3016 5081 sit
3068 5025 3402 5098 lugendum,
3434 5028 3615 5079 oumi-
3656 5096 3659 5101 η

2040 5123 2143 5175 bus
2183 5119 2531 5174 manifestum
2577 5130 2662 5174 est
2695 5136 2711 5187 ;
2747 5133 2996 5190 quamam
3034 5126 3217 5173 autem
3254 5120 3368 5173 sint
3405 5134 3613 5173 conve-

2041 5212 2245 5267 nientia
2301 5222 2357 5267 et
2407 5212 2532 5281 quis
2572 5212 2770 5266 modus
2840 5210 3193 5274 conveniens,
3243 5210 3487 5280 quidque
3543 5209 3615 5263 sit

2032 5304 2400 5375 iudicandum
2428 5304 2495 5360 de
2525 5303 2646 5358 aliis
2674 5303 2948 5359 similibus
2998 5296 3120 5357 non
3141 5302 3385 5371 proiecto
3417 5304 3468 5353 in
3499 5302 3615 5356 luce

2036 5396 2256 5465 positis,
2292 5411 2399 5449 non
2435 5396 2635 5450 lrustra
2665 5394 2827 5449 nobis
2886 5410 2983 5464 pro
3037 5394 3297 5449 facultate
3327 5393 3613 5460 speculan-

2036 5486 2166 5541 dum
2224 5486 2392 5541 venit.
2423 5484 2630 5543 Luctus
2681 5485 2851 5556 igitur
2900 5489 2970 5540 ab
3003 5486 3131 5539 odio
3179 5484 3395 5554 pendet,
3427 5484 3610 5537 odium

2036 5586 2216 5632 autem
2262 5594 2295 5633 a
2344 5578 2578 5633 rationis
2639 5576 2868 5632 malitia.
2934 5575 3148 5630 Etenim
3201 5575 3417 5630 odimus
3465 5574 3610 5642 quod

1982 5702 2003 5721 .
2039 5668 2199 5725 nobis
2230 5670 2434 5725 malum
2466 5684 2589 5725 esse
2613 5668 2865 5735 videtur;
2894 5681 3016 5738 quae
3047 5676 3229 5722 autem
3255 5667 3456 5735 aliquis
3485 5667 3613 5721 odio

2037 5764 2222 5829 habet,
2248 5773 2304 5820 et
2325 5765 2527 5835 quibus
2549 5762 2909 5831 praesentibus
2937 5760 3328 5815 contristatur:
3362 5759 3488 5813 hinc
3517 5760 3610 5828 qui

2040 5866 2185 5913 recte
2216 5857 2346 5911 vivit
2375 5866 2429 5911 et
2464 5871 2604 5912 verae
2635 5854 2994 5925 phil050phiae
3036 5852 3288 5907 addictus
3323 5859 3427 5919 est,
3461 5851 3614 5906 novit

2044 5949 2220 6021 primo
2252 5950 2381 6022 quid
2434 5966 2561 6009 vere
2612 5949 2681 6003 sit
2727 5948 2952 6015 malum,
2998 5944 3151 6003 novit
3204 5945 3429 6015 insuper
3473 5942 3609 6012 quid
