4036 6444
442 449 543 515 691

1650 508 1654 514 .
1712 450 2026 513 NICOLAI
2060 454 2456 519 CABASIL£

3592 469 3702 534 692

440 563 620 619 odisse
657 571 928 632 oporteat,
955 570 1009 617 et
1035 562 1102 616 de
1127 562 1329 632 quibus
1361 561 1543 631 lugere
1589 563 1765 628 decet,
1819 565 2024 619 contri-

2134 570 2410 641 ζητῶμεν,
2445 572 2501 626 τί
2527 572 2585 627 τὸ
2611 574 2688 638 ὡς
2711 573 2928 646 ἀληθῶς
2957 573 3233 650 ἀνθρώπῳ
3260 580 3454 636 κακόν.
3489 584 3710 639 Πολλῶν

441 664 639 708 statur.
671 651 876 708 Idcirco
904 668 1235 723 quaeramus,
1265 653 1396 724 quid
1436 653 1639 708 h0mini
1663 670 1786 709 vere
1821 655 2025 708 malum

439 747 531 800 sit.
565 744 733 798 Multa
791 761 952 814 porro
977 760 1103 798 cum
1147 745 1256 799 sint
1285 761 1349 800 ac
1375 745 1614 809 diversa,
1651 761 1772 816 quae
1798 745 1906 800 isto
1937 761 2030 800 vo-

439 845 634 890 cantur
685 836 950 903 nomine;
981 835 1086 889 alia
1117 836 1340 905 quidem
1391 834 1607 890 cunctis
1661 835 2030 891 communiter

436 925 778 990 hominibus.
800 929 904 982 alia
939 943 1067 981 vero
1091 929 1422 998 quibusdam
1451 927 1822 992 incommoda,
1847 927 2029 996 gravis

436 1033 519 1078 est
545 1022 740 1076 anima
773 1021 976 1076 malitia
1003 1031 1058 1076 et
1093 1021 1290 1076 mentis
1318 1022 1564 1076 morbus.
1605 1019 1814 1075 Etenim
1853 1029 2029 1075 astro-

438 1127 558 1167 tum
625 1110 910 1177 deiectus,
963 1119 1268 1181 temporum
1349 1107 1738 1175 confusiones,
1785 1107 2026 1164 locorum

438 1204 778 1268 sterilitates,
827 1215 985 1259 terra:
1007 1203 1325 1269 divisiones,
1349 1211 1508 1257 terra:
1541 1210 1721 1256 motus
1749 1216 1814 1256 ac
1835 1193 2024 1270 pestis,

439 1307 656 1368 egestas
693 1306 748 1352 et
774 1297 1019 1362 morbus,
1050 1295 1300 1382 injuria“
1321 1307 1511 1351 carcer
1571 1304 1626 1351 et
1691 1293 1942 1360 verbera,
1966 1303 2022 1349 et

441 1390 636 1444 horum
673 1387 1101 1458 unumquodque
1149 1395 1327 1456 potest
1362 1387 1414 1440 in
1447 1387 1627 1456 scipso
1643 1385 1864 1456 quidem
1897 1399 2020 1441 esse

435 1480 667 1547 malum,
729 1479 936 1534 homini
994 1493 1122 1532 vero
1183 1478 1408 1532 minime
1468 1475 1672 1530 malum
1734 1484 1840 1531 est.
1897 1470 2025 1533 Haec

436 1584 675 1641 namque
709 1569 930 1640 quidem
966 1568 1207 1622 exterius
1251 1577 1470 1633 vexant,
1500 1582 1604 1624 nec
1655 1567 1796 1622 ultra
1829 1577 2031 1637 carpus

434 1672 490 1718 et
519 1663 900 1733 possessiones
947 1661 1322 1716 extenduntur
1361 1677 1377 1716 :
1430 1661 1592 1714 homo
1638 1674 1768 1714 vero
1800 1673 1909 1715 non
1943 1669 2032 1714 est

437 1772 662 1826 corpus,
696 1765 778 1819 ut,
813 1755 919 1810 hoc
968 1752 1278 1821 iaboraute,
1329 1755 1444 1824 ipse
1479 1762 1727 1825 aegrotet,
1779 1767 1959 1820 neque
2000 1765 2030 1805 a

439 1849 646 1905 fortiori
700 1848 843 1916 illis,
873 1863 994 1919 qua:
1032 1846 1250 1918 corpori
1297 1846 1606 1902 necessaria
1640 1843 1989 1914 suppeditant
2015 1893 2033 1919 ,

436 1942 652 2007 ablatis,
671 1944 724 1996 in
760 1940 1099 1995 humanitate
1121 1954 1218 1994 sua
1246 1938 1360 1992 laedi
1397 1937 1614 2008 poterit.
1638 1936 1778 2003 Quin
1801 1933 1912 1990 imo
1933 1950 2034 1992 nec

436 2033 800 2088 multitudinis
828 2031 1030 2101 judicia
1062 2030 1337 2085 hominem
1368 2029 1652 2099 effingunt.
1690 2038 1751 2083 ut
1790 2030 1861 2082 sit
1883 2027 2033 2082 dete-

437 2128 569 2193 rior,
595 2127 640 2181 si
663 2125 786 2196 quis
816 2125 884 2180 de
933 2125 1050 2194 ipso
1087 2123 1268 2178 minus
1299 2125 1434 2178 bene
1486 2123 1709 2192 judicat.
1734 2113 1943 2175 Etenim
1982 2119 2028 2174 si

437 2233 767 2289 poneremus
816 2217 984 2281 istud,
1024 2225 1295 2286 oporteret
1341 2225 1396 2270 et
1443 2215 1582 2270 male
1632 2229 1791 2285 agere
1837 2228 2029 2284 quem-

435 2313 560 2366 dam
602 2321 655 2366 et
683 2325 779 2380 per
817 2324 876 2366 se
901 2310 1180 2365 meliorem
1207 2323 1328 2364 esse
1359 2348 1375 2373 ,
1405 2322 1630 2378 pravum
1657 2305 1876 2378 quidem
1903 2321 2027 2362 esse

436 2405 602 2460 simul
644 2417 708 2459 ac
753 2403 980 2466 bonum,
1022 2401 1288 2456 miserum
1339 2415 1404 2456 ac
1454 2399 1675 2455 beatum
1701 2437 1716 2463 ,
1752 2397 2022 2469 siquidem

437 2499 552 2554 haec
582 2497 696 2563 alii,
737 2496 828 2552 alii
864 2509 994 2551 vero
1050 2495 1143 2549 illa
1177 2495 1492 2563 opinantur.
1530 2491 1586 2545 Si
1623 2501 1805 2546 autem
1848 2491 2016 2544 homo

437 2607 563 2648 vere
614 2591 686 2648 sit
735 2591 986 2646 voluntas
1044 2595 1097 2642 et
1138 2587 1302 2652 ratio,
1354 2585 1500 2655 quod
1533 2585 1671 2640 nihil
1706 2584 1855 2638 aliud
1893 2599 2020 2637 cum

435 2701 503 2742 eo
537 2684 923 2748 communicat,
963 2683 1067 2736 hoc
1108 2681 1329 2750 quidem
1358 2680 1635 2744 virtutem,
1692 2677 1828 2732 illud
1888 2691 2022 2730 vero

437 2777 701 2833 malitiam
747 2775 994 2831 hominis
1045 2774 1324 2842 respicere
1365 2779 1582 2841 potest;
1615 2779 1669 2824 et
1717 2770 1771 2823 in
1811 2768 1898 2823 his
1934 2768 2020 2821 in-

436 2868 737 2924 fortunium
774 2874 830 2922 et
848 2865 976 2921 boni
1014 2878 1194 2919 mores
1215 2862 1406 2919 eodem
1449 2861 1736 2929 redibunt;
1763 2868 2025 2931 aegrotare

436 2971 491 3016 et
534 2961 672 3016 bene
725 2958 930 3024 valere,
988 2956 1042 3010 in
1076 2955 1375 3027 gemitibus
1401 2954 1586 3009 vivere
1615 2963 1668 3009 et
1717 2952 1770 3007 in
1806 2953 2024 3008 deliciis

436 3067 580 3117 esse,
611 3051 760 3122 quod
803 3050 860 3104 in
891 3059 1185 3120 utramque
1233 3056 1441 3118 partem
1467 3047 1715 3101 inclinat.
1750 3045 2021 3112 Quoniam

438 3155 618 3202 autem
653 3157 808 3198 error
837 3141 1066 3197 rationis
1116 3149 1200 3195 est
1243 3140 1585 3195 mendacium
1617 3139 2024 3209 voluntatisque

440 3237 790 3306 perversitas,
836 3235 1191 3306 quaerendum
1245 3235 1496 3303 superest
1537 3248 1774 3302 quonam
1821 3231 2024 3286 indicio

445 3328 740 3384 manifesto
809 3328 1096 3396 utriusque
1166 3339 1566 3397 cognoscamus
1619 3338 1885 3378 errorem.
1943 3322 2022 3377 Ex

442 3421 627 3476 multis
675 3430 854 3475 autem
922 3419 1126 3490 ubique
1195 3416 1435 3471 omnium
1507 3415 1874 3472 rectissimum
1942 3422 2028 3470 est

443 3515 536 3570 Del
576 3511 883 3583 judicium;
922 3511 1126 3566 bonum
1159 3518 1342 3564 autem
1403 3516 1456 3562 et
1506 3522 1697 3563 verum
1735 3517 1840 3571 est,
1877 3506 2023 3574 quod

441 3606 517 3662 illi
571 3605 772 3674 placet,
797 3603 939 3659 istud
992 3611 1174 3656 autem
1230 3615 1458 3671 pravum
1503 3614 1568 3654 ac
1618 3598 1836 3665 falsum,
1879 3597 2023 3667 quod

440 3697 685 3770 ejusdem
741 3711 848 3751 non
905 3694 1115 3751 obtinet
1165 3691 1525 3760 suffragium;
1575 3700 1627 3745 et
1667 3690 1755 3744 illa
1803 3689 2020 3758 quidem

440 3805 564 3863 qua
606 3791 742 3846 utile
793 3797 986 3845 censet
1019 3787 1227 3843 homini
1269 3785 1480 3842 discere
1536 3799 1664 3838 vera
1709 3792 1872 3846 sunt;
1902 3797 2025 3852 quae

440 3901 573 3943 vero
623 3885 762 3942 velle
804 3883 982 3952 jubet.
1029 3888 1171 3936 bona
1205 3886 1370 3945 sunt;
1411 3892 1536 3948 quae
1567 3885 1750 3931 autem
1795 3875 1881 3931 bis
1924 3876 2024 3930 ad-

441 3984 760 4040 versantur,
798 3986 986 4029 errore
1033 3977 1090 4023 et
1150 3967 1396 4038 nequitia
1453 3966 1612 4037 plena
1658 3973 1812 4023 sunt.
1879 3965 2025 4021 Inter

438 4067 624 4123 divina
676 4077 842 4132 porro
900 4059 1145 4123 oracula,
1192 4055 1442 4127 quaedam
1505 4071 1600 4127 per
1664 4056 1914 4111 homines
1968 4055 2022 4109 in

441 4171 646 4215 terram
720 4155 882 4210 allata
962 4161 1132 4216 sunt,
1184 4150 1415 4220 aliorum
1474 4160 1655 4205 autem
1705 4149 1823 4221 ipse
1876 4147 2020 4203 Deus

442 4252 547 4308 fuit
624 4248 902 4310 nuntius,
961 4246 1256 4301 humanam
1331 4243 1554 4301 indutus
1618 4252 1905 4309 naturam,
1968 4249 2025 4297 et

441 4348 609 4400 homo
646 4337 894 4404 hominis
949 4337 1135 4408 lingua
1183 4337 1405 4408 prepria
1457 4335 1842 4392 convenientia
1871 4346 2024 4389 reve-

440 4439 584 4494 lans.
632 4432 772 4502 Quid
831 4441 1016 4488 autem
1072 4431 1262 4486 utilius
1306 4431 1616 4500 praeceptis,
1664 4436 1759 4482 aut
1805 4428 2025 4497 dogma-

440 4529 589 4584 tibus
641 4525 820 4582 verius
873 4531 980 4590 est,
1029 4523 1099 4578 de
1145 4522 1349 4592 quibus
1386 4521 1534 4576 Deus
1585 4522 1703 4591 ipse
1740 4517 2022 4588 lcgislator

2131 663 2314 716 τοίνυν
2347 664 2442 718 καὶ
2496 660 2858 722 παντοδαπῶν
2896 668 3090 731 ὄντων,
3135 669 3172 724 δ
3211 671 3453 744 τοῦνομα
3494 674 3711 745 δὲχεται

2130 755 2313 823 τοῦτο,
2346 758 2442 810 καὶ
2473 758 2584 811 τῶν
2631 759 2731 828 μὶν
2760 758 3074 830 ἀνθρώποις
3121 764 3181 816 ὲν
3209 759 3378 834 κοινῷ
3409 767 3568 832 πᾶσι,
3598 769 3709 822 τῶν

2130 849 2176 902 δ’
2207 850 2375 914 ἐνίοις
2407 850 2577 905 ὄντων
2632 852 2934 924 δυσχερῶν,
2973 855 3127 908 οὐδὲν
3157 854 3271 910 οἷον
3316 859 3350 928 ἡ
3379 858 3480 929 τῆς
3529 859 3710 932 ψυχῆς

2131 945 2368 1014 πονηρία
2402 946 2497 999 καὶ
2546 945 2607 999 τὸ
2649 945 2752 1018 τὴν
2807 946 3036 1018 γνώμην
3073 950 3273 1002 νοσεῖν.
3313 951 3425 1004 Καὶ
3465 952 3575 1023 γὰρ
3615 955 3711 1007 καὶ

2129 1035 2349 1107 ἄστρων
2387 1037 2590 1108 φθοραὶ
2617 1037 2714 1091 καὶ
2741 1036 2902 1108 ὡρῶν
2937 1039 3154 1104 ἁταξίαι
3197 1041 3295 1095 καὶ
3335 1042 3532 1112 χωρῶν
3572 1045 3708 1112 ἀφο-

2133 1129 2249 1198 ρίαι
2276 1128 2372 1182 καὶ
2400 1129 2504 1199 γῆς
2525 1129 2840 1195 διαστάσεις
2879 1134 2976 1187 καὶ
3005 1135 3227 1202 σεισμοὶ
3259 1133 3355 1187 καὶ
3380 1133 3586 1204 λοιμοὶ,
3614 1137 3710 1188 καὶ

2133 1216 2289 1282 αὖθις
2311 1221 2475 1276 πενία
2507 1223 2604 1276 καὶ
2634 1227 2811 1287 νόσος,
2853 1223 2952 1276 καὶ¹
2982 1221 3142 1293 ὕϐρις
3193 1225 3289 1278 καὶ
3325 1225 3706 1294 δεσμωτήριον

2131 1311 2228 1364 καὶ
2259 1312 2488 1382 πληγαὶ,
2515 1313 2743 1367 καὶτῶν
2781 1315 3043 1368 τοιούτων
3065 1313 3299 1368 ἕκαστον
3326 1315 3461 1369 αὐτὸ
3501 1316 3602 1386 μὲν
3642 1317 3708 1369 ἂν

2132 1402 2222 1473 εἴη
2246 1406 2439 1468 κακὸν,
2466 1405 2743 1476 ἀνθρώπῳ
2784 1406 2840 1460 δὲ
2873 1407 3044 1461 κακὸν
3078 1407 3353 1478 οὐδαμῶς.
3382 1407 3570 1463 Ταῦτα
3605 1409 3709 1477 μὶν

2133 1497 2241 1566 γὰρ
2267 1499 2380 1557 τοῖς
2418 1497 2523 1562 ἔξω
2550 1497 2899 1569 λυμαίνεται,
2945 1501 3042 1553 καὶ
3074 1498 3328 1570 σώματος
3360 1501 3455 1554 καὶ
3486 1501 3709 1571 κτημά-

2131 1605 2240 1641 των
2269 1587 2421 1642 οὐδὲν
2451 1591 2769 1661 περαιτέρω
2797 1594 3006 1662 χωρεῖ·
3036 1594 3066 1646 ὁ
3095 1592 3153 1645 δὲ
3177 1593 3468 1664 ἄνθρωπος
3495 1593 3619 1647 οὔτε
3643 1595 3709 1648 τὸ

2137 1677 2299 1746 σῶμά
2325 1680 2496 1744 ἐστιν,
2535 1680 2624 1734 ἵνα
2654 1681 2938 1744 νοσοῦντος
2966 1680 3126 1742 αὐτὸς
3167 1685 3326 1754 νοσῇ,
3357 1682 3484 1737 οὔτε
3523 1684 3707 1754 πολλῷ

2137 1769 2338 1838 μᾶλλον
2363 1769 2473 1824 τῶν
2501 1769 2537 1824 ἃ
2565 1771 2649 1824 δεῖ
2679 1771 2756 1842 τῷ
2795 1769 3010 1841 σώματι
3036 1772 3442 1844 χορηγούντων,
3467 1767 3542 1828 ὧν
3564 1775 3708 1846 ἀφη-

2142 1863 2397 1934 ρημένων
2445 1865 2526 1926 είς
2579 1861 2748 1932 αὐτὴν
2797 1862 3102 1934 βεϐλάφθαι
3157 1865 3258 1934 τὴν
3307 1865 3707 1936 ἁνθρωπότητα

2134 1953 2336 2023 δεήσει.
2371 1953 2475 2006 Καὶ
2509 1952 2618 2024 μὴν
2645 1951 2758 2006 οὐδ’
2785 1954 2840 2007 αί
2884 1953 2994 2008 τῶν
3027 1953 3239 2008 πολλῶν
3281 1955 3451 2025 ψῆφοι
3487 1955 3577 2007 τον
3608 1955 3706 2008 ἄν·

2134 2045 2352 2117 θρωπον
2417 2046 2765 2112 πλάττουσιν,
2824 2042 3041 2118 ὃπωςῇ
3089 2047 3306 2118 χείρων,
3347 2048 3400 2100 εῐ
3430 2065 3513 2110 τις
3571 2049 3702 2117 περὶ

2131 2137 2298 2192 αὑτοῦ
2329 2139 2396 2191 τὰ
2445 2139 2614 2208 χείρω
2643 2135 2928 2206 γινώσκει.
2963 2139 3076 2192 Καὶ
3110 2140 3220 2208 γὰρ
3269 2141 3320 2192 εί
3351 2139 3510 2192 τοῦτο
3537 2139 3698 2210 θήσο-

2133 2229 2444 2298 μεν,δεὴσει
2477 2229 2572 2281 καὶ
2618 2229 2806 2293 κακῶς
2843 2229 3130 2300 πράττειν,
3161 2232 3256 2285 καὶ
3308 2230 3515 2301 βέλτιον
3555 2231 3698 2299 ἔχειν

2128 2318 2249 2401 κατ’
2271 2318 2456 2384 αὐτὸν,
2479 2319 2572 2372 καὶ
2591 2320 2828 2390 πονηρὸν
2851 2320 2950 2390 μὲν
2965 2315 3104 2374 εἶναι
3126 2321 3222 2374 καὶ
3237 2321 3497 2392 χρηστὸν,
3518 2321 3701 2375 ἄθλιον

2125 2411 2185 2464 δὲ
2223 2411 2318 2464 καὶ
2359 2413 2634 2481 μακάριον
2679 2411 2772 2465 τὸν
2815 2412 3002 2475 αὑτὸν,
3044 2412 3195 2465 ἐστιν
3239 2412 3325 2481 ἐφ’
3354 2403 3429 2464 ὧν
3467 2413 3574 2465 τῶν
3605 2413 3703 2481 μὲν

2124 2501 2321 2568 ταῦτα,
2346 2499 2452 2556 τῶν
2491 2503 2537 2556 δ’
2571 2502 2755 2556 ἐκεῖνα
2801 2504 3219 2573 ψηφιζομένων.
3261 2504 3323 2558 Εί
3365 2503 3410 2555 δ’
3445 2503 3591 2556 ἐστιν
3625 2503 3705 2568 ὡς

2125 2595 2349 2664 ἀληθῶς
2386 2593 2674 2664 ἄνθρωπος
2716 2596 2750 2664 ἡ
2801 2596 2996 2666 γνώμη
3029 2597 3124 2649 καὶ
3160 2594 3220 2649 τὸ
3260 2595 3593 2664 λογίζεσθαι,
3624 2589 3703 2650 ὧν

2123 2690 2234 2745 τῶν
2268 2690 2443 2743 ἄλλων
2480 2690 2633 2743 οὐδὲν
2664 2689 2814 2760 αύτῷ
2849 2691 3124 2757 κοινωνεῖ,
3160 2689 3320 2744 τοῦτο
3364 2689 3462 2758 μὲν
3496 2688 3703 2759 ἀρετὴν

2123 2783 2442 2854 ἀνθρώπου,
2484 2782 2646 2835 τοῦτο
2669 2781 2727 2834 δὲ
2761 2781 2962 2834 κακίαν
2993 2777 3222 2835 δύναται
3254 2780 3442 2850 φέρειν
3467 2795 3482 2811 ο
3516 2779 3612 2833 καὶ
3638 2778 3703 2832 τὸ

2123 2875 2408 2946 δυστυχεῖν
2443 2874 2510 2928 ἂν
2550 2875 2636 2946 εῐη
2677 2873 2820 2927 κατά
2858 2873 3035 2927 ταῦτα
3073 2873 3170 2928 καὶ
3203 2873 3266 2925 τὸ
3305 2871 3568 2941 πράττειν
3599 2888 3701 2924 κα-

2123 2965 2256 3032 λῶς,
2311 2966 2498 3020 καὶτὸ
2538 2967 2718 3020 νοσεῖν
2759 2965 2859 3020 καὶ
2899 2968 2960 3020 τὸ
3000 2966 3293 3033 ὑγιαίνειν,
3325 2965 3420 3018 καὶ
3463 2965 3524 3018 τὸ
3577 2965 3702 3016 στὲ-

2126 3077 2286 3114 νοντα
2314 3059 2414 3130 ζῇν
2461 3061 2558 3112 καὶ
2589 3058 2652 3111 τὸ
2691 3059 2928 3128 τρυφᾷν,
2971 3059 3042 3112 τὰ
3078 3061 3178 3129 μὲν
3223 3056 3700 3128 παρατραπέντων

2127 3151 2374 3216 ἐκείνων,
2420 3151 2490 3206 τὰ
2524 3151 2571 3203 δ’
2607 3152 2667 3204 ὲν
2715 3145 2797 3213 οἷς
2832 3150 2941 3204 ἔδει
2985 3150 3278 3220 μενόντων.
3317 3149 3471 3202 Ἐπεὶ
3504 3148 3561 3202 δὲ
3593 3166 3703 3201 πα·-

2047 3275 2092 3337 c
2130 3242 2381 3316 ρατροπὴ
2419 3241 2519 3312 μὲν
2543 3241 2810 3311 λογισμοῦ
2839 3241 2901 3295 τὸ
2928 3240 3148 3312 ψεῦδος,
3178 3241 3276 3310 τῆς
3299 3240 3356 3294 δὲ
3383 3241 3612 3312 γνώμης
3637 3241 3701 3295 τὸ

2127 3336 2391 3407 πονηρὸν,
2419 3335 2604 3402 ζητεῖν
2634 3335 2950 3399 ὑπόλοιπον,
2972 3335 3081 3388 τίνι
3109 3335 3284 3404 τούτῳ
3311 3337 3472 3400 σαφεῖ
3493 3351 3701 3403 τεκμη-

2127 3427 2230 3498 ρίῳ
2253 3425 2523 3498 ἑκατέρας
2552 3425 2810 3496 εἰσόμεθα
2839 3426 2938 3496 τὴν
2963 3425 3323 3496 παρατροπήν
3349 3442 3364 3492 ;
3399 3425 3619 3478 Πολλῶν
3639 3427 3698 3478 δὲ

2125 3515 2440 3589 γενομένων
2475 3521 2539 3572 τὸ
2591 3518 2812 3572 πάντων
2850 3517 3250 3588 ίκανώτατονή
3298 3517 3479 3589 κρίσις
3527 3518 3695 3571 αὐτοῦ

2125 3613 2220 3667 τοῦ
2259 3611 2423 3680 Θεοῦ,
2471 3612 2567 3665 καὶ⁵
2603 3610 2812 3679 ἀγαθὸν
2846 3609 2947 3680 μὲν
2965 3612 3060 3664 καὶ
3089 3609 3310 3680 ἀληθὲς,
3344 3612 3481 3680 ὅπερ
3501 3611 3700 3680 ἐκείνῳ

2125 3705 2299 3770 δοκεῖ,
2339 3703 2547 3775 φαῦλον
2572 3703 2629 3756 δὲ
2657 3703 2752 3756 καὶ
2781 3701 2977 3772 ψεῦδος
3005 3703 3034 3756 ὃ
3065 3703 3138 3772 μὴ
3167 3703 3276 3757 τῶν
3302 3702 3513 3757 ἐκεῖθεν
3536 3703 3698 3774 ἔτυχε

2123 3797 2354 3869 ψήφων·
2396 3797 2489 3852 καὶ
2519 3795 2554 3850 ἃ.
2585 3795 2684 3862 μὲν
2721 3793 2930 3858 ἐκεῖνος
2970 3795 3266 3863 μανθάνειν
3297 3795 3441 3861 ἀξιοῖ
3484 3795 3575 3850 τδν
3604 3797 3698 3849 ἄν-

2125 3891 2368 3961 θρωπον,
2399 3888 2556 3942 ταῦτ’
2579 3887 2783 3956 ἀληθῆ,
2810 3886 2847 3940 ἃ
2869 3886 2926 3940 δὲ
2949 3881 3238 3956 βούλεσθαι
3265 3888 3504 3953 κελεύει,
3523 3887 3697 3941 ταῦτα

2123 3981 2338 4054 χρηστά
2367 3996 2384 4046 ;
2415 3981 2483 4034 τὰ
2513 3979 2570 4034 δὲ
2609 3978 2828 4042 τούτοις
2850 3977 3196 4048 πολεμοῦντα
3223 3979 3384 4048 γέμει
3417 3979 3518 4048 μὲν
3547 3978 3695 4034 ens-

2122 4093 2248 4146 της,
2276 4073 2440 4144 γέμει
2473 4075 2530 4127 δὲ
2561 4071 2850 4143 πονηρίας.
2885 4072 3008 4125 Τῶν
3050 4071 3110 4126 δὲ
3142 4070 3306 4126 θείων
3337 4072 3606 4144 χρησμῶν
3643 4074 3694 4126 ot

2125 4167 2227 4237 μὲν
2256 4163 2561 4234 ἀνθρώπων
2586 4163 2929 4234 κομιζόντων
2977 4166 3058 4227 τίς
3084 4163 3182 4234 τὴν
3230 4159 3336 4234 γῆν
3367 4159 3554 4235 ἦλθον,
3584 4164 3695 4218 τῶν

2121 4257 2179 4310 δὲ
2207 4255 2369 4320 αὐτὸς
2398 4251 2466 4326 ἦν
2507 4255 2538 4309 ὁ
2563 4254 2694 4318 Θεὸς
2739 4255 2976 4324 ἄγγελος
3004 4254 3300 4326 ἀνθρώπου
3325 4256 3490 4324 φύσιν
3539 4257 3695 4318 ἐνδὺς

2121 4350 2218 4405 καὶ
2245 4349 2532 4420 ἄνθρωπος
2565 4348 2862 4420 ἀνθρώπου
2915 4351 3068 4420 φωνῇ
3118 4350 3375 4417 συγγενεῖ
3401 4349 3468 4403 τὰ
3503 4348 3696 4402 δέοντα

2124 4442 2396 4513 μηνύσας.
2434 4441 2499 4494 Τί
2527 4436 2600 4514 ἦν
2643 4441 2676 4513 ἦ
2719 4441 3090 4512 χρηστότερον
3131 4441 3241 4494 τῶν
3289 4441 3696 4512 παραγγελμά-

2121 4551 2230 4588 των
2258 4533 2292 4605 ἢ
2341 4534 2708 4606 ἀληθέστερον
2735 4533 2844 4587 τῶν
2887 4534 3202 4602 δογμάτων,
3228 4531 3325 4602 ὶφ¹
3380 4527 3455 4586 ὧν
3482 4535 3510 4585 ό
3562 4532 3696 4594 Θεὸς

441 4623 546 4678 fuit
570 4633 626 4678 et
652 4620 1012 4684 iutroductor,
1031 4618 1299 4700 siquidem
1335 4617 1489 4672 solus
1511 4625 1596 4670 est
1625 4612 1852 4677 veritas,
1869 4627 2015 4666 unus

2125 4623 2290 4686 αύτδς
2319 4623 2418 4694 μὲν
2443 4624 2765 4694 νομοθέτης,
2793 4623 2953 4685 αὐτὸς
2989 4623 3048 4676 δὲ
3079 4621 3406 4694 δημαγωγὸς
3435 4617 3524 4689 ἦν,
3557 4615 3611 4675 εί
3631 4639 3694 4688 γε

440 4724 622 4770 autem
667 4709 890 4768 bonus?
922 4711 980 4765 Si
1027 4711 1192 4780 igitur
1233 4716 1451 4782 oportet
1498 4706 1710 4762 discere
1740 4719 1864 4774 quae
1900 4711 2021 4759 lan-

439 4821 603 4876 quam
636 4803 843 4857 erratio
871 4809 1084 4856 naturae
1113 4815 1301 4855 verum
1332 4798 1611 4852 hominem
1649 4798 2016 4862 contristent,

441 4900 528 4953 his
554 4895 832 4952 contraria
856 4909 1076 4950 sumere
1111 4891 1388 4948 convenit.
1411 4889 1550 4944 Illud
1573 4889 1718 4943 enim
1747 4905 1874 4945 vere
1906 4904 2022 4943 ma-

441 4990 578 5051 lum,
617 4985 764 5056 quod
801 4995 994 5040 contra
1027 4983 1360 5040 sententiam
1401 4981 1560 5036 istam
1607 4979 1863 5049 insurgit,
1895 4995 2022 5049 pra-

440 5096 565 5135 vum
597 5090 777 5135 autem
826 5094 952 5134 cum
985 5078 1080 5142 sit,
1105 5075 1352 5131 naturale
1382 5081 1469 5129 est
1495 5073 1623 5128 odio
1657 5089 1778 5129 esse
1819 5075 2020 5144 quibus

440 5173 617 5228 virtus
657 5170 810 5226 cordi
867 5180 973 5236 est,
1002 5169 1095 5223 illo
1130 5168 1355 5222 absente
1387 5167 1712 5232 abhorrere,
1752 5177 2019 5236 praesente

440 5280 569 5320 vero
631 5265 834 5333 lugere.
895 5259 1256 5317 Contristabit
1329 5268 1512 5313 autem
1588 5258 1710 5313 illos
1777 5274 2018 5328 praesens

440 5358 800 5424 malum,sive
853 5369 949 5410 eos
1007 5364 1187 5408 mente
1228 5368 1335 5406 non
1370 5352 1686 5416 destitutos,
1718 5353 1833 5408 sive
1881 5353 2018 5408 alios

439 5449 885 5520 spectet,quibus
911 5447 1016 5517 ipsi
1045 5448 1249 5515 optima
1274 5458 1700 5516 comprecantur
1727 5465 1740 5501 :
1771 5463 2018 5516 compre-

439 5553 635 5598 cantur
658 5549 840 5598 autem
876 5539 1131 5594 omnibus
1167 5539 1504 5604 hominibus,
1539 5548 1651 5594 tum
1695 5548 1753 5594 ut
1783 5541 1850 5594 ad
1880 5541 2017 5594 divi-

441 5647 566 5688 nam
604 5632 863 5688 accedant
909 5632 1344 5688 misericordiam
1371 5671 1387 5695 ,
1425 5641 1538 5685 tum
1586 5633 1716 5702 quia
1775 5631 2052 5694 divinam,

441 5727 668 5794 gloriam
703 5724 902 5794 ubique
951 5725 1328 5795 splendentem
1373 5726 1558 5781 videre
1599 5727 1859 5796 cupiunt.
1889 5726 2017 5780 Ideo

439 5813 614 5865 solum
633 5814 917 5868 molestum
943 5823 1025 5870 est
1057 5814 1110 5869 in
1137 5814 1355 5871 Christo
1375 5818 1683 5872 viventibus
1705 5825 2013 5886 peccatum,

441 5905 617 5972 primo
645 5907 861 5974 quidem
899 5910 1026 5978 quia
1062 5924 1375 5978 perversum
1408 5921 1511 5980 est,
1533 5912 1633 5980 ipsi
1668 5926 1796 5965 vero
1849 5912 2018 5965 mori-

2124 4717 2286 4787 μόνος
2322 4715 2421 4785 μὲν
2451 4715 2705 4785 ἀλήθεια,
2733 4715 2892 4784 μόνος
2927 4715 2983 4768 δέ
3015 4716 3165 4767 ἐστιν
3195 4715 3397 4783 ἀγαθός
3423 4731 3442 4780 ς
3476 4716 3538 4768 Εί
3579 4714 3696 4765 τοί-

2121 4823 2216 4861 νυν
2268 4805 2376 4877 χρὴ
2420 4807 2636 4876 μαθεῖν,
2676 4805 2713 4859 ἃ
2762 4806 3096 4876 παρατροπὴ
3150 4806 3253 4874 τῆς
3297 4806 3515 4873 φύσεως
3566 4804 3696 4858 ὄντα

2119 4898 2282 4951 λυπεῖ
2340 4899 2434 4950 τὸν
2497 4897 2752 4964 ἀληθινὸν
2799 4896 3111 4968 ἄνθρωπον,
3174 4897 3437 4950 τάναντία
3487 4895 3695 4948 τούτων

2122 4992 2391 5060 προσήκει
2417 4988 2626 5042 λαϐεῖν.
2672 4987 2883 5041 Ἐκεῖνο
2911 4989 3020 5058 γὰρ
3042 4987 3258 5055 ἀληθῶς
3284 4989 3477 5052 κακον,
3503 4987 3532 5040 ὃ
3558 4988 3697 5058 πρὸς

2119 5079 2218 5150 τὴν
2257 5078 2486 5149 γνώμην
2515 5075 2738 5142 ἐκείνην
2765 5079 3009 5142 ἵσταται,
3043 5078 3284 5156 πονηρὸν
3310 5079 3364 5131 δὲ
3391 5076 3450 5130 ὃν
3480 5079 3576 5132 καὶ
3609 5096 3700 5146 μι-

2121 5173 2238 5225 σεῖν
2264 5171 2413 5232 εἰκὸς
2443 5171 2682 5241 ἐμέλησε
2712 5170 2808 5224 τοῦ
2841 5170 3073 5238 ἀγαθοῦ,
3118 5171 3412 5240 μισοῦντας
3439 5170 3496 5223 δὲ
3528 5169 3699 5222 ἀπεύ-

2119 5265 2314 5334 χεσθαι
2343 5265 2442 5334 μὲν
2469 5266 2722 5328 ἀπόντος,
2753 5263 3020 5332 παρόντος
3046 5259 3102 5317 δὲ
3131 5264 3416 5318 ἀνιᾶσθαι.
3443 5263 3695 5332 Λυπήσει

2119 5355 2175 5407 δὲ
2204 5355 2404 5418 αὐτοὺς
2454 5354 2630 5426 παρὸν
2665 5355 2729 5408 τὸ
2781 5354 2974 5420 κακὸν,
3007 5355 3040 5423 ἢ
3083 5354 3267 5422 σφίσιν
3318 5357 3468 5407 ἐστὶν
3497 5355 3558 5407 ού
3599 5353 3696 5407 τοῦ

2117 5450 2280 5518 λόγου
2331 5445 2798 5521 παρατραπεῖσιν,
2830 5450 2862 5520 ἢ
2914 5451 3030 5514 τοῖς
3065 5443 3272 5512 ἄλλοις,
3304 5445 3384 5510 οἷς
3435 5449 3589 5501 αὐτοὶ
3626 5449 3696 5499 τὰ

2120 5543 2318 5614 βελτίω
2364 5542 2755 5612 συνεύχονται·
2805 5541 3160 5608 συνεύχονται
3195 5542 3253 5594 δὲ
3285 5543 3450 5594 πᾶσιν
3479 5541 3694 5606 ἀνθρώ-

2120 5656 2244 5700 ποις
2276 5636 2352 5705 τῷ
2385 5653 2446 5688 τε
2480 5635 2618 5706 πρὸς
2657 5637 2758 5705 τὴν
2809 5633 2962 5687 θείαν
3013 5634 3347 5704 ἁμιλλᾶσθαι
3384 5633 3695 5704 φιλανθρω-

2119 5731 2275 5795 πίαν,
2317 5729 2394 5798 τῷ
2446 5745 2508 5780 τε
2555 5727 2656 5798 τὴν
2696 5726 2792 5780 τοῦ
2834 5725 2973 5780 Θεοῦ
3017 5727 3176 5791 δόξαν
3227 5727 3519 5796 ἐπιθυμεῖν
3558 5727 3692 5798 ὁρᾷν

2119 5819 2427 5890 ἑκασταχοῦ
2453 5820 2803 5889 λάμπουσαν.
2837 5819 2948 5872 Καὶ
2970 5819 3114 5872 οῦτω
3140 5819 3301 5886 μόνον
3326 5819 3549 5888 ἀνιαρὸν
3579 5821 3692 5881 τοῖς

2120 5918 2178 5968 ὲν
2210 5913 2430 5971 Χοιστῷ
2482 5913 2647 5978 ζῶσιν
2679 5915 2710 5982 ἡ
2748 5913 3016 5984 ἁμαρτία,
3066 5912 3284 5978 πρῶτον
3329 5910 3430 5982 μὲν
3464 5910 3546 5963 ὅτι
3597 5927 3693 5963 πο-
