4036 6442
343 452 448 513 ὓῦῖ

1392 450 1490 508 DE
1534 449 1714 508 VITA
1739 447 1818 506 ΙΝ
1861 442 2188 504 CHRISTO
2229 442 2536 504 LlB.Vll.

3462 422 3528 482 δι)
3544 421 3574 481 4

327 567 512 635 νηρὸν,
551 564 706 617 αὐτοὶ
753 564 808 616 δὲ
866 564 990 626 τοὺς
1050 562 1286 631 τρόπους
1338 561 1605 632 χρηστοί’
1645 560 1930 628 δεύτερον

2032 569 2106 608 sus
2147 555 2305 609 bonis
2332 556 2544 615 vivunt,
2579 549 2984 618 secundo,quia
3021 545 3342 614 Deilegibus
3383 544 3575 593 adver-

329 663 410 712 ὄτι
443 663 558 720 τοῖς
611 658 704 726 τοῦ
736 656 872 709 Θεοῦ
909 657 1142 726 μάχεται
1192 657 1402 726 νόμοις.
1447 648 1492 722 ᾧ
1527 655 1625 724 τῆς
1671 653 1898 721 γνώμης

327 750 643 818 ἐπείγονται
691 749 966 801 κοινωνεῖν
991 765 1005 777 ·
1038 749 1133 801 καὶ
1177 749 1373 816 τρίτον
1407 749 1492 799 ὅτι
1539 745 1718 817 μάτην
1747 746 1900 798 ἀνιᾶ-

331 843 456 894 σθαι
486 841 628 895 κατὰ
658 842 751 893 τὸν
784 841 944 910 ὀρθὸν
987 841 1148 908 λόγον
1171 839 1380 905 ζῶντας
1425 841 1626 909 ἥκιστα
1653 840 1896 909 πρέπον·

329 933 566 988 ἐνταῦθα
594 933 754 1002 μόνον
775 933 858 985 ὀύ
900 934 1079 1003 μάτην
1104 935 1252 986 ἐστὶν
1293 931 1550 985 ἀνιᾶσθαι
1591 931 1692 1000 τῆς
1721 931 1902 998 λύπης

340 1027 398 1078 τὰ
432 1025 652 1077 πάντων
700 1025 1120 1078 λυσιτελέστατα
1159 1025 1606 1095 καρπουμένους.
1649 1023 1771 1077 Ἐπὶ
1805 1025 1903 1092 μὲν

330 1118 440 1186 γάρ
470 1116 578 1170 τῶν
607 1117 782 1169 ἄλλων
808 1117 963 1170 οὐδὲν
990 1118 1142 1170 ἔσται
1176 1119 1385 1180 πλέον,,
1404 1119 1457 1171 εἴ
1484 1134 1570 1178 τις
1601 1116 1778 1184 ἀλγεῖ,
1810 1117 1904 1168 καὶ

335 1209 492 1260 πενία
523 1207 618 1261 καὶ
642 1207 797 1270 νόσος
826 1209 920 1260 καῖ⁹
953 1207 1132 1260 ὁτιοῦν
1159 1211 1267 1259 τῶν
1299 1205 1559 1259 τοιούτων
1589 1205 1742 1259 οὐδὲν
1771 1205 1908 1274 μᾶ).-

333 1302 426 1353 λον
453 1301 804 1371 ἀποχωρήσει
830 1300 1127 1368 δακρύουσι
1149 1317 1162 1332 ·
1196 1301 1377 1370 ψυχῆς
1407 1300 1462 1352 δὲ
1495 1299 1733 1370 πονηρίᾳ
1759 1297 1904 1368 λύπη

335 1393 395 1446 τὸ
430 1393 748 1462 φάρμακον,
787 1391 823 1462 ή
849 1391 944 1444 καῖ¹
975 1392 1279 1460 μέλλουσαν
1308 1389 1594 1462 προανεῖλε
1621 1392 1720 1444 καὶ
1766 1404 1905 1458 παρ-

336 1485 502 1538 οῦσαν
540 1483 745 1536 ἔπαυσε
793 1489 889 1538 καὶ
933 1485 1302 1554 τολμηθεὶσης
1355 1484 1452 1546 τὰς
1495 1483 1724 1544 εὐθύνας
1750 1482 1911 1535 δύνα-

337 1593 428 1629 ται
467 1577 638 1634 λύειν.
679 1577 854 1648 ’Υπὲρ
887 1569 949 1630 οῦ
983 1595 1074 1647 μοι
1101 1577 1251 1630 δοκεῖ
1286 1577 1383 1629 καὶ
1420 1577 1518 1645 τήν
1551 1575 1724 1646 ἀρχὴν
1757 1577 1906 1628 ὲντε-

337 1667 493 1734 θῆναι
526 1670 592 1736 τῇ
625 1668 807 1734 φύσει,
845 1667 980 1735 πρὸς
1005 1666 1164 1719 οὐδὲν
1196 1665 1326 1721 ἄλλο
1359 1665 1578 1736 βοηθεῖν
1626 1667 1760 1735 ήμῖν
1819 1665 1909 1717 δυ-

336 1760 568 1830 ναμένῃ.
598 1759 710 1829 Τήν
749 1758 856 1827 γὰρ
889 1757 1167 1827 ἁμαρτίαν
1207 1757 1268 1810 οὐ
1303 1761 1530 1826 προῖκα,
1596 1756 1791 1825 μισθοῦ
1852 1755 1908 1808 δέ

338 1867 480 1944 τινος
509 1849 820 1918 τολμῶντες
846 1849 948 1918 τῆς
981 1849 1174 1918 ἡδονῆς
1206 1850 1298 1902 καὶ
1317 1847 1378 1901 τδ
1408 1847 1609 1918 τέρπον
1637 1847 1728 1899 τοῦ
1765 1845 1908 1898 κατὰ
1943 1885 1987 1944 Β

339 1940 519 2010 ψυχὴν
545 1940 603 1993 εὖ
628 1939 841 2010 ἔχοντος
897 1939 1285 2008 ἀλλαττόμενοι
1331 1939 1418 2007 (οὐ
1450 1939 1558 2006 γάρ
1592 1938 1676 2006 ἐφ’
1707 1937 1908 2005 ἑαυτῆς

341 2033 513 2102 αὐτὴν
540 2031 777 2100 ἑλοίμεθ⁸
804 2029 870 2084 ἂν
899 2031 1078 2100 ψυχῆς
1109 2029 1332 2101 ὄλεθρον
1355 2033 1449 2083 καὶ
1467 2029 1558 2082 νοῦ
1583 2027 1913 2099 πύρσωσιν),

344 2125 438 2177 καὶ
487 2123 716 2176 τοιαῦτα
757 2122 1216 2191 σαφῶς¹εῖδότες,
1285 2121 1507 2174 ἐπειδάν
1557 2118 1917 2189 μεταγνόντες

345 2218 430 2284 ἐφ’
463 2211 544 2280 οἷς
575 2217 898 2286 ἡμάρτομεν
927 2213 1234 2284 ἀνιώμεθα,
1301 2213 1401 2283 τὴν
1449 2209 1663 2266 ἐκεῖθεν
1713 2213 1918 2280 ἀτιμά-

346 2309 529 2374 ζοντες
581 2308 776 2378 ήδονὴν
801 2308 893 2360 καὶ
926 2306 1088 2362 πάθει
1126 2305 1298 2368 πάθος
1353 2304 1721 2376 ἐκκρούοντες
1765 2303 1918 2370 δῆλοι

348 2400 726 2470 καθέσταμενο
749 2398 827 2467 τῷ
855 2399 1070 2470 ῥίπτειν
1105 2399 1249 2466 άπερ
1279 2397 1568 2466 ἐλάϐομεν,
1604 2396 1916 2466 λαμϐάνον-

346 2509 437 2555 τες
476 2493 619 2560 άπερ
653 2491 988 2563 ὲρῤιψαμεν.
1029 2489 1142 2542 Καὶ
1173 2488 1291 2558 ἅμα.
1319 2489 1378 2542 τὸ
1402 2485 1660 2542 ἀνιᾶσθαι
1697 2487 1921 2557 τίμημα

349 2584 556 2650 γίνεται
594 2583 728 2649 ἡμῖν
776 2583 858 2644 ἐφ’
890 2576 973 2643 οἷς
1001 2580 1400 2649 ἐτολμήσαμεν,
1444 2571 1488 2645 ᾧ
1514 2576 1922 2648 καθηραμένοις

350 2677 410 2729 ού
447 2675 670 2745 πληγῶν
694 2673 879 2743 δεήσει
910 2672 1202 2743 δευτέρων·
1240 2664 1285 2739 ᾧ
1315 2671 1407 2724 καὶ⁵
1453 2670 1585 2734 Θεδς
1642 2669 1702 2733 ἐξ
1748 2669 1924 2741 ἀρχῆς

351 2768 462 2829 τοῖς
500 2764 665 2819 αὑτοῦ
695 2767 936 2835 τιμωρεῖ
969 2765 1156 2836 νόμοις
1191 2763 1543 2833 ἠδικημένοις
1593 2761 1771 2832 λύπης
1830 2762 1924 2815 καὶ

354 2859 532 2911 πόνων
556 2857 636 2926 τῷ
662 2857 1142 2928 παρανενομηκότι
1169 2856 1436 2925 τιμήσας,
1492 2854 1592 2907 οὐκ
1623 2855 1690 2908 ἂν
1717 2854 1925 2922 ταύτην

354 2947 778 3016 εἰσπράττεσθαι
810 2945 1039 3014 νομίσας
1061 2945 1159 3009 τὴν
1185 2944 1363 3012 δίκην,
1394 2945 1442 2996 εἰ
1481 2944 1554 3012 μὴ
1587 2943 1695 2995 τῶν
1724 2943 1925 3010 ἐγκλης

360 3039 546 3098 μάτων
574 3039 835 3108 ἄντικρυς
861 3033 931 3108 ἦν
962 3037 1056 3090 καὶ
1079 3035 1228 3090 λύειν
1257 3029 1402 3105 εἶχεν
1443 3035 1694 3097 εὐθύνας.
1740 3035 1929 3105 Τούτῳ

354 3131 411 3184 δὲ
440 3130 518 3198 τῷ
545 3129 730 3200 τρόπῳ
756 3130 850 3183 καὶ
873 3130 1035 3191 αὐτὸς
1063 3128 1292 3197 ὕστερον
1325 3131 1485 3196 ζκατὰ
1520 3130 1622 3197 τῆς
1655 3127 1929 3197 ἁμαρτίας

2004 647 2356 716 satur,cujus
2392 646 2658 700 voluntati
2695 643 3016 712 participare
3050 646 3353 708 coguntur;
3389 633 3566 687 tertios

2001 738 2258 808 quoniam
2289 753 2382 792 eos
2431 738 2741 792 contristari
2770 736 2862 804 qui
2885 733 3182 788 secundum
3223 737 3425 782 rectam
3479 740 3566 776 ra-

2003 831 2204 885 tionem
2237 832 2424 884 vivunt
2445 873 2458 895 ,
2486 830 2708 883 minime
2743 826 3035 888 convenit;
3066 824 3155 879 hic
3192 832 3370 876 autem
3397 817 3585 872 solum-

2004 940 2114 979 non
2145 935 2225 978 est
2261 924 2315 977 in
2352 937 2546 976 vanum
2580 919 2932 984 contristari,
2959 918 3049 972 ubi
3087 915 3152 969 de
3203 915 3352 967 luctu
3400 908 3579 964 utilis-

2005 1019 2176 1073 simus
2214 1017 2421 1070 fructus
2457 1014 2751 1082 colligunt.
2787 1012 2962 1081 Super
3008 1008 3218 1063 caeteris
3258 1005 3402 1060 enim
3443 999 3588 1056 nihil

2006 1111 2240 1180 amplius
2267 1109 2388 1173 erit,
2409 1109 2453 1162 si
2486 1107 2608 1178 quis
2638 1107 2846 1165 doleat,
2872 1114 2923 1157 et
2957 1108 3245 1172 paupertas
3275 1105 3328 1150 et
3357 1093 3578 1148 morbus

2005 1214 2059 1256 et
2113 1202 2309 1258 similia
2354 1217 2462 1254 non
2519 1199 2692 1268 magis
2731 1196 2986 1251 recedent
3030 1210 3060 1247 a
3123 1187 3577 1261 lacrymantibus:

2012 1298 2207 1350 animae
2243 1310 2371 1348 vero
2403 1293 2660 1362 nequitiae
2711 1291 2890 1344 luctus
2937 1297 3016 1342 est
3053 1283 3321 1338 medicina
3351 1324 3364 1344 ,
3406 1280 3580 1348 siqui-

2009 1387 2144 1442 dem'
2165 1385 2408 1441 futuram
2442 1382 2710 1454 praecidit,
2740 1387 3064 1450 praesentem
3099 1374 3450 1436 terminat,ct
3483 1372 3580 1424 ad~

2016 1481 2202 1535 missae
2235 1493 2426 1549 poenas
2463 1477 2613 1530 luere
2647 1483 2859 1544 potest.
2892 1471 3120 1541 Propter
3147 1466 3294 1538 quod
3332 1463 3467 1518 mihi
3502 1463 3583 1515 vi-

2009 1571 2168 1625 detur
2199 1583 2227 1623 a
2259 1568 2528 1640 principio
2559 1567 2764 1621 inditus
2797 1577 2920 1618 esse
2953 1573 3160 1616 naturai
3183 1603 3196 1623 ,
3228 1575 3290 1613 ea
3321 1558 3439 1627 lege
3467 1596 3482 1620 ,
3526 1565 3584 1607 ut

2011 1662 2169 1717 nobis
2199 1661 2265 1715 ad
2301 1660 2438 1714 nihil
2458 1658 2612 1714 ‘aliud
2646 1656 2927 1726 proﬂcuus
2973 1653 3064 1708 sit.
3109 1654 3398 1708 Peccatum
3440 1648 3585 1702 enim

2013 1767 2120 1806 non
2194 1751 2469 1820 gratuito,
2519 1747 2611 1804 sed
2668 1759 2893 1818 propter
2955 1743 3251 1814 quamdam
3300 1738 3588 1806 voluptatis

2017 1840 2327 1896 mercedem
2351 1839 2785 1902 committentes,
2804 1848 2859 1890 et
2879 1833 3136 1905 gaudium
3165 1831 3315 1884 illius
3340 1829 3430 1898 qui
3452 1828 3589 1880 bene

2016 1934 2180 1989 habet
2206 1935 2390 1986 anima
2457 1938 2860 1987 commutantes
2929 1928 3062 1998 (non
3113 1926 3256 1980 euitn
3293 1923 3440 1977 illam
3476 1920 3592 1974 ani-

2015 2039 2118 2081 ma:
2175 2025 2477 2096 perniciem
2529 2033 2584 2079 et
2650 2023 2847 2077 mentis
2906 2019 3218 2079 incendium
3278 2015 3348 2070 ob
3415 2013 3588 2083 ipsam

2015 2114 2385 2186 eligeremus),
2466 2122 2521 2167 et
2590 2113 2704 2167 haec
2756 2111 2924 2181 probe
2978 2108 3240 2169 scientes,
3303 2113 3590 2174 postquam

2019 2209 2347 2279 pmnitentes
2415 2220 2584 2276 super
2639 2204 2726 2258 his
2780 2217 2901 2270 qua:
2946 2198 3328 2255 commisimus
3394 2193 3591 2262 atlligi-

2022 2315 2193 2364 mur,
2236 2301 2570 2369 voluptatem
2624 2312 2746 2366 quas
2799 2296 2924 2348 inde
2974 2293 3122 2346 venit
3175 2289 3546 2358 despicientes
3579 2327 3594 2350 ,

2019 2392 2274 2462 passione
2301 2390 2608 2460 passionem
2643 2388 2819 2456 palam
2866 2385 3212 2440 eliminamus
3245 2397 3259 2435 :
3289 2377 3598 2447 alijiciciido

2021 2500 2082 2538 ea
2125 2497 2247 2554 qua:
2293 2495 2726 2550 sumpseramus,
2778 2476 3110 2532 resumimus
3169 2487 3289 2540 qua:
3328 2471 3600 2539 reiecera-

2024 2591 2148 2630 mus
2178 2614 2192 2629 .
2232 2575 2296 2628 Et
2340 2573 2505 2627 simul
2547 2568 2863 2641 paenitentia
2899 2575 3248 2636 peccatorum
3284 2569 3595 2615 nostrorum

2026 2667 2086 2722 fit
2157 2665 2443 2736 expiatio,
2479 2678 2584 2732 qua
2632 2659 2935 2730 puriticatis
2989 2671 3094 2711 non
3149 2653 3270 2707 aliis
3329 2667 3468 2720 opus
3516 2660 3599 2704 est

2024 2759 2240 2831 poenis.
2277 2758 2390 2812 Hac
2420 2758 2583 2812 etiam
2621 2756 2766 2809 Deus
2824 2755 2892 2808 ab
2941 2751 3099 2806 initio
3148 2750 3309 2803 laesas
3361 2746 3600 2800 vindicat

2024 2855 2214 2922 leges,
2259 2851 2410 2905 luctu
2463 2849 2852 2917 laboribusque
2893 2847 3204 2916 puniendo;
3266 2859 3371 2896 non
3418 2848 3598 2893 autem

2031 2946 2174 3000 hanc
2205 2945 2350 3014 exigi
2384 2956 2598 3012 pmnam
2635 2941 2954 3003 statuisset,
2997 2937 3100 2991 nisi
3135 2935 3459 2989 criminibus
3508 2947 3596 2985 es-

2029 3049 2114 3096 set
2158 3040 2467 3110 oppositus,
2497 3045 2551 3090 et
2583 3037 2826 3091 rationes
2862 3031 3084 3088 solvere
3131 3037 3354 3097 posset.
3395 3023 3599 3077 Verum

2027 3132 2136 3188 hoc
2170 3134 2326 3187 modo
2351 3141 2535 3186 contra
2564 3136 2850 3197 peccatum
2883 3125 3018 3192 ipse,
3047 3122 3210 3175 homo
3237 3119 3432 3179 factus,
3470 3131 3602 3170 usus

355 3222 629 3291 ἐχρήσατο
651 3222 744 3275 τὸν
765 3220 1054 3292 ἄνθρωπον
1080 3220 1360 3283 εἰσελθὼν,
1394 3224 1488 3274 καὶ
1541 3220 1738 3289 δεῆσαν
1763 3217 1924 3272 ἐκϐα-

2032 3237 2134 3289 est,
2167 3235 2221 3278 et
2251 3237 2376 3277 cum
2429 3205 2831 3277 abiliominum
2883 3228 3077 3272 natura
3127 3223 3408 3282 peccatum
3459 3216 3604 3264 esset

357 3313 471 3366 λεῖν
509 3315 611 3383 τῆς
643 3314 860 3382 φύσεως
906 3313 1018 3367 τῶν
1045 3311 1353 3383 ἀνθρώπων
1386 3313 1482 3384 τὴν
1521 3311 1798 3383 ἁμαρτίαν
1826 3314 1926 3366 άλ-

359 3407 533 3473 γῆσας
561 3405 806 3469 ἐξέϐαλε.
838 3407 949 3458 Καὶ
978 3405 1088 3476 μὴν
1121 3403 1181 3458 ού
1216 3404 1375 3458 τοῦτο
1391 3405 1447 3458 δὲ
1486 3405 1736 3474 μάταιον,
1767 3404 1822 3458 εἰ
1845 3421 1954 3468 τις.

360 3496 445 3566 ἐφ’
466 3497 672 3565 ὁτῳοῦν
697 3497 913 3550 ἀνιᾶται
937 3496 1048 3549 τῶν
1099 3499 1182 3559 εἰς
1235 3495 1396 3565 σῶμα
1449 3496 1745 3566 φερόντων,
1794 3496 1932 3551 ἀλλὰ

361 3592 454 3640 καὶ
482 3588 656 3658 ζημία
687 3589 1018 3658 περιφανής·
1049 3587 1208 3642 τοῦτο
1235 3588 1346 3655 γάρ
1372 3590 1511 3652 ἐστι,
1565 3587 1702 3640 Θεοῦ
1731 3605 1788 3639 τι
1822 3588 1932 3641 τῶν

364 3685 537 3738 ἄλλων
567 3684 884 3754 ἔμπροσθεν
930 3683 1200 3750 ἀγαγεῖνί
1249 3683 1468 3752 Ταύτης
1521 3683 1624 3751 τῆς
1665 3683 1932 3752 πονηρίας

365 3778 592 3848 ἔσχατον
623 3779 722 3847 μὲν
773 3779 807 3845 ἡ
840 3776 936 3830 τοῦ
1000 3776 1172 3829 Ἰούδα
1203 3778 1392 3845 μανία,
1437 3777 1634 3845 μικρὸν
1667 3776 1936 3847 ἀργύριον

364 3871 458 3925 τοῦ
495 3870 632 3925 Θεοῦ
685 3871 778 3931 καὶ
805 3871 1057 3938 Σωτῆρος
1107 3869 1508 3936 ἀλλαξαμένου,
1563 3870 1703 3938 ἀρχὴ
1759 3867 1815 3921 δὲ
1844 3869 1938 3920 καὶ

367 3963 594 4030 σπέρμα
621 3963 682 4015 τὸ
709 3961 846 4030 πρὸς
875 3959 974 4030 τὴν
1001 3959 1216 4013 ἐκείνου
1246 3961 1468 4030 μνήμην
1510 3959 1670 4011 τοῦτο
1721 3958 1936 4024 παθεῖν,

368 4053 460 4106 καὶ
489 4050 588 4120 τῆς
629 4053 686 4104 ὲν
733 4052 884 4122 αύτῷ
913 4052 1194 4122 διατριϐῆς
1218 4050 1621 4120 ὲκκρουσθῆναι
1663 4049 1739 4117 τῷ
1767 4049 1940 4117 φιλεῖν

368 4141 493 4193 ἄλλο
512 4158 563 4194 τι
587 4141 695 4194 τῶν
719 4142 958 4196 πάντων.
999 4141 1205 4196 Τούτου
1241 4142 1349 4210 γάρ
1419 4141 1804 4203 ἐπιδεδωκότος
1846 4141 1941 4193 τοῦ

369 4235 598 4296 πάθους,
641 4234 734 4287 καὶ
777 4233 874 4304 τῆς
928 4234 1022 4286 τοῦ
1061 4234 1197 4288 Θεοῦ
1245 4233 1418 4303 λήθης
1465 4237 1567 4304 τὴν
1605 4233 1788 4304 χώραν
1842 4233 1942 4303 τῆς

367 4325 548 4393 ψυχῆς
581 4324 985 4394 κατασχούσης,
1021 4326 1054 4395 ή
1084 4326 1214 4396 περὶ
1249 4326 1414 4377 αὑτὸν
1449 4325 1635 4395 ἀγάπη
1674 4324 1942 4395 μαραίνε-

369 4436 480 4482 ται,
514 4419 637 4470 ὲπεὶ
667 4419 761 4471 καὶ
810 4419 1124 4470 τούναντίον
1153 4420 1216 4489 τῇ
1255 4420 1473 4487 συνεχεῖ
1504 4419 1696 4489 μνήμῃ
1722 4416 1942 4486 φύεται,

2030 3319 2434 3390 expellendum,
2467 3331 2662 3387 passus
2691 3312 2918 3382 expulit.
2948 3310 3014 3364 At
3049 3310 3156 3360 hoc
3187 3313 3336 3359 certe
3372 3317 3478 3355 man
3517 3308 3603 3354 est
3633 3294 3636 3297 ’

2032 3413 2215 3477 inane,
2235 3410 2286 3466 si
2321 3409 2444 3478 quis
2474 3421 2571 3478 pro
2597 3398 2930 3476 quocunque
2985 3402 3168 3464 lugeat
3202 3397 3270 3451 ad
3302 3411 3501 3462 corpus
3525 3402 3606 3446 at-

2034 3504 2259 3562 tinente,
2294 3501 2390 3556 sed
2422 3509 2478 3554 et
2507 3503 2765 3552 damnum
2799 3495 2990 3563 ingens
3029 3509 3044 3546 :
3080 3492 3183 3544 hoc
3212 3489 3357 3544 enim
3390 3497 3472 3541 est
3498 3499 3608 3553 prae

2039 3594 2148 3650 Deo
2185 3591 2388 3662 aliquid
2420 3590 2568 3644 aliud
2600 3589 2803 3642 dueere
2831 3587 2846 3640 ι
2877 3583 3052 3653 Hujus
3094 3580 3314 3651 quidem
3349 3575 3608 3643 neqttiti:e

2036 3683 2236 3755 gradus
2272 3682 2496 3737 ultimus
2553 3688 2635 3734 est
2661 3676 2812 3733 Judze
2838 3675 3134 3736 dementia,
3183 3686 3305 3725 cum
3341 3668 3511 3722 Deum
3553 3675 3604 3718 et

2039 3777 2374 3832 Salvatorem
2407 3772 2596 3844 paucis
2617 3770 2858 3826 nummis
2876 3767 3162 3822 venderet:
3185 3765 3400 3818 initium
3424 3771 3604 3814 autem

2039 3881 2092 3924 et
2109 3884 2290 3924 semen
2309 3877 2392 3922 est
2410 3867 2463 3920 in
2487 3865 2633 3919 illius
2653 3861 2970 3917 memoriam
2990 3859 3092 3912 hoc
3114 3857 3244 3926 pati,
3270 3863 3430 3922 atque
3451 3870 3512 3907 ex
3531 3853 3606 3920 ip-

2040 3964 2154 4017 sius
2189 3960 2470 4014 consortio
2523 3957 2593 4011 ob
2631 3957 2771 4010 alius
2821 3956 2896 4007 rei
2948 3965 3189 4006 amorem
3244 3947 3452 4014 repelli.
3509 3945 3608 3998 Ubi

2042 4054 2188 4107 cnim
2225 4053 2338 4106 luec
2386 4051 2627 4119 nequitia
2681 4046 2876 4110 crevit,
2926 4043 3240 4110 oblivioque
3285 4039 3375 4094 Dei
3431 4040 3609 4092 locum

2045 4145 2240 4200 animae
2268 4144 2574 4212 occupavit,
2604 4156 2732 4210 erga
2772 4139 2948 4208 ipsum
2997 4136 3241 4189 charitas
3290 4129 3612 4201 languescit,

2045 4239 2314 4308 siquidem
2343 4234 2680 4291 contrarium
2716 4229 2995 4286 memoriae
3027 4243 3084 4282 se
3111 4224 3340 4294 ingerit;
3367 4222 3458 4277 ubi
3487 4238 3615 4275 vero

2045 4331 2290 4386 charitas
2329 4326 2599 4382 exstincta
2631 4332 2737 4387 est,
2764 4321 2915 4375 brevi
2947 4321 3092 4374 circa
3139 4316 3394 4370 mandata
3441 4311 3615 4380 ipsius

2047 4420 2374 4494 negligentia
2402 4429 2456 4474 et
2500 4398 2862 4484 transgressio
2891 4414 3155 4480 irrepunt.
3201 4429 3218 4460 ι
3252 4405 3617 4472 Quemadmo-

371 4510 464 4562 τοῦ
486 4509 538 4560 δὲ
574 4508 797 4576 φίλτρου
829 4509 1153 4571 σϐεσθέντος
1203 4512 1235 4578 ἡ
1286 4513 1416 4579 περὶ
1447 4509 1549 4572 τὰς
1592 4509 1813 4570 ἐντολὰς
1841 4509 1930 4563 αὖ·

2048 4517 2177 4572 dum
2214 4516 2305 4584 qui
2337 4513 2515 4578 diligit
2557 4525 2664 4570 me,
2696 4506 2890 4574 inquit,
2927 4513 3198 4573 prrecepta
3267 4515 3382 4552 mea
3435 4512 3620 4551 seria-

371 4601 462 4654 τοῦ
496 4601 738 4672 ῥαθνμια
768 4601 863 4654 κα)⁹
888 4602 947 4653 τὸ
963 4605 1300 4672 παρανομεῖν
1319 4603 1482 4662 εὐθὺς
1503 4601 1744 4672 ἀπαντᾷ,
1775 4619 1794 4652 ι
1822 4602 1942 4654 Κα-

373 4695 595 4764 θάπερό
626 4695 857 4762 ἀγαπῶν
905 4711 995 4764 με,
1039 4696 1193 4763 φησὶ,
1225 4696 1324 4757 τὰς
1354 4694 1575 4757 ἐντολάς
1621 4711 1724 4762 μου
1777 4694 1950 4763 τηρή-

376 4805 480 4851 σει,
513 4808 530 4839 ι
563 4791 676 4849 τοῖς
705 4787 763 4840 δὲ
790 4787 918 4849 τοὺς
947 4788 1040 4840 τοῦ
1065 4786 1200 4839 Θεοῦ
1225 4791 1424 4855 νόμους
1475 4785 1708 4839 πατοῦσι
1738 4786 1835 4838 καὶ
1879 4787 1950 4839 τὰ

374 4879 600 4934 τοιαῦτα
622 4880 922 4947 τολμηταῖς
966 4882 1060 4932 καὶ
1093 4877 1185 4930 τὸν
1231 4879 1328 4944 τῆς
1359 4878 1595 4940 πίστεως
1655 4875 1949 4945 προδοῦναι

377 4971 558 5038 λόγον,
583 4968 648 5023 ἄν
672 4987 723 5022 τι
742 4968 836 5040 δέῃ
860 4967 1188 5039 κερδαίνειν,
1218 4967 1369 5020 οὐδὲν
1392 4967 1618 5036 ἀπᾷδον.
1648 4985 1668 5017 ι
1707 4965 1819 5034 Τῆς
1841 4965 1951 5034 γάρ

382 5061 738 5133 συνειδήσεώς
798 5079 944 5123 τινες
999 5061 1405 5128 ἀστοχήσαντες
1437 5061 1568 5128 περὶ
1614 5059 1712 5130 τὴν
1769 5060 1952 5112 πίστιν

383 5155 756 5223 ἐναυάγησαν,
795 5171 815 5204 ι
877 5154 904 5205 ὁ
941 5151 1210 5222 μακάριος
1249 5150 1353 5220 ἔφη
1413 5149 1646 5212 Παῦλος·
1698 5168 1717 5201 ι
1762 5149 1954 5218 Νεκρὰ

382 5249 491 5315 γάρ
535 5247 889 5317 ὲστι,φησ“ιν,
942 5247 976 5316 ἡ
1021 5245 1226 5309 πίστις,
1269 5263 1287 5296 ι
1347 5238 1426 5304 οἷς
1457 5243 1563 5294 τῶν
1598 5243 1953 5311 καταλλήλων

383 5341 482 5393 οὐκ
511 5339 775 5409 ἐμέλησεν
811 5339 1010 5408 ἔργων,
1051 5339 1174 5391 ὅθεν
1214 5339 1262 5388 εἰ
1303 5333 1673 5404 διαφθείροιτο
1729 5336 1953 5405 ῥᾳδίως,

387 5434 569 5484 καινὸν
601 5433 772 5488 οὐδέν.
793 5431 970 5500 Τριῶν
995 5432 1103 5498 γάρ
1128 5429 1317 5491 ὄντων,
1347 5427 1384 5482 ἃ.
1413 5426 1491 5496 τῷ
1512 5426 1633 5496 Θεῷ
1665 5426 1797 5495 παρ’
1822 5427 1957 5495 ἡμῖν

387 5534 645 5600 φυλάττει
673 5532 732 5583 τὸ
746 5531 928 5592 σέὸας,
947 5528 1040 5581 τοῦ
1065 5527 1232 5596 φόϐου
1256 5525 1366 5578 τῶν
1385 5523 1656 5592 κειμένων
1687 5526 1800 5585 τοῖς
1828 5524 1956 5575 ἀσε-

387 5628 507 5682 ϐέσι
534 5626 742 5685 κακῶν,
767 5625 865 5691 τῆς
900 5621 1113 5691 ἀγαθῆς
1153 5621 1258 5673 τῶν
1311 5617 1681 5672 εὐσεϐούντων
1715 5616 1954 5679 ἐλπίδος,

389 5719 481 5770 τοῦ
512 5719 640 5787 περὶ
680 5716 842 5769 αὐτὸν
893 5713 1027 5768 Θεὸν
1057 5714 1150 5766 καὶ
1175 5712 1237 5764 τὸ
1268 5713 1434 5765 καλὸν
1465 5711 1691 5780 ἔρωτος,
1731 5708 1958 5776 ἐνεργὸν

389 5808 541 5860 οὐδὲν
559 5809 677 5868 ταῖς
698 5805 806 5860 τῶν
840 5805 1180 5872 παρανομεῖν
1213 5801 1534 5868 ἐγνωκότων
1559 5800 1951 5853 καταλείπεται

392 5898 608 5969 ψυχαῖς·
642 5898 778 5952 ἀλλὰ
815 5895 1064 5964 καθάπερ
1095 5888 1176 5957 οἷς
1203 5895 1231 5946 ὁ
1260 5893 1371 5963 {550;
1397 5895 1508 5955 τοῖς
1544 5891 1639 5946 τοῦ
1663 5889 1800 5945 Θεοῦ
1823 5892 1952 5943 τάτι

2051 4611 2147 4674 bit,
2185 4625 2204 4657 ι
2242 4605 2349 4660 illis
2380 4613 2558 4658 autem
2593 4603 2686 4670 qui
2723 4599 2814 4653 Dei
2845 4599 2985 4665 leges
3022 4593 3349 4647 conculcant
3384 4589 3617 4641 audent-

2051 4713 2158 4770 que
2198 4698 2352 4762 talia,
2397 4705 2457 4750 ut
2497 4693 2620 4747 ﬁdei
2669 4692 2894 4744 verbum
2935 4685 3187 4756 prodant,
3227 4698 3256 4734 a
3311 4679 3458 4733 nullo
3509 4678 3618 4731 cri-

2051 4792 2198 4846 mine
2233 4789 2349 4842 utili
2394 4788 2721 4840 abhorrent.
2763 4797 2781 4831 ι
2817 4776 3046 4845 Quidam
3097 4774 3239 4828 enim
3271 4787 3300 4826 a
3329 4770 3620 4825 censcien-

2053 4882 2128 4935 tia
2156 4881 2494 4940 aberrantes,
2513 4875 2590 4928 ait
2625 4876 2818 4926 beatus
2848 4867 3072 4930 Paulus,
3107 4863 3254 4918 circa
3289 4861 3449 4914 tidem
3484 4875 3619 4912 nau-

2052 4974 2441 5043 fragareruut;
2474 4987 2492 5019 ι
2528 4985 2546 5019 ι
2579 4965 2788 5019 Mortua
2815 4974 3050 5027 namque
3073 4956 3204 5010 lides
3227 4964 3333 5017 est,
3365 4969 3385 5003 ι
3423 4950 3618 5020 inquit,

2051 5064 2273 5117 illorum
2308 5058 2508 5128 quibus
2538 5056 2606 5109 de
2634 5052 2890 5123 eperibus
2930 5063 3038 5102 nou
3067 5053 3152 5101 est
3179 5059 3354 5107 cura;
3391 5043 3538 5095 unde
3575 5043 3619 5095 si

2056 5153 2218 5209 facile
2252 5151 2580 5218 dissipetur,
2605 5161 2715 5200 non
2747 5152 2832 5199 est
2879 5141 3080 5195 mirum
3103 5177 3117 5192 .
3147 5138 3286 5192 Cum
3317 5137 3462 5189 enim
3521 5133 3621 5186 tria

2057 5249 2170 5303 sint
2213 5259 2336 5315 quae
2385 5250 2626 5296 nostram
2669 5252 2796 5307 erga
2831 5235 2998 5289 Deum
3046 5230 3453 5286 venerationem
3509 5241 3626 5279 ser—

2057 5350 2209 5405 vant,
2261 5339 2426 5392 timor
2469 5334 2737 5389 malorum
2786 5328 2970 5398 impiis
3015 5323 3453 5382 imminentium,
3485 5319 3624 5372 bona

2057 5433 2275 5503 piorum
2328 5441 2474 5496 spes,
2519 5425 2609 5479 Dei
2643 5433 2697 5478 et
2728 5421 2945 5476 virtutis
2982 5433 3174 5472 amor:
3209 5413 3406 5467 animis
3436 5424 3627 5464 eorum

2059 5523 2153 5594 qui
2182 5519 2486 5586 transgredi
2513 5519 2659 5584 leges
2695 5515 2871 5569 solent
2899 5511 3033 5565 nihil
3070 5507 3254 5562 eﬂieux
3287 5503 3629 5571 relinquitur.

2064 5615 2171 5668 Sed
2201 5607 2660 5682 quemadmodum
2692 5606 2830 5669 illis,
2856 5615 3094 5673 quorum
3137 5597 3246 5650 vita
3289 5595 3380 5648 Dei
3424 5594 3634 5662 legibus

2064 5706 2366 5764 ordinatur,
2393 5715 2521 5769 erga
2555 5700 2731 5768 ipsum
2775 5703 3002 5763 augetur
3041 5687 3362 5749 reverentia,
3424 5685 3497 5738 ita
3534 5685 3630 5738 de-

2067 5805 2349 5867 spectorcs
2381 5791 2785 5856 Scriptor-arum
2816 5784 2961 5837 brevi
2988 5780 3208 5842 deserit,
3235 5787 3287 5830 et
3326 5777 3359 5828 ii
3385 5776 3477 5845 qui
3509 5790 3636 5842 pro.

2073 5863 2396 5959 g—rediruntur
2425 5885 2579 5954 juxta
2625 5878 2906 5949 pulchram
2947 5874 3090 5928 hanc
3138 5868 3449 5940 passionem
3496 5863 3654 5920 uibil‘
