4036 6476
419 416 524 478 6.1-5
1677 419 1986 480 NlCOLAl
2031 418 2422 480 CABASILJS
3590 418 3693 480 0‘36

418 530 620 582 habent
666 542 1087 592 commune;eo
1138 530 1255 598 ipso
1309 539 1490 584 autem
1542 530 1693 600 quod
1744 545 1774 582 e
1826 528 2001 584 medio

2113 547 2264 584 τεται
2297 531 2500 601 νόμοις,
2532 531 2564 601 ἡ
2611 531 2739 603 περὶ
2778 531 2942 585 αὐτὸν
2968 528 3134 596 αἰδὼς
3159 528 3408 597 αὔξεται,
3461 529 3553 583 τὸν
3579 532 3694 584 ἴσον

421 622 653 683 tollitur,
686 621 900 674 cunctis
927 636 1048 691 quae
1084 618 1376 689 prohibere
1433 633 1660 690 possent
1711 623 2001 692 nequitiau

2113 627 2317 694 τρόπον
2369 625 2493 688 τοὺς
2523 625 2633 678 τῶν
2689 624 2888 694 λογίων
2940 624 3253 696 ὑπερόπτας
3301 623 3446 678 κατά
3505 626 3696 695 μικρὸν

419 713 643 780 ablatis,
669 722 724 768 et
755 712 962 767 ratione
1007 729 1129 783 quae
1175 714 1380 768 bonum
1425 714 1635 769 inducit
1665 725 1786 784 post
1817 714 2001 768 multa:

2119 717 2418 781 ἐπιλείπει,
2453 718 2548 771 καὶ
2585 717 2840 789 προϊοῦσι
2885 717 3021 790 πρὸς
3053 718 3111 770 τὸ
3141 717 3306 772 καλὸν
3336 716 3497 772 τοῦτο
3524 717 3696 781 πάθος

418 803 815 859 refrenationem
865 813 1101 868 tacente,
1148 805 1291 872 quod
1335 808 1386 858 in
1435 805 1574 858 mala
1641 814 1884 860 extrema
1940 804 2001 858 la-

2125 806 2281 865 οὐδὲν
2320 806 2519 872 κοινὸν,
2553 807 2629 878 τῷ
2683 807 2742 860 δὲ
2797 807 3006 878 ταύτην
3073 807 3138 861 ἐκ
3198 807 3366 877 μέσου
3417 806 3695 875 γενέσθαι,

419 900 626 952 buntur
665 896 825 952 facile
857 897 1200 966 intelligitur.

2117 901 2336 955 πάντων
2367 903 2476 956 τῶν
2510 903 2756 973 ἐπισχεῖν
2785 902 2850 956 ἂν
2877 902 3216 972 δυνηθέντων
3277 900 3376 970 τὴν
3432 901 3696 970 πονηρίαν

415 989 803 1062 ἀνῃρημένων,
829 991 926 1046 καὶ
958 991 1050 1044 τοῦ
1075 991 1315 1059 τάγαθὸν
1341 992 1685 1062 εἳσφέροντος
1723 990 1985 1060 λογισμοῦ
2026 990 2103 1060 τῷ
2132 995 2395 1060 πολλάκις
2445 996 2907 1068 ὲπιστομισθῆναι
2944 994 3318 1068 σεσιγηκότος,
3376 995 3466 1046 ἐπ’
3487 993 3694 1063 ἔσχατα

416 1087 616 1155 χωρεῖν
647 1085 846 1150 αὐτοὺς
867 1085 977 1139 τῶν
1006 1086 1214 1151 κακῶν,
1243 1085 1394 1139 οὐδὲν
1419 1085 1676 1156 χαλεπόν.

487 1181 781 1250 Propterea
843 1181 1266 1237 sollicitudinem
1329 1181 1434 1236 viri
1505 1182 1659 1252 probi
1725 1182 2003 1244 retinent,

413 1285 467 1328 et
496 1274 761 1330 adversus
798 1275 1034 1330 radicem
1087 1277 1356 1329 malorum
1391 1275 1460 1329 ab
1510 1275 1668 1329 initio
1720 1276 2005 1338 resistunt,

415 1385 443 1425 ο
482 1370 628 1438 lique
651 1369 758 1423 Deo
782 1385 875 1424 cor
897 1371 1234 1434 custodiunt,
1260 1378 1520 1439 tanquam
1551 1369 1698 1424 aliud
1726 1368 2000 1438 quoddam

416 1464 642 1533 adytum
678 1464 1000 1517 memoriam
1034 1463 1137 1534 ipsi
1165 1463 1481 1532 seligentes.
1515 1463 1710 1518 Sciunt
1738 1463 1882 1518 enim
1914 1477 2006 1515 sa-

415 1570 636 1608 crarum
678 1555 877 1610 aedium
929 1558 1221 1624 plerasque
1272 1569 1341 1608 ne
1380 1563 1603 1623 tangere
1634 1551 1853 1623 quidem
1888 1553 2006 1606 lici-

415 1656 555 1710 tum,
585 1663 650 1702 ac
669 1647 990 1716 supellectili
1041 1647 1287 1716 velisque
1357 1647 1698 1701 consecratis
1747 1645 1812 1698 ad
1857 1642 2005 1698 aliud

417 1739 548 1806 quid
583 1739 659 1792 uti
697 1742 780 1793 ras
813 1754 919 1795 non
943 1753 1084 1802 esse,
1111 1738 1308 1792 anime
1352 1753 1482 1792 vero
1513 1739 1622 1792 Deo
1651 1736 2010 1791 sanctiﬁcata:

418 1831 628 1884 nullum
669 1845 766 1899 par
810 1845 933 1885 esse
977 1829 1302 1894 sacrarium,
1343 1831 1490 1884 unde
1535 1837 1787 1899 oporteat
1838 1829 2010 1882 multo

2187 1174 2288 1236 Διά
2317 1180 2489 1235 ταῦτα
2533 1180 2632 1253 τὴν
2677 1182 2949 1251 μέριμναν
2985 1185 3034 1234 ot
3071 1180 3351 1234 σπουδαῖοι
3397 1179 3697 1248 φυλάττον-

2114 1295 2226 1342 ται,
2259 1279 2352 1329 καὶ
2387 1275 2524 1347 πρὸς
2551 1279 2650 1346 τὴν
2692 1275 2848 1344 ῥίζαν
2883 1274 2941 1340 ἐξ
2967 1275 3140 1344 ἀρχῆς
3176 1274 3427 1327 ἵστανται
3451 1273 3560 1325 τῶν
3592 1289 3694 1324 κα-

2113 1371 2223 1426 κῶν
2251 1372 2342 1424 καὶ
2363 1369 2459 1440 τὴν
2487 1369 2717 1440 καρδίαν
2747 1367 2824 1438 τῷ
2846 1367 2965 1438 Θεῷ
2990 1367 3136 1436 μόνῳ
3155 1365 3410 1437 τηροῦσι,
3445 1364 3696 1434 καθάπερ

2113 1462 2242 1516 ἄλλο
2276 1479 2329 1516 τι
2370 1461 2598 1532 τέμενος
2631 1459 2729 1530 τὴν
2790 1459 3016 1529 μνήμην
3061 1457 3338 1523 ἐξελόντες
3379 1453 3549 1524 αὐτῷ.
3588 1456 3696 1508 Καὶ

2115 1554 2429 1624 γάρίσασι,
2464 1553 2574 1606 τῶν
2618 1552 2718 1623 μὲν
2767 1551 2930 1622 ἱερῶν
2982 1550 3150 1604 οἴκων
3180 1551 3294 1611 τοῖς
3337 1547 3552 1609 πολλοῖς
3577 1545 3696 1598 οὐδὲ

2106 1648 2301 1716 ψαύειν
2334 1647 2560 1712 ἐξεῖναι,
2592 1645 2689 1698 καὶ
2740 1643 2955 1697 σκευῶν
2999 1644 3093 1697 καὶ
3125 1640 3347 1695 πέπλων
3377 1641 3488 1702 τοῖς
3522 1637 3696 1700 οὕτως

2107 1740 2520 1808 ἀφωρισμένοις
2560 1739 2698 1807 πρὸς
2730 1736 2860 1792 ἀλλο
2908 1753 2962 1789 τι
2999 1733 3239 1806 χρῆσθαι
3277 1733 3386 1785 τῶν
3421 1731 3696 1799 ὀθεμίτων

2111 1831 2275 1896 εἶναι,
2306 1830 2484 1901 ψυχῆς
2511 1831 2568 1884 δὲ
2601 1829 2722 1898 Θεῷ
2759 1827 3196 1898 καθιερωθείσης
3226 1825 3376 1880 οὐδὲν
3411 1824 3524 1878 ἴσον
3553 1821 3695 1876 εἶναι

419 1923 596 1992 magis
634 1923 856 1992 adytum
898 1937 1019 1978 esse
1055 1922 1469 1991 impenetrabile
1510 1893 1873 1975 vendentibus
1925 1930 2001 1974 at-

2112 1924 2219 1977 τῶν
2246 1893 2596 1994 ἱερῶν-,Πόθεν
2643 1893 2737 1976 κάλ.
2783 1893 2986 1991 χρῆναι
3024 1893 3228 1982 παντὸς
3270 1918 3472 1988 μᾶλλον
3501 1917 3695 1971 ἄδυτον

419 2033 526 2086 que
588 2017 920 2078 ementibus,
983 2031 1194 2070 necnon
1230 2015 1437 2070 mensis
1476 2024 1528 2070 et
1575 2013 1849 2070 cathedris
1873 2029 2005 2066 ven—

419 2107 672 2162 dentium
728 2106 1016 2161 columbas
1066 2119 1132 2159 ac
1165 2103 1439 2158 similibus
1499 2105 1796 2157 immunem
1855 2115 2000 2156 esse.

423 2200 480 2254 Si
533 2198 678 2252 enim
725 2199 994 2252 orationis
1037 2197 1261 2252 domum
1298 2195 1379 2252 sic
1417 2211 1540 2250 esse
1583 2203 1828 2264 oportet,
1873 2193 2005 2264 quid

426 2293 728 2362 putandum
761 2299 842 2345 est
869 2291 936 2346 de
968 2291 1084 2360 ipso
1121 2301 1336 2356 orante,
1373 2297 1596 2358 propter
1627 2304 1787 2356 quem
1825 2286 2004 2340 locum

422 2386 590 2440 istum
640 2383 795 2438 turba
841 2399 1072 2437 vacuum
1110 2397 1233 2438 esse
1279 2381 1583 2437 convenit?
1631 2377 1697 2434 Et
1731 2395 1861 2433 vero
1897 2393 2003 2432 non

421 2493 521 2545 pro
551 2487 793 2545 tempore
821 2476 1085 2530 continuo
1118 2490 1315 2529 nomen
1349 2482 1467 2528 erat
1492 2471 1706 2535 elﬁcax,
1741 2487 1840 2525 nec
1858 2488 2004 2526 sem-

428 2585 522 2640 per
571 2577 691 2624 erat
733 2567 1002 2622 orationis
1046 2567 1278 2632 domus,
1313 2565 1610 2634 aliquando
1651 2562 2006 2632 precantibus

422 2675 595 2715 vacua
630 2679 644 2716 :
688 2672 744 2713 ut
770 2658 1066 2714 Christiani
1113 2667 1294 2712 autem
1348 2657 1440 2712 Dei
1481 2655 1877 2711 consociationi
1919 2655 2003 2708 in-

420 2754 658 2807 haereant
688 2767 782 2819 per
812 2764 976 2804 omne
1005 2757 1219 2818 tempus
1271 2747 1646 2803 indesinenter
1697 2757 2002 2814 precantes,

418 2843 572 2900 Pauli
607 2844 690 2897 lex
722 2841 898 2911 jubet.
934 2839 1050 2894 lloe
1086 2850 1266 2893 autem
1301 2854 1520 2908 quoque
1546 2839 1959 2894 consideremus
1988 2855 2002 2892 :

421 2935 548 2990 aliis
600 2933 746 2987 enim
801 2932 1048 2986 Salvator
1095 2944 1190 2999 per
1242 2930 1402 2984 verba
1457 2930 1781 2984 criminibus
1829 2928 2003 2982 abdu-

419 3043 573 3090 cens,
613 3026 702 3078 hic
755 3025 926 3078 utitur
974 3031 1030 3077 et
1061 3022 1241 3091 lingua
1274 3029 1328 3076 et
1359 3021 1461 3087 ira,
1493 3033 1547 3075 et
1593 3035 1780 3083 manu,
1818 3031 1870 3074 et
1905 3016 2002 3073 lla~

421 3114 585 3184 gello,
617 3122 676 3167 ut
715 3111 1128 3166 meminerimus
1164 3119 1367 3180 quanta
1411 3127 1499 3165 res
1528 3109 1901 3166 sollicitudine
1932 3111 2004 3163 sit

419 3208 581 3278 digna
607 3246 621 3260 .
657 3205 779 3260 Hmc
824 3205 968 3260 enim
1014 3220 1124 3259 non
1167 3213 1275 3259 tam
1322 3215 1480 3259 erant
1519 3205 1660 3258 istud
1699 3204 1960 3275 templum
1984 3244 1998 3264 ,

419 3301 565 3373 quod
600 3299 930 3370 praevidebat
961 3313 1236 3363 eversum,
1257 3298 1528 3352 honorare
1555 3296 1805 3356 volentis.
1835 3309 1999 3362 quam

423 3395 766 3451 ostendentis
798 3394 852 3447 in
896 3407 1006 3462 quo
1039 3399 1220 3446 teneat
1251 3391 1426 3461 pretio
1458 3402 1902 3458 unumquemque
1937 3387 2002 3441 li-

419 3488 646 3548 delium,
673 3486 814 3556 apud
843 3500 982 3555 quos
1016 3498 1237 3538 manere
1267 3483 1616 3552 promiserat,
1643 3479 1792 3535 curis
1824 3487 1876 3533 et
1908 3494 2007 3533 an-

420 3579 718 3633 xietatibus
772 3591 892 3632 esse
934 3575 1164 3629 liberum
1199 3589 1213 3639 ;
1245 3583 1298 3628 et
1347 3574 1507 3628 simul
1547 3587 1710 3639 quam
1756 3570 1900 3624 acris
1933 3569 2006 3624 sit

418 3666 1023 3736 passio,quantumque
1049 3663 1122 3717 sit
1150 3677 1288 3730 opus
1319 3664 1505 3715 animo
1534 3661 1843 3730 spirituque
1869 3674 2002 3713 con-

418 3766 597 3814 stante
628 3772 691 3810 ac
728 3751 938 3810 ratione
976 3754 1252 3824 prudenti,
1280 3764 1333 3808 et
1355 3754 1657 3822 przesertim
1689 3754 1803 3822 ipsa
1835 3767 1999 3806 manu

419 3849 764 3914 Salvatoris,
797 3864 959 3917 quem
995 3848 1084 3917 qui
1123 3863 1230 3902 non
1262 3846 1410 3900 intus
1455 3853 1800 3914 receperunt,
1833 3845 2003 3900 animi

418 3940 770 4012 agitationem
816 3939 1020 4007 ejirere
1062 3946 1357 4007 nequeunt.
1408 3936 1620 3991 Idcirco
1657 3935 2001 4007 sacrilegium

419 4043 593 4088 morte
637 4033 972 4104 puniendum
1035 4030 1117 4084 lex
1167 4037 1465 4092 statuerat,
1509 4038 1564 4082 et
1616 4026 1832 4082 Sanctis
1878 4043 2004 4083 san-

417 4133 632 4180 ctorum
674 4124 851 4176 velum
911 4119 1282 4174 necessarium
1318 4117 1441 4173 fuit.
1473 4118 1580 4175 Oza
1615 4128 1863 4174 mortuus
1898 4131 2003 4186 est,

417 4217 563 4285 quod
617 4229 760 4269 arcae
809 4213 1084 4268 vacillanti
1136 4212 1422 4280 profanam
1458 4213 1716 4267 intulerat
1751 4229 2002 4277 manum,

416 4307 657 4363 etOzias
688 4307 893 4370 lepram
925 4321 954 4359 e
987 4307 1160 4360 sar-ris
1187 4305 1399 4360 lucrum
1436 4307 1663 4376 accepit,
1689 4322 1831 4375 quae,
1864 4307 2004 4360 sicut

420 4403 525 4456 alia
574 4399 766 4463 multa,
822 4399 1106 4468 baptizata»
1157 4399 1374 4463 animae,
1429 4409 1692 4470 tanquam
1735 4415 1862 4454 vero
1910 4399 2000 4452 Dei

418 4493 686 4557 sacrario,
717 4508 915 4564 purum
948 4481 1178 4562 asylum.
1211 4507 1332 4546 εδδρ
1377 4493 1701 4546 decernunt.
1743 4489 1866 4544 Ideo
1922 4491 2004 4544 vi-

2114 2012 2253 2071 εῖναι
2283 2019 2396 2079 τοῖς
2446 2015 2684 2070 πωλοῦσι
2734 2015 2828 2069 καὶ
2863 2014 3216 2083 ἀγοράζουσι,
3262 2015 3357 2065 καὶ
3405 2010 3695 2081 τραπεζῶν

2112 2110 2208 2163 καὶ
2244 2107 2582 2161 κολυϐιστῶν
2613 2107 2710 2161 καὶ
2745 2105 3013 2159 τοιούτων
3049 2102 3393 2174 ἀπηλλάχθαι
3428 2103 3690 2172 πραγμά-

2111 2221 2243 2257 των.
2276 2203 2340 2255 Εἰ
2371 2202 2480 2272 γάρ
2507 2201 2601 2254 τὸν
2633 2201 2734 2270 τῆς
2784 2199 3092 2270 προσευχῆς
3142 2193 3292 2252 οἷκον
3343 2195 3512 2258 οὕτως
3543 2195 3688 2265 ἔχειν

2111 2293 2304 2364 ἐχρῆν,
2338 2293 2486 2356 ὅπως
2521 2293 2602 2348 δεῖ
2631 2292 2882 2362 νομίζειν
2905 2291 3071 2345 αὑτὸν
3099 2291 3191 2344 τὸν
3214 2290 3530 2360 εὐχόμενον,
3550 2289 3690 2359 ὑπὲρ

2109 2381 2170 2440 οῦ
2206 2387 2302 2439 καὶ
2342 2386 2403 2439 τὸ
2433 2386 2636 2457 χωρίον
2666 2385 2845 2438 έκεῖνο
2876 2383 3211 2454 καθαρεύειν
3257 2383 3362 2436 ἔδει
3406 2380 3693 2454 θορύϐων;

2111 2480 2306 2533 Καίτοι
2362 2479 2440 2551 τῷ
2493 2481 2594 2550 μὲν
2633 2480 2894 2534 ἑκάστοτε
2931 2479 3176 2548 τοῦνομα
3222 2479 3324 2531 οὐκ
3349 2473 3417 2547 ἦν
3447 2476 3693 2544 ἐνεργὸν,

2107 2573 2218 2626 οὐδ’
2248 2568 2318 2644 ἦν
2351 2575 2436 2626 ἀεὶ
2467 2575 2778 2643 προσευχῆς
2814 2569 2983 2637 οἶκος,
3029 2571 3138 2625 τῶν
3169 2571 3481 2642 εὐχομένων
3518 2568 3693 2621 ἐνίοτε

2109 2667 2265 2728 κενὸς
2317 2665 2432 2718 ῶνο
2475 2665 2838 2735 Χριστιανοὺς
2892 2665 2948 2718 δὲ
2995 2667 3064 2735 τῇ
3117 2663 3213 2717 τοῦ
3243 2660 3380 2716 Θεοῦ
3432 2660 3694 2732 συνουσίᾳ

2112 2757 2474 2827 προσκεῖσθαι
2506 2757 2599 2810 τὸν
2635 2758 2724 2812 ἀεὶ
2755 2756 2948 2826 χρόνον
2979 2756 3343 2818 ἀδιαλείπτως
3387 2769 3694 2824 προσευχοο

2113 2848 2330 2917 μένους,
2387 2849 2415 2900 ὁ
2473 2847 2569 2901 τοῦ
2631 2847 2847 2902 Παύλου
2879 2847 3094 2900 κελεύει
3137 2847 3323 2916 νόμος.
3369 2847 3604 2898 Κάκεϊνο
3635 2844 3692 2897 δὲ

2111 2939 2430 3010 συνορῶμεν
2451 2957 2464 2970 ο
2499 2941 2613 2993 τῶν
2636 2940 2746 3008 γάρ
2774 2941 2952 2994 ἄλλων
2982 2943 3009 2992 ὁ
3048 2939 3242 3009 Σωτὴρ
3272 2935 3692 3008 ἁμαρτημάτων

2107 3033 2288 3099 λόγοις
2318 3032 2550 3099 ἀπάγων
2578 3031 2813 3084 ἐνταῦθα
2865 3033 2962 3085 καὶ
3007 3029 3230 3101 γλώσσῃ
3285 3029 3550 3100 κέχρηται
3593 3027 3690 3080 καὶ

2105 3123 2242 3193 ὀργῇ
2277 3122 2370 3174 καὶ
2390 3121 2537 3191 χειρὶ
2557 3103 2651 3174 καλ
2668 3123 2914 3192 μάστιγι,
2934 3119 3249 3189 λογίζεσθαι
3263 3119 3536 3189 παρέχων,
3557 3117 3691 3186 ὅσης

2031 3253 2072 3308 C
2107 3212 2248 3279 ἀξιοί
2284 3215 2345 3267 τὸ
2383 3215 2616 3282 πρᾶγμα
2666 3213 2925 3284 σπουδῆς.
2956 3212 3142 3266 Ταῦτα
3184 3211 3295 3281 γὰρ
3324 3212 3383 3264 ού
3423 3211 3515 3264 τὸν
3549 3209 3689 3262 νεὼν

2107 3304 2364 3358 τοσοῦτον
2423 3306 2632 3357 ἐκεῖνον
2690 3303 3017 3374 βουλομένου
3069 3301 3377 3373 σεμνύνειν,
3410 3300 3470 3354 ὃν
3519 3316 3692 3353 κατα-

2111 3399 2498 3469 σκαπτόμενον
2531 3399 2830 3470 περιεῖδεν,
2863 3400 2991 3452 ὅσον
3029 3397 3139 3452 τῶν
3181 3397 3387 3451 πιστῶν
3434 3396 3688 3459 ἕκαστον,

2107 3491 2238 3560 παρ’
2267 3489 2348 3552 οἷς
2383 3491 2759 3562 ἐπηγγείλατο
2788 3493 2992 3562 μένειν,
3032 3492 3305 3562 μερίμνης
3337 3489 3688 3560 ἀπηλλάχθαι

2107 3585 2204 3638 καὶ
2260 3585 2562 3655 φροντίδων
2616 3587 2744 3639 ὅσου
2800 3588 3064 3656 τιμᾶται,
3111 3585 3424 3649 δεικνύντος
3461 3579 3549 3654 ἦν,
3593 3583 3688 3636 καὶ

2107 3675 2227 3744 ἅμα
2252 3676 2326 3738 ῶς
2361 3677 2557 3747 ἰταμὸν
2581 3677 2642 3729 τὸ
2676 3676 2868 3742 πάθος,
2892 3678 2984 3730 καὶ
3008 3675 3166 3747 χρεία
3191 3675 3363 3745 θυμοῦ
3395 3677 3490 3729 καὶ
3507 3674 3688 3744 ψυχῆς

2108 3769 2358 3838 ἑστώσης
2387 3772 2481 3824 καὶ
2512 3767 2777 3839 νήφοντος
2804 3768 3090 3838 λογισμοῦ,
3123 3769 3215 3821 καὶ
3246 3769 3352 3838 πρό
3385 3785 3449 3836 γε
3481 3767 3687 3820 τούτων

2108 3863 2278 3931 αὐτῆς
2335 3863 2433 3930 τῆς
2494 3864 2680 3932 χειρὸς
2719 3863 2814 3915 τοῦ
2857 3862 3132 3931 Σωτῆρος,
3177 3861 3236 3912 ὃν
3285 3859 3434 3913 ἔνδον
3481 3859 3555 3928 μὴ
3589 3859 3685 3911 λα-

2107 3953 2303 4017 ϐόντας
2347 3953 2442 4008 τὸν
2477 3953 2712 4020 θόρυϐον
2749 3955 3035 4026 ἀμήχανον
3065 3953 3338 4008 ἐκϐαλεῖν.
3382 3952 3483 4004 Διά
3513 3952 3686 4004 ταῦτα

2107 4047 2169 4098 τὸ
2219 4045 2498 4116 ἱερόσυλον
2534 4045 2752 4117 θανάτῳ
2782 4043 3118 4116 ζημιοῦσθαι
3164 4044 3328 4116 νόμος
3359 4046 3559 4107 ἔκειτο,
3593 4043 3686 4095 καὶ

2105 4140 2218 4200 τοῖς
2267 4138 2378 4190 τῶν
2431 4139 2606 4206 ἀγίων
2657 4139 2862 4208 Ἀγίοις
2908 4138 3420 4208 παραπετάσματικ
3471 4137 3681 4204 ἐδέησε.

2119 4234 2252 4296 Ὀζά
2303 4233 2622 4304 ἀπέθνησκε
2665 4236 2734 4304 τῇ
2790 4231 3011 4303 κιϐωτῷ
3063 4231 3466 4301 περιτραπείσῃ
3528 4232 3686 4300 χεῖρα

2109 4325 2338 4396 βέϐηλον
2389 4324 2680 4395 ὑποσχὼν,
2733 4326 2827 4378 καὶ
2890 4324 3076 4389 Ὀζίας
3114 4323 3326 4393 λέπραν
3357 4322 3466 4378 τῶν
3527 4323 3688 4392 ιερῶν

2106 4417 2388 4480 ἀπώνατο,
2425 4417 2522 4470 καὶ
2556 4416 2729 4470 πολλὰ
2778 4416 2843 4485 δὴ
2883 4415 3114 4468 τοιαῦτα
3161 4418 3229 4485 τῇ
3276 4414 3688 4485 βεϐαπτισμένῃ

2105 4509 2252 4580 ψυχῇ
2286 4509 2348 4562 τδ
2393 4507 2654 4580 καθαρῶς
2684 4508 2883 4563 ἄσυλον
2915 4507 2994 4578 τῷ
3023 4505 3264 4577 ἀληθινῷ
3297 4505 3436 4559 Θεοῦ
3469 4507 3688 4576 τεμένει

415 4588 669 4643 velitibus
714 4587 768 4642 in
803 4586 1025 4643 Christo
1069 4601 1260 4654 puram
1310 4601 1339 4639 a
1382 4583 1750 4640 sollicitudine
1801 4583 2001 4636 habere

2109 4601 2412 4672 νομοθετεῖ.
2438 4601 2536 4654 Διά
2557 4599 2731 4654 ταῦτα
2753 4603 2869 4664 τοῖς
2891 4601 2950 4653 ὲν
2973 4598 3197 4669 Χριστῷ
3223 4596 3392 4662 ζῶσιν
3415 4597 3684 4665 εἰλικρινῆ

415 4684 672 4747 animam,
706 4681 761 4735 in
808 4693 1008 4750 magno
1045 4678 1256 4732 videtur
1303 4677 1664 4744 esse‘pretio;
1705 4685 1757 4728 et
1792 4677 1836 4729 si
1867 4677 1995 4745 quid

416 4793 608 4831 (orum
645 4789 768 4844 quae
799 4774 1056 4828 videntur
1091 4786 1215 4826 esse
1257 4771 1412 4824 utilia
1457 4768 1788 4822 voluntatem
1832 4783 1999 4837 perie-

419 4880 545 4932 Irat,
592 4883 698 4922 non
733 4867 992 4936 pervertit
1031 4879 1279 4927 sensum,
1313 4861 1775 4932 quemadmodum
1817 4861 1998 4925 Petro,

418 4977 542 5014 rum
597 4966 883 5013 vocantem
944 4957 1283 5010 Salvatorem
1334 4953 1564 5019 audivit,
1625 4955 1691 5007 de
1741 4953 1905 5010 rebus
1947 4955 1998 5008 in

417 5067 583 5108 manu
621 5050 819 5104 habitis
851 5050 998 5103 nulla
1040 5064 1171 5102 cura
1210 5045 1332 5100 fuit.
1377 5045 1592 5098 Etenim
1627 5054 1678 5099 ct
1723 5046 1821 5113 ipsi
1862 5064 1998 5118 qua-

416 5152 540 5196 dam
572 5143 859 5196 vacatione
888 5152 1150 5210 perpetua
1188 5149 1452 5194 voeantur
1485 5155 1582 5207 per
1611 5139 1939 5208 inaculplam
1969 5157 1998 5194 a

419 5235 692 5306 mysteriis
723 5236 776 5288 in
809 5237 991 5288 anima
1023 5232 1276 5300 gratiam,
1306 5247 1447 5301 quat,
1486 5234 1628 5285 sicut
1669 5233 1744 5285 ait
1774 5233 1998 5298 Paulus,

423 5349 440 5381 ι
475 5340 561 5383 est
599 5328 834 5398 Spiritus
865 5327 984 5381 Filii
1016 5325 1106 5379 Dei
1133 5326 1379 5378 clamans
1419 5325 1474 5378 in
1513 5325 1678 5380 corde
1714 5326 1995 5395 ipsorum:

413 5422 587 5483 Alma,
623 5421 798 5474 Pater.
839 5438 858 5470 ι
882 5419 946 5472 Ει
995 5418 1066 5471 ita
1092 5431 1306 5484 semper
1340 5415 1521 5470 omnia
1565 5417 1894 5488 despiciunt,
1943 5429 2000 5473 ut

416 5528 632 5581 semper
675 5511 950 5565 Christum
988 5508 1144 5576 sequi
1193 5507 1433 5576 possint;
1466 5510 1729 5578 quoziiam
1782 5527 1886 5565 non
1916 5521 1998 5566 est

413 5619 653 5670 requum,
687 5602 890 5668 inquit,
935 5614 1030 5655 eos
1066 5619 1084 5652 ι
1121 5601 1344 5654 verbum
1395 5601 1488 5657 Dei
1533 5603 1912 5674 derelinquere
1943 5615 1998 5661 et

416 5698 731 5751 ministrare
762 5694 989 5758 mensis,
1022 5713 1039 5747 ι
1076 5695 1257 5764 primo
1281 5695 1498 5764 quidem
1528 5696 1668 5766 quod
1696 5697 1828 5752 nihil
1861 5697 1996 5767 ipsis

417 5805 526 5856 prae
579 5790 689 5844 Deo
727 5798 845 5854 est;
893 5788 1086 5844 deinde
1135 5791 1392 5861 quoniam
1462 5801 1515 5844 et
1565 5800 1757 5846 caetera
1811 5794 1991 5846 omnia

417 5878 484 5934 ab
535 5879 655 5951 ipso
701 5881 970 5937 bonorum
996 5881 1241 5939 omnium
1269 5896 1484 5937 summo
1513 5882 1887 5953 dispensatore
1910 5901 1994 5941 re-.

2113 4697 2390 4767 μερίμνης
2417 4695 2514 4767 τὴν
2541 4694 2720 4766 ψυχὴν
2763 4694 2911 4765 ἔχειν
2940 4692 3139 4745 πολλοῦ
3162 4707 3310 4752 τινος
3347 4686 3488 4742 εἶναι
3517 4689 3686 4741 δοκεῖ·

2111 4790 2215 4844 κάν
2253 4805 2308 4841 τι
2337 4788 2436 4858 τὴν
2464 4789 2693 4857 γνώμην
2724 4784 2944 4855 εἰσέλθῃ
2975 4783 3086 4837 τῶν
3127 4781 3267 4836 εἶναι
3299 4780 3580 4852 προύργου
3611 4783 3690 4834 δο-

2111 4879 2370 4944 κούντων,
2405 4880 2507 4933 οὐκ
2541 4878 2862 4948 ἐπιστρέφει
2889 4877 2982 4929 τὸν
3007 4876 3291 4944 λογισμὸν,
3327 4871 3582 4945 καθάπερ
3614 4875 3688 4944 τῷ

2111 4973 2304 5041 Πέτρῳ
2341 4971 2454 5024 τῶν
2486 4973 2544 5024 ὲν
2582 4969 2774 5039 χερσὶν
2801 4969 2955 5023 οὐδὲν
2980 4968 3273 5039 ἐμέλησεν,
3299 4969 3424 5020 ἐπεὶ
3461 4969 3686 5022 καλοῦν-

2107 5081 2198 5126 τος
2226 5061 2320 5116 τοῦ
2358 5063 2614 5132 Σωτῆρος
2661 5062 2884 5132 ἢκουσε.
2945 5062 3058 5115 Καὶ
3105 5061 3216 5134 γάρ
3252 5063 3346 5115 καὶ
3393 5062 3548 5114 αὐτοὶ
3591 5079 3688 5115 κα-

2105 5157 2329 5210 λοῦνται
2384 5155 2578 5223 κλῆσιν
2627 5172 2750 5208 τινα
2805 5155 3006 5223 συνεχῆ
3048 5154 3140 5207 καὶ
3185 5155 3411 5224 διηνεκῆ
3449 5155 3536 5207 διά
3583 5155 3683 5223 τῆς

2106 5246 2546 5318 ἐνσημανθείσης
2576 5245 2684 5298 ἀπὸ
2721 5244 2830 5298 τῶν
2881 5244 3196 5316 μυστηρίων
3236 5248 3299 5314 τῇ
3339 5245 3487 5314 ψυχῇ
3523 5247 3682 5314 χάρι-

2103 5359 2230 5404 τος,
2283 5340 2405 5411 ἥτις
2460 5342 2598 5405 ἐστὶ,
2649 5338 2861 5402 Παῦλος
2907 5332 3051 5402 εἷπε,
3103 5354 3124 5388 ε
3165 5337 3226 5390 τὸ
3270 5337 3368 5390 τοῦ
3409 5337 3538 5391 Υίοῦ
3588 5338 3682 5391 τοῦ

2103 5431 2240 5487 Θεοῦ
2270 5431 2500 5502 Πνεῦμα
2521 5435 2577 5484 ἐν
2606 5433 2728 5493 ταῖς
2747 5430 3000 5499 καρδίαις
3026 5430 3208 5484 αὐτῶν
3233 5431 3466 5502 κράζον·
3511 5433 3683 5484 Ἀϐϐά

2101 5525 2130 5577 ὁ
2160 5525 2372 5592 Πατήρ.
2413 5541 2430 5573 ι
2469 5523 2580 5574 Kal.
2618 5520 2791 5583 οὕτως
2841 5523 3100 5575 ἑκάστοτε
3147 5521 3364 5575 πάντων
3401 5522 3683 5593 ὑπερορῶ.

2106 5634 2214 5683 σιν,
2251 5615 2318 5670 ἶν’
2355 5615 2617 5667 ἑκάστοτε
2645 5614 2724 5684 τῷ
2747 5614 2972 5684 Χριστῷ
2997 5614 3302 5683 δυνηθῶσιν
3329 5615 3646 5668 ἀκολουθεῖν
3664 5656 3679 5680 ,

2103 5708 2186 5759 ὅτι
2212 5707 2272 5759 ού
2306 5707 2471 5759 καλόν
2502 5709 2639 5769 ἐστι,
2684 5707 2874 5775 φησιν,
2917 5725 2936 5758 ι
2977 5706 3214 5776 ἀφέντας
3241 5709 3330 5760 τὸν
3378 5706 3536 5775 λόγον
3583 5707 3680 5761 τοῦ

2100 5797 2238 5854 Θεοῦ
2283 5798 2554 5852 διακονεῖν
2599 5799 2928 5868 τραπέζαις,
2966 5818 2985 5851 ι
3024 5801 3241 5870 πρῶτον
3277 5801 3376 5870 μὲν
3397 5801 3478 5854 ὅτι
3513 5800 3680 5870 μηδὲν

2099 5895 2281 5957 αὐτοῖς
2331 5892 2437 5964 πρὸ
2469 5892 2563 5947 τοῦ
2613 5892 2774 5959 Θεοῦ,
2830 5893 3004 5949 ἔπειθ’
3049 5896 3133 5949 ὅτι
3176 5894 3271 5950 καὶ
3314 5896 3492 5950 πάντα
3544 5893 3676 5965 παρ’
