4036 6470
388 422 497 482 697

1456 436 1554 495 DE
1597 435 1770 495 VITA
1816 437 1897 498 IV
1937 437 2281 498 CHRIS'l‘O
2320 439 2467 498 LIB.
2508 438 2637 499 ΠΙ.

3532 450 3636 516 693

385 537 534 607 αὒτῷ
572 538 739 593 τάλλα
804 540 1178 607 προσδοκῶσιν
1230 543 1526 615 εὑρήσειν,
1573 546 1685 600 τῶν
1731 546 1954 615 ἀγαθῶν

2057 559 2313 618 cepturos
2355 565 2415 606 se
2450 560 2791 620 exspectant.
2826 552 2959 606 Nam
3010 556 3381 624 quaerentibus
3402 560 3637 627 primum

385 630 500 683 δντι
528 632 745 686 πάντων
776 634 969 705 ταμία.
1008 636 1118 689 Καὶ
1167 636 1277 708 γὰρ
1321 637 1532 691 αἰτοῦσι
1584 637 1805 707 πρῶτον
1855 637 1955 707 τὴν

387 720 665 790 βασιλείαν
688 720 782 776 τοῦ
817 723 976 788 Θεοῦ,
1007 726 1102 780 τοῦ
1124 726 1390 796 ἀψευδοῦς
1419 729 1742 797 ἐπαγγελία,
1774 730 1955 783 πάντα

384 814 555 868 τᾶλλα
601 816 1013 887 ἀκολουθήσειν.
1057 820 1233 890 ’Υπὲρ
1262 821 1468 875 τούτων
1514 823 1785 893 μερίμνης
1830 823 1954 886 τοὺς

385 907 541 976 αὖτῷ
567 912 1006 978 προσκειμένους
1042 916 1070 968 ὀ
1112 914 1304 984 Σωτὴρ
1336 915 1569 983 ἀπάγων
1600 916 1824 984 ἀπάσης
1861 932 1957 969 πο-

385 999 484 1054 λὺν
516 1000 610 1054 τοῦ
645 1002 810 1071 νόμου
842 1003 1035 1057 τούτου
1060 1008 1295 1060 ποιεῖται
1326 1008 1506 1076 λόγον,
1542 1008 1628 1061 ἵνα
1658 1024 1718 1062 τε
1744 1008 1821 1076 μή
1847 1006 1957 1059 τῶν

385 1092 653 1162 μειζόνων
698 1095 1114 1166 ἀποστερῶνται
1138 1137 1151 1159 ,
1191 1098 1284 1151 καὶ
1322 1099 1404 1152 ὅτι
1437 1100 1616 1169 μάτην
1660 1102 1956 1152 κόπτονται

383 1184 787 1254 φροντίζοντες,
815 1179 892 1239 ὧν
932 1188 1036 1256 πρὸ
1068 1187 1249 1243 αὐτῶν
1292 1191 1488 1260 ἐκείνῳ
1516 1190 1766 1260 μελήσει.
1809 1191 1872 1244 El
1900 1190 1958 1244 δὲ

381 1276 443 1330 τὸ
479 1279 753 1347 μεριμνᾷν
781 1279 923 1348 ὑπὲρ
955 1281 1161 1334 τούτων
1199 1280 1408 1352 ζημία,
1462 1283 1524 1336 τὸ
1559 1284 1814 1337 ἀνιᾶσθαι
1852 1282 1957 1338 ποῦ

383 1370 647 1439 θήσομεν,
683 1370 713 1424 δ
747 1372 822 1443 μὴ
863 1374 1023 1444 μόνον
1072 1376 1187 1429 ἐστὶ
1218 1375 1315 1429 τοῦ
1351 1376 1487 1429 Θεοῦ
1519 1379 1584 1448 τῇ
1629 1379 1819 1450 μνήμῃ
1857 1376 1957 1441 τὴν

380 1460 562 1531 ψυχὴν
599 1463 926 1531 ἀφεστάναι,
980 1467 1127 1522 ἀλλά
1162 1467 1261 1524 καὶ
1314 1471 1663 1526 παντάπασιν
1719 1471 1959 1525 ἐσκοτῶ-

384 1553 509 1608 σθαι
546 1556 642 1610 καὶ
686 1561 889 1628 τυφλὸν
945 1558 1082 1615 εἶναι
1131 1561 1226 1616 τὸν
1258 1563 1543 1635 λογισμὸν,
1591 1565 1668 1630 ὡς
1694 1566 1959 1635 καὶπρὸς

381 1645 598 1701 ὄλισθον
630 1651 974 1705 παντοδαπὸν
1002 1654 1258 1711 ἐντεῦθεν
1283 1657 1527 1728 εὐχερῶς
1581 1657 1762 1729 ἐχεινς
1811 1659 1958 1721 Νοῦς

380 1741 491 1809 γὰρ
519 1743 739 1798 ἐπειδὰν
786 1744 997 1818 ἀθυμίᾳ
1044 1749 1274 1819 κάτοχος
1361 1791 1377 1815 ,
1408 1749 1486 1820 τῷ
1531 1752 1810 1805 σεσεῖσθαι
1842 1753 1958 1814 τοῖς

382 1833 594 1889 ἐκεῖθεν
623 1835 852 1906 ἱλίγγοις
877 1839 971 1892 καὶ
1000 1843 1357 1906 καταπεσεῖν,
1382 1843 1449 1897 τὰ
1479 1842 1794 1911 φαυλότατα
1820 1842 1956 1898 πάν-

379 1944 487 1982 των
514 1929 694 2001 ἑαυτῷ
742 1932 962 2003 χρῆται,
1005 1934 1106 2005 τὴν
1158 1937 1257 2005 μέν
1292 1936 1582 2004 ἐνέργειαν
1611 1938 1714 2005 τὴν
1757 1934 1951 1990 ἐαυτοῦ

379 2023 471 2076 καὶ
502 2023 603 2091 τὴν
626 2022 782 2089 ἀξίαν
830 2026 1067 2096 ἑτοίμως
1100 2027 1242 2095 ἄγαν
1287 2028 1611 2098 προϊέμενος
1639 2028 1734 2081 καὶ
1771 2028 1800 2082 δ
1849 2029 1952 2082 πέσ-

378 2132 540 2182 φυκε,
572 2114 826 2187 καθάπερ
876 2118 927 2171 οί
968 2118 1166 2189 μακρῷ
1199 2120 1353 2191 κάρῳ
1403 2121 1844 2190 κατασχεθέντες
1882 2120 1953 2172 τὰ

380 2206 438 2258 ἐν
461 2207 640 2276 χερσὶ,
672 2206 873 2263 πάθεσι
895 2208 951 2262 δὲ
976 2210 1178 2282 ῥαδίως
1209 2211 1376 2264 εἴκων
1400 2212 1749 2283 ἀνδραπόδων
1770 2213 1950 2279 δίκην,

378 2294 461 2361 οἷς
499 2299 812 2354 ἐπιτάττειν
843 2301 1049 2364 δίκαιος
1078 2297 1148 2372 ἦν
1168 2320 1183 2336 ο
1221 2304 1314 2357 καὶ
1339 2302 1515 2366 οὕτως
1538 2304 1693 2359 οὐδὲν
1727 2305 1951 2369 κωλύει,

379 2389 477 2461 τὴν
509 2391 688 2461 ψυχὴν
707 2392 1022 2460 ἀποθανεῖν,
1049 2395 1248 2465 μυρίας
1274 2395 1551 2450 λαὸοῦσαν
1576 2396 1820 2464 πληγὰς,
1842 2398 1954 2452 τῶν

382 2482 482 2551 μιν
506 2483 603 2551 ἀφ’
637 2483 807 2553 ὕψους
848 2484 985 2554 αὐτῇ
1020 2485 1406 2556 πολεμούντων
1442 2488 1658 2542 πολλῶν
1687 2483 1952 2563 δντωνμῇ

379 2575 543 2629 Δασὶδ
573 2573 719 2643 εἶπε,
755 2578 849 2631 τοῦ
876 2578 922 2629 δ’
953 2580 1323 2651 ἐπικουρῆσαι
1368 2582 1431 2635 ού
1484 2581 1809 2651 δυναμένου.
1852 2583 1953 2636 Διά

379 2668 535 2722 τοῦτο
576 2670 808 2734 Παῦλος,
834 2690 854 2724 ι
890 2673 956 2725 Ἥ
986 2671 1155 2741 λύπη,
1185 2675 1341 2743 φησὶ,
1365 2673 1459 2728 τοῦ
1488 2676 1694 2745 κόσμου
1719 2675 1955 2730 θάνατον

378 2761 821 2831 κατεργάζεταιο
860 2783 879 2816 ι
927 2764 1062 2834 πρὸς
1112 2765 1176 2836 δὴ
1223 2765 1400 2820 ταῦτα
1439 2767 1728 2838 βλέποντες
1767 2768 1816 2823 οῖ
1850 2785 1952 2822 πε-

383 2856 586 2921 ριεῖναι
639 2855 735 2910 καὶ
782 2853 883 2927 ζῇν
938 2856 1147 2920 αὐτοῖς
1162 2856 1450 2926 βούλονται
1489 2859 1589 2927 τὴν
1625 2860 1846 2930 ψυχὴν,
1889 2860 1952 2915 ού

378 2945 559 3016 λύπην
601 2944 866 3015 φεύγουσι
898 2948 1081 3016 μόνον,
1114 2948 1252 3002 ἀλλά
1285 2949 1378 3002 καὶ
1413 2950 1689 3021 μερίμνης
1719 2951 1954 3020 ἀπέχον-

379 3055 493 3102 ται,
516 3037 802 3110 πόρρωθεν
825 3038 1225 3109 ἐκτρεπόμενοι
1253 3039 1314 3093 τὸ
1333 3042 1526 3097 κακόν.
1562 3043 1624 3096 El
1651 3043 1709 3097 δὲ
1739 3042 1952 3106 πολλοῖς

378 3130 487 3184 τῶν
526 3130 854 3195 σπουδαίων,
895 3131 1109 3185 πόλεων
1139 3133 1235 3187 καὶ
1266 3134 1553 3188 συνοικιῶν
1578 3134 1953 3204 ἐπιμελουμέ-

2060 656 2288 710 rngnum
2328 640 2446 702 Dei,
2475 656 2598 695 vera
2632 653 2715 697 est
2747 645 3037 713 promissio
3056 656 3249 701 caetera
3280 662 3473 704 cuncta
3510 668 3644 707 con-

2059 741 2355 801 sequenter
2397 734 2586 789 datum
2618 735 2704 789 iri.
2750 735 2926 802 Super
2964 739 3048 794 his
3085 742 3232 795 omni
3274 744 3640 802 sollicitudine

2058 824 2397 879 adhaerentes
2428 826 2531 880 sibi
2566 823 2817 881 Salvator
2861 844 3091 895 exuens,
3128 833 3361 888 multum
3410 835 3640 903 hujusce

2059 912 2195 983 legis
2246 914 2376 969 facit
2407 915 2610 979 locum,
2642 933 2710 971 ne
2742 918 3062 975 melioribus
3094 922 3398 991 priventur,
3425 936 3478 979 ct
3511 928 3640 995 quia

2059 1006 2265 1064 frustra
2310 1007 2610 1078 fatigantur
2640 1010 2865 1065 solliciti
2890 1011 2959 1066 de
2989 1013 3188 1082 quibus
3218 1025 3345 1070 ante
3386 1018 3532 1087 ipsos
3561 1020 3637 1074 illi

2059 1113 2189 1152 cura
2239 1109 2343 1155 est.
2388 1099 2445 1154 Si
2499 1117 2629 1156 vero
2685 1103 2771 1178 de_
2799 1103 2916 1159 istis
2971 1105 3398 1164 sollicitudinem
3441 1114 3641 1167 habere

2058 1192 2382 1248 damnosum
2424 1203 2529 1253 est.
2564 1194 2656 1250 ubi
2691 1197 2966 1252 tristitiam
3021 1214 3306 1268 ponemus,
3341 1207 3487 1272 quod
3532 1222 3639 1258 non

2057 1284 2236 1339 solum
2271 1293 2353 1339 est
2387 1301 2417 1339 a
2452 1284 2544 1340 Dei
2582 1289 2959 1343 recordatione
2991 1300 3227 1346 mentem
3266 1296 3517 1360 alienari,
3548 1298 3639 1351 sei

2058 1376 2284 1431 omnino
2349 1377 2656 1442 obscurari,
2719 1397 3033 1452 caecamque
3093 1386 3361 1440 rationem
3420 1389 3636 1451 habere,

2059 1465 2131 1521 ita
2163 1466 2305 1522 utad
2337 1471 2635 1538 quamlibet
2653 1473 2869 1527 ruinam
2895 1476 3090 1528 eximie
3116 1474 3292 1532 facilis
3309 1480 3379 1532 sit
3403 1478 3640 1533 descen-

2056 1560 2190 1614 sus?
2209 1559 2362 1616 Mens
2387 1563 2530 1616 enim
2558 1573 2852 1634 postquam
2875 1567 3044 1621 animi
3075 1569 3381 1638 dejectione
3402 1571 3634 1637 laborat,

2058 1649 2103 1705 si
2135 1651 2334 1706 exinde
2382 1652 2648 1724 vertigine
2684 1664 2921 1710 vexetur
2964 1668 3129 1723 atque
3174 1659 3412 1720 decidat,
3446 1660 3639 1715 miser-

2060 1743 2199 1796 rime
2225 1758 2287 1798 se
2320 1744 2505 1811 habet,
2541 1748 2649 1800 vim
2682 1761 2838 1804 suam
2862 1760 2913 1803 et
2944 1750 3260 1820 dignitatem
3289 1760 3344 1806 et
3373 1752 3635 1822 quidquid

2059 1834 2163 1889 sibi
2198 1835 2443 1892 innatum
2466 1848 2566 1904 est,
2602 1839 2760 1895 sicuti
2792 1839 2886 1910 qui
2922 1840 3200 1911 profundo
3227 1853 3517 1912 captantur
3550 1854 3641 1898 so-

1988 1920 2031 1974 B
2062 1942 2194 1996 pore
2227 1943 2349 1999 quae
2398 1931 2454 1984 in
2496 1932 2751 1989 manibus
2791 1942 3003 2001 tenent,
3032 1944 3283 2004 prompte
3322 1935 3636 2003 projiciens,

2062 2015 2220 2072 facile
2258 2035 2396 2087 ,vero
2443 2022 2667 2088 cedens,
2722 2039 3008 2079 servorum
3060 2041 3236 2091 more,
3271 2026 3637 2094 passionibns.

2053 2110 2257 2177 quibus
2281 2112 2551 2180 imperare
2581 2130 2797 2184 aequum
2832 2126 2981 2182 crat;
3013 2126 3066 2170 et
3093 2117 3171 2171 sic
3205 2117 3335 2171 nihil
3361 2118 3635 2187 prohibet,

2056 2202 2351 2270 quominus
2381 2204 2584 2267 anima,
2623 2205 2768 2261 mille
2799 2205 2969 2275 plagis
2999 2208 3257 2276 acceptis,
3281 2218 3486 2277 pereat,
3511 2224 3634 2262 cum

2057 2292 2212 2346 multi
2261 2294 2481 2362 quidem
2520 2296 2652 2360 sint,
2688 2306 2746 2352 ut
2791 2299 2869 2352 ait
2897 2298 3088 2363 David,
3119 2303 3213 2370 qui
3262 2315 3330 2354 ex
3375 2301 3485 2354 alto
3534 2316 3636 2367 pu-

2055 2396 2224 2452 gnant
2245 2386 2509 2443 adversus
2540 2404 2683 2452 eam,
2721 2392 2904 2446 nullus
2936 2406 3066 2445 vero
3111 2392 3185 2446 sit
3229 2394 3322 2460 qui
3368 2391 3633 2446 auxilium

2057 2479 2200 2529 ferre
2222 2477 2414 2544 possit.
2447 2476 2574 2531 Ideo
2600 2476 2829 2544 Paulus,
2887 2498 2905 2531 ι
2937 2477 3132 2535 Saeculi
3165 2481 3409 2543 tristitia,
3434 2480 3635 2547 inquit,

2055 2577 2285 2622 mortem
2353 2577 2631 2639 operatur.
2683 2591 2704 2623 ι
2767 2571 2847 2627 Ad
2904 2588 3028 2642 quae
3091 2575 3488 2643 prospicientes
3541 2572 3637 2641 qui
3732 2637 3734 2640 ν

2053 2674 2344 2729 superesse
2366 2661 2656 2732 vivereque
2680 2664 2780 2718 sibi
2811 2666 3000 2721 volunt
3028 2667 3295 2730 animam,
3323 2681 3428 2722 non
3456 2668 3634 2722 solum

2056 2752 2338 2808 tristitiam
2398 2754 2637 2825 fugiunt,
2695 2760 2791 2813 sed
2850 2760 3017 2814 etiam
3077 2760 3268 2830 procul
3327 2770 3638 2816 avertentes

2056 2847 2257 2900 malum
2281 2861 2310 2899 a
2339 2847 2705 2904 sollicitudine
2731 2850 2835 2905 sibi
2868 2862 3193 2921 pracavent.
3210 2854 3270 2907 Si
3298 2867 3426 2909 vero
3450 2858 3639 2913 multis

2054 2939 2372 3008 proborum,
2416 2941 2633 2997 urbium
2667 2944 3102 3015 societatumque
3160 2961 3348 3001 curam
3419 2949 3624 3004 haben-

2054 3032 2225 3096 tibus,
2257 3033 2325 3087 ad
2363 3036 2577 3103 negotia
2606 3051 2831 3091 manum
2867 3039 3160 3094 admovere
3187 3055 3414 3096 necesse
3451 3040 3636 3106 fuerit,

2052 3122 2203 3178 curis
2234 3131 2416 3179 tamen
2455 3141 2562 3181 non
2599 3128 2773 3199 magis
2807 3128 3175 3195 indulserunt,
3212 3145 3315 3185 nec
3350 3133 3488 3201 ipsis
3534 3120 3671 3189 hoc.

380 3237 512 3285 νοις,
562 3220 657 3276 καὶ
693 3222 1038 3292 πραγμάτων
1083 3221 1315 3292 ἅψεσθαι
1359 3224 1581 3295 συνέϐη,
1622 3224 1761 3279 ἀλλὰ
1791 3224 1947 3297 μερί-

2055 3230 2225 3271 causa
2257 3214 2364 3271 fuit
2394 3226 2453 3271 ut
2478 3219 2549 3273 ab
2587 3231 2808 3277 assueta
2844 3221 3058 3287 ratione
3089 3221 3426 3277 recederent.
3473 3223 3634 3279 Solli-

384 3330 548 3383 μναις
568 3313 723 3367 οὐδὲν
745 3314 949 3383 μᾶλλον
973 3317 1299 3385 προσέσχον,
1325 3315 1433 3369 οὐδ’
1455 3316 1749 3387 ἐξέστησεν
1774 3315 1953 3370 αὐτῶν

379 3404 474 3459 τοῦ
499 3404 903 3476 καθεστηκότος
950 3407 1046 3461 τὸν
1091 3408 1374 3478 λογισμόν.
1415 3409 1791 3480 Μεριμνῶμεν
1820 3409 1950 3480 γὰρ,

380 3495 621 3562 ἐπειδὰν,
647 3497 776 3565 περὶ
797 3488 874 3551 ὧν
902 3497 1174 3569 ζητοῦμεν
1199 3500 1294 3553 καὶ
1317 3493 1392 3554 ὧν
1412 3501 1563 3564 ὅπως
1590 3499 1749 3555 ἐσται
1769 3502 1955 3571 τυχεῖν

381 3592 728 3660 σκοποῦμεν,
778 3590 915 3660 πρὸς
970 3593 1146 3644 ταῦτα
1200 3593 1368 3647 πόθον
1413 3594 1535 3647 τινὰ
1597 3595 1956 3664 κεκτημένοις

381 3681 574 3738 ἔπειτα
598 3683 804 3752 τυχεῖν,
854 3684 905 3736 si
934 3683 1137 3752 γένοιτ’
1171 3684 1239 3739 ἄν
1267 3686 1403 3754 ἡμῖν
1440 3680 1518 3739 ῶν
1546 3684 1952 3754 ἐπιθυμοῦμεν,

380 3774 573 3844 ἄδηλον
692 3774 882 3829 Ταῦτα
916 3775 1026 3844 γὰρ
1056 3775 1157 3847 τὴν
1189 3776 1465 3848 μέριμναν
1494 3777 1817 3830 συνιστάναι
1862 3776 1955 3830 καὶ

381 3869 722 3923 κατατείνειν
750 3867 971 3924 δύναται
993 3869 1092 3939 τὴν
1113 3860 1312 3940 ψυχὴν,
1359 3869 1419 3924 τό
1435 3887 1496 3924 τε
1516 3872 1645 3941 περὶ
1674 3870 1734 3924 τὸ
1759 3870 1956 3941 ζητού-

382 3977 544 4033 μενον
559 3961 782 4031 φίλτρον
801 3962 861 4016 τό
879 3979 938 4016 τε
956 3963 1083 4031 περὶ
1113 3962 1211 4016 τοῦ
1249 3962 1437 4027 τέλους
1477 3962 1577 4033 τῆς
1614 3963 1744 4034 περὶ
1783 3963 1951 4019 αὐτοῦ

381 4052 617 4122 σπουδῆς
645 4052 811 4123 μηδὲν
833 4052 1033 4108 είδέναι
1058 4055 1227 4121 σαφές
1248 4071 1261 4085 ⁸
1276 4055 1342 4109 ἀν
1357 4071 1417 4108 τε
1438 4055 1598 4126 γάρῆ
1626 4059 1759 4125 περὶ
1771 4049 1846 4110 ὧν
1868 4075 1956 4126 φι-

384 4149 474 4203 λοῦ
483 4166 580 4219 μεν
596 4148 754 4203 οὐδὲν
769 4149 1022 4218 εἰδῶμεν,
1046 4148 1078 4219 ἢ
1104 4165 1168 4201 πε
1176 4150 1231 4219 ρὶ
1250 4141 1325 4201 ὧν
1343 4149 1611 4218 φιλοῦμεν
1630 4150 1698 4203 τὰ
1720 4149 1841 4203 κατ’
1865 4150 1955 4203 εὐ-

380 4243 481 4312 χὴν
495 4241 747 4308 εἰδῶμεν,
769 4240 921 4294 οὐδὲν
936 4241 1068 4311 ἡμῖν
1084 4239 1346 4311 δυσχερὲς
1365 4241 1486 4295 οὐδέ
1514 4242 1780 4310 μέριμνα,
1805 4241 1872 4296 ἀν
1891 4259 1952 4294 τε

380 4333 669 4402 ζητοῦντες
688 4333 717 4387 δ
738 4332 1022 4403 φιλοῦμεν,
1041 4331 1114 4396 ὥς
1143 4333 1206 4386 ού
1230 4332 1540 4402 ληψόμεθα,
1569 4334 1759 4403 σαφῶς
1799 4334 1954 4388 εἰδῶ-

385 4442 504 4494 μεν.
530 4422 624 4477 τοῦ
652 4424 923 4494 μεριμνᾷν
947 4421 1124 4484 οὐδεὶς
1147 4422 1538 4476 καταλείπεται
1570 4424 1757 4486 τόπος.
1786 4424 1952 4478 Οὐδε-

383 4513 483 4583 μία
509 4517 616 4585 γάρ
634 4513 873 4568 ἐνταῦθα
891 4515 1110 4584 φροντὶς
1140 4515 1259 4568 οὐδέ
1288 4516 1474 4586 φόῦος,
1495 4518 1552 4569 ἐν
1584 4512 1667 4579 οἷς
1688 4517 1830 4586 ότῆς
1852 4535 1951 4588 με·

2057 3305 2150 3360 citi
2192 3321 2431 3376 namque
2476 3325 2692 3372 sumus.
2719 3326 2843 3367 eum
2884 3311 3030 3367 circa
3065 3326 3130 3366 ea
3179 3328 3300 3381 qua:
3335 3313 3634 3383 quaerimus

2057 3408 2109 3450 et
2138 3397 2359 3452 modum
2395 3398 2677 3457 obtinendi
2709 3405 3080 3471 speculamur,
3114 3406 3351 3475 quodam
3381 3407 3634 3477 obtinen-

2056 3488 2109 3543 di
2137 3488 2410 3546 desiderio
2449 3504 2634 3560 postea
2679 3494 2917 3563 adjecto,
2949 3512 3018 3550 an
3060 3497 3222 3552 nobis
3255 3499 3477 3554 evenire
3513 3512 3638 3568 pos-

2057 3581 2170 3636 sint
2201 3598 2322 3652 quae
2358 3585 2677 3653 quaerimus,
2716 3586 2983 3642 incertum
3025 3598 3128 3644 est.
3159 3588 3276 3645 Hoc
3301 3592 3448 3645 enim
3478 3592 3635 3647 exci-

2059 3681 2176 3728 tare
2202 3675 2624 3735 sollicitudinem
2649 3692 2714 3732 ac
2739 3678 2976 3733 animam
3000 3680 3231 3756 dilatare
3249 3692 3458 3752 potest;
3484 3686 3631 3754 quod

2056 3765 2201 3819 circa
2235 3765 2524 3835 quaesitum
2556 3767 2889 3824 desiderium
2935 3781 2990 3826 et
3018 3772 3179 3828 linem
3212 3774 3281 3831 de
3322 3775 3414 3829 illo
3445 3775 3632 3846 inqui-

2058 3856 2274 3914 sitionis
2305 3858 2440 3913 nihil
2490 3858 2783 3915 manifeste
2812 3874 3104 3919 noscatur:
3134 3864 3252 3923 sive
3292 3868 3439 3925 enim
3486 3869 3633 3927 circa

2055 3964 2144 4005 res
2162 3958 2374 4006 amatas
2399 3951 2534 4005 nihil
2555 3952 2857 4019 videamus,
2881 3961 2977 4008 aut
3005 3966 3214 4013 amatas
3236 3958 3487 4028 resjuxta
3510 3970 3632 4014 vota

2057 4043 2352 4099 succedere
2404 4045 2710 4111 videamus,
2762 4047 2898 4100 nihil
2961 4048 3122 4104 nobis
3175 4059 3260 4104 est
3316 4066 3632 4118 onerosum,

2056 4150 2158 4191 nec
2216 4136 2555 4205 sollicitudo,
2611 4138 2727 4195 sive
2806 4151 3113 4209 quaerentes
3163 4143 3307 4212 quod
3361 4158 3631 4208 amamus,

2057 4245 2160 4286 nos
2180 4246 2291 4285 non
2315 4231 2638 4287 obtenturos
2668 4230 2959 4289 manifeste
2981 4233 3245 4301 sciamus,
3271 4236 3633 4292 sollicitudini

2053 4321 2164 4392 jam
2201 4322 2386 4378 nullus
2422 4323 2755 4392 relinquitur
2794 4325 2969 4382 locus.
3007 4324 3105 4382 ilic
3135 4328 3279 4382 enim
3321 4328 3465 4382 nulla
3500 4344 3632 4383 cura

2059 4415 2350 4485 nullusque
2390 4416 2578 4483 timor,
2613 4417 2705 4472 ubi
2739 4418 2888 4473 stetit
2917 4419 3299 4475 sollicitudinis
3346 4423 3631 4489 terminus,

2057 4506 2150 4561 sed
2179 4507 2520 4577 simpliciter,
2561 4508 2718 4579 quasi
2747 4510 2860 4577 jam
2902 4510 3118 4565 adesset
3147 4511 3370 4573 malum,
3412 4513 3632 4569 tristitia

383 4606 584 4679 ρίμνης
602 4606 834 4676 ἕστηκεν
869 4607 1013 4677 ὅρος,
1032 4606 1146 4661 ἀλλ’
1170 4607 1413 4679 ἀτεχνῶς
1433 4608 1507 4673 ὼς
1533 4608 1633 4681 ῆδη
1660 4609 1753 4662 τοῦ
1781 4611 1952 4663 κακοῦ

2061 4599 2235 4654 adest.
2262 4600 2438 4653 Porro
2473 4615 2599 4653 cum
2624 4616 2687 4653 ex
2714 4600 2821 4655 illis
2850 4616 2970 4670 quae
3003 4601 3426 4656 sollicitudinem
3466 4620 3635 4675 gene-

384 4701 651 4771 παρόντος
682 4700 830 4765 λύπη
861 4699 923 4753 τὸ
957 4699 1130 4761 πάθος
1149 4718 1162 4731 ·
1199 4700 1310 4752 τῶν
1341 4699 1405 4770 δὴ
1437 4702 1716 4771 μεριμνᾷν
1743 4701 1958 4753 ποιούν-

381 4811 489 4847 των
519 4793 628 4845 τῶν
674 4794 734 4846 ἐν
779 4792 1004 4860 Χριστῷ
1039 4790 1260 4855 ζώντων
1289 4792 1575 4863 οὐδετέρου
1610 4796 1730 4857 ταῖς
1754 4792 1959 4865 ψυχαῖς

383 4885 748 4957 ἐνοχλοῦντος,
787 4887 1000 4956 ἀνάγκη
1050 4886 1158 4938 τῶν
1189 4886 1298 4939 ἀπὸ
1323 4885 1425 4949 τῆς
1458 4885 1729 4957 μερίμνης
1759 4887 1958 4951 αὐτοὺς

379 4978 730 5050 ἀπηλλάχθαι
760 4977 972 5032 κακῶν.
1013 4975 1151 5030 Οὔτε
1186 4976 1296 5047 γὰρ
1327 4976 1504 5030 οὐδενὶ
1548 4980 1955 5048 προστετήκασι

377 5072 487 5124 τῶν
532 5070 844 5139 παρόντων,
904 5070 999 5122 καὶ
1051 5068 1104 5121 ετ
1151 5085 1204 5120 τι
1252 5068 1391 5136 πρὸς
1435 5068 1535 5139 τὴν
1564 5069 1659 5121 τοῦ
1706 5070 1956 5139 σώματος

378 5160 706 5230 ἐργάζονται
737 5158 955 5230 χρείαν,
994 5156 1058 5209 τὸ
1102 5156 1257 5219 τέλος
1282 5156 1549 5209 ἑκάστοτε
1581 5157 1682 5225 τῆς
1717 5157 1955 5226 σπουδῆς

382 5254 529 5305 ἴσασι
558 5252 762 5323 τρόπον
800 5251 862 5320 δή
909 5264 1068 5302 τινα’
1103 5249 1163 5302 τὸ
1196 5249 1303 5317 γὰρ
1349 5247 1428 5316 τῷ
1477 5247 1597 5318 Θεῷ
1629 5249 1819 5303 δοκοῦν
1839 5252 1956 5313 τοῖς

381 5344 564 5407 πόνοις
596 5343 849 5414 εὖχονται
875 5341 1208 5413 πέρας.,καὶ
1253 5340 1330 5400 ὡς
1372 5342 1651 5412 ἀπατήσει
1690 5344 1758 5398 τὰ
1801 5346 1955 5414 παρά

379 5436 487 5490 τῶν
518 5436 695 5506 εὐχῶν
731 5434 952 5499 αὐτίκα,
987 5433 1132 5505 μάλα
1162 5433 1350 5500 σαφῶς
1384 5433 1743 5501 γινώσκουσι.
1778 5435 1955 5505 Μερι-

384 5526 563 5598 μνῷεν
595 5526 704 5596 γάρ
733 5527 798 5581 ἂν
824 5527 855 5596 ἢ
882 5526 994 5578 τῶν
1025 5525 1277 5596 πενήτων
1306 5524 1355 5578 οἳ
1388 5524 1597 5594 τρυφῆς
1626 5524 1957 5596 ἐπιθυμοῦν-

382 5636 472 5682 τες
520 5617 693 5688 μείζω
729 5615 842 5669 τῶν
892 5616 1063 5670 ὄντων
1123 5614 1225 5684 τὴν
1278 5613 1418 5684 πρὸς
1463 5615 1553 5667 τὸν
1583 5614 1698 5684 βίον
1729 5616 1952 5685 ζητοῦσι

382 5709 766 5779 παρασκευὴν,
798 5709 830 5777 ἢ
858 5709 968 5761 τῶν
1014 5708 1393 5762 πλουτούντων
1422 5701 1503 5768 οἷς
1542 5708 1650 5776 πρὸ
1679 5708 1789 5761 τῶν
1820 5726 1953 5780 χρη-

386 5800 571 5868 μάτων
599 5799 776 5867 οὐδὲν,
807 5798 857 5854 οι
892 5800 1164 5870 μενόντων
1196 5818 1259 5854 τε
1287 5800 1416 5871 παρ’
1448 5801 1635 5864 αὐτοῖς
1664 5801 1949 5871 τρέμουσι,

388 5892 464 5960 μὴ
495 5892 731 5960 φυγόντα
762 5889 971 5946 λάθωσι
1019 5892 1111 5945 καὶ
1139 5892 1519 5964 ἀναλουμένων
1561 5891 1807 5960 ἀλγοῦσι,
1843 5892 1949 5947 κᾶν

2061 4699 2184 4745 rant
2211 4701 2466 4746 neutrum
2498 4692 2700 4747 animis
2739 4692 2793 4746 in
2824 4691 3045 4747 Christo
3074 4693 3369 4747 viventium
3413 4698 3629 4751 turbam

2059 4791 2247 4848 creat,
2277 4797 2503 4838 necesse
2536 4790 2696 4838 estut
2728 4797 2759 4837 a
2793 4782 3060 4837 maiorum
3089 4783 3460 4840 sollicitudine
3492 4787 3619 4841 libe-

2059 4884 2269 4930 rentur.
2304 4873 2448 4929 Nniii
2491 4875 2633 4930 enim
2668 4878 3016 4947 praesentium
3065 4876 3276 4932 fortiter
3331 4881 3630 4943 adimerent,

2059 4971 2170 5024 imo
2220 4969 2264 5024 si
2304 4968 2434 5041 quid
2477 4970 2544 5024 ad
2590 4969 2836 5039 corporis
2890 4970 3268 5027 necessitatem
3317 4985 3630 5042 operentur,

2059 5061 2224 5116 studii
2277 5060 2440 5117 linem
2481 5076 2695 5131 semper
2739 5061 2922 5131 aliquo
2969 5064 3156 5118 saltem
3223 5065 3385 5120 modo
3425 5082 3630 5136 cogno-

2057 5163 2250 5208 scunt:
2284 5153 2591 5222 quodenim
2634 5153 2742 5208 Deo
2783 5136 3179 5223 beneplacitum
3213 5166 3317 5223 est,
3347 5157 3629 5212 laboribus

2057 5256 2317 5315 exoptant
2363 5261 2485 5302 esse
2540 5245 2723 5309 linem,
2757 5255 2811 5300 et
2857 5261 2919 5302 ea
2953 5262 3071 5315 qua
3115 5260 3245 5303 sunt
3272 5248 3323 5303 in
3366 5249 3504 5304 votis
3535 5251 3629 5304 de-

2056 5339 2296 5409 ceptioni
2323 5355 2445 5394 esse
2469 5339 2737 5410 subjecta,
2774 5339 2942 5409 probe
2963 5349 3191 5395 norunt.
3215 5340 3445 5394 Solliciti
3473 5341 3632 5409 quip-

2055 5448 2121 5503 pe
2146 5433 2325 5488 forent
2350 5434 2493 5487 circa
2523 5448 2811 5503 pauperes,
2829 5433 2922 5503 qui
2945 5433 3155 5489 deliciis
3178 5432 3342 5487 dediti
3366 5434 3627 5500 majorem

2055 5522 2122 5577 ad
2157 5523 2362 5578 victum
2408 5525 2769 5580 substantiam
2810 5533 3082 5594 quterunt,
3111 5531 3204 5577 aut
3246 5523 3393 5577 circa
3433 5523 3626 5577 divites

2055 5615 2259 5685 quibus
2295 5614 2431 5669 nihil
2456 5623 2540 5669 est
2567 5615 2742 5685 majus
2771 5615 2994 5680 divitiis,
3017 5614 3133 5685 qui,
3172 5614 3254 5669 his
3279 5614 3626 5667 manentibus

2053 5707 2198 5776 apud
2234 5708 2399 5776 ipsos.
2427 5713 2690 5769 tretnunt,
2728 5720 2796 5758 ne
2835 5704 3074 5775 fugitiva:
3104 5706 3373 5766 labantur,
3402 5713 3456 5758 et
3492 5720 3624 5759 con-

2056 5798 2307 5868 sumptis,
2334 5797 2538 5858 dolent,
2566 5796 2782 5851 etiamsi
2825 5796 2891 5850 ad
2918 5811 2982 5851 ea
3016 5811 3137 5866 quze
3168 5797 3403 5851 maxime
3430 5810 3622 5850 neces-

2054 5889 2200 5948 saria
2243 5899 2367 5947 sunt
2415 5888 2664 5960 corpOi-i,
2702 5890 2992 5959 insumptis
3047 5888 3174 5955 sint,
3220 5896 3275 5945 et
3321 5887 3623 5959 praesertim
