4036 6480
401 413 510 475 699

1641 416 1956 477 NlCOLAl
1995 416 2395 478 CABASIIAI

3571 412 3679 478 700

399 533 530 603 quia
566 532 785 586 illarum
818 530 954 586 adeo
985 538 1117 587 sunt
1147 538 1421 587 amatores
1453 541 1516 586 ut
1545 533 1760 595 malint,
1788 532 1991 588 exinde

2112 536 2176 600 εἰς
2211 537 2247 592 ἃ
2268 537 2353 590 δεῖ
2382 538 2621 607 μάλιστα
2647 537 2725 608 τῷ
2751 536 2967 606 σώματι
2988 535 3300 601 δαπανῶσι,
3323 536 3418 590 καὶ
3444 536 3679 604 μάλιστα

400 627 613 682 nullum
690 624 1056 694 percipientcs
1119 627 1498 689 commodum,
1552 640 1772 696 semper
1837 625 1990 681 intus

400 721 668 785 retinere,
728 734 893 787 quam
971 717 1247 788 projicere
1317 720 1608 777 thesauros
1677 721 1746 776 ad
1802 721 1994 791 acqui-

400 808 570 864 rcnda
653 811 967 864 necessaria
995 848 1011 873 ,
1043 811 1244 866 deinde
1289 812 1435 881 quod
1483 814 1697 877 timent,
1746 828 1814 868 ne
1856 815 1992 883 ipsis

400 903 454 956 iu
485 918 686 956 vanum
726 902 798 957 sit
821 918 1150 972 expensum,
1193 905 1260 959 de
1307 906 1558 962 laborum
1611 907 1718 962 line
1765 908 1995 964 minime

399 996 615 1060 confisi,
640 996 910 1065 siquidem
935 1012 966 1051 e
998 1014 1161 1053 manu
1191 998 1281 1054 Dei
1312 1017 1464 1069 spem
1506 1002 1766 1071 pendere,
1816 1011 1996 1059 stante

403 1084 669 1156 ﬁrmaque
716 1103 797 1153 re,
842 1104 950 1143 non
997 1100 1218 1154 curant,
1260 1093 1355 1146 sed
1399 1093 1452 1147 in
1497 1093 1585 1149 his
1627 1110 1750 1162 quae
1795 1103 1990 1165 agunt,

401 1177 762 1247 sibimetipsis
802 1181 1034 1250 suisque
1066 1183 1497 1252 cogitatioiiibus
1522 1184 1756 1238 omnino
1786 1183 1992 1251 fidunt;

408 1288 426 1321 ι
466 1286 611 1339 quae,
646 1271 827 1341 inquit
871 1273 1155 1340 Salomon,
1193 1275 1400 1330 timidae
1426 1284 1559 1331 sunt
1600 1285 1656 1330 et
1691 1277 1936 1333 incertae.
1968 1295 1989 1330 ι

408 1362 521 1418 illis
567 1373 752 1419 autem
797 1367 892 1434 qui
956 1382 1152 1423 omnes
1222 1369 1461 1425 oderunt
1524 1369 1776 1436 delicias,
1808 1371 1994 1426 omnia

402 1455 640 1509 visibilia
687 1457 1025 1527 despiciunt,
1058 1460 1309 1516 omnium
1349 1477 1473 1533 qum
1500 1478 1605 1533 pro
1632 1462 1996 1534 sibimetipsis

403 1546 489 1602 vel
541 1547 666 1603 aliis
735 1550 1219 1613 faciunt.lucerna
1266 1555 1651 1621 mandatorum
1707 1555 1824 1623 Dei,
1849 1558 1998 1613 velut

402 1639 857 1708 duce,utuntur,
917 1644 1105 1700 omnia
1160 1654 1498 1716 postponunt
1544 1652 1687 1718 spei.
1720 1664 1886 1718 quam
1940 1652 1995 1706 in

403 1732 529 1802 ipso
558 1734 784 1800 habent,
808 1737 951 1805 quod
985 1738 1139 1793 utilia
1182 1740 1318 1810 ipsis
1356 1752 1814 1814 occurrant,qtue
1840 1746 1997 1802 solii-

403 1826 669 1883 citudinis
716 1829 1020 1886 necessitas
1059 1830 1194 1887 2Ad
1253 1833 1384 1904 quid
1456 1835 1607 1890 anxii
1656 1844 1843 1892 essent
1894 1853 1997 1908 pro

406 1918 572 1975 rebus
627 1935 768 1991 quas
807 1921 920 1992 jam
978 1922 1119 1979 bene
1172 1926 1514 1995 compositas
1561 1930 1996 1985 noscuntiNon

406 2011 555 2066 enim
609 2011 774 2069 ﬁnem
843 2015 960 2070 suis
1009 2017 1210 2074 studiis
1271 2034 1705 2091 consequentem
1753 2023 2004 2079 absolute

392 2118 683 2176 quaerunt,
740 2109 835 2164 sed
884 2107 1023 2164 illud
1078 2112 1224 2180 quod
1290 2114 1465 2182 possit
1510 2115 1644 2170 utile
1692 2129 1836 2180 esse,
1902 2132 2005 2173 nec

407 2207 793 2267 exspectantes
821 2201 1046 2260 solliciti
1076 2211 1231 2267 sunt,
1256 2203 1395 2260 bene
1421 2206 1662 2262 scientes
1692 2222 1751 2263 se
1776 2208 1843 2263 ad
1876 2219 2001 2264 vota

411 2298 812 2357 perventuros;
854 2291 1115 2362 quodque
1152 2296 1403 2349 occurrit
1439 2292 1626 2351 amant
1660 2308 1719 2351 ut
1753 2298 2003 2353 omnium

411 2382 794 2450 utilissimum,
846 2386 953 2461 hoc
987 2387 1167 2456 ipsum
1200 2389 1345 2459 quod
1378 2398 1706 2460 rogaveram
1733 2406 1858 2447 esse
1888 2407 2009 2448 cre-

411 2476 623 2533 dentes.
655 2477 724 2532 Et
741 2478 969 2534 omnino
997 2481 1141 2536 sicut
1171 2482 1498 2548 viatoribus,
1546 2492 1838 2552 postquam
1900 2484 2007 2539 du-

411 2578 619 2624 ctorem
641 2570 775 2641 ipsis
802 2581 1006 2627 rectam
1030 2573 1197 2628 vitam
1217 2582 1619 2630 monstrantem
1645 2574 2004 2638 invenerunt.

412 2675 482 2715 ne
536 2670 720 2717 errent
773 2665 958 2719 nullus
1000 2679 1124 2721 esse
1167 2675 1347 2737 potest
1384 2669 1568 2732 timor,
1596 2682 1697 2723 nec
1745 2669 1884 2738 ipsis
1925 2679 2009 2726 est

410 2754 481 2811 de
509 2756 827 2813 deversorio
848 2758 963 2814 ulla
997 2772 1164 2824 cura;
1207 2760 1274 2813 ad
1312 2760 1566 2815 eumdem
1601 2761 1824 2815 modum
1860 2770 1916 2817 et
1955 2762 2005 2818 ei

412 2849 509 2919 qui
530 2849 715 2904 omnia
745 2858 922 2919 potest
944 2850 1013 2905 de
1030 2851 1147 2921 ipso
1169 2864 1336 2907 curas
1355 2853 1784 2919 committentes,
1806 2864 1861 2909 et
1881 2869 2008 2910 eum

415 2941 593 2996 solum
640 2940 766 2996 vita:
816 2941 1106 3011 victusque
1155 2944 1441 3014 pmsidem
1465 2947 2014 3013 assuinentes,asol-

416 3030 702 3085 licitudine
747 3031 978 3086 liberam
1015 3033 1117 3103 ipsi
1144 3034 1350 3089 habent
1392 3036 1673 3102 animam;
1723 3046 1785 3092 ut
1836 3038 2012 3094 solius

421 3136 549 3177 rere
567 3121 697 3176 boni
720 3122 934 3179 ratione
961 3123 1171 3191 habita,
1198 3140 1322 3195 qua
1357 3124 1572 3181 Domini
1616 3136 1745 3183 sunt
1788 3138 2006 3195 curent,

2098 630 2201 700 μὲν
2235 630 2316 693 ὡς
2341 630 2408 684 ἂν
2454 630 2639 683 αὐτῶν
2672 629 2890 693 ἀτόπως
2933 628 3194 700 ἐρῶντες,
3226 628 3309 682 ὥσ
3323 646 3371 681 τε
3417 627 3680 699 βούλοιντ’

2096 723 2168 777 ἂν
2228 721 2430 793 μᾶλλον
2489 720 2657 792 μηδὲν
2713 722 2926 775 ἐκεῖθεν
2979 720 3398 791 ὠφελουμένους
3442 721 3535 774 τὸν
3594 719 3680 773 ἀεὶ

2096 816 2294 887 χρόνον
2327 815 2479 869 ἔνδον
2508 815 2787 883 κατέχειν,
2817 812 2849 885 ἢ
2881 816 3246 884 προϊεμένους
3278 812 3315 868 ἃ.
3341 814 3423 866 δεῖ
3457 812 3677 881 κερδαί-

2096 924 2212 962 νειν
2241 908 2351 960 τῶν
2389 907 2705 978 θησαυρῶν,
2758 902 2934 960 ἔπειθ’
2971 908 3057 960 ὅτι
3107 906 3235 975 περὶ
3280 906 3382 975 τῆς
3429 905 3681 973 δαπάνης

2095 1000 2397 1064 δεδοίκασι,
2433 1000 2508 1072 μὴ
2542 1000 2723 1071 μάτην
2754 1001 2942 1061 αὐτοῖς
2968 995 3024 1070 ᾗ,
3059 1000 3190 1069 περὶ
3214 997 3311 1052 τοῦ
3353 997 3462 1051 τῶν
3505 1000 3683 1050 πόνων

2095 1095 2292 1158 τέλους
2336 1095 2547 1164 ἥκιστα
2598 1086 2836 1165 ’θαρρεῖν
2885 1091 3235 1160 δυναμένοις,
3291 1092 3417 1145 ἐπεὶ
3470 1088 3545 1161 μὴ
3585 1089 3683 1158 τῆς

2097 1186 2194 1241 τοῦ
2221 1187 2358 1241 Θεοῦ
2393 1186 2579 1256 χειρὸς
2629 1187 2728 1247 τὰς
2769 1176 2991 1246 ἐλπίδας
3037 1182 3273 1252 ἐξῆψαν,
3309 1181 3547 1244 ἑστῶτος
3588 1183 3686 1234 καὶ

2101 1280 2325 1351 βεϐαίου
2357 1280 2706 1350 πράγματος,
2749 1276 2867 1331 ἀλλ’
2912 1279 3129 1341 ἑαυτοῖς
3176 1276 3273 1333 καὶ
3322 1277 3435 1338 τοῖς
3472 1275 3682 1329 ἑαυτῶν
3726 1326 3731 1332 ,

2096 1371 2405 1442 λογισμοῖς,
2436 1373 2498 1426 έν
2523 1365 2606 1433 οἷς
2633 1370 2960 1440 πράττουσι,
2995 1369 3055 1422 τὺ
3084 1369 3195 1422 πᾶν
3242 1367 3638 1439 ἐπιτρέπουσιν
3662 1382 3676 1396 ·

2094 1467 2148 1521 οἳ
2181 1485 2201 1519 ι
2235 1465 2403 1520 δειλοί
2426 1465 2491 1518 τι
2526 1466 2634 1518 εἱσι
2672 1464 2770 1517 καὶ
2792 1462 3140 1531 ἐπισφαλεῖς,
3176 1478 3196 1514 ι
3220 1461 3356 1532 φησὶ
3384 1461 3637 1531 Σολομῶν
3663 1479 3676 1492 ·

2099 1557 2336 1620 exslvet;
2366 1555 2425 1610 δὲ
2457 1557 2640 1610 πᾶσαν
2676 1554 2778 1623 μὲν
2825 1554 3040 1624 τρυφὴν
3097 1550 3341 1623 μισοῦσι,
3373 1552 3595 1605 πάντων
3625 1550 3682 1604 δὲ

2098 1650 2209 1705 τῶν
2243 1647 2544 1720 ὁρωμένων
2577 1647 2914 1719 ὑπερορῶσι,
2957 1645 3184 1699 πάντων
3212 1645 3270 1699 δὲ
3300 1639 3378 1699 ὧν
3411 1643 3686 1712 ὲαυτοῖςῆ

2099 1744 2233 1816 περὶ
2262 1743 2377 1797 τῶν
2425 1742 2607 1797 ἄλλων
2636 1740 2886 1804 πονοῦσι,
2933 1740 3012 1810 τῷ
3040 1739 3224 1809 λύχνῳ
3252 1738 3363 1792 τῶν
3411 1736 3505 1791 τοῦ
3547 1736 3689 1791 Θεοῦ

2026 1877 2075 1938 Β
2100 1837 2288 1904 νόμων
2316 1835 2554 1907 ἡγεμόνι
2578 1834 2927 1904 χρωμένοις,
2971 1831 3113 1938 μετὰ
3154 1831 3214 1884 δὲ
3262 1830 3363 1938 τῆς
3402 1831 3484 1891 εἰς
3522 1828 3691 1938 αὑτὸν

2104 1929 2322 1994 ἐλπίδος
2349 1928 2533 1982 πάντα
2566 1924 2805 1989 ποιοῦσι,
2830 1925 2907 1989 ὡς
2937 1922 3000 1978 τὸ
3024 1925 3274 1976 συνοῖσον
3302 1918 3486 1984 αὐτοῖς
3515 1922 3691 1973 απαν-

2103 2023 2286 2093 τήσει,
2336 2020 2424 2082 τίς
2472 2018 2692 2087 ἀνάγκη
2734 2017 3048 2088 μερίμνης-ς
3096 2013 3216 2069 ἀνθ’
3248 2016 3374 2068 ὅτου
3412 2015 3470 2068 δὲ
3509 2014 3683 2085 ἀγρυ-

2104 2117 2396 2181 πνήσουσι,
2460 2112 2592 2182 περὶ
2618 2105 2695 2165 ὧν
2744 2109 2821 2175 ὥς
2862 2110 2966 2183 ἥδη
3018 2110 3477 2181 κατωρθωμένων
3526 2109 3689 2177 γινώ-

2106 2223 2366 2271 σκουσινς
2401 2203 2477 2259 Ού
2502 2203 2615 2275 γάρ
2643 2203 2706 2257 τὸ
2735 2206 2860 2266 ταῖς
2901 2203 3168 2265 σπουδαῖς
3202 2201 3496 2256 ἀκόλουθον
3536 2202 3691 2265 τέλος

2104 2302 2173 2353 ὲκ
2207 2297 2410 2360 παντὸς
2435 2297 2641 2367 τρόπου
2671 2297 2993 2369 ζητοῦντες,
3027 2294 3143 2350 ἀλλ’
3172 2297 3312 2363 ὅπερ
3338 2294 3407 2349 ἂν
3440 2296 3697 2364 συνενέγ-

2106 2388 2362 2457 κοι,οὖτε
2396 2391 2689 2461 μέλλοντες
2722 2390 3063 2460 μεριμνῶσι.
3094 2390 3239 2460 μάλα
3273 2388 3464 2457 σαφῶς
3488 2389 3698 2454 εἰδότες

2106 2486 2189 2539 ὅτι
2218 2482 2506 2549 τεύξονται
2532 2483 2647 2537 τῶν
2677 2483 2878 2551 εὐχῶν,
2902 2483 2999 2537 καὶ
3028 2483 3356 2552 στέργουσιν
3383 2482 3700 2551 ἀπαντήσει

2107 2575 2169 2630 τὸ
2195 2576 2419 2630 πάντων
2460 2573 2921 2628 λυσιτελέστατον
2952 2574 3051 2627 καὶ
3082 2574 3221 2643 ὅπερ
3261 2569 3519 2642 ηὔξαντο,
3551 2571 3699 2625 τοῦτ’

2108 2669 2243 2725 αὐτὸ
2273 2668 2629 2728 πιστεύοντες
2681 2662 2847 2721 εἶναι.
2882 2667 2995 2720 Καὶ
3026 2665 3165 2730 ὅλως
3205 2666 3461 2734 καθάπερ
3489 2666 3700 2719 ὁδοιπό-

2112 2778 2249 2834 ροις,
2279 2760 2503 2814 ἐπειδὰν
2535 2756 2759 2827 άγωγοῦ
2784 2757 3046 2829 τύχωσιν,
3080 2758 3338 2830 ἡγεῖσθαι
3373 2759 3556 2821 καλῶς
3596 2759 3697 2811 αύ-

2084 2857 2223 2918 ⁴τοῖς
2249 2848 2307 2908 οἵ
2336 2856 2418 2908 δεῖ
2438 2853 2689 2923 βαδίζειν
2732 2852 3130 2923 ἐπισταμένου,
3171 2851 3384 2924 πλάνης
3411 2852 3588 2915 οὐδεὶς
3627 2852 3696 2907 ἂν

2110 2949 2328 3019 γένοιτο
2360 2947 2554 3015 φόϐος,
2595 2947 2707 3000 οὐδ’
2738 2947 2859 3000 ἔστι
2900 2944 3033 3016 περὶ
3062 2945 3156 2998 τοῦ
3185 2944 3571 3014 καταλύματος
3600 2944 3702 2998 αύ-

2112 3041 2226 3103 τοῖς
2257 3040 2480 3109 φροντὶς
2509 3035 2764 3105 οὐδεμία,
2794 3034 2889 3089 τὸν
2924 3034 3040 3088 ῖσον
3065 3035 3275 3104 τρόπον
3307 3036 3405 3088 καὶ
3437 3036 3595 3089 αὐτοὶ
3624 3034 3701 3104 τῷ

2113 3133 2296 3189 πάντα
2339 3130 2396 3184 δὲ
2444 3129 2733 3200 δυναμένῳ
2775 3127 2887 3183 τῶν
2920 3127 3051 3197 περὶ
3080 3126 3248 3185 αὑτοῦ
3279 3127 3582 3198 φροντίδων
3612 3128 3704 3180 έκ-

420 3222 480 3269 et
530 3214 761 3269 timeant
808 3216 1166 3272 eteDomini
1222 3220 1497 3275 sententia
1542 3220 1844 3290 patiantur.
1914 3220 2011 3277 Hic

2120 3224 2349 3287 στάντες
2385 3224 2484 3277 καὶ
2506 3219 2700 3274 τοῦτον
2731 3218 2850 3290 βίου
2878 3220 2975 3274 καὶ
3012 3219 3114 3289 τῆς
3143 3220 3276 3289 περὶ
3312 3216 3502 3272 τοῦτον
3537 3235 3705 3272 σπου-

419 3308 569 3362 enim
602 3322 711 3362 non
741 3307 1103 3376 sibimetipsis
1130 3319 1368 3379 tantum,
1388 3312 1483 3368 sed
1508 3315 1674 3369 etiam
1705 3315 1828 3370 aliis
1850 3316 2012 3372 utiles

417 3400 714 3455 constituti
758 3408 925 3467 sunt;
960 3408 1015 3456 et
1068 3401 1122 3456 in
1165 3402 1272 3459 hoc
1324 3403 1528 3473 aliquis
1576 3406 1768 3461 mirari
1816 3408 2016 3476 poterit

423 3491 517 3548 Dei
549 3493 1035 3565 bonitatem,quod
1068 3495 1119 3550 si
1151 3497 1460 3562 nemo,alio
1513 3499 1844 3556 medicinam
1892 3517 2016 3560 sor-

423 3589 606 3656 bente,
640 3589 897 3645 morbum
940 3590 1112 3646 vitare
1153 3600 1343 3662 queat,
1372 3607 1403 3647 a
1447 3592 1757 3650 rationibus
1784 3593 2020 3652 redden-

423 3683 509 3739 dis
534 3683 646 3746 ille,
670 3682 1007 3753 patientibus
1038 3683 1184 3748 aliis,
1204 3685 1343 3741 solvi
1377 3688 1576 3756 possit.

2113 3317 2212 3387 δῆς
2248 3313 2698 3386 προστησάμενοι
2732 3311 2918 3381 μόνον,
2965 3311 3241 3382 μερίμνης
3268 3309 3426 3365 αὐτοὶ
3456 3310 3705 3379 καθαράν

2117 3409 2303 3479 έχουσι
2334 3406 2435 3477 τὴν
2465 3402 2644 3475 ψυχήν
2665 3418 2680 3434 ’
2702 3401 2791 3457 ῖνα
2819 3402 2915 3456 τοῦ
2935 3400 3012 3465 ὡς
3043 3400 3266 3471 ἀληθῶς
3294 3400 3506 3468 ἀγαθοῦ
3539 3401 3705 3471 μόνου

2119 3500 2438 3569 ποιούμενοι
2473 3496 2634 3564 λόγον
2660 3494 2731 3548 τὰ
2762 3494 2973 3563 Κυρίου
3000 3492 3369 3564 μεριμνῶσιν,
3400 3492 3534 3546 ὥσθ’
3566 3493 3709 3562 ὑπὲρ

2122 3595 2302 3664 μόνων
2328 3592 2438 3645 τῶν
2472 3588 2671 3660 ἐκείνῳ
2698 3585 3029 3648 δοκούντων,
3065 3584 3133 3648 άν
3157 3602 3211 3638 τι
3236 3585 3356 3655 δέῃ,
3399 3585 3708 3664 φοϐηθῆναι

2117 3654 2217 3742 παὶ
2248 3684 2434 3739 ὁτιοῦν
2463 3654 2709 3737 τοιοῦτον
2743 3676 2965 3734 πιθεῖν.
3005 3676 3278 3732 Ἐνταῦθα
3307 3654 3418 3748 γὰρ
3449 3678 3548 3748 οὐχ
3579 3654 3711 3731 ὲαυέ

417 3781 537 3843 τοῖς
563 3777 747 3849 μόνον,
773 3774 911 3834 ἀλλὰ
935 3780 1032 3832 καὶ
1050 3781 1164 3843 τοῖς
1186 3754 2069 3848 ἄλλοιςνλυσιτελεῖςκαθεστᾶσιν
2088 3801 2104 3817 ο
2141 3782 2172 3836 ὃ
2201 3784 2298 3838 καὶ
2328 3780 2611 3850 θαυμάσαι
2651 3794 2737 3841 τις
2761 3776 2829 3831 ἂν
2861 3777 2960 3847 τῆς
3020 3776 3116 3832 τοῦ
3187 3776 3329 3831 Θεοῦ
3406 3778 3711 3849 χρηστότη-

419 3888 535 3938 τος.
575 3873 626 3927 εί
666 3871 825 3926 νόσον
860 3873 962 3944 μὲν
1008 3872 1191 3937 οὐδεὶς
1213 3873 1280 3929 ἂν
1311 3874 1476 3944 φύγοι
1504 3879 1566 3930 τὸ
1596 3878 1891 3949 φάρμακον
1930 3879 2095 3935 ἄλλου
2144 3879 2418 3939 πίνοντος,
2449 3872 2684 3943 εὐθύνης
2711 3872 2767 3925 δὲ
2804 3872 2974 3924 λύοιτ’
2999 3871 3067 3926 ἂν
3116 3871 3429 3939 ἀλγούντων
3482 3872 3706 3943 ἑτέρων.

492 3965 649 4034 Quod
680 3966 902 4035 quidem
936 3965 1232 4023 contristat
1283 3966 1342 4023 in
1369 3968 1593 4027 Christo
1612 3974 1797 4028 vivere
1822 3972 2004 4029 volen-

425 4068 529 4127 tes,
588 4074 657 4116 ex
700 4059 867 4114 dictis
912 4056 1266 4112 manifestum
1322 4070 1411 4115 est
1437 4078 1452 4116 :
1481 4061 1760 4131 quomodo
1790 4078 1922 4119 vero
1953 4075 2010 4120 et

422 4151 628 4221 quibus
684 4149 944 4204 adhibitis
990 4147 1316 4216 rationibus,
1372 4165 1522 4207 nunc
1564 4154 1746 4211 dicere
1819 4167 2009 4213 reStat.

424 4242 544 4298 Non
595 4258 788 4298 omnes
828 4249 1052 4314 prepter
1101 4244 1290 4299 eadem
1317 4243 1386 4301 de
1418 4261 1645 4317 peccato
1670 4249 1881 4319 dolent,
1914 4252 2012 4307 sed

427 4338 692 4407 quosdam
735 4338 804 4393 ad
864 4340 1132 4412 lacrymas
1161 4339 1368 4395 inducit
1395 4342 1629 4409 vanitas,
1659 4340 1921 4414 quoniam
1948 4359 2010 4399 se

428 4430 689 4485 maximis
759 4431 918 4489 donis
969 4433 1163 4503 dignos
1226 4433 1804 4505 judicantes,pmter
1860 4449 2013 4505 spem

429 4536 620 4593 agunt,
663 4537 718 4580 et
743 4524 883 4596 ipsis
921 4535 1007 4583 est
1035 4527 1364 4597 deploranda
1398 4528 1746 4599 prwmiorum
1772 4528 2012 4598 jactura;

2194 3973 2260 4025 Ὃ
2291 3971 2391 4040 μὲν
2424 3967 2518 4021 οὖν
2548 3967 2678 4038 ἀνιᾷ
2706 3966 2839 4027 τοὺς
2859 3967 2917 4019 ὲν
2945 3965 3167 4036 Χριστῷ
3195 3965 3296 4036 ζῇν
3321 3964 3703 4037 βουλομένουςν

2119 4061 2355 4135 φανερὸν
2395 4063 2461 4114 ὲκ
2494 4058 2604 4113 τῶν
2633 4058 2984 4130 εἰρημένων*
3036 4059 3156 4122 πῶς
3191 4059 3247 4112 δὲ
3292 4060 3387 4112 καὶ
3422 4059 3536 4112 τίσι
3568 4076 3711 4130 χρω-

2121 4155 2317 4226 μένους
2346 4153 2458 4214 τοῖς
2504 4150 2816 4217 λογισμοῖς,
2872 4150 3195 4218 προσθεῖναι
3248 4150 3459 4207 λοιπόν.
3504 4152 3578 4205 Οὐ
3612 4152 3709 4220 μὲν

2115 4246 2228 4299 τῶν
2256 4243 2443 4299 αὐτῶν
2472 4243 2640 4296 ἕνεκα
2671 4244 2877 4305 πάντες
2908 4245 3035 4310 περὶ
3078 4244 3176 4311 τῆς
3207 4244 3486 4315 ἁμαρτίας
3512 4244 3709 4313 ἀλγοῦ-

2116 4354 2223 4400 σιν,
2264 4336 2403 4390 άλλά
2432 4336 2561 4398 τοὺς
2595 4335 2695 4404 μὲν
2722 4335 2986 4404 δακρύειν
3037 4333 3330 4399 ἀλαζονεία
3394 4337 3455 4390 τό
3495 4337 3704 4403 πεῖθον,

2119 4432 2206 4485 ὅτι
2236 4430 2347 4484 τῶν
2380 4430 2658 4502 μεγίστων
2688 4430 2830 4497 σφᾶς
2860 4429 3061 4493 αὐτοὺς
3103 4429 3386 4496 ἀξιοῦντες
3435 4433 3589 4498 παρὰ
3615 4432 3713 4493 τὰς

2120 4526 2345 4590 ὲλπίδας
2387 4524 2717 4595 πράττουσι,
2766 4527 2881 4587 τοῖς
2925 4523 2982 4578 δὲ
3031 4524 3258 4595 ἀνιαρὸν
3301 4525 3335 4596 ἡ
3386 4524 3498 4577 τῶν
3533 4524 3714 4578 ἄθλων

431 4620 707 4690 plerisque
746 4634 876 4677 vero
941 4622 1174 4677 rationis
1231 4623 1523 4679 reddenda
1575 4632 1754 4679 metus
1804 4616 2011 4690 subest;

2120 4615 2275 4688 οἶμαι
2307 4617 2483 4688 ζημία
2511 4634 2524 4648 ·
2560 4618 2677 4679 τοῖς
2717 4615 2928 4669 πλείοσι
2970 4616 3029 4669 δὲ
3058 4617 3087 4667 ό
3116 4614 3218 4684 τῆς
3254 4612 3489 4685 εὐθύνης
3525 4616 3711 4683 φόϐος,

431 4712 674 4767 o-nnium
701 4722 881 4769 autem
907 4715 1127 4785 optimis
1149 4729 1304 4771 amor
1335 4730 1464 4786 erga
1494 4715 1863 4784 legislatorem
1914 4717 2019 4769 mi-

432 4821 610 4861 seram
636 4803 764 4860 facit
785 4805 963 4875 legum
1002 4810 1516 4879 transgressionem.
1545 4807 2020 4873 Quemadmodum

431 4900 578 4953 enim
611 4899 754 4955 inter
815 4909 998 4958 rectos
1036 4902 1302 4970 optimam
1344 4902 1545 4957 habent
1571 4900 1782 4957 ordinis
1816 4911 2023 4972 partem

436 4990 517 5044 illi
553 5005 694 5060 quos
749 5005 850 5045 nec
886 4993 1159 5046 malorum
1215 4994 1401 5055 timor,
1436 5005 1538 5047 nec
1591 5004 1716 5062 Spes
1772 4993 2029 5062 praemio-

435 5096 561 5138 rum
591 5123 606 5148 ,
640 5082 734 5138 scd
787 5084 937 5139 solus
999 5086 1091 5140 Dei
1143 5099 1300 5140 amor
1349 5084 1610 5140 virtutem
1645 5099 1767 5139 cum
1829 5084 2030 5139 sudore

434 5189 694 5231 exercere
755 5177 1046 5240 hortatur,
1080 5179 1161 5233 sic
1222 5179 1365 5231 inter
1426 5185 1744 5248 peccatores
1810 5186 2032 5247 prepter

441 5279 665 5339 peccata
707 5278 930 5325 vexatos
976 5270 1077 5334 illi,
1143 5271 1345 5340 quibus
1408 5270 1590 5323 luctus
1640 5269 1731 5325 Dei
1790 5285 2031 5323 amorem

440 5364 693 5428 exacuit,
735 5363 983 5416 omnium
1028 5371 1157 5418 sunt
1200 5363 1414 5431 Optimi.
1470 5361 1565 5416 Isti
1600 5377 1837 5431 namque
1904 5361 2036 5417 sibi-

380 5478 389 5490 -
444 5454 691 5524 metipsis
723 5454 964 5510 dolorem
997 5466 1252 5523 generant
1279 5463 1333 5509 et
1362 5455 1506 5509 ultro
1537 5453 1707 5508 dolori
1736 5454 2034 5526 indulgent,

449 5563 501 5603 rt
527 5551 655 5619 quia
712 5550 1036 5615 εοιιιιιιῑμευε
1082 5556 1270 5601 amant
1309 5590 1323 5613 ,
1357 5548 1772 5618 lacrymautur:
1812 5552 1911 5602 hos
1941 5562 2038 5601 au-

450 5648 558 5694 tem
617 5639 709 5708 qui
739 5647 921 5690 movet
981 5635 1097 5706 ipse
1129 5635 1271 5692 Deus
1334 5647 1418 5691 est
1452 5654 1465 5693 :
1496 5638 1640 5692 unde
1681 5637 1808 5707 quia
1837 5640 2036 5692 moturi

463 5730 774 5787 neressario
830 5740 1010 5784 motus
1057 5731 1525 5796 accommodatur,
1561 5740 1713 5787 tanto
1749 5731 2042 5786 inctusille

459 5834 678 5894 prestat
732 5823 839 5878 alio
870 5864 885 5888 ,
916 5834 1121 5895 quanto
1170 5833 1453 5879 moventes
1515 5823 1694 5895 majus
1752 5823 2044 5879 intercedit

468 5919 698 5976 medium
732 5918 916 5985 ,sicut
974 5923 1138 5977 etiam
1203 5917 1311 5976 telo
1372 5930 1570 5974 cursus
1624 5917 1864 5987 optimus
1896 5924 1951 5972 et
1974 5916 2040 5971 ad

2124 4713 2236 4768 τοῖς
2263 4710 2321 4765 δέ
2367 4729 2433 4780 γε
2483 4713 2710 4765 πάντων
2759 4710 3008 4778 ἀρίστοις
3045 4709 3074 4761 ό
3107 4709 3238 4780 περὶ
3277 4709 3371 4762 τὸν
3412 4710 3714 4780 νομοθέτην

2126 4804 2268 4876 ἔρως
2295 4803 2577 4874 ἀφόρητον
2608 4802 2905 4874 ἐργάζεται
2936 4802 2997 4855 τὸ
3041 4800 3409 4872 παρανομεῖν.
3444 4801 3713 4873 Καθάπερ

2126 4898 2237 4968 γάρ
2265 4896 2376 4951 τῶν
2411 4895 2829 4967 κατορθούντων
2876 4894 2977 4962 τὴν
3025 4894 3258 4965 ἀρίστην
3306 4894 3490 4964 ἔχουσι
3536 4894 3711 4958 τάξιν,

2127 4984 2211 5052 οἷς
2248 4987 2373 5041 οὔτε
2410 4987 2577 5056 φόϐος
2598 4986 2810 5050 κακῶν,
2847 4983 2973 5039 οὔτε
3009 4984 3219 5055 μισθῶν
3257 4985 3492 5051 ἐλπίδες,
3535 4985 3651 5038 ἀλλ’
3684 4987 3711 5037 ὁ

2130 5081 2224 5133 τοῦ
2254 5079 2391 5133 Θεοῦ
2442 5080 2609 5145 μόνον
2660 5078 2804 5149 ἔρως
2848 5078 2980 5140 τοὺς
3011 5077 3139 5147 περὶ
3169 5077 3375 5149 ἀρετῆς
3416 5078 3711 5146 εἰργάσατο

2131 5171 2352 5236 πόνους,
2371 5169 2517 5223 οὕτω
2534 5168 2645 5222 τῶν
2664 5169 3092 5241 ἁμαρτανόντων
3115 5169 3210 5220 καὶ
3226 5167 3317 5220 διὰ
3330 5166 3495 5220 τοῦτο
3520 5184 3715 5220 κοπτο-

2138 5264 2338 5333 μένων,
2381 5258 2461 5324 oi;
2514 5262 2575 5315 τὸ
2623 5260 2822 5326 πένθος
2872 5259 2933 5314 τὸ
2968 5259 3100 5331 περὶ
3128 5262 3222 5313 τὸν
3264 5260 3397 5312 Θεὸν
3448 5257 3711 5324 ἐξέκαυσε

2137 5357 2383 5427 φίλτρον,
2410 5357 2459 5410 οἱ
2494 5354 2765 5428 βέλτιστοι
2796 5358 2904 5423 τῶν
2935 5356 3112 5412 ἄλλων
3140 5354 3300 5409 είσίν.
3356 5353 3585 5406 Ἐκεῖνοι
3612 5355 3715 5437 μὲν

2138 5452 2249 5523 γὰρ
2288 5452 2501 5514 ἑαυτοῖς
2538 5450 2601 5502 τὸ
2630 5450 2806 5511 πάθος
2839 5446 3188 5519 ἐργάζονται.
3223 5448 3322 5501 καὶ
3348 5448 3479 5517 παρ’
3511 5446 3718 5500 ἑαυτῶν

2140 5543 2236 5596 ἐπὶ
2266 5543 2329 5597 τὸ
2370 5544 2587 5596 πενθεῖν
2616 5538 2898 5612 ἔρχονται,
2948 5542 3043 5594 καὶ
3091 5541 3174 5593 ὅτι
3206 5542 3349 5608 σφᾶς
3395 5541 3594 5603 αὐτοὺς
3632 5557 3720 5608 ρι-

2140 5632 2295 5687 λοῦσι
2331 5632 2654 5701 δακρύουσι,
2684 5631 2909 5693 τούτους
2957 5630 3016 5683 δὲ
3052 5630 3080 5682 ό
3118 5629 3286 5683 κινῶν
3327 5626 3488 5692 αὑτός
3516 5631 3666 5682 ἐστιι
3694 5628 3721 5681 ό

2142 5725 2309 5788 Θεός·
2361 5724 2483 5777 ὅθεν
2534 5723 2658 5776 ἐπεὶ
2707 5722 2786 5792 τῷ
2842 5721 3082 5775 κινοῦντι
3129 5721 3227 5793 τὴν
3283 5721 3455 5790 φορὰν
3504 5719 3718 5788 ἀνάγκη

2146 5814 2493 5887 συμϐαίνειν,
2535 5815 2779 5882 τοσούτῳ
2804 5815 2905 5884 τῆς
2944 5814 3123 5884 λύπης
3149 5814 3331 5884 εκείνη
3371 5812 3573 5881 ταύτης
3604 5810 3723 5882 βελ-

2146 5909 2299 5976 τίων,
2348 5909 2460 5981 ϐσῳ
2508 5908 2619 5963 τῶν
2663 5907 2962 5963 κινούντων
3001 5908 3063 5963 τὸ
3098 5906 3286 5979 μέσον,
3330 5905 3587 5977 καθάπερ
3631 5904 3725 5959 καὶ
