4036 6466
329 429 430 497 τοι

1409 434 1511 495 DE
1550 435 1731 497 VlTA
1774 436 1859 500 IN
1899 436 2244 502 CHRISTO
2282 441 2434 506 LIB.
2478 443 2613 505 VII.

3454 488 3463 503 ε
3503 454 3616 515 ’702

320 548 472 619 βέλει
495 549 697 621 δρόμος
731 551 958 624 ἄριστος
982 555 1078 609 καὶ
1109 554 1249 628 πρὸς
1286 553 1380 613 τόν
1425 554 1633 609 σκοπὸν
1657 556 1902 627 ἁτὲχνως

2019 572 2240 627 scopum
2297 568 2417 615 tute
2465 559 2714 618 directus
2762 576 2791 616 a
2849 563 3105 620 manibus
3149 580 3337 622 arcum
3388 569 3619 624 tendere

312 643 428 698 ἀπὸ
474 645 679 716 χειρῶν
716 646 959 715 μάλιστα
996 650 1240 716 τοξεύειν
1285 649 1694 720 ἐπισταμένων.
1748 650 1907 705 Ἐπεὶ

316 735 375 790 δὲ
403 736 509 791 οὐκ
537 737 622 807 ἔφ’
664 731 748 803 οἷς
795 739 878 794 δεῖ
918 740 1080 809 μόνον
1119 741 1377 796 ἀνιᾶσθαι
1421 742 1519 795 καὶ
1565 742 1739 807 ὅπως,
1769 740 1907 795 ἀλλὰ

316 829 419 883 καὶ
459 829 609 897 ὅσον,
641 832 849 888 ειδέναι
881 834 991 904 χρὴ
1038 834 1161 901 (καὶ
1203 834 1316 906 γὰρ
1344 835 1460 888 ἔστι
1495 833 1597 906 μὲν
1620 834 1843 889 ἔλαττον
1869 836 1904 906 ἢ

313 925 433 986 τοῖς
452 925 870 996 ἡμαρτημένας
896 929 1017 982 ἐστὶ
1037 928 1318 1000 προσῆκον
1345 926 1559 998 ἀλγεῖν,
1591 925 1709 984 ἐστι
1737 929 1796 983 δὲ
1827 930 1909 1001 τῷ

314 1016 484 1071 πάθει
517 1018 723 1090 μᾶλλον
751 1020 851 1075 τοῦ
889 1021 1104 1086 δέοντος
1128 1026 1486 1093 συγχωρεῖν),
1522 1025 1572 1078 οι
1606 1024 1747 1094 μετά
1783 1024 1909 1078 τούο

318 1128 431 1165 των
450 1111 778 1177 πενθοῦντες
799 1114 911 1167 τῶν
926 1114 1205 1187 λογισμῶν
1226 1116 1288 1170 τὸ
1311 1117 1511 1186 μέτρον
1530 1116 1639 1170 τῶν
1653 1116 1907 1187 δακρύων

319 1204 580 1259 εῖτονται.
616 1206 886 1279 Καθάπερ
906 1211 1015 1280 γὰρ
1048 1211 1108 1263 εν
1138 1210 1323 1281 πληγῇ
1353 1211 1633 1282 σώματος,
1654 1210 1764 1274 ἕως
1804 1210 1911 1282 μὲν

322 1294 400 1349 ἔτι
422 1299 572 1351 νοσεῖ
599 1298 661 1351 τὸ
702 1300 888 1368 μέλος,
919 1303 1024 1367 τῆς
1051 1304 1405 1375 ὲκτριδείσης
1446 1306 1650 1376 σαρκός
1695 1307 1912 1361 ἁντεισ-

241 1457 247 1463 γ
322 1390 572 1457 ενιγκεῖν
593 1388 801 1445 δύναιτ’
844 1389 911 1447 ἂν
943 1392 976 1465 ἢ
1007 1395 1070 1448 τὸ
1103 1397 1372 1468 παράπαν
1402 1397 1578 1463 οὐδὲν,
1610 1398 1644 1469 ἢ
1670 1398 1766 1452 τοῦ
1809 1416 1912 1468 φυ-

321 1482 477 1536 σικοῦ
517 1483 613 1537 καὶ
648 1487 993 1555 τεταγμένου
1033 1489 1207 1559 μείζω
1234 1489 1328 1544 τδν
1353 1491 1521 1559 δγκον
1549 1510 1567 1526 ο
1598 1491 1819 1547 ἐπειδάν
1850 1492 1910 1547 δὲ

320 1575 356 1644 ἠ
395 1573 560 1643 φύσις
589 1575 793 1647 εαυτῆς
835 1579 1083 1665 γένηται.
1118 1582 1217 1635 καὶ
1262 1582 1421 1637 νόσου
1466 1583 1707 1655 καθαρὰ,
1741 1585 1912 1655 χωρεῖ

326 1671 464 1737 πρὸς
486 1669 589 1740 τὴν
619 1672 972 1744 συμμετρίαν
1011 1674 1197 1739 εὐθὺς,
1223 1673 1344 1731 εἶτα
1373 1678 1432 1732 δὲ
1477 1678 1573 1732 καὶ
1598 1677 1707 1733 τῶν
1752 1676 1913 1747 ἐκλη-

327 1761 575 1828 φθέντων
608 1762 768 1817 οὐδὲν
809 1763 976 1818 πλέον
1020 1760 1292 1820 ἁναδοῦσα
1332 1769 1610 1823 παύεται·
1655 1770 1746 1823 τὸν
1796 1767 1913 1823 ἴσον

321 1852 528 1922 τρόπον
552 1855 692 1909 κάπὶ
719 1853 835 1910 τῶν
852 1851 1161 1929 τηςψυχῆς
1188 1860 1648 1932 ἀρρωστημάτων
1674 1861 1746 1916 ἂν
1768 1861 1903 1933 ἔχοι.

321 1947 439 2015 Τῆς
471 1947 585 2019 γάρ
619 1947 712 2001 επὶ
744 1950 860 2013 τοῖς
905 1950 1273 2022 ἁμαρτήμασι
1302 1952 1484 2023 λύπης
1528 1955 1624 2007 καὶ
1657 1970 1908 2009 κακοπα-

321 2038 474 2103 θείας
530 2042 628 2095 καὶ
686 2036 943 2113 δακρύων
1004 2043 1099 2097 καὶ
1152 2043 1264 2097 τῶν
1338 2045 1597 2100 τοιούτων
1648 2046 1913 2103 ἁπάντων

320 2130 500 2184 initio
549 2130 879 2202 ζητούντων,
921 2134 1021 2203 τὴν
1044 2136 1323 2205 ἁμαρτίαν
1369 2137 1596 2204 ἐξελεῖν,
1626 2140 1911 2195 ἀποκατα-

319 2227 519 2294 στῆσαι
547 2227 604 2281 δὲ
633 2224 745 2282 τῶν
784 2228 885 2299 τῆς
930 2230 1109 2302 ψυχῆς
1140 2231 1324 2285 καλῶν
1360 2233 1486 2286 ὅσον
1520 2235 1911 2304 ἁπενήνεκται,

321 2322 356 2391 ἡ
383 2320 495 2374 τῶν
522 2321 686 2376 θείων
719 2323 948 2393 ἐρώτων
984 2323 1260 2398 προϊοῦσα
1308 2326 1457 2397 λύπη
1487 2327 1623 2399 μόνη
1661 2329 1773 2383 τῶν
1812 2330 1912 2384 ἁλ-

322 2408 433 2462 λων
488 2410 649 2479 ὑγιὴς
687 2403 845 2472 οὖσα,
887 2412 1024 2481 μόνη
1089 2412 1193 2484 μὲν
1235 2416 1333 2469 σὺν
1366 2412 1511 2486 λόγῳ
1540 2419 1734 2487 χωρεῖ,
1771 2420 1909 2493 μόνη

320 2501 381 2555 δὲ
405 2499 517 2555 τῶν
543 2502 722 2556 ἄλλων
765 2501 829 2557 τὸ
875 2504 1078 2574 μέτρον
1106 2505 1426 2562 ἐπίσταται.
1477 2506 1540 2562 El
1591 2510 1702 2580 γὰρ
1736 2524 1913 2583 προσ-

322 2588 548 2662 έκοψαν,
604 2593 726 2665 ἁλλ’
775 2595 875 2668 οὐχ
929 2594 1128 2668 ἑτέραν
1160 2592 1326 2669 ἦλθον
1374 2600 1487 2654 οὐδ’
1535 2600 1780 2674 ἧμειψαν
1809 2605 1911 2675 τὴν

323 2683 522 2755 ὁρμὴν,
541 2685 651 2740 οὐδ’
675 2685 952 2759 ἠγνόησαν
973 2690 1102 2750 τοὺς
1133 2689 1289 2751 ὅλους
1318 2691 1412 2744 καὶ
1447 2688 1572 2746 ὅποι
1601 2693 1710 2765 χρὴ
1742 2710 1913 2748 κατα-

323 2777 494 2843 λύειν,
529 2781 578 2833 εί
604 2781 668 2833 τὸ
707 2780 804 2834 τοῦ
851 2781 990 2836 Θεοῦ
1022 2783 1250 2852 φίλτρον
1290 2783 1560 2854 ἐνέμεινε.
1597 2782 1771 2840 Τοῦτο
1799 2789 1910 2857 γάρ

326 2870 441 2924 ἐστι
482 2872 620 2941 προς
645 2872 740 2926 τὸν
792 2874 945 2927 Θεὸν
973 2875 1156 2946 ὀρθῶς
1191 2874 1436 2945 βαδίζειν
1468 2876 1531 2931 τὸ
1571 2878 1672 2932 σὺν
1717 2874 1911 2955 ἁγὰπῃ

324 2964 600 3035 βαδίζειν·
635 2966 671 3038 ἢ
702 2965 814 3022 τῶν
845 2967 1095 3037 ἀμώμων
1126 2968 1277 3023 ἐστὶν
1313 2968 1450 3035 όδδς,
1487 2972 1515 3025 ό
1545 2970 1799 3043 Μελῳδδς
1830 2970 1910 3026 εῖ-

324 3070 445 3120 πιν,
479 3057 531 3111 οῖ
566 3076 587 3111 ι
615 3058 676 3114 ιν
734 3059 830 3130 ὅλῃ
866 3061 998 3130 γὰρ,
1044 3061 1180 3133 φησὶ
1208 3100 1224 3127 ,
1261 3058 1462 3133 καρδίᾳ
1506 3060 1909 3135 ἑκζητὴσουσιν

325 3149 509 3213 αὐτὸν,
541 3168 561 3204 ι
608 3150 709 3220 τὴν
751 3152 1192 3224 ἑπιτεταγμένην
1230 3149 1536 3223 ἔπιθυμίαν
1581 3155 1668 3210 διὰ
1712 3156 1907 3212 τούτου

325 3241 520 3312 δηλῶν.
555 3236 717 3297 Οὗτοι
756 3244 867 3314 γὰρ
894 3240 947 3298 οἱ
986 3245 1351 3348 πορευόμενοι
1385 3246 1447 3301 ἐν
1472 3238 1645 3321 ’νόμῳ
1675 3249 1907 3321 Κυρίου,
1938 3285 1983 3348 c

326 3333 372 3386 ei
398 3333 498 3388 σὺν
526 3333 719 3406 ἀγάπῃ
766 3334 989 3403 ζῶντες,
1029 3332 1113 3401 οἷς
1155 3340 1184 3393 ό
1223 3340 1329 3402 πᾶς
1378 3336 1674 3413 ἐξήρτηται
1725 3344 1910 3413 νόμος,

330 3423 440 3479 ἁλλ’
466 3425 610 3482 ὥστε
652 3426 751 3499 τὴν
783 3428 1060 3499 ἁμαρτίαν
1090 3430 1255 3496 εὐθὺς
1300 3431 1523 3488 ἃπασαν
1555 3435 1837 3501 ἀποδύειν,
1864 3439 1911 3508 ,ἢ

330 3518 469 3591 μόνη
510 3520 697 3575 exoro!
724 3520 815 3575 τὸν
846 3525 946 3592 τῆς
989 3520 1173 3595 ψυχῆς
1202 3524 1507 3596 ὀφθαλμὸν,
1539 3526 1696 3582 οὐδὲν
1736 3529 1912 3599 ἐμπο-

325 3609 434 3665 δὼν
489 3610 714 3678 αὐτοῖς,
770 3614 876 3667 κάν
930 3614 1052 3678 ταῖς
1081 3617 1405 3687 ἐπιθυμίαις
1440 3618 1577 3688 πρὸς
1611 3619 1702 3673 τὸν
1753 3619 1914 3690 όρθδν

325 3704 484 3774 λόγον
507 3703 663 3777 όρᾷν,
689 3705 785 3759 καὶ
803 3706 930 3761 ὅσον
952 3707 1035 3762 δεῖ
1055 3702 1274 3763 πενθεῖν
1299 3708 1501 3764 εἰδέναι
1530 3710 1741 3780 σαφῶς.
1759 3710 1915 3765 Ἐπεὶ

326 3797 440 3869 γὰρ
473 3793 575 3870 τῆς
618 3794 822 3872 ἀρετῆς
875 3801 1000 3871 δρος
1034 3803 1134 3872 τῆς
1201 3802 1577 3874 ἀνθρωπίνης,
1676 3803 1915 3876 πρόσθεν

327 3890 487 3964 ἔφην,
517 3888 638 3962 Θεῷ
686 3892 1020 3965 κοινωνῆσαι
1067 3892 1321 3965 γνώμης,
1364 3895 1566 3961 κακίας
1598 3897 1655 3951 δὲ
1688 3898 1913 3952 τούναν-

325 3983 464 4052 τίον,
503 3985 597 4041 καὶ
634 3984 791 4041 τοῦτο
823 3986 926 4057 μέν
950 3988 1074 4042 ἐστι
1101 3987 1197 4042 τοῦ
1237 3988 1444 4043 σκοποῦ
1496 3991 1789 4060 τυγχάνειν
1823 3990 1915 4046 τὸν

326 4077 652 4149 ἄνθρωπον,
710 4081 892 4134 ἐκεῖνο
946 4080 1005 4135 δὲ
1047 4081 1424 4151 ἁμαρτάνειν,
1475 4082 1527 4136 οῖ
1579 4084 1679 4153 μὲν
1720 4083 1913 4154 μισθοῦ

328 4172 738 4244 φιλοσοφοῦσιν,
770 4172 895 4228 οὔτε
926 4173 1327 4246 κατορθοῦντες
1352 4174 1526 4247 αὐτὴν
1559 4176 1730 4247 αὐτῆς
1750 4177 1917 4232 ἓνεκα

328 4265 545 4336 φιλοῦσι
578 4267 679 4335 τὴν
710 4265 939 4338 ἀρετὴν,
973 4265 1100 4320 οὔτε
1130 4265 1467 4331 πταίσαντες
1498 4267 1671 4340 αὐτὴν
1704 4269 1795 4325 διὰ
1822 4269 1917 4326 τὸν

327 4357 502 4427 αὐτῆς
530 4357 691 4426 λόγον
722 4357 1009 4428 ὀδύρονται
1051 4358 1152 4428 τὴν
1186 4359 1413 4424 κακίαν,
1448 4359 1583 4414 ἁλλὰ
1622 4358 1784 4417 τοῦτο
1814 4361 1915 4433 μὲν

326 4449 356 4501 ό
394 4447 503 4502 τῶν
535 4447 714 4503 ἄθλων
769 4448 910 4518 ἔρως
961 4450 1160 4512 αὐτοὺς
1200 4449 1498 4519 ἐποίησεν,
1551 4450 1728 4507 ἐκεῖνο
1765 4453 1823 4507 δὲ
1880 4454 1914 4526 ἠ

330 4538 537 4610 ζημίαι
563 4536 691 4594 ὅθεν
722 4538 821 4613 τὴν
852 4540 1043 4596 οὐσίαν
1084 4542 1259 4612 αὐτὴν
1297 4541 1370 4607 ὡς
1406 4544 1583 4598 εἰπεῖν
1613 4545 1711 4614 τῆς
1737 4545 1916 4617 ἁμαρ-

2012 650 2202 720 gnaris
2237 653 2606 724 progreditur.
2641 655 2913 722 Quoniam
2964 668 3145 714 autem
3180 674 3289 715 non
3324 661 3503 717 solum
3552 667 3618 720 de

2012 742 2219 811 quibus
2291 754 2512 815 oportet
2584 749 2950 815 contristari,
3017 760 3071 806 et
3146 757 3427 823 quomodo
3463 797 3477 822 ,
3517 757 3615 812 sed

2009 835 2174 889 etiam
2239 839 2718 906 quautum,scire
2787 857 3015 897 necesse
3079 854 3163 899 est
3234 844 3375 916 (ﬂeri
3445 864 3606 901 nam-

2018 937 2126 994 que
2157 934 2335 995 potest
2362 936 2424 982 ut
2454 928 2641 983 minus
2663 943 2827 998 quam
2860 929 3020 985 decet
3049 932 3116 986 de
3153 932 3469 988 commissis
3496 935 3601 998 do-

2013 1017 2165 1072 leant
2195 1058 2211 1083 ,
2235 1025 2293 1073 et
2349 1020 2525 1090 magis
2551 1034 2714 1090 quam
2769 1030 2984 1092 Oportet
3033 1023 3201 1077 luctui
3238 1024 3607 1094 indulgeant),

2013 1110 2107 1181 qui
2158 1125 2283 1166 cum
2334 1111 2438 1167 bac
2484 1116 2700 1170 ratione
2752 1115 3127 1184 paenitentiam
3165 1115 3395 1179 faciunt,
3428 1115 3608 1189 lacry;

2013 1219 2229 1258 tuarum
2300 1217 2528 1261 noscent
2573 1222 2891 1263 mensuram
2923 1248 2936 1261 .
2978 1208 3134 1263 Sicut
3187 1209 3333 1264 enim
3394 1211 3445 1264 in
3499 1211 3614 1280 pia-

2014 1291 2097 1361 gis
2136 1295 2429 1365 corporis,
2462 1296 2636 1351 donec
2693 1305 2921 1367 :rgrotat
2980 1284 3287 1353 membrum
3312 1341 3328 1365 ,
3364 1301 3478 1354 ﬁeri
3513 1318 3612 1370 po-

2018 1394 2120 1438 test
2166 1395 2227 1441 ut
2260 1388 2512 1443 contrita
2569 1390 2754 1445 carnis
2794 1391 2915 1447 loco
2965 1392 3098 1446 nihil
3133 1394 3363 1446 omnino
3397 1394 3611 1449 substi-

2014 1488 2154 1543 tuat,
2184 1490 2281 1536 aut
2327 1482 2500 1553 magis
2531 1498 2696 1553 quam
2723 1492 2920 1539 natura
2958 1495 3009 1539 et
3035 1487 3238 1555 regulae
3274 1487 3497 1554 volunt,
3523 1496 3611 1567 tu-

2016 1584 2228 1627 morem
2286 1574 2589 1642 ostendat;
2625 1587 2920 1646 postquam
2973 1589 3155 1632 autem
3208 1586 3404 1632 natura
3448 1578 3517 1632 ad
3548 1594 3610 1634 se

2017 1677 2233 1721 reversa
2266 1673 2356 1721 est
2392 1676 2447 1720 et
2480 1683 2509 1720 a
2544 1668 2737 1721 morbo
2775 1666 3040 1733 liberata,
3073 1669 3185 1723 cito
3229 1667 3371 1723 redit
3417 1668 3484 1723 ad
3516 1683 3614 1736 ap-

2024 1769 2141 1813 tum
2199 1759 2449 1830 corporis
2497 1760 2750 1815 habitum
2787 1802 2802 1827 ,
2833 1760 3030 1817 deinde
3091 1776 3192 1831 pro
3223 1760 3423 1816 ablatis
3473 1761 3613 1815 nihil

2024 1850 2284 1919 aﬂ‘erens,
2315 1852 2592 1922 quiescit:
2634 1852 2777 1909 idem
2814 1866 3043 1923 prorsus
3072 1853 3124 1907 in
3169 1852 3368 1907 animze
3403 1853 3615 1909 morbis

2023 1946 2246 2001 evenire
2290 1955 2492 2017 potest.
2519 1945 2657 2001 Cum
2685 1946 2830 2002 enim
2854 1945 2909 2001 in
2942 1947 3182 2018 peccatis
3207 1947 3390 2002 luctus
3411 1954 3465 2001 et
3498 1960 3618 2016 poe-

2016 2038 2247 2093 nitentia
2324 2038 2689 2108 lacrymzeque
2748 2048 2801 2094 et
2842 2038 3043 2094 similia
3099 2038 3166 2094 ad
3214 2039 3316 2094 hoc
3362 2040 3613 2104 tendant,

2015 2138 2078 2186 ut
2114 2138 2400 2200 peccatum
2459 2129 2715 2185 auferant
2748 2172 2761 2194 ,
2791 2141 2848 2186 et
2876 2131 2944 2187 de
2989 2131 3149 2186 bonis
3201 2133 3399 2187 animae
3436 2147 3616 2201 quan-

2017 2232 2133 2277 tum
2190 2222 2434 2277 ablatum
2482 2229 2567 2277 est
2614 2223 2934 2289 restituant,
2966 2223 3311 2278 interdivina
3341 2223 3613 2279 desideria

2015 2314 2331 2386 praecedens
2374 2316 2557 2372 luctus
2583 2356 2598 2381 ,
2630 2316 2722 2387 qni
2751 2316 2904 2372 solus
2964 2317 3106 2372 inter
3149 2317 3253 2371 alia
3298 2333 3467 2374 sanus
3505 2324 3613 2382 est.

2014 2406 2165 2461 solus
2195 2406 2415 2476 quidem
2445 2421 2571 2463 cum
2608 2407 2825 2462 ratione
2861 2408 3158 2477 congruit.
3196 2407 3353 2464 solus
3376 2422 3442 2462 ex
3490 2409 3617 2464 aliis

2014 2511 2333 2555 mensuram
2386 2499 2601 2555 noscit.
2653 2499 2712 2555 Si
2757 2500 2903 2554 enim
2949 2500 3334 2568 offenderunt,
3373 2501 3467 2556 sed
3503 2514 3613 2555 non

2014 2592 2122 2647 alio
2172 2598 2474 2661 verterunt,
2522 2609 2620 2649 nec
2670 2608 2894 2673 cursum
2950 2601 3328 2660 mutaverunt,
3369 2608 3471 2649 nec
3524 2595 3615 2650 ubi

2013 2684 2399 2740 diversandum
2445 2684 2517 2740 sit
2546 2685 2957 2755 ignoravcrunt,
2976 2686 3022 2740 si
3049 2686 3143 2741 Dei
3181 2700 3339 2741 amor
3358 2700 3616 2758 perman-

2012 2776 2107 2836 sit.
2139 2774 2254 2832 Hoc
2288 2777 2491 2847 quippe
2529 2764 2598 2831 ad
2624 2775 2792 2832 Deum
2838 2787 2987 2833 recte
3026 2785 3112 2833 est
3150 2777 3456 2845 ambulare,
3487 2791 3614 2835 cum

2012 2868 2285 2924 charitate
2327 2869 2616 2925 ambulare
2649 2887 2665 2924 :
2699 2869 2835 2938 haec,
2870 2870 3048 2940 inquit
3080 2869 3393 2937 Psalmista,
3420 2872 3505 2926 via
3530 2879 3618 2928 est

2012 2961 2337 3026 insontium,
2367 2961 2460 3032 qui
2494 2978 2516 3013 σ
2551 2962 2602 3016 in
2626 2967 2743 3016 toto
2763 2962 2949 3027 corde,
2974 2964 3073 3024 ait.
3095 2964 3387 3033 exquirent
3414 2974 3563 3028 eum,
3585 2982 3607 3019 ι

2012 3053 2322 3109 Ordinatum
2353 3053 2688 3109 desiderium
2720 3070 2817 3125 per
2841 3055 2947 3108 hoc.
2973 3056 3151 3126 palam
3180 3056 3497 3114 ostendens.
3517 3054 3611 3114 Isti

2011 3163 2253 3218 namque
2304 3146 2590 3203 ambulant
2640 3149 2696 3203 in
2748 3149 2869 3221 lege
2917 3147 3176 3213 Domini,
3207 3149 3444 3219 quicum
3476 3149 3615 3205 cha-

2020 3240 2179 3295 ritate
2221 3240 2451 3305 vivunt,
2486 3238 2633 3296 unde
2659 3248 2772 3295 tota
2801 3241 2885 3295 lex
2912 3240 3131 3310 pendet,
3167 3237 3263 3297 sed
3298 3241 3373 3296 ita
3404 3248 3463 3296 ut
3494 3257 3617 3298 om-

2022 3346 2148 3387 nem
2180 3332 2332 3387 brevi
2363 3331 2575 3404 culpam
2608 3342 2851 3400 exuant,
2875 3349 2995 3405 quae
3039 3334 3153 3391 sola
3181 3337 3379 3392 mentis
3409 3318 3617 3392 obscu-

2022 3434 2110 3479 rat
2132 3422 2374 3491 oculum;
2404 3438 2502 3478 nec
2532 3435 2658 3477 sunt
2685 3422 3102 3494 impedimento,
3122 3427 3422 3495 quominus
3450 3426 3503 3481 in
3522 3426 3619 3483 de-
3666 3444 3673 3459 ν

2022 3514 2240 3571 sideriis
2281 3515 2348 3569 ad
2397 3524 2606 3571 rectum
2662 3516 2892 3571 verbum
2940 3517 3233 3588 aspiciant,
3266 3525 3321 3572 et
3348 3528 3615 3587 quantum

2022 3615 2238 3677 oportet
2283 3606 2471 3664 dolere
2514 3608 2709 3663 saltem
2746 3604 2919 3678 probe
2945 3609 3144 3665 sciant.
3179 3606 3317 3665 Cum
3352 3609 3525 3678 enim,
3556 3620 3619 3666 ut

2022 3707 2183 3754 antea
2242 3700 2353 3754 dixi
2387 3740 2403 3766 ,
2436 3699 2657 3756 virtutis
2711 3702 2969 3756 humanae
3014 3700 3159 3757 mela
3185 3741 3201 3767 ,
3228 3716 3351 3758 cum
3386 3702 3507 3758 Deo‘
3531 3713 3619 3760 est

2021 3793 2353 3864 participare
2409 3793 2748 3850 voluntatem
2777 3834 2792 3859 ,
2822 3795 3047 3852 malitia;
3091 3810 3226 3853 vero
3254 3798 3617 3865 contrarium,

2022 3896 2077 3942 et
2102 3870 2233 3942 illud
2265 3887 2486 3958 quidem
2517 3898 2600 3943 est
2622 3901 2723 3960 pro
2773 3888 3003 3945 homine
3057 3904 3287 3963 scopum
3314 3891 3613 3964 attingere,

2022 3981 2126 4035 hoc
2151 3989 2333 4036 autem
2363 3995 2611 4052 peccare,
2639 3983 2732 4052 qui
2762 3982 3175 4054 philosOphiam
3211 3994 3618 4056 cauponantur,

2022 4088 2127 4128 nec
2153 4082 2298 4129 recte
2357 4074 2610 4131 viventes
2668 4077 2741 4131 ob
2764 4075 2935 4146 ipsam
2968 4077 3470 4143 amantvirtutem,
3512 4096 3620 4135 nec

2022 4165 2080 4220 in
2113 4177 2396 4237 peccatum
2441 4165 2581 4237 lapsi
2610 4167 2678 4223 de
2707 4168 2914 4224 malitia
2945 4178 3168 4240 prepter
3194 4187 3373 4239 ipsam
3403 4171 3611 4239 dolent,

2025 4256 2116 4313 sed
2149 4258 2278 4313 illud
2307 4259 2529 4326 quidem
2585 4261 2940 4331 praemiorum
2986 4279 3144 4319 amor
3174 4263 3231 4320 in
3281 4265 3415 4335 ipsis
3464 4265 3613 4333 fecit,

2025 4352 2131 4405 hoc
2175 4360 2359 4406 autem
2404 4353 2666 4408 damnum
2697 4371 2712 4409 :
2748 4352 2894 4409 unde
2910 4352 3277 4411 substantiam
3314 4357 3487 4427 ipsam
3513 4373 3610 4411 ne-

2023 4444 2231 4514 quitiae,
2252 4455 2308 4500 ut
2346 4429 2417 4501 ita
2448 4447 2625 4503 dicam
2650 4489 2667 4514 ,
2692 4450 2918 4504 minime
2944 4458 3293 4519 recusantes,
3329 4466 3438 4505 non
3469 4467 3616 4506 mere

2003 4522 2241 4608 'tugzqm
2300 4540 2354 4594 in
2429 4526 2769 4598 rectitudine‘
2810 4542 3133 4605 voluntatis,
3197 4542 3324 4597 licet
3416 4544 3484 4598 ab
3531 4544 3620 4599 illa

328 4635 451 4698 τίας
487 4630 688 4704 ἣκιστα
744 4635 1034 4704 μισοῦντες
1064 4632 1124 4689 οὗ
1158 4636 1424 4706 φεύγουσι
1460 4635 1720 4708 καθαρῶς
1761 4637 1819 4691 εν
1851 4655 1915 4706 γε

2022 4640 2307 4687 cessantes
2340 4671 2358 4698 ,
2396 4632 2537 4690 vires
2590 4632 2926 4689 obtinuerint
2961 4672 2975 4688 .
3011 4631 3167 4690 Sicut
3216 4633 3361 4688 enim
3405 4634 3496 4689 ilic
3526 4636 3619 4706 qui

329 4726 407 4797 τῷ
440 4724 772 4798 διακειμένῳ
795 4728 897 4797 τῆς
929 4728 1178 4800 γνώμης,
1232 4727 1339 4783 κᾶν
1368 4730 1470 4802 τῆς
1503 4726 1790 4802 ἐνεργείας
1818 4731 1917 4785 τύ-

331 4837 467 4891 χωσι
499 4822 868 4889 πεπαυμένοι.
895 4818 1170 4891 Καθάπερ
1209 4821 1319 4893 γὰρ
1351 4822 1445 4877 τὸν
1482 4820 1608 4887 τοὺς
1645 4823 1919 4894 πονηροὺς

330 4909 439 4962 τῶν
491 4908 798 4981 ἀνθρώπων
858 4909 1123 4979 μισοῦντα
1150 4908 1239 4963 διὰ
1287 4908 1381 4964 τὸν
1417 4910 1621 4976 τρόπον
1666 4908 1767 4964 οὐκ
1804 4910 1920 4963 ἔστι

329 5005 650 5072 προσειπεῖν
679 5001 1094 5074 μισάνθρωπον,
1120 5001 1199 5068 ὣς
1217 5004 1312 5057 καὶ
1344 5004 1407 5056 τὸ
1443 5003 1584 5074 πρὸς
1611 5001 1712 5074 τὴν
1735 5003 1919 5074 ἀμαρ-

330 5093 454 5146 τίαν
479 5088 760 5162 δυσχερῶς
787 5091 957 5162 ἔχειν,
989 5092 1090 5163 οὐχ
1127 5092 1211 5146 ὅτι
1242 5094 1356 5156 τοῖς
1397 5090 1493 5147 τοῦ
1523 5092 1660 5146 Θεοῦ
1694 5093 1924 5163 πολεμεῖ

331 5182 543 5253 νόμοις,
573 5181 690 5238 ἁλλ’
728 5184 813 5237 ὅτι
844 5183 1053 5255 ζημίαν
1081 5182 1196 5255 ἔχει
1246 5184 1363 5248 τοῖς
1384 5183 1659 5254 τολμῶσι,
1688 5185 1788 5255 τὴν
1829 5185 1926 5255 ξη-

333 5276 467 5345 μῖαν
501 5276 620 5330 ἐστὶ
657 5276 971 5347 φευγόντων
1017 5275 1260 5347 ἀληθῶς,
1290 5277 1391 5331 οὐκ
1425 5275 1599 5347 αὐτὴν
1642 5278 1919 5349 ἀποστρεο

333 5369 591 5438 φαμένων
628 5368 729 5439 τὴν
771 5368 1067 5440 πονηρίαν.
1111 5369 1177 5424 Οἶ
1210 5366 1305 5423 καὶ
1335 5367 1487 5441 δῆλοι
1534 5368 1754 5434 πάντως
1783 5370 1924 5424 εἰσὶν

331 5458 435 5514 οὐκ
483 5460 550 5515 ἂν
586 5459 911 5530 φευξόμενοι
946 5462 1046 5534 τὴν
1081 5462 1305 5526 κακίαν,
1351 5463 1401 5515 εί
1454 5460 1626 5534 χωρὶς
1660 5461 1924 5517 κινδύνων

336 5551 677 5624 ἁμαρτάνειν
726 5550 892 5623 ἐξῆν·
935 5551 1027 5616 οὓς
1079 5553 1138 5607 δὲ
1178 5553 1316 5625 πρὸς
1358 5552 1460 5624 τὴν
1498 5552 1824 5623 φιλοσοφίαν
1863 5553 1925 5607 τὸ

336 5645 432 5700 τοῦ
470 5643 609 5699 Θεοῦ
648 5642 873 5715 φίλτρον
904 5644 1225 5713 ἀνέστησεν,
1260 5646 1354 5700 καὶ
1378 5646 1584 5716 τιμῶσι
1612 5649 1706 5700 τὸν
1737 5644 1924 5716 νόμον,

334 5734 417 5790 ὅτι
475 5737 570 5791 τὸν
624 5735 926 5810 νομοθέτην
991 5739 1352 5808 στέργουσιν,
1394 5739 1617 5793 ἐπειδὰν
1672 5738 1751 5809 τῷ
1806 5736 1925 5804 Θεῷ

338 5829 846 5899 προσκεκρουκότες
898 5829 1113 5883 ἑαυτῶν
1152 5827 1548 5900 καταγνῶσιν,
1601 5826 1775 5903 αὐτὴν
1823 5829 1926 5902 τὴν

346 5921 623 5992 ἁμαρτίαν
660 5921 873 5988 ἑαυτοῖς
933 5922 1244 5995 μέμφονται
1297 5926 1391 5980 καὶ
1452 5925 1777 6001 δακρύουσι,
1823 5925 1924 6016 οὐχ

1172 6236 1201 6250 δ

2022 4732 2221 4794 pravos
2268 4722 2522 4782 homines
2582 4726 2700 4782 odit
2754 4735 2901 4781 recte
2944 4728 3135 4797 nequit
3185 4727 3449 4796 appellari
3488 4728 3624 4784 mis-

2022 4817 2321 4887 antltropus
2346 4859 2362 4884 ,
2393 4819 2475 4874 sic
2533 4826 2589 4875 et
2638 4829 2922 4888 peccatum
2978 4833 3123 4887 aegre
3159 4817 3321 4887 ferre,
3353 4835 3462 4874 non
3492 4820 3620 4888 quia

2022 4906 2117 4962 Dei
2152 4902 2366 4979 legibus
2418 4908 2768 4976 adversatur,
2796 4908 2891 4964 sed
2916 4908 3045 4978 quia
3077 4908 3341 4963 damnum
3375 4908 3625 4963 audenti-

2022 4988 2127 5055 bus
2188 4999 2358 5058 infert
2393 5003 2718 5074 ,proprium
2804 5012 2891 5058 est
2948 5000 3273 5073 fugientium
3333 4998 3618 5068 damnum,

2025 5109 2132 5149 non
2179 5094 2354 5164 ipsam
2399 5097 2763 5151 avertentium
2820 5094 3189 5165 iniquitatem.
3223 5094 3325 5163 Qui
3353 5096 3474 5151 sine
3513 5094 3621 5149 du~

2023 5186 2117 5242 bio
2145 5204 2252 5243 non
2272 5186 2524 5260 fugerent
2556 5187 2881 5260 nequitiam,
2908 5189 2952 5244 si
2982 5188 3103 5245 sine
3121 5190 3367 5261 periculo
3396 5202 3621 5259 peccare

2026 5277 2234 5336 liceret.
2276 5280 2426 5348 Quos
2475 5293 2657 5337 autem
2726 5282 2793 5335 ad
2863 5281 3267 5352 philosophiam
3332 5279 3426 5337 Dei
3464 5295 3621 5336 amor

2025 5373 2439 5445 erexit,quique
2458 5375 2630 5447 legem
2663 5375 2957 5438 honorant,
2973 5374 3233 5444 quoniam
3253 5380 3440 5427 amant
3456 5372 3620 5439 legis-

2024 5465 2280 5534 latorem,
2306 5478 2619 5538 postquam,
2656 5464 2766 5522 Deo
2787 5467 3029 5534 oll'enso,
3074 5482 3196 5522 sese
3226 5465 3620 5529 condemnant,

2029 5559 2210 5630 ipsum
2271 5570 2554 5629 peccatum
2613 5569 2877 5616 accusant
2940 5571 2995 5615 et
3047 5560 3447 5629 lacrymantur,
3511 5572 3630 5614 non

2028 5653 2157 5721 quia
2190 5654 2410 5709 virtutis
2449 5655 2774 5709 exciderunt
2827 5651 3069 5725 prmmiis
3114 5689 3129 5713 ,
3166 5650 3257 5706 sed
3330 5649 3458 5720 quia
3512 5664 3634 5703 nats

2028 5760 2155 5800 cum
2213 5745 2395 5800 divina
2462 5746 2746 5801 voluntate
2810 5742 3314 5800 concordes/erunt.
3367 5740 3506 5796 llinc
3542 5740 3633 5795 illi:

2028 5835 2277 5905 quidem,
2331 5838 2398 5892 de
2448 5838 2689 5908 peccatis
2734 5836 3085 5905 ptenitentcs.
3142 5851 3172 5889 a
3224 5833 3430 5890 malitia
3509 5847 3631 5887 non-

2030 5910 2258 5988 omuino
2294 5944 2491 6001 puram
2548 5930 2753 5986 habent
2804 5928 3072 5995 animam,
3126 5927 3330 5983 ctideo
3361 5924 3632 5983 maeroris.
