4036 6460
418 432 526 495 703

1651 436 1964 496 NICOLM
2021 436 2108 492 CA
2122 436 2282 494 BASI
2301 434 2412 494 ΗΕ

3562 431 3664 493 704

416 556 468 596 ct
531 545 890 611 Iacrymarnm
922 551 976 595 et
1025 556 1394 596 mrumnarum
1450 557 1617 612 super
1689 544 2001 598 commissis

2119 543 2188 595 5τι
2231 542 2342 595 τῶν
2371 542 2458 594 ἐπ’
2486 543 2655 612 ἀρετῇ
2701 541 2910 610 μισθῶν
2936 540 3307 610 ἐψεύσθησαν,
3338 541 3453 594 ἀλλ’
3493 544 3575 596 δτι
3608 547 3677 614 μὴ

418 632 778 687 necessariam
824 645 854 685 a
901 631 1208 686 valentibus
1254 647 1565 686 mensuram
1605 641 1853 702 quaerent
1893 649 1907 685 :
1949 633 2004 687 lii

417 739 546 778 vero
577 733 690 778 toto
735 723 924 776 morbo
955 723 1132 790 ejecto
1172 724 1275 776 sibi
1302 723 1590 778 Suliicient.
1622 724 1823 794 Duplex
1855 724 2000 776 enim

418 832 540 870 cum
590 823 872 883 peccatum
925 813 1016 878 sit,
1077 827 1366 883 mramque
1401 815 1640 869 devitant
1669 815 2007 884 partemzip-

418 924 530 961 sam
591 908 735 962 enim
790 907 898 960 vim
964 908 1283 976 abiecerunt
1315 907 1663 976 pmnitentes.
1692 909 1873 974 passio
1901 923 2003 961 au-

418 1011 524 1054 tem
589 1000 730 1053 mala
797 1009 891 1054 aut
940 999 1227 1069 dispositio
1274 1015 1380 1054 non
1421 1001 1705 1061 remansit.
1736 1016 1844 1053 non
1880 1015 2000 1068 per-

419 1093 668 1146 mittente
729 1107 850 1159 qure
905 1092 1146 1160 ipsorum
1198 1090 1400 1146 animis
1456 1091 1522 1144 ad
1572 1092 1772 1145 bonum
1830 1099 1884 1144 et
1931 1090 1997 1144 ad

423 1180 587 1234 Deum
625 1182 793 1235 indita
817 1189 899 1235 est
929 1182 1096 1234 animi
1130 1181 1437 1236 alit-ctione.

2110 633 2188 702 τῷ
2233 633 2353 702 Θεῷ
2407 636 2473 703 τῇ
2521 633 2717 706 γνώμῃ
2765 633 3093 702 συνέϐησαν.
3129 632 3296 689 Ὅθεν
3349 636 3548 689 ἐκεῖνοι
3585 638 3680 704 μὲν

2111 727 2204 778 καὶ
2247 726 2648 793 μετεγνωκότες
2675 727 2762 794 ἐφ’
2792 720 2874 789 οἷς
2903 727 3174 797 ἥμαρτον,
3221 728 3423 790 κακίας
3452 729 3512 780 οὐ
3545 745 3678 780 παν·-

2103 816 2274 878 τελῶς
2324 815 2575 886 καθαράν
2606 817 2791 886 ἔχουσι
2830 818 2929 889 τὴν
2973 818 3176 888 ψυχὴν,
3231 821 3324 873 καὶ
3373 820 3462 872 διά
3515 820 3680 874 ταῦτα

2105 909 2485 979 ταλαιπωρίας
2534 913 2681 973 τινὸς
2716 913 2816 964 καὶ
2867 910 3125 982 δακρύων
3182 913 3276 965 καὶ
3325 912 3508 965 πόνων
3543 913 3682 982 ὑπὲρ

2104 1000 2214 1052 τῶν
2249 1001 2664 1072 ἡμαρτημένων
2714 1003 2913 1069 δεῆσαν
2959 1003 3114 1072 παρὰ
3156 1007 3268 1066 τοῖς
3300 1005 3603 1070 ὑγιαίνουσι
3625 1006 3683 1058 τὸ

2111 1094 2309 1163 μέτρον
2355 1095 2694 1164 ζητήσουσι⁶
2741 1087 2890 1148 οὗτοι
2932 1095 2989 1148 δι
3035 1096 3136 1164 τὴν
3170 1097 3325 1148 νόσον
3353 1095 3570 1149 ἅπασαν
3597 1099 3686 1151 ἐκ-

2102 1185 2360 1249 ϐαλόντες
2402 1188 2616 1248 ἑαυτοῖς
2655 1187 2976 1258 ἀρκέσουσι.
3006 1188 3199 1255 Διττῆς
3247 1189 3355 1255 γὰρ
3394 1187 3562 1256 οὔσης
3587 1189 3683 1256 τῆς

421 1274 697 1340 ἁμαρτίας
729 1273 1046 1342 ἀμφοτέρας
1085 1273 1347 1341 φεύγουσι
1377 1275 1474 1335 τὰς
1513 1271 1768 1342 μερίδαςο
1799 1273 1899 1341 τῆς
1926 1289 1986 1324 τε
2027 1273 2136 1343 γὰρ
2182 1277 2468 1345 ἐνεργείας
2517 1277 2689 1346 αὐτῆς
2717 1275 3028 1330 ἐπαύσαντο
3079 1277 3562 1346 μεταμεληθέντες,
3595 1281 3686 1331 καὶ

419 1368 592 1428 πάθος
653 1366 890 1436 πονηρὸν
951 1365 1047 1445 καὶ
1096 1365 1342 1428 διάθεσις
1403 1365 1630 1434 ἡτισοῦν
1698 1365 1798 1417 οὐκ
1845 1365 2116 1433 ἐνέμεινε,
2159 1366 2253 1420 τοῦ
2321 1368 2457 1435 πρὸς
2523 1368 2762 1436 τάγαθὸν
2828 1367 2922 1420 καὶ⁸
2959 1367 3052 1419 τὸν
3123 1368 3258 1421 Θεὸν
3331 1371 3452 1430 ταῖς
3494 1369 3682 1438 ψυχαῖς

421 1460 746 1519 ἐντακέντος
777 1459 960 1520 αὐτοῖς
994 1458 1198 1521 πάθους
1237 1460 1313 1528 μὴ
1354 1456 1788 1527 συγχωροῦντος.

488 1549 554 1604 Ει
574 1551 916 1620 baecquidem
941 1552 1006 1606 de
1031 1553 1254 1607 tristitia
1283 1568 1296 1603 :
1326 1552 1562 1620 gaudere
1583 1566 1713 1604 vero
1734 1550 2009 1615 convenit,

422 1647 467 1700 si
501 1661 624 1715 qua.
665 1659 913 1700 amamus
936 1660 1082 1699 nunc
1120 1645 1356 1698 maxime
1407 1645 1610 1699 adsunt
1661 1651 1755 1697 aut
1815 1645 2007 1700 saltem

421 1746 740 1808 sperantur.
803 1734 1012 1789 Etenim
1086 1749 1180 1804 spe
1247 1735 1586 1804 gaudemus,
1645 1733 1824 1802 inquit
1869 1733 2008 1788 Pan-

427 1832 531 1891 lus,
586 1839 842 1897 tanquam
879 1828 1146 1882 charitate
1187 1843 1309 1880 cum
1356 1828 1556 1897 gaudio
1604 1843 1771 1896 super
1813 1826 2000 1881 eadem

2191 1552 2299 1606 Καὶ
2321 1555 2451 1623 rupi
2474 1554 2575 1624 μὲν
2597 1555 2699 1624 τῆς
2723 1555 2902 1620 λύπης
2921 1557 3192 1609 τοσαῦτα⁹
3220 1555 3434 1625 χαίρειν
3469 1555 3526 1607 δὲ
3554 1570 3686 1622 συμ-

2116 1645 2293 1699 ϐαίνει
2323 1648 2425 1715 μὲν
2457 1649 2742 1717 παρόντων
2769 1650 2901 1719 ἡμῖν
2933 1647 2968 1702 ἃ
3000 1647 3287 1718 φιλοῦμεν,
3319 1647 3606 1716 συμϐαίνει
3635 1647 3689 1701 δὲ

2113 1734 2508 1808 ἐλπιζομένων.
2547 1741 2655 1792 Καὶ
2702 1742 2811 1809 γὰρ
2838 1743 2904 1811 τῇ
2948 1741 3124 1794 ἐλπίδι
3156 1741 3440 1810 χαίρομεν,
3486 1739 3690 1801 Παῦλος

2113 1823 2290 1894 εἶπεν,
2330 1829 2407 1892 ώς
2460 1830 2526 1884 ἂν
2572 1832 2673 1900 τῆς
2726 1833 2949 1902 ἀγάπης
2981 1837 3046 1904 τῇ
3099 1835 3250 1904 χαρᾷ
3299 1833 3520 1901 περὶτά
3552 1832 3692 1886 αὐτὰ

427 1917 787 1972 conveniente
813 1935 827 1983 ;
857 1928 912 1973 et
934 1926 1080 1974 certe
1125 1920 1424 1988 gaudemus
1469 1918 1628 1972 nobis
1665 1919 1798 1986 ipsis
1821 1961 1835 1984 ,
1867 1934 1995 1988 qua-

2119 1920 2460 1989 συνεστώσης
2483 1937 2497 1952 °
2533 1899 2637 1974 και
2661 1923 2724 1992 δὴ
2768 1899 3044 1994 χαίρομεν*
3066 1899 3199 1994 ἡμῖν
3224 1899 3418 1987 -αύτοίς
3456 1925 3691 1977 καθόσον

428 2022 589 2066 tenus
630 2027 916 2076 amamus,
945 2020 999 2066 et
1046 2012 1168 2065 aliis
1189 2051 1205 2076 ,
1236 2018 1484 2064 nostrum
1531 2011 1773 2080 ipsorum
1809 2013 2004 2082 gratia.

428 2104 570 2160 Sunt
613 2115 794 2159 autem
845 2105 937 2175 qui
964 2115 1187 2173 propter
1216 2105 1428 2172 Seipsos
1459 2103 1686 2172 jucundi
1711 2113 1858 2165 sunt.
1879 2119 2003 2158 cum

430 2199 531 2264 ipsi
555 2199 664 2250 sint
681 2197 840 2252 b0nis
860 2197 1125 2256 moribus.
1150 2198 1552 2267 benevolosque
1572 2199 1762 2253 obvios
1796 2199 2008 2254 habue-

431 2289 543 2343 rint
577 2290 814 2344 animos.
863 2289 1049 2359 Itaque
1093 2290 1312 2345 virtutis
1337 2306 1527 2345 amans
1563 2306 1666 2344 non
1695 2291 1871 2361 diligit
1903 2291 2003 2345 nisi

431 2380 572 2449 quod
631 2379 832 2434 bonum
879 2389 1000 2436 est:
1036 2391 1255 2451 propter
1303 2384 1406 2436 hoc
1436 2382 1656 2451 quidem
1683 2382 2004 2452 sibimetipsi

431 2474 648 2538 gaudet,
701 2483 923 2544 propter
961 2475 1063 2529 hoc
1097 2485 1278 2529 autem
1346 2476 1510 2528 etiam
1545 2475 2009 2544 aliis,illud‘qui-

429 2563 552 2618 dum
585 2605 599 2628 .
633 2564 679 2621 si
714 2580 892 2620 mores
927 2567 1274 2630 conveniant,
1306 2565 1409 2619 hoc
1430 2575 1610 2620 autem
1637 2569 1680 2621 si
1707 2566 1770 2620 ad
1800 2567 2005 2620 bonum

430 2659 630 2713 auxilia
682 2667 958 2729 praestent.
1015 2657 1216 2713 Praeter
1280 2661 1395 2712 hac
1441 2675 1570 2713 vero
1623 2659 1816 2714 alienis
1847 2659 2007 2713 bonis

433 2746 596 2804 bonio
649 2751 823 2806 bonus
864 2753 1100 2820 gaudet,
1132 2763 1185 2807 et
1238 2752 1341 2821 ipsi
1380 2763 1630 2804 votorum
1659 2766 1724 2806 ac
1747 2749 2005 2821 desiderii

432 2857 652 2912 quoque
683 2843 806 2896 linis
844 2811 946 2907 est,
982 2845 1024 2897 si
1055 2811 1178 2910 quis
1211 2811 1348 2896 bene
1369 2842 1502 2912 agit.
1535 2842 1601 2896 Et
1625 2842 1728 2895 line
1758 2811 2009 2910 volutﬁa-

436 2936 505 2988 tis
534 2933 948 2988 liberalissimus
1001 2943 1086 2987 est
1125 2934 1340 2998 modus,
1367 2933 1461 2986 ubi
1489 2947 1839 2986 communem
1879 2931 2011 2986 facit

437 3027 632 3079 animm
689 3025 1042 3093 voluptatem.
1107 3039 1207 3077 nec
1262 3025 1501 3093 seipsum
1563 3024 1738 3078 solum
1788 3033 1876 3077 aut
1911 3038 2010 3078 sua

435 3119 724 3171 commoda
773 3117 926 3186 cupit
967 3157 980 3181 ,
1021 3132 1122 3170 nec
1174 3117 1289 3172 suis
1317 3117 1494 3172 solum
1559 3117 1826 3186 gloriatur
1867 3155 1882 3180 ,
1919 3124 2012 3169 aut

439 3219 584 3262 amat
637 3208 852 3262 lucrum
885 3250 898 3274 ,
928 3209 1020 3263 sed
1074 3209 1321 3264 coronari
1389 3209 1715 3278 praesumit,
1750 3209 1892 3263 dum.
1917 3210 2009 3263 alii

441 3304 686 3358 vincunt.
742 3300 797 3356 In
853 3301 955 3357 hoc
999 3301 1146 3356 enim
1215 3301 1379 3354 homo
1411 3309 1659 3354 naturam
1688 3310 1932 3368 superat,
1964 3311 2016 3354 et

440 3396 552 3450 Deo
604 3397 661 3449 lit
697 3395 914 3460 similis,
967 3394 1060 3463 qui
1090 3407 1380 3447 commune
1410 3393 1612 3446 bonum
1645 3399 1749 3445 est.
1785 3390 1888 3446 Sed
1919 3393 2016 3445 ali-

443 3485 584 3539 unde
618 3501 836 3555 quoque
858 3484 1144 3538 manifeste
1175 3484 1354 3538 elucet
1382 3484 1526 3552 quod
1553 3485 1752 3536 bonum
1792 3471 2013 3552 prbpter

441 3577 681 3647 seipsum
717 3585 771 3630 et
813 3591 918 3630 non
956 3584 1178 3645 propter
1211 3590 1366 3630 suam
1397 3575 2014 3638 utilitatemamat,cnm

439 3668 602 3721 ctiam
667 3667 809 3736 apud
829 3668 966 3721 alios
999 3667 1214 3730 videns,
1244 3682 1348 3720 non
1379 3667 1561 3722 minus
1596 3666 1828 3722 laetetur.
1861 3669 2018 3724 Alius

441 3764 662 3832 quidem
721 3763 954 3816 aliorum
1015 3763 1228 3816 fructus
1286 3771 1388 3826 est,
1441 3765 1703 3817 bonorum
1732 3765 2014 3820 hominum

439 3864 561 3922 est,
585 3855 839 3909 omnibus
868 3855 1002 3911 bene
1052 3857 1186 3909 velle
1230 3857 1572 3924 gauxlcreque
1605 3857 1672 3912 de
1708 3859 1847 3911 bona
1883 3859 2019 3913 isto-

441 3962 562 4000 rum
618 3946 1078 4010 consideratione,
1126 3947 1336 4016 hocque
1386 3947 1600 4015 signum
1635 3947 1884 4016 perfecta:
1918 3949 2018 4002 bo-

429 4036 628 4092 nitatis
669 4037 797 4105 poni
850 4035 930 4092 fas
981 4044 1087 4098 est,
1140 4036 1283 4090 sicut
1312 4036 1522 4091 arboris
1577 4037 1772 4094 fertilis
1807 4039 2018 4096 fructus

445 4126 796 4184 manifestum
865 4127 1106 4182 ostendit
1159 4127 1424 4197 vigorem.
1482 4127 1593 4184 Nec
1636 4132 1780 4185 enim
1820 4141 2017 4188 natura

445 4222 587 4274 ferre
625 4228 802 4289 potest
826 4221 1077 4273 arborem
1112 4220 1176 4270 ad
1212 4219 1419 4274 similes
1469 4223 1850 4288 producendos
1918 4240 2018 4296 ap-

449 4321 556 4363 tam
584 4324 706 4379 quae
731 4308 785 4362 in
815 4325 872 4364 se
903 4311 1056 4379 prius
1087 4326 1193 4364 non
1231 4310 1300 4364 sit
1325 4310 1582 4380 perfecta,
1622 4330 1722 4370 nec
1751 4316 1892 4370 inter
1917 4317 2018 4371 lio-

447 4403 623 4457 mines
650 4401 792 4456 ullus
822 4402 942 4457 aliis
981 4412 1126 4457 esset
1177 4403 1328 4457 utilis
1361 4443 1376 4466 ,
1413 4407 1505 4474 qui
1570 4407 1722 4477 prius
1771 4423 1880 4464 non
1912 4409 2016 4466 sibi

447 4495 548 4564 ipsi
597 4493 903 4564 prodesset.
957 4495 1299 4564 Sibimetipsi
1353 4498 1495 4552 cuitu
1555 4514 1664 4568 prze
1688 4501 1901 4554 wteris
1931 4511 2017 4556 est

2113 2010 2403 2080 φιλοῦμεν,
2448 2013 2544 2066 καὶ
2597 2015 2782 2078 ἄλλοις
2824 2017 2987 2086 ἡμῶν
3037 2017 3220 2070 αὐτῶν
3250 2018 3432 2088 χάριν.
3471 2017 3590 2070 Είσὶ
3636 2017 3693 2070 δὲ

2113 2103 2163 2157 οἳ
2217 2104 2310 2157 καὶ
2345 2105 2413 2157 δι’
2453 2104 2684 2169 ἑαυτοὺς
2737 2108 2888 2176 ἡδεῖς
2949 2110 3108 2170 εἰσιν,
3159 2110 3377 2162 ἐπειδάν
3429 2110 3578 2162 αὐτοί
3629 2126 3689 2161 τε

2112 2193 2310 2260 ἀγαθοὶ
2362 2189 2465 2247 ὦσι
2495 2195 2620 2257 τοὺς
2674 2198 2910 2266 τρόπους
2955 2201 3047 2252 καὶ
3110 2201 3465 2270 εὐγνωμόνων
3491 2201 3687 2269 τύχωσι

2112 2284 2221 2338 τῶν
2255 2287 2601 2356 ἐπιτηδείων.
2645 2287 2705 2341 Ὀ
2738 2288 2921 2342 τοίνυν
2970 2291 3278 2352 σπουδαῖος.
3339 2292 3560 2359 φιλητὸν
3601 2293 3693 2360 p.6-

2112 2397 2203 2432 νον
2227 2381 2592 2450 ἐπιστάμενος
2609 2382 2871 2450 τάγαθὸν,
2890 2383 2961 2436 δι’
2981 2384 3158 2437 ἐκεῖνο
3179 2385 3276 2453 μὲν
3294 2385 3471 2453 ἐαυτῷ
3490 2385 3693 2452 χαίρει,

2112 2471 2181 2524 δι’
2221 2472 2396 2524 ἐκεῖνο
2442 2473 2498 2524 δὲ
2549 2474 2644 2526 καὶ
2684 2476 2802 2537 τοῖς
2841 2475 3044 2540 ἄλλοις,
3094 2477 3252 2531 τοῦτο
3302 2477 3402 2545 μὲν
3462 2479 3510 2528 εἰ
3565 2478 3699 2538 τοὺς

2112 2563 2351 2631 τρόπους
2375 2565 2611 2630 ἐοίκασι,
2643 2566 2804 2620 τοῦτο
2833 2568 2886 2621 δὲ
2916 2570 2964 2622 εἰ
2992 2569 3130 2639 πρὸς
3151 2569 3388 2636 τάγαθὸν
3413 2570 3690 2637 βοηθοῦσι.

2117 2656 2227 2708 Καὶ
2256 2657 2431 2712 ἄλλως
2461 2657 2517 2709 δὲ
2548 2657 2756 2711 τούτων
2791 2663 2964 2730 χωρὶς
2992 2664 3107 2723 τοῖς
3138 2661 3442 2728 ἀλλοτρίοις
3469 2663 3696 2728 ἀγαθοῖς

2114 2748 2142 2798 ὁ
2177 2748 2380 2815 ἀγαθὸς
2405 2748 2698 2818 ἄνθρωπος
2729 2751 2935 2820 χαίρει,
2969 2753 3065 2805 καὶ
3097 2753 3207 2805 τῶν
3237 2753 3410 2822 εὐχῶν
3427 2754 3574 2821 αὐτῷ
3603 2755 3696 2806 καὶ

2115 2838 2216 2906 τῆς
2252 2839 2552 2906 ἐπιθυμίας
2583 2843 2679 2895 καὶ
2727 2841 2887 2895 τοῦτο
2920 2843 3115 2910 πέρας,
3154 2845 3207 2896 εῐ
3231 2861 3314 2904 τις
3353 2843 3412 2896 εὖ
3444 2844 3693 2914 πράττει.

2119 2930 2226 2981 Καὶ
2245 2929 2399 2982 τοῦτό
2423 2931 2570 2982 ἐστιν
2596 2931 2624 2982 ὁ
2649 2932 3105 3002 ἐλευθεριώτατος
3128 2933 3226 2998 τῆς
3251 2932 3446 3001 ἡδονῆς
3471 2934 3693 2998 τρόπος,

2117 3021 2248 3073 ὅταν
2280 3022 2466 3090 κοινὴν
2495 3023 2718 3090 ποιῆται
2750 3027 2851 3092 τὴν
2883 3024 2984 3093 τῆς
3016 3024 3194 3094 ψυχῆς
3224 3025 3439 3095 ἡδονὴν,
3479 3025 3570 3078 καὶ
3597 3025 3696 3094 οὐχ

2120 3112 2313 3164 ἑαυτὸν
2349 3115 2509 3181 μόνον
2533 3117 2627 3168 καὶ
2659 3117 2727 3168 τὰ
2771 3116 2968 3169 ἑαυτοῦ
3001 3117 3151 3187 θέλῃ,
3193 3117 3314 3170 οὐδὲ
3349 3118 3699 3184 φιλοτιμῆται

2119 3207 2230 3266 τοῖς
2252 3203 2420 3256 αὐτοῦ
2455 3206 2638 3274 μόνον,
2658 3207 2766 3260 οὐδ’
2795 3209 2984 3278 ἀγαπᾷ
3007 3207 3329 3278 κερδαίνων,
3356 3206 3472 3260 ἀλλ’
3499 3209 3699 3276 ἡγῆται

2122 3297 2836 3364 στεφανοῦσθαι,νικ(ἷ›ντων
2869 3301 3092 3370 ἐτέρων.
3137 3301 3227 3352 Ἐν
3262 3303 3435 3369 τούτῳ
3465 3299 3572 3370 γ-ἀρ
3603 3300 3701 3370 τὴν

2121 3387 2284 3456 φύσιν
2315 3390 2342 3442 ὁ
2392 3388 2683 3458 ἄνθρωπος
2731 3390 3053 3460 ὑπερϐαίνει
3103 3393 3199 3445 καὶ
3229 3391 3351 3460 Θεῷ
3398 3391 3599 3453 ἔοικεν,
3643 3391 3702 3453 ὃς

2119 3481 2303 3534 κοινόν
2338 3481 2488 3534 ἐστιν
2513 3481 2740 3550 ἀγαθόν.
2768 3483 2977 3545 Ἄλλως
3004 3501 3062 3535 τε
3089 3482 3282 3536 τοῦτον
3305 3483 3510 3553 τρόπον
3543 3483 3703 3551 δῆλος

2119 3575 2328 3642 γίνεται
2359 3575 2426 3629 δι’
2459 3575 2621 3628 ἑαυτὸ
2661 3576 2832 3645 φιλῶν
2864 3575 2913 3629 τ’
2965 3575 3168 3642 ἀγαθὸν
3219 3576 3313 3628 καὶ
3361 3576 3422 3628 ού
3469 3576 3557 3628 διά
3599 3577 3701 3645 τὴν

2119 3665 2286 3720 αὐτοῦ
2323 3668 2539 3739 χρείαν,
2578 3669 2710 3720 ὅταν
2730 3669 2824 3722 καὶ
2857 3669 2989 3738 παρ’
3031 3668 3213 3731 ἄλλοις
3257 3667 3398 3736 ὁρῶν
3423 3668 3578 3720 οὐδὲν
3607 3664 3701 3740 ἦτ-

2117 3775 2210 3809 τον
2239 3757 2469 3828 ἥδηται·
2504 3759 2597 3810 καὶ
2629 3759 2793 3812 ἄλλου
2829 3759 2928 3828 μὲν
2961 3757 3091 3812 ἄλλο
3126 3775 3178 3810 τι
3225 3757 3463 3824 καρπὸς,
3495 3758 3604 3810 τῶν
3643 3758 3700 3810 δὲ

2119 3849 2344 3917 ἀγαθῶν
2398 3850 2610 3920 ἀνδρῶν
2661 3851 2722 3902 τὸ
2777 3851 3018 3918 τάγαθλν
3081 3849 3371 3920 βούλεσθαι
3430 3852 3565 3902 πᾶσι
3613 3850 3703 3904 καὶ

2118 3938 2335 4010 χαίρειν
2374 3941 2833 4010 εὐδοκιμούντων,
2892 3942 2988 3992 καὶ
3024 3940 3185 3994 τοῦτο
3232 3943 3461 4009 σημεῖον
3499 3943 3565 3995 ἀν
3622 3957 3704 4003 τις

2121 4031 2266 4084 θεῖτο
2295 4030 2389 4084 τοῦ
2417 4032 2645 4093 τελείως
2676 4028 2818 4085 εἴναι
2860 4033 3157 4102 χρηστοὺς,
3192 4032 3446 4102 καθάπερ
3487 4034 3518 4101 ἡ
3562 4031 3701 4100 (popa

2119 4123 2214 4178 τοῦ
2272 4123 2703 4194 προενεγκόντος
2777 4122 2946 4191 φυτοῦ
3016 4123 3184 4192 δήλην
3255 4123 3550 4193 καθίστησι
3608 4123 3704 4190 τὴν

2121 4217 2332 4284 ἀκμήν.
2386 4213 2526 4268 Οὖτε
2557 4214 2667 4283 γὰρ
2714 4213 2780 4268 ἂν
2807 4217 2840 4284 ἡ
2873 4214 3038 4283 φύσις
3075 4215 3252 4267 ἐκεῖνο
3307 4213 3382 4284 μὴ
3436 4216 3702 4285 πρότερον

2121 4308 2209 4378 ἐφ’
2234 4309 2431 4362 ἐαυτοῦ
2457 4308 2744 4362 τελειωθὲν
2767 4309 2863 4361 ἐπὶ
2887 4309 2996 4362 τῶν
3038 4307 3242 4378 ὁμοίων
3269 4309 3484 4376 ἐνέγκοι
3514 4309 3704 4370 τόκων,

2121 4399 2246 4454 οὔτε
2276 4400 2386 4454 τῶν
2434 4400 2741 4468 ἀνθρώπων
2771 4401 2948 4463 οὐδεὶς
2981 4400 3166 4462 ἄλλοις
3205 4400 3271 4454 ἂν
3314 4400 3398 4470 εἴη
3445 4399 3705 4470 χρηστὸς,

2129 4492 2204 4564 μὴ
2235 4490 2381 4545 τοῦτ’
2431 4491 2563 4544 αὐτὸ
2599 4493 2865 4566 uad-capo»;
2914 4492 3214 4560 γενόμενος
3256 4489 3456 4561 ἑαυτῷ.
3489 4489 3710 4559 Ἐαυτῷ

446 4585 692 4646 intimus.
723 4584 822 4639 sibi
847 4585 946 4653 ipsi
967 4585 1251 4640 familiaris
1278 4595 1379 4649 est,
1409 4603 1472 4640 ac
1501 4591 1832 4656 praicmterls
1849 4590 2012 4659 seipsr

2141 4583 2239 4653 μὲν
2270 4583 2378 4654 γάρ
2407 4581 2513 4651 πρὸ
2540 4581 2647 4634 τῶν
2670 4581 2846 4636 ἄλλων
2871 4582 3143 4649 σύνεστιν,
3170 4582 3350 4652 ἐαυτῷ
3380 4583 3435 4636 δὲ
3470 4583 3708 4655 συνήθης

448 4677 615 4732 ιιιίιυι·
646 4677 900 4746 ,sibique
958 4679 1098 4732 bona
1159 4678 1275 4732 vult
1339 4688 1504 4748 atque
1552 4689 1827 4748 precatur.
1875 4679 2018 4747 Quid

445 4785 577 4838 ergo
633 4769 883 4839 prohibet
937 4769 1232 4837 quominus
1285 4770 1388 4824 sibi
1443 4772 1594 4838 prius
1618 4770 1900 4837 inserviat,
1937 4775 2016 4827 si-

445 4860 662 4929 quidem
720 4875 787 4914 ex
839 4875 946 4914 una
994 4871 1144 4930 parte
1196 4861 1353 4914 bonis
1398 4862 1614 4929 gaudet,
1643 4863 1837 4916 exalia
1867 4880 2016 4926 vero.

447 4959 641 5004 natura
670 4951 820 5019 prius
856 4950 923 5004 ad
961 4952 1137 5020 ipsum
1166 4952 1315 5004 illum
1347 4951 1600 5018 illumque
1627 4954 2016 5023 cogitationem

449 5042 693 5105 inclinat,
717 5043 858 5096 sicut
909 5059 1248 5113 unaquzeque
1279 5044 1574 5097 creatura?
1599 5045 1710 5098 Slhi
1743 5046 1844 5115 ipsi
1875 5047 2018 5105 enim

447 5135 502 5188 in
562 5142 733 5188 totum
779 5143 886 5198 est,
919 5137 1022 5190 sibi
1048 5152 1176 5190 vero
1214 5138 1448 5205 primum
1486 5145 1571 5190 est
1610 5137 1810 5191 bonum
1840 5180 1851 5202 ,
1876 5149 1929 5193 et
1965 5148 2024 5192 ut

448 5227 832 5295 unusquisque
858 5227 930 5282 sit
969 5227 1106 5296 ipse,
1136 5229 1369 5297 primum
1427 5243 1490 5280 ac
1518 5244 1811 5284 commune
1843 5231 2024 5284 omni-

448 5317 550 5372 bus
575 5327 660 5372 est
689 5318 1046 5374 desiderium.

517 5407 807 5478 Propterea
830 5412 1180 5465 manifestum
1204 5419 1286 5465 est
1310 5413 1453 5480 quod
1486 5413 1530 5466 si
1565 5413 1763 5467 bonam
1792 5414 2024 5467 aliorum

449 5503 860 5557 aestimationem
914 5515 1060 5556 amat
1092 5513 1145 5556 et
1175 5520 1298 5558 cum
1331 5505 1628 5559 obtinuerit
1659 5509 1874 5574 gaudet,
1911 5507 2028 5574 ipse

451 5603 654 5646 nonest
674 5591 862 5645 talium
882 5589 1124 5644 exharres
1143 5607 1237 5644 nec
1259 5605 1454 5659 egens:
1482 5608 1585 5646 non
1604 5596 1748 5647 enim
1771 5610 1828 5648 se
1847 5610 2030 5648 suam-

449 5699 555 5750 que
613 5698 726 5736 rem
771 5682 1045 5752 negligens
1107 5701 1211 5752 qua
1260 5698 1397 5753 opus
1443 5685 1607 5739 liabet
1654 5687 1774 5740 aliis
1803 5683 2032 5740 studuit.

452 5774 740 5835 Quomodo
774 5773 918 5826 enim
954 5774 1007 5827 in
1052 5775 1288 5830 aliorum
1323 5775 1575 5829 manibus
1618 5778 1801 5844 cupiat
1831 5776 1920 5829 illa
1952 5777 2032 5828 vi-

453 5869 604 5933 dere,
664 5865 865 5934 quibus
910 5867 1186 5936 propriam
1221 5869 1443 5923 domum
1494 5884 1722 5925 vacuam
1769 5869 1910 5924 scit?
1969 5867 2026 5923 Si

2123 4675 2262 4740 ἐστὶ,
2299 4676 2395 4728 καὶ
2424 4675 2533 4744 πρὸ
2563 4673 2784 4728 πάντων
2816 4673 2992 4744 ἐαυτῷ
3022 4675 3239 4744 χρῆται,
3265 4676 3358 4728 καὶ
3387 4675 3454 4728 τὰ
3497 4676 3708 4746 χρηστά

2128 4767 2381 4838 βούλεται
2413 4768 2506 4820 καὶ
2548 4765 2792 4836 εὔχεται.
2831 4767 2896 4820 Τί
2932 4765 3024 4819 οὖν
3052 4767 3254 4820 κωλύει
3281 4769 3546 4838 πρότερον
3578 4767 3703 4819 ἐαυ-

2124 4859 2218 4912 τὸν
2246 4856 2501 4926 ὠφελεῖν,
2533 4856 2693 4924 εἴπερ
2721 4857 2748 4909 ό
2787 4857 2886 4926 μὲν
2914 4859 3026 4919 τοῖς
3069 4856 3296 4924 ἀγαθοῖς
3345 4857 3552 4926 χαίρει,
3587 4859 3620 4926 ἡ
3649 4857 3706 4910 δὲ

2130 4951 2290 5018 φύσις
2320 4951 2398 5012 εἰς
2429 4948 2622 5002 ἐαυτὸν
2655 4949 2924 5018 πρότερον
2949 4948 3111 5002 αὑτὸν
3136 4949 3455 5017 ἐπιστρέφει
3484 4951 3577 5002 καὶ
3605 4950 3704 5016 τὴν

2129 5042 2296 5097 αὐτοῦ
2345 5042 2603 5112 πρόνοιαν
2636 5041 2886 5111 καθάπερ
2941 5043 3034 5093 καὶ
3073 5038 3180 5093 τῶν
3221 5040 3392 5092 ὄντων
3427 5041 3696 5104 ἓκαστον;

2139 5133 2352 5205 Ἐαυτῷ
2416 5133 2516 5205 μὲν
2567 5131 2679 5204 γάρ
2719 5133 2856 5195 ὅλως
2907 5131 3079 5195 ἐστὶν,
3136 5129 3314 5200 ἑαυτῷ
3351 5132 3408 5183 δὲ
3470 5131 3702 5202 πρώτως

2125 5227 2332 5294 ἀγαθόν
2379 5226 2549 5288 ἐστιν,
2602 5224 2698 5278 καὶ⁵
2744 5224 2838 5279 τοῦ
2889 5223 3022 5278 αὐτὸ
3053 5224 3284 5276 ἕκαστον
3315 5219 3480 5288 εἶναι,
3515 5224 3705 5293 πρώτη

2136 5323 2234 5373 καὶ
2269 5319 2560 5386 κοινοτάτη
2585 5319 2755 5371 πᾶσιν
2780 5317 3071 5388 ἐπιθυμία.

2207 5409 2306 5460 Διά
2336 5407 2508 5462 ταῦτα
2541 5407 2701 5477 δῆλός
2736 5409 2907 5469 ἐστιν,
2937 5410 2986 5459 εί
3015 5407 3116 5474 τῆς
3171 5407 3284 5459 τῶν
3317 5407 3498 5462 ἄλλων
3562 5407 3710 5459 εὐδο-

2137 5501 2424 5570 κιμήσεως
2452 5498 2598 5570 ἐρῴη
2633 5499 2728 5551 καὶ
2751 5499 2932 5568 χαίροι
2961 5499 3252 5567 τυχόντων,
3283 5499 3384 5552 οὐκ
3423 5499 3584 5560 αὐτὸς
3602 5498 3712 5551 τῶν

2139 5590 2402 5644 τοιούτων
2439 5589 2669 5662 ἄμοιρος
2705 5589 2780 5642 ὢν
2802 5589 2912 5641 οὐδ’
2948 5588 3184 5651 ἐλλιπῶς
3218 5587 3355 5659 ἔχων
3379 5606 3392 5618 ο
3434 5589 3554 5641 οὐδὲ
3603 5590 3712 5658 γὰρ

2135 5682 2296 5738 αὐτὸν
2331 5682 2570 5751 ὑπερϐὰς
2605 5685 2699 5735 καὶ
2730 5680 2829 5752 τὴν
2861 5680 3024 5733 αὑτοῦ
3057 5681 3272 5750 χρείαν,
3311 5675 3387 5735 ὧν
3415 5682 3572 5742 αὐτὸς
3601 5681 3714 5732 ὲδέο

2138 5793 2262 5847 ησε,
2313 5775 2444 5842 περὶ
2487 5775 2595 5827 τῶν
2648 5773 2826 5828 ἄλλων
2876 5772 3186 5841 ἐφρόντιζε.
3224 5773 3346 5835 Πῶς
3397 5773 3506 5842 γὰρ
3553 5773 3618 5826 ἂν
3658 5774 3714 5824 ἐν

2136 5868 2256 5930 ταῖς
2282 5864 2389 5919 τῶν
2421 5864 2598 5919 ἄλλων
2627 5865 2818 5937 χερσὶν
2851 5864 3245 5935 ἐπιθυμήσειεν
3279 5866 3430 5930 ἰδεῖν,
3479 5859 3554 5919 ὧν
3612 5864 3713 5934 τὴν
