4036 6442
248 404 354 468 ’1θὸ

1286 396 1387 458 DE
1426 395 1609 458 VITA
1650 393 1731 456 IN
1774 390 2111 453 CHRISTO
2170 388 2320 449 LIB.
2357 385 2498 450 VII.

3433 378 3541 438 706

259 517 460 573 ἑαυτοῦ
492 515 676 572 οίτιίαν
734 513 878 581 ἐγνω
937 512 1104 584 κενήν
1132 527 1147 577 ;
1179 511 1242 565 Ei
1272 510 1317 564 δ’
1347 508 1480 563 ἔνιοι
1534 508 1647 563 τῶν
1702 486 1844 577 πρὸς

1959 519 2079 558 vero
2112 502 2337 572 quidam
2372 503 2438 556 de
2466 499 2611 553 bono
2644 498 2958 565 virtuteque
2994 491 3239 564 perversi
3266 491 3544 551 eandidis-

249 610 485 679 τάγαθὸν
512 608 607 662 καὶ
634 608 735 677 τὴν
765 607 970 676 ἀρετὴν
1009 604 1233 674 φαύλως
1265 603 1524 672 ἑχόντων,
1553 602 1663 655 τῶν
1710 600 1836 671 ἀρί-

251 720 391 755 στων
431 697 809 769 περιτιθέντες
868 699 1081 758 ἑαυτοῖς
1133 697 1486 766 προσωπεῖον
1544 694 1683 761 πρὸς
1706 694 1837 762 ἀρε⁶

248 792 347 859 τὴν
380 789 694 857 ἀλείφουσι,
723 787 820 838 καὶ
853 778 927 839 ὧν
982 785 1142 837 αὐτοὶ
1188 783 1477 845 παντελῶς
1535 781 1837 851 ἠγνόησαν,

249 882 435 961 ἄλλοις
473 879 733 950 ἡγεῖσθαι
771 877 1050 947 ζητοῦσιν,
1085 876 1223 929 ἀλλά
1275 876 1465 946 φήμης
1501 874 1643 938 τινὸς
1694 876 1842 944 ὲφιέ-

254 992 405 1045 μενοι
439 975 623 1043 τυχεῖν
657 971 816 1025 αὐτοὶ
846 972 940 1023 καὶ
969 969 1128 1039 δόξης
1157 968 1415 1038 ψευδοῦς,
1445 969 1505 1021 ού
1555 971 1656 1037 τῆς
1714 968 1843 1037 ἀρεο

252 1070 351 1136 τῆς
411 1066 509 1120 καὶ¹
550 1063 791 1132 τάγαθοῦ
859 1064 1052 1133 χάρινί
1114 1063 1189 1125 ὼς
1249 1062 1375 1123 τούς
1424 1080 1489 1130 γε
1551 1061 1693 1116 κατά
1749 1061 1842 1114 τὸν

253 1156 411 1229 ὀρθὸν
436 1157 594 1223 λόγον
622 1154 783 1207 τοῦτο
810 1153 1114 1224 ζητοῦντας
1174 1154 1461 1224 ἀμήχανον
1498 1151 1722 1213 τελείως
1766 1149 1844 1203 εί-

255 1268 341 1304 ναι
370 1247 671 1319 χρηστούς.
706 1246 880 1299 Τοῦτο
911 1246 1020 1317 γάρ
1052 1247 1168 1299 ἐστι
1221 1244 1419 1315 φθόνου
1472 1245 1572 1314 μὲν
1609 1244 1703 1297 καὶ
1743 1242 1841 1313 βα-

264 1340 487 1401 σκανίας
515 1338 735 1408 ἀπάσης
786 1336 1226 1407 ἀπηλλαγμένων
1260 1336 1490 1408 ἀνδρῶν,
1524 1336 1744 1406 ἀγάπην
1784 1337 1841 1390 δὲ

261 1435 395 1504 πρὸς
420 1434 483 1486 τὸ
507 1433 783 1501 ὁμόφυλον
818 1432 1089 1503 εἰλικρινῆ
1126 1432 1224 1485 καὶ
1282 1432 1500 1485 τελείαν
1554 1448 1841 1501 παρασχο-

270 1527 470 1595 μένων,
496 1527 635 1598 ὅπερ
682 1526 799 1578 ἐστὶ
823 1525 923 1595 τῆς
956 1526 1193 1596 ὲσχάτης
1224 1524 1586 1580 ἐπιλαϐέσθαι
1632 1524 1847 1594 φιλοσο-

261 1617 389 1686 φίας
413 1633 425 1645 ·
460 1618 678 1686 ἀνάγκη
718 1616 927 1682 τοίνυν,
959 1612 1041 1678 οἷς
1077 1615 1177 1686 μὲν
1203 1614 1412 1685 ταύτης
1468 1615 1691 1684 μέτεστι
1748 1615 1845 1684 τῆς

260 1711 477 1779 ἡδονῆς,
500 1711 630 1772 τοὺς
655 1709 879 1762 πάντων
919 1707 1179 1778 ἀρίστους
1215 1702 1359 1761 εἶναι
1411 1709 1508 1760 καὶ
1542 1707 1848 1775 φιλοσοφω-

260 1804 476 1866 τάτους,
506 1805 618 1865 τοῖς
644 1802 699 1856 δὲ
732 1803 952 1856 πάντων
984 1801 1230 1873 ἀρίστοις
1256 1802 1350 1855 καὶ
1376 1800 1844 1871 φιλοσοφωτάτοις

1942 596 2147 650 simum
2202 594 2411 646 vultum
2457 588 2804 652 simulantes,
2825 587 2890 639 ad
2936 586 3191 639 virtutem
3229 583 3533 654 inungunt,

1942 698 1996 740 et
2025 701 2258 754 quorum
2288 684 2390 753 ipsi
2422 682 2675 751 protinus
2706 678 2877 747 ignari
2917 686 3066 743 sunt,
3100 674 3227 731 aliis
3267 675 3542 745 imperare

1942 780 2153 841 volunt,
2192 788 2244 830 at
2280 776 2480 829 famam
2511 772 2806 843 quamdam
2842 769 3148 836 falsamque
3176 768 3404 838 gloriam
3446 768 3543 822 ob-

1946 877 2123 926 tiuere
2153 872 2458 939 cupientes,
2497 880 2607 920 non
2660 863 2879 918 virtutis
2912 877 3015 915 nec
3046 861 3173 915 boni
3231 863 3430 930 gratia,
3462 859 3542 913 sie

1944 972 2146 1034 agunt;
2174 960 2500 1031 atquijuxta
2546 971 2753 1012 reetum
2794 969 3108 1009 sermonem
3163 953 3266 1006 hoc
3292 966 3539 1022 quaeren-

1945 1070 2046 1123 tes,
2082 1055 2421 1126 impossbile
2450 1062 2534 1108 est
2560 1066 2685 1106 esse
2715 1050 2957 1120 perfecte
2997 1050 3194 1101 bonos.
3241 1045 3358 1099 lloc
3394 1044 3540 1099 enim

1945 1148 2228 1219 proprium
2258 1154 2344 1199 est
2386 1142 2673 1197 hominum
2716 1140 2809 1207 qui
2844 1136 2993 1191 omni
3024 1135 3230 1189 invidia
3279 1134 3544 1203 oumique

1945 1241 2073 1297 odio
2103 1247 2236 1295 sunt
2262 1238 2553 1299 immunes,
2599 1233 2924 1287 eharitatem
2982 1244 3111 1285 vero
3160 1229 3431 1283 sinceram
3479 1241 3544 1281 ac

1947 1334 2242 1397 perfectam
2274 1345 2405 1399 erga
2451 1327 2661 1383 similes
2695 1326 3039 1387 ostendunt,
3074 1321 3218 1391 quod
3269 1329 3350 1374 est
3389 1334 3544 1373 sum-

1950 1444 2098 1483 mam
2133 1424 2389 1494 attigisse
2437 1420 2867 1491 philosophiam.
2919 1414 3159 1471 Necesse
3194 1413 3427 1484 proinde
3461 1421 3543 1466 est

1949 1523 2096 1585 illos,
2126 1520 2327 1591 quibus
2356 1517 2504 1573 istud
2536 1513 2807 1582 contingit
2832 1511 3117 1580 gaudium,
3141 1508 3388 1564 omnium
3422 1521 3545 1561 esse

1948 1616 2194 1686 Optimos
2212 1628 2277 1667 ac
2303 1607 2767 1680 sapientissimos,
2792 1606 2876 1659 his
2905 1613 3086 1658 autem
3120 1601 3370 1656 omnium
3398 1598 3545 1666 opti-

1951 1708 2054 1762 mis
2095 1715 2149 1761 et
2213 1701 2643 1773 sapientissimis
2688 1698 2834 1752 istud
2893 1695 3213 1764 contingere
3256 1692 3542 1762 gaudium.

1951 1803 2309 1865 Consequens
2340 1806 2425 1851 est
2456 1792 2602 1849 enim
2636 1790 2763 1845 boni
2797 1789 3088 1859 participes
3120 1787 3247 1842 boni
3275 1793 3548 1840 monstra—

270 1894 363 1947 καὶ
399 1892 607 1960 ταύτης
647 1896 890 1963 μετεῖναι
917 1867 1036 1963 τῆς-
1067 1892 1283 1964 ἡδονῆς.
1331 1867 1654 1945 ’Δτκόλουθον
1709 1892 1840 1963 γὰρ,

1959 1909 2012 1948 re
2044 1901 2299 1946 naturam
2329 1889 2383 1942 in
2419 1888 2635 1951 anima;
2664 1885 2825 1939 istius
2856 1892 3043 1936 autem
3084 1881 3210 1935 boni
3236 1888 3430 1933 natura
3464 1885 3549 1933 est

258 1984 351 2037 τοῦ
387 1984 599 2054 ἀγαθοῦ
632 1985 1010 2056 μετασχόντας
1042 1984 1141 2054 τὴν
1170 1984 1266 2037 τοῦ
1298 1982 1508 2053 ἀγαθοῦ
1567 1981 1844 2036 δεικνύναι

260 2076 422 2147 φύσιν
451 2080 508 2130 ὲν
533 2080 596 2149 τῇ
635 2079 780 2148 ψυχῇ
804 2095 816 2109 ·
850 2078 1060 2130 ἐκείνου
1089 2078 1146 2130 δὲ
1179 2077 1272 2130 τοῦ
1295 2076 1503 2146 ἀγαθοῦ
1548 2076 1711 2146 φύσις
1753 2078 1847 2128 ὲκ-

259 2167 471 2236 χεῖσθαι
506 2168 600 2221 καὶ
636 2167 1038 2236 μεταδίδοσθαι.
1068 2167 1338 2238 Καθάπερ
1374 2169 1486 2237 γὰρ
1517 2166 1685 2220 αὑτοῦ
1712 2166 1852 2220 πάν-

261 2275 331 2312 τα
359 2260 596 2326 ἐφίεται,
660 2258 803 2311 οὕτω
858 2259 953 2312 καὶ
1001 2258 1136 2311 αὐτὸ
1198 2260 1409 2328 πέφυκε
1469 2258 1604 2328 πρὸς
1665 2257 1847 2312 πάντα.

263 2352 492 2419 χωρεῖν·
522 2350 645 2403 οὐδὲ
679 2354 788 2422 γὰρ
823 2350 890 2404 ἂν
921 2351 1100 2405 πάντα
1134 2350 1299 2405 αὐτοῦ
1331 2350 1621 2421 τυγχάνειν
1647 2349 1848 2404 ἐπεθύ-

263 2459 427 2511 μουν,
463 2443 512 2494 εί
563 2443 638 2512 μὴ
672 2445 844 2495 πᾶσιν
884 2442 1050 2495 ἑαυτὸ
1100 2446 1363 2513 παρεῖχεν
1398 2444 1575 2495 ἐκεῖνο
1598 2459 1612 2474 ο
1644 2443 1846 2512 ματαία

261 2553 327 2587 αν
357 2536 465 2605 γάρ
498 2530 638 2589 εἶναι
663 2536 764 2605 τὴν
797 2534 1097 2605 ἐπιθυμίαν
1137 2536 1281 2588 οὓτω
1318 2536 1639 2604 κοινοτάτην
1660 2534 1845 2602 οὖσαν,

267 2627 381 2689 πῶς
409 2626 668 2693 εῦλογον;
702 2627 870 2680 Ὅθεν
908 2628 1006 2680 κα)⁵
1044 2628 1137 2680 τὸν
1186 2626 1390 2695 ἀγαθὸν
1432 2628 1718 2698 ἄνθρωπον
1745 2627 1852 2680 ῶσ-

268 2736 375 2789 περ
408 2720 611 2787 ἑαυτῷ,
638 2719 781 2773 οὕτω
827 2720 924 2774 καὶ
954 2722 1091 2774 πᾶσι
1118 2722 1385 2791 παρέχειν
1437 2720 1651 2786 ἑαυτὸν,
1695 2725 1722 2774 ὁ
1752 2721 1849 2791 τῆς

267 2814 635 2882 χρηστότητος
661 2814 884 2866 ἀπαιτεῖ
933 2812 1108 2881 λόγος,
1142 2814 1239 2865 καὶ
1288 2811 1543 2866 ἀνιᾶσθαι
1576 2814 1669 2865 καὶ
1727 2813 1852 2883 ἥδε-

270 2901 394 2954 σθαι
431 2902 524 2957 καὶ
550 2902 727 2957 ὁτιοῦν
762 2904 998 2975 πάσχειν
1022 2903 1124 2976 τὴν
1178 2903 1381 2973 ψυχὴν,
1433 2905 1572 2975 πρὸς
1618 2905 1686 2957 τὰ
1742 2906 1850 2958 τῶν

267 2992 444 3049 ἄλλων
473 2997 626 3050 οὐδὲν
648 2992 813 3069 ἦττον
853 2998 886 3068 ἢ
921 2999 989 3050 τὰ
1016 2995 1182 3051 αὑτοῦ
1205 3013 1219 3028 ο
1253 2997 1347 3048 καὶ
1378 2996 1554 3060 άλλως
1588 2996 1644 3049 δὲ
1672 2997 1729 3050 τὸ
1750 2996 1845 3050 τοῦ

1953 1984 2156 2041 emindi
2210 1990 2265 2037 et
2318 1977 2766 2036 communieari..
2803 1974 2959 2029 Sicut
2991 1972 3140 2028 enim
3171 1972 3321 2026 illius
3350 1979 3548 2024 cuncta

1952 2076 2290 2137 desiderant,
2324 2072 2405 2128 sic
2452 2079 2507 2126 et
2538 2069 2719 2139 ipsum
2762 2076 2955 2121 natum
3001 2074 3086 2119 est
3112 2064 3181 2119 ad
3212 2063 3396 2117 omnia
3433 2076 3551 2114 an-

1956 2169 2302 2239 plcctendum
2333 2184 2349 2220 :
2379 2180 2507 2219 nam
2531 2162 2716 2217 omnia
2746 2161 2897 2216 illius
2919 2160 3165 2215 obtinere
3192 2172 3301 2210 non
3337 2154 3546 2209 deside~

1954 2271 2162 2323 rarent,
2195 2260 2300 2315 nisi
2330 2257 2546 2313 cunctis
2576 2254 2817 2324 seipsum
2845 2251 3108 2322 praeberet
3133 2266 3147 2303 :
3173 2262 3373 2303 vanum
3403 2246 3548 2299 enim

1955 2372 2080 2413 esse
2112 2352 2444 2410 desiderium
2475 2349 2608 2404 illud
2656 2344 3201 2406 eommunissimum,
3243 2356 3372 2395 num
3412 2339 3542 2393 reri-

1959 2448 2139 2505 simile
2168 2445 2292 2501 est?
2315 2443 2467 2499 Unde
2490 2441 2631 2509 frugi
2657 2439 2932 2493 hominem
2951 2437 3095 2489 sicut
3119 2435 3220 2491 sibi
3248 2434 3373 2504 ipsi,
3395 2434 3473 2487 sic
3499 2442 3553 2485 et

1959 2540 2214 2595 omnibus
2245 2552 2304 2590 se
2337 2533 2599 2603 praebere,
2652 2529 2907 2583 bonitatis
2956 2528 3098 2581 ratio
3144 2524 3405 2593 rce-poscit.
3453 2537 3553 2576 nec

1960 2649 2067 2688 non
2102 2631 2309 2693 dolere,
2340 2627 2533 2686 lmtari.
2562 2625 2838 2694 aliamque
2869 2620 3172 2690 quamlibet
3203 2616 3549 2672 affectionem

1958 2723 2026 2778 ad
2061 2737 2149 2776 res
2174 2720 2406 2774 aliorum
2449 2732 2556 2771 non
2603 2716 2788 2769 minus
2830 2722 2996 2781 atque
3029 2711 3095 2763 ad
3129 2724 3261 2763 suas
3291 2706 3551 2777 experiri.

1958 2814 2195 2867 Aliunde
2235 2810 2325 2865 Dei
2384 2809 2644 2878 pliiltrum
2702 2820 2957 2875 magnam
3000 2802 3077 2856 illi
3120 2799 3363 2870 suggerit
3414 2798 3553 2851 laeti-

1961 2908 2129 2961 tiam:
2162 2920 2270 2958 non
2311 2904 2458 2958 enim
2506 2900 2706 2953 dilecto
2737 2906 2974 2961 tantum,
3007 2894 3100 2949 sed
3131 2894 3294 2947 etiam
3350 2890 3555 2960 quibus

1962 2996 2082 3066 ipse
2114 2992 2336 3064 gaudet,
2370 2989 2720 3060 congaudere
2752 2991 2975 3041 neCesse
3008 2992 3091 3040 est
3122 2984 3383 3037 amicum.

271 3088 404 3141 Θεοῦ
437 3067 891 3162 φίλτρονγταύτην
947 3092 1112 3145 αὐτὸν
1141 3092 1438 3161 ἐργάζεται
1483 3091 1582 3161 τὴν
1644 3095 1859 3162 χαράνο
1937 3090 2000 3144 ού
2038 3090 2147 3160 γὰρ
2218 3087 2367 3157 αύτῷ
2409 3094 2485 3155 τῷ
2543 3082 2855 3154 φιλουμένῳ
2902 3080 3085 3150 μόνον,
3146 3076 3286 3131 ἀλλὰ
3333 3074 3430 3128 καὶ
3473 3067 3558 3135 οἷς

268 3188 426 3251 αὐτὸς
454 3191 660 3260 χαίρει,
687 3192 899 3260 χαίρειν
930 3190 1142 3259 ἀνάγκη
1177 3191 1269 3242 τὸν
1301 3190 1562 3260 ἐραστήν.

346 3256 596 3353 ’11κνομεν
622 3256 799 3336 Gesn;
826 3282 996 3353 αὐτὴν
1160 3256 1507 3353 τελεωτάτην
1558 3282 1656 3337 καὶ
1686 3282 1854 3336 καθα-

2033 3274 2300 3330 Venimus
2325 3270 2438 3340 iam
2469 3269 2537 3323 ad
2585 3261 3043 3337 perfectissimam
3081 3273 3147 3313 ac
3178 3273 3370 3328 puram
3404 3256 3560 3310 volu-

282 3374 374 3439 ράν
395 3375 613 3444 ἡδονήν.
661 3375 815 3427 Ἐπεὶ
835 3375 948 3445 γάρ
986 3374 1078 3428 τὸν
1112 3374 1245 3429 Θεὸν
1299 3375 1445 3443 φιλεῖ
1474 3373 1582 3445 πρδ
1631 3372 1851 3427 πάντων

280 3465 306 3515 ὁ
353 3463 459 3527 ζῶν
521 3466 579 3516 ὲν
617 3463 767 3533 αύτῷ
810 3466 908 3518 καὶ
948 3465 1130 3535 χαίρει
1183 3464 1283 3536 τὴν
1315 3464 1613 3518 ἀκόλουθον
1652 3464 1853 3534 τοσῷδε

274 3556 482 3626 φίλτρῳ
513 3557 710 3626 χαράν,
740 3556 943 3625 μᾶλλον
985 3557 1042 3609 δὲ
1076 3557 1478 3629 ἀκριϐέστερον
1506 3555 1574 3610 ἂν
1605 3557 1691 3625 είη
1721 3555 1857 3608 θεω-

274 3648 471 3731 ρητέον
500 3649 689 3719 αὐτὴν,
736 3648 901 3720 ἡλίκη
956 3650 1041 3711 τίς
1076 3652 1192 3702 ἐστι
1227 3651 1324 3703 καὶ
1374 3649 1521 3710 ὅπως
1577 3647 1691 3718 ἔχει
1731 3665 1858 3701 σκο-

272 3741 537 3806 ποῦντας.
564 3743 795 3813 Πρῶτον
828 3743 930 3810 μὲν
961 3746 1067 3813 γὰρ
1094 3744 1192 3813 οὐχ
1220 3742 1413 3795 ἑαυτὸν
1446 3742 1627 3795 αἰτίαν
1688 3743 1860 3793 ποιεῖ-

272 3853 365 3889 ται
408 3835 507 3904 τῆς
553 3836 641 3888 ἐπ’
673 3836 865 3907 ἐκείνῳ
915 3838 1112 3907 χαρᾶς,
1142 3836 1250 3889 οὐδ’
1293 3834 1424 3906 ἡδύς
1470 3838 1625 3905 ἐστιν
1670 3836 1698 3887 ὁ
1727 3834 1859 3896 Θεὸς

275 3928 445 3999 αὐτῷ,
484 3930 565 3981 ὅτι
596 3928 747 3999 αύτῷ
782 3931 929 3982 ἐστιν
958 3927 1184 3996 ἀγαθός.
1221 3928 1263 3979 Τ
1266 3928 1395 3980 οῦτο
1443 3926 1553 3996 γάρ
1611 3929 1767 3979 ἐστιν
1795 3926 1856 3978 ού

274 4020 367 4075 τὸν
414 4023 550 4074 Θεδν
580 4021 744 4074 αὐτὸν
771 4020 989 4091 ἀληθῶς
1026 4019 1309 4089 φιλοῦντος
1336 4019 1431 4072 καὶ
1490 4017 1687 4071 ἑαυτὸν
1722 4017 1861 4087 μάλ-

277 4116 367 4168 λον
402 4115 704 4184 φιλοῦντος,
739 4115 832 4167 καὶ
880 4114 1017 4184 πρὸς
1069 4113 1260 4166 ἑαυτὸν
1326 4112 1384 4164 ὲν
1431 4105 1514 4172 οἷς
1590 4108 1864 4162 ποιεῖσθαι

277 4208 532 4278 καθάπερ
565 4208 714 4270 τέλος
739 4207 997 4274 ὁρῶντος.
1035 4205 1147 4260 Ποῦ
1183 4206 1240 4258 δὲ
1280 4202 1621 4273 εὐγνώμονος
1646 4194 1860 4272 ἀνδρὸς,

283 4300 358 4370 μὴ
385 4301 559 4370 φιλεῖν
596 4299 761 4353 αὐτὸν
795 4298 1001 4368 κυρίως
1031 4299 1125 4350 τὸν
1154 4296 1453 4366 εὐεργέτην
1480 4311 1495 4361 ;
1528 4294 1632 4348 ποῦ
1680 4294 1737 4347 δὲ
1785 4293 1861 4346 δι-

281 4395 458 4459 καίου,
499 4393 578 4461 τῷ
610 4392 857 4462 μεγίστῳ
906 4390 1015 4443 τῶν
1082 4388 1291 4455 ἐφετῶν
1340 4390 1439 4456 τῆς
1497 4386 1715 4455 ἀγάπης
1766 4385 1863 4454 τὴν

280 4485 490 4538 ἐλάττω
518 4484 704 4554 νέμειν
756 4484 994 4554 μερίδας
1032 4480 1136 4534 ποῦ
1177 4482 1232 4535 δὲ
1261 4479 1457 4549 σοφοῦ,
1492 4479 1587 4531 τοῦ
1624 4479 1862 4549 ἐσχάτου
1904 4486 1905 4489 “

280 4576 469 4639 τέλους
496 4577 626 4630 ἄλλο
683 4593 738 4628 τι
800 4575 1113 4646 περαιτέρω
1157 4574 1405 4637 τιθέναι;
1446 4571 1606 4624 Ἐπεὶ
1657 4571 1713 4624 δὲ
1767 4570 1863 4624 καὶ

1960 3377 2191 3443 ptatem.
2221 3364 2358 3420 Cum
2410 3362 2555 3417 enim
2606 3359 2777 3413 Deum
2829 3370 2941 3426 prae
3001 3350 3219 3407 cunctis
3268 3346 3448 3417 diligit
3498 3347 3552 3398 in

1956 3466 2080 3531 ipso
2126 3460 2339 3521 vivens,
2375 3464 2428 3511 et
2463 3452 2723 3525 gaudium
2760 3449 2889 3505 huic
2935 3444 3109 3500 amori
3149 3447 3552 3508 consequenter

1958 3568 2231 3612 annexum
2307 3548 2512 3612 sentit,
2577 3543 2774 3613 majori
2804 3538 3086 3608 diligentia
3155 3531 3552 3589 consideranda

1961 3656 2047 3705 est
2093 3647 2215 3717 ejus
2285 3652 2483 3695 natura
2558 3645 2612 3691 et
2700 3633 2972 3688 connexio
3035 3629 3102 3683 ad
3168 3625 3551 3697 philosophos.

1959 3742 2146 3795 Primo
2178 3735 2322 3789 enim
2362 3747 2471 3786 non
2506 3730 2749 3798 seipsum
2805 3723 2961 3794 ponit
2995 3721 3215 3782 lauitiae,
3245 3731 3407 3785 quam
3454 3717 3554 3769 ha-

1960 3834 2053 3889 bet
2091 3831 2145 3884 in
2180 3829 2296 3893 illo,
2325 3838 2575 3884 causam,
2613 3835 2714 3874 nec
2744 3818 2847 3888 ipsi
2905 3815 3050 3869 Deus
3113 3822 3197 3867 est
3240 3812 3551 3881 iucundus,

1959 3922 2219 3993 quoniam
2274 3926 2359 3973 est
2409 3915 2511 3984 ipsi
2565 3915 2762 3965 bonus.
2821 3906 2938 3961 Hoc
2974 3906 3121 3961 enim
3157 3919 3267 3956 non
3310 3909 3392 3955 est
3429 3916 3553 3954 vere

1960 4015 2237 4083 diligentis
2291 4008 2483 4071 Deum,
2531 4004 2625 4058 sed
2679 4000 2860 4071 pctius
2911 3999 3151 4065 seipsum
3196 3996 3455 4059 amantis,
3501 3999 3556 4046 ει

1963 4120 2155 4161 omnes
2179 4102 2424 4155 actiones
2448 4096 2593 4152 adse
2610 4106 2867 4161 tanquam
2896 4088 3053 4141 finem
3084 4085 3396 4141 referentis.
3421 4083 3557 4148 Quis

1963 4207 2143 4252 autem
2177 4196 2340 4248 homo
2370 4190 2506 4244 bene
2539 4197 2781 4240 moratus
2839 4197 3115 4237 summum
3151 4178 3554 4233 benefactoreni

1965 4306 2073 4345 non
2132 4286 2320 4341 amet?
2354 4283 2488 4351 Quis
2548 4281 2756 4351 justus,
2810 4276 3051 4330 maximo
3093 4272 3220 4326 duei
3285 4272 3555 4325 minorem

1964 4378 2249 4437 eharitatis
2296 4376 2499 4431 tribuat
2543 4368 2787 4442 partem?
2812 4366 2947 4433 Quis
2970 4364 3190 4435 sapiens
3221 4363 3363 4416 aliud
3401 4363 3559 4431 quid-

1967 4473 2092 4527 dam
2140 4471 2193 4525 iu
2244 4469 2438 4523 ultimo
2471 4458 2577 4519 fine
2634 4462 2834 4532 ponat?
2856 4458 3129 4525 Quoniam
3163 4466 3343 4510 autem
3378 4456 3557 4522 ipsum

1969 4564 2319 4633 prudentem,
2359 4559 2568 4628 justum
2604 4555 2995 4621 ct‘sapientem
3039 4565 3160 4603 esse
3187 4563 3402 4617 aequum
3451 4556 3557 4609 est,

279 4671 602 4740 εὐγνώμονα
636 4669 801 4723 αὑτὸν
829 4669 976 4732 εἰκὸς
1003 4663 1143 4721 εἶναι
1181 4668 1275 4719 καὶ
1302 4666 1510 4719 δίκαιον
1546 4665 1637 4717 καὶ
1677 4663 1854 4731 σοφὸν¹

1973 4669 2197 4709 necesse
2220 4659 2304 4705 est
2340 4658 2394 4704 ul
2425 4648 2611 4717 diligat
2645 4646 2813 4699 Deum
2843 4643 2976 4696 etin
3029 4641 3288 4708 majorem
3334 4639 3557 4692 modum

281 4765 499 4831 ἀνάγκη
529 4763 623 4814 καὶ
655 4763 832 4828 φιλεῖν
859 4761 950 4812 τὸν
993 4760 1147 4824 Θεὸν,
1187 4759 1281 4810 καὶ
1335 4756 1548 4826 χαίρειν
1582 4754 1732 4823 αὑτῴ
1773 4759 1864 4807 τ’,ν

279 4857 505 4923 ἄριστον
527 4855 754 4923 τρόπον,
798 4853 988 4906 ἔπειτα
1023 4850 1221 4919 συνεχῆ
1254 4848 1346 4902 καὶ
1380 4845 1605 4915 βεὸαίαν
1633 4843 1736 4915 τὴν
1764 4863 1866 4915 χα-

284 4949 413 5017 ρὰν,
440 4948 521 4999 ἔτι
546 4947 604 5000 δὲ
636 4947 730 4999 καὶ
753 4946 1015 5015 ὑπερφυᾶ
1069 4959 1193 4995 τινα
1246 4943 1342 4993 καὶ
1370 4938 1689 5008 θαυμαστὴν
1741 4937 1869 4989 ἀκά-

282 5042 475 5092 λουθον
505 5036 667 5093 εἷναι.
701 5038 908 5106 Συνεχῆ
955 5035 1182 5104 piamen
1225 5034 1339 5095 τοῖς
1392 5028 1486 5082 τοῦ
1528 5028 1865 5098 ποθουμένου

284 5133 540 5186 σύνεστιν
571 5132 856 5191 ἑκάστοτε,
897 5131 993 5181 καὶ
1026 5123 1105 5187 οἷς
1135 5125 1457 5194 ἐντυγχάνει
1491 5123 1584 5176 τὸν
1614 5123 1700 5175 ἀεῇ¹
1740 5122 1867 5191 χρόα

284 5235 398 5281 νον,
428 5218 523 5270 καὶ
550 5215 585 5269 ἃ
617 5216 695 5283 τῷ
727 5213 943 5284 σώματι
975 5211 1197 5282 χρῆται,
1240 5211 1332 5260 καὶ
1371 5207 1407 5259 ὃ.
1439 5204 1736 5274 λογίζεται,
1772 5206 1867 5258 καὶ

284 5310 357 5364 δι’
380 5306 453 5363 ὧν
495 5311 792 5379 ύφὲςτηκε,
825 5308 921 5359 καὶ
950 5303 1029 5367 οἷς
1065 5302 1130 5374 ζῇ
1163 5301 1252 5355 καὶ
1309 5300 1555 5369 περίεστι
1591 5298 1685 5350 καὶ
1714 5300 1862 5366 ἐνερ⁶

285 5408 395 5474 γεῖ,
437 5405 529 5458 καὶ
564 5401 817 5455 ὁπωσοῦν
858 5399 971 5470 ἔχει
1015 5398 1108 5449 καὶ
1143 5394 1383 5463 γίνεται·
1423 5390 1600 5444 πάντα
1643 5389 1740 5459 μὲν
1789 5386 1868 5443 οἷ-

289 5500 380 5550 δεν
410 5497 546 5566 ἔργα
579 5494 738 5553 Θεοῦ,
770 5493 949 5546 πάντα
971 5490 1025 5543 δὲ
1062 5488 1212 5558 αὐτῷ
1259 5488 1480 5556 συνεχῆ,
1512 5484 1634 5536 ὅθεν
1691 5483 1870 5536 πάντα

296 5590 399 5659 μὲν
436 5587 709 5657 αὐτῷτὴν
739 5586 953 5637 ἐκείνου
1008 5581 1269 5649 συντηρεί
1317 5579 1561 5649 μνήμην,
1604 5574 1781 5628 πάντα
1812 5575 1869 5627 δὲ

289 5684 357 5735 τὸ
385 5682 611 5751 φίλτρον
650 5678 920 5732 ἄσϐεστον
978 5673 1259 5743 φυλάττει,
1311 5670 1483 5723 πάντα
1539 5667 1598 5719 δὲ
1658 5667 1869 5735 τέρπει,

294 5774 393 5829 καὶ
423 5773 547 5825 οῦτε
586 5770 750 5832 αὐτὸς
777 5767 843 5821 ἂν
867 5768 1061 5820 ἑαυτὸν
1105 5762 1388 5828 ἀπολίποι,
1430 5758 1558 5813 οὐδὲ
1614 5756 1872 5810 παύσαιτ’

1972 4750 2039 4803 de
2071 4750 2186 4816 ipso
2208 4746 2463 4814 gaudeat,
2489 4739 2686 4794 deinde
2713 4736 3032 4791 continuam
3068 4733 3409 4800 solidamque
3434 4745 3559 4785 esse

1976 4839 2240 4901 laititiam,
2262 4848 2494 4903 eantque
2530 4828 2829 4899 quamdam
2862 4824 3337 4893 supernaturalein
3361 4839 3426 4878 ac
3453 4825 3555 4878 mi-

1977 4948 2091 4987 ram
2121 4944 2244 4984 es.~e
2283 4932 2704 4994 consequenter.
2739 4919 3012 4975 Continua
3051 4916 3275 4986 quidem
3310 4930 3432 4970 esse
3464 4918 3530 4969 de

1976 5025 2086 5085 bet,
2131 5020 2386 5090 quoniam
2428 5030 2643 5083 semper
2676 5012 2840 5065 rebus
2893 5007 3079 5061 dilecti
3114 5006 3390 5072 "couvivit,
3442 5008 3561 5061 sive

1974 5112 2175 5181 quibus
2204 5111 2542 5163 inces:anter
2574 5121 2654 5158 ορ(
2676 5102 2834 5166 uriit,
2867 5101 2982 5152 sive
3011 5098 3213 5167 quibus
3240 5098 3411 5151 utitur
3435 5111 3553 5150 eor-

1976 5220 2130 5272 pore,
2177 5204 2293 5257 sive
2337 5216 2458 5269 qua:
2512 5197 2792 5264 recrisitat,
2838 5192 2953 5246 sive
3021 5191 3221 5259 quibus
3284 5190 3559 5254 COﬂSiSlil,

1976 5297 2089 5350 sire
2130 5295 2331 5363 quibus
2358 5292 2506 5353 vivit,
2540 5295 2811 5351 superest,
2845 5299 2895 5339 et
2927 5284 3132 5353 aliquid
3155 5282 3314 5343 valet,
3350 5288 3404 5334 et
3426 5298 3563 5349 quo~

1978 5402 2087 5455 quo
2123 5385 2282 5437 modo
2323 5399 2446 5437 sese
2488 5390 2666 5433 movet
2699 5390 2752 5431 et
2800 5377 2933 5445 agit.
2969 5373 3092 5427 llaec
3128 5373 3311 5426 omnia
3339 5372 3558 5438 quidem

1966 5494 2126 5546 Opera
2153 5476 2241 5529 Dei
2272 5476 2441 5536 novit,
2474 5475 2567 5527 sed
2594 5472 2697 5543 ipsi
2717 5480 2847 5526 sunt
2872 5469 3153 5529 continua;
3181 5463 3363 5517 omnia
3392 5463 3562 5531 igitur

1967 5570 2070 5640 ipsi
2104 5568 2424 5621 memoriam
2463 5566 2608 5620 illius
2642 5570 2926 5634 praestant,
2973 5566 3172 5612 cuneta
3209 5554 3559 5609 dilectionem

1972 5662 2477 5732 iuexstiuguibilem
2514 5667 2754 5721 servant,
2807 5662 3005 5710 cuncta
3036 5648 3335 5712 lzetiﬁcant;
3380 5657 3435 5701 et
3468 5665 3563 5701 ne-

1973 5772 2080 5826 que
2116 5755 2466 5824 semetipsum
2534 5754 2650 5821 ipse
2717 5750 3117 5819 derelinqueret
3148 5788 3162 5814 ,
3212 5759 3385 5815 neque
3436 5760 3560 5795 ces-

292 5870 365 5922 ἂν
402 5864 581 5933 ἑαυτῷ
612 5862 806 5925 συνὼν,
846 5859 969 5913 οὔτε
1002 5856 1101 5928 τὴν
1147 5855 1326 5927 χαρὰν
1360 5852 1566 5922 ταύτην
1607 5848 1854 5919 διακοπῆς

1975 5857 2123 5906 saret
2162 5864 2283 5904 esse
2328 5849 2432 5905 sibi
2483 5849 2761 5913 conscius,
2789 5859 2965 5914 neque
3003 5843 3119 5899 fieri
3158 5850 3339 5914 potest
3367 5848 3424 5893 ut
3448 5839 3560 5890 luce

2001 6124 2032 6143 4
