4036 6468
381 407 491 472 709
559 425 564 430 ’
1413 423 1510 481 DE
1544 419 1723 481 VITA
1757 419 1834 477 IN
1876 417 2215 477 (ΞΗΙίιὸΤο
2250 419 2390 477 LIB.
2424 419 2562 478 Vll.
3529 421 3632 486 710

383 529 478 582 καὶ
507 529 610 598 τῆς
641 529 740 600 μὲν
772 530 959 593 πενίας
999 518 1413 587 ἐπιλανθάνεται
1451 533 1550 604 τῆς
1603 529 1791 592 αὑτοῦ,
1824 530 1944 598 πρὸς

2067 526 2277 582 oblitus
2343 527 2702 598 paupertatis,
2742 528 2810 583 ad
2847 528 2980 584 istas
3032 529 3211 586 inhiat
3244 530 3490 613 divitias;
3519 534 3634 591 ler-

384 620 439 672 δέ
467 620 561 671 τὸν
596 620 825 673 πλοῦτον
856 622 1088 692 κέχηνεν
1118 623 1348 685 ἐκεῖνον,
1383 624 1477 676 καὶ
1504 622 1603 692 τὴν
1631 624 1728 691 μὲν
1760 622 1835 684 ὡς
1864 623 1944 674 ἀλ-

2060 628 2248 674 tuuam
2277 627 2334 673 ut
2357 629 2670 674 extraneam
2699 620 2864 685 videt,
2901 622 3052 676 illum
3074 633 3254 678 autem
3281 633 3340 680 ut
3361 628 3633 696 propriam

381 709 596 779 λοτρίαν
621 710 723 778 ὁρᾷ
755 708 946 780 τύχην,
976 712 1067 764 τὸν
1093 711 1149 765 δὲ
1173 711 1246 774 ὡς
1268 713 1468 764 οἰκεῖον
1497 712 1714 782 ἡγεῖται
1742 712 1951 781 κτῆμαο

383 801 443 852 οὑ
484 799 552 852 δι’
589 801 805 871 ἐκείνην
853 802 1074 873 ἐνόμισε
1125 803 1432 872 δυστυχεῖν,
1465 803 1601 856 ἀλλὰ
1647 803 1733 856 διὰ
1762 804 1955 856 τοῦτον

383 890 636 945 πλούσιον
668 893 809 960 ἔγνω
835 895 929 947 καλ⁸
968 897 1240 966 μακάριον
1288 896 1502 948 ἑαυτόν.
1567 895 1634 948 Ἦ
1697 896 1808 966 γάρ
1855 897 1954 965 τῆς

383 983 602 1052 ἀγάπης
628 983 859 1052 δύναμις
891 988 1002 1047 τοῖς
1049 987 1250 1056 ἐρῶσιν
1302 988 1481 1040 οίκεϊα
1517 986 1587 1040 τὰ
1619 985 1729 1039 τῶν
1771 988 1956 1054 φιλου-

386 1075 562 1142 μένων
582 1070 689 1128 οἶδε
722 1079 892 1130 ποιεῖν
912 1093 927 1109 ·
954 1078 1080 1130 ἐπεὶ
1099 1078 1156 1131 δὲ
1187 1080 1220 1149 ἡ
1254 1079 1353 1148 τῆς
1393 1079 1667 1149 θελήσεως
1714 1082 1809 1132 καὶ
1854 1082 1954 1149 τῆς

384 1165 680 1234 ἐπιθυμίας
710 1165 943 1237 δύναμις
971 1171 1083 1232 τοῖς
1131 1170 1310 1237 ἁγίοις
1333 1171 1412 1233 είς
1437 1171 1528 1223 τὸν
1579 1169 1710 1224 Θεὸν
1741 1170 1956 1224 ἀνάλω-

381 1275 471 1308 ται
506 1260 674 1320 πᾶσα,
714 1259 872 1328 μόνον
903 1263 1109 1314 ἐκεῖνον
1163 1262 1368 1330 ἀγαθὸν
1417 1264 1619 1316 οἰκεῖον
1665 1261 1952 1332 ἡγοῦνται·

382 1350 477 1403 καὶ
505 1349 629 1403 οὔτε
665 1349 823 1421 σῶμα
862 1353 1059 1416 αὐτοὺς
1102 1352 1327 1407 δύναται
1369 1355 1592 1424 τέρπειν
1639 1353 1762 1407 οὔτε
1805 1354 1954 1425 ψυχὴ

380 1441 504 1493 οὔτε
541 1441 607 1493 τά
636 1442 736 1510 τῆς
759 1442 941 1512 ψυχῆς
1004 1444 1324 1512 ἀγαθὰ,οὐκ
1353 1445 1482 1498 ἄλλο
1529 1462 1583 1497 τι
1633 1444 1742 1497 τῶν
1793 1445 1952 1513 φύσει

384 1530 662 1596 συγγενῶν
688 1532 782 1584 καὶ
811 1533 1048 1600 οίκείων,
1093 1534 1403 1587 ὅτιτούτων
1431 1535 1584 1588 οὐδὲν
1610 1536 1792 1598 αὐτοῖς
1835 1538 1953 1589 ἐστι

382 1621 449 1674 δι’
507 1624 670 1676 ἑαυτὸ
728 1625 986 1695 φιλητόν·
1037 1627 1151 1680 ἀλλ’
1198 1628 1273 1691 ὡς
1328 1627 1395 1680 ἂν
1449 1628 1706 1693 καθάπαξ
1744 1629 1954 1683 ἑαυτῶν

385 1715 762 1784 ἐξεληλυθότες
796 1721 890 1772 καὶ
921 1721 1342 1789 μετενεγκόντες
1390 1722 1618 1792 ἑτέρωθι
1668 1722 1767 1793 τὴν
1806 1723 1952 1794 ζωὴν

379 1810 474 1859 καὶ
501 1809 599 1876 τὴν
635 1809 937 1881 ἐπιθυμίαν
989 1812 1211 1866 ἃπασαν
1237 1815 1462 1875 ἑαυτοὺς
1505 1813 1804 1886 ἠγνόησαν.
1839 1816 1952 1868 Καὶ

2070 708 2484 779 possessionem
2515 709 2847 764 considerat.
2874 709 2992 764 Non
3027 727 3122 778 per
3153 712 3296 766 illam
3341 730 3402 769 se
3433 717 3642 784 putavit

2060 801 2347 866 miserum,
2374 801 2465 857 sed
2490 815 2585 869 per
2609 802 2756 855 hunc
2780 817 2902 856 sese
2923 802 3144 856 divitem
3161 804 3311 858 navit
3328 807 3637 864 etbeatum.

2060 890 2272 945 Etenim
2321 891 2604 947 charitatis
2647 901 2886 960 potestas
2942 894 3008 948 de
3059 896 3291 964 propriis
3337 902 3638 954 amantium

2060 984 2162 1039 sci:
2192 982 2337 1038 bona
2364 983 2547 1039 facere
2573 984 2896 1040 dilectorem
2925 1001 3085 1040 :cum
3116 1000 3298 1040 autem
3339 990 3639 1046 voluntatis

2057 1084 2113 1130 et
2146 1075 2402 1128 desiderii
2454 1077 2693 1144 potentia
2727 1093 2785 1131 se
2829 1066 2996 1131 totam
3045 1079 3110 1132 ad
3144 1078 3314 1133 Deum
3349 1080 3400 1132 in
3433 1083 3642 1138 sanctis

2059 1167 2423 1235 consumpsit,
2477 1167 2623 1222 hunc
2647 1167 2825 1221 solum
2874 1169 3154 1238 proprium
3211 1171 3488 1226 aestimant
3543 1173 3644 1226 ho-

2060 1273 2212 1324 num,
2242 1267 2296 1314 et
2329 1274 2506 1329 neque
2534 1274 2754 1328 corpus,
2791 1277 2966 1330 neque
2989 1263 3195 1329 anima,
3234 1280 3411 1334 neque
3439 1267 3640 1320 animae

2060 1351 2224 1415 bona,
2259 1366 2361 1406 nec
2393 1351 2540 1405 aliud
2573 1353 2703 1422 quid
2733 1370 2796 1407 ex
2832 1363 3038 1408 naturae
3073 1357 3394 1426 prepinquis
3423 1368 3478 1412 et
3517 1375 3642 1428 pro-

2057 1444 2193 1513 priis
2240 1445 2387 1514 ipsos
2421 1445 2697 1500 lmtiﬁcare
2724 1458 2919 1516 petest,
2947 1449 3074 1517 quia
3123 1450 3259 1505 nihil
3290 1451 3524 1505 istorum
3555 1461 3639 1507 est

2056 1551 2155 1605 per
2189 1552 2248 1592 se
2284 1537 2617 1608 diligendum
2654 1556 2667 1592 τ
2698 1541 2792 1594 sed
2847 1550 3104 1609 tanquam
3137 1543 3304 1598 semel
3327 1560 3405 1599 ex
3437 1556 3636 1600 semet-

2058 1625 2194 1694 ipsis
2251 1626 2516 1682 exiissent
2547 1636 2602 1681 et
2635 1628 2744 1684 alio
2787 1629 2950 1682 vitam
3001 1645 3273 1694 omneque
3307 1632 3635 1689 desiderium

2056 1717 2494 1785 transtulissent,
2525 1734 2646 1775 sese
2680 1720 3095 1789 ignoraverunt.
3154 1723 3220 1778 Et
3264 1739 3374 1778 non
3408 1734 3494 1780 est
3530 1727 3638 1781 mi-

2060 1824 2204 1864 rum:
2232 1811 2518 1866 hominum
2545 1813 2691 1867 enim
2724 1828 2878 1869 amor
2907 1814 3126 1870 divitias
3156 1824 3210 1870 et
3247 1831 3476 1886 corpora
3509 1833 3639 1871 con-

378 1901 532 1953 οὐδὲν
610 1902 883 1956 ἄπιστον·
935 1905 962 1958 ὁ
991 1905 1090 1973 μὲν
1137 1905 1247 1976 γὰρ
1305 1907 1414 1958 τῶν
1463 1885 1768 1977 ἀνθρώπων
1809 1906 1944 1978 ἔρως

2057 1909 2298 1958 temnere
2329 1903 2541 1967 suadet,
2575 1907 2900 1975 videresque
2939 1907 3150 1975 perdite
3177 1885 3426 1964 amantes
3461 1927 3637 1978 neque
3715 1941 3726 1946 -

379 1996 678 2064 χρημάτων
711 2000 805 2049 καὶ
856 2001 1129 2067 σωμάτων
1175 1999 1354 2052 πείθει
1419 2003 1808 2070 καταφρονεῖν,
1861 2003 1944 2055 καλ

2058 1992 2104 2046 si
2132 1994 2370 2058 valeant,
2425 1995 2630 2050 sentire
2663 1996 3054 2063 valetudinem,
3089 2012 3215 2052 cum
3263 1999 3472 2058 amicos
3494 2002 3636 2056 male

381 2087 513 2151 ῐδοις
545 2089 610 2142 ἂν
631 2089 760 2153 τοὺς
793 2092 1039 2160 μανικῶς
1067 2091 1354 2161 φιλοῦντας
1385 2091 1498 2145 οὔτ’
1547 2093 1614 2146 ἂν
1662 2093 1952 2161 εὐεκτῶσι,

379 2181 478 2248 τῆς
509 2181 698 2250 ὑγείας
749 2185 1196 2253 αἰσθανομένους,
1235 2185 1457 2238 ἐπειδὰν
1503 2188 1688 2256 χεῖρον
1729 2186 1952 2256 ἔχοντας

376 2269 551 2340 ταύτῃ
602 2271 730 2333 τοὺς
789 2273 1128 2342 ἐπιτηδείους
1173 2274 1400 2345 ὁρῶσιν,
1457 2274 1583 2328 οὔτε
1655 2265 1950 2342 νοσοῦντας

377 2361 514 2430 πρὸς
548 2363 651 2434 τὴν
679 2365 990 2435 ἀρρωστίαν
1037 2366 1564 2437 ἐπιστρεφομένους,
1598 2367 1667 2422 ἂν
1713 2369 1943 2433 ἐκείνοις

373 2452 598 2520 ἄμεινον
627 2451 724 2524 ἔχῃ
755 2455 822 2507 τὰ
877 2455 1107 2525 σώματα
1132 2470 1147 2486 ·
1181 2457 1276 2510 καὶ
1331 2456 1521 2510 πολλοὶ
1569 2459 1683 2522 τοῖς
1728 2459 1944 2530 ἐρωμέ-

373 2556 487 2601 νοις
516 2542 822 2610 ἀμύνοντες
853 2545 1024 2614 ὴδέως
1056 2544 1425 2616 ἀπέθνησκον,
1454 2547 1702 2618 ἑλόμενοι
1725 2549 1795 2603 τὰ
1838 2549 1945 2602 σώο

2053 2085 2241 2139 vident
2269 2086 2514 2150 alieetos,
2549 2103 2752 2158 neque,
2806 2087 2854 2143 si
2908 2089 3224 2158 langueant.
3254 2091 3630 2160 a-gt‘itudiuem

2051 2177 2508 2245 animadvertere,
2523 2195 2647 2234 cum
2663 2181 2803 2236 bene
2818 2180 2920 2248 ipsi
2942 2181 3174 2244 valeant,
3192 2182 3481 2251 pluresque
3497 2185 3636 2238 ami-

2053 2271 2132 2324 cis
2159 2281 2548 2327 succurrentes
2575 2273 2808 2327 libenter
2828 2273 3173 2339 interierunt,
3190 2289 3418 2344 corpora
3454 2276 3634 2342 potius

2058 2365 2276 2432 tradere
2325 2365 2755 2430 consentientes,
2787 2381 2951 2435 quam
2987 2367 3107 2422 illos
3139 2367 3321 2421 videre
3361 2367 3633 2423 dilatet-ao

2052 2466 2156 2512 tos.
2189 2457 2358 2511 Amor
2389 2467 2568 2512 autem
2598 2471 2726 2526 erga
2757 2456 2922 2512 Deum
2949 2459 3232 2515 hominum
3264 2475 3451 2516 amore
3485 2471 3634 2516 tanto

2049 2558 2297 2620 praestat,
2337 2559 2544 2618 quanto
2573 2549 2750 2618 major
2777 2546 3147 2606 est'distantia
3175 2552 3522 2608 dilectarum.

379 2651 523 2704 ματα
568 2636 858 2706 προδοῦναι
911 2639 1172 2711 μᾶλλονῆ
1222 2643 1741 2713 κατακοπτομένους
1789 2645 2032 2708 ἐκείνους
2065 2645 2218 2705 ἰδεῖν.
2266 2644 2328 2699 '0
2386 2645 2444 2698 δὲ
2485 2644 2623 2714 πρὸς
2669 2645 2806 2699 Θεὸν
2867 2645 3008 2715 ἔρως
3070 2646 3327 2702 τοσοῦτον
3367 2647 3460 2701 τοῦ
3525 2645 3634 2701 τῶν

372 2731 676 2801 ἀνθρώπων
706 2733 908 2805 ἔρωτος
943 2734 1165 2806 μείζων,
1197 2737 1416 2808 ὅσῳπερ
1453 2737 1564 2791 τῶν
1597 2737 1939 2808 φιλουμένων
1977 2741 2040 2793 τὸ
2071 2741 2262 2812 μέσον.

445 2829 511 2879 Τί
543 2827 636 2882 οὖν
667 2829 981 2894 ὑπόλοιπον,
1025 2831 1054 2884 ὃ
1090 2832 1159 2886 δι’
1186 2833 1351 2886 αὑτὸν
1398 2831 1784 2901 ἁναλὼσομεν,
1892 2835 1946 2886 τί

378 2922 560 2990 μεῖζον
598 2923 794 2992 ἐκείνῳ
815 2923 1084 2993 δώσομεν,
1112 2924 1160 2977 εί
1191 2924 1265 2995 μὴ
1289 2924 1380 2978 καὶ
1407 2923 1588 2995 ψυχῆς
1607 2924 1778 2994 αὐτῆς
1800 2925 1828 2977 ὁ
1853 2943 1950 2979 κα-

372 3015 660 3085 τασχεθεὶς
686 3015 967 3087 ὑπερίδοις
1004 3017 1246 3088 Περιορᾷ
1283 3017 1461 3088 δὲτὴν
1491 3017 1673 3088 ψυχὴν
1727 3017 1946 3088 ἀληθῶς

372 3105 470 3175 οὐχ
515 3106 544 3158 ό
572 3105 634 3158 τὸ
670 3105 828 3176 σῶμα
858 3107 1207 3173 ἀποκτείνας,
1235 3107 1351 3162 ἀλλ’
1395 3109 1454 3172 ὃς
1484 3110 1658 3180 αὐτὴν
1719 3111 1942 3181 ἐκείνην

2121 2837 2264 2904 Quid
2300 2851 2428 2907 ergo
2461 2845 2728 2907 superest,
2767 2836 2910 2906 quod
2948 2843 3170 2905 propter
3205 2835 3382 2905 ipsum
3420 2851 3630 2890 consu-

2049 2945 2289 2992 mamus.
2321 2939 2417 2984 aut
2452 2929 2583 2998 quid
2621 2927 2796 2997 maius
2821 2929 2898 2983 illi
2929 2928 3206 2988 dabimus,
3255 2928 3361 2982 nisi
3390 2930 3629 2984 animam

2049 3019 2225 3089 ipsam
2280 3019 2377 3091 qui
2435 3020 2706 3076 charitate
2763 3027 2974 3074 tenetur
3027 3019 3334 3087 despiciat?
3396 3019 3633 3088 Despicit

2049 3120 2232 3166 autem
2283 3126 2410 3166 vere
2463 3112 2727 3174 animam,
2762 3126 2868 3165 non
2903 3109 2998 3181 qui
3043 3125 3246 3177 corpus
3273 3110 3491 3176 occidit,
3539 3114 3629 3165 sed

374 3199 659 3267 προδίδωσι
697 3200 793 3253 καὶ
823 3201 893 3254 τὰ
925 3201 1092 3271 αὐτῆς
1143 3201 1325 3268 ἀγαθά
1349 3217 1365 3235 ο
1427 3201 1717 3270 προδίδωσι
1755 3202 1813 3254 δέ
1843 3219 1941 3255 καο

2049 3203 2139 3271 qui
2171 3202 2318 3256 illam
2355 3203 2529 3269 ipsam
2565 3203 2848 3272 ipsiusque
2877 3201 3017 3256 bona
3045 3202 3243 3271 prodit.
3268 3202 3634 3267 Quemadmoo

375 3289 551 3358 θάπερ
615 3291 642 3342 ὁ
695 3291 962 3362 μοχθηρὸς
1025 3292 1161 3363 πρὸς
1221 3294 1320 3356 τὰς
1378 3291 1472 3346 τοῦ
1520 3292 1771 3363 σώματος
1825 3293 1945 3362 i160-

372 3381 464 3444 νὰς
530 3382 709 3436 πάντα
758 3385 946 3437 ἑαυτὸν
996 3379 1323 3450 ἀναλίσκων,
1375 3385 1549 3448 οὕτως
1610 3388 1637 3438 ὁ
1699 3385 1944 3453 φιλόθεος

373 3476 553 3527 πᾶσαν
578 3475 757 3544 ψυχῆς
786 3477 1067 3545 ἐνέργειαν
1099 3476 1192 3530 καὶ
1221 3477 1516 3544 ἐπιθυμίαν
1551 3478 1630 3541 είς
1663 3478 1754 3529 τὸν
1811 3476 1944 3533 Θεὸν

372 3566 610 3632 ἐνεγκὼν
648 3569 739 3619 καλ¹
773 3568 936 3638 μηδὲν
959 3573 1023 3636 τῇ
1054 3569 1200 3638 ψυχῇ
1234 3569 1588 3638 καταλείψας.
1621 3571 1682 3623 Ei
1705 3570 1816 3641 γάρ
1847 3569 1944 3622 καὶ⁵

371 3655 518 3719 ὅπως
564 3652 624 3710 εὖ
676 3656 810 3728 ἔχει,
875 3662 1108 3712 ποιεῖται
1144 3648 1485 3728 λόγον,’άλλ⁹
1518 3661 1578 3712 οὐ
1629 3660 1708 3728 τῷ
1761 3660 1944 3729 ζητεῖν

374 3747 588 3817 ἐκείνην
623 3750 716 3802 καὶ
759 3749 828 3802 τὰ
869 3751 1040 3820 αὐτῆς
1085 3751 1286 3818 ἀγαθὰ,
1321 3751 1458 3804 ἀλλὰ
1501 3752 1581 3819 τῷ
1631 3751 1806 3819 φιλεῖν
1845 3752 1938 3804 τὸν

373 3839 504 3890 Θεὸν
542 3841 630 3891 καὶ
658 3841 764 3894 τῶν
797 3842 1007 3894 ἐκείνου
1030 3842 1287 3911 κήδεσθαι
1317 3842 1498 3912 νόμων
1524 3843 1674 3906 ὅπως
1724 3841 1945 3907 σώζοιν-

371 3948 432 3984 το
458 3947 470 3962 ’
495 3932 741 4003 καθάπερ
770 3935 860 3986 καὶ
886 3935 1116 4004 ὀργάνου
1167 3934 1480 4004 ποιούμενοι
1535 3935 1692 4004 λόγον
1744 3936 1831 3989 διὰ
1880 3936 1942 3989 τὸ

369 4025 549 4095 ἔργον,
579 4027 676 4088 τῆς
708 4027 974 4098 περίγρας
1004 4028 1090 4081 διὰ
1115 4028 1214 4096 τὴν
1259 4027 1498 4095 ἅμαξαν,
1539 4027 1599 4079 οὐ
1630 4027 1729 4096 τὴν
1788 4029 1943 4097 περί-

371 4137 531 4190 γραν,
565 4121 700 4175 ἀλλὰ
726 4123 825 4192 τὴν
851 4121 1065 4193 ἅμαξαν
1095 4121 1385 4194 ζητοῦμεν.
1422 4121 1532 4175 Καὶ
1587 4123 1684 4185 μὲν
1718 4121 1810 4173 καὶ
1841 4117 1942 4175 ἅδε

369 4212 568 4280 γένοιτ’
590 4212 658 4266 ἂν
702 4212 878 4283 δῆλον,
913 4213 981 4267 Τί
1024 4215 1133 4284 γὰρ
1164 4213 1192 4266 ὃ
1226 4213 1402 4265 πειθει
1453 4213 1799 4287 περιέχεσθαι
1845 4213 1940 4283 τῆς

368 4307 545 4376 ψυχῆς
570 4306 664 4360 καὶ
691 4306 898 4378 σφόδρα
914 4306 1124 4377 φιλεῖν;
1150 4306 1368 4375 οὺδένῆ
1392 4305 1453 4360 τὸ
1474 4302 1613 4361 εἶναι
1635 4307 1938 4376 βούλεσθαι.

373 4396 522 4452 Εἶναι
547 4399 601 4452 δὲ
639 4398 939 4469 βουλόμεθα
971 4399 1061 4452 διὰ
1095 4398 1158 4452 τὸ
1180 4394 1238 4451 εὖ
1265 4394 1425 4452 εἶναι’
1449 4399 1510 4452 οὐ
1537 4401 1646 4471 γάρ
1670 4415 1753 4463 τις
1776 4399 1842 4454 ἂν
1869 4395 1943 4452 εῖ-

371 4509 459 4544 ναι
478 4493 762 4563 ἀνάσχοιτο
787 4491 1065 4562 δυστυχῶς
1093 4490 1188 4545 ῶνο
1209 4493 1303 4544 καὶ
1329 4489 1512 4545 πολλοί
1541 4508 1604 4558 γε
1633 4491 1823 4544 τούτου
1846 4492 1942 4562 χά-

2050 3290 2180 3344 dum
2236 3299 2416 3346 autem
2472 3290 2636 3344 homo
2689 3289 2872 3345 malus
2923 3291 2993 3346 ob
3039 3289 3288 3359 corporis
3326 3290 3632 3359 voluptates

2050 3382 2231 3438 omnia
2263 3395 2384 3435 sese
2410 3382 2785 3436 consumendo
2801 3379 3003 3450 prodit,
3025 3380 3106 3438 sic
3130 3381 3222 3452 qui
3244 3382 3421 3450 diligit
3438 3383 3627 3445 Deum,

2050 3483 2265 3522 omnem
2319 3469 2516 3523 animat
2566 3470 2822 3525 virtutem
2872 3484 3143 3538 omneque
3187 3471 3515 3525 desiderium
3561 3474 3626 3526 ad

2050 3561 2230 3636 ipsum
2256 3558 2476 3616 elevans
2517 3570 2573 3615 et
2612 3560 2749 3613 nihil
2785 3560 2983 3614 animae
3015 3562 3419 3631 derelinquens.
3463 3563 3626 3626 Nam,

2047 3654 2150 3710 etsi
2183 3662 2242 3707 ut
2275 3667 2336 3708 se
2369 3655 2505 3714 bene
2535 3655 2748 3718 habeat,
2775 3655 3040 3708 rationem
3100 3671 3317 3725 semper
3345 3657 3627 3727 sequitur,

2047 3759 2159 3799 non
2182 3752 2362 3800 autem
2397 3744 2546 3800 illam
2582 3759 2684 3800 nec
2715 3745 2865 3800 illius
2899 3745 3038 3798 bona
3077 3762 3352 3816 querens,
3381 3749 3473 3802 sed
3500 3751 3629 3804 dili-

2046 3851 2178 3908 gens
2212 3836 2404 3904 Deum,
2431 3847 2483 3890 et
2517 3837 2660 3892 illius
2689 3838 2938 3892 mandata
2960 3837 3170 3894 faciens
3197 3848 3258 3894 ut
3286 3840 3418 3896 salvi
3449 3841 3578 3896 [lant
3607 3860 3621 3896 :

2047 3929 2504 4000 quemadmodum
2528 3929 2872 3985 instrumenti
2910 3931 3174 3985 rationem
3207 3933 3466 3989 habentes
3502 3951 3626 4004 pro-

2045 4033 2167 4096 pter
2196 4038 2360 4094 opus,
2379 4023 2573 4079 circini
2603 4033 2820 4093 propter
2848 4023 3169 4093 plaustrum,
3189 4039 3300 4077 non
3329 4025 3624 4092 circinum,

2047 4116 2140 4170 sed
2173 4115 2475 4184 plaustrum
2498 4113 2820 4183 quaerimus.
2850 4113 2915 4168 Et
2939 4115 3156 4183 quidem
3183 4130 3267 4170 res
3289 4115 3378 4170 hic
3407 4131 3630 4186 quoque

2049 4207 2338 4262 manifesta
2364 4206 2478 4262 ﬁeri
2511 4217 2708 4277 potest.
2742 4206 2880 4273 Quid
2905 4207 3122 4262 tandem
3142 4208 3336 4263 suadet
3367 4215 3424 4262 ut
3444 4210 3623 4262 anima

2046 4301 2344 4355 aestimetur
2372 4309 2428 4354 et
2459 4299 2616 4354 valde
2657 4299 2949 4368 diligatur?
2979 4299 3144 4365 Nihil,
3183 4299 3286 4353 nisi
3317 4299 3448 4370 quia
3479 4299 3627 4356 exsi-

2047 4405 2192 4452 stere
2220 4394 2490 4452 volumus.
2521 4393 2656 4451 Esse
2685 4409 2814 4450 vero
2842 4395 3120 4460 volumus,
3146 4403 3207 4448 ut
3233 4395 3370 4448 bene
3408 4394 3582 4449 simus
3608 4412 3626 4450 :

2047 4501 2155 4541 non
2187 4487 2332 4541 enim
2363 4487 2493 4555 quis
2518 4488 2686 4540 miser
2711 4499 2832 4540 esse
2853 4485 3182 4547 sustineret;
3225 4493 3281 4538 et
3315 4485 3440 4540 ideo
3469 4485 3626 4539 multi

373 4603 456 4651 ριν
475 4587 698 4648 ἑαυτοὺς
712 4584 1028 4656 ἐξήνεγκαν,
1047 4587 1138 4638 καὶ
1156 4587 1182 4638 ὁ
1199 4585 1413 4654 Σωτὴρ,
1439 4603 1457 4636 ι
1485 4583 1667 4636 Καλὸν
1681 4579 1748 4655 ἦν
1768 4583 1938 4652 αὐτῷ,

2049 4591 2165 4632 sese
2189 4584 2560 4646 peremerunt,
2595 4586 2651 4629 et
2681 4575 2928 4630 Salvator
2952 4576 3028 4630 ait
3056 4590 3072 4628 :
3112 4594 3131 4628 ι
3167 4574 3380 4630 Bonum
3413 4577 3624 4643 eratei,

371 4677 558 4745 φησὶν,
582 4679 630 4729 εί
659 4678 759 4730 οὐκ
777 4676 1060 4747 ἐγεννήθη.
1083 4695 1102 4726 ι
1143 4677 1294 4728 Ἐπεὶ
1318 4675 1374 4727 δὲ
1403 4675 1462 4727 τὸ
1477 4670 1616 4730 εἶναι
1633 4674 1811 4736 καλῶς
1834 4674 1936 4726 οὐκ

371 4773 516 4824 ἐστιν
547 4770 663 4840 ἢτὸ
683 4769 857 4838 φιλεῖν
897 4769 987 4822 τὸν
1027 4768 1178 4833 Θεὸν,
1220 4766 1367 4836 δῆλοι
1396 4768 1613 4830 πάντως
1657 4765 1824 4836 ἐσμὲν
1854 4765 1942 4819 διὰ

367 4863 429 4914 τὸ
460 4863 635 4930 φιλεῖν
678 4863 772 4915 τὸν
805 4861 938 4916 Θεὸν
985 4861 1150 4929 φύσει
1206 4863 1298 4913 καὶ
1329 4858 1429 4928 τῆς
1475 4858 1656 4930 ψυχῆς
1707 4856 1940 4927 ἐρῶντες

370 4956 571 5022 αὐτῆς·
609 4956 720 5017 τοῖς
777 4954 876 5022 μὲν
933 4949 1026 5007 οὖν
1083 4953 1324 5016 πολλοῖς,
1357 4952 1648 5020 ἀγνοοῦσιν
1711 4953 1834 5006 ὅθεν
1874 4952 1940 5006 ἂν

369 5033 554 5112 αὐτοῖς
585 5048 798 5116 γένοιτο
827 5047 887 5098 τὸ
914 5042 972 5098 εὖ
1007 5040 1168 5109 εἶναι,
1211 5044 1386 5097 ἄλλων
1419 5045 1600 5106 ἄλλοις
1628 5043 1771 5115 ἔρως
1798 5043 1937 5108 ἐστὶ,

370 5141 464 5192 καὶ
502 5141 596 5194 ἐπὶ
627 5142 722 5191 τὸν
756 5137 956 5191 σκοπὸν
991 5137 1167 5206 φορᾶς
1204 5137 1612 5205 ἁμαρτάνοντες
1659 5133 1938 5205 αἱροῦνται

368 5233 649 5295 πολλάκις,
683 5232 775 5298 ἀφ’
805 5223 883 5282 ὧν
934 5229 1145 5281 ἔσονται
1197 5228 1437 5296 χείρους,
1471 5227 1568 5278 καὶ
1618 5226 1716 5295 τὴν
1761 5224 1940 5296 ψυχὴν

364 5324 488 5378 οὔτε
512 5324 744 5393 τιμῶσιν
773 5318 856 5385 οἷς
879 5322 1066 5392 ἐχρῆν,
1092 5321 1216 5372 οὔτε
1242 5321 1384 5374 κατὰ
1405 5319 1562 5387 λόγον
1578 5321 1936 5389 περιορῶσιν.

366 5421 428 5472 Οἱ
457 5420 515 5471 δὲ
548 5417 833 5471 σπουδαῖοι
861 5417 995 5484 πρὸς
1015 5414 1105 5467 τὸν
1136 5412 1269 5466 Θεὸν
1295 5412 1525 5474 ἑαυτοὺς
1552 5412 1839 5475 τάξαντες,
1863 5411 1936 5472 ὼς

365 5512 434 5564 ἂν
465 5509 688 5572 εἰδότες,
711 5509 834 5561 ὅποι
854 5506 916 5559 τὸ
949 5502 1087 5558 εἶναι
1113 5503 1412 5574 ζητήσουσι
1436 5504 1530 5557 καὶ
1551 5503 1698 5564 ὅπως
1723 5503 1937 5564 ἑαυτοῖς

365 5608 684 5678 χρήσονται,
728 5602 888 5671 μόνον
946 5601 1043 5670 μὲν
1075 5601 1281 5669 ἔρωτος
1334 5597 1508 5652 αἴτιον
1553 5597 1796 5650 τίθενται
1843 5596 1936 5648 τὸν

365 5700 518 5763 Θεὸν,
558 5700 718 5766 μόνον
753 5697 809 5750 δὲ
842 5694 908 5747 δι’
935 5695 1131 5746 ἐαυτὸν
1171 5692 1465 5763 στέργουσι
1499 5691 1594 5744 καλ¹
1622 5693 1724 5760 τὴν
1757 5689 1936 5759 ψυχὴν

363 5793 433 5846 δι’
466 5793 699 5853 ἐκεῖνον,
735 5788 916 5840 καὶτὸ
949 5786 1090 5839 εἶναι
1118 5785 1213 5838 καὶ
1251 5785 1420 5837 τᾶλλα
1450 5785 1628 5836 πάντα
1663 5781 1933 5852 φιλοῦσιν,

366 5883 507 5937 οὓτω
556 5882 608 5934 δὲ
666 5881 947 5948 φιλοῦντες
999 5879 1101 5948 τὴν
1144 5876 1320 5946 ψυχὴν
1363 5879 1461 5929 οὐκ
1511 5875 1682 5945 αὐτὴν
1718 5875 1931 5943 ἀληθῶς

2043 4671 2088 4724 εἰ
2123 4683 2232 4724 non
2271 4678 2434 4724 natus
2467 4679 2631 4723 esset.
2689 4686 2710 4720 ι
2761 4667 2898 4721 Cum
2942 4676 3123 4721 autem
3172 4682 3295 4722 esse
3342 4668 3479 4724 bene
3512 4685 3624 4727 non

2040 4768 2125 4815 est
2175 4761 2281 4814 nisi
2329 4761 2557 4829 diligere
2587 4759 2780 4822 Deum,
2831 4756 3176 4811 manifestum
3203 4772 3339 4812 sane
3366 4768 3450 4812 est
3477 4762 3626 4827 quod

2040 4852 2274 4907 amando
2325 4851 2515 4914 Deum,
2567 4858 2622 4904 et
2673 4851 2908 4903 animam
2952 4849 3124 4918 ipsam
3173 4863 3440 4906 amamus.
3488 4852 3630 4904 Cum.

2040 4944 2200 4999 multi
2248 4943 2466 5013 quidem
2526 4943 2785 5013 ignoraui
2835 4942 2978 4996 unde
3022 4941 3140 4996 ﬂeri
3195 4952 3372 5012 potest
3411 4952 3468 4997 ut
3518 4947 3631 4999 sint.

2039 5037 2198 5102 bene,
2230 5038 2321 5094 alii
2353 5036 2456 5090 alia
2503 5043 2708 5100 amant,
2739 5044 2792 5090 et
2823 5035 2885 5089 de
2913 5040 3112 5090 cursus
3160 5050 3327 5104 scopo
3354 5037 3627 5093 aberran-

2039 5139 2120 5184 tes
2144 5145 2287 5198 sazpe
2310 5130 2511 5198 eligunt
2544 5144 2604 5182 ea
2644 5129 2842 5196 quibus
2869 5126 3080 5194 pejores
3111 5127 3264 5188 (iant,
3292 5135 3346 5182 et
3365 5128 3614 5182 animam

2039 5236 2143 5277 nec
2173 5223 2440 5277 honorant
2485 5229 2542 5274 ut
2565 5227 2800 5288 oportet,
2830 5234 2933 5274 nec
2963 5220 3119 5288 juxta
3140 5219 3406 5273 rationem
3441 5221 3623 5290 despi-

2037 5315 2208 5370 ciunt.
2253 5313 2334 5368 Pii
2373 5327 2501 5368 vero
2537 5313 2840 5368 secundum
2881 5313 3050 5368 Deum
3113 5311 3432 5380 semetipsos
3482 5327 3630 5366 εοηι-

2041 5415 2323 5479 ponentes,
2351 5418 2405 5461 et
2435 5405 2589 5476 quasi
2635 5405 2879 5458 videntes
2901 5419 3010 5474 quo
3038 5418 3159 5459 esse
3183 5401 3468 5472 quaesituri
3491 5402 3622 5462 sint.

2037 5510 2092 5557 ct
2120 5499 2396 5570 quomodo
2441 5499 2543 5555 sibi
2595 5497 2928 5561 inservituri,
2973 5497 3146 5550 solam
3177 5494 3392 5563 quidem
3421 5492 3624 5548 amoris

2038 5607 2260 5646 causam
2293 5590 2461 5644 Deum
2501 5599 2731 5660 ponunt,
2776 5589 2952 5645 solum
2984 5596 3163 5642 autem
3193 5593 3414 5654 propter
3448 5588 3622 5655 ipsum

2038 5684 2275 5754 diligunt
2330 5691 2386 5738 et
2414 5682 2651 5738 animam
2697 5690 2924 5751 propter
2969 5680 3142 5742 illum,
3175 5678 3316 5732 sicut
3348 5693 3469 5733 esse
3498 5678 3625 5731 alia-

2037 5792 2143 5848 que
2171 5776 2352 5830 omnia
2376 5783 2579 5838 amant,
2599 5775 2678 5828 sic
2711 5785 2890 5828 tamen
2917 5772 3204 5840 diligentes
3231 5770 3494 5833 animam,
3514 5784 3624 5824 non

2040 5871 2212 5939 ipsam
2251 5884 2380 5924 vere
2411 5867 2666 5935 diligunt.
2717 5864 2812 5918 sed
2854 5851 3006 5916 illum
3037 5871 3259 5932 propter
3301 5877 3464 5930 quem
3494 5860 3622 5915 dili-
