4036 6462
444 375 542 440 ’111

1708 364 2022 429 NICOLAI
2064 363 2462 425 CABASlL/B

3537 401 3542 406 -
3604 363 3710 430 712

449 496 604 559 gunt.
657 485 718 542 Si
767 499 896 540 vero
928 496 1150 554 quoque
1186 490 1447 552 tanquam
1493 479 1698 551 aliquid
1749 479 2031 550 proprium

2142 475 2419 544 φιλοῦσιν,
2449 475 2568 529 ἀλλ’
2594 475 2829 536 ἐκεῖνον,
2858 473 2930 526 δι’
2957 470 3017 525 ὃν
3047 469 3316 542 φιλοῦσιν.
3349 468 3412 522 Εί
3441 467 3497 521 δὲ
3523 469 3619 522 καὶ
3643 469 3718 534 ὡς

444 579 730 649 diligimus
757 575 1020 637 animam,
1062 572 1240 641 magis
1271 570 1430 626 nobis
1467 571 1724 640 proprius
1752 579 1833 626 est
1861 583 2028 639 quam

446 671 562 740 ipsa
607 669 789 724 anima
822 665 1095 728 Salvator,
1129 674 1185 719 et
1217 664 1312 734 qui
1349 663 1456 718 hoc
1507 663 1686 718 solum
1735 677 1832 731 per
1862 663 2028 716 vitam

447 763 756 824 attendunt,
789 762 968 814 sciunt
991 757 1329 812 Salvatorem
1362 755 1428 810 ad
1460 770 1652 810 omnes
1679 755 1828 824 ipsos
1853 753 2033 808 afﬁni-

451 865 615 908 tatem
671 852 1036 912 contraxisse,
1086 861 1139 904 et
1176 865 1268 918 per
1311 848 1458 902 illum
1510 848 1642 915 ipsis
1687 849 1928 901 animam
1977 857 2033 902 et

449 949 621 1016 ipsuttt
668 962 788 1001 esse
832 944 1038 1014 aliquid
1071 945 1298 998 charum
1341 953 1397 997 et
1444 943 1830 1013 propinquum.
1865 939 2033 994 Nam-

446 1054 554 1107 que
584 1037 786 1106 satagit
836 1036 1039 1105 aliquis
1080 1035 1132 1088 in
1170 1035 1434 1105 seipsum,
1479 1036 1739 1103 quoniam
1769 1031 2030 1101 agitatur,

443 1141 497 1184 et
532 1129 772 1198 quietem
809 1129 1052 1182 invenire
1100 1142 1206 1180 non
1260 1135 1456 1194 potest.
1500 1125 1606 1179 nisi
1667 1126 1832 1178 Deum
1874 1123 2028 1176 inve-

447 1223 582 1280 ηἱειι.
639 1232 834 1289 praeter
890 1221 1024 1274 istos
1073 1231 1256 1274 autem
1310 1230 1491 1274 rectus
1542 1232 1724 1272 rerum
1767 1217 2029 1280 arbitros,

447 1332 589 1386 quos
633 1330 754 1369 esse
799 1315 1098 1383 putandum
1148 1324 1230 1367 est
1277 1313 1331 1367 in
1357 1312 1581 1366 Christo
1620 1310 1888 1374 viventes,
1922 1324 2030 1364 nun

447 1417 625 1462 autem
662 1405 831 1460 Deum
871 1408 1027 1460 rebus
1062 1407 1127 1460 ad
1166 1408 1339 1476 ipsum
1373 1402 1774 1473 pertinentibus
1802 1413 2028 1456 exuere.

446 1500 562 1555 Hoc
598 1512 777 1554 autem
834 1499 914 1561 lit.
961 1499 1006 1554 si
1057 1515 1181 1554 cum
1232 1497 1435 1552 bonum
1479 1497 1550 1551 sit
1591 1495 1893 1566 perfectum
1928 1491 2032 1544 im-

444 1592 686 1662 perfecta
755 1593 1023 1646 charitate
1100 1591 1436 1662 diligimus;
1517 1587 1834 1659 imperfecte
1900 1598 2033 1640 vero

443 1684 748 1752 diligimus,
768 1685 813 1738 si
851 1682 978 1751 quid
1015 1682 1162 1736 aliud
1195 1682 1498 1753 diligimus,
1521 1695 1762 1734 amorem
1790 1678 1871 1732 sic
1893 1675 2033 1731 diri-

443 1773 656 1828 deutes.
708 1771 840 1826 Nam
875 1773 954 1826 lex
990 1773 1063 1826 ait
1103 1790 1116 1825 :
1153 1791 1173 1825 ι
1207 1773 1282 1826 Ex
1336 1781 1447 1827 tota
1496 1771 1680 1826 anima
1727 1779 1780 1824 et
1822 1784 1888 1824 ex
1921 1777 2032 1823 tota

2133 567 2340 621 οἰκεῖόν
2359 586 2414 621 τι
2437 566 2540 638 τὴν
2564 565 2749 637 ψυχὴν
2779 565 3067 635 φιλοῦμεν,
3099 562 3429 634 οἰκειότερος
3454 563 3589 632 ἡμῖν
3624 564 3720 618 καὶ

2133 659 2233 729 τῆς
2279 659 2464 730 ψυχῆς
2501 661 2674 730 αὐτῆς
2715 659 2743 710 ὁ
2791 659 3004 728 Σωτὴρ,
3035 656 3133 709 καὶ
3175 655 3225 708 οἳ
3266 653 3428 708 τοῦτο
3467 654 3560 708 διὰ
3597 653 3716 723 βίου

2136 751 2400 804 σκοποῦσι
2463 753 2651 820 μόνον,
2703 751 2857 803 ἴσασι
2909 749 3001 802 τὸν
3059 747 3295 817 Σωτῆρα
3347 747 3488 816 πρὸς
3550 747 3718 801 πᾶσιν

2133 844 2322 908 αὐτοῖς
2343 844 2670 912 συγγένειαν
2694 845 2875 914 ήρμοο
2886 841 3072 912 μένον,
3095 841 3192 892 καὶ
3215 838 3286 892 δι’
3307 839 3514 891 ἐκεῖνον
3535 839 3719 902 αὐτοῖς

2133 935 2232 988 καὶ
2258 935 2358 1006 τὴν
2389 937 2568 1008 ψυχὴν
2601 937 2697 990 καὶ
2723 937 2856 988 αὐτὸ
2887 938 2947 989 τὸ
2972 932 3112 988 εἶναι
3146 934 3303 1002 φίλον
3327 934 3423 986 καί
3459 933 3715 1001 συγγενὲς

2136 1025 2196 1078 ὃν
2233 1039 2249 1056 ⁸
2279 1027 2374 1079 καὶ
2421 1028 2531 1098 γὰρ
2585 1026 2880 1079 σπεύδεται
2932 1042 3018 1088 τις
3054 1026 3191 1095 πρὸς
3234 1025 3452 1089 ἑαυτὸν,
3493 1027 3572 1079 ὅτι
3615 1026 3708 1078 καὶ

2136 1118 2444 1183 στασιάζει,
2481 1121 2574 1172 καὶ
2629 1120 2730 1173 οὐκ
2795 1118 2861 1172 ἆν
2916 1118 3070 1189 τύχοι
3104 1119 3368 1188 γαλήνης,
3421 1121 3468 1170 εξ
3521 1118 3593 1188 μὴ
3617 1117 3709 1170 τοῦ

2134 1207 2274 1261 Θεοῦ
2297 1209 2474 1279 τύχοι,
2511 1211 2682 1280 χωρὶς
2714 1209 2771 1262 δὲ
2810 1209 3017 1262 τούτων
3041 1211 3166 1272 τοὺς
3201 1209 3399 1278 ὀρθοὺς
3429 1209 3540 1264 τῶν
3573 1227 3713 1278 πρα-

2135 1301 2368 1369 γμάτων
2417 1302 2730 1372 διαιτητὰς,
2782 1301 2878 1363 οὓς
2911 1300 3052 1355 εἶναι
3103 1303 3210 1372 χρὴ
3243 1302 3465 1373 νομίσαι
3500 1303 3625 1364 τοὺς
3659 1303 3719 1354 ὲν

2135 1395 2360 1465 Χριστῷ
2391 1395 2624 1458 ζῶντας,
2657 1396 2731 1467 μὴ
2761 1396 2853 1450 τὸν
2875 1395 3009 1449 Θεὸν
3025 1396 3132 1450 τῶν
3155 1397 3302 1465 αὐτῷ
3326 1396 3720 1466 προσηκόντων

2134 1488 2487 1558 ἀποστερεῖν.
2519 1488 2694 1541 Τοῦτο
2736 1489 2794 1542 δέ
2843 1490 3016 1554 ἐστιν,
3071 1487 3120 1540 εί
3171 1489 3380 1541 τέλειον
3412 1487 3620 1556 ἀγαθον
3661 1487 3722 1540 ὃν

2133 1581 2320 1634 ἀτελεῖ
2345 1584 2412 1652 τῇ
2449 1581 2584 1651 παρ’
2613 1584 2752 1652 ἡμῖν
2785 1580 3058 1651 φιλοῦμεν
3087 1581 3299 1651 ἀγάπῃ,
3345 1581 3554 1645 ἀτελῶς
3580 1579 3626 1634 δ’
3656 1580 3722 1634 ἀν

2135 1673 2410 1743 φιλοῖμεν.
2441 1676 2495 1730 εί
2521 1693 2572 1728 τι
2604 1665 2698 1727 καὶ
2721 1674 2852 1727 ἄλλο
2885 1673 3177 1743 φιλοῦμεν,
3212 1675 3274 1726 τὸ
3305 1674 3532 1743 φίλτρον
3563 1674 3721 1746 μερί-

2135 1765 2323 1828 ζοντες
2341 1780 2355 1794 ⁸
2386 1765 2510 1819 ἐπεὶ
2536 1769 2630 1820 καὶ
2648 1767 2677 1818 ὁ
2700 1767 2885 1836 νόμος,
2915 1786 2933 1820 t
2958 1764 3048 1832 Ἐξ
3069 1767 3219 1837 ὅλης,
3242 1768 3397 1838 φησὶ,
3423 1766 3523 1836 τῆς
3541 1767 3722 1837 ψυχῆς

447 1875 624 1918 mente
646 1863 813 1918 Deum
835 1865 1048 1935 diliges.
1077 1883 1095 1915 ι
1115 1865 1249 1920 Cum
1271 1865 1435 1934 igitur
1448 1878 1666 1919 omnem
1686 1862 2031 1918 dilectionem

2139 1859 2235 1912 καὶ
2294 1859 2356 1923 ἐξ
2413 1860 2546 1929 ὅλης
2598 1863 2698 1930 τῆς
2731 1859 2975 1924 διανοίας
3003 1859 3095 1913 τὸν
3129 1859 3262 1914 Θεὸν
3308 1861 3646 1930 ἀγαπήσεις.
3695 1880 3714 1914 ι

446 1955 500 2008 iu
530 1955 710 2023 ipsum
749 1955 984 2010 ferentes
1016 1966 1311 2025 reponunt.
1341 1971 1440 2010 nec
1466 1956 1631 2010 ullam
1663 1954 1875 2009 amoris
1910 1968 2031 2022 par-

447 2055 554 2100 tem
603 2049 726 2104 aliis
778 2057 874 2103 aut
925 2049 1286 2118 sibimetipsis
1334 2049 1674 2118 relinquunt,
1725 2061 1757 2101 a
1806 2046 2032 2116 proprio

446 2142 842 2210 communique
895 2157 1060 2196 sensu
1117 2142 1342 2196 abeunt.
1380 2141 1536 2207 Quod
1590 2140 1738 2195 enim
1789 2139 2032 2208 undique

445 2231 811 2301 conjunctum
843 2241 948 2296 est,
983 2233 1086 2287 hoc
1114 2242 1200 2287 est
1229 2248 1406 2286 amor.
1425 2232 1517 2286 Sic
1545 2240 1730 2286 autem
1764 2229 1832 2284 ad
1852 2231 2029 2285 solum

449 2325 619 2380 Deum
652 2342 773 2381 sese
805 2327 1172 2396 undequaque
1205 2325 1635 2388 transferentes,
1674 2324 1774 2380 soli
1809 2324 2030 2393 quidem

451 2419 560 2474 Deo
587 2419 802 2482 vivunt,
837 2421 1016 2474 solum
1045 2419 1216 2473 Deum
1246 2417 1504 2487 diligunt,
1532 2433 1710 2486 eoque
1738 2417 1858 2472 solo
1891 2431 2030 2486 gau-

446 2511 580 2565 dent
601 2528 614 2564 :
637 2509 908 2580 siquidem
946 2511 1031 2564 bis
1058 2525 1180 2579 qua:
1201 2511 1360 2562 nobis
1381 2519 1508 2562 sunt
1527 2508 1766 2562 maxime
1787 2506 2028 2577 proptia,

447 2605 689 2670 studere,
723 2603 993 2657 inhaerere
1027 2609 1082 2655 et
1121 2601 1383 2670 gaudere,
1413 2615 1519 2653 non
1553 2601 1656 2654 ltnc
1694 2601 1875 2668 ipsum
1902 2597 2031 2653 iacit

446 2697 589 2766 quod
640 2704 824 2748 nostra
871 2703 1021 2759 ειιηι,
1087 2693 1181 2746 sed
1239 2694 1500 2762 quoniam
1565 2692 1668 2746 ista
1727 2690 2030 2761 diligimus,

447 2795 707 2854 tauquam
751 2785 856 2838 hoc
899 2797 1008 2836 non
1065 2782 1156 2845 sit,
1193 2784 1292 2834 ltac
1331 2781 1664 2849 proprietate
1712 2794 1808 2846 per
1858 2779 2032 2847 ipsam

448 2893 548 2930 nos
573 2877 709 2946 ipsis
737 2875 1063 2929 consociare
1092 2872 1176 2926 vel
1194 2871 1375 2925 facere
1391 2871 1630 2939 gaudere
1659 2884 1766 2923 non
1793 2869 2030 2922 valente.

452 2968 621 3022 Multa
677 2976 810 3021 sunt
858 2964 1003 3019 enim
1059 2978 1126 3016 ex
1169 2963 1377 3016 uestris
1423 2977 1546 3030 quae
1594 2975 1698 3015 nos
1742 2959 2034 3015 iastidiuut

456 3072 511 3115 ct
562 3077 684 3130 quae
735 3059 895 3114 nobis
941 3056 1072 3126 ipsis
1111 3055 1508 3123 exprobramus
1538 3073 1551 3106 :
1585 3054 1807 3123 quidam
1847 3061 2032 3107 autem

449 3150 779 3216 semetipsos
807 3143 1103 3200 manifeste
1130 3145 1392 3207 oderunt,
1417 3153 1472 3198 et
1493 3143 1679 3214 fugere
1693 3151 1749 3198 et
1777 3143 1915 3197 mori
1938 3157 2032 3196 cu-

450 3243 626 3311 piunt.
651 3211 810 3292 ‘Sunt
845 3247 1032 3292 autem
1078 3237 1172 3305 qui
1225 3237 1398 3290 fatum
1446 3211 1850 3304 praevenerunt,
1883 3250 2033 3290 mor-
2061 3211 2103 3269 θ

450 3345 560 3387 tem
591 3347 724 3386 ense
753 3330 838 3384 vel
865 3329 1168 3400 suspendio
1186 3330 1289 3384 sibi
1310 3329 1668 3384 asciscentes.
1690 3328 2032 3384 Uudemanio

450 3426 650 3478 festum
681 3433 766 3477 est
809 3422 955 3492 quod
988 3421 1272 3487 omnibus,
1304 3437 1430 3475 cum
1462 3421 1664 3491 quibus
1713 3422 1948 3474 vivimus
1977 3428 2034 3474 et

447 3518 772 3589 gaudemus,
814 3519 1033 3581 animm,
1070 3515 1322 3570 amnibus
1355 3524 1410 3570 et
1441 3516 1603 3570 nobis
1637 3516 1792 3584 ipsis,
1839 3514 2033 3570 convi-

450 3629 576 3667 vere
610 3614 954 3678 gaudereque
985 3611 1116 3664 facit
1141 3626 1318 3664 amor.
1345 3609 1532 3679 Itaque
1565 3612 1612 3666 si
1643 3610 1769 3678 quis
1794 3609 2028 3664 aliorum

451 3706 592 3759 bona
631 3705 760 3758 velit
789 3713 842 3758 et
875 3713 1024 3756 amet
1064 3719 1171 3756 nun
1223 3703 1405 3757 minus
1436 3717 1600 3772 quam
1634 3704 1885 3772 propria,
1930 3715 2031 3756 ne-

449 3810 606 3850 cesse
656 3806 744 3849 est
797 3804 856 3847 ut
894 3795 983 3847 ille
1017 3809 1127 3848 non
1165 3795 1352 3848 minus
1399 3795 1682 3847 voluntate
1723 3791 2032 3847 consentiat

446 3895 505 3940 et
547 3885 618 3938 de
660 3883 822 3939 bouis
854 3885 1092 3952 gaudeat
1139 3899 1266 3938 cum
1302 3883 1426 3938 aliis
1465 3900 1629 3952 quam
1670 3883 1774 3938 sibi
1819 3883 1924 3952 ipsi
1960 3883 2030 3939 de

449 3977 686 4047 υνοριήίν
731 3977 895 4030 bonis
923 3983 1253 4045 congaudet.
1288 3975 1412 4030 ideo
1453 3975 1619 4029 Deum
1660 3978 1895 4041 amanti,
1926 3991 2029 4030 na-

449 4087 572 4127 tura
596 4075 815 4142 quidetu
839 4074 905 4125 ad
935 4071 1121 4125 divina
1146 4087 1254 4125 non
1282 4079 1488 4124 mutata
1502 4079 1595 4125 aut
1613 4074 2027 4138 transformata,

451 4172 525 4222 ita
558 4178 617 4219 ut
647 4167 752 4219 ista
799 4166 1124 4220 naturaliter
1159 4164 1262 4233 ipsi
1296 4164 1575 4230 eveniant,
1611 4165 1706 4219 sed
1747 4168 2030 4222 voluntate

450 4275 517 4312 ac.
553 4258 854 4312 dilectione
885 4255 950 4308 ad
995 4256 1163 4311 Deum
1201 4273 1263 4310 ex
1299 4259 1537 4326 propriis
1573 4259 1859 4322 translata,
1893 4257 2028 4311 nihil

449 4350 707 4422 prohibet
737 4351 873 4420 quin
911 4351 982 4404 sit
1017 4349 1086 4404 de
1115 4351 1232 4418 ipso
1279 4350 1536 4420 gaudium
1579 4351 1826 4420 plenum,
1871 4364 1936 4403 ac
1979 4348 2026 4403 si

449 4450 849 4496 transmutatus
919 4448 1084 4494 esset.
1149 4440 1205 4494 Si
1269 4441 1414 4494 enim
1486 4445 1780 4497 humanam
1847 4440 2028 4493 adhuc

2147 1951 2300 2004 Ἐπεὶ
2329 1951 2514 2004 τοίνυν
2541 1955 2724 2005 πᾶσαν
2753 1953 2833 2014 είς
2853 1953 3066 2006 ἐκεῖνον
3092 1953 3354 2024 φέροντες
3381 1953 3594 2007 τιθέασι
3622 1955 3720 2025 τὴν

2132 2043 2386 2112 ἀγάπην,
2441 2043 2537 2096 καὶ
2566 2043 2754 2112 φιλίας
2788 2045 2955 2114 μέρος
2991 2044 3146 2097 οὐδὲν
3179 2042 3304 2097 οὔτε
3337 2043 3520 2105 ἄλλοις
3549 2062 3722 2098 κατα-

2132 2136 2415 2190 λείπουσιν
2437 2136 2560 2189 οὔτε
2588 2137 2776 2205 σφίσιν
2801 2138 3012 2200 αὐτοῖς,
3038 2140 3103 2208 τῇ
3133 2137 3330 2208 γνώμῃ
3361 2137 3514 2204 σφῶν
3538 2139 3716 2192 αὐτῶν

2133 2229 2231 2282 καὶ
2255 2230 2474 2283 πάντων
2493 2229 2866 2300 ἀποδημοῦσι.
2893 2229 2965 2284 Τὸ
2985 2229 3056 2297 γά
3063 2248 3095 2300 ρ
3117 2232 3393 2285 συνάπτον
3409 2228 3716 2301 ἑκασταχοῦ

2132 2323 2196 2376 τὸ
2247 2322 2472 2394 φίλτρον
2527 2323 2706 2376 ἐστίν’
2761 2321 2906 2376 οὕτω
2940 2322 2997 2376 δὲ
3033 2323 3174 2394 πρὸς
3229 2323 3318 2377 τὸν
3369 2324 3505 2377 Θεὸν
3560 2327 3721 2395 μόνον

2137 2415 2370 2478 ἑαυτοὺς
2407 2415 2752 2486 πανταχόθεν
2783 2396 3212 2486 μετενεγκόντες
3249 2416 3398 2487 μόνῳ
3433 2417 3534 2486 μὲν
3563 2416 3718 2484 ζῶσι,

2137 2511 2300 2578 μόνον
2328 2510 2386 2564 δὲ
2421 2509 2667 2578 φιλοῦσι,
2706 2509 2853 2580 μόνῳ
2881 2509 2938 2564 δὲ
2973 2510 3294 2580 χαίρουσιν·
3329 2512 3452 2564 ἐπεὶ
3485 2513 3581 2564 καὶ
3607 2513 3721 2574 τοῖς

2133 2604 2291 2672 ἡμῶν
2311 2603 2492 2658 αὐτῶν
2515 2607 2628 2664 τοῖς
2653 2595 3015 2668 οἰκειοτάτοις
3042 2602 3331 2673 βούλεσθαι
3355 2604 3448 2656 καὶ
3476 2605 3718 2658 συνεῖναι

2135 2698 2230 2749 καὶ
2259 2695 2498 2768 χαίρειν,
2531 2696 2592 2749 οὐ
2623 2694 2774 2750 τοῦτ’
2805 2694 2940 2748 αὐτὸ
2989 2698 3142 2750 ποιεῖ
3169 2695 3230 2749 τδ
3269 2695 3520 2766 ἡμέτερα
3553 2691 3712 2759 εῖναι,

2134 2789 2252 2844 ἀλλ’
2287 2790 2374 2842 ὅτι
2405 2789 2500 2842 καὶ
2529 2788 2672 2843 αὐτὰ
2701 2785 2988 2858 φιλοῦμεν,
3019 2785 3095 2852 ὣς
3133 2790 3200 2842 ἂν
3239 2791 3313 2859 μὴ
3345 2787 3503 2842 τοῦτο
3529 2785 3585 2864 ᾗ,
3615 2789 3716 2858 τῆς

2133 2884 2474 2952 οἰκειότητος
2504 2880 2712 2952 ταύτης
2737 2880 2803 2934 δι’
2835 2879 3039 2950 ἑαυτὴν
3073 2880 3331 2948 συνάγειν
3356 2881 3506 2950 ἡμᾶς
3534 2879 3718 2944 αὐτοῖς

2135 2974 2168 3045 ἢ
2211 2973 2444 3043 ποιῆσαι
2479 2974 2699 3045 χαίρειν
2737 2973 2814 3044 μὴ
2857 2973 3194 3042 δυναμένης.
3243 2971 3422 3025 Πολλὰ
3454 2971 3565 3042 γὰρ
3609 2972 3718 3026 τῶν

2135 3065 2425 3137 ἡμετέρων
2447 3067 2597 3136 ἡμᾶς
2630 3065 2780 3135 ἀνιᾷ,
2830 3067 2925 3118 καὶ
2955 3064 3020 3134 δὴ
3066 3063 3162 3118 καὶ
3190 3064 3326 3134 ἡμῖν
3354 3064 3538 3126 αὐτοῖς
3572 3063 3719 3118 ἔστιν

2137 3152 2213 3213 ὧν
2235 3158 2585 3230 ἐπιτιμῶμεν
2608 3157 2776 3212 ’ἔνιοι
2799 3158 2856 3213 δὲ
2879 3159 3018 3227 σφᾶς
3041 3156 3239 3221 αὐτοὺς
3258 3157 3358 3228 ήδη
3379 3156 3475 3211 καὶ
3499 3159 3717 3229 μισοῦσι

2136 3251 2410 3322 λαμπρῶς
2464 3251 2559 3304 καὶ
2592 3250 2818 3320 φεύγειν
2860 3250 3200 3319 ἐπιθυμοῦσι
3237 3253 3331 3306 καὶ
3381 3251 3714 3310 θανατῶσιν.

2140 3341 2261 3394 Elei
2295 3341 2352 3395 δὲ
2384 3342 2433 3395 οἳ
2463 3343 2558 3396 καὶ
2596 3342 2906 3412 ἐτόλμησαν
2946 3341 3041 3396 καὶ
3072 3343 3179 3413 πρὸ
3214 3343 3413 3414 μοίρας
3449 3343 3715 3410 ἀπῆλθον,

2137 3431 2464 3502 βιασάμενοι
2489 3432 2751 3504 ξίφεσινῆ
2774 3434 2956 3505 βρόχῳ
2977 3433 3075 3504 τὴν
3092 3435 3354 3506 τελευτήν
3371 3451 3386 3466 ο
3412 3435 3536 3488 ὅθεν
3560 3436 3716 3506 δῆλον

2134 3525 2216 3576 ὅτι
2244 3523 2438 3587 πᾶσιν,
2465 3517 2549 3586 οἷς
2588 3523 2861 3596 σύνεσμεν
2895 3529 2992 3579 καὶ
3025 3527 3318 3596 χαίρομεν,
3349 3528 3444 3580 καὶ
3477 3531 3542 3597 τῇ
3568 3528 3711 3597 ψυχῇ
3745 3593 3752 3596 _

2135 3614 2229 3666 xui
2257 3617 2372 3678 τοῖς
2399 3616 2762 3680 οἰκειοτάτοις
2790 3618 2889 3670 καὶ
2913 3617 3045 3687 ἡμῖν
3077 3619 3260 3681 αὐτοῖς
3287 3619 3349 3672 τὸ
3371 3621 3546 3688 φιλεῖν
3575 3622 3720 3673 ποιεῖ

2134 3707 2232 3759 καὶ
2265 3709 2508 3762 συνεῖναι
2539 3709 2632 3761 καὶ
2662 3708 2898 3779 χαίρειν.
2937 3708 3149 3763 Οὐκοῦν
3180 3711 3235 3763 ετ
3260 3727 3347 3772 τις
3373 3711 3586 3779 τάγαθά
3610 3713 3720 3764 τῶν

2129 3797 2311 3853 ἄλλων
2363 3798 2539 3854 ἐθέλοι
2569 3801 2666 3853 καὶ
2716 3800 2901 3871 φιλοίη
2950 3801 3120 3870 μηδὲν
3151 3797 3316 3872 ἦττον
3359 3803 3391 3874 ἢ
3425 3806 3493 3858 τὰ
3523 3803 3715 3872 αὐτοῦ,

2131 3892 2322 3945 τοῦτον
2354 3891 2569 3965 ἀνάγκη
2595 3895 2688 3946 καὶ
2710 3895 2951 3946 συνεῖναι
2968 3897 3034 3964 τῇ
3055 3894 3249 3966 γνώμῃ
3275 3899 3370 3950 καὶ
3396 3899 3712 3974 συγχαίρειν

2132 3988 2242 4038 τῶν
2283 3985 2506 4053 ἀγαθῶν
2557 3989 2677 4048 τοῖς
2715 3986 2896 4050 ἀλλοις
2941 3987 2973 4056 ἢ
3025 3988 3206 4057 ἑαυτῷ
3246 3988 3356 4041 τῶν
3389 3989 3575 4043 αὐτοῦ.
3617 3991 3715 4043 Διά

2131 4077 2305 4130 ταῦτα
2332 4077 2409 4148 τῷ
2437 4075 2696 4146 φιλοθὲῳ,
2725 4081 2826 4149 τῆς
2856 4079 2957 4148 μὲν
2985 4079 3202 4149 φύσεως
3231 4083 3366 4151 πρὸς
3396 4082 3463 4135 τὰ
3487 4083 3604 4136 θεῖα
3638 4082 3714 4153 μὴ

2133 4169 2679 4241 μετασκευασθείσης
2705 4209 2722 4235 ,
2764 4171 2889 4242 μηδ’
2943 4172 3329 4244 ἀμειφθείσης,
3381 4173 3524 4228 ὥστε
3567 4177 3716 4245 αὺτῴ

2133 4261 2493 4330 φύσειταῦτα
2523 4264 2944 4333 προσγενέσθαι,
2972 4267 3073 4336 τῆς
3094 4267 3150 4320 δὲ
3183 4265 3459 4338 θελήσεως
3490 4273 3584 4324 καὶ
3615 4271 3716 4341 τῆς

2127 4358 2355 4427 ἀγάπης
2378 4358 2462 4422 είς
2491 4358 2581 4412 τὸν
2604 4358 2739 4413 Θεὸν
2760 4361 2871 4412 ἀπὸ
2889 4360 2999 4413 τῶν
3021 4361 3238 4415 οἰκείων
3265 4362 3710 4432 μετενεχθείσης,

2129 4449 2284 4502 οὐδὲν
2318 4449 2520 4504 κωλύει
2551 4450 2652 4520 τὴν
2693 4451 2782 4504 ἐπ’
2818 4451 2971 4521 αὑτῷ
3004 4452 3180 4522 χαρὰν
3215 4453 3513 4522 ὀλόκληρον
3545 4450 3710 4516 εἶναι,

450 4536 556 4588 fert
605 4541 859 4586 naturant
901 4541 955 4584 et
988 4531 1312 4586 naturaliter
1338 4533 1393 4586 in
1422 4533 1626 4588 divinis
1673 4541 1730 4586 ut
1789 4531 2027 4600 propriis

2135 4544 2229 4597 καὶ
2257 4541 2448 4612 ὥσπερ
2475 4546 2523 4596 εξ
2558 4545 2999 4609 μετεσκεύαστοο
3061 4547 3112 4597 εί
3151 4545 3261 4614 γάρ
3294 4546 3388 4598 καὶ
3419 4548 3518 4616 τὴν
3551 4548 3714 4616 φύσιν
3753 4550 3762 4559 ”

448 4643 553 4680 non
586 4634 644 4679 ut
675 4625 807 4679 libet
842 4625 994 4684 vivit.
1031 4625 1145 4678 illic
1195 4633 1377 4678 tamen
1419 4633 1590 4678 totam
1625 4622 1797 4677 tendit
1832 4622 2027 4676 volun-

450 4728 641 4778 tatem.
700 4733 821 4787 quae
881 4726 1062 4786 potest
1125 4718 1365 4788 gaudere
1420 4718 1688 4786 uobisque
1743 4715 1888 4770 hanc
1937 4724 2030 4768 aut

449 4812 598 4866 illaut
653 4815 782 4862 dare
829 4810 1256 4878 jueutnlitateut.
1294 4811 1422 4862 ideo
1457 4808 1601 4862 sicut
1645 4807 1737 4876 qui
1785 4809 2027 4875 seipsum

446 4918 595 4961 amat
643 4907 841 4974 gaudet
889 4909 1175 4975 praesentia
1211 4921 1398 4962 secum
1442 4915 1702 4975 reputans
1752 4906 1916 4968 bona,
1949 4906 2030 4958 sic

448 5001 542 5070 qui
579 4999 746 5053 Deum
783 4999 1245 5054 solumamautex
1270 4999 1417 5052 illius
1450 5000 1608 5052 bonis
1638 4999 1744 5054 sibi
1769 4999 2032 5069 jucundi-

450 5106 620 5148 tatem
653 5094 942 5162 colligunt,
962 5102 1016 5147 et
1049 5094 1212 5148 rebus
1233 5093 1382 5146 illius
1415 5092 1766 5146 ditescuntet
1791 5093 2032 5161 glorian-

455 5201 564 5254 tur,
591 5190 658 5243 dc
689 5188 858 5256 gloria
891 5187 1014 5253 ejus
1047 5187 1392 5256 superbiunt,
1426 5189 1492 5240 de
1532 5187 1652 5255 ipso
1690 5187 2032 5256 triumphant

450 5287 678 5336 adorato
727 5299 756 5329 ιι
780 5280 1202 5347 :tgnillcatoque.
1237 5279 1339 5342 Qui
1395 5293 1525 5331 vero
1573 5278 1930 5350 sibimetipsis
1955 5281 2031 5331 vi—

447 5384 606 5434 vunt.
621 5375 723 5427 etsi
743 5373 810 5425 de
827 5369 973 5423 veris
989 5370 1257 5438 gaudeant
1275 5371 1453 5424 bonis.
1473 5371 1736 5440 integram
1757 5381 2030 5441 nequeunt

447 5483 675 5536 carpere
709 5464 981 5526 laetitiam,
1021 5462 1114 5515 sed
1147 5463 1289 5516 sient
1319 5464 1386 5516 de
1427 5465 1586 5518 bonis
1615 5469 1856 5534 gaudent
1887 5481 2028 5534 prae-

451 5561 720 5615 sentibus.
774 5557 858 5612 sic
907 5559 1054 5622 ipsos
1094 5556 1160 5609 de
1191 5554 1633 5610 absentibusaut
1672 5557 2030 5626 praesentibus

452 5653 610 5706 malis
659 5652 849 5706 doiere
878 5665 976 5719 par
1009 5660 1128 5713 est;
1166 5648 1234 5702 iis
1267 5657 1449 5702 autem
1495 5649 1588 5719 qtti
1630 5651 1796 5704 vitam
1830 5651 1884 5704 in
1919 5651 2031 5705 Deo

453 5750 872 5810 reposuerunt,
929 5738 1022 5794 ubi
1074 5739 1290 5808 quidem
1361 5746 1445 5792 est
1513 5739 1857 5807 iucunditas,
1915 5739 2030 5792 tti-

391 5857 396 5860 ·
455 5833 603 5889 stitia
631 5847 762 5888 vero
787 5832 1094 5896 nulla.cum
1120 5832 1286 5886 multa
1317 5831 1535 5901 quidem
1569 5833 1674 5887 sint
1705 5835 2029 5904 quwttujus-

2132 4633 2216 4687 ἔτι
2251 4634 2409 4705 φέρει
2436 4633 2534 4705 τὴν
2553 4635 2930 4706 ἀνθρωπίνην,
2969 4637 3064 4689 καὶ
3098 4637 3263 4704 φύσει
3300 4639 3411 4700 τοῖς
3443 4639 3610 4700 θείοις
3637 4638 3712 4701 ὡς

2130 4727 2354 4792 οἰκείοις
2370 4727 2432 4781 οὐ
2459 4727 2734 4792 σύνεστιν,
2760 4728 2898 4782 ἀλλὰ
2920 4729 3021 4796 τήν
3044 4745 3108 4796 γε
3137 4729 3362 4799 θέλησιν
3389 4731 3505 4786 ἐκεῖ
3531 4734 3712 4783 πᾶσαν

2133 4821 2268 4890 ἔχει,
2316 4823 2348 4891 ἢ
2383 4823 2551 4890 κυρία
2599 4823 2747 4874 ἐστὶν
2777 4821 2952 4884 οὕτως
2994 4821 3026 4891 ἦ
3069 4822 3302 4884 ἐκείνως
3337 4823 3574 4891 χαίρειν,
3615 4827 3714 4878 καὶ

2131 4913 2334 4984 ταύτην
2365 4915 2422 4966 ὲν
2451 4915 2586 4981 ἡμῖν
2615 4915 2844 4981 κρατεῖν
2883 4914 2914 4982 ἢ
2958 4913 3179 4983 ἐκείνην
3213 4915 3311 4984 τὴν
3340 4914 3560 4986 ἡδονήν.
3597 4919 3707 4972 Καὶ

2130 5006 2308 5058 τοίνυν
2337 5004 2593 5074 καθάπερ
2633 5006 2661 5056 ὁ
2709 5003 2882 5072 φιλῶν
2922 5005 3116 5056 ἑαυτὸν
3147 5005 3428 5074 χαίρειτά
3469 5006 3711 5072 παρόντα

2131 5095 2281 5162 αὒτῷ
2319 5095 2670 5162 λογιζόμενος
2709 5096 2913 5162 ἀγαθὲ,
2957 5093 3131 5154 οὕτως
3162 5097 3212 5147 οἱ
3251 5095 3341 5148 τὸν
3377 5095 3510 5148 Θεὸν
3547 5097 3711 5164 μόνον

2132 5188 2416 5258 φιλοῦντες
2455 5189 2566 5240 ἀπὸ
2603 5189 2712 5240 τῶν
2745 5187 2970 5255 ἀγαθῶν
2999 5187 3106 5240 τῶν
3142 5190 3354 5252 ἐκείνου
3389 5188 3486 5259 τὴν
3517 5181 3709 5261 ἡδονὴν

2133 5283 2350 5345 ἑαυτοῖς
2393 5284 2710 5350 συνάγουσι,
2748 5283 2844 5336 καὶ
2883 5284 2994 5346 τοῖς
3025 5283 3236 5336 ἐκείνου
3275 5284 3566 5337 πλουτοῦσι
3616 5287 3712 5338 aut

2134 5373 2571 5444 φιλοτιμοῦνται,
2605 5373 2702 5426 καὶ
2738 5376 2874 5444 πρὸς
2912 5374 3014 5442 τὴν
3048 5373 3260 5426 ἐκείνου
3299 5375 3713 5446 μεγαλαυχοῦσι

2131 5465 2310 5532 δόξαν,
2348 5467 2446 5520 καὶ
2479 5465 2873 5533 στεφανοῦνται
2910 5467 3396 5537 προσκυνουμένω)
3448 5471 3539 5520 καὶ
3573 5470 3708 5522 θαυ-

2136 5555 2450 5626 μαζομένου
2489 5555 2868 5624 σεμνύνονται.
2905 5558 3015 5610 Καὶ
3045 5558 3091 5610 σί
3127 5558 3225 5628 μὲν
3247 5558 3459 5621 ἑαυτοῖς
3484 5559 3708 5626 ζῶντες,

2133 5649 2237 5701 κᾶν
2272 5649 2364 5699 ὲπὶ
2393 5649 2507 5710 τοῖς
2532 5647 2760 5717 ἀληθέσι
2787 5649 3053 5719 χαίρωσιν
3081 5650 3331 5718 ἀγαθοῖς,
3357 5653 3589 5720 ἄμικτον
3613 5657 3714 5708 οὐκ

2135 5742 2201 5795 ἂν
2255 5742 2554 5810 καρποῖντο
2574 5741 2671 5809 τὴν
2708 5741 2922 5809 ἡδονὴν,
2954 5741 3070 5794 ἀλλ’
3102 5740 3292 5812 ὥσπερ
3323 5744 3574 5812 χαίρουσι
3604 5747 3713 5798 τῶν

2133 5831 2358 5900 ἀγαθῶν
2405 5836 2518 5894 τοῖς
2554 5833 2848 5904 παροῦσιν,
2897 5831 3072 5899 οὕτως
3106 5834 3293 5902 ἀλγεῖν
3331 5836 3529 5897 αὐτοὺς
3564 5838 3711 5903 εἰκὸς
