4036 6456
266 400 376 464 τιτι

1296 399 1394 459 DE
1436 399 1615 460 VITA
1676 397 1760 459 IN
1800 395 2134 458 CHRISTO
2171 396 2321 458 LlB.
2365 395 2501 457 VII.

3417 387 3523 450 ’114

264 519 406 588 ὑπὲρ
436 515 546 597 ⁸τῶν
576 513 823 569 ἀπῦντων
861 515 893 584 ἢ
924 513 1032 568 τῶν
1065 514 1349 584 παρόντων
1391 513 1600 578 κακῶν,
1635 515 1752 575 τοῖς
1789 513 1834 565 δ’

1965 511 2092 565 nodi
2131 518 2318 582 agunt,
2373 508 2586 563 nullum
2636 514 2820 563 autem
2858 504 3172 563 contristat.
3223 502 3336 558 Nec
3382 503 3529 558 enim

265 610 326 660 έν
350 606 432 678 τῷ
461 606 582 678 Θεῷ
619 606 719 675 τὴν
772 605 917 675 ζωὴν
952 605 1272 673 μεταθεῖσιν
1325 605 1490 676 ἡδονὴ
1546 605 1646 674 μέν
1700 606 1848 658 ἐστιν

263 698 584 768 εἰλικρινὴς,
613 697 760 767 λύπη
795 698 853 750 δὲ
873 696 1125 766 οὐδεμία,
1163 695 1380 749 πολλῶν
1411 696 1511 767 μὲν
1542 697 1711 749 ὄντων
1739 696 1849 750 τῶν

266 791 477 847 ἐκείνου
502 788 826 853 ποιούντων,
855 788 1196 864 ἀνιῶντοςιδὲ
1212 788 1450 852 οὐδενός.
1479 772 1617 842 Οὔτε
1642 787 1750 859 γὰρ
1773 787 1850 859 τῷ

267 882 389 951 Θεῷ
416 881 668 935 σύνεστιν
694 880 852 934 οὐδὲν
886 879 1070 948 ἀηδὲς,
1097 873 1140 946 ᾧ
1159 878 1352 944 ζῶσιν,
1378 878 1503 932 οὔτε
1536 879 1643 932 τῶν
1665 879 1849 944 αὐτοῖς

269 972 559 1043 παρόντων
587 972 837 1040 αἴσθησίς
867 974 1038 1036 ὲστιν,
1069 969 1125 1023 εί
1151 988 1203 1024 τι
1229 973 1325 1024 καὶ
1368 971 1594 1025 δύναται
1622 972 1811 1024 λυπεῖν
1832 988 1845 1002 ·

267 1069 362 1119 καὶ
393 1066 501 1136 γάρ
529 1066 738 1121 ἑαυτῶν
761 1063 949 1134 ζητεῖν
968 1065 1192 1129 αὐτοὺς,
1209 1067 1236 1116 6
1267 1064 1368 1131 τῆς
1392 1064 1604 1127 τελείας
1627 1064 1852 1133 ἀγάπης

267 1157 427 1225 λόγος
461 1156 523 1208 οὐ
585 1156 879 1225 συγχωρεῖ,
938 1174 957 1205 ι
1019 1155 1095 1207 Οὐ
1152 1153 1262 1223 γὰρ
1316 1154 1490 1220 ζητεῖ,
1564 1157 1723 1225 φησὶ,
1782 1156 1850 1208 τὰ

269 1249 466 1317 αὐτῆς,
508 1267 528 1299 ι
565 1248 680 1300 ἀλλ’
712 1245 1005 1315 ἀγαπῶσιν
1036 1248 1120 1300 ὅτι
1144 1245 1417 1316 μακάριος
1443 1246 1471 1296 ό
1503 1246 1848 1315 φιλούμενος,

272 1344 366 1396 καὶ
405 1341 466 1393 τὸ
513 1341 686 1402 πάθος
715 1339 914 1393 ἄτοπον
947 1340 1040 1391 καὶ
1077 1338 1377 1408 ὑπερφυὲς,
1423 1338 1491 1406 γῆ
1528 1338 1621 1392 καὶ
1657 1339 1850 1402 σποδὸς

271 1434 343 1485 τὰ
369 1431 464 1485 τοῦ
496 1429 634 1485 Θεοῦ
676 1430 784 1483 τῶν
815 1430 1035 1483 οίκείων
1075 1429 1437 1483 ἀλλάττονται
1483 1429 1576 1482 καὶ⁹
1609 1430 1849 1496 γίνονται

274 1525 678 1596 παραπλήσιον,
705 1524 854 1576 ῶσπε
862 1539 895 1593 ρ
916 1523 964 1575 εἰ
980 1521 1212 1592 πένητες
1229 1520 1423 1591 ἄνδρες
1449 1520 1541 1572 καὶ
1562 1520 1851 1589 δυστυχεῖς

270 1622 351 1682 είς
388 1618 677 1687 βασιλικὴν
710 1615 1138 1678 είσπεπαικότες
1185 1613 1364 1667 οίκίαν
1390 1611 1585 1683 ἀθρόον
1624 1612 1726 1681 μὲν
1750 1612 1851 1683 τὴν

274 1714 520 1766 σύνοικον
565 1709 952 1779 ἀποτρίψοιντο
1005 1706 1220 1770 πενίαν,
1284 1705 1593 1777 περιθεῖντο
1642 1705 1700 1759 δὲ
1750 1705 1851 1775 τὴν

270 1806 391 1857 ἐκεῖ
415 1802 780 1875 λαμπρότητα
813 1801 1021 1854 πᾶσαν.
1072 1798 1245 1869 ’Υπὲρ
1278 1790 1340 1851 οὗ
1386 1799 1481 1850 καὶ
1518 1796 1725 1866 νομίζω
1756 1798 1849 1850 καὶ

274 1897 500 1963 βιαστὰς
518 1895 712 1954 αὐτοὺς
732 1890 992 1960 λέγεσθαι
1015 1895 1110 1945 καὶ
1133 1891 1232 1960 τὴν
1256 1888 1536 1961 βασιλείαν
1555 1888 1852 1959 ἁρπάζειν,

270 1989 358 2040 ὅτι
389 1988 465 2057 μὴ
496 1987 621 2047 τοὺς
653 1984 927 2045 δώσοντας
956 1983 1293 2051 ἀναμένουσι
1313 1981 1446 2040 ,οὐδὲ
1476 1981 1604 2043 τοὺς
1629 1982 1857 2052 αἱρησο·

275 2080 471 2148 μένους
515 2076 949 2142 ἀποσκοποῦσιν,
1023 2074 1138 2128 ἀλλ’
1168 2073 1463 2144 αὐτόματοι
1520 2072 1614 2125 τοῦ
1668 2073 1861 2144 θρόνου

270 2172 596 2243 δράττονται
621 2169 713 2222 καὶ
734 2171 853 2231 ταῖς
871 2168 1006 2239 παρ’
1026 2168 1242 2221 ἑαυτῶν
1265 2165 1465 2235 ψήφοις
1488 2165 1861 2234 περιτίθενται

272 2267 338 2316 τὸ
369 2262 625 2331 διάδημα.
664 2261 726 2314 Εἰ
778 2261 888 2329 γὰρ
925 2257 1025 2312 καὶ
1072 2258 1471 2328 λαμϐάνουσιν,
1504 2255 1620 2309 ἀλλ’
1668 2257 1769 2309 οὐκ
1801 2257 1861 2309 ἐν

272 2354 452 2424 τούτῳ
504 2352 816 2423 νομίζουσιν
858 2350 1231 2419 εὐδαιμονεῖν,
1295 2349 1403 2402 οὐδ’
1468 2347 1704 2400 ἐνταῦθα
1757 2346 1855 2417 τὴν

269 2446 468 2515 ἡδονὴν
493 2447 728 2515 ἔχουσιν,
758 2442 877 2497 ἀλλ’
912 2444 970 2497 ὲν
1002 2440 1079 2510 τῷ
1110 2440 1423 2510 φιλουμένῳ
1447 2438 1847 2506 συνεγνωκέναι

268 2540 373 2606 τὴν
399 2537 705 2607 βασιλείαν,
734 2536 827 2588 καὶ
847 2536 1156 2606 χαίρουσιν,
1182 2532 1280 2601 οὐχ
1296 2532 1378 2584 ὅτι
1400 2531 1582 2592 αὐτοῖς
1608 2531 1861 2582 κοινωνεῖ

270 2632 385 2686 τῶν
404 2629 643 2699 ἀγαθῶν,
670 2628 785 2681 ἀλλ’
807 2629 890 2681 ὅτι
921 2628 1130 2689 ἐκεῖνος
1156 2628 1215 2678 ἐν
1239 2622 1491 2691 ἀγαθοῖς,
1520 2619 1615 2673 τοῦ
1642 2621 1698 2674 δὲ
1725 2623 1857 2691 παρ’

271 2725 487 2780 ἑαυτῶν
518 2723 703 2793 ἔχουσι
738 2721 830 2774 καὶ
861 2722 960 2790 τῆς
982 2718 1193 2783 οἰκείας
1223 2713 1683 2785 εὐγνωμοσύνης⁶
1716 2712 1857 2766 ὥστε

274 2822 329 2871 εἰ
378 2817 540 2887 μηδὲν
596 2815 782 2877 αὐτοῖς
832 2809 900 2883 ἦν
955 2812 1139 2865 κοινὸν
1199 2810 1336 2880 πρὸς
1391 2805 1671 2877 βασιλείαν
1722 2804 1882 2874 μηδὲ.

283 2909 513 2979 μερίτας
564 2907 764 2965 αὐτοὺς
818 2904 918 2972 τῆς
983 2902 1392 2973 μακαριότητος
1442 2901 1470 2951 6
1534 2895 1856 2964 φιλούμενος

275 2999 537 3059 ἐποιεῖτο,
597 2995 767 3065 μηδὲν
821 2989 986 3066 ἦττον
1034 2992 1378 3061 εὐδαιμονεῖν
1422 2988 1515 3042 καὶ
1546 2984 1854 3058 βασιλεύειν

1952 603 2098 657 inest
2143 602 2283 670 Deo,
2327 601 2413 655 cui
2463 600 2678 665 vivunt,
2737 596 2949 668 aliquid
3008 595 3392 666 injucundttm,
3431 608 3534 647 nec

1951 694 2089 762 ipsis
2135 692 2490 764 praesentium
2539 698 2623 745 est
2668 704 2888 754 sensus,
2945 687 2991 743 si
3040 686 3171 755 quid
3202 684 3537 741 contristare

1952 793 2153 854 potest.
2212 782 2328 838 Non
2382 784 2528 837 enim
2589 783 2737 849 ipsos
2793 794 2912 833 sese
2954 792 3221 847 quaerere.
3284 767 3538 846 perfecte

1953 876 2245 932 charitatis
2267 877 2410 930 ratio
2438 874 2741 945 permittit;
2787 892 2806 924 ι
2841 871 2998 935 Nam,
3023 871 3219 939 inquit,
3252 885 3355 921 non
3390 884 3537 936 qure-

1951 974 2023 1025 rit
2051 986 2173 1039 (ulte
2196 985 2293 1024 sua
2324 976 2453 1023 sunt.
2486 985 2500 1033 ;
2534 987 2552 1018 ι
2619 968 2714 1020 sed
2742 973 2927 1019 amant.
2955 964 3214 1017 dilectum
3241 978 3362 1016 esse
3410 962 3535 1015 bear

1957 1073 2094 1127 tum,
2121 1070 2177 1116 et
2210 1062 2397 1131 passio
2440 1058 2680 1115 absurda
2710 1066 2763 1111 et
2811 1056 3128 1117 immodica,
3160 1064 3301 1108 terra
3330 1064 3382 1108 et
3420 1054 3541 1122 pul-

1955 1156 2065 1216 vis,
2101 1169 2202 1222 pro
2232 1153 2350 1207 suis
2368 1152 2583 1206 divinos
2605 1149 3317 1205 commutanteharacteres
3338 1147 3534 1216 hisque

1959 1244 2169 1299 similes
2201 1244 2368 1309 ﬁunt;
2404 1241 2870 1313 quemadmodum
2904 1239 2947 1293 si
2973 1238 3225 1293 homines
3266 1253 3539 1308 pauperes

1951 1344 2007 1391 et
2036 1335 2219 1389 miseri
2253 1336 2308 1389 in
2335 1336 2535 1405 regiam
2565 1333 2834 1388 irruentes
2856 1331 3105 1395 domum,
3126 1340 3290 1384 totam
3314 1331 3536 1398 quidem

1952 1435 2108 1476 suam
2125 1430 2386 1476 exuerent
2401 1422 2706 1492 penuriam,
2724 1429 3003 1490 totamqtte
3022 1420 3407 1489 fulgentem-ibi
3429 1437 3543 1473 ma-
3646 1446 3651 1451 ~

1952 1512 2319 1586 gnificentiam
2359 1513 2670 1568 induerent.
2717 1512 2945 1581 Propter
2981 1514 3125 1581 quod
3163 1512 3416 1567 existimo
3448 1529 3544 1567 eos

1955 1606 2139 1669 vocari
2156 1607 2422 1662 violentos
2442 1620 2744 1674 rapereqne
2759 1620 3011 1674 regnum;
3028 1604 3172 1674 quod
3191 1606 3416 1659 daturos
3433 1621 3540 1658 non

1954 1706 2276 1767 exspectant
2324 1682 2738 1766 nee-eligentes
2796 1696 3127 1764 I‘CSpit'iunl,
3181 1697 3274 1751 sed
3325 1697 3545 1766 ipsiutet

1959 1792 2218 1845 thronum
2239 1799 2517 1859 occupant
2539 1800 2591 1843 et
2614 1787 2855 1858 propriis
2873 1787 3149 1858 suffragiis
3171 1788 3273 1843 sibi
3290 1788 3543 1844 diadema

1963 1882 2406 1950 circnmponunt.
2437 1879 2602 1948 Atqui
2635 1879 2683 1933 si
2722 1878 2968 1948 capiunt,
3006 1894 3111 1933 non
3141 1887 3321 1934 tamen
3352 1880 3406 1933 in
3439 1882 3543 1936 hoc

1962 1986 2021 2025 se
2045 1972 2238 2026 beatos
2264 1985 2387 2026 esse
2413 1972 2664 2033 credunt,
2694 1986 2798 2025 nec
2840 1970 3040 2026 exinde
3071 1973 3404 2041 voluptatem
3440 1972 3544 2028 Ita-

1961 2062 2113 2127 bent,
2153 2061 2249 2116 sed
2298 2063 2443 2129 quod
2493 2062 2546 2115 in
2593 2062 2795 2116 dilecto
2843 2078 3068 2131 regnum
3107 2077 3229 2118 esse
3274 2062 3541 2128 sentiunt,

1961 2155 2332 2225 gaudentque,
2355 2169 2462 2208 non
2496 2156 2642 2223 quod
2678 2154 2812 2224 ipsis
2852 2154 2994 2209 bona
3023 2154 3418 2221 communicat,
3447 2156 3545 2212 sed

1960 2247 2103 2314 quod
2132 2246 2221 2300 ille
2273 2247 2327 2301 in
2369 2245 2535 2301 bonis
2583 2255 2699 2313 est;
2733 2246 2804 2300 ita
2858 2253 2919 2302 ut
2954 2246 3000 2301 si
3050 2246 3187 2302 nihil
3230 2247 3362 2318 ipsis
3400 2260 3548 2305 esset

1962 2352 2258 2391 commune
2296 2352 2419 2391 eum
2464 2351 2652 2405 regno,
2684 2352 2783 2391 nec
2829 2337 2978 2405 ipsos
3031 2337 3386 2393 beatitudinis
3419 2354 3545 2409 par-

1961 2428 2155 2498 ticipes
2194 2427 2436 2484 efficeret
2475 2428 2728 2493 dilectus,
2766 2428 3125 2484 nihilominus
3165 2442 3350 2485 essent
3379 2432 3541 2495 beati,

1963 2531 2272 2589 regnarent,
2313 2529 2736 2584 COI‘OIHH'CIIIIII‘,
2769 2536 3071 2590 omnesque
3102 2523 3413 2579 fruerentur
3443 2535 3546 2582 hoc

1959 2627 2148 2682 regno.
2178 2610 2337 2668 Unde
2377 2613 2575 2666 merito
2616 2621 2902 2681 propterea
2930 2624 3175 2683 raptores
3214 2630 3546 2673 vocarentur

1888 2707 1901 2713 ’
1963 2713 2015 2756 et
2080 2703 2303 2759 violenti
2366 2703 2677 2757 divinorum
2735 2703 3002 2758 bonorum
3059 2694 3438 2774 possessores,
3490 2710 3544 2765 in

1962 2795 2279 2850 frnitionem
2304 2810 2491 2849 eorum
2512 2810 2630 2849 sese
2652 2795 3009 2865 impellentes.
3026 2795 3119 2852 Isti
3145 2810 3273 2852 sunt
3300 2800 3395 2870 qui
3419 2802 3546 2856 odio

1964 2888 2165 2944 habent
2184 2886 2418 2952 animas,
2433 2902 2527 2941 eas
2556 2887 2811 2955 perdunt,
2825 2895 2879 2941 et
2904 2902 3092 2943 earum
3111 2889 3232 2946 loco
3251 2890 3547 2949 Dominum

1962 2980 2266 3034 animarum
2298 2978 2589 3047 recipiunt.

277 3092 378 3146 καὶ
427 3088 827 3159 στεφανοῦσθαι
872 3088 967 3141 καὶ
1012 3085 1222 3146 πάντας
1266 3083 1366 3153 τῆς
1402 3078 1682 3152 βασιλείας
1757 3074 2049 3130 ἀπολαύειν
2106 3070 2342 3143 ἐκείνης.
2380 3070 2544 3123 Ὅθεν
2592 3069 2845 3142 ἅρπαγες
2871 3072 3098 3138 είκότως
3126 3073 3192 3129 ἂν
3233 3072 3323 3129 διὰ
3387 3075 3548 3131 τοῦτο

276 3183 529 3238 καλοῖντο
587 3183 681 3235 καὶ
742 3180 965 3251 βιασταὶ
999 3178 1112 3232 τῶν
1152 3177 1313 3229 θείων
1366 3175 1612 3243 ἀγαθῶν,
1648 3174 1728 3236 είς
1759 3171 1859 3240 τὴν
1898 3165 2199 3220 ἀπόλαυσιν
2235 3162 2414 3218 αὐτῶν
2445 3163 2669 3227 ἑαυτοὺς
2712 3163 3082 3229 είσωθοῦντες.
3133 3161 3296 3221 Οὗτοί
3324 3169 3464 3222 εἰσιν
3499 3171 3550 3224 οι

277 3276 378 3339 τὰς
408 3276 587 3346 ψυχὰς
617 3271 901 3346 μισοῦντες
936 3272 1030 3326 καὶ
1058 3269 1389 3331 ἀπολλύντες
1458 3268 1554 3320 καὶ
1617 3265 1823 3319 τούτων
1856 3262 1948 3315 τὸν
1979 3259 2088 3311 τῶν
2118 3256 2305 3326 ψυχῶν
2336 3255 2614 3326 Δεσπότην
2644 3256 3161 3326 ἀντιλαμϐάνοντες.

353 3373 420 3427 Τί
448 3372 541 3426 οὖν
566 3372 664 3442 τῆς
695 3371 872 3442 χαρᾶς
905 3368 1112 3439 ταύτης
1137 3368 1170 3437 ἦ
1209 3365 1397 3435 μεῖζον
1428 3363 1461 3434 ἢ
1491 3361 1857 3434 βεϐαιότερον;

2038 3352 2183 3418 Quid
2212 3350 2378 3418 igitur
2413 3349 2517 3403 hoc
2542 3349 2738 3420 gaudio
2776 3350 2952 3421 majus
2985 3353 3065 3407 vel
3097 3353 3361 3409 solidius?
3392 3351 3547 3421 Quod

282 3463 411 3529 τοῖς
441 3465 541 3536 μὲν
579 3464 689 3533 γὰρ
713 3463 931 3525 ἑαυτοῖς
954 3460 1206 3530 χαίρουσι
1251 3456 1312 3510 τὸ
1340 3454 1533 3528 χαρίεν
1561 3451 1862 3507 ἀποϐαλεῖν

280 3558 347 3611 οὐ
372 3556 483 3610 τῶν
509 3555 822 3625 ἀδοκήτων·
859 3554 919 3606 έν
961 3550 1138 3605 οὐδενὶ
1182 3548 1293 3620 γὰρ
1344 3547 1439 3601 ἐπὶ
1470 3543 1566 3599 τοῦ
1597 3542 1864 3613 παρόντος

281 3648 521 3716 τὶγαθδν
560 3648 842 3718 ἀκίνητον,
884 3645 1012 3700 ὅθεν
1044 3644 1104 3697 οὐ
1140 3640 1211 3697 δι’
1240 3632 1316 3696 ὧν
1349 3637 1714 3702 ἀπολαύουσι,
1742 3631 1864 3703 χαί-

283 3760 443 3812 ρουσι
482 3741 707 3811 μᾶλλον,
735 3738 769 3810 ἢ
803 3737 870 3792 δι’
901 3730 978 3791 ὧν
1012 3736 1141 3805 περὶ
1169 3733 1265 3788 τοῦ
1296 3732 1528 3786 πλούτου
1572 3729 1861 3798 τρέμουσι,

282 3834 547 3889 ἀνιῶνται
568 3851 583 3866 ·
622 3833 736 3895 τοῖς
771 3829 828 3883 δὲ
855 3829 952 3884 καὶ
979 3832 1006 3882 6
1036 3827 1313 3899 θησαυρὸς
1342 3823 1450 3876 τῶν
1479 3820 1700 3887 ἀγαθῶν
1726 3818 1869 3873 ἄσυέ

283 3925 377 3987 λος
431 3923 525 3976 καὶ
577 3922 744 3994 ἡδονὴ
786 3919 968 3989 λύπης
1006 3917 1263 3988 ἄμικτος,
1322 3914 1416 3968 καὶ
1468 3911 1633 3980 φόϐος
1689 3902 1866 3970 οὐδεὶς

281 4017 428 4085 ὑπὲρ
473 4015 713 4079 ἑστῶτος
767 4012 862 4067 καὶ
911 4010 1133 4082 βεϐαίου
1169 4008 1519 4080 πράγματος.
1550 4003 1659 4056 Καὶ
1686 4003 1735 4054 οἱ
1766 3999 1868 4071 μὲν

284 4109 382 4162 καὶ
422 4105 575 4159 αὐτοὶ
603 4104 826 4165 εἰκότως
851 4098 1220 4154 ὐπόπτεύουσι
1249 4096 1349 4166 τὴν
1381 4095 1582 4165 χαρὰν,
1610 4090 1688 4160 μὴ
1728 4090 1867 4160 πρὸς

284 4197 674 4265 ὑπερηφανίαν
707 4193 911 4255 αὐτοὺς
943 4191 1137 4261 ἐξάγῃ,
1195 4187 1402 4258 σφόδρα
1457 4184 1595 4256 πρὸς
1638 4182 1870 4245 ἑαυτοὺς

287 4294 618 4365 βλέποντας,
649 4288 677 4340 δ
714 4288 777 4340 τὸ
814 4285 1067 4339 πλεῖστον
1099 4282 1166 4336 ἂν
1195 4280 1294 4350 τῆς
1336 4277 1533 4348 ἡδονῆς
1578 4275 1868 4345 ὑποτέμοι,

286 4388 404 4446 τοῖς
435 4384 491 4437 δὲ
533 4380 773 4435 τοιοῦτον
818 4378 939 4432 οὐδὲ
990 4374 1216 4444 ὶνοχλεῖ,
1250 4370 1460 4425 ἑαυτῶν
1495 4368 1594 4438 μὲν
1621 4367 1721 4420 οὐκ
1753 4367 1872 4418 ἐπι-

287 4475 706 4547 στρεφομένοις,
732 4476 789 4526 ὲν
810 4468 889 4542 τῷ
911 4467 1031 4538 Θεῷ
1052 4467 1108 4520 δὲ
1130 4467 1228 4533 τὴν
1251 4462 1482 4533 δύναμιν
1501 4458 1868 4529 ποιουμένοις,

287 4575 353 4624 ὲν
376 4568 577 4639 ἐκείνῳ
611 4567 666 4619 δὲ
705 4563 1106 4635 καυχωμένοις,
1136 4557 1232 4612 καὶ
1261 4556 1398 4618 ὅλως
1425 4555 1525 4623 οὐχ
1554 4553 1680 4605 ὅσον
1716 4551 1870 4604 αὐτοὶ

289 4682 588 4743 χωρουσιν,
612 4670 719 4715 οὐδ’
749 4661 940 4727 ὥσπερ
967 4643 1726 4743 ἀνθρώπους-χαίρεινιείκδς,
1751 4641 1869 4743 ἀλλ’

286 4732 551 4831 επέρφυᾶ
598 4768 720 4806 τινα
766 4748 860 4803 καὶ
910 4745 1063 4800 θείαν
1108 4739 1453 4810 καρποῦνται
1500 4735 1601 4804 τὴν
1650 4732 1865 4831 ἡδονήν.

286 4823 485 4908 Obside
514 4849 613 4920 μὲν
651 4846 762 4913 γὰρ
790 4840 970 4902 οἰκίας
1022 4834 1075 4888 εἰ
1112 4850 1194 4895 τις
1243 4828 1564 4893 ἀλλάξαιτο,
1612 4823 1872 4920 καλλίονα

289 4912 632 5015 φαυλοτέρας
654 4937 750 4990 καὶ
774 4933 970 5002 ἡδονῆς
999 4925 1328 5015 ἀντείληφεν
1358 4918 1577 5015 ἡδονὴν,
1609 4912 1677 4989 ἧς
1711 4916 1871 5015 ᾔδετο

290 5010 680 5106 τῆν’προτέραν
702 5026 895 5085 οἰκῶν,
920 5026 985 5092 ἢν
1005 5019 1151 5080 εἰκὸς
1172 5014 1396 5087 ἥδεσθαι
1417 5013 1506 5065 τὸν
1526 5010 1870 5065 ἀπολαύοντα

287 5131 391 5195 τῆς
419 5128 680 5193 δευτέρας
703 5138 718 5153 ⁸
763 5120 838 5183 ὡς
877 5117 934 5171 δὲ
964 5114 1058 5169 καὶ⁷
1098 5110 1353 5180 σώματος
1388 5109 1438 5161 εί
1492 5106 1709 5195 μηχανῇ
1763 5118 1867 5195 τινι

290 5221 448 5289 τύχοι
476 5217 778 5276 καλλίονος,
824 5211 884 5262 τὶ)
924 5206 1098 5277 παρὸν
1147 5198 1437 5256 ἀποϐαλὼν
1488 5198 1585 5250 καὶ
1636 5194 1735 5265 τὴν
1779 5192 1867 5246 ἐπ’

292 5284 446 5379 αὐτῷ
472 5307 646 5378 χαρὰν
687 5303 950 5373 ἠμειψεν,
1002 5295 1098 5350 καὶ
1146 5289 1372 5347 τοσοῦτο
1394 5288 1590 5379 Α-χαίρει
1644 5284 1867 5379 μᾶλλον,

292 5375 428 5455 ὅσον.
443 5375 689 5467 ἀμείνονι
718 5393 917 5464 χρῆται
950 5389 1188 5458 σώματι.
1223 5376 1435 5436 Οὐκοῦν
1458 5380 1586 5432 ὅταν
1611 5377 1672 5429 οὐ
1705 5375 1866 5446 μόνον

298 5492 459 5559 σῶμα
488 5466 591 5541 καὶ
631 5486 830 5547 οἰκίαν,
863 5478 976 5536 ἀλλ’
1004 5477 1199 5532 ἑαυτὸν
1239 5469 1552 5543 ἀπορρίψας
1586 5468 1681 5522 τὸν
1732 5466 1870 5519 Θεὸν

297 5558 622 5653 κομίσηται,
650 5579 748 5631 καὶ
787 5568 942 5636 οὗτος
972 5569 1123 5641 αὐτῴ
1157 5571 1250 5621 καὶ
1294 5565 1546 5635 σώματος
1576 5561 1668 5614 καὶ
1697 5558 1873 5629 ψυχῆς

299 5679 395 5730 atat
418 5675 634 5730 οἰκείων
665 5669 759 5724 καὶ
789 5668 960 5736 φίλων
984 5665 1076 5717 καὶ
1114 5661 1330 5715 πάντων
1357 5655 1726 5722 ἀντικαταστῇ
1737 5695 1750 5719 ,
1780 5654 1877 5703 καὶ
1904 5720 1907 5721 ν

301 5768 499 5838 ἡδονὴν
535 5765 754 5829 ἀνάγκη
797 5759 894 5829 τὴν
940 5758 1039 5826 μὲν
1076 5752 1383 5822 ὑπερϐῆναι
1428 5749 1605 5800 πᾶσαν
1638 5745 1734 5814 τὴν
1771 5742 1881 5795 τῶν

298 5859 631 5932 ἀνθρώπων,
649 5854 750 5924 τὴν
770 5852 827 5906 δὲ
852 5849 1061 5921 λαϐεῖν,
1084 5848 1117 5917 ἢ
1146 5846 1286 5916 πρὸς
1309 5842 1408 5912 τὴν
1435 5839 1586 5893 θείαν
1609 5838 1884 5909 ἥρμοσται

522 5976 794 6032 Pauor.
843 5969 963 6031 GR.
1012 5966 1054 6024 C
1070 5965 1146 6027 L.

1968 3443 2113 3500 etaim
2162 3442 2271 3496 illis
2325 3441 2420 3513 qui
2472 3440 2730 3512 gaudium
2779 3441 2836 3495 in
2866 3458 2924 3497 se
2985 3452 3217 3512 ponunt,
3269 3445 3547 3514 obiectum

1965 3534 2151 3608 gaudii
2217 3535 2484 3602 rapiatur,
2543 3549 2651 3588 non
2696 3539 2877 3589 estex
2931 3533 3276 3604 improvisis;
3309 3536 3364 3591 in
3393 3540 3544 3593 nulla

1966 3628 2110 3682 enim
2162 3641 2343 3680 rerum
2379 3624 2735 3703 praesentium
2766 3626 2964 3680 stabile
2999 3627 3276 3697 reperitur
3302 3629 3545 3696 bonum;

1966 3717 2109 3770 unde
2137 3706 2453 3786 non-magis
2483 3714 2552 3770 de
2581 3714 2784 3784 quibus
2811 3715 3077 3772 fruuntur
3106 3718 3365 3789 gaudent,
3380 3734 3542 3789 quam

1967 3810 2034 3862 de
2068 3806 2172 3861 illis
2218 3821 2320 3875 pro
2352 3805 2555 3874 quibus
2588 3807 2919 3862 tremiscunt
2952 3806 3163 3862 dolent.
3214 3806 3312 3862 His
3362 3820 3547 3863 autem

1968 3900 2264 3953 thesaurus
2293 3908 2375 3953 est
2405 3898 2674 3953 bonorum
2696 3913 2945 3965 securus,
2972 3899 3402 3971 jucundi'asque
3429 3900 3551 3955 sine

1972 3990 2216 4054 tristitia,
2245 3990 2534 4060 nullusque
2568 3988 2731 4043 timor
2761 4006 2858 4059 pro
2897 3990 3052 4044 firma
3097 3990 3389 4060 stabilique
3418 4007 3551 4062 pos-

1971 4084 2234 4136 sessione.
2264 4081 2348 4135 Illi
2372 4080 2593 4150 quidem
2640 4082 2804 4136 etiam
2852 4081 2956 4151 ipsi
2989 4082 3186 4137 merito
3237 4082 3548 4152 suspiciunt

1972 4172 2253 4241 gaudium,
2291 4186 2359 4224 ne
2389 4172 2541 4241 ipsos
2573 4170 2639 4225 ad
2672 4170 2984 4239 superbiam
3025 4172 3271 4236 extollat,
3309 4176 3546 4227 multum

1974 4266 2026 4317 in
2055 4278 2112 4318 se
2132 4263 2395 4328 videntes,
2413 4266 2556 4332 quod
2583 4264 2875 4317 maximam
2911 4265 3325 4335 partem'gandii
3349 4269 3557 4320 rescin‘

1975 4354 2105 4409 dere
2127 4364 2330 4425 potest;
2364 4355 2448 4409 his
2471 4365 2651 4408 autem
2697 4354 2832 4407 nihil
2869 4356 2974 4409 tale
3011 4357 3344 4409 anxietatem
3376 4356 3554 4419 all‘ert,

1974 4462 2100 4502 cum
2153 4447 2255 4517 ipsi
2274 4462 2380 4501 non
2408 4447 2460 4499 in
2486 4462 2543 4501 se
2564 4445 2862 4513 confidant,
2884 4447 2976 4501 sed
2997 4446 3062 4500 ad
3082 4445 3252 4501 Deum
3276 4462 3431 4500 suam
3452 4465 3548 4516 p0-

1976 4541 2199 4596 tentiam
2218 4540 2474 4601 referaut,
2495 4539 2549 4592 in
2565 4539 2764 4607 illoque
2782 4538 3108 4606 glorientur.
3128 4553 3190 4591 ac
3204 4525 3554 4591 omniumnon

1978 4642 2242 4703 quantum
2274 4633 2374 4702 ipsi
2409 4624 2593 4684 valent
2629 4640 2723 4684 aut
2746 4645 2844 4699 par
2877 4640 2962 4683 est
2993 4630 3242 4684 homines
3274 4646 3385 4684 sns-
3408 4630 3559 4700 ipern

1975 4727 2258 4796 gaudium,
2303 4724 2396 4779 sed
2423 4723 2889 4792 snpernaturalent
2915 4736 2978 4775 ac
3011 4720 3249 4775 divinam
3286 4722 3556 4793 colligunt

1968 4820 2384 4889 jucunditatem.
2408 4815 2463 4869 Si
2497 4817 2621 4886 quis
2653 4828 2813 4884 porro
2835 4813 3057 4867 domntn
3090 4827 3189 4882 pro
3218 4812 3403 4880 dumo,
3433 4816 3553 4884 pul-

1973 4913 2244 4968 chriorem
2292 4924 2391 4980 pro
2454 4909 2666 4972 viliore,
2729 4914 3114 4973 rommutaret,
3156 4907 3555 4974 jucunditatent

1974 5002 2137 5056 etiam
2176 5000 2502 5069 anticiparet
2538 5013 2635 5067 pro
2662 4997 3026 5067 iucunditate,
3047 4996 3193 5050 illius
3227 4997 3367 5053 loco.
3393 5014 3555 5065 quam

1975 5096 2255 5165 carpebat,
2272 5095 2505 5163 priorem
2534 5093 2756 5145 domum
2777 5104 3075 5158 occupans,
3096 5089 3238 5144 hanc
3258 5106 3419 5160 quam
3439 5108 3565 5144 sen-

1978 5190 2083 5243 tire
2108 5186 2402 5242 verisimile
2422 5194 2505 5240 est
2526 5184 2826 5254 posteriore
2851 5184 3138 5239 fruentem.
3161 5184 3375 5239 Pariter
3395 5186 3563 5238 etiam

1979 5281 2026 5335 si
2046 5281 2277 5351 quadam
2305 5278 2707 5333 machinatione
2742 5276 3025 5347 pulchrius
3044 5278 3312 5331 obtineret
3339 5293 3564 5347 l'orptts,

1981 5386 2222 5443 pra'sens
2251 5371 2528 5437 exuendo,
2556 5384 2758 5424 novum
2786 5384 3001 5438 quoque
3024 5382 3191 5438 super
3214 5364 3565 5436 hoe'partici-

1982 5473 2135 5533 paret
2152 5462 2430 5532 gaudium,
2448 5470 2709 5532 tantoque
2732 5462 2904 5531 magis
2923 5460 3201 5529 gauderet.
3222 5464 3428 5525 quanto
3453 5472 3570 5509 me-

1982 5557 2120 5611 liore
2140 5572 2367 5625 corpore
2389 5555 2678 5608 frueretur.
2700 5555 2833 5609 Cum
2857 5554 3020 5623 igitur
3038 5568 3143 5605 non
3173 5552 3345 5605 solum
3365 5563 3567 5615 corpus

1986 5658 2038 5703 et
2081 5649 2332 5711 domum,
2374 5649 2467 5701 sed
2501 5642 3105 5715 seipsum-nbjiciendo,
3140 5636 3307 5696 De'um
3337 5640 3565 5710 recepit,

1985 5752 2041 5795 et
2067 5741 2153 5794 hic
2179 5740 2284 5809 ipsi
2314 5740 2368 5791 in
2400 5740 2672 5809 corporis,
2702 5737 2920 5799 animae,
2953 5733 3330 5800 familiarium,
3357 5733 3571 5786 amico—

1990 5850 2111 5890 rum
2152 5835 2511 5904 omniumque
2542 5834 2721 5887 locum
2756 5829 3016 5885 suffectus
3041 5837 3146 5891 est,
3186 5828 3426 5883 Iattitiam
3476 5841 3577 5882 ne-

3171 5942 3249 6002 ‘23
