4036 6442
509 405 620 467 7ὶ5

1743 404 2055 464 NICOLAI
2099 403 2495 493 CABAS~1L5E

3662 402 3766 466 τις

510 538 666 579 cesse
695 533 779 577 est
811 519 1050 592 qualibet
1089 518 1371 574 hominum
1397 520 1445 573 Ιτι
1466 518 1580 573 tilia
1608 526 1887 589 prmstarv,
1914 520 2078 572 illatu-

2201 518 2583 586 μακαριότητα
2618 502 2717 568 καὶ
2760 516 2938 585 τοιᾷδε
2982 515 3254 587 προσήκει
3294 517 3628 587 μετασκευῃ.
3673 514 3769 567 Διά

511 634 615 690 que
640 630 854 672 sumere
878 630 997 684 qua:
1021 612 1215 668 divina:
1234 620 1519 679 coaptatur
1537 609 1858 665 beatitudini
1878 610 2081 679 talique

433 767 447 777 _
511 709 977 766 transformatioui
1032 705 1308 759 convenit.
1369 702 1577 757 Idcirco
1630 702 1836 757 Christi
1897 701 2083 754 ltetitia

509 805 610 877 ipsi
650 801 887 871 gaudere
936 799 1243 853 dicuntur:
1284 797 1349 851 de
1391 813 1499 867 quo
1545 796 1691 850 enim
1740 794 1830 850 ille
1863 794 2083 865 gaudet,

511 898 613 951 hoc
663 896 779 963 ipse
813 890 943 944 facit
989 889 1252 943 laetitiam.
1291 886 1487 956 Seipso
1514 887 1657 941 enim
1690 884 1922 954 gtudct;
1959 896 2083 937 cum

508 999 688 1043 autem
727 1000 789 1038 ca
815 998 936 1053 qua:
960 981 1235 1035 lmtilicare
1264 986 1513 1050 possunt,
1546 976 1734 1030 eadem
1772 982 1921 1036 sunt,
1959 972 2089 1026 hinc

507 1079 759 1147 sequitur
784 1071 1182 1145 utjucunditas
1211 1070 1401 1125 eadem
1431 1069 1522 1124 sit.
1547 1067 1610 1122 Et
1632 1068 1736 1122 hoc
1768 1082 1876 1121 non
1909 1067 2085 1119 solum

507 1172 829 1242 conjectura
860 1165 1260 1234 ratiocinioque
1289 1172 1417 1228 stat,
1456 1162 1546 1215 sed
1577 1176 1641 1215 ex
1663 1163 1778 1229 ipso
1808 1156 2090 1212 Salvatore

510 1282 540 1315 tt
568 1262 801 1316 aniieste
825 1261 1084 1325 loquente
1110 1262 1290 1325 potest
1307 1260 1563 1307 accurate
1594 1249 1753 1304 disci.
1787 1249 2085 1312 Postquam

506 1354 650 1405 enim
685 1348 973 1404 charitatis
1002 1347 1146 1415 leges
1178 1344 1490 1405 induxerat,
1530 1340 1827 1409 discipulos
1860 1338 2089 1391 hortans

508 1455 566 1499 ttt
610 1446 663 1497 in
710 1442 870 1498 linem
904 1439 1007 1509 ipsi
1050 1437 1403 1492 dilectionem
1466 1435 1849 1489 inconcussam
1889 1436 2089 1484 cule-

505 1539 706 1598 tlircnt,
750 1553 768 1586 ι
810 1532 931 1587 llzec
958 1528 1183 1587 loculus
1211 1546 1347 1597 ,sum
1397 1528 1568 1603 vobis,
1610 1527 1807 1594 iuqttit,
1858 1531 1917 1577 ut
1956 1538 2089 1591 gau-

505 1630 654 1682 dium
689 1641 869 1680 meum
904 1624 959 1678 in
993 1624 1149 1676 vobis
1185 1630 1427 1682 maneat,
1460 1630 1513 1673 et
1549 1617 1809 1687 gaudium
1843 1621 2088 1667 vestrum

506 1723 577 1774 sit
622 1721 861 1789 plenum.
902 1735 918 1767 ι
952 1714 1183 1785 Propter
1228 1713 1353 1781 hoc,
1386 1712 1584 1782 inquit,
1637 1710 1863 1777 diligere
1895 1704 2091 1777 praeci-

504 1814 617 1883 pio,
654 1820 733 1875 ut,
771 1812 896 1862 dum
929 1806 1166 1861 amicitia
1217 1806 1403 1859 omnia
1438 1818 1557 1858 mea
1587 1801 1746 1856 vobis
1775 1797 2089 1853 communia

2186 608 2345 662 τοῦτο
2375 611 2471 662 καὶ
2503 609 2604 678 τὴν
2650 606 2745 661 τοῦ
2791 607 3034 678 Χριστοῦ
3081 609 3260 678 χαρὰν
3314 608 3471 662 αὐτοὶ
3521 607 3771 677 λέγονται

2187 701 2434 773 χαίρειν·
2460 696 2505 770 ᾧ
2528 700 2638 771 γὰρ
2669 702 2883 763 ἐκεῖνος
2908 701 3111 772 χαίρει,
3134 701 3297 754 τοῦτο
3321 702 3417 753 καὶ
3441 701 3602 762 αὐτὸς
3634 706 3773 753 ποιεῖ

2187 794 2290 863 τὴν
2321 794 2519 863 χαράν.
2551 794 2747 863 Χαίρει
2779 793 2889 865 γὰρ
2915 793 3118 864 ἐαυτῷ,
3149 793 3260 846 τῶν
3287 793 3343 846 δὲ
3369 793 3595 863 τέρπειν
3620 793 3749 845 δυνα

2196 886 2379 956 μένων
2417 886 2526 941 τῶν
2560 887 2741 940 αὐτῶν
2777 887 2950 941 ὄντων
2980 886 3279 940 ἀκόλουθον
3311 888 3406 941 καὶ
3453 886 3643 957 ἡδονὴν
3676 888 3762 955 rip

2193 979 2370 1050 αὐτὴν
2405 975 2547 1034 εἶναι
2571 995 2583 1007 ⁸
2617 982 2715 1035 καὶ
2743 980 2905 1033 τοῦτο
2933 982 3035 1033 οὒκ
3067 980 3290 1033 εἰκάσαι
3322 980 3417 1031 καὶ
3450 978 3774 1044 λογίσασθαι

2193 1071 2357 1143 μόνον
2381 1071 2552 1135 ἔστιν,
2585 1070 2700 1125 ἀλλ’
2722 1070 2890 1124 αὐτοῦ
2921 1072 3109 1140 σαφῶς
3127 1072 3378 1139 λέγοντος
3396 1070 3492 1122 τοῦ
3523 1070 3772 1140 Σωτῆρος

2195 1164 2387 1235 μαθεῖν
2427 1164 2697 1234 ἀκριϐῶς.
2750 1165 2903 1217 Ἐπεὶ
2947 1163 3055 1234 γὰρ
3088 1165 3212 1228 τοὺς
3254 1164 3384 1233 περὶ
3429 1164 3529 1232 τῆς
3555 1164 3776 1233 ἀγάπης

2191 1259 2454 1325 εἰσήγαγε
2473 1257 2674 1325 νόμους
2692 1259 2784 1310 καὶ
2804 1256 3039 1328 παρῄνει
3059 1259 3173 1321 τοῖς
3195 1259 3468 1326 μαθηταῖς
3486 1256 3774 1324 φυλάττειν

2193 1349 2344 1421 αὐτῷ
2364 1350 2451 1403 διὰ
2477 1352 2669 1413 τέλους
2698 1349 2759 1402 τδ
2784 1349 3010 1421 φίλτρον
3035 1351 3312 1419 ἀκῐνητον,
3354 1370 3372 1401 ι
3408 1350 3593 1403 Ταῦτα
3620 1351 3775 1403 λελά·

2199 1444 2340 1511 ληκα
2372 1444 2521 1512 ὑμῖν,
2541 1446 2727 1513 φησπν,
2756 1443 2842 1495 ἵνα
2867 1445 2898 1510 ὴ
2928 1441 3070 1511 χαρὰ
3097 1441 3130 1512 ἡ
3162 1441 3266 1511 ἐμὴ
3314 1442 3441 1511 ὑμῖν
3475 1442 3654 1514 μείνῃ,
3685 1444 3775 1495 καὶ

2132 1606 2141 1611 ’
2195 1536 2228 1604 ἡ
2260 1534 2407 1606 χαρά
2443 1536 2573 1603 ὑμῖν
2618 1532 2908 1605 πληρωθῇ.
2954 1552 2973 1585 ι
3016 1535 3116 1587 Διὰ
3143 1533 3323 1599 τοῦτο,
3360 1535 3514 1603 φησὶ,
3566 1535 3774 1586 κελεύω

2198 1627 2396 1696 φιλεῖν,
2424 1626 2514 1679 ἵνα
2550 1627 2646 1695 τῆς
2679 1627 2863 1695 φιλίας
2915 1627 3094 1681 πάντα
3123 1626 3274 1695 τάμὰ
3303 1627 3459 1680 κοινά
3503 1629 3597 1680 καὶ
3623 1627 3776 1695 ὑμῶν

2196 1718 2488 1788 ποιούσης,
2515 1718 2616 1782 τὴν
2645 1718 2733 1771 ἐπ’
2770 1721 2894 1788 ἐμοὶ
2920 1720 3015 1772 καὶ
3042 1720 3155 1781 τοῖς
3181 1720 3335 1787 ὲμοῖς
3359 1720 3455 1787 τὴν
3488 1719 3655 1788 αὐτὴν
3677 1714 3774 1790 ἦτε

2195 1813 2478 1883 χαίροντες
2528 1810 2727 1882 ἡδονὴν
2767 1812 2928 1882 ἐμοί·
2976 1830 2994 1863 ι
3060 1811 3389 1865 Ἀπεθάνετε
3422 1812 3558 1880 γὰρ,
3619 1816 3711 1866 καὶ
3739 1817 3772 1882 η

505 1906 661 1969 facit,
695 1903 760 1957 de
803 1917 889 1956 me
919 1909 971 1952 ct
999 1900 1067 1954 de
1107 1897 1245 1952 meis
1290 1895 1479 1951 eadem
1513 1908 1707 1972 adego
1738 1891 1926 1945 laetitia
1955 1904 2078 1960 gau-

2196 1902 2310 1972 ςωὴ
2336 1904 2512 1971 ὑμῶν,
2537 1903 2696 1972 φησὶ,
2721 1905 3036 1970 κέκρυπται
3064 1905 3121 1956 ὲν
3151 1903 3227 1973 τῷ
3261 1905 3481 1973 Χριστῷ
3510 1907 3565 1957 ὲν
3582 1904 3719 1973 Θεῷ,
3749 1923 3767 1957 t

504 1996 699 2050 dentis.
759 1992 955 2047 Μονιυί
1009 1991 1155 2044 enim
1213 1988 1365 2050 estis,
1390 1994 1444 2040 et
1489 1984 1600 2038 vita
1649 1995 1848 2045 vesrra,
1890 1979 2088 2050 inquit,

504 2087 825 2143 abscomlita
862 2094 947 2139 est
991 2084 1046 2137 itt
1093 2082 1337 2143 Christo,
1366 2080 1419 2133 in
1455 2078 1588 2139 Deo,
1621 2075 1809 2130 eodem
1846 2072 2007 2125 modo
2038 2079 2092 2123 et

503 2179 766 2251 gaudium
823 2189 872 2233 et
925 2186 1121 2231 catcra
1173 2174 1397 2237 omnia;
1448 2170 1695 2238 nihilque
1739 2162 1966 2221 humani
2006 2170 2092 2217 est

505 2275 646 2343 apud
681 2273 854 2343 ipsos.
910 2270 968 2324 Et
1006 2270 1190 2323 omnia
1223 2265 1373 2320 brevi
1429 2277 1686 2319 sermone
1727 2256 2089 2313 manifestans

505 2371 701 2423 beatus
747 2363 975 2427 Paulus,
1014 2381 1031 2413 t
1073 2360 1189 2415 Non
1226 2359 1379 2424 estis,
1424 2356 1626 2425 inquit,
1660 2338 1869 2417 vestri;
1913 2350 2089 2422 pretio

498 2462 647 2515 enim
679 2458 845 2530 empti
882 2457 1050 2521 estis;
1080 2474 1096 2506 ι
1130 2463 1346 2524 emptus
1369 2462 1551 2505 autem
1583 2462 1690 2503 non
1726 2446 1791 2500 ad
1832 2443 2087 2507 semetip-

502 2572 647 2621 sum,
691 2554 785 2609 sed
814 2553 880 2607 ad
910 2561 1208 2621 emptorem
1244 2546 1434 2600 oculos
1461 2543 1670 2611 dirigit,
1695 2549 1747 2594 ct
1779 2537 2084 2593 secundum

502 2648 650 2702 illius
678 2647 1010 2699 voluntatem
1040 2640 1191 2695 vivit.
1210 2638 1312 2705 Qui
1339 2646 1519 2692 autem
1550 2633 1865 2689 horninibus
1896 2627 2083 2693 servit,

499 2754 731 2807 corpore
785 2748 998 2792 tantum
1051 2733 1208 2803 juxta
1258 2730 1517 2807 placitum
1556 2724 1762 2781 domini
1809 2722 2083 2785 vincitur;

498 2833 780 2887 voluntate
855 2844 988 2883 vero
1055 2827 1382 2894 rationeque
1434 2806 1597 2876 sicut
1662 2819 1790 2871 lihet
1868 2814 2079 2870 utitur:

499 2940 657 2994 quem
696 2938 823 2977 vero
843 2921 1100 2976 Christus
1132 2917 1287 2980 emit,
1323 2931 1431 2969 non
1461 2913 1575 2983 jam
1598 2920 1683 2965 est
1713 2924 1846 2963 suus
1868 2950 1883 2973 ,
1918 2905 2087 2976 siqui-

499 3020 622 3071 dem
673 3031 781 3067 non
809 3023 917 3071 est,
946 3014 1109 3064 homo
1136 3009 1230 3079 qui
1280 3016 1449 3061 totum
1476 3006 1609 3059 emit
1640 3003 1946 3063 hominem,
1983 3013 2083 3054 nec

500 3119 583 3164 est
617 3108 850 3178 pretium
890 3121 1000 3175 quo
1027 3103 1201 3173 possit
1235 3103 1531 3155 humanam
1568 3112 1752 3151 emere
1786 3093 2028 3150 animant
2065 3109 2081 3146 :

499 3201 645 3256 unde
678 3213 837 3255 nemo
869 3198 1030 3252 solvit
1067 3196 1149 3251 vel
1180 3208 1399 3249 servum
1453 3190 1581 3246 fecit
1610 3187 1891 3244 hominem
1936 3186 2077 3240 ttltra

2193 1996 2286 2048 τδν
2321 1990 2438 2048 ἴσον
2480 1996 2689 2065 τρόπον
2732 1997 2827 2049 καὶ
2869 1998 2901 2066 ή
2933 1996 3078 2066 χαρὰ
3112 1996 3203 2049 καὶ
3242 1996 3411 2050 τάλλα
3443 1997 3519 2049 πά
3556 2014 3639 2058 τα,
3681 1998 3773 2048 καὶ

2192 2091 2345 2143 οὐδὲν
2397 2090 2739 2159 ἀνθρώπινον
2803 2090 2935 2159 παρ’
2984 2093 3186 2146 αὐτοῖς.
3243 2091 3353 2144 Καὶ
3406 2092 3582 2142 πάντα
3631 2090 3770 2156 λόγῳ

2195 2181 2392 2251 βραχεῖ
2413 2182 2589 2249 δηλῶν
2613 2185 2638 2235 ὀ
2672 2182 2944 2251 μακάριος
2964 2183 3200 2250 Παῦλος,
3229 2202 3246 2234 ι
3278 2182 3390 2237 Οὔκ
3414 2185 3557 2247 ἔστε,
3583 2182 3773 2251 φησὶν,

2193 2275 2425 2336 ἑαυτῶν,
2470 2276 2820 2345 ἠγοράσθητε
2849 2275 2958 2345 γὰρ
2992 2280 3180 2347 τιμῆς,
3223 2295 3240 2327 ι
3277 2280 3305 2330 ὁ
3334 2277 3389 2329 δὲ
3420 2276 3771 2346 πεπραμένος

2188 2368 2249 2420 οὺ
2280 2368 2413 2437 πρὸς
2470 2370 2691 2433 ἑαυτὸν,
2725 2367 2860 2419 ἀλλὰ
2894 2374 2983 2418 τὸν
3017 2368 3323 2438 ἐωνημένον
3358 2369 3460 2438 ὁρᾷ
3511 2369 3603 2420 καὶ
3637 2368 3767 2437 πρὸς

2190 2459 2288 2527 τὴν
2323 2459 2539 2512 ἐκείνου
2579 2460 2643 2528 ζῇ
2677 2458 2927 2529 γνώμην.
2962 2461 3159 2514 Καίτοι
3190 2463 3302 2523 τοῖς
3340 2462 3438 2530 μὲν
3461 2460 3767 2528 ἀνθρώποις

2188 2552 2215 2603 ὁ
2238 2549 2507 2603 δουλεύων
2530 2552 2588 2603 τὸ
2614 2550 2775 2620 σῶμα
2792 2552 2999 2605 δέδεται
3022 2553 3181 2623 μόνον
3201 2554 3334 2622 προς
3362 2554 3418 2606 τὸ
3439 2553 3515 2623 τῷ
3534 2555 3769 2625 δεσπότῃ

2187 2643 2403 2709 δοκοῦν,
2440 2643 2540 2713 τὴν
2574 2643 2628 2696 δὲ
2671 2644 2897 2713 γνώμην
2932 2645 3028 2698 καὶ
3057 2645 3149 2698 τὸν
3178 2645 3441 2716 λογισμὸν
3484 2646 3766 2716 ἐλεύθερός

2188 2739 2356 2798 ἐστιν,
2385 2737 2413 2789 ὅ
2447 2753 2498 2788 τι
2536 2735 2603 2787 ἂν
2636 2734 2886 2803 βούλοιτο
2934 2736 3205 2807 χρῆσθαι’
3247 2737 3307 2790 δν
3363 2738 3419 2792 δὲ
3459 2739 3485 2791 ὁ
3532 2739 3766 2808 Χριστὸς

2188 2826 2483 2897 ἠγόρασεν,
2517 2827 2617 2878 οὐκ
2647 2826 2798 2879 ἐστιν
2827 2827 2979 2890 ὅπως
3032 2828 3185 2881 ἐστὶν
3238 2827 3454 2892 ἑαυτοῦ,
3502 2829 3627 2882 ἐπεὶ
3672 2830 3767 2882 καὶ

2184 2918 2276 2971 τδν
2304 2916 2594 2985 ἄνθρωπον
2631 2918 2929 2989 ὁλόκληρον
2956 2918 3263 2989 ἀνθρώπων
3298 2920 3395 2990 μὲν
3421 2920 3595 2983 οὐδεὶς
3621 2919 3732 2988 ὠνή
3750 2950 3768 2962 ο

2187 3025 2339 3072 σατο,
2370 3008 2476 3061 οὐδ’
2513 3008 2661 3061 ἐστιν
2692 3001 2753 3064 οὗ
2781 3010 3090 3080 τιμήματος
3122 3012 3301 3083 ψυχὴν
3325 3010 3513 3064 λαϐεῖν
3541 3011 3766 3065 δυνατὸν

2184 3099 2567 3170 ἀνθρωπίνην·
2591 3099 2715 3154 ὅθεν
2747 3100 2923 3165 οὐδεὶς
2951 3103 3145 3155 ἔλυσεν
3167 3103 3452 3172 ἄνθρωπον
3473 3102 3505 3172 ἢ
3543 3101 3766 3155 ἐδουλώ-

2188 3211 2317 3246 σατο
2353 3191 2447 3245 τοῦ
2480 3192 2733 3263 σώματος
2772 3197 3104 3265 περαιτέρω,
3149 3199 3175 3249 ὁ
3222 3197 3278 3249 δὲ
3324 3195 3510 3265 Σωτὴρ
3545 3195 3764 3249 ἅπαντα

498 3309 736 3363 corpus;
775 3290 1027 3344 Salvator
1053 3296 1231 3342 autem
1264 3296 1436 3339 totum
1464 3282 1739 3337 hominem
1764 3280 1915 3334 emit.
1938 3278 2077 3332 Cum

2184 3286 2275 3339 τὸν
2302 3286 2589 3356 ἄνθρωπον
2609 3258 2873 3357 τυγχάνεί
2897 3258 3196 3358 πριάμενος
3221 3305 3234 3318 ·
3255 3290 3341 3340 ὅτε
3365 3258 3766 3353 καὶ-ἀνθρωττοι

497 3387 659 3440 etiam
710 3382 961 3438 homines
1011 3390 1231 3452 propter
1261 3391 1478 3434 Servum
1530 3374 1815 3446 pecuniam
1868 3371 2077 3426 solum-

498 3479 661 3537 modo
688 3479 927 3545 solvunl,
957 3475 1047 3529 ille
1075 3472 1435 3542 semetipsum
1468 3469 1618 3523 dedit
1648 3468 1924 3539 pretium;
1956 3479 2080 3517 cor-

496 3589 598 3643 pus
625 3580 678 3625 ct
706 3571 943 3625 animant
964 3580 1061 3636 pro
1080 3572 1262 3619 nostra
1283 3558 1783 3619 Iibertatetradidit;
1805 3554 1933 3609 illttd
1953 3553 2073 3623 qui-

495 3666 619 3718 dem
645 3661 780 3715 tuori
801 3659 951 3722 fecit,
975 3658 1115 3711 hunc
1135 3664 1315 3709 autem
1347 3669 1374 3705 a
1407 3665 1637 3721 corpore
1665 3646 1917 3703 liberavit
1936 3660 1952 3711 ;
1972 3645 2078 3698 hoc

496 3756 714 3822 quidem
742 3753 912 3822 plagis
931 3749 1032 3803 fuit
1048 3748 1372 3809 cruciatum,
1394 3745 1483 3798 illa
1505 3756 1775 3806 vero,non
1800 3738 1977 3793 solum
1995 3751 2077 3790 oc-

494 3849 609 3902 ciso
626 3860 877 3914 corpore,
898 3843 990 3899 sed
1012 3842 1173 3897 etiam
1210 3848 1333 3893 ante
1356 3838 1577 3891 vulnera
1608 3833 1813 3889 doluit:
1840 3851 1857 3882 ι
1879 3830 2078 3885 Tristis

492 3950 597 4003 est,
628 3939 828 4008 inquit,
850 3936 1031 3991 anima
1052 3949 1169 3987 mea
1189 3946 1360 3999 usque
1390 3930 1455 3994 ad
1495 3938 1743 3982 mortem.
1777 3945 1794 3977 ι
1829 3925 1894 3978 Et
1916 3925 1986 3975 ita
2016 3936 2075 3976 se

493 4041 666 4085 totum
688 4030 929 4094 tradens,
945 4034 1117 4080 totum
1138 4023 1270 4077 emit
1288 4020 1584 4083 hominem;
1601 4033 1730 4090 ergo
1744 4017 2071 4070 voluntatem

492 4133 545 4178 et
562 4124 703 4177 hanc
727 4121 998 4190 praecipue
1022 4110 1611 4184 comparaviLJtSteuint
1653 4109 1870 4164 aliunde
1896 4105 2074 4161 domi-

494 4232 599 4270 nus
615 4223 734 4268 erat
750 4211 1124 4277 universazqne
1144 4218 1349 4257 naturae
1366 4214 1564 4255 nostra:
1581 4199 1882 4255 dominium
1906 4198 2073 4251 habe-

493 4309 584 4379 bat
620 4322 634 4358 :
669 4318 777 4374 quo
812 4315 938 4356 vero
971 4299 1285 4377 servitutem
1318 4295 1657 4366 fugiebantus
1691 4293 1795 4347 hoc
1828 4292 2075 4345 voluntas

491 4408 629 4461 erat,
654 4408 707 4452 et
742 4405 800 4449 ut
831 4394 918 4447 illa
949 4392 1232 4463 potiretur,
1251 4389 1503 4443 nihilnon
1526 4380 1605 4443 est
1628 4396 1905 4457 operatus.
1927 4384 2074 4449 Quo-

494 4495 641 4546 niam
665 4493 809 4544 enim
832 4490 1082 4541 voluntas
1102 4492 1218 4538 erat
1234 4497 1395 4551 quam
1416 4480 1715 4550 quaerebat,
1736 4493 1837 4531 nou
1866 4476 2074 4531 violen-

2186 3374 2286 3445 μὲν
2313 3379 2453 3445 ὑπὲρ
2481 3378 2823 3447 ἀνδραπόδου
2853 3380 3113 3449 χρήματα
3144 3378 3544 3431 καταϐάλλουσι
3575 3378 3763 3447 μόνον,

2180 3470 2387 3531 ἐκεῖνος
2421 3469 2477 3522 δὲ
2510 3470 2704 3522 ἑαυτὸν
2737 3472 3026 3539 εἰσήνεγκε
3059 3471 3155 3523 καὶ
3182 3471 3245 3523 τὸ
3284 3471 3443 3541 σῶμα
3478 3469 3764 3540 προῦδωκε

2180 3562 2275 3613 καὶ
2306 3562 2406 3632 τὴν
2434 3559 2617 3631 ψυχὴν
2650 3561 2791 3632 ὑπὲρ
2824 3564 2924 3632 τῆς
2975 3562 3254 3631 ἡμετέρας
3294 3562 3630 3631 ἐλευθερίας,
3667 3562 3763 3614 καὶ

2179 3653 2239 3704 τὸ
2272 3653 2369 3722 μὲν
2399 3653 2696 3706 ἀποθανεῖν
2724 3654 2970 3723 ἐποίησε.
2993 3653 3093 3723 τὴν
3117 3654 3172 3707 δὲ
3198 3655 3256 3706 τὸ
3281 3656 3483 3707 οἰκεῖον
3503 3654 3759 3722 ἀφείλετο

2180 3744 2362 3814 σῶμα,
2394 3746 2489 3797 καὶ
2530 3745 2591 3797 τὸ
2623 3745 2722 3813 μὲν
2763 3744 3015 3815 ὠδυνήθη
3053 3744 3447 3815 πληττόμενον,
3477 3744 3661 3814 ἐκείνη
3699 3743 3760 3797 δὲ

2176 3835 2411 3906 ήνιάσθη
2454 3838 2516 3890 οὐ
2566 3837 2940 3906 σφαττομένου
2971 3837 3066 3889 τοῦ
3100 3836 3351 3907 σώματος
3389 3840 3570 3907 μόνον,
3619 3837 3761 3892 ἀλλὰ

2178 3933 2273 3979 καὶ
2329 3928 2433 3996 πρὸ
2471 3927 2573 3996 τῆς
2605 3918 2840 3996 πληγῆς.
2894 3948 2912 3979 ι
2974 3929 3275 3998 Περίλυπός
3325 3932 3463 3989 ἐστι.
3505 3932 3690 4001 φησὶν,
3722 3934 3757 4000 ἡ

2176 4015 2323 4086 ψυχή
2352 4033 2455 4086 μου
2477 4017 2579 4075 ἓως
2609 4016 2859 4070 θανάτου.
2895 4034 2913 4065 t
2943 4016 3050 4068 Καὶ
3071 4016 3243 4079 οὕτως
3268 4016 3390 4070 ὅλον
3414 4017 3538 4080 δοὺς
3564 4016 3757 4069 ἑαυτὸν

2177 4107 2299 4160 ὅλον
2329 4107 2549 4161 ὠνεῖται
2584 4108 2677 4161 τὸν
2703 4108 3013 4178 ἄνθρωπον,
3050 4109 3249 4162 οὐκοῦν
3282 4110 3376 4161 καὶ
3406 4108 3503 4179 τὴν
3536 4108 3758 4177 θέλησιν

2178 4201 2407 4270 ἐπρίατο
2451 4201 2545 4254 καὶ
2594 4203 2831 4270 μάλιστα
2871 4202 3100 4272 ταύτην.
3157 4202 3237 4255 Τὰ
3296 4202 3399 4271 μὲν
3458 4203 3568 4272 γὰρ
3617 4202 3755 4257 ἄλλα

2175 4294 2443 4364 δεσπότης
2468 4291 2537 4367 ἦν
2567 4298 2663 4349 καὶ
2692 4296 2786 4367 τῆς
2814 4296 3027 4371 φύσεως
3060 4295 3218 4366 ἡμῶν
3249 4297 3465 4367 ἁπάσης
3494 4298 3751 4367 ὲκράτει’

2175 4379 2219 4452 ᾧ
2255 4388 2311 4440 δὲ
2346 4386 2442 4456 τὴν
2477 4387 2723 4440 δουλείαν
2755 4377 3149 4458 ὲφεύγομ.εν,’ἡ
3177 4387 3399 4456 θέλησις
3422 4383 3510 4457 ἦν,
3548 4388 3644 4440 καὶ
3667 4388 3754 4439 ἵνα

2176 4480 2379 4550 ταύτην
2418 4480 2551 4544 ἕλοι,
2588 4480 2770 4533 πάντα
2818 4482 3140 4550 εἰργάσατο.
3186 4479 3284 4532 Διά
3327 4480 3484 4532 τοῦτο
3531 4482 3640 4550 γὰρ
3669 4480 3755 4533 ὅτι

493 4599 573 4641 ter
590 4584 701 4653 egit
739 4596 841 4636 nec
876 4578 1079 4650 rapuit,
1101 4576 1193 4631 sed
1218 4578 1379 4629 ctnit:
1401 4573 1542 4627 unde
1563 4571 1741 4625 nullus
1759 4578 2073 4637 emptorum

2181 4572 2403 4645 γνώμην
2434 4574 2640 4643 ἐζήτει,
2672 4574 2843 4643 βίαιον
2875 4574 3028 4626 οὐδὲν
3055 4572 3314 4644 εποίησεν
3341 4573 3449 4626 οὐδ’
3476 4575 3749 4643 ἣρπασεν»,

493 4690 654 4733 utens
677 4677 1059 4743 voluntatepro
1088 4669 1406 4740 semetipso,
1436 4667 1581 4736 iuste
1625 4662 1806 4719 faciet.
1845 4659 1937 4713 sed
1958 4673 2074 4713 etn-

493 4778 727 4836 ptorem,
756 4767 1009 4821 orbatum
1062 4761 1429 4832 possessione,
1450 4758 1574 4826 jure
1608 4753 1782 4806 ltedet.
1815 4751 2072 4807 Utcretur

490 4872 669 4915 autc-ut
703 4860 902 4929 aliquis
934 4857 998 4911 ad
1024 4854 1377 4922 semetipsum
1405 4849 1700 4908 voluntate,
1721 4845 2067 4912 semetipsum

490 4954 675 5007 volens
701 4951 919 5020 suisque
954 4948 1219 5021 gaudens.

559 5137 748 5190 Restat
781 5144 840 5188 ut
875 5148 1033 5186 nemo
1067 5132 1334 5185 bonorum
1368 5140 1432 5180 ac
1464 5125 1733 5195 justorutn
1765 5136 1823 5177 ee
1854 5120 2065 5189 diligat,

486 5230 579 5284 sed
612 5228 789 5282 solum
823 5235 1145 5292 emptorem,
1170 5219 1442 5290 siquidem
1471 5216 1697 5269 omnino
1732 5229 1958 5268 necesse
1981 5222 2064 5264 est

486 5322 621 5374 tales
654 5332 775 5372 esse
817 5311 1084 5384 quosdam
1107 5320 1439 5380 cmptorum,
1473 5307 1629 5363 sinon
1683 5321 1910 5370 omnes;
1952 5303 2074 5360 l‘ru-.

482 5423 594 5468 stra
637 5420 872 5473 namque
905 5402 1106 5457 factam
1139 5416 1264 5455 esse
1291 5399 1627 5453 tremendam
1669 5397 1806 5451 hanc
1829 5396 2065 5465 cmptio-

480 5518 629 5563 neut,
674 5494 949 5567 quomodo
989 5492 1187 5545 rationi
1241 5489 1721 5544 consentaneum?
1772 5489 2060 5556 Diligentes

480 5606 663 5649 autem
707 5592 855 5645 illum
889 5587 1063 5643 solum
1102 5590 1424 5652 sequeretur
1458 5597 1648 5651 puram
1682 5581 1749 5635 ab
1782 5581 1927 5634 omni
1962 5578 2059 5633 tti-

478 5686 626 5738 stitia
657 5681 1053 5753 iucunditatem
1099 5676 1320 5741 habere,
1349 5675 1475 5744 quia
1515 5673 1646 5727 nihil
1685 5683 1880 5744 praeter
1910 5674 2057 5742 ipso-

475 5790 595 5827 rum
643 5775 955 5828 voluntates
996 5770 1229 5826 dilectus
1266 5767 1417 5832 facit,
1451 5769 1740 5821 maximam
1780 5774 1963 5820 autem
1999 5775 2055 5819 et

479 5866 949 5935 Supernaturalem
993 5881 1055 5918 ac
1098 5864 1374 5928 divinant,
1419 5871 1603 5931 utpote
1651 5860 1914 5930 integrant
1965 5860 2055 5915 hic

2175 4666 2293 4721 ἀλλ’
2330 4667 2642 4738 ἠγόρασεν·
2706 4666 2826 4719 ὅθεν
2884 4666 2993 4719 τῶν
3043 4668 3413 4734 πεπραμένων
3458 4667 3637 4727 οὐδεὶς
3672 4665 3752 4726 εἰς

2173 4758 2365 4811 ἑαυτὸν
2392 4758 2675 4826 χρώμενος
2700 4760 2765 4827 τῇ
2789 4755 3011 4826 θελήσει
3029 4757 3097 4809 τά
3122 4756 3307 4810 δίκαια
3344 4759 3580 4824 ποιήσει,
3614 4757 3751 4810 ἀλλά

2170 4852 2261 4903 τὴν
2294 4850 2603 4919 ἐωνημένον
2655 4849 2903 4919 ἀδικήσει
2932 4848 3028 4902 τοῦ
3060 4851 3344 4918 κτήματος
3391 4849 3711 4918 ἀποστερῶν
3731 4865 3746 4879 ο

2171 4944 2349 5017 χρῷτο
2375 4945 2419 4998 δ’
2442 4945 2507 4999 άν
2535 4962 2616 5007 τις
2645 4945 2779 5015 πρὸς
2802 4945 2995 4998 ἑαυτὸν
3029 4948 3098 5017 τῇ
3116 4944 3330 5016 θελήσει
3361 4944 3551 4998 ἑαυτὸν
3582 4944 3750 5020 θέλων

2171 5040 2266 5090 καὶ
2298 5040 2405 5099 τοῖς
2436 5037 2630 5090 ἑαυτοῦ
2666 5036 2892 5106 χαίρων.

2240 5130 2503 5181 Λειπεται
2550 5130 2615 5199 δὴ
2672 5130 2876 5198 μηδένα
2927 5128 3037 5182 τῶν
3084 5130 3341 5201 χρηστῶν
3382 5131 3474 5182 καὶ
3516 5129 3744 5182 δικαίων

2170 5219 2361 5272 ἑαυτὸν
2389 5220 2587 5287 φιλεῖν,
2613 5219 2751 5272 ἀλλά
2780 5219 2870 5272 τὸν
2908 5221 3257 5289 ἀγοράσαντα
3288 5221 3470 5292 μόνον,
3501 5221 3620 5274 ἐπεὶ
3650 5222 3746 5274 καὶ

2167 5313 2317 5364 πᾶσα
2378 5312 2617 5382 ἀνάγκη,
2673 5311 2948 5375 τοιούτους
2996 5308 3280 5367 εἶναιτῶν
3322 5312 3742 5385 ἀγορασθέντων

2167 5402 2341 5464 ἐνίους
2377 5402 2426 5453 εἰ
2461 5401 2557 5454 καὶ
2591 5402 2666 5472 μὴ
2699 5401 2907 5463 πάντας
2928 5418 2942 5432 '
2991 5403 3171 5474 μάτην
3210 5403 3318 5473 γὰρ
3351 5404 3609 5471 γενέσθαι
3644 5406 3744 5473 τὴν

2163 5495 2307 5564 ὠνὴν
2336 5496 2551 5563 ἐκείνην
2578 5496 2677 5564 τὴν
2703 5497 2976 5567 φρικώδη,
3014 5496 3133 5559 πῶς
3158 5496 3417 5564 abbrev;
3448 5497 3744 5565 φιλοῦντας

2160 5588 2217 5640 δὲ
2244 5589 2451 5640 ἐκεῖνον
2475 5588 2636 5655 μόνον
2662 5589 2930 5658 ἑπόμενον
2962 5590 3026 5642 ἂν
3051 5590 3162 5659 εἴη,
3188 5589 3435 5659 καθαρὰν
3463 5589 3563 5659 μὲν
3582 5591 3744 5651 ἀνίας

2159 5681 2355 5741 αὐτοὺς
2393 5681 2611 5750 ἀπάσης
2653 5680 2879 5750 ἥδεσθαι
2912 5681 3131 5753 ἡδονὴν,
3162 5681 3243 5735 ὃτι
3279 5682 3433 5735 οὐδὲν
3466 5682 3615 5751 παρὰ
3642 5681 3745 5743 τὰς

2159 5770 2337 5825 αὐτῶν
2368 5774 2394 5824 ὁ
2416 5771 2739 5840 φιλούμενος
2776 5773 3029 5842 πράττει,
3065 5774 3332 5845 μεγίστην
3362 5772 3421 5827 δὲ
3448 5773 3541 5827 καὶ
3568 5776 3745 5842 ὑπερ-

2159 5862 2270 5931 φυᾶ
2310 5865 2403 5915 καὶ
2454 5864 2635 5932 θείαν,
2677 5864 2760 5917 ὅτι
2804 5881 2867 5921 τε
2903 5865 3200 5934 ὁλόκληρον
3254 5864 3485 5919 ἐνταῦθα
3520 5863 3746 5919 iuvabat
