4036 6446
338 472 441 536 ἿΠ

1361 465 1463 524 DE
1498 463 1675 523 VlTA
1705 460 1783 521 IN
1824 458 2163 519 CHRISTO
2204 457 2346 518 LIB.
2389 457 2522 517 νιι.

3470 443 3578 511 718

331 586 431 657 τὴν
459 583 691 652 δύναμιν
732 579 828 649 τῆς
867 579 1065 649 χαρᾶς,
1098 576 1193 630 καὶ
1240 576 1323 629 ὅτι
1366 575 1429 626 τὸ
1457 574 1659 644 τέρπον
1701 569 1902 630 αὐτοὺς

2018 571 2207 623 laetitia:
2238 569 2536 638 potentiam
2589 566 2935 629 exuam-ium,
2969 573 3134 636 atque
3182 564 3389 618 laetitiae
3424 565 3578 631 ipso-

331 679 515 731 πᾶσαν
561 670 884 742 ὑπερσαίνει
931 668 1173 740 χαρίτων
1207 665 1540 737 ὑπερϐολήν.
1575 662 1685 717 Καὶ
1728 660 1904 721 ἄλλως

331 771 391 822 δὲ
453 766 705 835 καθάπερ
772 760 988 829 ἀνάγκη
1050 746 1145 813 τὸν
1210 756 1525 825 ἀνθρώποις
1583 751 1907 807 δουλεύοντα

329 856 642 922 λυπεῖσθαι,
672 853 846 915 οὕτως
875 851 1091 921 ἀνάγκη
1122 851 1214 903 τὸν
1238 849 1318 919 τῷ
1342 846 1563 917 Χριστῷ
1583 844 1906 899 δουλεύοντα

332 971 396 1023 χο
409 951 565 1020 ίρειν.
602 949 678 1002 Οὐ
708 947 815 1016 γὰρ
845 946 927 998 ἐτι
956 943 1054 1014 τὴν
1085 942 1277 1008 αὐτοῦ,
1311 940 1446 993 ἀλλά
1476 940 1575 1014 τὴν
1614 934 1706 988 τοῦ
1740 951 1904 1003 πρια-

335 1043 499 1113 μένου
523 1038 718 1112 χωρῶν
746 1038 773 1091 6
797 1038 897 1106 μὲν
925 1037 1013 1091 διὰ
1038 1034 1217 1089 πόνων
1244 1033 1466 1103 ἔρχεται
1488 1030 1580 1083 καὶ
1602 1027 1804 1080 ὀδυνῶν
1827 1024 1906 1094 τῷ

331 1135 429 1187 καὶ
455 1131 631 1199 λύπης
662 1130 759 1183 κοιλ⁸
796 1129 973 1182 πόνων
1011 1126 1304 1196 ὑπευθύνῳ
1337 1120 1665 1201 ἀκολουθῶν,
1696 1120 1905 1177 ἐκεῖνος

328 1225 389 1278 δὲ
406 1223 523 1286 πῶς
546 1220 902 1291 ἀνιαθήσεται
923 1220 1024 1289 τῆς
1064 1217 1326 1288 ἀληθινῆς
1351 1215 1527 1285 χαρᾶς
1564 1209 1901 1282 ἡγουμένηςῖ

344 1316 496 1367 Ἐκεῖ
528 1313 629 1382 μὲν
657 1313 768 1381 γὰρ
794 1313 822 1363 ὁ
859 1306 1187 1362 καταϐαλὼν
1221 1304 1363 1374 ὑπὲρ
1397 1301 1733 1372 ἀνδραπόδου
1769 1298 1908 1367 χρή-

330 1424 481 1477 εματα
521 1407 582 1459 ού
634 1404 794 1458 τοῦτο
834 1399 1013 1468 ζητῶν
1074 1394 1398 1457 κατέϐαλεν,
1457 1390 1526 1444 ἵν’
1586 1384 1646 1443 εὖ
1700 1389 1905 1459 ποιήσῃ

317 1484 421 1552 ’τὸν
476 1497 852 1567 πεπραμένον,
915 1491 1034 1545 ἀλλ’
1086 1489 1155 1543 ἶν’
1208 1488 1372 1550 αὐτὸς
1399 1485 1613 1539 ἐκεῖθεν
1670 1483 1729 1535 εὖ
1758 1482 1906 1551 πάθῃ

331 1596 511 1645 καίτοι
554 1588 663 1642 τῶν
719 1585 931 1639 ἐκείνου
975 1582 1216 1652 κερδάνῃ
1278 1578 1483 1639 πόνων,
1539 1575 1663 1628 ὅθεν
1710 1576 1738 1626 6
1786 1574 1907 1626 δου-

332 1683 508 1735 λεύων
545 1680 620 1742 ὼς
657 1678 722 1732 ἀν
762 1677 842 1738 είς
869 1675 970 1744 τὴν
1003 1673 1113 1725 τῶν
1142 1669 1499 1739 κεκτημένων
1536 1664 1906 1732 ἀναλυόμενος

338 1775 534 1846 χρείαν
569 1772 667 1825 καὶ
719 1770 786 1823 δι’
818 1764 893 1822 ὧν
946 1765 1109 1827 αὐτὸς
1141 1761 1597 1830 ταλαιπωρεῖται.
1655 1757 1905 1821 συνάγων

2007 678 2129 719 rum
2164 663 2438 729 objectum
2494 657 2759 715 maximas
2789 660 2994 727 gratias
3047 665 3375 726 exsuperat.
3402 654 3579 710 Cate-

2011 770 2130 807 rum
2168 760 2229 806 ut
2259 751 2577 806 hominibus
2605 751 2936 804 servientem
2977 748 3163 803 dolere
3198 762 3426 802 necesse
3472 755 3579 809 est,

2008 845 2089 900 sic.
2122 859 2345 899 necesse
2378 852 2463 898 est
2489 842 2714 898 Christo
2770 843 3121 896 famulantem
3154 840 3413 909 gaudere.
3449 839 3583 894 Ele-

2008 936 2123 990 nim
2180 950 2287 990 non
2341 936 2453 1004 jam
2485 950 2663 999 suam,
2697 933 2791 988 sed
2850 932 3111 1001 emptoris
3140 931 3372 1003 gratiam
3408 931 3583 985 adim-

2009 1030 2187 1099 plens.
2226 1047 2367 1084 “IIIIS
2401 1031 2621 1101 quidem
2678 1032 2856 1085 luctus
2886 1038 2941 1083 et
2982 1029 3232 1082 laborum
3292 1023 3583 1081 tributario

2008 1123 2291 1187 serviens,
2326 1138 2422 1191 per
2471 1125 2685 1176 labores
2739 1132 2793 1176 et
2846 1122 3081 1191 gemitus
3142 1119 3394 1184 incedit;
3446 1118 3583 1170 alter

2007 1222 2211 1281 autem,
2247 1231 2369 1269 vera
2405 1215 2586 1270 laetitia
2618 1215 2775 1278 duce,
2808 1215 3083 1283 quomodo
3117 1209 3583 1268 contristareturi

2010 1305 2083 1360 lix
2152 1323 2259 1362 una
2337 1307 2553 1376 quidem
2624 1316 2808 1375 parte,
2865 1308 2955 1371 qui
3006 1322 3106 1376 pro
3157 1321 3317 1360 servo
3366 1306 3583 1360 divitias

2008 1397 2203 1460 Solvit,
2236 1415 2342 1452 non
2377 1399 2495 1453 illas
2530 1401 2692 1453 solvit
2737 1414 2987 1465 qumrens
3009 1437 3022 1460 ,
3056 1407 3116 1453 ut
3163 1399 3329 1468 empti
3383 1415 3580 1467 procu-

2009 1495 2153 1540 raret
2189 1488 2411 1550 bonum,
2438 1487 2530 1541 sed
2571 1497 2628 1541 ut
2663 1488 2776 1555 ipse
2810 1489 2957 1542 illinc
2988 1489 3123 1542 bene
3155 1488 3227 1541 sit
3259 1498 3311 1542 et
3339 1490 3404 1543 de
3435 1490 3586 1543 labo—

2010 1577 2159 1629 ribus
2190 1576 2307 1645 ejus
2345 1579 2620 1632 lueretur:
2653 1580 2792 1631 unde
2821 1578 3255 1647 svrviens,‘quasi
3289 1595 3389 1632 con
3425 1596 3583 1650 ump-

2000 1675 2093 1722 ius
2130 1667 2197 1721 ad
2239 1677 2685 1736 cntnpniaturum
2743 1669 3030 1723 utilitatem
3053 1708 3067 1732 ,
3092 1681 3145 1723 et
3173 1669 3281 1722 illis
3316 1685 3410 1737 per
3442 1685 3582 1738 quos

2007 1758 2123 1826 ipse
2161 1760 2324 1813 miser
2376 1769 2491 1819 est,
2531 1759 2755 1813 delicias
2804 1773 3094 1820 astruens,
3130 1759 3406 1813 continuis
3438 1760 3584 1812 sub-

332 1866 562 1928 ὲκείνοις
586 1863 804 1934 ἡδονὰς,
837 1860 1115 1929 διηνεκέσι
1139 1857 1356 1910 σύνεστι
1377 1854 1601 1915 λύπαις.
1635 1849 1903 1904 Ἐνταῦθα

2018 1850 2191 1910 iiritur
2242 1851 2536 1902 aerumnis.
2573 1850 2645 1903 Er
2680 1851 2785 1904 alia
2840 1865 2966 1905 vero
3014 1858 3168 1919 parte
3197 1891 3210 1912 .
3243 1853 3582 1905 contrarium

332 1957 390 2009 δὲ
441 1954 796 2008 τούναντίονο
830 1956 1011 2006 πάντα
1063 1949 1174 2018 γὰρ
1218 1946 1354 2019 πρὶς
1409 1946 1510 2015 τὴν
1539 1943 1646 1996 τῶν
1701 1941 1904 1993 δούλων

328 2046 694 2116 εὐδοκίμησιν
724 2043 1046 2112 εἴργασται,
1094 2042 1189 2093 καλ¹
1222 2040 1283 2092 τὸ
1312 2037 1508 2106 λύτρον
1541 2034 1765 2095 ἔδωκεν,
1808 2032 1907 2101 οὐχ

324 2140 424 2191 ιῖνα
454 2138 616 2200 αὐτὸς
647 2126 900 2205 ἀπολαύῃ
927 2151 978 2185 τι
1002 2131 1114 2184 τῶν
1136 2129 1432 2193 λυθέντων,
1472 2127 1589 2179 ἀλλ’
1614 2126 1700 2179 ἵνα
1725 2122 1907 2177 αὐτῶν

334 2229 592 2281 τάκείνου
623 2228 873 2299 γένηται,
924 2225 1021 2277 καὶ
1051 2222 1242 2293 κέρδος
1283 2221 1314 2272 ὁ
1344 2218 1613 2287 δεσπότης
1724 2215 1819 2268 καὶ
1857 2214 1907 2266 οἱ

336 2321 433 2375 τοῦ
465 2320 725 2374 δεσπότου
759 2321 913 2371 πόνοι
939 2319 1052 2379 τοῖς
1081 2306 1313 2377 δούλοις,
1346 2312 1442 2364 καὶ
1471 2310 1564 2362 τὸν
1598 2307 1908 2377 ἐωνημένον

337 2414 458 2466 ἰλον
481 2413 643 2474 αὐτὸς
671 2413 700 2463 ό
721 2409 1079 2481 πεπραμένος
1108 2408 1207 2478 ἔχῃ
1237 2404 1438 2458 λαὸών.
1474 2401 1571 2455 Διά
1590 2400 1761 2454 ταῦτα
1780 2400 1907 2461 τοὺς

344 2505 420 2576 ιη
451 2503 589 2574 πρὸς
620 2502 825 2572 ταύτην
859 2500 1328 2569 ἀποπηδήσαντας
1356 2496 1454 2566 τὴν
1480 2494 1746 2557 δουλείαν,
1774 2491 1910 2545 ἀλλὰ

340 2598 449 2667 πρὸ
467 2596 647 2664 πάσης
666 2591 977 2663 ἐλευθερίας
1000 2591 1250 2671 τάκείνου
1280 2584 1681 2654 ποιησαμένους
1711 2583 1909 2651 δεσμὰ,

338 2688 552 2759 χαίρειν
581 2688 819 2754 ἀνάγκη,
860 2682 1088 2735 πλοῦτον
1121 2681 1310 2741 πενίας
1346 2678 1439 2731 καὶ
1476 2674 1754 2747 βασιλείαν
1789 2675 1911 2728 δεσ-

340 2780 619 2855 μωτηρίου
650 2779 748 2833 καὶ
781 2778 936 2842 δόξαν
963 2777 1063 2844 τὴν
1090 2773 1350 2828 ἀνωτάτω
1379 2773 1478 2841 τῆς
1512 2768 1749 2839 ἐσχάτης
1788 2768 1912 2820 ἅτι-

344 2878 471 2945 μίας
507 2870 917 2939 ἀλλαξαμένους
939 2883 953 2898 ·
977 2869 1115 2936 ὅπερ
1144 2866 1255 2933 γὰρ
1307 2863 1415 2917 τῶν
1466 2861 1769 2932 ἀνθρώπων
1802 2861 1913 2922 τοῖς

340 2968 632 3029 δεσπόταις
663 2966 840 3029 ἔξεστι
872 2963 1047 3014 ποιεῖν
1092 2962 1173 3021 είς
1202 2957 1329 3016 τοὺς
1359 2954 1580 3018 δούλους
1624 2953 1776 3023 παρὰ
1804 2953 1913 3033 τῶν

341 3064 546 3132 νόμων,
560 3060 719 3113 τοῦτο
732 3059 843 3116 τοῖς
861 3053 1067 3114 δούλοις
1083 3050 1294 3118 ἐφεῖται
1314 3048 1451 3117 πρὸς
1471 3046 1562 3099 τον
1590 3044 1767 3099 κοινὸν
1794 3044 1920 3097 δεσ-

340 3156 514 3224 πότην
543 3152 628 3205 διά
651 3149 749 3220 τὴν
771 3145 864 3200 τοῦ
898 3142 1159 3198 δεσπότου
1182 3138 1374 3210 φιλανθ
1383 3138 1610 3208 ρωπίαν.
1637 3135 1915 3197 Ἕκείνους

2009 1946 2140 1992 est.
2197 1954 2318 1991 nam
2380 1939 2445 1992 ad
2508 1956 2787 1993 servorum
2842 1941 3337 1995 iclmsideraliunem
3401 1943 3583 1997 omnia

2010 2029 2150 2083 facta
2187 2038 2314 2083 sunt
2347 2033 2630 2099 ;pretimn
2691 2031 2838 2085 dedit
2869 2071 2882 2094 ,
2915 2046 3023 2085 non
3073 2043 3130 2086 ut
3162 2033 3277 2101 ipse
3331 2034 3398 2087 de
3431 2033 3582 2088 solu-

2006 2122 2081 2175 tis
2113 2120 2317 2190 aliquid
2350 2123 2622 2176 obtineret
2647 2122 2786 2176 lucri
2808 2165 2822 2187 ,
2857 2125 2951 2178 sed
2981 2134 3039 2178 ut
3069 2138 3165 2178 sua
3204 2125 3420 2179 illorum
3458 2140 3586 2193 pro-

2010 2214 2125 2283 pria
2168 2213 2387 2273 faceret.
2423 2224 2675 2285 essetque
2707 2215 2979 2275 dominus.
3018 2225 3076 2270 ut
3099 2216 3306 2271 domini
3343 2218 3583 2280 labores,

2012 2305 2221 2359 lucrum
2257 2306 2461 2365 servis.
2495 2322 2560 2361 ac
2620 2316 2792 2359 totum
2843 2315 3142 2370 emptorem
3199 2317 3419 2377 emptus
3469 2308 3587 2377 ipse

2012 2396 2337 2460 possideret.
2374 2396 2501 2447 [duo
2553 2397 2646 2464 qui
2708 2410 2814 2450 non
2869 2397 3135 2451 adversus
3180 2398 3323 2452 hanc
3357 2399 3586 2453 recalci-

2014 2496 2231 2541 trmere
2290 2489 2652 2556 servitutem,
2687 2488 2781 2542 sed
2816 2498 2943 2542 ante
2996 2504 3215 2543 omnem
3276 2489 3585 2545 libertatem

2016 2577 2261 2631 fecerunt
2292 2578 2467 2647 ipsius
2503 2578 2739 2643 vincula,
2769 2579 3008 2644 gaudere
3061 2593 3156 2634 eos
3206 2594 3431 2635 necesse
3477 2591 3584 2645 est,

2012 2684 2136 2724 cum
2177 2669 2396 2724 divitias
2427 2672 2525 2738 pro
2554 2677 2901 2738 paupertate,
2934 2684 3161 2738 regnum
3195 2685 3293 2739 pro
3325 2685 3549 2726 carcere
3569 2712 3586 2738 ,

2016 2774 2286 2814 summam
2328 2760 2556 2829 gloriam
2598 2774 2696 2828 pro
2744 2758 2937 2814 ultima
2966 2760 3177 2815 vilitate
3221 2775 3316 2831 per
3341 2776 3591 2816 commu-

2016 2858 2185 2904 tatum
2244 2851 2604 2919 acceperint.
2636 2850 2792 2916 Quod
2834 2851 2979 2905 enim
3014 2852 3300 2906 hominum
3350 2853 3591 2907 dominis

2018 2956 2114 3012 per
2142 2942 2286 3013 leges
2322 2942 2375 2996 in
2409 2957 2596 2997 servos
2620 2943 2796 2997 facere
2826 2943 2985 3008 licet,
3017 2944 3120 2999 hoc
3151 2946 3326 3000 servis
3357 2948 3409 3000 in
3438 2962 3593 2999 com-

2021 3050 2237 3090 munem
2290 3035 2570 3089 dominum
2625 3050 2719 3104 per
2762 3036 3153 3091 humanitatem
3202 3036 3418 3091 Domini
3455 3054 3589 3093 con-

2019 3141 2233 3183 cessum
2275 3135 2392 3181 est.
2425 3125 2553 3180 Illos
2587 3128 2730 3180 enim
2787 3142 3071 3181 servorum
3102 3135 3155 3181 et
3198 3128 3424 3182 illorum
3472 3145 3594 3197 quae

340 3219 570 3316 μὲνγὰρ
587 3245 694 3296 τῶν
708 3219 911 3294 δούλων
936 3241 1028 3289 καὶ
1045 3235 1153 3287 τῶν
1175 3233 1341 3286 όντων
1358 3232 1467 3292 τοῖς
1485 3228 1685 3289 δούλοις
1708 3227 1735 3277 6
1752 3224 1913 3294 νόμος

2018 3222 2192 3274 servis
2222 3228 2381 3284 sunt,
2417 3220 2498 3272 lex
2537 3219 2824 3273 constituit
2856 3219 3130 3283 dominos,
3182 3220 3287 3276 nisi
3338 3221 3590 3276 domina-

343 3337 570 3408 κυρίους
595 3334 944 3400 καθίστησιν,
983 3328 1050 3382 ἂν
1078 3326 1152 3397 μὴ
1177 3323 1452 3392 πρόωνται
1474 3320 1584 3408 τὴν
1593 3316 1912 3408 δεσποτείαν

347 3403 474 3499 μηδ’
528 3425 741 3495 ἀφῶσιν
793 3420 991 3482 αὐτοὺς
1039 3417 1141 3488 τῆς
1198 3413 1474 3475 δουλείας,
1528 3403 1674 3463 οὗτοι
1720 3409 1778 3462 δὲ
1819 3407 1913 3461 τὸν

347 3518 561 3575 ἑαυτῶν
612 3516 882 3584 δεσπότην
931 3511 1120 3581 έχουσι
1166 3508 1266 3564 καὶ
1297 3506 1408 3559 τῶν
1447 3502 1661 3557 ἐκείνου
1712 3500 1915 3569 κληρο-

346 3611 632 3682 νομοῦσιν,
680 3607 746 3662 ἂν
794 3605 889 3658 τὸν
923 3602 1091 3671 ζυγὸν
1122 3599 1339 3653 ἐκείνου
1393 3594 1660 3666 στέρξωσι
1691 3593 1788 3646 καὶ
1816 3594 1917 3661 τὴν

342 3703 494 3775 ὠνὴν
535 3698 849 3754 ὲνδεσθώσι.
890 3694 1001 3748 Καὶ
1031 3692 1190 3745 τοῦτὸ
1220 3691 1369 3743 ἐστιν
1391 3686 1422 3740 δ
1449 3685 1660 3747 Παῦλος
1693 3682 1917 3736 ἑκέλειι⁶

357 3811 474 3860 σεν,
521 3790 784 3861 «Χαίρετε
812 3787 872 3841 ὲν
901 3782 1125 3856 Κυρίῳ,
1158 3799 1178 3834 ι
1203 3780 1401 3849 λέγων,
1431 3777 1524 3830 τὸν
1565 3775 1919 3846 ἀγοράσαντα

338 3889 437 3943 διὰ
466 3883 563 3940 τοῦ
594 3883 801 3954 Κυρίου
827 3876 1028 3949 δηλῶν,
1083 3875 1177 3928 καὶ
1219 3875 1246 3926 6
1285 3869 1476 3940 Σωτὴρ
1523 3867 1919 3938 ἐναργέστερον

342 3982 409 4033 τὸ
442 3977 544 4047 τῆς
575 3974 753 4047 χαρᾶς
784 3970 958 4024 αἴτιον
997 3965 1280 4036 σημαίνων
1311 3963 1468 4033 ἡμῖν,
1494 3960 1585 4012 τὸν
1613 3961 1709 4029 τῆς
1741 3957 1918 4027 χαράς

342 4070 499 4139 αύτῷ
548 4063 955 4131 κοινωνήσοντα
1001 4057 1189 4112 δοῦλον
1239 4055 1446 4124 ἀγαθὸν
1514 4048 1772 4120 ὀνομάζει
1824 4048 1920 4139 καὶ

355 4138 561 4230 Κύριον
588 4156 797 4217 ἑαυτὸν,
824 4171 841 4204 ι
858 4149 1100 4215 Εἴσελθε,
1116 4149 1311 4217 λέγων,
1332 4145 1503 4213 ἀγαθὲ
1523 4141 1697 4204 δοῦλε,
1717 4140 1796 4202 είς
1823 4138 1922 4209 τὴν

340 4253 525 4324 χαρὰν
543 4248 639 4302 τοῦ
661 4245 867 4317 Κυρίου
891 4259 1041 4305 sou,»
1060 4241 1143 4293 ὃτι
1161 4238 1345 4298 δοῦλος
1370 4237 1591 4306 ἔμεινας
1619 4234 1713 4285 καὶ
1740 4231 1801 4284 τὸ
1820 4230 1923 4299 τῆς

342 4345 501 4415 ὠνῆς
530 4344 594 4397 οὐ
625 4339 918 4413 διέρρηξας
940 4351 1086 4405 γραμ
1103 4333 1349 4403 ματείον,
1372 4329 1544 4397 αὐτὴν
1563 4325 1795 4396 κομίζου
1824 4327 1923 4393 τὴν

346 4437 440 4490 τοῦ
480 4431 825 4504 κτησαμένου
858 4428 1057 4499 χαράν.
1098 4424 1257 4476 Ἐστι
1289 4421 1397 4490 γάρ
1429 4421 1462 4490 ή
1499 4418 1639 4487 αὐτὴ
1670 4416 1816 4487 χαρά
1861 4415 1923 4467 οὐ

355 4529 521 4597 μόνον
573 4524 662 4578 διὰ
701 4522 762 4575 τὸ
818 4519 1011 4591 χαρίεν
1057 4515 1258 4569 ταῦτδν
1290 4513 1373 4578 ὃν,
1411 4510 1635 4564 ἀλλ’ὅτι
1680 4511 1777 4561 καὶ
1824 4509 1926 4576 τῆς

2017 3310 2219 3367 tionem
2247 3312 2547 3381 alijecerint
2579 3310 2810 3379 illosque
2842 3311 3195 3366 liberaverint
3225 3327 3257 3366 a
3288 3315 3547 3369 servitute
3564 3333 3590 3380 .;

2016 3401 2105 3455 isti
2152 3416 2284 3456 vero
2339 3415 2498 3455 suum
2554 3401 2833 3468 possident
2879 3401 3164 3454 dominum
3219 3411 3274 3456 et
3316 3403 3590 3458 bonorum

2014 3489 2136 3560 ejus
2169 3490 2405 3542 luerelles
2438 3498 2588 3550 sunt,
2624 3489 2669 3542 si
2697 3490 2888 3559 jugum
2924 3490 3043 3558 ejus
3077 3501 3264 3544 ainant
3291 3501 3345 3546 et
3383 3493 3594 3547 redem-

2015 3582 2203 3652 ptione
2231 3584 2352 3637 sese
2377 3581 2674 3636 obstrictos
2707 3581 2929 3636 habent.
2953 3581 3017 3635 Et
3035 3583 3139 3637 hoc
3167 3592 3251 3638 est
3278 3585 3422 3653 quod
3447 3584 3593 3640 Pau-

2025 3674 2113 3727 lus
2135 3672 2387 3727 hortatus
2413 3680 2518 3737 est,
2533 3673 2720 3727 dicens
2749 3691 2760 3724 :
2795 3690 2813 3724 ι
2842 3671 3082 3727 Gaudete
3101 3674 3152 3727 in
3182 3674 3445 3729 Domino:
3479 3694 3496 3726 ι
3533 3688 3593 3731 ut

2020 3763 2335 3827 Dominum,
2355 3763 2503 3817 illum
2526 3763 2618 3831 qui
2637 3764 3000 3831 comparavit,
3022 3765 3319 3819 ostendens
3342 3781 3358 3832 ;
3387 3777 3441 3820 et
3469 3765 3593 3820 Suil-

2014 3863 2176 3907 valor
2212 3853 2516 3908 evidentius
2553 3852 2735 3923 gaudii
2762 3866 2983 3906 causam
3022 3851 3181 3906 nobis
3208 3852 3592 3917 manifestans,

2023 3945 2177 3998 illum
2217 3942 2311 4012 qui
2363 3957 2518 3996 suam
2570 3941 3000 4012 participalurus
3043 3952 3127 3996 est
3177 3941 3456 4008 laetitiam,
3494 3945 3596 3997 bo-

2021 4053 2152 4091 num
2184 4048 2346 4091 vorat
2372 4052 2625 4101 servum,
2655 4050 2776 4090 sese
2831 4046 3012 4091 autem
3061 4034 3351 4090 Dominum
3412 4037 3597 4106 appel—

2023 4129 2146 4184 lans
2174 4145 2186 4182 :
2216 4147 2237 4181 ο
2270 4129 2438 4194 Intra,
2461 4129 2600 4182 bone
2622 4143 2799 4191 serve,
2817 4128 2869 4181 in
2903 4129 3395 4198 gandiumDomini
3417 4131 3493 4182 tui
3520 4145 3537 4183 :
3562 4148 3589 4181 ι

2024 4222 2150 4291 quia
2217 4235 2408 4275 servus
2466 4220 2821 4289 pel-mansisti
2872 4236 2973 4275 nec
3036 4221 3332 4289 emptionis
3390 4219 3597 4290 fregisti

2025 4313 2363 4379 schedulam,
2397 4312 2573 4382 ipsum
2611 4311 2876 4383 emptoris
2918 4313 3104 4382 accipe
3156 4314 3415 4383 gaudium
3445 4352 3460 4366 .
3489 4315 3599 4367 lia-

2025 4406 2148 4460 dem
2172 4406 2316 4460 enim
2349 4415 2431 4461 est
2463 4406 2663 4469 laetitia,
2695 4421 2802 4459 non
2834 4406 3016 4460 solum
3043 4406 3169 4474 quia
3193 4408 3383 4461 eadem
3407 4414 3489 4459 est
3512 4422 3601 4461 res

2027 4498 2310 4554 luatiﬁrans
2335 4539 2350 4564 ,
2384 4500 2476 4554 sed
2506 4499 2673 4552 etiam
2708 4498 2838 4567 quia
2875 4499 3266 4551 benevolentia:
3303 4498 3446 4551 idem
3483 4514 3600 4549 ιιιο-

353 4589 781 4688 εῦγνωμοσύνης
803 4589 1019 4672 όναύτὸς
1035 4610 1236 4679 τρόπος
1257 4622 1273 4638 ·
1314 4604 1563 4672 καθάπερ
1584 4601 1693 4669 γὰρ
1715 4601 1915 4660 ἐκεῖνος

2028 4592 2130 4646 llus
2160 4600 2276 4646 est.
2308 4589 2782 4656 Quemadmodum
2816 4589 2959 4642 enim
2988 4589 3084 4642 ille
3136 4604 3242 4642 non
3274 4590 3598 4656 sibimetipsi

350 4714 450 4782 οὐχ
505 4706 689 4776 ἑαυτῷ
746 4706 970 4776 ἤρεσεν,
1024 4698 1162 4753 ἀλλὰ
1207 4698 1321 4758 τοῖς
1355 4694 1577 4753 δούλοις
1620 4691 1785 4758 ἔζησε
1828 4688 1922 4782 καὶ

351 4781 594 4860 ἀπέθανε
625 4800 723 4854 καὶ
755 4798 1082 4866 γεγέννηται
1118 4790 1217 4861 τὴν
1254 4789 1448 4858 ἀρχὴν,
1489 4786 1584 4839 καὶ
1628 4785 1707 4845 είς
1732 4781 1923 4834 έαυτθιν

353 4895 669 4951 ἐπανελθὼν
700 4893 795 4945 καὶ
826 4891 916 4943 τὸν
948 4888 1139 4958 θρόνον
1169 4884 1309 4953 ἔχων
1331 4881 1425 4932 τον
1458 4875 1751 4945 πατρικὸν.
1792 4873 1924 4941 ἡμῖν

358 4994 475 5044 ἐκεῖ
499 4988 737 5057 κάθηται
766 4983 859 5036 καὶ
896 4976 1246 5052 παράκλητός
1273 4976 1397 5049 ,ἐστι
1419 4972 1555 5041 πρὸς
1589 4968 1753 5057 αὐτὸν
1783 4964 1924 5057 ὑπὲρ

346 5078 513 5152 ἡμῶν
546 5078 614 5132 δι’
633 5052 860 5134 αἰῶνος,
892 5071 1035 5124 οὕτω
1060 5068 1154 5119 καὶ
1181 5064 1286 5116 τῶν
1310 5061 1533 5122 δούλων,
1565 5052 1646 5119 οἷς
1668 5059 1696 5106 6
1721 5052 1927 5106 Δεσπό-

349 5141 453 5244 της
474 5168 717 5242 πρό’τῶν
745 5163 935 5235 ψυχῶν
967 5160 1208 5228 ἐγένετο,
1233 5151 1444 5244 ἑαυτῶν
1463 5151 1570 5244 οὐκ
1597 5141 1926 5244 ἐπιστρεφῶ

352 5234 535 5336 μενωί
554 5260 717 5333 μόνον
745 5234 995 5327 φιλοῦσιν
1017 5250 1246 5303 ἐκεῖνον.
1276 5240 1530 5336 Ἰζοιοῦτος
1543 5234 1612 5309 ἧν
1647 5235 1926 5336 Ἰωάννης,

357 5308 770 5409 geli-@6710.
787 5336 1287 5413 παρενδοκιμηθεὶς
1300 5308 1522 5386 ὶκείνου
1558 5326 1823 5398 φανέντος
1844 5339 1930 5375 το-

357 5448 553 5501 σοῦτον
590 5442 786 5510 ἀπεῖχε
821 5431 1230 5505 δυσχεραίνειν,
1269 5425 1412 5479 ὥστε
1438 5420 1599 5483 αὐτὸς
1628 5414 1697 5488 ἦν
1745 5418 1773 5470 ὁ
1815 5416 1927 5477 τοῖς

351 5520 614 5608 ἀγνοοῦσι
649 5507 833 5585 αὐτῶν
867 5527 1154 5597 κηρύττων
1182 5520 1276 5574 καὶ
1298 5517 1396 5585 τῆς
1417 5512 1667 5608 γλώττης
1689 5507 1926 5608 ἐκείνης,

358 5599 455 5699 ἀῷν
476 5625 544 5703 ἧς
576 5625 892 5680 συνέϐαινεν
910 5617 1085 5686 αὐτῷ,
1107 5615 1208 5684 τὴν
1232 5612 1445 5703 Δἐλάττω
1466 5604 1729 5703 φέρεσθαι
1742 5599 1928 5703 δόξαν,

361 5689 704 5789 «Quinem
732 5710 801 5784 ἦν
832 5709 1016 5780 αὐτῷ’
1051 5706 1146 5759 και
1185 5701 1338 5773 ἠξίου
1368 5700 1462 5752 τδν
1501 5697 1600 5767 μὲν
1625 5689 1929 5789 είςῌέαυτδν

360 5780 775 5883 ἀναρτήσασθαι
808 5804 869 5858 τὸ
899 5801 1129 5869 θέατρον
1167 5798 1260 5850 καὶ
1291 5780 1928 5883 καταδημαγωγῆσαητὺ

358 5876 515 5974 γένος
548 5876 718 5968 άπαν,
765 5898 862 5959 καὶ,
902 5894 1109 5954 πάντας
1138 5888 1289 5958 αὐτῷ
1325 5887 1614 5957 προσέχειν
1648 5881 1738 5933 τὸν
1781 5876 1927 5942 νοῦν,

2025 4683 2224 4753 placuit
2246 4722 2260 4746 ,
2288 4682 2383 4737 sed
2420 4695 2518 4748 pro
2552 4680 2728 4735 servis
2765 4680 2895 4733 vixit
2924 4689 2980 4733 et
3032 4688 3283 4733 mortuus
3314 4689 3419 4738 est,
3448 4682 3601 4749 genic

2027 4784 2224 4846 iusque
2256 4784 2340 4831 est
2369 4776 2437 4829 ab
2483 4774 2659 4837 initio,
2691 4785 2745 4827 et
2778 4773 2843 4826 ad
2875 4788 2935 4826 se
2973 4787 3247 4836 reversus,
3275 4780 3330 4825 et
3378 4780 3603 4840 paterno

2027 4869 2233 4937 potitus
2258 4869 2480 4933 throno,
2502 4867 2660 4921 nebis
2693 4866 2767 4920 ibi
2795 4865 2973 4928 sedet,
2998 4874 3053 4917 et
3072 4879 3176 4933 pro
3204 4864 3364 4918 nobis
3383 4865 3449 4919 ad
3476 4880 3599 4919 eum

2028 4975 2243 5029 semper
2276 4960 2608 5013 intercessor
2641 4958 2857 5012 exsistit
2885 4974 2901 5021 ;
2932 4956 3012 5010 sic
3041 4965 3125 5010 cst
3147 4955 3213 5010 de
3245 4957 3418 5012 servis
3440 4998 3455 5022 ,
3487 4959 3604 5026 qui-

2027 5052 2133 5106 bus
2165 5052 2426 5117 Dominus
2458 5062 2542 5104 est
2574 5064 2684 5118 pra'
2730 5050 2914 5102 anima
2941 5088 2957 5115 ,
2991 5047 3195 5118 quique
3247 5049 3312 5102 ad
3344 5065 3464 5105 sese
3497 5066 3602 5104 non

2026 5146 2229 5200 reversi
2269 5144 2420 5198 illum
2464 5143 2646 5198 solum
2688 5142 2959 5212 diligunt.
2989 5139 3144 5197 Talis
3189 5151 3305 5197 erat
3341 5140 3604 5202 Joannes.

2030 5247 2084 5290 et
2128 5237 2252 5289 ideo
2284 5245 2559 5301 tentatus,
2589 5236 2682 5289 illo
2711 5244 3041 5306 apparente,
3092 5244 3301 5290 tantum
3337 5235 3510 5289 abfuit
3548 5245 3609 5289 ut

2032 5343 2173 5400 aegre
2202 5328 2392 5391 ferret,
2413 5338 2468 5382 ut
2494 5328 2612 5398 ipse
2644 5327 3028 5397 ignorantibus
3059 5328 3207 5397 ipsos
3250 5335 3396 5381 esset
3427 5342 3606 5395 praeco

2033 5432 2196 5492 atque
2227 5422 2636 5475 demonstrator
2661 5458 2677 5474 .
2700 5418 2874 5492 Hujus
2912 5420 3146 5484 linguae,
3180 5433 3288 5488 qua
3317 5419 3608 5473 convenie-

2036 5511 2129 5565 bat
2154 5508 2224 5572 ei,
2258 5509 2429 5562 minui
2470 5509 2700 5578 gloriam
2730 5548 2746 5573 ,
2781 5509 2918 5563 nihil
2954 5509 3056 5578 ipsi
3084 5507 3387 5577 jucundum
3440 5518 3560 5563 erat
3589 5527 3607 5574 ;

2036 5600 2369 5670 dignumque
2396 5599 2681 5670 judicabat
2712 5607 2772 5653 ut
2806 5599 2895 5653 ille
2926 5598 3174 5651 omnium
3209 5597 3261 5651 in
3295 5613 3352 5651 se
3380 5612 3609 5653 convera

2039 5701 2175 5745 teret
2198 5691 2416 5753 oculos,
2451 5699 2503 5743 et
2532 5704 2695 5744 omne
2743 5689 2851 5744 sibi
2895 5689 3206 5743 conciliaret
3242 5705 3446 5752 genus,
3481 5704 3612 5742 nec-

2042 5800 2148 5837 non
2188 5792 2246 5837 ut
2274 5797 2465 5837 omnes
2493 5784 2568 5836 illi
2600 5782 2903 5851 praeberent
2932 5791 3192 5843 mentem,
3231 5781 3371 5835 sicut
3405 5795 3609 5848 sponsa

2034 5891 2233 5947 spmrso
2266 5893 2281 5942 ;
2319 5876 2434 5955 ipse
2471 5890 2594 5928 vero
2619 5916 2634 5942 ,
2665 5877 2708 5930 si
2744 5886 2895 5930 stans
2944 5885 3129 5944 posset
3182 5874 3334 5929 illum
3382 5873 3612 5939 audire,
