4036 6448
343 381 444 448 721

1353 394 1453 455 DE
1488 395 1664 456 VITA
1704 393 1784 454 IN
1823 394 2156 455 CHRISTO
2197 395 2336 458 LIB.
2383 394 2518 456 VII.

3483 390 3595 455 722

335 512 427 556 τες
447 511 461 526 ·
493 496 567 560 ὡς
594 497 640 550 δ’
669 497 879 554 ἔνεστιν
901 501 1202 574 ὁλοσχερῶς
1233 507 1432 572 εἰπεῖν,
1463 508 1573 561 τῶν
1593 507 1754 562 θείων
1774 509 1902 576 ἀγα·

2025 505 2269 562 teraliter
2321 505 2428 560 diei
2476 513 2674 574 potest,
2703 505 3014 560 divinorum
3072 504 3339 560 bonorum
3369 519 3597 574 percep-

336 587 448 641 θῶν
475 589 727 659 αἴσθησιν
757 594 985 660 ὲνιεῖσα,
1021 601 1114 650 καὶ
1151 587 1240 666 τῷ
1267 600 1459 668 γεῦσαι
1492 601 1743 669 μεγάλων
1777 602 1906 669 περὶ

339 679 604 749 μειζόνων
649 682 964 751 ἐλπίζουσα,
1015 691 1111 742 καὶ
1153 689 1379 758 βεϐαίαν
1418 693 1691 746 ὲντιθεῖσα
1727 693 1908 745 πίστιν

335 771 448 824 ἀπὸ
473 772 582 825 τῶν
607 773 707 844 ἤδη
737 778 1026 847 παρόντων
1053 782 1183 846 περί⁵
1212 783 1319 836 τῶν
1347 786 1519 854 μήπω
1546 786 1906 854 φαινομένων.

335 861 416 912 Τὰ
448 862 502 914 δὲ
541 864 670 934 παρ’
695 865 852 934 ἡμῶν
885 869 946 921 τὸ
975 871 1241 924 διασῶσαι
1289 875 1388 941 τὴν
1427 875 1652 944 ἀγάπην
1677 889 1690 906 ³
1716 875 1776 928 οὐ
1801 877 1911 946 γὰρ

335 953 498 1022 ἀρκεῖ
525 955 585 1008 τὸ
613 956 840 1024 φιλῆσαι
877 961 1038 1029 μόνον
1061 965 1154 1016 καὶ
1181 965 1434 1030 δέξασθαι
1458 966 1520 1020 τὸ
1550 967 1742 1030 πάθος,
1773 968 1912 1022 ἀλλὰ

334 1039 416 1092 δεῖ
441 1043 534 1094 καὶ
567 1045 901 1115 συντηρῆσαι
927 1051 1116 1118 καὶτῷ
1145 1053 1277 1122 πυρὶ¹
1306 1056 1622 1124 προσθεῖναι
1651 1063 1749 1128 τὴν
1779 1058 1910 1128 ὓλην

334 1131 475 1222 ὥστε
490 1141 982 1205 κατασχεῖνδΤοῦτο
997 1143 1106 1214 γάρ
1123 1146 1238 1198 ἐστι
1258 1147 1317 1200 τὸ
1332 1150 1514 1216 μένειν
1533 1152 1590 1202 ὲν
1610 1153 1674 1220 τῇ
1695 1151 1906 1222 ἀγάπῃ,

335 1223 396 1276 ὲν
417 1215 462 1291 ᾧ
479 1226 626 1316 πᾷσα
657 1231 1014 1298 μακαριότης,
1043 1235 1104 1286 τὸ
1129 1236 1308 1305 μένειν
1333 1239 1513 1316 μὲνξέν
1540 1240 1617 1310 τῷ
1640 1215 1778 1312 ὦεῶ,

334 1331 497 1408 νοντα
527 1315 763 1408 δὲνὲχειν
794 1322 958 1374 αὐτόν
985 1339 999 1354 ·
1036 1343 1054 1374 ι
1078 1326 1138 1378 '0
1163 1327 1273 1398 γὰρ
1305 1315 1505 1396 μένων,
1534 1333 1720 1401 φησιν.
1755 1335 1812 1388 ὲν
1843 1339 1907 1408 τῇ

337 1404 531 1477 ἀγάπῃ
590 1407 648 1460 ὲν
684 1407 762 1479 τῷ
815 1409 934 1482 Θεῷ
990 1414 1137 1481 μένει
1171 1419 1264 1470 καὶ
1325 1421 1354 1473 ὀ
1396 1419 1528 1482 Θεὸς
1563 1423 1622 1474 ὲν
1678 1404 1904 1496 αὐτῷζθ

334 1497 497 1551 τοῦτο
530 1499 586 1552 δὲ
619 1501 856 1570 γίνεται,
901 1505 996 1558 καὶ
1030 1513 1344 1576 πεπηγυῖαν
1383 1515 1440 1566 ἐν
1476 1517 1542 1584 τῇ
1580 1515 1776 1590 γνώμῃ
1814 1517 1912 1590 τὴν

337 1593 564 1662 ἀγάπην
589 1593 810 1664 ἔχομεν,
838 1599 1059 1654 ἐπειδὰν
1088 1601 1178 1656 διὰ
1201 1604 1305 1658 τῶν
1329 1609 1560 1660 ἐντολῶν
1583 1610 1912 1680 ἀφικώμεθα

338 1683 434 1738 καὶ
459 1686 586 1748 τοὺς
611 1687 704 1740 τοῦ
731 1683 1358 1764 φιλουμένουοώσοηιεν
1388 1700 1608 1769 νόμους,
1651 1703 1788 1755 Ἀπὸ
1813 1703 1911 1771 μὲν

340 1776 450 1844 γὰρ
483 1777 594 1831 τῶν
627 1779 922 1847 ἐνεργειῶν
951 1785 984 1854 ἡ
1015 1784 1161 1856 ψυχὴ
1202 1788 1503 1844 διατίθεται
1534 1795 1672 1863 πρὸς
1705 1794 1911 1864 ταύτην

2015 599 2219 652 tionem
2277 595 2534 662 infundit,
2593 611 2910 666 magnorum
2953 603 3110 663 gustu
3147 595 3215 650 de
3275 595 3596 650 melim-ihns

2015 703 2165 757 sprm
2225 689 2450 749 excitat,
2492 697 2605 742 eta
2640 685 2752 756 jam
2807 686 3171 756 praesentibus
3225 687 3292 740 de
3350 687 3590 740 nondum

2013 781 2398 850 apparentibus
2418 779 2625 834 lirmatn
2655 777 2810 833 [idem
2831 779 2986 832 indit.
3012 777 3185 832 Penes
3201 793 3300 832 nos
3315 789 3492 832 au'em
3509 788 3594 832 est

2013 885 2234 926 servare
2262 871 2605 925 charitatem.
2643 869 2763 923 Non
2790 869 2934 922 enim
2965 867 3228 922 dilexisse
3258 869 3596 938 passionem-

2011 979 2117 1033 que
2145 962 2419 1032 recepisse
2449 961 2668 1024 subicit,
2709 962 2804 1015 sed
2834 969 3046 1030 oportet
3072 962 3232 1013 etiam
3265 973 3594 1013 conservare

2013 1055 2408 1124 materiamque
2437 1053 2545 1124 igni
2580 1054 2820 1123 praebere
2861 1063 2920 1108 ut
2950 1055 3271 1109 retineatur.
3306 1053 3420 1105 lloe
3444 1053 3591 1106 enim

2011 1156 2094 1203 est
2125 1163 2344 1202 manere
2365 1147 2418 1200 in
2446 1146 2736 1209 charitate,
2763 1145 2816 1200 in
2846 1153 2950 1212 (tua
2975 1146 3156 1199 omnis
3176 1153 3259 1200 est
3291 1145 3590 1204 beatitudo,

2013 1255 2235 1294 manere
2269 1241 2477 1294 scilicet
2504 1239 2556 1292 in
2599 1239 2730 1300 Deo,
2765 1239 3028 1308 illumque
3061 1216 3448 1291 imitratrentem
3495 1239 3594 1292 ha-

2013 1331 2161 1386 bere.
2209 1331 2340 1385 Nam
2374 1349 2392 1382 ι
2432 1331 2534 1398 Qui
2588 1341 2792 1390 manet.
2830 1331 3026 1405 inquit,
3081 1333 3134 1384 in
3198 1329 3488 1394 σῇσι-ηοω,
3539 1329 3610 1381 in.

2014 1423 2124 1477 Deo
2153 1430 2335 1478 manet
2355 1431 2408 1477 et
2441 1423 2584 1478 Deus
2609 1424 2662 1477 in
2701 1423 2814 1476 illo.
2858 1441 2876 1473 ›
2912 1421 3026 1476 Hoc
3058 1431 3238 1476 autem
3269 1421 3358 1486 lit,
3383 1432 3433 1473 et
3467 1421 3598 1475 soli-

2013 1514 2195 1568 datam
2224 1513 2278 1568 in
2326 1513 2607 1568 voluntate
2645 1512 2970 1566 charitatem
3021 1511 3310 1573 habemus,
3351 1526 3475 1563 cum
3503 1525 3598 1577 per

2015 1607 2268 1660 mandata
2319 1604 2674 1676 pervenimus
2721 1611 2777 1657 et
2837 1601 3028 1656 dilecti.
3053 1603 3198 1670 leges
3234 1602 3596 1655 scrxavin'tus.

2014 1697 2340 1752 Actionibus
2365 1696 2508 1750 enim
2535 1695 2600 1748 ad
2629 1695 2774 1748 hunc
2805 1693 2889 1747 vel
2922 1693 3088 1747 istum
3125 1692 3374 1745 habitum
3411 1691 3600 1744 anima

2014 1788 2344 1872 disponitur,
2373 1795 2535 1854 punit
2570 1787 2673 1840 illa:
2712 1784 2976 1841 bonitatis
3002 1785 3086 1836 vel
3135 1781 3357 1836 malitia:
3401 1783 3600 1834 chara-

337 1864 376 1934 ἢ
405 1866 622 1936 ἐκείνην
650 1869 750 1939 τὴν
773 1871 909 1936 ἕξιν,
945 1849 1189 1939 δ’πῲξείν
1222 1879 1421 1948 ἔχωσιν
1445 1849 1915 1956 ἐκεῖναι-χρηστὲ-

2025 1891 2218 1936 cterem
2250 1853 2472 1943 habent,
2501 1879 2773 1947 siquidem
2818 1878 2941 1932 illas
2972 1877 3312 1944 acquirimus
3345 1887 3398 1930 et
3435 1875 3606 1929 dist-i-

337 1971 500 2021 τητος
539 1957 572 2026 ἢ
617 1959 907 2030 πονηρίας,
963 1964 1088 2017 ἐπεὶ
1138 1969 1234 2022 καὶ
1282 1969 1392 2020 τῶν
1444 1972 1649 2041 τεχνῶν
1697 1973 1914 2036 ὲκείνας

338 2046 598 2116 κτώμεθα
641 2055 738 2104 καὶ
791 2051 1155 2126 μανθάνομεν,
1216 2052 1292 2114 ὧν
1343 2062 1409 2115 ἂν
1459 2065 1580 2124 ταῖς
1613 2063 1916 2134 ἐνεργείαις

341 2140 773 2212 συνεθισθῶμεν.
837 2147 902 2199 Οἱ
951 2148 1008 2202 δὲ
1055 2151 1151 2204 τοῦ
1205 2151 1340 2205 Θεοῦ
1405 2155 1560 2225 νόμοι
1617 2161 1748 2228 περὶ⁸
1807 2159 1918 2212 τῶν

340 2232 643 2303 ἐνεργειῶν
695 2236 940 2306 κείμενοι
991 2240 1100 2293 τῶν
1150 2241 1508 2312 ἀνθρωπίνων
1562 2247 1658 2299 καὶ
1712 2249 1916 2313 ταύτας

341 2325 619 2392 ὁρίζοντες
665 2331 762 2382 καὶ
821 2331 959 2402 πρὸς
1017 2328 1570 2400 ἐκεῖνον’τάττοντες
1605 2339 1769 2410 μόνον
1819 2341 1918 2409 τὴν

338 2417 632 2471 ἀκόλουθον
665 2421 779 2482 τοῖς
806 2423 1166 2493 κατορθοῦσιν
1195 2426 1252 2478 ὲν
1266 2427 1511 2482 τιθέασιν
1541 2430 1676 2494 ἕξιν,
1716 2433 1830 2487 ἐστι
1857 2437 1919 2488 τὸ

343 2507 632 2576 βούλεσθαι
657 2510 726 2564 τὰ
751 2511 1012 2566 δοκοῦντα
1038 2515 1116 2585 τῷ
1138 2517 1402 2590 νομοθέτῃ
1427 2521 1524 2573 καὶ⁵
1560 2524 1710 2594 μόνῳ
1739 2526 1920 2580 πᾶσαν

341 2601 668 2656 ὑποτάττειν
683 2603 784 2674 τὴν
796 2606 1027 2676 γνώμην
1043 2608 1138 2662 καὶ
1157 2609 1296 2678 πλὴν
1313 2611 1524 2665 ἐκείνου
1544 2613 1722 2666 θέλειν
1741 2616 1918 2679 οὐδὲν,

344 2693 483 2764 ὅπερ
503 2695 619 2746 ἐστὶ
645 2696 806 2764 μόνον
825 2699 1068 2770 ἀκριϐῶς
1088 2699 1286 2756 ειδέναι
1304 2701 1481 2772 φιλεῖν
1497 2721 1514 2738 ο
1534 2705 1628 2757 καὶ
1653 2706 1742 2759 διά
1763 2707 1921 2761 τοῦτο

343 2803 510 2857 φησιν
555 2790 584 2842 ὁ
624 2789 854 2861 Σωτήρ·
905 2793 1062 2847 «Ἐὰν
1104 2793 1200 2860 τὰς
1231 2795 1454 2858 ἐντολάς
1484 2817 1587 2868 μου
1621 2801 1923 2874 τηρήσητε,

345 2881 556 2948 μενεῖτε
587 2881 645 2934 ὲν
674 2883 738 2952 τῇ
773 2883 964 2957 ἀγάπῃ
997 2903 1120 2954 μου.
1162 2907 1182 2938 ι
1213 2889 1433 2962 Ταύτης
1469 2892 1526 2945 δὲ
1553 2893 1654 2962 τῆς
1695 2895 1922 2964 ἀγάπης

340 2966 505 3038 ἔργον
535 2971 569 3038 ἡ
604 2972 852 3042 μακαρία
887 2974 1024 3044 ζωήο
1080 2976 1178 3047 τὴν
1200 2981 1310 3048 γὰρ
1341 2981 1560 3052 θέλησιν
1589 2987 1937 3056 πανταχόθεν

344 3060 652 3128 συνάγουσα
683 3067 777 3116 καὶ
823 3065 936 3120 τῶν
987 3067 1163 3123 ἄλλων
1220 3071 1511 3142 ἀπάγουσα
1557 3076 1776 3132 πάντων
1832 3080 1926 3134 καὶ

2021 1985 2142 2031 nfus
2166 1985 2330 2036 artes,
2390 1976 2595 2043 quibus
2649 1989 2743 2040 per
2783 1972 3039 2026 actiotws
3079 1972 3448 2024 assuevitnus.
3509 1969 3598 2022 Dei

2018 2081 2148 2121 vero
2179 2067 2326 2136 leges
2354 2066 2422 2120 ad
2450 2077 2606 2121 actus
2630 2067 2900 2122 humanos
2933 2067 3226 2121 attineutes
3260 2067 3490 2134 illosque
3511 2065 3609 2117 tle‘

2020 2160 2293 2222 ﬁnientes,
2320 2167 2374 2212 et
2397 2158 2465 2212 ad
2491 2159 2644 2220 illum
2671 2159 2854 2215 solum
2884 2158 3228 2221 ordinantes,
3256 2173 3604 2226 consequen-

2019 2258 2127 2304 tem
2161 2251 2328 2305 rectis
2361 2249 2612 2320 injiciunt
2643 2249 3087 2325 dispositionem,
3125 2252 3268 2318 quod
3301 2252 3510 2306 scilicet
3537 2267 3600 2303 ea

2019 2358 2142 2412 quae
2195 2343 2340 2398 bona
2397 2344 2650 2398 videntur
2709 2345 3032 2414 legislatori,
3065 2347 3253 2400 velint
3280 2345 3469 2414 illique
3498 2345 3599 2399 soli

2023 2445 2193 2489 totam
2225 2435 2555 2490 submittant
2601 2437 2970 2502 voluntatem,
3001 2453 3066 2493 ac
3110 2448 3310 2508 praeter
3339 2438 3490 2493 illum
3521 2438 3616 2492 ni-«

2021 2525 2098 2580 hil
2130 2525 2266 2595 ipsis
2287 2527 2496 2596 placeat
2529 2545 2542 2581 :
2571 2526 2720 2598 quod
2757 2527 2935 2584 solum
2969 2539 3051 2583 est
3079 2531 3314 2598 perfecte
3355 2531 3498 2586 seire
3520 2531 3607 2584 di-

2019 2616 2210 2686 ligere.
2233 2613 2363 2670 Ideo
2395 2615 2646 2669 Salvator
2675 2615 2753 2669 ait
2783 2633 2800 2670 :
2837 2633 2856 2666 ι
2900 2615 2956 2670 Si
2983 2617 3236 2670 mandata
3275 2631 3390 2670 mea
3422 2631 3610 2670 servaa-

2022 2707 2235 2770 veritis,
2261 2707 2555 2762 ntanehitis
2591 2706 2645 2760 in
2678 2707 2968 2762 dilectione
3006 2723 3146 2761 mea.
3186 2726 3206 2759 ι
3240 2707 3394 2762 Illius
3422 2716 3604 2764 autem

2023 2795 2306 2852 charitatis
2364 2811 2510 2866 opus.
2562 2805 2648 2852 est
2695 2795 2855 2851 beata
2903 2797 3029 2850 vita.
3081 2797 3420 2854 Voluntatem
3456 2799 3612 2854 enim

2024 2888 2270 2958 undique
2297 2887 2636 2945 contrahens
2667 2898 2718 2944 et
2751 2890 2820 2944 ab
2847 2891 3102 2944 omnibus
3125 2891 3250 2945 aliis
3275 2901 3332 2944 et
3365 2893 3483 2960 ipso
3515 2905 3608 2946 vo-

2027 2980 2172 3035 leute
2207 2995 2524 3050 segregans,
2552 2981 2654 3036 soli
2679 2981 2900 3036 Christo
2934 2981 3231 3048 conciliat;
3265 2983 3604 3038 voluntatem

2025 3086 2158 3126 vero
2203 3085 2404 3127 cuncta
2443 3081 2632 3127 nostra
2670 3082 3006 3142 sequuntur,
3035 3083 3090 3128 et
3125 3090 3244 3144 quo
3272 3075 3430 3136 ferat,
3463 3076 3618 3130 inoe-'

340 3153 510 3264 αὐτοῦ
541 3153 637 3210 τοῦ
673 3155 918 3222 θέλοντος
945 3161 1022 3230 τῷ
1051 3163 1274 3232 Χριστῷ
1317 3166 1601 3238 συνίστησι
1657 3170 1827 3241 μόνῳ·
1855 3175 1920 3242 τῇ

2029 3163 2168 3216 dunt
2183 3171 2237 3217 et
2255 3163 2507 3232 corporis
2537 3173 2742 3228 tnotus,
2764 3175 2814 3220 et
2845 3166 3079 3221 rationis
3103 3182 3322 3232 cursus.
3344 3176 3402 3224 et
3431 3170 3610 3223 omnis

343 3243 561 3316 θελήσει
591 3247 650 3300 δὲ
691 3249 760 3302 τὰ
795 3253 1041 3322 ἡμέτερα
1101 3256 1282 3310 πάντα
1310 3258 1597 3314 ἀκολουθεῖ
1639 3263 1736 3316 καὶ
1794 3265 1920 3318 ὅποι

343 3339 499 3409 φέρει
554 3341 818 3411 χωροῦσι,
855 3346 950 3398 καὶ
1005 3346 1258 3416 σώματος
1307 3350 1452 3422 ὁρμὴ
1494 3353 1590 3408 καὶ
1647 3354 1918 3425 λογισμοῦ

342 3426 558 3494 κίνησις
587 3430 702 3482 καῖ’
733 3432 884 3485 πᾶσα
921 3435 1122 3504 πρᾶξις
1159 3439 1249 3491 καὶ
1289 3441 1400 3492 πᾶν
1427 3441 1610 3496 ὁτιοῦν
1637 3423 1922 3513 ἀνθρώπι-
1970 3423 2001 3442 ³

342 3534 456 3574 νον’
489 3521 585 3574 καὶ
613 3521 806 3595 ὅλωςή
845 3523 1068 3596 θέλησις
1102 3528 1162 3582 τὸ
1201 3530 1494 3601 καθ’ἡμᾶς
1527 3533 1652 3602 ἄγει
1706 3539 1800 3590 καὶ
1825 3540 1922 3606 φέ-

345 3625 452 3680 ρει,
495 3611 596 3665 κᾶν
621 3613 806 3685 ἐκείνη
831 3619 1140 3690 κατασχεθῇ
1169 3639 1294 3685 που,
1339 3624 1520 3678 πάντα
1564 3627 1924 3682 ἐκεῖιδέδεται

346 3700 443 3752 καὶ
469 3701 676 3774 ταύτης
713 3709 1004 3776 κρατήσας
1037 3710 1330 3782 ὁλόκληρον
1359 3713 1472 3783 ἔχει
1495 3715 1585 3768 τὸν
1629 3716 1772 3773 νοῦν.
1823 3720 1928 3774 Οὐ-

345 3791 479 3844 κοῦν
505 3788 588 3858 οἷς
648 3797 682 3866 ή
717 3797 910 3870 γνώμη
963 3801 1057 3854 τοῦ
1121 3803 1360 3872 Χριστοῦ
1405 3808 1526 3861 κατ’
1555 3808 1731 3881 ἄκρας
1780 3812 1926 3869 ἑάλω

346 3885 440 3969 καὶ
466 3887 615 3958 μόνῳ
644 3890 996 3959 πρόσκειται,
1028 3895 1122 3948 καὶ
1157 3895 1338 3950 πάντα
1367 3898 1468 3951 ὅσα
1502 3899 1788 3969 βούλονται
1831 3905 1927 3958 καὶ

345 3967 424 4029 ὧν
459 3978 628 4048 ἐρῶσι
689 3983 785 4034 καὶ
828 3983 865 4037 ἀ
898 3984 1175 4054 ζητοῦσιν,
1230 3989 1442 4055 ἐκεῖνός
1503 3967 1648 4056 ἔστι,
1711 3995 1926 4060 τούτοις

347 4067 470 4158 ῦλον
501 4069 564 4122 τὸ
594 4067 736 4125 εἶναι
799 4075 894 4129 καὶ
931 4078 961 4146 ἡ
989 4077 1104 4148 ζωὴ
1155 4081 1286 4150 παρ’
1319 4082 1491 4151 αὐτῷ,
1547 4085 1668 4137 ἐπεὶ
1698 4085 1794 4139 καὶ
1829 4086 1928 4158 τὴν

350 4156 570 4227 θέλησιν
608 4161 780 4232 αὐτὴν
808 4165 909 4217 οὐκ
949 4166 1064 4220 ἔστι
1116 4167 1218 4240 ζῇν
1249 4170 1340 4222 καὶ
1395 4174 1617 4243 ἐνεργὸν
1657 4170 1797 4230 εἴναι
1851 4156 1928 4248 μὴ

351 4251 411 4303 ἐν
439 4250 517 4322 τῷ
546 4253 765 4324 Χριστῷ
803 4256 1094 4323 μένουσαν,
1143 4261 1226 4314 ὅτι
1265 4265 1374 4316 πᾶν
1400 4264 1604 4332 ἀγαθὸν
1635 4267 1771 4332 ἐκεῖ,
1832 4285 1931 4322 κα-

351 4344 532 4418 θάπερ
569 4348 844 4418 ὀφθαλμὸς
871 4353 940 4406 τὰ
971 4354 1136 4408 αὐτοῦ
1167 4359 1342 4409 ποιεῖν
1370 4357 1469 4411 οὐκ
1503 4359 1570 4413 ἂν
1606 4361 1706 4432 ἔχῃ
1745 4362 1820 4432 μὴ
1841 4363 1930 4433 χτῷ

353 4441 494 4508 φωτὶ
529 4440 834 4510 χρώμενος.
881 4445 1112 4515 Ἑκείνῳ
1157 4463 1220 4500 τε
1269 4448 1379 4521 γὰρ
1414 4451 1578 4519 μόνον
1633 4453 1930 4523 ἐργάζεται

2025 3265 2182 3310 actus
2241 3263 2298 3310 et
2335 3255 2484 3310 aliud
2545 3257 2826 3324 qumllil'et
2878 3261 3216 3323 humanum;
3272 3267 3326 3314 et
3379 3275 3610 3330 prorsus

2029 3348 2282 3400 voluntas
2317 3349 2462 3416 quod
2495 3348 2562 3402 ad
2598 3363 2700 3402 nos
2727 3350 2924 3403 attinet
2953 3351 3147 3420 agitet
3173 3351 3332 3420 gerit,
3363 3360 3415 3407 et
3437 3353 3482 3406 si
3512 3354 3609 3408 illa

2023 3439 2346 3503 retineatur,
2377 3439 2562 3492 omnia
2619 3455 2756 3493 nexa
2796 3441 3129 3502 consistunt,
3159 3449 3214 3496 et
3247 3441 3337 3495 illa
3377 3443 3607 3511 potitus,

2023 3539 2194 3587 totam
2230 3530 2395 3586 habet
2420 3539 2680 3585 mentem.
2715 3529 2930 3596 Quibus
2974 3532 3142 3600 igitur
3172 3533 3429 3588 voluntas
3452 3547 3612 3600 pt‘or-

2025 3639 2124 3680 sus
2139 3637 2324 3677 amore
2344 3623 2547 3678 Christi
2572 3623 2843 3678 detinetur
2868 3637 2924 3680 et
2945 3624 3072 3678 huic
3103 3625 3204 3679 soli
3234 3625 3596 3684 submittitur.

2024 3729 2368 3784 quaecunque
2413 3705 2894 3782 volunt,.diligunt
2939 3731 3005 3770 ac
3053 3726 3327 3784 qmernnt,
3367 3717 3456 3770 ille
3484 3727 3608 3778 est;

2028 3809 2141 3863 illis
2177 3816 2352 3862 totum
2385 3816 2471 3862 est
2513 3823 2633 3864 esse
2667 3809 2888 3878 vitaque
2922 3810 2972 3862 in
3013 3809 3152 3878 ipso.
3186 3811 3457 3880 siquidem
3493 3811 3607 3879 ipsa

2028 3901 2283 3956 voluntas
2315 3915 2423 3954 non
2455 3911 2541 3954 est
2567 3900 2751 3954 vivere
2779 3910 2830 3952 et
2865 3899 2973 3953 vim
3011 3899 3238 3960 habere,
3265 3901 3368 3954 nisi
3395 3911 3617 3954 maneat

2031 3992 2084 4046 in
2135 3991 2379 4054 Christo,
2425 3991 2571 4060 quod
2627 3990 2701 4044 ibi
2737 3998 2850 4045 stat
2887 4005 3050 4045 omne
3079 3991 3310 4056 bonum,
3346 3991 3614 4060 quemad-

2031 4087 2251 4143 modum
2285 4089 2480 4144 ocnlus
2520 4104 2621 4142 nec
2671 4103 2802 4142 suas
2840 4087 3134 4144 facultates
3169 4103 3431 4144 exercere
3489 4091 3610 4142 sine

2033 4179 2235 4233 lumine
2273 4187 2475 4250 potest.
2537 4177 2676 4233 llnic
2725 4184 2868 4230 enim
2905 4177 3086 4232 solum
3115 4179 3300 4234 lumen
3339 4178 3618 4234 visionem

2031 4276 2310 4336 operatur,
2330 4269 2384 4321 et
2414 4267 2666 4320 voluntas
2697 4283 2805 4320 non
2840 4267 2983 4322 valet
3011 4282 3176 4337 agere
3197 4269 3306 4324 nisi
3343 4270 3397 4322 in
3429 4273 3606 4325 solum

2034 4359 2260 4412 bonum.
2299 4357 2457 4412 Unde
2479 4373 2604 4412 cum
2640 4357 2728 4410 ille
2754 4357 2823 4410 sit
2847 4358 3092 4412 omnium
3121 4359 3390 4414 honorum
3423 4362 3608 4415 dist-ri-

2036 4455 2220 4514 hutor,
2245 4448 2292 4504 si
2329 4457 2498 4502 totam
2530 4448 2588 4501 in
2613 4448 2731 4516 ipso
2762 4463 2876 4502 non
2901 4451 3228 4518 reponimus
3245 4451 3604 4516 voluntatem,

349 4531 449 4599 τὴν
473 4533 686 4603 ὀψινρτὸ,
716 4535 852 4604 φῶς,
875 4538 910 4606 ἧ
932 4555 991 4598 τε
1019 4538 1238 4610 θέλησις
1263 4543 1402 4612 πρὸς
1464 4543 1492 4595 ὃ
1516 4545 1744 4600 δύναται
1771 4548 1922 4616 svsp-

2031 4541 2125 4598 sed
2159 4540 2360 4611 aliquid
2386 4539 2686 4594 voluntatis
2710 4549 2864 4594 ext-ra
2887 4541 3203 4594 thesaurum
3233 4543 3396 4595 istum
3423 4545 3606 4608 cadat,

351 4626 494 4692 γεῖν,
537 4626 698 4694 μόνον
725 4628 870 4692 ,ἐστὶ
903 4629 1160 4697 τάγαθόν·
1197 4632 1319 4687 ὅθεν
1381 4637 1504 4690 ἐπεὶ
1563 4639 1769 4708 ταμίας
1818 4640 1926 4694 τῶν

351 4715 571 4782 ἀγαθῶν
600 4717 858 4772 ἁπάντων
888 4721 1118 4788 ἐκεῖνος,
1149 4723 1198 4774 εί
1235 4726 1311 4792 μὴ
1343 4727 1528 4780 πᾶσαν
1558 4729 1658 4798 τὴν
1701 4729 1929 4800 γνώμην

353 4808 412 4860 ἐν
456 4809 606 4878 αὐτῷ
634 4812 894 4882 φέροντες
921 4813 1182 4886 θήσομεν,
1247 4817 1382 4872 ἀλλά
1435 4837 1488 4872 τι
1517 4819 1618 4888 τῆς
1651 4820 1930 4891 θελήσεως

352 4897 458 4962 ἔξω
487 4900 580 4953 τοῦ
613 4901 896 4973 θησαυροῦ
919 4905 1110 4962 τούτου
1140 4909 1317 4976 πέσοι,
1359 4911 1535 4981 ἀργόν
1569 4913 1686 4965 ἐστι
1711 4913 1808 4966 καὶ
1847 4929 1932 4964 νε-

353 4991 503 5060 κρόν.
531 4993 700 5076 ιιἙὰν
719 4997 794 5065 μή
817 5014 902 5060 τις
917 4996 1076 5070 μείνῃ
1093 4999 1222 5068 γὰρ,
1262 5001 1452 5071 φησὶν,
1486 5005 1542 5053 ἐν
1559 5001 1706 5070 ἐμοὶ,
1725 5002 1929 5074 ἒῦλήθη

355 5087 460 5152 ἔξω
487 5085 560 5150 ὡς
585 5088 646 5140 τὸ
703 5090 890 5160 κλῆμα
921 5093 1016 5143 καὶ
1071 5089 1370 5162 ἐξηράνθη,
1442 5092 1538 5145 καὶ
1593 5093 1931 5160 συνάγουσιν

356 5175 499 5230 αὑτά
529 5179 622 5230 καὶ
645 5179 726 5241 είς
766 5179 828 5231 τὸ
854 5179 962 5250 πῦρ
1009 5179 1263 5249 βάλλουσι
1317 5181 1415 5233 καὶ
1449 5179 1688 5233 καίεταιο
1719 5199 1738 5232 ι
1787 5185 1837 5233 εί
1873 5181 1932 5234 δὲ

357 5269 563 5322 καὶτὸν
596 5272 830 5341 Χριστὶν
865 5272 1207 5342 μιμήσασθαι
1254 5273 1350 5324 καὶ
1378 5270 1480 5342 ζῇν
1543 5271 1668 5324 κατ’
1699 5273 1930 5337 ἐκεῖνον,

359 5364 418 5415 ἐν
455 5363 677 5434 Χριστῷ
712 5363 812 5436 ζῇν
833 5366 974 5432 ἐστι,
1012 5367 1108 5419 καὶ
1144 5365 1303 5418 τοῦτο
1355 5364 1455 5433 τῆς
1489 5362 1715 5432 γνώμης
1748 5364 1931 5434 ἔργον,

357 5455 486 5506 ὅταν
523 5457 636 5518 τοῖς
664 5455 757 5508 τοῦ
779 5456 916 5509 Θεοῦ
948 5456 1280 5526 βουλήμασιν
1305 5455 1614 5525 ὑπακούσῃ.
1655 5453 1927 5525 Καθάπερ

358 5549 565 5610 ἐκεῖνος
600 5547 707 5602 τῶν
731 5548 929 5602 ἑαυτοῦ
962 5549 1237 5616 θελήσεων
1271 5547 1508 5612 ὑπέταξε
1575 5549 1640 5617 τῇ
1683 5547 1805 5617 θείᾳ
1835 5551 1934 5616 τὴν

361 5641 738 5712 ἀνθρωπίνην,
773 5642 870 5695 καὶ
917 5641 1005 5696 ἵνα
1034 5641 1193 5694 τοῦτο
1247 5641 1458 5708 διδάξαι
1508 5643 1604 5694 καὶ
1641 5641 1737 5710 τῆς
1769 5639 1934 5710 ὀρθῆς

362 5730 510 5803 ζώης
543 5733 896 5802 παράδειγμα
965 5736 1097 5804 ἡμῖν
1139 5734 1454 5798 καταλίποι,
1501 5735 1596 5786 τὸν
1626 5733 1766 5803 ὑπὲρ
1839 5732 1934 5785 τοῦ

365 5825 574 5896 κόσμου
604 5825 858 5891 θάνατον,
887 5826 974 5880 ὅτε
1011 5826 1108 5897 μὲν
1131 5826 1420 5883 ἀποθανεῖν
1439 5827 1678 5897 ἐδέησεν,
1699 5825 1758 5877 οὐ
1792 5839 1908 5896 παρ

2035 4635 2198 4684 inane
2231 4639 2284 4683 et
2314 4637 2589 4683 mortuum
2625 4641 2728 4682 est.
2769 4645 2788 4677 ι
2833 4627 2990 4690 Nam,
3025 4627 3225 4696 inquit,
3264 4630 3370 4684 nisi
3392 4633 3516 4700 quis
3553 4635 3616 4684 itt-

2034 4737 2120 4776 tue
2141 4723 2425 4783 manserit,
2450 4720 2684 4774 mittitur
2711 4717 2857 4772 foras
2879 4717 3020 4771 sicut
3047 4720 3276 4787 palmes,
3303 4729 3358 4773 et
3375 4723 3606 4788 arescit;

2033 4821 2082 4866 et
2120 4812 2382 4880 colligunt
2411 4826 2559 4875 eum,
2594 4818 2648 4863 et
2680 4809 2732 4863 in
2775 4809 2953 4877 ignem
2983 4809 3222 4877 mittunt,
3256 4821 3310 4864 et
3333 4813 3608 4866 eomburi~

2033 4909 2144 4958 tur.
2183 4921 2202 4954 ι
2252 4903 2310 4956 Si
2349 4917 2477 4957 vero
2515 4917 2734 4970 quoque
2753 4900 3030 4955 Christum
3079 4901 3282 4956 imitari
3315 4905 3608 4974 vivereque

2036 4992 2333 5047 secundum
2381 4992 2561 5056 illum,
2599 4993 2650 5045 in
2689 4989 2909 5045 Christo
2941 4991 3125 5044 vivere
3165 5001 3275 5058 est,
3306 4994 3410 5047 hoc
3441 4998 3616 5048 etiam

2035 5095 2120 5140 est
2149 5101 2286 5154 opus
2317 5085 2636 5146 voluntatis,
2671 5082 2890 5152 quando
2933 5081 3031 5136 Dei
3080 5083 3355 5140 mandatis
3403 5087 3608 5140 obedit.

2037 5176 2510 5244 Quemadmodum
2584 5176 2676 5228 ille
2733 5190 2960 5228 suarum
3018 5174 3360 5230 voluntatum
3411 5177 3608 5233 divina:
3677 5189 3679 5192 ‘

2037 5266 2272 5336 subjecit
2295 5267 2610 5333 humanam,
2639 5275 2811 5336 utque
2859 5265 3017 5321 nobis
3059 5265 3164 5322 hoc
3221 5268 3531 5322 ostenderet
3557 5277 3612 5321 rt

2038 5369 2200 5416 rectae
2264 5361 2389 5414 vita:
2444 5359 2726 5428 exemplar
2787 5359 3146 5429 relinqueret,
3211 5369 3439 5414 mortem
3511 5375 3612 5427 pro

2039 5451 2266 5516 mundo,
2287 5466 2412 5506 cum
2431 5452 2677 5522 oportuit
2697 5453 2854 5513 mori,
2883 5467 2990 5506 non
3017 5451 3227 5516 abnuit;
3283 5452 3604 5520 priusquam

2039 5555 2220 5598 autent
2255 5545 2494 5598 venisset
2521 5553 2760 5613 tempus,
2805 5543 3126 5610 deprecatus
3166 5549 3272 5604 est,
3315 5541 3615 5594 osteinlens

2038 5639 2183 5708 quod
2235 5653 2342 5692 non
2375 5636 2698 5704 sibiutetipsi
2733 5636 2968 5704 placeret
3006 5635 3058 5688 in
3094 5633 3457 5701 passionibus,
3490 5633 3610 5700 sed,

2042 5741 2101 5784 ut
2141 5731 2218 5784 ait
2249 5730 2468 5790 Paulus,
2503 5710 2762 5782 obediens
2818 5727 2992 5780 laetus
3051 5723 3117 5777 ad
3161 5739 3380 5778 crucem
3434 5735 3605 5792 veutt,

2041 5821 2199 5893 quasi
2235 5838 2340 5878 nou
2373 5837 2536 5876 unam
2579 5819 2932 5885 voluntatem,
2953 5825 3046 5872 aut
3077 5831 3141 5872 cx
3169 5817 3376 5872 duabus
3412 5832 3608 5886 unam,
