4036 6446
283 389 390 456 725

1357 393 1456 454 DE
1495 393 1673 454 VITA
1715 393 1792 454 lN
1825 393 2165 455 CHRISTO
2193 394 2342 454 LIB.
2373 395 2504 456 VI].

3443 381 3552 448 ’7ἓὸ

281 507 482 571 ζῶντος
512 503 646 558 Θεοῦ
673 501 750 573 τῷ
773 503 1062 574 τεκμηρίῳ
1086 502 1257 574 τοῦτςμ
1285 506 1606 576 μανθάνειν.
1648 509 1838 564 Καθάο
1861 515 1890 571 ,4

1994 523 2098 579 gno
2128 507 2473 580 recognosci.
2501 503 2976 572 Quemadmodum
3009 501 3156 557 illam
3187 499 3324 554 nihil
3351 499 3556 554 habere

282 615 388 670 περ
414 595 649 666 ἐκείνην.
693 595 770 658 ὡς
796 595 952 649 οὐδὲν
990 591 1136 666 εἶχεν
1167 597 1346 651 κοινὺν
1374 598 1512 670 πρὸς
1563 601 1624 652 τὸ
1667 603 1864 675 τεθνη-

289 690 384 751 κὸς
401 687 636 747 παιδίον,
676 689 710 756 ἠ
734 687 861 757 περὶ
891 687 951 740 τὸ
982 687 1094 752 ζῶν
1125 689 1483 762 φιλοστοργία
1515 697 1608 746 καὶ
1635 695 1870 764 πρόνοια

287 778 476 846 σαφῶς
497 778 794 848 ἐδήλωσεν,
831 779 974 832 οὕτω
993 781 1087 834 καὶ
1111 780 1322 843 τούτοις
1355 783 1388 851 ἡ
1413 785 1544 854 περὶ
1569 786 1662 838 τὸν
1686 785 1868 850 ζῶντα

289 872 424 924 Θεὸν
463 869 630 934 αίδὼς
662 871 756 922 καὶ
786 871 847 922 τὸ
879 870 1100 942 φίλτρον
1124 873 1398 938 ἀπόδειξίς
1427 875 1577 930 ἐστιν
1607 879 1868 948 ἐναργὴς,

287 963 370 1016 ὅτι
401 962 460 1015 οὐ
485 964 692 1030 νεκρῶν
717 961 934 1030 ἐγένετο
993 963 1272 1032 πατέρων.
1341 963 1436 1028 οὓς
1469 969 1591 1020 οὐδὲ
1631 967 1870 1023 θάπτειν

285 1057 412 1118 τοὺς
435 1053 580 1113 οὕτω
629 1053 842 1118 ζῶντας
899 1053 1286 1124 συνεχώρησεν
1311 1059 1340 1108 ὸ
1367 1057 1584 1128 Σωτήρο
1619 1064 1664 1128 (ι
1699 1061 1872 1128 ’Ἄφες

287 1147 420 1216 γὰρ,
461 1147 620 1216 φησι,
659 1148 788 1209 τοὺς
830 1147 1060 1216 νεκροὺς
1106 1147 1278 1218 θάψαι
1326 1150 1457 1211 τοὺς
1517 1150 1730 1206 ἑαυτῶν
1777 1172 1873 1208 νε-

286 1240 453 1310 κροὺς
483 1239 530 1306 ι)
563 1239 684 1292 ἐπεὶ
721 1239 844 1292 οὐδὲ
883 1241 1027 1294 κατά
1074 1239 1238 1294 τοῦτο
1287 1242 1452 1312 μόνον
1504 1233 1725 1317 ἀγάπης
1773 1249 1874 1320 τὴν

290 1333 521 1402 υἱὸτητα
582 1331 896 1402 βεϐαιοῦσιν
933 1334 1277 1398 ἐαυτοῖς,ὄτι
1303 1336 1378 1399 ὼς
1410 1339 1584 1408 πατρὶ
1625 1339 1704 1410 τῷ
1754 1339 1874 1410 Θεῷ

289 1423 646 1493 πρόσκεινται
675 1423 773 1474 καὶ
807 1423 1077 1490 φιλοῦσιν,
1103 1424 1225 1480 ἀλλ’
1261 1427 1345 1480 ὅτι
1395 1428 1492 1480 καὶ
1544 1429 1757 1484 ἐοίκασι
1783 1419 1875 1486 διά

293 1515 386 1580 τὴν
423 1514 644 1582 ἀγάπην
675 1513 846 1585 αὐτῷ,
883 1517 964 1570 ὅτι
1012 1534 1068 1572 τε
1091 1519 1141 1571 οἱ
1187 1518 1287 1588 μὲν
1314 1521 1654 1590 ἀγαπητικοί
1711 1523 1874 1585 εἰσιν,

289 1608 318 1656 ὁ
346 1605 403 1658 δὲ
432 1606 564 1668 Θεὸς
596 1605 787 1674 ἀγάπη
846 1608 988 1674 ἐστὶ,
1037 1609 1132 1663 καὶ
1190 1610 1412 1682 ἀγάπης
1453 1611 1635 1681 ἕνεκα,
1681 1613 1876 1680 ζῶσιν.

291 1701 352 1752 Οἱ
387 1699 494 1768 γὰρ
523 1698 738 1770 ἀληθῶς
787 1699 989 1766 ζῶντες
1040 1692 1188 1754 οὗτοί
1241 1703 1370 1767 εἰσι,
1404 1707 1539 1774 παρ’
1578 1699 1657 1768 οἷς
1688 1707 1748 1760 τὸ
1779 1725 1878 1762 κα-

292 1789 386 1842 λὸν
437 1790 598 1844 τοῦτο
641 1791 904 1862 τρέφεται
951 1792 1146 1856 πάθος,
1215 1797 1474 1866 καθάπερ
1505 1789 1580 1850 ὧν
1642 1798 1876 1852 ἄπεστιν

1973 616 2268 656 commune
2321 615 2446 654 cum
2499 613 2668 667 puero
2721 607 2939 652 “\Oi'lllﬂ
2975 607 3259 648 maternus
3307 607 3464 646 amor
3499 603 3556 646 οι

1973 693 2284 750 sollicitudo
2342 691 2489 747 clare
2545 689 3087 748 demonstraverunt,
3117 685 3196 738 sie
3247 693 3303 736 et
3357 683 3410 737 in
3452 683 3558 737 illis

1973 799 2101 851 erga
2159 782 2328 834 Deum
2381 781 2653 835 viventem
2709 779 2983 832 veneratio
3035 785 3089 830 et
3143 775 3386 830 Charitas
3437 774 3557 827 viva

1975 885 2102 929 sunt
2128 873 2549 934 demonstratio,
2578 873 2725 942 quiod
2760 887 2870 924 non
2903 886 2966 924 ex
3001 867 3234 922 mortuis
3261 867 3405 920 enati
3426 875 3559 922 sunt

1976 955 2409 1034 pat'i'ibus,quos
2437 979 2538 1019 nec
2561 963 2794 1032 Sepelire
2827 961 3013 1014 taliter
3038 959 3281 1012 viventes
3310 955 3560 1026 permisit

1976 1057 2276 1112 Salvator:
2324 1074 2342 1106 ι
2401 1052 2554 1118 Sine,
2604 1053 2801 1122 inquit,
2838 1060 3089 1104 mortuos
3147 1063 3279 1102 suos
3325 1045 3561 1116 sepelire

1977 1157 2250 1203 mortuos.
2294 1166 2314 1198 ι
2349 1135 2475 1200 Non.
2501 1146 2645 1201 enim
2693 1159 2758 1197 ex
2809 1142 2910 1196 hoc
2941 1139 3225 1194 chaiitatis
3269 1137 3388 1192 solo
3417 1137 3561 1190 tilio-

1977 1233 2099 1296 rum
2132 1237 2482 1308 adoptionem
2519 1237 2622 1293 sibi
2663 1223 2904 1298 tirmant,
2931 1235 3076 1304 quod
3105 1231 3214 1286 Deo
3244 1230 3390 1285 velut
3419 1229 3560 1298 patri

1979 1335 2260 1388 adhaerent
2287 1330 2592 1409 reverentia
2625 1340 2680 1385 et
2712 1343 2923 1390 amore,
2945 1326 3037 1381 sed
3066 1324 3210 1394 quod
3249 1338 3344 1394 per
3377 1323 3562 1376 chari-

1980 1438 2145 1484 tatem
2179 1429 2376 1483 habent
2415 1443 2538 1480 cum
2577 1427 2666 1480 illo
2697 1423 3136 1486 similitudinem,
3163 1429 3432 1491 quatenus
3461 1415 3562 1486 ip-i

1979 1512 2272 1589 diligentes
2307 1528 2456 1581 sunt,
2485 1519 2626 1573 Dens
2653 1528 2838 1571 autem
2869 1523 2954 1570 est
2982 1513 3226 1576 dilectio,
3260 1523 3311 1564 et
3343 1521 3566 1578 propter

1977 1609 2298 1664 charitatcm
2343 1609 2553 1662 vivunt.
2608 1596 2744 1661 Nam
2800 1620 2922 1660 vere
2979 1605 3220 1656 viventes
3276 1601 3362 1654 isti
3408 1607 3564 1660 sunt,

1981 1700 2120 1768 apud
2153 1713 2295 1770 quos
2323 1700 2526 1754 nobilis
2561 1699 2665 1752 ista
2707 1696 2895 1766 passio
2923 1695 3194 1771 nutritur,
3219 1693 3362 1748 sicut
3389 1691 3494 1744 illis
3534 1706 3562 1741 ιι

1980 1791 2184 1860 quibus
2234 1795 2408 1856 abest,
2442 1789 2629 1844 omnia
2681 1797 2813 1843 sunt
2849 1793 3090 1841 mortua.
3139 1783 3219 1838 Ex
3267 1783 3370 1836 hoc
3417 1779 3565 1834 enim

294 1881 707 1945 ἐκεῖνο,-πάντα
740 1883 933 1954 νεκρά.
965 1884 1065 1936 Διά
1085 1884 1246 1938 τοῦτο
1275 1889 1384 1954 γὰρ
1415 1887 1495 1940 ὅτι
1521 1889 1654 1952 υἱοὶ,
1700 1889 1770 1943 δι’
1798 1881 1874 1944 ὧν

1994 1887 2129 1953 quod
2163 1881 2282 1946 ﬁlii,
2320 1898 2416 1952 per
2441 1897 2505 1936 ea
2526 1896 2649 1951 quae
2675 1880 2904 1940 faciunt,
2933 1889 3140 1950 patrem
3175 1877 3481 1938 honorant,
3513 1881 3600 1936 et,

295 1973 531 2039 ποιοῦσι,
561 1975 653 2028 τὸν
669 1975 882 2046 πατέρα
903 1976 1130 2046 τιμῶσι.
1160 1979 1253 2030 καὶ
1283 1979 1488 2044 ζῶντες
1511 1982 1665 2036 αὐτοὶ
1695 1982 1874 2048 ζῶντα

292 2067 627 2137 κηρύττουσι
645 2067 737 2121 τὸν
763 2070 916 2132 Θεὸν,
979 2068 1112 2144 παρ’
1139 2065 1200 2126 οῦ
1221 2067 1602 2142 γεγέννηνταί,
1629 2074 1725 2129 κει)⁵
1777 2074 1880 2145 τὴν

294 2156 663 2228 ἁνεκλάλητον
691 2159 968 2230 γέννησιν,
1000 2160 1070 2232 ἢν
1101 2161 1314 2216 ἐκεῖθεν
1344 2147 1750 2234 ἐγεννήθησαν.
1803 2169 1873 2236 τῇ

295 2252 580 2321 καινότητι
629 2252 731 2318 τῆς
763 2251 933 2322 ζωῆς,
993 2247 1110 2326 ἕνῇ
1143 2257 1287 2308 κατά
1324 2255 1416 2310 τὸν
1459 2258 1674 2312 Παύλου
1723 2259 1880 2327 λόγον

297 2343 692 2414 περιπατοῦσι,
741 2344 1099 2414 πιστούμενοι
1131 2347 1226 2400 τδν
1278 2349 1338 2401 ἑν
1359 2349 1611 2418 οὐρανοῖς
1658 2351 1882 2422 Πατέρα.

289 2433 634 2500 δοξάξουσιν.
683 2431 874 2498 Οὕτως
942 2435 1276 2508 ἀπορῤήτως
1324 2438 1420 2490 καὶ
1481 2439 1884 2510 φιλανθρώπως

294 2527 621 2593 γεννῶνται,
643 2525 736 2579 καὶ
771 2526 846 2586 ὡς
875 2525 1044 2592 ἔοικε,
1071 2528 1158 2582 διὰ
1185 2529 1341 2583 τοῦτο
1379 2531 1512 2600 Θεὸς
1559 2533 1620 2586 ού
1651 2535 1882 2603 νεκρῶν,

298 2617 434 2672 ἀλλά
467 2618 689 2683 ζώντων
731 2617 880 2672 ἐστὶν
924 2619 952 2672 ὁ
991 2619 1145 2683 Θεὸς,
1195 2620 1276 2673 ὅτι
1329 2623 1460 2692 παρ’
1516 2624 1747 2688 ἐκείνοις
1785 2625 1884 2696 τὴν

297 2712 507 2766 οἰκείαν
541 2711 794 2781 εὖρίσκει
836 2711 1016 2776 δόξαν·
1049 2712 1174 2767 ὅθεν
1217 2716 1312 2767 καὶ
1369 2713 1504 2786 πρὸς
1553 2718 1682 2780 τοὺς
1713 2734 1886 2786 πονη-

303 2805 432 2877 ροὺς
455 2805 663 2870 ἔλεγεν,
705 2823 722 2855 ι
754 2792 812 2856 Ei
842 2803 978 2868 Θεός
1007 2807 1124 2874 εἰμι
1179 2806 1315 2875 ἐγὼ,
1350 2807 1454 2860 ποῦ
1502 2808 1652 2860 ἐστιν
1697 2810 1728 2880 ἡ
1759 2808 1888 2874 δόξα

304 2912 448 2965 μους
479 2913 497 2948 ι
541 2889 715 2948 Τοῦτο
747 2895 923 2967 δηλῶν
951 2898 979 2950 ὁ
1009 2895 1196 2962 Δαόὶδ,
1236 2916 1256 2950 ι
1285 2897 1423 2969 Ούχὶ
1454 2900 1502 2954 oi
1529 2895 1716 2970 νεκροὶ
1743 2899 1890 2953 αίνέ-

303 2991 456 3046 conci
482 3007 562 3053 σε,
596 2991 791 3060 Κύριε,
829 2991 1016 3060 φησὶν,
1052 2991 1168 3045 ἀλλ’
1205 2993 1370 3063 ἡμεῖς
1396 2993 1446 3046 οἱ
1507 2994 1729 3058 ζῶντες.
1771 3013 1792 3046 ι

376 3071 618 3155 τοιαύτη
641 3087 674 3154 ἠ
709 3085 765 3136 ἐν
817 3081 1042 3154 Χριστῷ
1075 3081 1210 3154 ζωὴ,
1270 3085 1368 3136 καὶ
1401 3083 1546 3138 οὕτω
1583 3084 1890 3156 κρύπτεται

1983 1977 2084 2047 ipsi
2115 1975 2363 2030 viventes
2398 1974 2670 2028 viventem
2709 1972 3012 2041 praedicant
3047 1973 3238 2032 Deum,
3270 1983 3299 2022 a
3333 1981 3446 2036 quo
3473 1979 3570 2033 ge-

1983 2068 2153 2140 nerati
2198 2077 2370 2132 sunt;
2429 2071 2485 2120 et
2529 2051 2864 2119 ineﬂabilem
2911 2061 3346 2132 generationem,
3401 2073 3568 2128 quam

1981 2157 2179 2211 exinde
2217 2165 2630 2221 coutiaxerunt,
2681 2153 2922 2208 novitate
2970 2151 3098 2206 vitae
3153 2154 3204 2204 in
3259 2166 3388 2218 qua,
3414 2149 3566 2216 juxta

1983 2245 2138 2300 Pauli
2179 2247 2366 2313 verba,
2403 2245 2708 2310 ambulant,
2756 2243 2860 2298 (ide
2909 2242 3075 2312 pleni,
3117 2240 3338 2295 Patrem
3395 2240 3568 2310 quiin

1983 2341 2139 2396 caelis
2163 2349 2250 2394 est
2281 2339 2610 2410 gloriﬁcant.
2641 2337 2734 2393 Sic
2764 2337 2993 2408 mystice
3025 2335 3375 2404 humaneque
3403 2347 3573 2404 gene-

1985 2442 2202 2500 rantur,
2236 2441 2312 2498 et,
2357 2442 2414 2486 ut
2443 2447 2662 2501 mquum
2695 2439 2800 2495 est,
2842 2427 2988 2484 Deus
3040 2443 3146 2482 non
3202 2435 3286 2481 est
3321 2436 3574 2480 mortuo-

1987 2543 2134 2591 rum,
2158 2527 2254 2582 sed
2285 2525 2558 2590 vivorum,
2591 2523 2737 2592 quod
2775 2522 3054 2596 pr0priam
3094 2521 3150 2576 in
3197 2519 3334 2588 ipsis
3365 2519 3576 2574 invenit

1989 2619 2242 2689 gloriam.
2275 2616 2492 2675 Etideo
2541 2615 2610 2669 ad
2659 2615 2881 2684 iniquos
2916 2613 3094 2668 dixit:
3133 2631 3151 2663 ι
3191 2610 3244 2666 Si
3278 2611 3420 2684 Deus
3471 2625 3576 2678 ego

1991 2727 2133 2775 sum,
2168 2710 2256 2763 ubi
2281 2717 2366 2764 est
2407 2707 2578 2779 gloria
2611 2707 2768 2760 mea?
2823 2724 2842 2758 ι
2881 2705 2996 2760 Hoc
3031 2705 3330 2758 ostendens
3379 2701 3574 2764 Dauid,

1997 2822 2016 2856 ι
2056 2803 2176 2858 Non
2204 2801 2400 2856 mortui
2433 2799 2734 2854 laudabunt
2767 2807 2839 2860 te,
2861 2795 3110 2861 Domine,
3135 2792 3332 2862 inquit,
3355 2791 3449 2847 sed
3477 2807 3577 2847 nos

1992 2895 2086 2966 qui
2117 2893 2374 2954 vivimus.
2415 2911 2433 2942 ι

2067 3075 2218 3131 Talis
2247 3085 2330 3130 est
2355 3073 2410 3128 in
2445 3071 2668 3128 Christo
2697 3070 2843 3137 vita;
2872 3068 2952 3124 sic
2993 3039 3374 3132 absconditur,
3405 3069 3460 3119 et
3493 3063 3574 3119 sic

305 3181 403 3232 καὶ
441 3178 584 3232 οὕτω
606 3149 976 3247 ϋφαίνεταιττῴ
999 3149 1140 3244 (pi-iri
1167 3149 1273 3230 τῶν
1299 3177 1482 3230 καλῶν
1519 3149 1718 3248 ἔργων,
1748 3178 1886 3248 ὅπερ

1999 3169 2377 3224 manifestatur
2425 3165 2632 3221 l'umine
2677 3149 2952 3220 bonorum
2999 3176 3254 3232 operum,
3304 3159 3435 3230 quid
3501 3157 3575 3213 sit

309 3271 460 3322 ἐστὶν
515 3270 549 3340 ἡ
584 3269 798 3337 ἀγάπη.
851 3267 942 3321 Ἑν
973 3269 1148 3340 ταύτῃ
1181 3268 1294 3336 γὰρ
1333 3271 1364 3336 ἡ
1391 3267 1716 3338 λαμπρότης
1747 3269 1893 3322 ἁπά-

309 3379 410 3432 σης
433 3362 581 3414 ἐστὶν
617 3359 846 3430 ἀρετῆς,
876 3358 974 3412 καὶ
1035 3362 1134 3427 τὴν
1165 3361 1223 3411 ὲν
1275 3359 1496 3430 Χριστῴ
1560 3360 1728 3432 ζωὴν,
1768 3361 1893 3414 ὅσον

308 3453 391 3517 εἰς
418 3453 516 3520 τὴν
551 3451 901 3521 ἀνθρωπίνην
933 3449 1090 3520 φέρει
1122 3451 1374 3520 σπουδὴν,
1419 3437 1602 3522 ἐκείνη
1635 3451 1893 3526 συνίστη-

310 3563 418 3598 σιι.
447 3543 614 3596 Ὅθεν
635 3543 738 3596 οὖν’
763 3543 827 3596 άν
858 3560 940 3605 τις
991 3543 1230 3612 ἁμάρτοι
1264 3541 1412 3610 ζωὴν
1463 3543 1635 3613 αὐτὴν
1665 3559 1892 3614 προσει-

309 3637 448 3690 πώψ
476 3636 571 3690 καὶ
602 3633 710 3705 γάρ
739 3633 935 3697 ἒνωσίς
981 3635 1097 3687 ἔστι
1147 3629 1284 3702 πρὸς
1309 3635 1400 3688 τὸν
1429 3634 1582 3700 Θεὸν,
1647 3636 1808 3689 τοῦτο
1837 3637 1896 3690 δὲ

307 3729 447 3802 ζωὴ,
475 3729 729 3801 καθάπερ
755 3727 989 3782 θάνατον
1029 3729 1190 3797 ἴσμεν
1219 3729 1310 3782 τὸν
1359 3729 1468 3782 ἀπὸ
1521 3727 1660 3781 Θεοῦ
1685 3746 1896 3800 χωρισ-

313 3825 434 3894 μέν.
453 3823 549 3876 Διά
569 3819 728 3875 τοῦτο
751 3821 880 3892 γὰρ,
906 3839 922 3870 ι
945 3821 1014 3874 'H
1035 3820 1224 3882 ἐντολὴ
1244 3821 1438 3887 αὐτοῦ,
1453 3822 1610 3891 φησὶ,
1633 3822 1747 3893 ζωὴ
1769 3821 1900 3875 αίώ-

308 3917 422 3979 νιός
449 3919 584 3975 ἐστι,
599 3933 618 3966 ι
637 3914 735 3983 τὴν
754 3915 976 3984 ἀγάπην
995 3913 1468 3982 λέγων,καὶξαῦτὸς
1487 3916 1515 3966 ὁ
1539 3913 1748 3984 Σωτὴρ.
1775 3932 1794 3965 ‹
1817 3915 1900 3968 Τὰ

313 3996 558 4078 ῥήματα,
585 4005 621 4060 ἃ
659 4003 770 4072 ἐγὼ
807 4005 954 4058 λαλῶ
987 3995 1138 4074 ὑμῖν,
1195 4005 1418 4074 πνεῦμά
1469 4006 1586 4058 ἐστι
1637 4004 1732 4058 καὶ
1777 4004 1894 4078 ζωή

312 4076 482 4153 ἔστιν’
512 4119 529 4150 ι
563 4091 638 4153 ὧν
667 4098 728 4150 τὸ
756 4096 1050 4166 κεφάλαιον
1079 4099 1112 4165 ἡ
1131 4099 1340 4166 ἀγάπη,
1373 4095 1488 4151 καὶ.
1535 4096 1594 4149 Ὀ
1624 4097 1803 4167 μένων
1843 4076 1899 4148 ὲν

313 4194 380 4262 τῇ
414 4191 604 4262 ἀγάπῃ
646 4191 702 4242 ἐν
751 4190 829 4257 τῷ
857 4189 977 4260 Θεῷ
1012 4189 1166 4258 μένει
1199 4195 1296 4242 καὶ
1355 4191 1383 4242 ὁ
1409 4189 1541 4252 Θεὸς
1577 4191 1636 4244 ὲν
1667 4187 1838 4257 αὐτῷ,
1875 4207 1894 4238 ι

311 4275 358 4350 ᾧ
386 4283 582 4334 ταύτόν
633 4281 782 4332 ἔστιν
823 4280 882 4332 ὲν
921 4284 986 4349 τῇ
1024 4279 1140 4349 ζωῇ
1175 4279 1364 4348 μένειν
1400 4281 1496 4332 καὶ
1532 4279 1630 4350 τὴν
1661 4262 1807 4348 ζωὴν
1841 4279 1901 4331 ἐν

313 4365 486 4438 ab:qu
507 4389 525 4422 t
550 4363 692 4437 Ἐγὼ
714 4371 822 4437 γάρ
845 4371 983 4440 εἰμι,
1018 4350 1261 4440 φησῖνξή
1291 4369 1462 4440 ζωή.»
1499 4369 1562 4424 El
1589 4370 1644 4424 δὲ
1668 4373 1760 4422 καὶ
1784 4369 1898 4440 ζωή

315 4457 466 4512 ἔστιν
495 4457 767 4528 ήκινοῦσα
787 4457 855 4512 τὰ
877 4459 1055 4522 ζῶντα
1087 4457 1340 4534 δύναμις,
1367 4459 1418 4512 τί
1448 4459 1508 4511 τὸ
1547 4458 1732 4512 κινοῦν
1771 4459 1900 4522 τοὺς

2001 3263 2266 3318 Charitas.
2305 3261 2362 3313 In
2391 3261 2493 3314 hac
2527 3259 2672 3314 enim
2711 3258 2894 3313 omnis
2921 3265 3007 3311 est
3049 3253 3264 3309 \irtutis
3299 3250 3578 3322 splendor,

1999 3363 2052 3410 et
2079 3356 2242 3408 vitam
2286 3353 2340 3406 in
2371 3352 2618 3417 Christo,
2655 3360 2926 3420 quantum
2965 3349 3030 3402 ad
3058 3347 3352 3420 humanam
3387 3344 3582 3397 attinet

2001 3445 2354 3505 activitatem,
2404 3443 2498 3496 illa
2533 3418 2838 3510 componit.
2861 3439 3016 3494 Unde
3070 3418 3178 3492 non
3222 3444 3430 3490 erraret
3486 3434 3582 3505 qui

2001 3538 2176 3602 ipsam
2210 3536 2481 3588 vocaverit
2502 3533 2669 3588 vitam
2699 3550 2712 3585 :
2749 3532 2866 3584 unit
2896 3531 3042 3585 enim
3071 3529 3182 3584 Deo
3213 3547 3226 3582 :
3253 3529 3371 3582 haec
3395 3537 3580 3581 autem

2001 3627 2237 3682 societas
2264 3635 2348 3680 est
2379 3626 2510 3688 vita,
2543 3623 2707 3679 sicuti
2739 3629 2970 3676 mortem
3007 3636 3129 3675 esse
3167 3620 3378 3675 scimus
3408 3633 3436 3670 a
3473 3616 3586 3672 Deo

2003 3719 2426 3788 separationem.
2461 3715 2608 3777 Ideo,
2653 3733 2670 3764 ι
2709 3715 3033 3767 Mandatum
3064 3709 3206 3780 ejus,
3243 3709 3442 3780 inquit,
3476 3709 3587 3762 vita

2001 3820 2203 3865 acterna
2256 3818 2375 3870 est,
2407 3827 2426 3860 ι
2471 3809 2534 3861 de
2573 3805 2842 3860 charitate
2869 3803 3140 3874 loquens;
3171 3813 3228 3857 et-
3256 3801 3376 3870 ipse
3397 3799 3591 3855 Salva-

2005 3909 2136 3954 tor:
2175 3917 2194 3951 ι
2236 3898 2367 3966 Qua:
2427 3913 2528 3968 ego
2581 3896 2736 3951 vobis
2800 3897 3019 3966 loquor,
3073 3893 3302 3963 spiritus
3370 3902 3423 3946 et
3477 3891 3590 3947 vita

2005 4002 2150 4057 sunt;
2184 4011 2202 4043 ι
2242 4007 2472 4059 quorum
2501 3998 2664 4060 caput
2695 3998 2780 4044 est
2806 3986 3086 4054 Charitas;
3117 3995 3196 4053 et,
3225 4005 3244 4039 ‹
3269 3981 3374 4052 Qui
3407 3993 3592 4038 manet

2007 4088 2060 4142 in
2089 4083 2373 4146 charitate,
2419 4082 2472 4136 in
2531 4081 2640 4137 Deo
2674 4091 2880 4144 manet,
2911 4089 2964 4136 et
3011 4079 3152 4135 Dens
3179 4080 3230 4132 iu
3262 4078 3392 4146 illo;
3427 4096 3445 4128 ι
3493 4074 3590 4130 ubi

2007 4182 2150 4236 idem
2213 4185 2295 4232 est
2351 4177 2404 4229 in
2457 4178 2568 4230 \ita
2604 4189 2830 4229 manere
2883 4181 2937 4228 et
2985 4173 3152 4226 vitam
3192 4172 3246 4225 in
3297 4170 3419 4240 ipso
3445 4184 3590 4224 esse.

2013 4292 2030 4324 ι
2071 4271 2184 4340 Ego
2213 4271 2382 4335 enim,
2434 4268 2633 4336 inquit,
2685 4281 2806 4320 sum
2873 4265 3005 4320 vita.
3048 4283 3066 4314 ι
3125 4263 3182 4320 Si
3213 4279 3340 4318 vero
3371 4277 3594 4332 quoque

2009 4363 2114 4416 vita
2152 4369 2234 4416 est
2261 4360 2504 4430 potentia
2542 4373 2662 4426 quae
2691 4355 2928 4412 viventia
2957 4367 3160 4419 movet,
3183 4357 3310 4426 quid
3333 4363 3420 4411 est
3447 4352 3594 4424 quod

2010 4461 2196 4506 movet
2235 4466 2362 4508 vere
2410 4450 2656 4504 viventes
2709 4449 3272 4517 homines,,quorum
3334 4447 3477 4502 Deus
3511 4455 3597 4501 est

315 4549 394 4614 ὡς
419 4542 633 4618 ἀληθῶς
653 4549 863 4616 ζῶντας
885 4549 1208 4620 ἀνθρώπους
1246 4541 1320 4603 ὧν
1345 4551 1478 4616 Θεὸς
1505 4555 1656 4606 ἐστιν
1687 4555 1714 4606 ὁ
1743 4552 1890 4616 Θεὸς,

2013 4531 2174 4610 Deus,
2207 4544 2299 4614 qui
2327 4558 2436 4598 non
2478 4550 2845 4605 mortuorum,
2883 4540 2973 4596 sed
3013 4539 3264 4593 vivorum
3299 4547 3385 4593 est
3414 4537 3598 4592 Deus?

316 4638 379 4702 ὃς
403 4639 466 4692 ού
481 4639 690 4710 νεκρῶν
709 4638 846 4692 ἀλλά
873 4636 1093 4704 ζώντων
1118 4635 1248 4692 ἐστι
1273 4639 1428 4706 Θεὸς,
1456 4641 1612 4694 οὐδὲν
1629 4641 1696 4694 ἂν
1720 4641 1902 4711 εὕροις

317 4731 471 4802 ῆτὴν
507 4732 730 4801 ἀγάπην
761 4731 956 4800 αὐτὴν,
993 4731 1027 4802 ἢ
1077 4731 1151 4802 μὴ
1191 4733 1353 4801 μόνον
1389 4735 1586 4798 αὐτοὺς
1620 4729 1746 4796 ἄγει
1807 4735 1903 4788 καὶ

322 4827 504 4894 φέρει,
537 4823 676 4878 ἀλλά
715 4825 812 4877 καὶ
863 4824 1076 4877 ἑαυτῶν
1129 4825 1319 4894 ἐξάγει
1354 4827 1576 4897 ῥᾳδίως,
1638 4828 1731 4880 καὶ
1760 4825 1906 4881 οὕτω

324 4918 475 4987 ζωῆς
529 4910 731 4988 μᾶλλον
780 4917 1002 4988 ἁπάσης
1068 4919 1149 4980 εἰς
1199 4919 1401 4982 αὐτοὺς
1449 4917 1674 4972 δύναται
1745 4918 1904 4989 δρᾷν,

324 5012 466 5066 ὥστε
489 5014 583 5066 καὶ
612 5012 760 5082 ζωῆς
785 5011 1249 5082 ἑπικρατέστερον
1284 5011 1406 5080 ἔχει
1435 5012 1447 5066 !
1480 5011 1592 5065 Kal.
1615 5009 1726 5080 γὰρ
1759 5009 1907 5080 ζωῆς

325 5105 505 5160 πείθει
545 5105 932 5176 καταφρονεῖν,
963 5103 1026 5156 ού
1060 5104 1160 5172 τῆς
1194 5103 1427 5172 ῥεούσης
1453 5103 1636 5172 μόνον,
1665 5101 1779 5156 ἀλλ’
1805 5102 1906 5172 ήδη

263 5227 288 5244 -»
323 5201 532 5269 καὶτῆς
561 5197 828 5267 ἑστώσης·
867 5197 922 5250 τί
951 5190 1046 5250 οῦν
1072 5195 1413 5266 δικαιότερον
1459 5194 1528 5248 ἂν
1556 5197 1656 5266 τῆς
1684 5195 1908 5265 ἀγάπης

325 5293 542 5345 καλοῖτο
569 5290 717 5364 Coiﬁ;
744 5293 910 5364 χωρὶς
943 5291 998 5344 δὲ
1022 5289 1228 5344 τούτων
1255 5287 1284 5340 ὅ
1313 5287 1531 5342 πάντων
1563 5286 1912 5357 περιῃρημέ-

326 5401 433 5436 νων
465 5384 628 5453 μόνον
661 5384 1020 5453 πεφιλειφθὲν
1049 5383 1175 5446 τοὺς
1226 5379 1440 5445 ζῶντας
1464 5377 1762 5432 ἀποθανεῖν
1811 5377 1913 5430 οὒκ

330 5477 412 5548 ἐᾷ,
451 5475 610 5529 τοῦτό
641 5477 788 5529 ἔστιν
817 5478 852 5548 ἡ
884 5477 1024 5546 ζωὴ,
1079 5473 1326 5528 τοιοῦτον
1353 5471 1467 5542 δὲὴ
1503 5469 1718 5550 ἀγάπη.
1767 5468 1913 5522 Πάν-

2008 4636 2154 4691 Nihil
2190 4636 2436 4691 invenies
2460 4636 2563 4690 nisi
2595 4633 2920 4689 charitatem
2959 4633 3131 4702 ipsam
3153 4672 3168 4695 ,
3205 4645 3330 4700 quae
3363 4646 3472 4684 non
3503 4645 3596 4684 so-

2011 4730 2249 4800 lumeos
2271 4729 2426 4783 ducit
2452 4737 2508 4782 et
2545 4727 2676 4796 agit,
2710 4724 2804 4780 sed
2853 4721 3016 4778 etiam
3055 4739 3116 4777 ex
3163 4722 3297 4792 ipsis
3343 4707 3594 4777 'faciliter

2009 4822 2198 4892 exigit,
2236 4830 2290 4878 et
2329 4822 2402 4876 ita
2437 4811 2612 4888 magis
2664 4833 2827 4888 quam
2863 4817 3044 4874 omnis
3071 4817 3179 4870 vita
3209 4824 3386 4884 potest
3417 4815 3470 4892 in
3506 4813 3593 4883 ip-

2012 4891 2318 4985 sosiagere,
2349 4919 2424 4968 ita
2471 4921 2530 4966 ut
2564 4913 2671 4968 vita
2705 4911 2980 4982 potentior
3021 4910 3125 4964 sit!
3179 4909 3390 4962 Etenim
3422 4891 3592 4962 vitam

2013 5017 2368 5062 contemnere
2413 5003 2628 5069 suadet,
2671 5008 2784 5058 non
2855 5011 3071 5080 tantum
3131 5001 3440 5057 emuentcm
3500 5001 3596 5052 sed

2014 5103 2178 5156 etiam
2205 5109 2462 5156 stantem.
2493 5097 2634 5164 Quid
2658 5111 2790 5166 ergo
2810 5093 3018 5163 justius
3043 5109 3209 5164 quam
3235 5093 3479 5149 clraritas
3503 5107 3600 5148 vo-

2015 5205 2234 5252 caretur
2268 5195 2417 5248 vita?
2442 5190 2572 5248 Sine
2611 5191 2679 5246 iis
2707 5189 2853 5259 quod
2887 5189 3150 5246 omnibus
3179 5189 3378 5245 ablatis
3411 5191 3591 5245 solum

2017 5294 2299 5359 superstes
2324 5284 2572 5341 viventes
2596 5281 2738 5336 mori
2772 5295 2880 5336 non
2913 5279 3070 5342 sinit.
3088 5281 3191 5335 hoc
3217 5289 3302 5336 est
3319 5281 3428 5336 vita
3455 5298 3469 5334 :
3493 5263 3599 5338 hu-

2011 5379 2256 5450 jusmodi
2283 5387 2466 5432 autem
2499 5383 2584 5431 est
2615 5372 2880 5429 charitas.
2909 5369 3180 5427 Omnibus
3208 5369 3354 5423 enim
3377 5369 3500 5426 aliis
3531 5371 3600 5426 ad

2015 5471 2186 5525 vitam
2223 5468 2463 5522 futuram
2515 5464 2920 5525 deﬁcientibus,
2976 5469 3036 5518 ut
3102 5461 3178 5516 ait
3229 5460 3452 5524 Paulus,
3481 5461 3600 5516 sola

329 5585 439 5621 των
467 5566 580 5638 γὰρ
601 5567 712 5621 τῶν
743 5567 921 5621 ἄλλων
953 5569 1046 5621 ἐπὶ
1074 5563 1172 5620 τοῦ
1221 5563 1512 5635 μέλλοντος
1568 5559 1768 5622 αἰῶνος
1819 5575 1888 5612 κα

2019 5565 2262 5618 charitas
2287 5576 2538 5624 manens,
2569 5559 2636 5614 ad
2682 5559 2822 5612 hanc
2852 5557 3016 5612 vitam
3065 5552 3269 5610 sumsit
3296 5555 3350 5606 in
3377 5551 3602 5608 Christo

330 5658 748 5728 ταργουμένων,
891 5676 1024 5729 φησι
1066 5657 1304 5720 Παῦλος,
1348 5653 1389 5726 ﬂ
1427 5653 1618 5723 ἀγάπη
1677 5652 1890 5722 μένουσι

2020 5653 2152 5709 ,Ιεειι
2186 5653 2422 5708 Domino
2467 5660 2684 5720 nostro,
2719 5664 2882 5723 quem
2916 5649 3073 5704 decet
3107 5644 3289 5704 omnis
3330 5642 3507 5716 gloria
3536 5643 3598 5700 in

337 5749 496 5820 μόνον
529 5749 667 5820 πρὸς
693 5750 784 5803 τὸν
807 5750 920 5822 βίον
944 5752 1156 5803 ἐκεῖνον
1181 5749 1346 5817 ἀρκεῖ
1373 5748 1434 5799 ἐν
1468 5741 1692 5815 Χριστῷ
1737 5741 1914 5814 Ἰησοῦ

335 5846 414 5920 τῷ
431 5839 879 5918 Κυρὶῳημῶν,ζιι
895 5845 1264 5917 πρέπειπᾶσα
1299 5840 1427 5906 δόξα
1442 5839 1680 5904 αἰώνιος.
1715 5836 1910 5908 Ἀμήν.
1955 5856 1960 5862 ·

2025 5747 2247 5804 sarcula.
2279 5745 2474 5801 Amen.
