4036 6454
503 371 610 436 ’127

1765 375 2076 436 NlCOLAl

2175 378 2288 437 lBA
2299 376 2490 437 SILIE
3631 373 3723 436 728

983 682 1848 821 NIKOAAOY
1978 692 2327 824 ΤΟΥ
2445 684 3285 884 ΚΑΒΑΣΙΛΑ

1942 929 2312 1016 ΛΟΓΟΣ

1338 1115 1760 1228 ΚΑΤΑ
1832 1098 2911 1238 ΤΟΚΙΖΟΝΤΩΝς

1023 1452 1025 1454 ’
1175 1509 1956 1670 NICOLAI
2084 1517 3068 1676 CABASILAE

1913 1799 2316 1894 SEBMO

693 2077 732 2096 ι
1241 2018 1827 2135 CONTRA
1919 1999 2991 2142 FENERATORES,

493 2397 667 2446 (ἔνερθε
694 2395 863 2463 _edi‘djt
902 2395 1051 2463 David
1083 2393 1404 2463 Hgschelius
1433 2395 1560 2463 Ana:
1603 2395 1804 2463 Vindel.
1834 2396 1950 2463 1593
1981 2398 2046 2448 ιο.
2083 2399 2171 2463 sed
2207 2402 2370 2448 minus
2396 2398 2635 2463 integit-eq;
2675 2401 2871 2458 eadem,
2900 2404 2954 2449 ut
2982 2402 3150 2463 aiunt,
3173 2397 3374 2463 integra
3437 2401 3612 2463 prodiit
3651 2399 3732 2446 Sa-

557 2454 726 2505 moscii
755 2457 886 2522 I60},
912 2457 982 2516 ιο,
1007 2458 1404 2522 cumfjpiphauii
1437 2456 1663 2522 oratione
1689 2461 1738 2505 in
1765 2459 2077 2522 Sepulturam
2103 2459 2286 2522 Christi
2323 2475 2334 2518 ;
2357 2467 2407 2509 at
2429 2463 2478 2508 in
2503 2454 2698 2522 duobus
2721 2454 3088 2522 exemplaribus
3131 2454 3465 2522 Samo§riame
3502 2463 3727 2511 editionis

557 2531 669 2585 quae
692 2516 982 2577 evolvimus,
998 2532 1103 2585 _uno
1129 2516 1428 2580 iliazarimeo,
1454 2519 1614 2585 altero
1635 2516 1945 2585 Regiominil
1968 2523 2178 2585 amplius
2200 2516 2336 2573 inest
2355 2535 2500 2585 quam
2523 2520 2785 2584 Epiphanii
2808 2516 2982 2574 oratio.
2998 2521 3362 2574 Hcescbeliana
3387 2530 3544 2574 tamen
3564 2523 3732 2575 editio-

554 2582 632 2629 nis
659 2580 848 2630 lacunas
871 2582 1205 2645 supplevimus
1231 2596 1330 2646 cpe
1358 2582 1503 2633 codd.
1529 2594 1642 2629 mss.
1675 2580 1830 2631 Paris.
1853 2582 1946 2631 970
1980 2589 2032 2630 et
2059 2582 2202 2632 1215.

565 2744 704 2798 Sunt
729 2745 820 2814 qui
853 2745 994 2800 male
1018 2744 1188 2808 docti,
1215 2753 1270 2799 et
1299 2744 1488 2797 nescio
1519 2743 1720 2813 quibus
1750 2744 2061 2802 rationibus
2093 2775 2103 2805 Α

2237 2744 2374 2804 Εἰσὶ,
2410 2744 2466 2797 οἵ
2487 2761 2617 2814 φασι
2638 2743 2727 2796 τὸν
2751 2743 3076 2813 ἀναιροῦντα
3095 2743 3186 2797 τὸν
3203 2744 3368 2800 τόκον
3385 2748 3572 2814 νόμον,
3616 2739 3732 2815 μηδ’

497 2835 610 2890 nixi
649 2845 966 2900 autument,
1001 2837 1198 2906 legem,
1228 2851 1335 2906 qua
1377 2835 1642 2892 feneratio
1693 2836 2064 2903 interdicitur,

497 2942 739 2990 servare,
771 2928 919 2982 nullo
961 2929 1120 2982 modo
1151 2929 1518 2982 necessarium
1552 2943 1705 2994 esse,
1735 2944 1921 2983 verum
1951 2945 2068 2985 ser-

495 3028 683 3072 vantes
707 3033 826 3071 cam
868 3019 1063 3073 mereri
1099 3018 1335 3082 laudem,
1371 3018 1837 3087 transgredientes
1882 3036 2069 3089 repre-

497 3109 812 3161 hensionem
845 3123 951 3162 non
979 3107 1198 3161 mereri.
1224 3109 1490 3173 Primum,
1520 3110 1720 3164 nullam
1758 3112 1931 3181 legum
1969 3128 2069 3166 an-

499 3199 771 3267 tiquarum
809 3201 878 3253 ita
920 3200 1151 3268 positam
1184 3216 1248 3255 ac
1280 3202 1444 3254 latam
1476 3203 1681 3266 videas,
1727 3213 1782 3256 ut
1811 3221 1928 3258 eam
1971 3220 2067 3258 vo-

497 3291 736 3344 lentibus
765 3299 1041 3360 proterere
1073 3293 1276 3346 licitum
1302 3294 1393 3354 sit.
1424 3295 1514 3348 sed
1555 3296 1732 3349 omnis
1762 3303 2070 3364 traii5grcs-

496 3383 580 3438 sio
640 3391 694 3436 et
738 3383 1106 3439 inobedientia
1158 3386 1482 3440 mercedem
1515 3401 1667 3440 suam
1719 3399 2066 3456 acceperunt.

497 3474 698 3528 Deinde
730 3475 991 3530 feneratio
1025 3476 1160 3531 inter
1219 3478 1446 3531 crimina
1487 3478 1630 3531 baud
1667 3487 2067 3543 uumeraretur,

495 3582 598 3620 nec
635 3565 942 3622 fenerautes
991 3570 1205 3638 probris
1257 3570 1686 3633 incesserentur,
1737 3572 1782 3625 si
1830 3573 1935 3625 ista
1976 3585 2069 3624 ra-

495 3659 644 3715 tione
697 3661 909 3715 lucru'm
947 3660 1130 3716 facere
1178 3662 1394 3725 liceret;
1432 3679 1691 3717 concessa
1727 3665 1870 3716 enim
1909 3675 2070 3715 nemo

492 3751 615 3818 jure
638 3751 921 3822 vituperet.
959 3751 1113 3806 Nunc
1146 3763 1326 3806 autem
1359 3753 1523 3808 David
1557 3755 1670 3822 ipse
1701 3753 1898 3806 factum
1933 3753 2071 3806 istuc

497 3843 554 3895 in
589 3842 817 3898 crimine
845 3844 1020 3914 ponit,
1051 3853 1106 3897 et
1135 3845 1188 3898 iu
1221 3845 1288 3898 iis
1338 3861 1458 3914 qum
1507 3845 1728 3899 sceleris
1758 3853 2069 3912 arguuntur

497 3943 680 4003 aperte
710 3944 979 3990 numerat.
1005 3933 1070 3988 Et
1098 3937 1296 4004 partim
1325 3938 1564 4007 quidem,
1589 3937 1716 3990 dum
1742 3936 2068 4006 ﬂagitiosam

497 4026 771 4080 civitatem
810 4026 988 4080 reddit
1031 4035 1215 4079 notam
1263 4028 1540 4090 omnibus,
1594 4029 1645 4080 in
1685 4029 1805 4097 ejus
1835 4043 2068 4083 accusa-

500 4119 646 4169 tToue
675 4125 729 4168 et
763 4117 865 4168 Inc
896 4129 1002 4167 non
1039 4123 1178 4167 tacet
1214 4131 1226 4168 :
1265 4135 1282 4165 ι
1319 4113 1384 4166 Ει
1415 4115 1590 4177 labor,
1628 4115 1840 4183 inquit,
1869 4116 1923 4169 in
1953 4131 2069 4170 me-
2104 4091 2147 4144 Β

498 4205 591 4259 dio
622 4206 759 4273 eius,
792 4215 846 4259 et
873 4204 1142 4273 iniustitia
1168 4221 1185 4261 :
1210 4214 1263 4260 et
1293 4222 1401 4259 non
1433 4207 1627 4261 defecit
1653 4209 1718 4262 de
1742 4208 1933 4276 plateis
1953 4208 2070 4276 ejus

502 4311 668 4350 usura
716 4304 770 4349 et
816 4294 975 4348 dolus
1029 4293 1082 4356 ¹;
1128 4313 1146 4345 ι
1181 4295 1373 4362 partim
1415 4297 1543 4350 dum
1578 4312 1739 4366 super
1771 4296 2070 4350 Salvatoris

500 4387 732 4441 adventu
773 4386 953 4438 laetum
993 4383 1152 4438 affert
1183 4386 1468 4452 nuntium,
1523 4397 1578 4442 et
1627 4389 1847 4459 quantis
1897 4403 2070 4457 genus

499 4478 800 4530 humanum
837 4474 1158 4543 dignaturus
1205 4477 1278 4530 sit
1327 4478 1504 4541 bonis,
1541 4480 1758 4547 quantis
1784 4486 2071 4545 erepturus

501 4567 681 4630 malis,
713 4567 964 4636 explicat,
998 4583 1221 4621 usuram
1258 4579 1304 4623 et
1351 4571 1618 4624 malorum
1672 4570 1952 4623 cumulum
1987 4567 2070 4620 in-

499 4668 742 4715 sectatur
777 4677 789 4713 :
830 4659 938 4713 «Ex
971 4675 1166 4725 usura,
1199 4661 1394 4730 inquit,
1427 4672 1479 4716 et
1508 4662 1793 4730 iniquitate
1823 4661 2073 4715 liberabit

500 4753 713 4805 animas
743 4766 928 4805 eorum
961 4753 1033 4805 ⁸.»
1067 4751 1128 4806 Ει
1155 4753 1282 4806 dum
1320 4753 1607 4822 vituperat,
1645 4761 1697 4805 et
1718 4752 1845 4805 dum
1874 4752 2072 4820 iniqui-

502 4843 620 4908 tati,
649 4843 772 4896 dolo
823 4852 876 4897 et
905 4842 1188 4910 injustitiac
1218 4859 1337 4898 eam
1371 4844 1608 4914 copulat,
1636 4844 2066 4914 magnitudinem

503 4933 726 4987 sceleris
762 4918 1122 4987 demonstrat:
1193 4941 1196 4944 ’

573 5026 653 5079 Ad
695 5025 808 5080 lucc
837 5026 1155 5091 videamus,
1191 5041 1361 5096 quare
1411 5026 1463 5080 in
1511 5035 1668 5104 gente
1716 5027 2068 5086 Hebrmurum

503 5118 638 5170 adeo
675 5132 867 5185 magna
906 5126 960 5174 et
989 5135 1018 5172 e
1068 5127 1145 5172 tot
1189 5118 1439 5172 tribubus
1497 5121 1807 5184 commista,
1855 5121 1908 5175 in
1965 5139 2070 5192 qua

503 5209 730 5261 multum
768 5216 884 5261 erat
918 5209 1172 5262 vitiorum
1195 5249 1210 5273 ,
1247 5225 1438 5279 parum
1491 5211 1812 5280 probitatis,
1847 5214 1931 5269 lex
1969 5217 2069 5270 ista

502 5301 797 5354 obtinuerit
821 5301 875 5353 in
901 5316 1090 5354 omnes
1114 5305 1497 5368 communiter,
1522 5312 1574 5358 et
1601 5321 1786 5371 usura,
1818 5324 1921 5362 una
1949 5326 2071 5363 cum

2169 2836 2418 2904 ἡντινοῦν
2467 2837 2716 2905 ἀνάγκην
2765 2831 2904 2887 εἶναι
2948 2837 3275 2903 φυλάττειν·
3324 2840 3443 2891 ἀλλ’
3485 2834 3593 2892 οἷον
3631 2840 3731 2899 τοῖς

2172 2927 2404 2992 σώζουσι
2439 2928 2536 2998 μὲν
2584 2928 2642 2979 ὲν
2666 2927 2872 2997 ἐπαίνῳ
2894 2922 3056 2991 εἶναι,
3088 2928 3446 2997 ὑπερϐαίνειν
3473 2930 3529 2984 δὲ
3559 2930 3731 3000 βουλό·-

2173 3019 2356 3087 μένοις
2405 3019 2604 3084 ἐξεῖναι
2653 3037 2668 3050 ·
2719 3019 2902 3083 κακῶς
2933 3020 3155 3084 εἰδότες,
3189 3022 3285 3074 καὶ
3344 3024 3445 3076 οὐκ
3475 3018 3588 3076 οἶδα
3631 3022 3733 3074 τίσι

2171 3111 2442 3180 χρώμενοι
2481 3112 2785 3179 λογισμοῖς.
2835 3113 3056 3181 Πρῶτον
3121 3112 3221 3182 μὲν
3261 3114 3379 3185 γὰρ
3427 3115 3609 3167 οὐδένα
3659 3129 3732 3173 τις

2170 3202 2238 3253 ἂν
2295 3201 2394 3254 ίδοι
2438 3201 2548 3253 τῶν
2597 3202 2846 3255 παλαιῶν
2891 3203 3074 3261 νόμων
3111 3203 3256 3256 οὕτω
3294 3207 3570 3276 κείμενον,
3609 3204 3735 3257 ὥστε

2174 3292 2377 3356 ἐξεῖναι
2408 3296 2521 3356 τοῖς
2551 3293 2898 3362 βουλομένοις
2924 3296 3140 3360 πατεῖν,
3175 3295 3316 3348 ἀλλὰ
3375 3299 3523 3350 πᾶσα
3574 3294 3738 3364 παρά-

2172 3386 2326 3446 ϐασις
2370 3386 2465 3438 καὶ
2510 3387 2761 3456 παρακοὴ
2812 3387 3002 3439 ἐλαϐεν
3039 3387 3249 3441 ἔνδικον
3292 3388 3733 3458 μισθαποδοσίαν.

2177 3473 2410 3525 Ἔπειτα
2467 3475 2607 3542 μετά
2651 3475 2761 3527 τῶν
2818 3477 3184 3546 ἐγκλημάτων
3236 3480 3345 3532 οὐκ
3401 3479 3466 3532 ἂν
3523 3483 3550 3532 ὁ
3596 3480 3737 3537 τόκος

2175 3564 2448 3628 ἐτάττετο,
2479 3565 2590 3618 οὐδ’
2616 3567 2682 3619 ἂν
2713 3566 2819 3618 ἔδει
2840 3568 3119 3638 διασύρειν
3144 3570 3290 3632 ein;
3313 3571 3612 3642 ἐχρήσατο,
3633 3569 3737 3634 είγε

2171 3654 2313 3707 οὕτω
2333 3656 2634 3726 κερδαίνειν
2653 3657 2778 3727 ἐξῆν
2799 3674 2812 3686 ·
2840 3659 3090 3728 περὶγὰρ
3112 3661 3217 3711 τῶν
3236 3663 3735 3732 συγκεχωρημένων

2172 3746 2282 3799 οὐδ’
2310 3747 2375 3799 ἂν
2412 3742 2490 3810 εἷς
2524 3748 2826 3814 ὲγκαλοῖτο.
2864 3749 2980 3802 Νῦν
3013 3750 3069 3801 δὲ
3096 3750 3263 3803 Δαΰὶδ
3301 3754 3472 3815 αὐτὸς
3501 3753 3736 3822 ἔγκλημα

2173 3838 2232 3889 τὸ
2274 3839 2507 3908 πρᾶγμα
2541 3840 2802 3904 ποιεῖται,
2845 3839 2940 3892 καὶ
2975 3842 3113 3909 μετά
3155 3841 3265 3892 τῶν
3304 3840 3736 3912 διαϐαλλομένων

2173 3929 2356 3998 τίθησι
2375 3928 2621 3998 φανερῶς
2653 3944 2666 3959 ’
2703 3931 2797 3982 καὶ
2831 3930 2987 3983 τοῦτο
3031 3930 3132 4000 μὲν
3163 3931 3262 4002 τὴν
3292 3933 3546 4002 πονηρὰν
3572 3931 3738 4000 στηλιο

2176 4020 2346 4073 τεύων
2396 4019 2573 4082 πόλιν,
2626 4021 2726 4073 σὺν
2779 4021 3004 4086 ἅπασιν,
3045 4022 3186 4092 ὑπὲρ
3244 4040 3319 4076 ων
3381 4025 3610 4087 ἐλαύνει,
3657 4021 3740 4074 καὶ

2174 4111 2333 4164 τοῦτο
2363 4111 2677 4181 μέμφεται·
2715 4130 2733 4162 ι
2769 4114 2879 4164 Καὶ
2913 4113 3112 4182 ἀνομία
3152 4113 3246 4166 καὶ
3291 4115 3468 4177 κόπος
3513 4115 3568 4165 ὲν
3606 4111 3740 4181 μέσῳ

2174 4202 2367 4268 αὐτῆς,
2389 4203 2480 4254 καὶ
2503 4201 2708 4266 ἀδικία,
2729 4204 2822 4256 καὶ
2847 4203 2946 4255 οὐκ
2977 4203 3224 4269 ἐξέλιπεν
3249 4205 3314 4256 ἐκ
3349 4207 3459 4258 τῶν
3484 4202 3738 4281 πλατειῶν

2175 4294 2346 4362 αὐτῆς
2377 4293 2535 4356 τόκος
2566 4295 2659 4346 καὶ
2697 4293 2845 4356 δόλος
2870 4309 2884 4324 ο
2921 4313 2941 4346 ι
2976 4296 3135 4348 τοῦτο
3170 4295 3214 4348 δ’
3237 4297 3293 4348 ὲν
3317 4293 3402 4361 οἷς
3436 4298 3536 4368 τὴν
3564 4291 3734 4360 Σωτῆο

2179 4399 2267 4451 ρος
2295 4382 2709 4451 εὐαγγελίζεται
2741 4385 3067 4454 παρουσίαν,
3102 4386 3196 4439 καὶ
3224 4386 3355 4441 οἴων
3384 4388 3484 4459 μὲν
3505 4385 3732 4452 ἀξιώσει,

2174 4473 2304 4525 οἴων
2349 4473 2406 4526 δὲ
2449 4474 2750 4539 ἀπαλλάξει
2782 4475 2845 4529 τὸ
2887 4476 3063 4543 γένος,
3096 4478 3186 4530 τὸν
3219 4478 3382 4533 τόκον
3421 4477 3515 4532 τοῦ
3551 4475 3734 4530 κύκλου

2175 4565 2449 4634 γράφεται
2482 4567 2590 4619 τῶν
2627 4567 2834 4632 κακῶν,
2871 4585 2889 4618 ι
2929 4570 3036 4622 Καὶ
3065 4570 3128 4620 ἐκ
3163 4570 3348 4634 τόκου,
3383 4571 3539 4641 φησὶ,
3573 4567 3662 4622 καὶ
3685 4563 3737 4626 ἐξ

2176 4657 2390 4720 ἀδικίας
2443 4658 2780 4727 λυτρώσεται
2819 4661 2916 4722 τάς
2941 4659 3121 4730 ψυχὰς
3161 4661 3378 4714 αύτῶνο
3443 4681 3463 4713 ι
3528 4662 3618 4715 καὶ
3663 4651 3736 4717 οἷς

2173 4749 2438 4819 διασύρει,
2475 4752 2571 4804 καὶ
2601 4746 2682 4814 οἷς
2719 4753 2938 4822 ἀνομίᾳ,
2973 4753 3067 4805 καὶ
3097 4753 3253 4824 δόλῳ,
3291 4755 3388 4808 καὶ
3419 4755 3599 4824 ἀδικίᾳ
3620 4766 3732 4803 συν-

2175 4841 2380 4906 τάττει,
2409 4844 2470 4896 τὸ
2500 4844 2726 4914 μέγεθος
2749 4844 2848 4914 τῆς
2872 4845 3137 4915 πονηρίας
3165 4845 3466 4915 ὲκφαίνων.

2247 5023 2457 5088 ’Δλλως
2507 5042 2568 5076 τε
2624 5024 2937 5094 σκοπῶμεν,
2978 5024 3095 5077 ἀνθ’
3127 5025 3250 5078 ὄτου
3298 5025 3410 5079 τῶν
3457 5021 3730 5096 Ἐϐραίων,

2175 5116 2366 5184 γένους
2399 5115 2658 5168 τοσούτου
2694 5117 2788 5168 καὶ
2845 5114 2987 5167 οὕτω
3019 5116 3348 5185 συμμιγοῦς,
3395 5118 3453 5169 ἐν
3487 5109 3568 5178 οἷς
3608 5111 3728 5166 πολὺ

2179 5207 2278 5277 μὲν
2304 5209 2360 5260 τὸ
2384 5208 2610 5276 φαῦλον,
2636 5208 2818 5273 ὀλίγον
2843 5207 2899 5259 δὲ
2930 5208 2990 5260 τὸ
3019 5210 3276 5278 χρηστὸν,
3303 5207 3521 5261 πάντων
3541 5205 3732 5273 ὁνόμος

2175 5293 2328 5362 οὗτος
2377 5301 2598 5370 ἐκράτει
2651 5301 2824 5369 κοινῇ,
2883 5299 2976 5351 καὶ
3023 5299 3138 5367 ,τῆς
3196 5299 3476 5361 πολιτείας
3517 5299 3545 5350 ό
3583 5295 3730 5353 τόκος

505 5391 672 5452 caede,
710 5391 874 5455 furto,
915 5392 1147 5459 aliisque
1186 5391 1333 5446 vitiis
1365 5408 1396 5446 c
1441 5396 1718 5462 republica
1769 5402 1922 5467 pulsa
1979 5402 2103 5470 εἰμι

2177 5395 2502 5466 ἀπελήλατο,
2538 5395 2676 5462 μετά
2710 5395 2869 5462 φόνου
2901 5394 2996 5448 καὶ
3025 5394 3229 5464 κλοπῆς
3262 5395 3355 5449 καὶ
3381 5395 3491 5446 τῶν
3513 5394 3733 5460 ἀπειρη-

506 5482 562 5536 Si
592 5484 732 5536 enim
763 5482 1008 5541 criminis
1047 5498 1237 5550 expers
1281 5492 1399 5537 crat
1426 5524 1440 5549 ,
1477 5487 1619 5540 unde
1650 5489 1748 5558 legi
1789 5502 1934 5546 tanta
1972 5509 2071 5562 po-

503 5573 707 5627 testas?
734 5572 844 5626 Nec
882 5572 1024 5625 enim
1071 5574 1359 5628 excelsitas
1395 5577 1639 5644 quamam
1671 5581 1838 5634 animi
1889 5585 2071 5638 multi-

507 5663 746 5717 tudinem
783 5663 884 5716 sub
914 5663 1084 5732 lcgem
1139 5664 1483 5735 subjiciebat,
1528 5671 1785 5739 quoniam
1821 5691 1926 5730 non
1957 5692 2070 5730 om-

582 5800 595 5829 ¹
627 5801 772 5855 I-‘sal.
802 5816 911 5886 Liv,
947 5803 1030 5869 Η,
1062 5803 1142 5857 12.
1225 5806 1244 5834 ²
1277 5805 1402 5862 Ρδίιι
1465 5824 1610 5870 Lm,
1646 5811 1732 5865 Μ.

2184 5490 2377 5557 μένων.
2421 5489 2484 5541 Εἰ
2510 5491 2616 5560 γὰρ
2641 5487 2928 5551 ἀνεύθυνος
2951 5490 2978 5541 ὁ
2997 5489 3154 5546 τόκος
3178 5483 3266 5558 ἦν,
3298 5486 3464 5540 π-ίθεν
3490 5485 3565 5555 τῷ
3595 5483 3732 5550 νόμῳ

2184 5579 2244 5633 τὺ
2279 5581 2536 5650 κρατεῖν;
2571 5580 2644 5632 Ού
2678 5584 2786 5648 γὰρ
2809 5580 2873 5646 δὴ
2903 5579 3272 5651 μεγαλοψυχία
3293 5580 3352 5631 τὸ
3385 5578 3584 5646 πλῆθος
3609 5571 3733 5643 ἦγεν

2185 5675 2275 5727 ἐπὶ
2335 5675 2425 5727 τον
2470 5673 2653 5744 νόμον,
2715 5674 2794 5727 ὅτι
2849 5675 2922 5744 μὴ
2985 5675 3191 5739 πάντας
3227 5671 3565 5743 ἐλευθερίους
3605 5664 3734 5719 εἶναι
