4036 6470
350 401 460 466 729

1383 401 1668 463 ORATIO
1697 403 2006 464 CONTRA
2045 400 2624 464 FENERATORES.

3506 392 3613 454 730

349 521 597 588 δώσομεν
622 516 715 570 καὶ
743 516 1178 588 μεγαλοψύχως,
1208 510 1285 571 ὧν
1315 517 1575 586 φειδωλία
1605 519 1702 572 καὶ
1728 520 1917 590 φιλαρο
1955 566 1961 582 Α

2066 538 2125 577 es
2153 522 2407 576 liberales
2442 530 2493 575 et
2532 522 2637 574 alta
2678 528 2861 573 mente
2897 513 3155 587 prmditos
3199 511 3371 567 fuisse
3401 520 3611 566 certum

350 608 521 679 γυρία
578 610 673 662 καὶ
724 607 1046 679 μικρολογία
1108 608 1200 660 καὶ
1245 608 1572 678 γλισχρότης
1617 610 1938 679 ἐγκλήματα

354 702 469 776 [Im
497 700 789 769 φειδωλίας
816 718 872 753 κ.
902 716 955 752 τ.
973 702 1035 754 .1.
1067 699 1161 773 καί
1176 699 1568 770 γλισχρότητος
1592 698 1937 771 ἐγκλήματα]

354 794 659 863 πανταχοῦ.
695 792 887 847 Καίτοι
928 791 1177 862 μοιχείας
1215 793 1316 863 μὲν
1365 792 1462 845 καὶ
1497 793 1664 862 φόνου
1699 798 1794 846 καὶ
1840 792 1935 847 τοῦ

355 887 736 957 τοιχωρυχεῖν,
770 886 868 938 καὶ
926 886 975 939 εί
1022 884 1098 955 μὴ
1130 884 1288 948 δίκας
1323 885 1354 936 ὁ
1390 883 1554 954 νόμος
1589 884 1777 951 ἐτίθει,
1830 885 1938 938 κᾶν

356 981 573 1050 ἀπῆγον
596 979 645 1031 οῖ
675 976 932 1040 κίνδυνοι,
967 976 1088 1046 μεθ’
1111 972 1187 1032 ὧν
1218 977 1434 1044 ἀνάγκη
1459 976 1530 1029 τὰ
1557 976 1787 1030 τοιαῦτα
1816 976 1963 1028 τολον

362 1068 571 1137 μᾶσθαι
592 1083 607 1099 ο
636 1067 799 1120 τόκου
820 1065 879 1118 δὲ
899 1066 1072 1128 οὐδεὶς
1093 1068 1312 1134 ἡγεῖται
1330 1066 1512 1131 πόνος,
1530 1067 1652 1120 οὐδὲ
1675 1066 1939 1120 κιπνδύνων

359 1158 521 1228 γέμει
552 1158 613 1211 τὸ
647 1158 904 1228 πρᾶγμα,
929 1156 1065 1209 ἀλλὰ
1091 1157 1174 1209 δεῖ
1202 1156 1348 1209 τοῦτ’
1374 1154 1508 1209 αὐτὸ
1534 1156 1698 1226 μόνον
1723 1155 1942 1224 κερδαί-

360 1266 475 1302 νειν
506 1247 1116 1318 πραγματευσαμένους
1138 1247 1315 1304 οὐδέν.
1348 1246 1415 1301 Τί
1446 1247 1631 1301 τοίνυν
1664 1246 1724 1299 τὺ
1753 1245 1941 1298 πεῖθον

360 1341 560 1412 ἄνδρας
626 1338 1039 1408 ἀνελευθέρους,
1103 1338 1331 1408 κέρδους
1387 1337 1534 1391 οὕτω
1590 1337 1940 1408 πραγμάτων

361 1432 793 1501 ἀπηλλαγμένου
825 1432 1215 1500 καταφρονεῖν,
1242 1432 1291 1481 εί
1317 1429 1392 1498 μὴ
1417 1429 1628 1496 σφόδρα
1648 1445 1731 1488 τις
1761 1426 1944 1480 ἔκειτο

361 1522 622 1586 κόλασιςς
653 1519 776 1572 Ὅτι
806 1518 863 1571 δὲ
894 1516 1067 1580 οὕτως
1099 1517 1323 1589 ᾐδοῦντο
1350 1517 1441 1569 τὸν
1471 1516 1635 1587 νόμον
1680 1513 1943 1584 Ἑϐραῖοι,

364 1612 526 1681 δῆλον
557 1611 626 1676 eg
665 1604 739 1663 ὧν
771 1611 868 1663 καὶ
907 1608 1004 1661 νῦν
1041 1609 1122 1662 ἔτι
1151 1608 1253 1678 τὴν
1284 1607 1511 1676 γνώμην
1547 1604 1807 1670 σώζουσι,
1851 1603 1946 1657 καὶ

366 1706 520 1775 κοινῇ
551 1701 756 1773 τιμῶσι
787 1701 879 1754 τὸν
909 1700 1098 1770 νόμον,
1139 1700 1318 1753 καίτοι
1350 1695 1563 1751 πολλῶν
1607 1697 1772 1750 ἓνεκα
1810 1694 1946 1747 πολὺ

366 1797 478 1850 τῶν
508 1792 754 1848 παλαιῶν
781 1791 1130 1862 φαυλοτέρως
1156 1791 1291 1859 περὶ
1313 1789 1410 1859 τὴν
1438 1786 1740 1859 θρησκείαν
1768 1777 1948 1838 διατε-

368 1888 576 1952 θέντες.

439 1984 571 2038 Ὅτε
600 1979 784 2035 τοίνυν
817 1974 1095 2049 Ἐὁραίοις
1140 1973 1203 2026 τὸ
1251 1972 1452 2042 χρῆσαι
1507 1968 1682 2022 τόκων
1719 1965 1947 2028 εὐθύνας

370 2074 533 2145 εἶχεν,
590 2068 672 2136 οἷς
703 2069 879 2127 πολλὰ
935 2068 1045 2121 τῶν
1101 2064 1493 2135 ἀπειρημένων
1544 2060 1907 2131 συνεχωρεῖτο
1931 2072 1945 2085 ·

368 2169 692 2241 Χριστιανοὶ
722 2165 845 2219 τίνα
871 2159 966 2216 τοῦ
999 2159 1228 2232 κέρδους
1261 2156 1457 2210 τούτου
1497 2151 1732 2208 δώσουσι
1769 2151 1948 2218 δίκην,

369 2240 446 2326 οἷς
475 2260 572 2314 καὶ
594 2259 657 2312 τὸ
687 2259 867 2328 μεῖναι
898 2254 1061 2327 μέχρι
1093 2249 1207 2304 τῶν
1246 2246 1520 2311 παλαιῶν,
1553 2244 1827 2314 ἔγκλημα,
1857 2240 1952 2294 καὶ

272 2409 277 2415 _
371 2355 432 2407 τὸ
466 2352 544 2422 μὴ
589 2348 884 2421 παρελθεῖν
917 2346 978 2398 τὸ
1013 2344 1249 2413 πρᾶγμα
1283 2337 1627 2407 δικαιοσύνῃ,
1658 2330 1951 2421 ’βασιλείας

371 2446 522 2497 ἐστὶν
554 2442 807 2495 ἐκπεσεῖν
828 2454 842 2469 ο
876 2438 971 2491 καὶ
1001 2436 1109 2505 γὰρ
1136 2431 1363 2503 πορνεία
1394 2430 1496 2501 μὲν
1542 2426 1773 2488 ἐκείνοις
1802 2423 1954 2505 ούδὲν

373 2536 550 2589 ἐδόκει
579 2535 633 2586 δε
644 2533 772 2597 ινὺν,
796 2531 892 2584 καὶ
916 2498 1155 2607 καθαρὸν
1259 2498 1496 2591 εὐθύνης
1522 2517 1775 2571 τοσοῦτον
1800 2498 1953 2581 ἄγος·

385 2647 405 2679 ι
438 2626 576 2696 Παρ⁹
606 2625 740 2693 ἡμῖν
788 2622 924 2692 μηδὲ
957 2605 1335 2689 ὀνομαζέσθω,
1378 2631 1396 2665 ι
1435 2610 1635 2682 φησῐνο
1679 2605 1819 2662 ἀλλὰ
1862 2605 1957 2659 καὶ

376 2718 677 2789 ὀφθαλμῶν
705 2715 1022 2770 ἀκολάστων
1052 2711 1192 2764 εἰσὶν
1228 2706 1478 2760 εύθύναι.
1530 2702 1641 2756 Καὶ
1699 2702 1811 2761 τοῖς
1860 2698 1958 2767 μὲν

378 2811 610 2882 ὀμνύναι
641 2806 733 2862 καὶ
765 2804 928 2875 νόμος
959 2798 1029 2873 ἦν
1084 2816 1098 2831 ’
1132 2798 1229 2854 νῦν
1262 2796 1318 2850 δὲ
1350 2792 1663 2865 ὑποκριτῶν
1694 2791 1792 2843 καὶ
1817 2786 1958 2856 φαύ-

379 2879 487 2958 λων
517 2902 614 2955 καὶ
632 2902 877 2954 τοιούτου
908 2895 1212 2966 κόμματος.
1238 2890 1348 2943 Καὶ
1363 2889 1477 2949 τοῖς
1506 2884 1604 2951 μὲν
1625 2880 1754 2951 ἐξῆν
1784 2879 1961 2949 μισεῖν

380 2996 474 3048 τὸν
511 2992 730 3064 ἐχθρὸν,
759 2988 854 3043 νῦν
886 2987 943 3039 δὲ
982 2984 1129 3037 τοῦτ’
1166 2980 1300 3035 αὐτὸ
1337 2976 1650 3041 κολάζεται,
1689 2973 1788 3025 καὶ
1817 2969 1961 3023 οὕτω

380 3088 522 3157 πέρλ
541 3061 905 3152 *συγγνωμηω
934 3076 1077 3133 ὥστε
1107 3071 1468 3144 ὲνισχημένου
1499 3067 1576 3137 τῷ
1607 3063 1785 3134 κακῷ,
1827 3061 1961 3132 μηδὲ

380 3184 511 3253 περὶ
548 3182 654 3234 τῶν
703 3179 878 3239 ἄλλως
904 3172 1316 3246 ἡμαρτημένων
1350 3163 1735 3238 παραιτεῖσθαι
1757 3160 1963 3230 τολμᾷν

381 3278 456 3340 ὡς
494 3277 594 3329 ούκ
643 3272 761 3326 ἐνὸν
794 3270 895 3338 τῆς
928 3266 1265 3336 συγγνώμης
1317 3260 1634 3331 τυγχάνειν,
1693 3255 1770 3326 μὴ
1823 3253 1958 3321 πρὸς

382 3372 506 3432 τοὺς
535 3364 908 3434 λελυπηκότας
939 3357 1391 3432 διηλλαγμένους,
1415 3353 1522 3406 κᾶν
1553 3350 1816 3420 μυριάκις
1834 3347 1962 3417 περὶ

384 3464 567 3523 αὐτῶν
599 3456 983 3531 μεταγνῶμεν,
1019 3452 1123 3507 κᾶν
1157 3448 1441 3519 ποταμοὺς
1477 3444 1731 3514 δακρύων
1761 3441 1964 3511 ἐκχέω-

387 3574 509 3627 μεν.
558 3526 670 3611 Καὶ
714 3549 858 3602 οὕτω
913 3547 974 3599 τὸ
1029 3544 1192 3616 μόνον
1234 3543 1340 3594 τῶν
1371 3526 1731 3607 ἀνθρωπίνων
1778 3533 1965 3584 κακῶν

387 3625 698 3717 φάρμακον,
748 3638 980 3709 ἐδυνήθη
1028 3636 1167 3704 πρὸς
1212 3631 1310 3704 τὴν
1338 3632 1494 3684 νόσον
1536 3627 1738 3696 ταύτην
1789 3625 1962 3685 οὐδὲν,

387 3737 527 3794 ἀλλά
556 3736 806 3807 κρεῖττον
844 3730 943 3802 μέν
968 3731 1084 3781 ἐστι
1108 3726 1210 3796 τῆς
1239 3723 1621 3792 πολυυμνήτου
1653 3717 1965 3789 μετανοίας,

387 3831 626 3887 καὶτῶν
679 3821 803 3881 κατ’
841 3822 1013 3893 αὐτὴν
1064 3817 1330 3890 ίδρώτων·
1363 3817 1615 3886 κρεῖττον
1659 3811 1716 3863 δὲ
1767 3809 1968 3862 θυσιῶν

392 3923 762 3994 ίλαστηρίωνο
819 3915 1125 3973 ἀπόνασθαι
1173 3912 1230 3965 δὲ
1284 3910 1395 3963 τῶν
1427 3905 1872 3976 κατορθωμάτων
1904 3903 1967 3956 ού

391 4017 687 4088 συγχωρεῖ,
722 4009 825 4065 κᾶν
871 4007 1130 4078 ὑπερφυᾶ
1158 4021 1282 4057 τινα
1310 4002 1549 4071 τύχωσιν
1569 3999 1723 4060 ὄντα,
1778 3996 1970 4066 πόρῤω

393 4085 617 4177 καῖντῆς
672 4105 909 4175 ἐσχάτης
942 4100 1052 4154 τῶν
1102 4095 1511 4162 ἐπαινουμένων
1546 4088 1796 4161 μερίδος·
1849 4085 1966 4139 ἀλλ’

394 4203 584 4271 ὥσπερ
618 4196 754 4267 φλὸξ
785 4195 817 4265 ἦ
849 4193 1014 4263 ἀχλὺς
1046 4187 1386 4253 ἐπι-(εθεῖσα,
1421 4182 1600 4236 πάντα
1637 4179 1968 4248 διέφθειρεν,

394 4266 644 4344 οὔτω-τὸ
679 4284 1065 4356 μνησικακεῖν,
1107 4275 1340 4346 ἔσχατον
1374 4273 1567 4328 κακόν.
1608 4269 1882 4339 Ἑϐραίοις
1916 4266 1974 4320 δὲ

394 4383 544 4454 ἐξῆν,
573 4377 902 4434 τὸδὲτόκον
953 4369 1221 4434 δανείζειν
1289 4367 1576 4437 ἠλαύνετο.
1635 4363 1746 4418 Ποῦ
1796 4361 1974 4415 τοίνυν

395 4453 596 4538 κακίας
637 4473 726 4525 τὸν
765 4470 924 4523 τόκον
972 4466 1231 4533 τάξομεν,
1284 4462 1414 4515 ὅταν
1462 4459 1667 4512 ἀτόπου
1708 4453 1975 4524 πονηρίας

398 4574 584 4644 χεῖρον
612 4566 832 4637 ὁρῶμεν
862 4562 1068 4625 κακόν;
1101 4559 1175 4610 Τὸ
1215 4558 1350 4626 γὰρ,
1381 4554 1481 4624 τὴν
1516 4552 1614 4622 μὲν
1657 4549 1974 4619 ἐπιτρέψαι,

396 4665 460 4718 τὸ
480 4663 560 4722 δὲ,
597 4658 859 4722 κωλῦσαι,
885 4654 938 4707 τί
967 4653 1032 4707 ἂν
1057 4651 1143 4721 εἴη
1171 4646 1478 4708 δεικνύντος
1508 4645 1734 4714 ἓτερον;

2039 622 2142 676 est,
2177 611 2319 664 inter
2363 625 2504 677 quos
2550 609 2839 671 tenacitas,
2875 604 3101 660 avaritia
3130 644 3146 668 ,
3188 602 3377 658 sordes
3406 599 3612 671 passim

2038 705 2314 774 vigebant.
2337 703 2506 757 Porro
2533 701 2602 756 ab
2630 700 2917 760 adulterio,
2951 712 2979 751 a
3016 699 3183 757 caede.
3215 710 3245 748 a
3274 691 3618 763 perlossione

2040 793 2329 861 parictum,
2364 793 2583 844 tametsi
2624 790 2705 842 lex
2744 803 2961 858 poenam
2996 800 3103 840 non
3145 784 3403 848 sanciret,
3432 788 3617 835 tamen

2040 883 2308 955 pericula,
2343 897 2467 936 cum
2505 881 2709 951 quibus
2739 877 3007 948 ejusmodi
3037 875 3281 931 facinora
3304 871 3620 928 necessario

2040 982 2445 1043 perpetrantur,
2477 973 2605 1026 inde
2632 978 2925 1025 avocarent
2952 984 2968 1035 ;
3001 965 3238 1021 fenerari
3288 973 3468 1017 autem
3495 960 3619 1016 nul-

2043 1065 2130 1119 lus
2165 1073 2389 1132 putatur
2421 1065 2594 1127 labor,
2628 1077 2729 1116 nec
2758 1070 2842 1116 est
2890 1060 3258 1129 periculosum
3301 1055 3575 1122 negotium
3600 1091 3619 1116 ,

2043 1158 2141 1214 sed
2172 1158 2229 1211 id
2264 1157 2443 1212 solum
2490 1171 2688 1224 augere
2736 1164 3008 1223 qumstum
3060 1150 3199 1205 nihil
3246 1147 3623 1203 laborantibus

2042 1262 2280 1323 oportet.
2315 1250 2454 1317 Quid
2504 1249 2673 1318 igitur
2705 1247 2958 1302 homines
2984 1243 3213 1298 minime
3252 1241 3523 1311 ingenuos
3553 1236 3622 1290 ad

2045 1345 2261 1401 lucrum
2302 1344 2438 1397 adco
2471 1339 2734 1395 molestiis
2769 1353 3001 1392 vacuum
3039 1333 3498 1391 contemnendum
3535 1332 3624 1385 in-

2044 1436 2292 1492 duceret.
2331 1432 2376 1486 si
2411 1440 2520 1486 tam
2555 1443 2720 1499 grave
2765 1426 3099 1497 supplicium
3141 1424 3480 1495 propositum
3518 1435 3624 1475 non

2044 1525 2231 1581 esset?
2257 1522 2516 1577 Hebraeos
2550 1530 2734 1574 autem
2767 1519 2908 1572 hanc
2942 1517 3113 1586 legem
3145 1517 3228 1570 sic
3256 1513 3537 1575 reveritus,
3559 1525 3624 1565 ex

2046 1630 2114 1670 eo
2142 1621 2307 1684 patet,
2330 1610 2473 1680 quod
2507 1609 2670 1662 etiam
2706 1605 2871 1661 hodie
2899 1604 3089 1660 cadem
3120 1612 3250 1660 sunt
3286 1600 3543 1671 opinione
3564 1612 3629 1652 ac

2048 1703 2346 1764 sententia,
2378 1711 2434 1755 et
2480 1714 2602 1754 eam
2636 1697 2846 1751 honore
2874 1701 3303 1764 prosequuntur,
3332 1688 3543 1742 tametsi
3574 1688 3629 1741 in

2052 1795 2240 1849 multis
2268 1793 2428 1860 longe
2466 1805 2630 1860 quam
2671 1784 3191 1855 majoresjpsornm
3221 1780 3471 1851 ignavius
3502 1779 3631 1833 rell-

2051 1887 2231 1955 gionis
2259 1884 2507 1939 instituta
2545 1880 2754 1935 colunt.

2120 1976 2391 2043 Quoniam
2437 1973 2601 2044 igitur
2630 1969 2802 2024 fenori
2835 1968 2966 2021 dare
2993 1963 3240 2019 Hebraeis
3263 1959 3480 2017 crimini
3508 1958 3632 2021 fuit,

2051 2040 2253 2141 quibus
2279 2067 2446 2122 multa
2462 2040 2634 2120 nobis
2657 2063 2819 2118 vetita
2852 2057 3297 2127 mdulgebantur,
3320 2067 3441 2122 quae
3463 2040 3636 2121 ιιαιίιιιι

2052 2165 2124 2220 ob
2164 2159 2470 2217 istiusmodi
2512 2158 2724 2212 lucrum
2772 2151 3117 2207 Christianos
3148 2144 3479 2203 manebunt.
3509 2141 3658 2210 qui-i

2053 2254 2158 2310 bus
2181 2263 2237 2308 et
2276 2250 2579 2306 consistere
2609 2247 2662 2301 in
2695 2242 2925 2298 vetustis
2952 2240 3111 2308 culpa
3144 2245 3263 2300 est;
3295 2243 3353 2290 et
3376 2233 3636 2298 scriptam

2054 2349 2227 2417 legem
2259 2344 2470 2414 justitia
2512 2354 2620 2395 non
2655 2349 3004 2405 exsuperare,
3037 2338 3124 2386 est
3162 2341 3334 2398 regno
3372 2323 3637 2381 calorum

2055 2437 2344 2496 excidere?
2363 2433 2574 2488 Etenim
2608 2428 2898 2485 fornicatio
2929 2425 3041 2480 illis
3072 2438 3179 2477 non
3215 2418 3502 2474 videbatur
3527 2426 3637 2468 tam

2057 2529 2319 2593 absurda,
2347 2536 2402 2583 et
2429 2522 2736 2580 istiusmodi
2769 2517 3031 2589 ﬂagitium
3065 2514 3318 2570 dedecori
3352 2516 3632 2592 nouerat.

2059 2623 2220 2693 Apud
2252 2638 2354 2677 nos
2381 2629 2564 2674 autem
2622 2633 2642 2666 ι
2683 2629 2782 2668 nec
2810 2584 3145 2691 nominetur,
3176 2625 3196 2659 ι
3224 2604 3405 2675 inquit
3430 2584 3641 2666 {Quin

2060 2720 2223 2773 etiam
2276 2722 2531 2784 aspectus
2580 2707 2816 2765 lascivus
2857 2718 2983 2760 cum
3038 2708 3264 2772 peccato
3315 2695 3645 2764 coniunctus

2061 2823 2167 2866 est.
2201 2783 2380 2877 Atque
2426 2804 2504 2859 illi
2541 2801 2762 2872 quidem
2792 2799 2982 2868 jurare
3026 2792 3190 2848 etiam
3228 2790 3345 2860 lege
3374 2783 3646 2855 jubeban-

2069 2912 2180 2975 tur,
2215 2897 2362 2969 quod
2399 2910 2544 2950 nunc
2597 2890 3031 2962 hypocritarum,
3058 2893 3113 2938 et
3149 2880 3565 2949 improborum,
3589 2882 3647 2927 et

2064 2990 2380 3061 huiusmodi
2413 2986 2601 3042 farina:
2633 2982 2912 3037 hominum
2946 2986 3050 3033 est.
3080 2973 3145 3028 Et
3166 2973 3273 3027 illis
3298 2969 3514 3040 quidem
3545 2966 3650 3019 ini—

2067 3087 2269 3142 micum
2321 3082 2505 3139 odisse
2567 3073 2987 3149 permittebatur
3029 3089 3045 3124 :
3091 3081 3237 3122 nunc
3276 3065 3455 3134 ipsum
3505 3061 3649 3114 istuc

1990 3191 2033 3248 (ζ
2068 3179 2311 3249 punitur,
2339 3173 2585 3241 adeoque
2623 3182 2729 3223 non
2768 3166 3090 3234 ignoscitur,
3119 3160 3307 3214 uthac
3341 3169 3485 3209 noxa
3514 3154 3651 3206 irre—

2066 3271 2220 3332 titus,
2257 3282 2357 3322 nec
2401 3264 2631 3319 aliorum
2674 3267 3016 3330 peccatorum
3058 3250 3266 3305 veniam
3311 3259 3504 3315 rogare
3548 3256 3650 3295 au-

2068 3344 2231 3424 deat;
2264 3360 2406 3429 quod
2442 3353 2654 3409 veniam
2692 3347 2842 3402 nullo
2881 3345 3041 3398 modo
3090 3342 3519 3406 consequantur.
3552 3329 3650 3399 qui

2067 3470 2096 3509 a
2132 3453 2335 3522 quibus
2372 3447 2481 3501 l2rsi
2515 3453 2667 3505 sunt,
2704 3453 2825 3494 cum
2861 3437 2928 3490 iis
2960 3431 3275 3514 in\gratiam
3310 3442 3416 3481 non
3472 3421 3653 3477 redie-

2070 3513 2200 3607 rint,
2233 3541 2336 3596 etsi
2372 3538 2566 3592 millies
2604 3534 2817 3585 illorum
2851 3525 3131 3597 paeniteat,
3158 3520 3258 3575 etsi
3312 3515 3539 3571 ﬂumina
3578 3513 3652 3566 la-

2073 3646 2381 3707 crymarum
2417 3625 2770 3699 profundant.
2798 3624 2975 3687 Atque
3008 3618 3079 3671 ita
3108 3612 3253 3685 quod
3283 3610 3504 3665 unicum
3532 3621 3653 3659 ma-

2073 3729 2250 3783 lorum
2304 3723 2667 3776 humanorum
2738 3711 3036 3766 remedium
3088 3714 3228 3768 erat,
3279 3701 3346 3756 ad
3401 3697 3655 3753 morbum

2073 3820 2220 3874 hunc
2264 3811 2643 3883 depellendum
2684 3804 2821 3859 nihil
2866 3801 3045 3865 valet;
3099 3796 3194 3852 sed
3268 3787 3655 3847 laudatissima

2073 3878 2472 3982 pmoiteniia,et
2499 3899 2794 3956 sudoribus
2817 3898 2960 3962 ejus,
2990 3900 3047 3946 et
3074 3885 3361 3944 sacriﬁciis
3387 3878 3653 3952 propitia~

2075 3978 2230 4055 ioriis
2256 4006 2341 4053 est
2369 3992 2662 4066 potentius.
2689 3986 2945 4041 Fructum
2979 3995 3195 4051 quoque
3234 3978 3504 4031 bonorum
3528 3985 3658 4037 ope-

2077 4109 2196 4148 rum
2225 4103 2420 4159 capere
2451 4102 2557 4139 non
2594 4083 2747 4143 sinit,
2800 4073 3156 4149 quantumvis
3202 4069 3404 4125 eximia
3432 4076 3485 4119 et
3512 4079 3662 4119 sunto

2075 4187 2182 4239 mis
2218 4184 2382 4250 digna
2430 4178 2687 4232 laudibus
2739 4172 2944 4227 fuerint
2993 4185 3008 4223 ε
3057 4164 3149 4221 sed
3198 4154 3658 4232 quemadmodum

2078 4274 2274 4330 nebula
2307 4267 2597 4339 superfusa
2627 4263 2815 4319 omnia
2846 4254 3152 4325 corrumpit
3190 4292 3204 4314 ,
3233 4251 3315 4305 sic
3350 4241 3661 4314 malignitas

2077 4366 2243 4422 animi
2274 4374 2501 4433 ‘pr0pter
2525 4367 2763 4413 veterem
2796 4351 3054 4422 injuriam
3079 4344 3280 4401 malum
3319 4335 3661 4393 teterrimum

2079 4457 2264 4511 omnia
2308 4455 2482 4507 vitat.
2523 4447 2768 4505 Hebraeis
2825 4453 3007 4497 tamen
3049 4438 3268 4493 licebat.
3301 4427 3665 4486 Commodare

2006 4532 2267 4605 Dantem
2305 4546 2466 4601 fenus
2522 4543 2845 4606 neutiquam
2915 4531 3132 4587 licebat.
3162 4528 3282 4594 Quo
3333 4522 3498 4592 igitur
3545 4518 3668 4571 loco

2087 4644 2231 4698 inter
2269 4639 2480 4711 piacula
2530 4645 2755 4689 usuram
2810 4624 3237 4683 constituemus,
3286 4613 3507 4684 quando
3558 4617 3667 4662 tam

397 4758 636 4816 nefando
663 4753 866 4809 scelere
900 4746 1036 4805 nihil
1080 4742 1327 4803 videmus
1373 4742 1711 4814 improbius?
1734 4741 1871 4795 Nam
1909 4740 2000 4796 illa
2040 4703 2380 4811 permisisse,
2406 4735 2511 4789 hoc
2556 4729 2820 4791 vetuisse,
2906 4719 3039 4790 quid
3091 4714 3240 4770 aliud
3286 4725 3452 4782 quam
3518 4703 3667 4778 quod
3742 4769 3748 4775 _

402 4853 515 4910 dixi
552 4843 830 4903 ostendit?

473 4943 607 5002 Εἶτα
627 4943 893 5013 τολμήσει
917 4954 1001 4999 τις
1024 4933 1259 5003 εὐθύνης
1288 4932 1371 4985 ἔτι
1395 4930 1638 5001 καθαρὸν
1659 4928 1868 4983 τιθέναι
1896 4929 1988 4982 τὸν

402 5044 584 5105 τόκον,
612 5032 673 5093 οὗ
711 5031 1098 5109 μισανθρωπία
1120 5029 1215 5082 καὶ
1239 5027 1511 5104 ἀκολασία
1533 5027 1629 5078 καὶ
1655 5024 1726 5076 τὰ
1750 5024 1987 5094 μέγιστα

405 5138 516 5190 τῶν
554 5131 741 5188 κακῶν
786 5126 1120 5193 ἁνεκτότερα
1146 5121 1297 5174 δοκεῖ
1344 5118 1499 5187 παρᾶ
1529 5115 1650 5186 Θεῷ
1684 5115 1986 5186 νομοθέτης

409 5230 506 5283 καὶ
558 5223 718 5277 τοῦτό
761 5222 878 5273 ἔστι
913 5215 1227 5288 μαίνεσθαι,
1263 5213 1295 5283 ἢ
1326 5211 1428 5281 τὴν
1455 5208 1548 5265 τοῦ
1581 5207 1772 5262 καινοῦ
1816 5208 1984 5276 νόμου

415 5318 668 5373 παιδείαν
720 5313 893 5383 χείρω
950 5307 1195 5377 νομίζειν
1250 5304 1344 5358 τοῦ
1412 5300 1681 5356 παλαιοῖν
1742 5302 1835 5352 καὶ
1895 5298 1989 5350 τὶν

413 5410 652 5481 Χριστὸν
673 5408 752 5468 είς
779 5404 871 5455 τὸν
900 5400 1105 5469 κόσμον
1136 5398 1334 5457 ἐλθεῖν.
1368 5396 1470 5448 οὐκ
1499 5395 1585 5463 ἐφ’
1629 5386 1673 5461 ᾧ
1701 5391 1990 5460 πληρῶσαι

416 5507 508 5558 τὸν
535 5501 699 5570 νόμον
719 5534 734 5561 ,
765 5493 880 5548 ἀλλ’
903 5493 993 5546 ἵνα
1036 5491 1275 5561 κενώσῃ.
1320 5489 1379 5542 El
1410 5487 1468 5541 δὲ
1498 5485 1660 5539 τοῦτο
1688 5482 1995 5552 περιφανὴς

419 5596 671 5665 ἀθεότης,
701 5596 798 5647 καὶ
825 5594 1098 5662 πλήρωμα
1132 5586 1227 5639 τοῦ
1259 5587 1426 5656 νόμου
1459 5584 1699 5652 Χριστός
1733 5595 1746 5610 ⁸
1778 5575 1994 5630 δεικνύ-

421 5707 602 5743 τωσαν
640 5687 848 5757 βέλτιον
883 5684 1026 5741 εἶναι
1059 5683 1154 5738 καὶ
1189 5675 1652 5751 φιλοσοφώτερον,
1686 5674 1876 5724 πατεῖν
1906 5667 1998 5722 τὸν

503 5868 523 5898 ³
552 5865 748 5935 Ephesi.
783 5881 835 5929 ι’,
864 5865 916 5917 5.

2166 4924 2230 4979 Et
2254 4895 2435 4978 adhuc
2461 4914 2682 4973 audebit
2713 4909 2837 4982 quis
2868 4918 3093 4962 usuram
3128 4916 3159 4955 a
3191 4896 3423 4954 crimine
3465 4895 3674 4950 immu-

2096 5032 2217 5072 nem
2248 5021 2504 5073 statuere,
2544 5020 2650 5076 qua
2677 5003 2860 5057 odium
2897 4998 2952 5050 in
2986 4992 3264 5058 homines,
3300 4997 3355 5044 et
3396 4984 3586 5051 libido,
3620 4991 3677 5040 et

2093 5114 2317 5179 peccata
2357 5101 2596 5157 maxima
2637 5089 3008 5151 tolerabiliora
3031 5084 3172 5155 apud
3201 5083 3372 5138 Deum
3399 5077 3676 5149 legislatu-

2095 5167 2208 5258 retn
2234 5192 2583 5268 iudicantur?
2608 5188 2672 5243 Et
2693 5185 2821 5257 quid
2844 5192 2926 5239 est
2950 5178 3218 5241 insanire,
3241 5173 3345 5230 nisi
3369 5186 3521 5228 novae
3543 5167 3679 5238 legis

2096 5292 2440 5362 disciplinam
2468 5283 2638 5341 veteri
2663 5277 2979 5334 inferiorem
3007 5267 3289 5330 arbitrari.
3318 5275 3372 5321 et
3386 5261 3675 5347 pltristutn

2102 5390 2159 5444 in
2193 5385 2454 5441 mundum
2494 5377 2732 5438 venisse,
2764 5387 2874 5427 non
2902 5380 2963 5423 ut
2993 5367 3163 5436 legem
3192 5359 3462 5429 impleret,
3496 5354 3591 5410 sed
3618 5364 3682 5409 ut

2101 5481 2395 5534 evacuaret
2434 5483 2597 5541 atque
2645 5460 2960 5523 everteret?
2991 5453 3218 5525 Quod‘si
3244 5453 3359 5505 haec
3387 5454 3473 5502 est
3504 5444 3686 5499 mani-

2098 5572 2246 5625 festa
2283 5537 2559 5637 impietas,
2592 5571 2643 5616 et
2676 5554 2960 5630 plenitudo
2998 5551 3132 5619 legis
3158 5543 3411 5601 Christus
3443 5546 3544 5611 est.
3580 5537 3684 5591 do-

2105 5671 2266 5720 ceant
2295 5661 2372 5716 illi
2409 5656 2605 5714 melius
2645 5629 2707 5708 ac
2739 5645 3045 5720 sapientius
3075 5652 3197 5697 esse
3232 5643 3585 5692 contemnere
3605 5629 3684 5686 le-

2146 5872 2192 5904 ,lb
2242 5889 2254 5903 ε.
