4036 6478
382 387 488 452 ’131

1655 382 1966 445 NICOLM
2007 382 2397 443 CABASILA!

3556 382 3655 449 73S

388 525 512 582 gem
553 520 720 577 quam
752 517 998 564 servare,
1026 508 1081 558 et
1115 515 1339 556 usuram
1377 499 1779 555 immanitatem
1813 501 1983 557 adrni-

2111 498 2275 567 ιόμον,
2310 498 2343 566 ἢ
2377 498 2576 563 σώζειν
2598 515 2612 530 ο
2646 498 2744 554 καὶ
2792 501 2974 566 τόκον,
3021 498 3428 568 φιλανθρωπίαν
3459 500 3656 571 θαυβαο

391 602 643 665 rabilem,
685 607 739 654 et
768 596 1113 655 fraudatores
1160 596 1296 649 iStos
1333 595 1838 664 compilatnresque
1871 596 1978 650 ltu-

390 694 672 750 maniores
698 705 821 746 esse
852 689 918 745 iis
949 687 1042 759 qui
1069 689 1242 757 gratis
1275 687 1407 741 dant
1440 696 1717 740 nmtnum.
1744 685 1981 742 Necesse

395 796 481 841 est
514 784 685 848 enim,
713 782 806 853 qui
844 782 950 837 hoc
977 795 1086 835 non
1117 791 1377 848 possunt,
1403 779 1456 833 in
1502 779 1735 833 alterum
1784 793 1814 832 e
1842 777 1983 833 dno-

395 880 499 933 bns
529 877 795 941 incidere.
826 884 920 930 aut
952 890 1078 930 cum
1107 874 1314 928 Judzeis
1361 888 1515 927 novae
1546 872 1653 941 legi
1684 872 1978 936 obsistere,

393 984 698 1039 eorumque
751 968 981 1025 insaniae.
1032 968 1192 1037 quasi
1247 967 1542 1036 quamdam
1607 967 1981 1022 haereditatem

393 1062 580 1123 adire;
629 1070 726 1115 aut
769 1061 815 1116 si
853 1062 959 1116 hoc
995 1059 1251 1130 fugiunt,
1290 1059 1710 1114 fundamentum
1760 1059 1904 1128 quod
1952 1073 1983 1115 α

397 1154 668 1221 principio
700 1153 1069 1209 constitutum
1105 1164 1211 1214 est,
1245 1168 1353 1207 non
1395 1153 1721 1212 convellere.
1769 1161 1823 1206 et
1858 1167 1986 1207 usu-

398 1258 517 1299 ram
549 1253 799 1300 extremo
838 1246 1112 1313 supplicio
1161 1244 1448 1302 addicere:
1488 1244 1634 1315 quod
1688 1245 1987 1313 amplecte-

398 1347 609 1398 rentur,
647 1335 691 1391 si
724 1335 807 1389 vel
839 1335 1114 1390 tantillum
1158 1344 1433 1403 saperent.

474 1426 565 1482 Sic
592 1428 740 1483 enim
777 1442 836 1481 se
876 1442 965 1483 res
996 1426 1183 1480 habet.
1214 1424 1516 1495 Oportebat
1548 1425 1867 1481 hominibus
1915 1424 1990 1478 ie-

400 1536 519 1591 geui
549 1520 869 1590 contingere
896 1519 1285 1588 sapientiorem
1316 1527 1372 1573 et
1402 1519 1682 1575 meliorem
1711 1536 1725 1574 :
1754 1529 1809 1574 et
1861 1520 1992 1574 ade-

403 1624 483 1665 rat
521 1612 805 1681 legislator
836 1610 946 1682 (cui
979 1611 1127 1667 enim
1163 1612 1216 1666 id
1268 1612 1449 1680 potius
1489 1613 1990 1682 committeretur?)

401 1704 642 1757 litteram
678 1704 831 1758 illam
871 1703 998 1758 loco
1020 1719 1270 1759 movens.
1297 1702 1569 1770 Quoniam
1598 1714 1781 1759 autem
1810 1721 1839 1759 a
1864 1706 1996 1760 cha-

401 1796 568 1849 ritate
601 1795 701 1849 Dei
760 1804 815 1849 et
844 1795 1083 1863 proximi
1128 1796 1386 1851 unitersa
1416 1798 1501 1851 lex
1542 1799 1769 1867 pendet,
1812 1799 1993 1853 horni-

403 1886 581 1941 cidam
616 1895 790 1941 morte
821 1886 1080 1952 multatis,
1128 1897 1183 1942 et
1224 1890 1553 1955 adulterum,
1590 1902 1645 1946 et
1681 1892 1854 1945 furem
1884 1933 1898 1958 ,
1944 1900 1999 1946 et

2091 590 2244 661 στὴν,
2269 592 2366 644 καὶ
2389 592 2517 655 τοὺς
2534 593 2918 666 ἀποστερητάς
2939 592 3196 648 τουτουσὶ
3216 595 3312 647 καὶ
3333 592 3656 661 λωποδύτας,

2090 683 2805 754 φιλανθρωποτέρους“τῶν
2856 687 3063 758 προῖκα
3113 684 3387 757 χρηστῶν.
3428 686 3658 757 Ἀνάγκη

2090 779 2200 849 γὰρ
2225 777 2386 831 τοῦτο
2408 779 2484 848 μὴ
2513 779 2875 849 δυναμένους,
2901 780 3075 851 ἑτέρῳ
3120 779 3267 834 δυοῖν
3294 780 3658 849 περιπίπτειν·

2090 873 2123 942 ἢ
2153 872 2292 940 μετά
2320 869 2430 923 τῶν
2464 872 2739 926 Ἰουδαίων
2763 872 2908 926 κατὰ
2931 872 3026 928 τοῦ
3045 870 3234 926 καινοῦ
3261 872 3455 941 στῆναι
3482 872 3661 941 νόμου,

2092 966 2319 1037 καὶτῆς
2365 968 2593 1022 ἐκείνων
2655 967 3072 1037 κληρονομῆσαι
3131 969 3365 1033 μανίαςο
3423 965 3456 1036 ἢ
3514 963 3667 1018 τοῦτο

2093 1060 2400 1130 φεύγοντας
2428 1062 2528 1133 τὴν
2570 1063 2630 1126 ἑξ
2684 1062 2864 1133 ἀρχῆς
2908 1062 3172 1116 ὑπόθεσιν
3227 1060 3414 1131 σαφῶς
3453 1060 3662 1124 ειδέναι,

2094 1154 2190 1206 καὶ
2222 1153 2400 1217 δίκαις
2430 1154 2522 1207 τὸν
2541 1155 2704 1208 τόκον
2733 1158 2856 1218 ταῖς
2891 1154 3151 1224 ἐσχάταις
3174 1155 3507 1224 ὑπαγαγεῖν,
3539 1154 3667 1227 ὅπερ

2095 1244 2287 1299 ἐλοιντ’
2320 1245 2385 1300 ἂν
2405 1246 2472 1316 ἢν
2493 1240 2746 1300 ὁπωσοῦν
2779 1247 3153 1317 σωφρονῶσιν.

2172 1430 2329 1500 Ἔχει
2383 1430 2490 1498 γὰρ
2546 1428 2743 1491 οὑτως.
2781 1428 2994 1494 Ἐδειξε
3045 1447 3227 1483 τοινυν
3270 1429 3331 1483 ἐν
3374 1428 3675 1499 ἀνθρώποις

2098 1519 2358 1586 γενέσθαι
2392 1519 2857 1590 φιλοσοφώτερον,
2892 1522 2988 1573 καὶ
3035 1520 3262 1585 καλλίω,
3297 1521 3395 1574 καὶ
3427 1518 3614 1589 παρὼν
3651 1521 3677 1574 ό

2099 1614 2420 1683 νομοθέτης.
2456 1615 2555 1681 Τίς
2579 1615 2690 1684 γὰρ
2720 1614 2788 1669 ἂν
2831 1614 3153 1669 ἐπιστεύετο
3179 1616 3249 1668 τὰ
3282 1614 3609 1686 γράμματα,
3644 1612 3676 1684 ἢ

2100 1706 2128 1757 ό
2150 1707 2325 1783 ταῦτα
2347 1690 2510 1771 δούςς
2552 1708 2786 1760 Ἔπειτα
2816 1706 2896 1771 δὲ,
2926 1707 2975 1758 εί
3001 1708 3102 1777 τῆς
3136 1707 3273 1777 πρδς
3306 1706 3400 1760 τὸν
3430 1707 3563 1760 Θεὸν
3592 1705 3679 1761 καὶ

2102 1799 2232 1860 τοὺς
2280 1797 2606 1867 ὁμοδούλους
2640 1798 2867 1867 ἀγάπης
2913 1797 3210 1869 ἐξήρτηται
3273 1797 3465 1867 νόμος,
3519 1798 3547 1850 ό
3593 1798 3680 1850 τδν

2103 1883 2428 1954 ἀνδροφόνον
2442 1884 2762 1950 ἀποτιννῦς,
2788 1886 2992 1939 καὶτὸν
3020 1887 3226 1957 μοιχὸν,
3256 1888 3353 1941 καὶ
3382 1888 3473 1940 τὸν
3500 1903 3684 1957 τοιχω-

407 1975 602 2031 falsnm
631 1987 823 2032 testem
859 1993 1011 2032 reum
1046 1977 1280 2044 fat-iens,
1311 1990 1367 2036 et
1416 1997 1640 2037 usuram
1684 1982 1907 2046 tollens,
1943 1992 2000 2038 et

2111 1978 2291 2046 ρύχον,
2328 1976 2424 2029 καὶ⁸
2451 1975 2550 2047 τὴν
2574 1976 2745 2047 ψευδῆ
2803 1981 3118 2049 μαρτυρίαν
3151 1979 3425 2047 ἐλαύνων,
3456 1980 3554 2034 καὶ
3597 1980 3684 2033 τὸν

406 2070 597 2124 odium
651 2071 918 2127 adversus
965 2072 1280 2141 proximum
1335 2078 1684 2144 propulsans,
1746 2087 1801 2134 et
1855 2080 1994 2134 tales

2111 2070 2262 2123 τόκον
2294 2070 2564 2139 ἀναιρῶν,
2611 2072 2707 2124 xui.
2735 2071 2797 2124 τδ
2841 2071 2982 2144 πρὸς
3012 2072 3106 2127 τὸν
3138 2072 3407 2143 πλησίον’
3418 2076 3572 2144 μῖσος
3603 2074 3688 2126 ὲκ-

407 2161 656 2228 quzedam
682 2162 838 2231 leges
864 2161 931 2216 ad
971 2171 1219 2218 mutuam
1254 2168 1579 2223 charitatem
1619 2168 1877 2225 homines
1911 2170 2001 2224 in-

2111 2164 2338 2228 δόιλλων,
2396 2165 2492 2216 καὶ
2535 2163 2771 2217 τοιοῦτοι
2808 2164 2874 2233 δή
2921 2180 3068 2228 τινες
3096 2163 3253 2234 νόμοι
3303 2165 3450 2235 πρὸς
3491 2163 3588 2235 τὴν
3611 2163 3688 2226 είς

407 2254 667 2317 vitantes,
719 2253 900 2308 solum
946 2262 1199 2324 poterant
1252 2258 1455 2321 facere,
1480 2270 1539 2314 ut
1584 2263 1724 2318 bene
1767 2264 2003 2321 meritus

2111 2255 2370 2326 ἀλλήλους
2390 2256 2613 2326 ἀγάπην
2634 2256 2765 2318 τοὺς
2780 2255 3102 2327 ἀνθρώπους
3122 2244 3487 2319 διατιθέντες.
3505 2253 3684 2310 τοσοῦο

411 2357 717 2408 amart-tur,
748 2354 802 2400 et
835 2355 899 2401 ut
936 2348 1030 2416 qui
1065 2364 1172 2403 non
1206 2350 1712 2418 inrommodasset,
1751 2355 1802 2409 ei
1836 2357 2005 2411 vicis‘

411 2436 515 2491 sim
555 2438 689 2491 nihil
724 2437 1260 2511 incommodaretnr;
1294 2442 1347 2496 in
1377 2459 1611 2510 quorum
1645 2459 1842 2503 neutro
1863 2430 2007 2504 Ovem

409 2530 558 2586 inest
592 2532 928 2589 humanitas.
960 2529 1096 2586 Nam
1129 2541 1183 2587 et
1225 2549 1332 2589 non
1372 2536 1578 2601 odisse,
1624 2540 1870 2594 nondum
1918 2552 2006 2597 est

410 2640 629 2692 amere;
670 2627 810 2681 bene
843 2627 1103 2682 meritum
1147 2639 1329 2684 autem
1361 2630 1612 2701 diligere,
1665 2648 1775 2687 non
1819 2635 2000 2689 homi-

412 2734 562 2782 nem,
595 2721 691 2775 sed
737 2720 1066 2776 beneﬁcium
1100 2724 1338 2779 amantis
1377 2734 1486 2780 est.
1519 2727 1655 2800 Cum
1699 2728 1805 2783 hoc
1843 2728 2008 2785 modo

412 2812 766 2878 charitatem,
816 2829 942 2881 quae
983 2827 1014 2866 a
1067 2816 1349 2872 veteribus
1380 2816 1489 2872 illis
1536 2818 1736 2874 litteris
1771 2820 2004 2881 aberat,

414 2904 680 2960 inducere
710 2915 990 2973 oporteret
1024 2908 1152 2975 (hoc
1185 2909 1330 2962 enim
1367 2917 1485 2963 erat
1530 2911 1741 2977 impleri
1778 2913 2004 2982 legem),

413 3011 577 3066 quem
609 2998 776 3051 alium
802 2998 938 3053 huic
966 2999 1290 3067 provinciae,
1321 3016 1487 3071 quam
1511 3002 1682 3070 ipsius
1712 3003 1847 3074 legis
1876 3018 2010 3058 con-

415 3100 815 3144 summatorcm
840 3106 1165 3160 praeponere
1192 3108 1411 3160 aequum
1441 3095 1595 3149 erat?
1627 3095 1816 3165 Itaque
1852 3097 2013 3153 indu-

2104 2365 2198 2402 τον
2252 2348 2602 2419 ἠδυνήθησαν
2659 2349 2846 2419 μόνον’,
2904 2349 3032 2403 ὅσον
3085 2348 3179 2403 τδν
3241 2347 3346 2420 μὲν
3395 2349 3686 2419 εὐεργέτην

2107 2443 2334 2509 ποιῆσαι
2353 2441 2549 2508 φιλεῖν,
2577 2441 2777 2512 δρᾶσαι
2806 2440 2864 2495 δὶ
2892 2440 3062 2511 μηδὲν
3086 2442 3257 2495 κακὸν
3276 2442 3374 2496 τὸν
3396 2441 3688 2512 ἠδικηκότα

2113 2535 2318 2605 μηδέν’
2359 2528 2437 2589 ὧν
2482 2534 2772 2605 οὐδέτερον
2809 2533 3029 2603 ἀληθῶς
3072 2533 3489 2604 φιλανθρωπία*
3525 2534 3585 2589 τό
3629 2548 3686 2585 τε

2108 2628 2217 2694 γὰρ
2247 2624 2322 2695 μὴ
2357 2626 2561 2695 μισεῖν,
2589 2624 2745 2678 οὔπω
2764 2626 2940 2694 φιλεῖν
2960 2628 3102 2690 ἐστι,
3149 2625 3212 2679 τό
3245 2643 3305 2680 τε
3343 2626 3439 2679 τὸν
3470 2641 3690 2694 πεποιη-

2110 2718 2243 2771 κότα
2284 2717 2484 2786 φιλεῖν,
2518 2719 2580 2771 οὐ
2623 2717 2716 2772 τὸν
2756 2717 3050 2789 ἄνθρωπόν
3089 2720 3207 2772 ἐστι
3236 2718 3549 2788 φιλοῦντος,
3578 2716 3688 2772 ἀλλ’

2111 2807 2245 2858 αὐτὸ
2271 2807 2336 2876 δὴ
2361 2806 2423 2861 τὺ
2454 2805 2517 2861 εὖ
2540 2808 2897 2863 πεπονθέναι.
2922 2809 3127 2863 Τοῦτον
3150 2809 3216 2881 δὴ
3240 2809 3338 2864 τὸν
3373 2812 3576 2882 τρόπον
3597 2809 3691 2880 τὴν

2112 2900 2339 2971 ἀγάπην
2385 2900 2497 2955 τῶν
2564 2902 2815 2956 παλαιῶν
2876 2903 3227 2975 γραμμάτων
3272 2904 3527 2959 ἀποῦσαν
3579 2904 3688 2957 δέον

2113 2992 2360 3056 εἰσάγειν
2391 3008 2406 3023 ·
2448 2990 2607 3048 τοῦτο
2654 2995 2765 3065 γὰρ
2807 2988 2879 3065 ἦν
2925 2995 3289 3068 πληρωθῆναι
3329 2999 3426 3052 τὸν
3477 2998 3638 3065 νόμον
3676 3009 3690 3026 ·

2114 3085 2237 3138 τίνα
2260 3085 2371 3139 τῶν
2394 3083 2571 3140 ἄλλων
2592 3087 2929 3155 εἰσενεγκεῖν
2948 3088 3100 3154 εἰκὸς
3121 3084 3210 3162 ἦν,
3231 3091 3264 3160 ἢ
3286 3091 3387 3143 τὸν
3411 3090 3504 3146 τοῦ
3535 3090 3692 3160 νόμου

413 3182 519 3236 xit.
557 3179 675 3235 Non
704 3183 851 3237 enim
881 3192 1269 3239 testamentum
1300 3184 1524 3254 aliquod
1561 3188 1779 3243 tertium
1819 3204 2006 3259 exspe«

2116 3178 2452 3250 τελειωτήνς
2487 3179 2689 3234 οὐκοῦν
2721 3182 3069 3251 είσήνεγκεν.
3102 3182 3178 3235 Οὐ
3213 3182 3324 3254 γὰρ
3353 3182 3419 3256 δὴ
3441 3181 3696 3253 διαθήκην

417 3285 653 3340 etamus,
694 3291 793 3331 nec
846 3277 1015 3330 alium
1048 3276 1234 3345 populi
1267 3276 1548 3332 ductorem
1579 3280 2011 3336 moderatorem-

418 3381 547 3436 que,
574 3368 666 3437 qui
697 3368 954 3423 meliores
975 3371 1119 3438 leges
1141 3368 1304 3423 ferat.
1331 3368 1724 3441 Proindeopus
1751 3372 1855 3428 fuit
1878 3376 2013 3444 legi—

418 3461 545 3527 bus,
566 3476 676 3515 non
710 3463 910 3525 solum,
943 3461 1088 3515 (Non
1119 3463 1346 3517 habebis
1370 3463 1499 3518 odio
1518 3468 1888 3532 proximum,»
1915 3469 2011 3524 sed

425 3554 610 3616 etiam,
635 3575 654 3607 ι
679 3556 878 3626 Diliges
902 3556 1215 3624 proximum
1238 3556 1278 3609 ⁸.
1308 3574 1327 3607 ι
1350 3556 1506 3622 Quod
1525 3558 1570 3613 si
1600 3558 1811 3627 diliges.
1848 3560 2012 3615 etiam

423 3646 564 3701 bene
590 3646 658 3700 de
688 3646 780 3699 illo
809 3647 1107 3703 merehet'is
1147 3663 1254 3703 non
1287 3657 1499 3703 tantum
1532 3657 1593 3703 ut
1617 3652 2013 3717 remunereris,

423 3737 535 3792 sed‘
557 3737 720 3792 etiam
769 3747 829 3792 nt
861 3739 1144 3794 beneficiis
1188 3748 1524 3795 antevertas.
1569 3740 1744 3810 Atque
1764 3741 1849 3794 ita
1901 3757 2011 3795 non

423 3830 602 3885 solum
636 3846 743 3885 non
774 3830 932 3885 dabis
977 3829 1156 3884 fenori
1197 3839 1488 3899 argentum
1526 3840 1679 3886 tnum
1706 3830 1866 3906 fratri
1899 3842 2014 3897 tuo,

426 3922 482 3976 id
521 3935 625 3985 est,
665 3923 800 3977 nihil
835 3924 905 3977 ab
938 3923 1029 3976 illo
1058 3923 1387 3986 lncrahetis,
1419 3922 1513 3977 sed
1542 3924 1709 3989 'quod'
1731 3924 1813 3978 his
1839 3924 2018 3994 majus

425 4015 688 4084 quiddam
720 4023 822 4080 est,
856 4030 980 4070 cum
1016 4014 1296 4083 indigente
1342 4022 1432 4067 tua
1479 4013 1647 4068 facies
1679 4019 2015 4072 communia.

428 4109 555 4162 lltec
588 4106 987 4176 perfectissime
1026 4106 1336 4173 praestanda
1378 4116 1538 4171 sunt;
1569 4121 1803 4175 quorum
1837 4106 2017 4176 neglio

426 4207 618 4265 gentes
665 4199 1012 4252 dccatitatam
1048 4197 1194 4249 illam
1243 4197 1547 4261 gehennam
1585 4198 1729 4252 circa
1786 4199 2018 4268 impedi-

427 4297 673 4342 mentmn
728 4289 1129 4356 experiuntur:
1170 4304 1189 4339 ι
1230 4285 1345 4341 11οο
1385 4288 1527 4341 enim
1565 4298 1650 4343 est
1702 4289 2019 4343 mandatum

427 4392 613 4434 meum
639 4420 653 4441 ,
690 4378 889 4445 inquit,
917 4388 977 4432 ut
1000 4378 1239 4447 diligatis
1279 4379 1512 4434 invicem
1543 4379 1564 4410 ⁸
1591 4397 1605 4447 ;
1635 4399 1654 4430 ι
1703 4396 1810 4434 non
1851 4392 2018 4433 unum

2114 3270 2308 3341 τρίτην
2347 3273 2473 3328 τινὰ
2509 3273 2930 3344 προσδοκῶμεν,
2963 3275 3085 3329 οὐδὲ
3126 3275 3470 3347 δημαγωγὸν
3497 3278 3695 3348 ἕτερον,

2114 3362 2173 3427 ὃς
2204 3364 2412 3418 καλλίω
2450 3367 2832 3434 νομοθετήσει.
2871 3368 2984 3421 Καὶ
3024 3368 3206 3422 τοίνυν
3255 3370 3475 3439 ἀνάγκη
3526 3370 3696 3439 νόμιον

2113 3457 2176 3508 οὑ
2209 3456 2371 3523 μόνον
2399 3459 2483 3510 Οὐ
2498 3458 2809 3526 μισήσεις,
2839 3459 2977 3514 ἀλλά
2999 3464 3114 3525 καὶ,
3134 3461 3431 3531 Φιλήσεις
3444 3464 3549 3517 τόν
3566 3466 3697 3531 ὀμο-

2114 3550 2333 3615 scutor.
2371 3549 2431 3600 El
2469 3549 2525 3602 δὲ
2556 3548 2806 3620 φιλήσεις
2852 3552 2946 3605 καὶ
2975 3549 3036 3606 εὖ
3058 3554 3326 3623 ποιήσεις,
3368 3556 3468 3609 οὐκ
3488 3551 3700 3625 ἀμειὸόο

2120 3659 2279 3712 μενος
2333 3644 2512 3712 μόνον,
2565 3645 2704 3699 ἀλλά
2763 3649 2857 3698 καὶ
2918 3649 3185 3717 ὑπάρχων
3242 3650 3511 3719 χρηστός.
3559 3649 3620 3702 Ei
3646 3646 3698 3700 δὲ

2119 3734 2296 3797 τοῦτο,
2329 3736 2429 3806 οὐχ
2473 3737 2625 3798 ὅπως
2673 3739 2774 3790 οὐκ
2813 3740 3081 3801 ὲκτοκιεῖς
3110 3741 3171 3792 τὸ
3203 3741 3480 3811 ἀργύριόν
3508 3756 3597 3794 σου
3628 3740 3717 3804 τῷ»

2119 3825 2335 3898 ἀδελφῷ
2372 3844 2491 3895 σου,
2527 3830 2668 3901 ὅπερ
2700 3831 2877 3894 ἐστὶν,
2927 3833 2988 3885 οὑ
3019 3831 3129 3885 τῶν
3160 3834 3385 3889 ἐκείνου
3422 3853 3477 3889 τι
3513 3834 3700 3905 κερδαδ

2120 3921 2263 3982 νεῖς·
2313 3921 2452 3974 ἀλλά
2490 3923 2585 3975 καί⁵
2616 3923 2808 3977 τούτου
2843 3924 3010 3976 πλέον
3037 3942 3091 3978 τι
3125 3926 3233 3978 τῶν
3263 3926 3475 3980 σαυτοῦ
3523 3924 3700 3980 κοινωὲ

2120 4013 2327 4081 νήσεις.
2357 4014 2546 4068 Ταῦτα
2572 4014 2628 4066 δὲ
2657 4015 2957 4082 φυλάσσειν
2995 4017 3059 4069 ὲκ
3097 4018 3302 4080 παντὸς
3329 4020 3565 4091 τρόπου,
3614 4016 3702 4070 καὶ

2119 4107 2250 4169 τοὺς
2279 4106 2656 4177 περιορῶντας
2688 4108 2845 4161 οὐδὲν
2882 4108 3085 4161 κωλύει
3118 4110 3215 4179 τῆς
3250 4110 3611 4181 ὑμνουμένης
3640 4107 3700 4162 ἂν

2121 4196 2453 4267 πειραθῆναι
2482 4198 2732 4269 γεέννης.
2791 4198 2982 4270 «Αὕτη
3031 4200 3138 4268 γάρ
3186 4203 3334 4255 ἔστιν
3383 4204 3417 4274 ὴ
3451 4203 3632 4269 ἐντολὴ
3670 4199 3701 4269 ἡ

2122 4289 2253 4359 ἐμὴ,
2290 4289 2478 4358 φησὶν,
2540 4290 2630 4342 ἵνα
2659 4291 2914 4354 ἀγαπᾶτε
2957 4292 3222 4362 ἀλλήλους
3249 4309 3262 4323 ·
3301 4312 3321 4345 ›
3362 4296 3422 4348 οὐ
3477 4294 3572 4365 μία
3601 4291 3700 4346 τῶν

2122 4379 2376 4444 ἐντολῶν,
2404 4381 2521 4433 ἀλλ’
2553 4383 2693 4452 αὐτὴ
2725 4384 2756 4452 ἠ
2791 4383 3000 4452 ἐντολή.
3030 4383 3092 4437 Εἰ
3120 4385 3176 4438 δὲ
3206 4386 3367 4440 τοῦτο
3428 4389 3536 4449 πᾶς
3563 4387 3590 4438 ό
3612 4381 3699 4437 τοῦ

430 4470 501 4527 de
533 4471 828 4529 mandatis.
863 4473 955 4527 sed
997 4474 1173 4541 ipsum
1210 4472 1550 4526 mandatum.
1616 4471 1758 4542 Ergo
1804 4472 1849 4526 si
1904 4472 2006 4526 haet

2124 4473 2368 4542 Χριστοῦ
2414 4475 2601 4544 νόμος,
2634 4470 2792 4538 οὗτος
2837 4476 2990 4545 μὲνό
3036 4479 3161 4542 τοὺς
3198 4480 3506 4549 στεφάνους
3548 4480 3697 4548 Eximi“,

428 4574 512 4621 est
540 4567 793 4621 universa
829 4566 912 4620 lex
951 4566 1153 4620 Christi
1180 4605 1195 4630 ,
1227 4567 1342 4622 haec
1369 4576 1455 4622 est
1487 4583 1609 4636 quae
1639 4580 1874 4621 coronas
1921 4566 2006 4619 ha-

2128 4566 2266 4636 ὑπὲρ
2296 4569 2490 4621 τούτου
2516 4568 2573 4621 δὲ
2595 4569 2787 4636 γέεννα
2809 4569 3135 4633 καὶνσκότος
3166 4537 3479 4626 ἀπειλεῖται
3509 4537 3607 4626 καῖ
3638 4567 3703 4621 τὰ

431 4665 557 4724 hct;
591 4668 645 4713 et
689 4669 910 4730 propter
939 4675 1059 4716 eam
1078 4660 1237 4715 nobis
1274 4661 1544 4730 gehenna,
1592 4665 1645 4713 et
1675 4658 1933 4721 tenebrai,
1967 4665 2023 4711 et

431 4752 579 4804 male
606 4751 851 4806 omnium
884 4749 1206 4820 gravissima
1244 4751 1606 4805 intentantur.
1653 4746 1710 4800 Si
1757 4749 1903 4801 enim
1937 4755 2022 4800 to-

431 4852 541 4899 tam
587 4844 754 4913 legem
786 4844 993 4897 violare
1053 4858 1161 4896 non
1219 4851 1301 4897 est
1334 4841 1511 4906 nefas,
1551 4841 1737 4895 nescio
1783 4856 2018 4909 quorum

431 4938 651 4991 tandem
688 4945 1037 5006 peccatorum
1068 4949 1259 5007 poenas
1312 4936 1488 4992 simus
1529 4933 1738 4996 lu’ituri,
1778 4934 2019 5003 aut‘quis

430 5028 793 5096 vamtlaturus
825 5030 896 5084 sit
931 5030 1137 5085 multis.

507 5122 571 5177 Et
611 5123 743 5191 quid
782 5124 866 5178 his
918 5138 1060 5191 opus
1115 5130 1222 5185 est,
1275 5130 1401 5177 cum
1460 5122 1634 5189 ipsam
1687 5119 2023 5191 legislatoris

434 5216 765 5271 sententiam
819 5216 1019 5284 legere,
1066 5229 1241 5283 eaque
1288 5214 1634 5284 propositum
1692 5214 2026 5269 conﬁrmare

370 5316 379 5325 '
436 5311 640 5366 liceat?
666 5328 685 5361 ι
710 5308 981 5365 Discedite
1004 5322 1033 5360 a
1056 5322 1164 5368 me,
1213 5306 1509 5371 maledicti,
1534 5306 1735 5377 inquit,
1760 5306 1813 5361 in
1843 5307 2021 5376 ignem

437 5396 703 5458 anethum
749 5402 803 5466 ⁶;
853 5419 870 5451 ι
915 5412 1174 5464 nonquia
1219 5399 1378 5453 fenus
1418 5398 1731 5467 accepistis,
1759 5400 1852 5453 sed
1888 5399 2020 5467 quia

436 5495 504 5547 de
539 5494 737 5549 vestris
773 5493 1127 5547 facultatibus
1158 5491 1244 5546 his
1272 5491 1364 5560 qui
1393 5490 1625 5559 egebant
1657 5490 1795 5544 nihil
1826 5491 2021 5545 tribui-

442 5579 843 5639 stis.‘Audin‘?
874 5582 994 5638 λειω
1020 5583 1065 5637 si
1104 5598 1201 5636 sua
1236 5598 1343 5636 non
1376 5582 1865 5652 projicientes‘tam
1897 5597 2021 5653 gra-

446 5675 585 5731 viter
636 5676 868 5742 multat,
921 5686 1272 5732 entunctores
1328 5677 1466 5732 istos
1518 5685 1574 5732 et
1630 5676 2021 5746 compilatores

2125 4660 2332 4730 ἔσχατα
2369 4661 2478 4715 τῶν
2508 4661 2719 4716 κακῶν.
2756 4661 2820 4715 Et
2852 4664 2966 4731 γὰρ
2995 4661 3088 4714 τὸν
3113 4662 3332 4716 ἅπαντα
3364 4666 3532 4731 νόμον
3557 4661 3700 4715 οὐδὲν

2122 4750 2297 4804 δεινὸν
2348 4747 2726 4821 ὑπερϐαίνειν,
2770 4753 2873 4804 οὑκ
2921 4748 3043 4806 οἶδα
3092 4754 3258 4806 τίνων
3287 4752 3701 4825 ἁμαρτημάτων

2123 4842 2350 4914 τίσομεν
2378 4843 2615 4916 δίκας,ἢ
2647 4844 2731 4909 τίς
2754 4842 3056 4916 δαρήσεται
3096 4845 3324 4910 πολλάς.

2198 5110 2306 5164 Καὶ
2321 5109 2374 5163 τί
2402 5108 2487 5162 δεῖ
2506 5106 2737 5172 τούτων,
2761 5105 3079 5177 ὅτανάὑτὴν
3099 5107 3195 5175 ἐξῇ
3217 5106 3317 5171 τὴν
3336 5107 3518 5177 ψῆφον
3539 5105 3699 5172 ἀναγ-

2123 5209 2283 5262 νόντα
2301 5203 2393 5258 τοῦ
2415 5199 2708 5275 νομοθέτου
2722 5201 2984 5265 διαδεῖξαι
2998 5200 3062 5254 τὸ
3080 5201 3465 5272 προκείμενον;
3481 5218 3498 5250 ι
3511 5193 3701 5267 Πορεύ-

2124 5301 2275 5364 εσθε,
2300 5300 2487 5368 φησὶν,
2513 5296 2611 5351 ἀπ’
2632 5295 2794 5367 ἐμοῦ,
2825 5296 2875 5349 σί
2911 5295 3311 5365 κατηραμένοι,
3330 5295 3411 5356 είς
3434 5296 3495 5345 τὸ
3516 5290 3626 5356 πῦρ
3647 5286 3702 5340 τὸ

2126 5392 2402 5459 αἰῶνιον,ι
2442 5390 2543 5460 οὐχ
2566 5389 2652 5441 ὅτι
2681 5387 2878 5450 τόκους
2913 5386 3024 5439 ἀπὸ
3049 5386 3160 5438 τῶν
3184 5384 3431 5451 ἀδελφῶν
3463 5378 3700 5437 ὲλάδετε,

2125 5487 2244 5543 ἀλλ’
2277 5486 2359 5539 ὅτι
2390 5483 2502 5536 τῶν
2532 5480 2751 5535 οἰκείων
2792 5480 2854 5533 οὑ
2892 5477 3245 5549 μετεδώκατε
3265 5478 3377 5538 τοῖς
3416 5472 3699 5543 δεηθεῖσίν.

2139 5580 2387 5641 Ἀκούεις
2410 5595 2426 5643 ;
2464 5578 2513 5630 εί
2541 5575 2599 5630 δὲ
2631 5574 2759 5638 τοὺς
2788 5573 2865 5645 μὴ
2893 5573 2963 5626 τὰ
2986 5573 3164 5627 οίκεῖα
3186 5571 3482 5643 ρίπτοντας
3516 5559 3701 5617 τοσού-

2127 5692 2238 5728 των
2271 5672 2499 5741 τιμᾶται
2531 5667 2743 5731 κακῶν,
2767 5666 2899 5731 τους
2925 5666 3307 5738 ἁποστερητὰς
3334 5656 3584 5717 τουτουσὶ
3611 5650 3700 5709 καὶ

517 5853 540 5887 ⁸
566 5853 739 5913 chit.
772 5871 886 5926 xu,
922 5855 1011 5927 l7,
1055 5856 1160 5926 l8;
1203 5854 1395 5913 Matth.
1430 5872 1566 5927 xxtt,
1604 5856 1693 5914 59.
1771 5858 1793 5891 ⁵
1821 5854 1980 5914 Joan.
2031 5870 2153 5922 xm,
2185 5853 2277 5909 54.
2355 5852 2374 5882 ⁶
2408 5846 2600 5906 Matth.
2632 5862 2757 5914 xxv,
2792 5843 2881 5898 il.
