4036 6482
352 439 478 502 ’733

1371 442 1662 504 ORATIO
1700 441 2001 504 CONTRA
2041 445 2297 506 FENEB
2311 448 2626 508 ATORES.

3499 453 3602 516 794

351 551 664 615 λωποδύτας
710 551 812 606 ποῦ
856 550 1251 623 παραπέμψεη
1311 554 1382 606 Σὺ
1425 553 1482 605 δὲ
1531 553 1724 616 τόκους
1759 553 1915 622 ἔχων,

2026 570 2261 622 quonam
2294 556 2508 610 mittet?
2538 554 2615 609 Tn
2651 567 2828 611 autem
2860 572 2984 612 cum
3014 570 3222 629 qua-sm
3273 572 3364 615 tuo
3397 562 3605 620 fenera-

353 645 596 713 νομίζεις
633 646 733 713 τὴν
769 643 995 713 γέενναν
1027 649 1220 713 φυγεῖν
1269 646 1371 710 ἆνς
1406 647 1500 698 καὶ
1547 645 1649 696 οἴει
1712 662 1927 713 σωφρο-

354 739 498 802 νείν;
530 736 624 789 καὶ
648 735 764 798 πῶς
783 735 845 787 οὐ
881 735 1084 804 μᾶλλον
1129 734 1475 805 ἀτοπώτερος
1502 731 1570 799 εί,
1619 737 1711 788 καὶ
1738 735 1928 787 τοσοῦ-

351 844 443 879 τον
495 826 794 893 ἀξιώτερος
845 824 955 877 τῶν
1007 826 1272 894 ἐσχάτων,
1325 827 1449 878 ὅσον
1509 825 1616 876 οὐδ’
1667 826 1836 892 ἐγνως
1876 821 1932 878 οἵ

353 915 539 968 κακῶν
573 910 656 980 ei;
693 914 800 967 οὐδ’
827 914 1058 986 αἰσχύνῃ
1093 917 1328 984 πονηρὸς
1367 914 1464 979 ὢν,
1496 915 1605 967 οὐδ’
1639 917 1922 986 ἐρυθριᾶς,

353 1005 473 1058 οὐδέ
513 1004 697 1074 ζητεῖς
728 1004 1023 1075 βάραθρον,
1060 1004 1428 1058 ἀλλ’ἐστῶσιν
1469 1005 1765 1074 ὀφθαλμοῖς
1795 1006 1924 1074 ὁρᾷς

352 1099 451 1166 τὴν
481 1098 673 1150 ἀκτῖνα
688 1113 704 1163 ;

427 1191 534 1241 Καὶ
559 1190 610 1241 τί
641 1189 823 1255 λέγως
871 1187 932 1239 τδ
960 1192 1070 1257 γὰρ
1107 1187 1378 1259 χείριστον
1411 1188 1689 1251 ἁπάντων,
1717 1185 1801 1238 ὅτι
1833 1187 1926 1238 καὶ

352 1279 461 1332 τῶν
494 1281 758 1347 γενναίων
804 1278 1008 1333 τούτων
1072 1279 1254 1342 ἐνίοις,
1314 1281 1409 1332 καὶ
1458 1276 1800 1348 ἐλεημοσύνη
1863 1279 1925 1330 τὸ

355 1373 590 1440 πρᾶγμα
615 1371 784 1434 δοκεῖ,
817 1372 912 1422 καὶ
941 1371 1052 1423 τῶν
1079 1371 1328 1437 δανείων,
1350 1371 1425 1432 ὡς
1447 1371 1511 1440 δή
1533 1387 1696 1423 τινων
1727 1385 1924 1436 κατορ-

355 1462 627 1530 θωμάτων
669 1462 1011 1532 μεμυημένοι
1045 1460 1421 1530 σεμνύνονται,
1467 1459 1562 1514 καί
1597 1460 1924 1520 καταλέγου-

357 1567 461 1616 σιν,
501 1544 583 1614 οἷς
613 1550 873 1621 ἔχρησαν,
909 1547 1094 1620 ὦνπερ
1124 1551 1456 1620 ἐκέρδαινον,
1491 1551 1566 1611 ὡς
1614 1546 1674 1601 εὖ
1726 1566 1927 1601 πεπον-

358 1641 518 1702 θότας
550 1641 648 1708 τῆς
673 1640 1015 1709 σκαιότητος.
1059 1640 1264 1709 Σεμνδς
1313 1634 1363 1690 εί
1407 1637 1779 1706 τοκογλυφῶν,
1809 1637 1925 1689 δέον

357 1731 822 1800 κατορύττεσθαι;
857 1731 954 1782 καὶ
985 1729 1162 1791 διδοὺς
1193 1729 1281 1798 ἐφ’
1323 1723 1366 1796 ᾧ
1407 1727 1736 1797 κερδαίνειν,
1775 1727 1926 1795 ἐλεή-

359 1839 507 1890 pom;
538 1819 744 1875 Οὐκοῦν
772 1824 864 1875 καὶ
893 1822 983 1873 τὸν
1009 1821 1254 1892 γεωργὸν
1288 1822 1459 1882 εῐποις
1490 1821 1554 1871 ἂν
1579 1818 1802 1887 τρέφειν
1826 1817 1928 1886 τὴν

2028 646 2147 698 titio
2179 655 2231 700 te
2285 647 2588 711 gehennam
2639 647 2988 711 ell'ngiturum
3048 653 3284 705 censes?
3338 652 3402 705 Et
3454 670 3606 708 sana:

2029 739 2227 792 mrutis
2259 754 2380 793 esse
2414 741 2694 808 putasiet
2740 743 3016 808 quomodo
3064 757 3168 796 non
3219 745 3397 811 potius
3448 747 3601 800 stoli-

2025 829 2166 891 dior.
2197 842 2249 882 et
2287 841 2433 883 tanto
2465 833 2721 885 extremis
2759 833 3041 900 suppliciis
3090 827 3339 902 dignior,
3390 853 3459 904 qu
3483 846 3595 890 unto

2027 936 2126 974 nec
2159 921 2296 973 nosti
2329 923 2418 973 tibi
2455 924 2721 975 malorum
2756 924 2830 975 sis
2859 943 2871 976 :
2901 939 2998 977 nec
3034 939 3160 977 eum
3193 925 3476 993 improbus
3503 928 3602 989 sis,

2027 1009 2436 1069 verecundaris.
2475 1025 2574 1062 nec
2607 1011 2910 1074 erubescis,
2942 1028 3039 1066 nec
3083 1015 3253 1067 vitare
3283 1017 3600 1071 barathrum

2027 1098 2246 1164 quaeris,
2279 1102 2369 1152 sed
2415 1101 2532 1154 fixis
2568 1101 2738 1155 oculis
2774 1103 2988 1157 radium
3021 1104 3292 1160 intueris?

2097 1188 2442 1258 Quid?qu0tl
2477 1192 2774 1259 pessimum
2813 1202 2896 1246 est
2944 1195 3207 1255 omnium,
3266 1194 3596 1257 quilmsdam

2023 1279 2264 1333 virorum
2290 1281 2520 1336 istorum
2551 1283 2844 1351 insignium
2871 1299 3035 1337 usura
3065 1286 3226 1338 etiam
3254 1285 3599 1356 eleemosyna

2025 1371 2259 1430 videtur.
2294 1383 2346 1426 et
2394 1373 2580 1427 fenore
2637 1377 2779 1440 velut
2811 1375 3141 1444 quibusdam
3179 1377 3469 1430 virtutibus
3498 1378 3606 1430 ini-

2025 1463 2140 1518 tiati
2165 1463 2483 1530 gloriantur,
2505 1475 2939 1534 enutnerantque
2970 1475 3227 1536 tanquam
3259 1468 3540 1522 beneficiis
3573 1484 3602 1522 a

2026 1569 2085 1608 se
2121 1554 2363 1620 allectos,
2398 1556 2595 1623 quibus
2631 1559 3057 1619 commodat-int,
3089 1569 3141 1612 et
3194 1573 3222 1612 a
3271 1561 3472 1627 quibus
3507 1574 3604 1612 ea-

2027 1645 2147 1699 dem
2175 1661 2338 1715 opera
2374 1647 2538 1700 lucris
2575 1649 2720 1702 aucti
2774 1649 2902 1702 sint.
2960 1648 3094 1702 llem
3146 1651 3468 1704 stultitiam!
3521 1649 3604 1704 Tu

2029 1737 2312 1804 honestus,
2342 1741 2434 1806 qui
2467 1743 2666 1794 tabulis
2705 1742 2922 1794 nomina
2952 1755 3166 1805 eorum,
3203 1742 3404 1809 quibus
3437 1757 3604 1808 pecu-

2028 1829 2121 1883 nia
2172 1829 2346 1884 fenori
2384 1831 2506 1884 data
2539 1843 2620 1884 est
2653 1833 2930 1894 inscribis,
2973 1847 3111 1902 quas
3136 1835 3301 1887 humo
3329 1839 3603 1902 oporteret

357 1916 484 1982 γῆν,
513 1916 596 1966 ὅτι
640 1914 821 1982 ῥίπτει
871 1915 963 1966 τὸν
1020 1915 1184 1976 σῖτον,
1244 1913 1330 1965 illa.
1382 1912 1682 1981 κομίσηται
1714 1910 1915 1961 πλείω·

2025 1920 2289 1975 obruere?
2329 1919 2389 1974 Et
2417 1921 2510 1989 qui
2544 1922 2642 1974 das
2684 1931 2742 1975 ut
2774 1923 3013 1984 lucrere,
3051 1937 3110 1976 es
3145 1921 3497 1975 misericors?
3524 1919 3602 1976 Ita

359 2007 558 2077 μᾶλλον
604 2008 662 2060 δέ
714 2007 813 2077 τὴν
867 2007 1112 2060 ἑστίασιν
1169 2005 1601 2075 ἀνθρωποφάγου
1649 2002 1924 2068 καλέσεις,

354 2098 533 2171 οἶμαι,
588 2099 1026 2168 φιλοφροσύνην·
1059 2098 1116 2161 ὃς
1148 2093 1206 2150 εὖ
1254 2098 1347 2150 καὶ
1385 2095 1568 2158 καλῶς
1601 2095 1790 2163 τρέφει
1834 2093 1924 2146 τὸν

353 2191 661 2258 ἄνθρωπον,
692 2190 779 2243 ἵνα
809 2190 1103 2260 καταφάγῃ
1123 2189 1305 2250 πίονα,
1334 2189 1426 2261 καὶ
1455 2188 1516 2240 σὺ
1540 2187 1718 2238 τοίνυν
1742 2183 1921 2246 δίδως,

355 2284 441 2335 ἵνα
485 2287 612 2346 τοὺς
647 2281 964 2352 ἀλλοτρίους
1009 2281 1444 2351 καρπωσάμενος
1485 2281 1701 2342 πόνους,
1741 2277 1922 2328 πλεῖον

352 2377 588 2445 ποιήσῃς
643 2374 704 2426 τὸ
761 2374 1055 2444 ἀργύριον·
1093 2369 1213 2425 εἶτα
1265 2372 1512 2440 ἐλεήμων
1538 2367 1624 2435 εί;
1682 2369 1791 2421 καί
1823 2369 1924 2420 οὐκ

353 2468 608 2538 αἰσχύνῃ,
642 2466 720 2536 τῷ
754 2467 972 2518 πάντων
1006 2465 1272 2536 αἰσχίστῳ
1318 2464 1607 2534 πράγματι
1644 2464 1706 2515 τὸ
1741 2460 1923 2516 κάλλι-

352 2574 476 2610 στον
507 2558 790 2627 ὀνομάτων
821 2556 1161 2626 περιτιθείς;

434 2825 591 2878 Ἀλλὰ
622 2825 834 2887 πολλοῖς
868 2823 1034 2877 ἐλυσα
1079 2822 1292 2887 πενίαν,
1340 2825 1525 2891 φησίν.
1569 2822 1643 2875 Οὐ
1677 2836 1924 2892 προῃρη-

351 2920 532 2987 μένος,
573 2917 688 2971 ἀλλ’
729 2917 872 2970 οὕτω
906 2915 1144 2986 συμϐάν.
1173 2917 1244 2968 Σὺ
1272 2916 1370 2985 μὲν
1396 2916 1504 2984 γὰρ
1538 2915 1675 2984 πρὸς
1705 2915 1768 2966 τὸ
1794 2931 1924 2983 κερο

351 3012 552 3064 δαίνειν
622 3011 780 3080 μόνον
836 3007 1035 3078 ἐώρας,
1104 3007 1201 3059 καὶ
1255 3007 1402 3059 τοῦτ’
1479 3006 1612 3058 αὐτὸ
1661 3004 1922 3068 δανείζων

351 3104 626 3164 ἐσκόπεις,
690 3103 839 3160 ὅπως
869 3102 941 3154 τά
973 3101 1102 3153 ὄντα
1153 3098 1232 3167 τῷ
1275 3099 1473 3167 πένητι
1518 3098 1658 3164 πρὸς
1695 3097 1921 3149 σεαυτὸν

352 3199 724 3266 μεταστήσῃς,
749 3194 826 3264 τῷ
848 3194 956 3248 τῶν
979 3195 1152 3246 τόκων
1173 3193 1416 3262 ὀνόματι.
1452 3192 1514 3244 Ei
1545 3192 1600 3244 δὲ
1634 3191 1692 3244 τὸ
1714 3191 1921 3243 δάνειον

2027 2024 2081 2067 et
2108 2016 2405 2084 agricolam
2457 2016 2663 2070 dixeris
2705 2025 2905 2070 terram
2940 2016 3106 2080 alere,
3137 2015 3260 2083 quia
3309 2014 3439 2069 serit
3487 2016 3605 2069 fru-

2027 2116 2292 2170 mentum,
2328 2113 2386 2157 ut
2417 2107 2538 2175 plus
2566 2105 2827 2175 recipiat;
2877 2106 2958 2159 vel
3012 2105 3193 2173 potius
3237 2105 3603 2172 epulationem

2029 2200 2469 2271 authropophagi
2531 2203 2788 2262 vocabis.
2839 2203 3069 2267 opinor,
3121 2199 3553 2253 benevolentiam
3583 2238 3600 2260 .

2024 2292 2154 2358 quia
2206 2294 2343 2345 bene
2392 2305 2444 2346 et
2491 2295 2718 2362 pulchre
2770 2293 2985 2362 saginat
3027 2292 3302 2344 hominem
3339 2331 3353 2352 ,
3389 2303 3446 2343 ιιι
3477 2305 3602 2344 eum

2024 2383 2432 2451 pingnefactum
2467 2386 2713 2441 devoret.
2751 2384 2816 2438 Et
2863 2395 2918 2438 tu
2955 2384 3120 2452 igitur
3156 2383 3274 2446 das,
3314 2389 3372 2434 ut
3417 2379 3599 2435 fructu

2022 2491 2088 2528 es
2122 2475 2317 2528 alienis
2347 2477 2630 2531 laboribus
2660 2488 2934 2548 percepto,
2971 2475 3258 2542 pecuniam
3309 2483 3453 2526 tuam
3503 2488 3615 2528 cur

2023 2567 2220 2622 mutes.
2273 2566 2421 2620 Itane
2452 2583 2582 2623 vero
2617 2568 2934 2622 misericors
2964 2567 3057 2620 es?
3086 2567 3152 2620 Et
3182 2583 3287 2621 non
3337 2574 3389 2620 te
3428 2569 3598 2635 pudet

2022 2657 2103 2710 rei
2137 2655 2381 2710 omnium
2410 2657 2737 2724 turpissimae
2769 2657 3316 2729 sceleratissimteque
3341 2658 3600 2728 pulcher-

2021 2744 2224 2799 rituum
2260 2761 2455 2799 nomen
2492 2746 2808 2813 imponere?

2097 2834 2200 2890 Sed
2236 2836 2434 2890 multas
2459 2852 2486 2888 a
2520 2847 2833 2906 paupertate
2879 2837 3183 2905 vindicavi,
3230 2839 3424 2909 inquit.
3476 2838 3598 2900 Non

2023 2929 2153 2999 quia
2196 2938 2250 2983 ttt
2292 2930 2345 2982 id
2393 2929 2747 2993 deliberares,
2789 2931 2882 2985 sed
2929 2931 3005 2984 ita
3053 2933 3253 2988 evenit.
3315 2932 3394 2986 Tu
3446 2934 3596 2988 enim

2023 3021 2401 3076 tantummodo
2435 3022 2760 3090 compendia
2807 3031 2898 3077 tua
2948 3024 3245 3094 cogitabas,
3287 3026 3388 3078 hoc
3420 3025 3594 3093 ipsum

2023 3125 2272 3168 mutuum
2307 3113 2496 3167 dando
2520 3117 2829 3184 spectabas,
2865 3125 2922 3192 ut
2970 3119 3139 3170 mutui
3194 3118 3412 3171 nomine
3454 3117 3608 3171 bona-

2026 3207 2280 3274 paupcr-is
2312 3206 2463 3260 ad'te
2495 3209 2840 3261 transferres.
2867 3206 3019 3272 Quod
3053 3208 3098 3262 si
3131 3208 3220 3262 ille
3243 3219 3436 3262 mutuo
3461 3209 3598 3263 bene

345 3291 609 3367 γεωργῶν
643 3290 873 3352 ἐκεῖνος,
906 3287 1112 3339 καλλίω
1141 3285 1410 3355 πεποίηκε
1445 3285 1546 3355 τὴν
1587 3284 1915 3345 obstemus!

2025 3299 2288 3353 collocato
2329 3314 2441 3353 rem
2480 3314 2636 3353 suam
2670 3299 3062 3370 amplificavit,
3110 3308 3596 3368 paupertatemque

350 3384 446 3450 τὴν
478 3383 670 3434 πενίαν
693 3381 794 3449 τῆς
823 3380 1001 3442 οἰκίας
1030 3379 1307 3444 ἐξέϐαλεν,
1345 3381 1405 3432 ού
1440 3381 1530 3432 σὺν
1561 3378 1742 3448 ἔργον.
1775 3380 1832 3430 Εἰ
1861 3379 1918 3432 δὲ

344 3483 437 3535 καὶ
467 3481 623 3534 τοῦτο
669 3479 935 3548 δώσομεν,
961 3477 1030 3530 δι’
1053 3471 1127 3531 ὧν
1177 3477 1436 3547 ἔχρησας,
1476 3477 1537 3529 οὐ
1577 3474 1646 3527 δι’
1677 3469 1753 3529 ὧν
1783 3475 1918 3524 άπε-

346 3576 639 3644 στέρησας.
681 3575 795 3626 Νῦν
833 3574 890 3625 δὲ
941 3575 1073 3642 ἡμῖν
1113 3570 1335 3638 φεύγεις
1390 3568 1452 3622 οὐ
1502 3569 1612 3620 τῶν
1663 3569 1911 3630 δανείων,

342 3664 453 3717 οὐδ’
484 3665 565 3717 ὅτι
602 3665 675 3733 μὴ
705 3663 814 3715 τῶν
862 3663 1106 3732 ἀρχαίων
1149 3663 1414 3728 ἀπέστης,
1459 3657 1573 3712 ἀλλ’
1605 3659 1686 3711 ὅτι
1719 3658 1914 3720 τόκους

341 3757 758 3822 προσαπαιτεῖς.
819 3754 988 3815 Τοῦτο
1036 3753 1092 3804 δὲ
1143 3753 1243 3818 οὐχ
1293 3750 1588 3819 ὑπερόριον
1638 3749 1912 3816 ποιεῖτὴν

341 3848 554 3911 πενίαν,
593 3847 727 3899 ἀλλά
758 3848 1008 3912 κατάγει.
1042 3844 1165 3897 Οὐδ’
1201 3842 1425 3906 ἐξέϐαλέ
1458 3859 1512 3893 τι
1558 3840 1666 3892 τῶν
1697 3840 1806 3892 σῶν
1833 3841 1913 3901 είς

339 3942 428 3992 τὸν
461 3943 688 4009 πένητα,
719 3939 826 3993 τῶν
861 3940 1071 3992 ἐκείνου
1111 3937 1166 3989 δὲ
1217 3936 1316 3998 τὰς
1351 3935 1450 3996 σὰς
1504 3935 1768 4002 ἐνέπλησε
1801 3935 1912 4002 χεῖ-

342 4051 460 4102 ρας.
492 4035 600 4084 Καὶ
649 4033 728 4084 σοὶ
759 4033 858 4100 μὲν
889 4032 1072 4084 πλεῖον
1106 4029 1331 4098 ἐποίησε
1372 4027 1637 4095 ἀργύριον
1659 4042 1672 4056 ο
1711 4025 1910 4095 ἐκείνῳ

337 4125 395 4176 δὲ
421 4126 583 4190 κενὴν
618 4125 715 4192 τὴν
739 4122 944 4176 οίκίαν.
975 4122 1162 4174 Ταῦτα
1191 4120 1574 4191 φιλανθρωπία
1616 4117 1712 4170 καὶ
1742 4119 1910 4184 πενή-

337 4232 443 4267 των
480 4215 740 4284 πρόνοιας
799 4216 894 4266 καὶ
935 4212 988 4265 τί
1043 4211 1242 4264 κωλύει
1299 4211 1392 4264 καὶ
1445 4211 1516 4263 -τὸ
1565 4210 1909 4263 ἀποκτείνειν

340 4307 533 4368 σώζειν
564 4307 791 4371 οἴεσθαι,
825 4305 920 4359 καὶ
951 4305 1013 4357 τὸ
1039 4306 1363 4374 ἀποστερεῖν
1390 4292 1801 4375 χορηγεῖν,’καὶ
1847 4302 1909 4354 τὸ

334 4399 478 4470 λιμῷ
525 4399 732 4462 πιέζειν
785 4399 1028 4464 τρέφειν,
1061 4399 1151 4450 καὶ
1187 4396 1246 4449 τὸ
1279 4397 1494 4467 πληγάς
1525 4397 1787 4450 ἐκτείνειν
1816 4411 1908 4463 cpt-

333 4491 754 4557 λοφρονεῐσθαι;
791 4491 886 4542 καὶ
925 4489 1068 4543 οὕτω
1116 4489 1294 4542 πάντα
1351 4492 1724 4559 συγκυκήσεις
1769 4490 1908 4559 χρή-

337 4598 502 4649 ματα.
559 4580 737 4641 Γέλως
781 4579 956 4631 ταῦτα
1018 4580 1110 4630 καὶ
1157 4579 1345 4648 λῆρος,
1397 4579 1490 4632 καὶ
1521 4579 1673 4632 οὐδὲν
1728 4579 1902 4646 ὑγιές.

2021 3392 2180 3446 domo
2213 3406 2309 3442 sua
2348 3391 2529 3459 ejecit,
2562 3407 2664 3444 non
2696 3402 2846 3444 tuum
2897 3390 3000 3444 hoc
3049 3405 3185 3458 opus
3227 3403 3330 3444 est.
3362 3390 3517 3454 Quod
3545 3390 3594 3443 si

2020 3486 2185 3538 etiam
2235 3485 2417 3538 isthuc
2451 3483 2784 3546 dederimus,
2828 3491 2994 3544 certe,
3029 3489 3301 3548 quatenus
3346 3497 3596 3535 commo-

2018 3574 2180 3638 dasti,
2221 3588 2324 3626 non
2351 3579 2621 3639 quatenus
2648 3586 2768 3623 eum
2817 3568 3107 3631 fraudasti,
3133 3569 3406 3637 profuisti.
3437 3567 3594 3621 Nunc

2019 3681 2123 3716 nou
2163 3663 2445 3717 accusatis
2478 3677 2507 3713 a
2535 3661 2695 3714 nobis
2721 3659 2865 3728 quod
2893 3659 2989 3712 das
3023 3669 3292 3721 mutuum,
3322 3673 3420 3710 nec
3445 3658 3595 3725 quod.

2017 3766 2220 3809 sortem
2257 3753 2480 3822 repetis,
2530 3753 2622 3805 sed
2657 3751 2804 3820 quod
2858 3751 3080 3818 insuper
3119 3764 3342 3826 usuram
3393 3749 3589 3818 exigis.

2016 3848 2130 3901 Hoc
2171 3863 2277 3900 non
2321 3846 2569 3914 proﬂigat
2615 3854 3026 3913 paupertatem,
3061 3845 3152 3898 sed
3187 3844 3438 3909 inducit;
3491 3861 3590 3899 nec

2012 3939 2215 4008 aliquid
2252 3947 2470 3993 tuorum
2516 3939 2568 3990 in
2617 3950 2908 4004 pauperem
2949 3934 3183 3997 confert,
3214 3938 3306 3989 sed
3350 3936 3466 4003 ejus
3501 3953 3559 3989 re

2013 4033 2116 4087 bus
2153 4048 2346 4086 manus
2376 4042 2497 4085 tuas
2542 4031 2764 4097 implet;
2801 4044 2863 4082 ac
2916 4029 3010 4081 tibi
3042 4028 3263 4096 quidem
3298 4028 3584 4096 pecuniam

2013 4133 2322 4194 exaggerat,
2355 4125 2428 4177 illi
2464 4128 2684 4177 domum
2714 4121 2980 4175 exinanit.
3030 4119 3269 4174 anciue
3327 4121 3584 4172 humaui-

2013 4229 2095 4272 tas
2147 4226 2200 4269 et
2235 4233 2364 4269 cura
2400 4214 2743 4284 pauperum?
2779 4212 2843 4264 Et
2887 4212 3017 4276 quid
3062 4212 3244 4266 obstat
3276 4212 3405 4280 quin
3443 4212 3590 4263 oceir

2011 4312 2138 4364 dere
2172 4319 2389 4378 putetur
2427 4323 2648 4362 servare
2671 4345 2686 4370 ,
2729 4319 2780 4358 et
2809 4305 3156 4368 defraudare,
3193 4305 3540 4374 suppeditare
3567 4345 3583 4367 ,

2009 4411 2064 4454 et
2104 4381 2245 4454 fante
2271 4399 2540 4461 cruciare,
2572 4409 2826 4465 pascere,
2862 4407 2916 4448 et
2973 4395 3160 4464 plagas
3206 4395 3468 4458 incutere,
3503 4393 3586 4446 fa-

2008 4509 2138 4546 vore
2167 4491 2460 4561 prosequi?
2488 4491 2576 4544 Sic
2610 4504 2694 4542 res
2722 4501 2915 4542 omnes
2949 4486 3327 4556 pet-miscebis.
3367 4483 3590 4536 Ridicu-

2011 4585 2144 4648 lum,
2182 4601 2370 4654 nugaa,
2410 4584 2544 4638 nihil
2595 4585 2826 4652 simplex
2877 4583 2967 4635 hic
3011 4591 3064 4636 et
3121 4583 3417 4633 sincerum.
3472 4575 3586 4628 ltno

333 4672 552 4724 Μᾶλλον
606 4671 682 4734 δὲ,
730 4673 778 4723 εἰ
809 4671 984 4738 γέλως
1019 4667 1107 4739 ἦν,
1140 4670 1366 4723 ἀνεκτὸν
1411 4669 1476 4724 ἂν
1504 4665 1570 4740 ἦν
1598 4688 1610 4701 ·
1655 4669 1750 4723 νῦν
1772 4670 1828 4722 δὲ
1879 4671 1904 4721 ὁ

2019 4691 2138 4730 vero
2172 4676 2216 4730 si
2245 4675 2556 4739 ridiculum,
2589 4672 2851 4727 sustineri
2884 4679 3068 4739 posset
3100 4681 3115 4722 :
3157 4684 3303 4720 nunc
3341 4668 3588 4734 ploratus

333 4763 610 4831 κλαυθμὸς
654 4763 746 4814 καὶ
776 4765 803 4815 ὁ
840 4761 1082 4832 βρυγμὸς
1118 4762 1225 4816 τῶν
1259 4762 1486 4815 ὀδόντων
1540 4764 1569 4814 ὁ
1597 4761 1706 4814 τῶν
1729 4761 1906 4814 τόκων

333 4859 449 4907 ἐστὶ
475 4855 706 4920 καρπὸς,
754 4855 850 4907 καὶ
903 4855 966 4907 τὸ
998 4855 1134 4924 μετᾶ
1166 4855 1439 4922 δαιμόνων
1492 4856 1588 4908 καὶ
1619 4853 1811 4906 τούτου
1841 4853 1906 4922 δὴ

331 4947 426 4998 τοῦ
481 4946 772 5016 δοστυχοῦς
824 4945 1026 4999 κύκλου
1077 4947 1456 5016 κληρονομεῖν.
1524 4965 1542 4998 ι
1601 4946 1906 5018 Πορεύεσθε

331 5045 465 5111 γὰρ,
492 5042 684 5110 φησίν,
727 5038 822 5092 ἀπ’
853 5039 1012 5108 ἐμοῦ,
1049 5039 1098 5090 oi
1123 5039 1520 5109 κατηραμένοι.
1576 5040 1657 5101 είς
1700 5037 1762 5091 τὺ
1794 5037 1904 5110 πῦρ

328 5134 390 5186 τδ
427 5132 656 5184 αἰώνιον.
696 5151 713 5181 ι

414 5225 556 5276 Ἀλλ’
593 5223 745 5276 οὐδὲν
779 5223 914 5292 πρὸς
966 5239 1033 5291 με
1067 5221 1261 5284 ταῦτα,
1295 5224 1481 5290 φησιν,
1530 5221 1586 5284 ὃς
1635 5222 1903 5293 ἀργυρίου

331 5316 612 5382 μετέδωκα
655 5314 731 5383 τῷ
777 5315 990 5382 πένητι,
1029 5315 1124 5364 καὶ
1165 5313 1462 5382 τραπέζης,
1502 5315 1594 5366 καὶ
1632 5315 1901 5382 ἱματίων⁶

330 5409 450 5461 ἀλλ’
482 5409 543 5461 οὐ
579 5409 685 5459 τῶν
719 5407 958 5470 οἰκείων,
992 5405 1094 5468 ἓως
1122 5407 1310 5468 τόκους
1357 5407 1413 5457 αί
1447 5409 1628 5477 χεῖρες
1663 5407 1899 5476 ἔχουσιν.

340 5501 400 5552 Ὀ
430 5499 485 5551 δέ
519 5499 701 5568 νόμος,
731 5498 852 5550 Τῶν
881 5496 1099 5562 σαυτοῦ,
1131 5497 1283 5568 φησὶ,
1320 5497 1669 5567 μεταδώσεις,
1695 5497 1816 5551 οὐδὲ
1853 5500 1903 5550 εί

333 5593 429 5657 μὲν
465 5591 588 5652 τοὺς
618 5589 811 5651 τόκους
841 5590 1086 5651 ἅπαντας
1114 5593 1193 5651 είς
1216 5593 1342 5653 τοὺς
1373 5591 1613 5658 πένητας
1652 5591 1898 5661 ῥίπτεις·

282 5720 290 5726 .
328 5681 516 5732 ἔπειτα
550 5683 602 5734 τί
636 5683 730 5732 καὶ
777 5681 1108 5749 Accedo/eu;
1164 5683 1260 5734 καὶ
1306 5670 1396 5734 τδν
1434 5681 1528 5735 τοῦ
1569 5683 1703 5735 Θεοῦ
1752 5682 1900 5744 λύεις

327 5774 514 5838 νόμον,
551 5773 822 5842 τοσαύτην
867 5774 1072 5842 τόλμαν
1101 5774 1314 5844 τολμῶν
1345 5775 1468 5828 ὅθεν
1506 5779 1608 5830 οὐκ
1640 5777 1754 5832 ἔστι
1776 5793 1906 5842 κερ-

308 5865 527 5918 -δαίνειν
555 5865 724 5920 οὐδέν.
756 5867 817 5920 Ei
857 5866 902 5919 δ’
928 5859 1004 5922 ὧν
1035 5867 1331 5938 λαμϐάνεις
1369 5871 1576 5926 ἐλάττω
1623 5872 1780 5938 δίδως
1808 5876 1901 5928 καὶ

2012 4777 2066 4821 et
2097 4768 2303 4821 stridor
2333 4770 2579 4822 dentium
2617 4778 2909 4818 usurarum
2961 4760 3174 4813 fructus
3216 4767 3318 4818 est,
3358 4767 3410 4810 et
3457 4772 3585 4810 cum

2013 4862 2354 4920 dmtttonibus
2399 4869 2452 4912 et
2509 4860 2895 4911 damnatorum
2938 4853 3142 4907 infelici
3178 4853 3333 4905 turba
3379 4851 3586 4918 perpeti

2011 4951 2352 5005 atrocissima
2393 4951 2479 5003 Ait
2504 4948 2648 5001 enim
2686 4965 2699 5000 :
2743 4966 2760 4997 ι
2801 4945 3066 5016 Discedite
3090 4959 3119 4996 a
3147 4957 3257 5007 me,
3287 4941 3583 5000 maledicti,

2012 5042 2067 5095 in
2107 5043 2283 5110 ignem
2313 5052 2574 5094 :t-ter-uum
2602 5082 2616 5105 ,
2643 5040 2735 5108 qui
2795 5051 3020 5107 paratus
3045 5045 3127 5090 est
3159 5035 3374 5088 diabolo
3406 5043 3457 5086 et
3489 5050 3586 5085 an-

2013 5138 2148 5206 gelis
2178 5136 2320 5205 ejus.
2351 5155 2369 5187 ι

2083 5229 2228 5283 Nihil
2263 5231 2326 5282 ad
2381 5245 2468 5284 me
2499 5229 2622 5293 isra,
2669 5229 2742 5282 ait
2775 5227 3074 5290 fenerator,
3111 5225 3202 5294 qui
3245 5223 3460 5294 pauperi
3493 5237 3584 5275 ar-

2011 5331 2258 5392 gentum,
2298 5331 2352 5375 et
2403 5322 2604 5375 victum
2634 5361 2650 5388 ,
2682 5328 2737 5374 et
2768 5329 2945 5374 vestes
2980 5318 3342 5374 commodavi.
3375 5319 3438 5367 At
3471 5329 3578 5366 non

2009 5417 2075 5470 de
2113 5415 2369 5485 propriis,
2409 5415 2648 5484 quandiu
2699 5414 2754 5468 in
2814 5413 3068 5468 manibus
3120 5420 3199 5463 cst
3247 5421 3432 5462 usura.
3471 5404 3578 5459 Lex

2008 5516 2189 5561 autem
2215 5509 2369 5578 jubet
2394 5507 2460 5560 de
2498 5506 2614 5561 suis
2643 5505 3068 5560 communicare;
3101 5503 3152 5556 Si
3197 5511 3249 5554 tu
3287 5515 3413 5552 vero
3449 5513 3582 5550 usu-

2011 5613 2101 5651 ras
2133 5614 2326 5652 omnes
2367 5597 2424 5651 in
2470 5612 2737 5666 pauperes
2767 5595 3032 5657 etqudas,
3068 5593 3298 5660 primum
3334 5589 3574 5641 nomium

2011 5699 2102 5742 tua
2137 5689 2398 5757 prodigis.
2435 5688 2638 5742 Deinde
2667 5703 2764 5742 cur
2789 5685 3014 5753 accipis,
3055 5690 3314 5749 tantaque
3347 5679 3577 5735 audacia

2010 5779 2377 5849 suscipienda,
2409 5779 2551 5831 unde
2589 5778 2681 5831 tibi
2721 5775 2858 5830 nihil
2890 5774 3104 5844 prodes,
3143 5772 3232 5825 Dei
3259 5771 3426 5841 legem
3456 5771 3576 5824 vio-

2010 5873 2129 5931 las?
2159 5873 2310 5940 Quod
2339 5873 2383 5928 si
2419 5872 2601 5927 minus
2635 5870 2750 5937 das,
2778 5883 2941 5940 quam
2971 5866 3248 5938 accepisti,
3283 5881 3457 5936 neque
3480 5874 3576 5924 tua
