4036 6456
469 349 579 413 735

1647 394 1656 401 -
1738 371 2054 434 NICOLAI
2094 376 2494 445 CABASleE

3616 404 3715 469 736

475 460 601 529 das,
651 472 705 519 et
762 466 945 522 adhuc
997 469 1177 527 aliena
1228 474 1466 533 retinere
1516 479 1968 548 deprehenderis,
2013 500 2049 539 ei

476 564 631 584 σοι-ειη
673 557 912 584 ,ΒΑΛ-2--
948 577 999 584 --
1034 563 1099 584 ξε-
1145 582 1182 584 μ
1212 567 1225 584 ,-
1281 568 1293 584 ο
1460 572 1474 584 ι
1801 576 1813 584 .

2176 500 2315 565 πρός
2347 516 2413 568 γε
2458 502 2539 558 ἔτι
2570 504 2864 577 τάλλότρια
2912 509 3160 579 κατέχων
3184 509 3385 584 ἁλίσκῃ
3406 525 3423 544 ⁸
3469 514 3557 571 καὶ
3598 533 3708 569 τοσ-

476 564 632 611 tanto
672 557 912 614 deterior
943 577 1001 616 es
1034 563 1102 619 iis
1133 567 1227 635 qui
1281 568 1334 622 in
1388 572 1699 638 gehennam
1742 576 2054 643 mittantur,

473 657 682 715 quanto
710 650 1049 709 tolerabilius
1073 666 1159 712 est
1190 674 1292 714 nec
1323 660 1463 717 bene
1493 665 1753 735 cuipiam,
1786 682 1887 723 nec
1916 669 2056 724 male

473 737 679 798 facere.
713 754 875 807 quam
912 746 1259 804 malefacere.

546 826 652 881 Sed
679 828 786 893 lex,
817 830 1012 901 inquit,
1037 841 1315 893 communi
1343 842 1490 897 bono
1516 847 1866 920 adversatur;
1896 870 2060 926 opor-

470 928 547 974 tet
581 922 723 975 enim
764 923 817 977 in
869 915 1189 984 civitatibus
1235 934 1536 992 creditores
1577 954 1722 996 esse.
1758 915 2056 1014 Atqui‘su-

469 1010 624 1064 blato
669 1011 856 1068 fenore
889 1020 1022 1074 nulli
1068 1022 1178 1079 sint
1213 1040 1439 1081 necesse
1487 1036 1571 1083 est
1604 1030 1698 1099 qui
1754 1010 1886 1090 dent
1936 1053 2061 1092 mu-

468 1110 644 1158 tuum.
681 1106 826 1165 Deus
855 1112 1075 1180 quidem
1105 1117 1254 1186 quod
1287 1120 1597 1175 conducere
1652 1127 1904 1190 censuit,
1952 1130 2057 1187 hoc

466 1195 586 1265 lege
616 1202 973 1271 praescripsit.
1005 1205 1085 1260 Tu
1132 1207 1307 1277 legem
1355 1213 1636 1284 antiquas,
1674 1226 1731 1273 et
1775 1221 2054 1278 meliorem

466 1287 747 1347 ferendam
781 1303 960 1362 putas,
1003 1312 1168 1367 quam
1201 1299 1347 1357 Deus
1395 1306 1618 1376 tulerit,
1664 1321 1719 1365 et
1770 1317 2052 1370 communi

466 1566 642 1634 dium,
678 1569 900 1633 Solonis
929 1572 1077 1644 leges
1119 1577 1468 1649 abroganuas
1511 1587 1744 1644 suadere
1795 1591 2051 1647 institue-

466 1676 578 1726 res,
613 1664 955 1721 moriendum
983 1668 1077 1722 tibi
1109 1669 1271 1739 foret,
1298 1684 1592 1745 antequam
1618 1696 1806 1737 vocem
1835 1686 2051 1741 ederes:

465 1768 612 1808 nunc
644 1754 734 1810 Dei
769 1756 940 1826 legem
983 1776 1251 1820 accusans
1277 1806 1291 1826 ,
1323 1776 1381 1823 et
1412 1771 1632 1839 quidem
1681 1774 1898 1843 injuriae
1950 1793 2053 1848 pu-

2165 589 2309 661 ούτῳ
2334 591 2530 664 χείρων
2549 592 2725 658 sisi-3v
2752 601 2829 663 εἰς
2862 599 2960 670 τὴν
2982 602 3211 670 γέενναν
3233 605 3713 675 ἀποπεμπομένων,

2163 677 2291 731 ὅσον
2327 683 2708 753 ἀνεκτότερον,
2739 688 2801 741 τὸ
2834 690 2978 758 μήτε
3010 687 3071 745 εὖ
3106 693 3351 763 ποιῆσαι,
3382 696 3514 765 μήτε
3534 696 3709 760 κακῶς

2164 770 2258 823 τοῦ
2285 772 2482 840 δρᾶσαι
2513 776 2721 841 κακῶς.

2248 862 2389 915 Ἀλλ’
2417 865 2445 917 ὁ
2476 864 2640 933 νόμος
2672 866 2749 936 τῷ
2781 868 2951 940 κοινῷ
2975 869 3249 925 λυσιτελεῖ
3279 873 3522 943 πολεμεῖ,
3554 877 3709 945 φησί’

2162 952 2245 1007 δεῖ
2281 954 2389 1026 γάρ
2433 956 2493 1009 ἐν
2542 960 2664 1019 ταῖς
2714 959 2903 1015 πόλεσι
2951 964 3195 1033 χρήστας
3248 963 3410 1022 εἰναι.
3461 969 3639 1022 Τόκων
3664 969 3714 1021 δὲ

2163 1045 2595 1117 ἀναιρουμένων,
2622 1052 2841 1122 ἀνάγκη
2869 1052 3115 1124 χρήστας
3143 1058 3218 1128 μὴ
3252 1051 3414 1112 εῖναι.
3445 1059 3551 1112 Καὶ
3572 1062 3599 1113 ὁ
3624 1060 3714 1127 μὲν

2162 1136 2317 1202 Θεὸς,
2344 1141 2372 1193 ὃ
2391 1158 2443 1193 τι
2481 1145 2787 1215 συμφέρειν
2812 1147 3064 1217 ἐνόμισεν
3097 1149 3262 1220 ἔθηκε
3281 1168 3298 1185 ’
3328 1153 3393 1206 σὺ
3422 1153 3477 1206 δὲ
3504 1154 3715 1223 διαγρά-

2165 1246 2307 1296 φεις,
2344 1232 2439 1286 καὶ
2469 1232 2572 1288 οἴει
2616 1235 2681 1306 δὴ
2715 1235 2813 1290 τοῦ
2854 1236 2991 1292 Θεοῦ
3021 1240 3229 1297 καλλίω
3258 1244 3601 1312 νομοθετεῖν;
3633 1248 3717 1298 καὶ

2161 1319 2256 1371 τοῦ
2279 1321 2461 1376 κοινοῦ
2489 1323 2595 1376 τῶν
2629 1325 2935 1395 ἀνθρώπων
2964 1332 3315 1399 προνοεῖσθαι
3357 1333 3455 1402 μὲν
3495 1335 3717 1404 σοφώτε-

2164 1426 2278 1478 ρον,
2310 1406 2572 1478 κήδεσθαι
2601 1415 2658 1468 δὲ
2691 1418 3241 1492 φιλανθρωπότερονς
3273 1423 3383 1476 Καὶ
3414 1425 3462 1476 εἰ
3504 1425 3599 1495 μὲν
3630 1426 3721 1478 Σό-

2165 1497 2331 1561 λωνος
2355 1500 2387 1571 ἢ
2412 1502 2735 1573 Λυκούργου
2758 1508 2922 1577 νόμον
2939 1510 3117 1575 ἔλυες,
3135 1513 3404 1584 Ἀθήνῃσι
3432 1515 3717 1584 παρελθὼν,

2162 1591 2265 1645 κᾶν
2285 1593 2632 1663 ἀπέθνησκες
2656 1599 2786 1669 πρὶν
2808 1602 3029 1671 ἀφεῖναι
3056 1607 3245 1676 φωνήν
3270 1624 3283 1638 ο
3322 1609 3416 1661 νῦν
3443 1608 3497 1662 δὲ
3523 1609 3610 1661 τὸν
3634 1608 3718 1663 τοῦ

2161 1681 2298 1736 Θεοῦ
2328 1685 2491 1754 νόμον
2536 1691 2910 1760 γραφόμενος,
2949 1697 3045 1748 καὶ
3078 1696 3254 1751 ταῦτα
3307 1699 3580 1769 δημοσίων
3619 1701 3723 1754 ἀδι-

2162 1774 2448 1844 κημάτων,
2475 1778 2537 1832 οὐ
2560 1782 2863 1852 παράνοιαν
2884 1786 2990 1856 ἡγῇ
3022 1788 3120 1857 τὴν
3142 1788 3374 1858 τόλμαν,
3395 1791 3513 1845 οὐδὲ
3540 1791 3725 1860 μανίαν

467 1846 642 1911 Ιιίἰοαι,
671 1864 780 1904 nou
818 1852 960 1908 hanc
994 1857 1353 1914 temeritatem
1386 1871 1548 1930 putas
1596 1865 1895 1934 iniuriam;
1945 1846 2049 1924 non

2159 1867 2260 1936 τὴν
2290 1867 2550 1941 ἐσχάτην,
2582 1846 2704 1926 οὐδὲ
2738 1846 3022 1946 σκηπτοῦς
3055 1846 3410 1952 προσδοκᾷςς
3460 1846 3650 1953 μᾶλλον
3671 1883 3722 1936 δὲ

464 1942 763 1996 amentiam
794 1954 1117 2010 extremam.
1147 1964 1247 2004 nec
1278 1951 1484 2008 fulmen
1515 1960 1735 2014 metuis.
1752 1960 1895 2027 Quin
1933 1962 2049 2019 imo

465 2046 577 2085 non
612 2044 770 2090 erant
803 2037 962 2093 nobis
996 2041 1160 2096 verba
1200 2042 1443 2100 facienda
1476 2047 1545 2102 ad
1583 2058 1691 2104 tam
1725 2051 2053 2122 insipientes

463 2139 621 2193 aque
673 2143 738 2183 ac
787 2133 1129 2191 temerarios.
1161 2134 1238 2193 Ne
1275 2146 1457 2196 tamen
1501 2143 1890 2204 existimentur
1940 2153 2048 2206 ali-

466 2219 599 2287 quid
630 2220 814 2276 dicere
841 2233 894 2278 et
925 2227 1189 2294 quosdam
1237 2230 1290 2284 in
1331 2246 1573 2289 errorem
1611 2237 1905 2309 deducant,
1936 2259 2055 2299 om-

469 2313 624 2367 nium
663 2317 991 2373 saeculorum
1024 2324 1364 2391 respnblicas
1391 2326 1530 2384 bene
1567 2341 1897 2402 temperatas
1922 2354 2055 2393 con-

465 2403 786 2472 sideremus,
816 2409 870 2464 in
890 2412 1091 2481 quibus
1119 2412 1295 2495 fenori
1320 2423 1627 2477 exercendo
1655 2424 1811 2483 locus
1855 2431 2047 2488 nullus

465 2492 591 2551 fuit.

538 2587 803 2656 Primum,
837 2590 1047 2650 Hebraei
1090 2611 1206 2667 quo
1257 2598 1593 2661 iufeliciores
1632 2606 1877 2678 fuerunt,
1920 2615 2052 2685 quia

462 2678 637 2746 legem
691 2689 1038 2742 servarunt?
1098 2706 1281 2748 nonne
1319 2694 1669 2755 felicissimi?
1711 2719 1893 2759 nonne
1934 2714 2053 2763 tro-

471 2775 606 2842 paeis
654 2774 999 2835 ﬂoruerunt?
1048 2798 1230 2841 nonne
1293 2788 1539 2846 hostium
1581 2795 1837 2864 regiones
1884 2814 2053 2855 oecu-

462 2867 701 2934 parunt?
747 2866 847 2935 Qui
878 2887 1043 2940 porro
1071 2892 1219 2932 nunc
1251 2878 1600 2939 Palmstinam
1631 2887 1883 2945 habitant
1912 2891 2051 2947 Bar-

461 2956 603 3020 bari,
632 2968 687 3014 et
711 2978 844 3031 gens
877 2974 984 3018 tam
1020 2966 1280 3039 frequens
1309 2973 1632 3034 Latinorum
1660 3021 1675 3046 ,
1709 2990 1921 3039 tantum
1969 2986 2050 3041 le-

461 3063 583 3117 gem
617 3068 725 3107 non
761 3055 1071 3124 adorantes,
1105 3076 1292 3119 nonne
1328 3066 1473 3122 bene
1500 3070 1741 3130 habent?
1769 3075 1914 3134 Salis
1944 3095 2050 3134 no-

2159 1957 2264 2010 ἔδει
2291 1959 2393 2028 μὲν
2418 1962 2550 2031 ἡμῖν
2585 1964 2797 2029 οὐδενὸς
2820 1968 2920 2039 ἤδη
2952 1970 3112 2038 λόγου
3143 1973 3279 2043 πρὸς
3328 1975 3455 2037 τοὺς
3484 1977 3727 2044 ἀνοήτους

2155 2049 2404 2116 τούτους,
2443 2054 2541 2125 οὐχ
2588 2052 2750 2129 ἧττον
2785 2059 2817 2128 ἢ
2865 2061 3191 2132 τολμηρούς,
3234 2065 3323 2128 Ὠς
3363 2064 3429 2119 ἃν
3461 2066 3517 2119 δέ
3548 2066 3619 2137 μὴ
3646 2065 3723 2117 λέ-

2157 2157 2277 2208 γειν
2305 2159 2359 2195 τι
2380 2144 2683 2214 δοκοῦντες,
2717 2148 2895 2214 ἐνίους
2922 2150 3237 2217 ἐξαπατῶσι
3262 2193 3278 2219 ,
3326 2155 3613 2223 σκοπῶμεν
3633 2155 3720 2218 τὰς

2158 2235 2224 2288 ἐκ
2268 2236 2363 2289 τοῦ
2415 2239 2620 2302 παντὸς
2670 2240 2869 2305 αἰῶνος
2900 2246 3201 2310 πολιτείας,
3248 2248 3309 2302 αἲ
3351 2248 3530 2311 καλῶς
3559 2246 3725 2301 ἐπολὶ-

2155 2344 2382 2393 τευσαν,
2419 2323 2495 2385 ὧν
2534 2333 2694 2398 τόκος
2722 2330 2791 2407 ἦν
2820 2337 3081 2408 οὐδαμοῦ.

2225 2603 2337 2656 Καὶ
2378 2602 2599 2674 πρῶτον
2648 2602 2897 2676 Ἑϐραῖοι
2934 2607 2990 2661 τί
3020 2610 3206 2679 χεῖρον
3233 2608 3504 2681 ἔπραξαν,
3539 2611 3617 2664 ὅτι
3640 2608 3726 2663 τὸν

2154 2695 2321 2764 νόμον
2360 2695 2609 2762 ἔσωσανς
2660 2697 2722 2750 οὐ
2764 2698 2943 2763 πάντα
2992 2700 3291 2773 εὐτύχουν;
3345 2705 3406 2757 οὐ
3454 2702 3724 2776 τροπαίοις

2153 2787 2437 2858 ἧνθησανς
2485 2789 2546 2841 οὐ
2600 2789 2702 2860 τὴν
2744 2791 3024 2861 πολεμίων
3072 2793 3477 2864 ἐκαρπώσαντο
3504 2795 3638 2865 γῆνς
3675 2792 3722 2845 οἰ

2153 2876 2213 2930 δέ
2239 2879 2333 2932 νῦν
2360 2878 2728 2952 Παλαιστίνην
2760 2881 3042 2947 οἰκοῦντες
3076 2885 3375 2958 βάρϐαροι,
3410 2886 3647 2942 τοσαῦτα
3671 2885 3724 2938 δὲ

2152 2969 2284 3041 γένη
2333 2970 2604 3036 Λατίνων,
2634 2972 2698 3025 οὐ
2732 2974 2893 3041 μόνον
2927 2974 2987 3028 οὐ
3036 2975 3127 3028 τὸν
3159 2976 3336 3047 νόμον
3369 2972 3726 3044 προσκυνοῦνο

2152 3079 2245 3127 τες
2273 3062 2332 3116 εὖ
2377 3064 2713 3133 πράττουσις
2744 3064 2946 3130 Μόνοις
2972 3066 3030 3120 δὲ
3072 3069 3203 3137 ἡμῖν
3233 3069 3343 3123 οὐκ
3373 3065 3471 3123 οἵδ’
3499 3071 3525 3123 ὃ
3555 3085 3606 3121 τι
3636 3083 3730 3138 μα-
3831 3110 3834 3115 .

466 3142 550 3197 bis
597 3146 785 3201 nescio
835 3147 965 3218 quid
1009 3152 1442 3223 intelligentibus
1488 3165 1710 3232 sapiens
1745 3167 1849 3224 boc
1878 3186 2049 3241 genu

2156 3155 2335 3221 θοῦσι,
2360 3157 2422 3210 τὸ
2457 3157 2621 3225 σοφὸν
2649 3157 2808 3212 τοῦτο
2825 3159 2933 3213 τῶν
2951 3161 3308 3231 τοκογλύφων
3340 3164 3517 3232 γένος,
3546 3162 3727 3232 καινήν

463 3236 823 3301 creditorum,
853 3254 1051 3297 novam
1088 3250 1385 3313 quamdam
1420 3254 1733 3321 reipublicae
1763 3262 1996 3318 salutem
2031 3302 2048 3330 ,

460 3327 811 3397 iniquitatem
850 3334 1063 3390 scilicet
1093 3338 1321 3408 invenit,
1353 3352 1410 3399 et
1455 3348 1683 3404 student
1718 3361 2049 3425 persuadere

463 3420 814 3490 hominibus,
862 3443 985 3498 quae
1025 3435 1206 3502 primo
1259 3434 1470 3492 homini
1517 3420 1735 3510 primus
1781 3420 2051 3515 impostor

460 3520 1062 3586 persuasit,'mandatis
1113 3526 1206 3583 Dei
1252 3544 1407 3585 suam
1441 3536 1769 3591 sententiam
1823 3550 2050 3612 antepo-

461 3623 614 3673 nere,
641 3620 696 3664 et
732 3611 822 3666 illa
858 3616 1206 3687 negligenda,
1239 3624 1354 3679 suis
1383 3635 1564 3681 autem
1613 3629 2003 3688 adlimrendmn
2028 3675 2045 3701 ,

462 3706 522 3753 ut
549 3701 793 3757 omnium
814 3708 1083 3776 optimis;
1111 3721 1166 3766 et
1190 3714 1393 3770 violare
1424 3718 1587 3788 leges,
1626 3722 1759 3776 nihil
1786 3738 1906 3780 esse
1933 3727 2050 3796 pia-

460 3790 665 3853 culare.
689 3805 736 3849 et
779 3795 1005 3868 insuper
1033 3801 1085 3856 id
1121 3804 1476 3875 audentibus,
1511 3811 1661 3878 utile;
1694 3818 2049 3882 quemadmo-

460 3877 590 3933 dum
625 3892 898 3943 veterator
928 3889 1016 3946 iile
1048 3910 1063 3946 :
1104 3912 1122 3945 ι
1166 3893 1309 3958 Νοη.
1346 3898 1565 3969 inquit,
1620 3877 1797 3961 morte
1847 3916 2047 3965 morie-

460 3971 617 4032 mini,
651 3976 743 4029 sed
775 3978 930 4033 eritis
961 3982 1105 4036 sicut
1136 3984 1211 4037 dii
1237 3986 1280 4040 '.
1314 4005 1333 4036 ι
1364 3990 1446 4042 An
1483 4007 1591 4047 non
1631 3997 1765 4051 tales
1795 4010 1925 4054 sunt
1952 4003 2049 4056 lio-

459 4076 582 4115 rum
617 4067 824 4121 voces?
858 4066 923 4122 Et
959 4071 1074 4125 haec
1108 4077 1413 4132 sentientes
1450 4096 1557 4136 non
1586 4090 2043 4159 contremiscunt,

457 4167 560 4206 nec
592 4156 923 4212 erubescunt
952 4182 962 4212 :
997 4162 1089 4217 sed
1121 4163 1173 4217 in
1210 4168 1414 4235 quibus
1448 4170 1548 4240 ipsi
1596 4177 1917 4246 reipublicae
1948 4156 2043 4239 de;

459 4243 766 4300 trimentosi
792 4258 943 4313 sunt,
974 4261 1032 4306 et
1074 4269 1295 4327 propter
1338 4276 1458 4330 qua:
1513 4243 1718 4325 ultimis
1767 4275 2040 4335 mactandi

458 4346 645 4391 essent
670 4341 1030 4408 cruciatibus,
1058 4347 1254 4404 horum
1290 4352 1462 4423 legem
1491 4357 1731 4417 divinam
1756 4374 2040 4421 accusant.

459 4424 605 4481 Deus
634 4428 779 4484 enim
823 4441 1114 4506 utrumque
1147 4443 1446 4513 praecepit,
1495 4455 1550 4501 et
1585 4451 1885 4509 creditores
1921 4468 2043 4511 esse

457 4517 513 4571 in
544 4519 791 4586 urbibus,
833 4534 887 4579 et
924 4543 1116 4584 usuras
1162 4512 1355 4591 abesse
1384 4538 1454 4593 ab
1499 4541 1750 4599 urbibus.
1781 4546 1846 4599 Hi
1887 4563 2040 4617 vero,
2066 4512 2120 4573 Β

455 4606 584 4675 quia
628 4623 734 4664 non
786 4610 949 4670 liceat
993 4616 1248 4687 lenerari,
1296 4626 1419 4681 ideo
1458 4645 1560 4684 nec
1614 4642 1867 4690 mutuum
1904 4637 2043 4693 dan-

455 4695 585 4749 dum
622 4708 877 4767 putantes
911 4704 1014 4775 ipsi
1044 4712 1351 4771 creditores
1377 4732 1441 4770 ex
1476 4719 1708 4778 urbibus
1741 4725 1961 4792 tollunt,
1985 4736 2041 4784 et

453 4801 517 4842 ea
544 4788 611 4842 de
646 4806 703 4843 re
732 4792 900 4864 legem
945 4803 1375 4869 reprehendunt.

524 4880 851 4952 Quanquam
887 4889 934 4943 si
971 4902 1221 4953 mutuum
1258 4916 1367 4955 non
1400 4914 1618 4974 poterat
1669 4923 1864 4975 purum
1913 4927 2038 4972 esse

454 4969 522 5023 ab
553 4987 740 5035 usura,
765 4986 819 5029 et
845 4990 1038 5037 natura
1072 4987 1233 5042 aliter
1263 5005 1368 5046 non
1396 4969 1631 5061 sinebat,
1660 5000 1754 5053 sed
1788 5004 2039 5059 necessi-

454 5070 563 5116 tate
595 5068 905 5135 eveniebat,
950 5084 1007 5128 ut
1037 5081 1269 5135 sublatis
1298 5085 1483 5140 usuris
1512 5103 1690 5157 neque
1734 5093 2038 5152 creditores

450 5170 572 5209 esse
595 5172 838 5227 possent,
865 5181 1081 5236 :equum
1108 5182 1225 5227 erat
1251 5175 1465 5244 culpam
1492 5179 1731 5237 tribuere
1762 5185 1892 5255 legi,
1916 5204 2039 5248 quae

452 5261 560 5301 non
607 5254 879 5320 exegisset
924 5259 1294 5331 feneratores,
1356 5268 1666 5328 induxisset
1713 5285 1892 5333 autem
1945 5295 2040 5349 per

450 5351 566 5402 eos,
597 5356 734 5409 quos
765 5353 1078 5407 necessario
1107 5370 1217 5410 non
1248 5360 1535 5429 exegisset.
1581 5365 1737 5432 Quod
1776 5370 1820 5425 si
1872 5369 2025 5426 fene-

339 5449 349 5456 -
455 5431 611 5485 randi
646 5438 950 5494 necessitas
977 5444 1123 5497 nulla
1154 5460 1382 5515 prorsus
1404 5461 1509 5517 est,
1539 5471 1641 5511 nec
1665 5469 1861 5515 natura
1883 5462 2040 5532 quid-

454 5534 618 5587 quam
646 5535 791 5581 vetat
820 5533 994 5598 gratis
1030 5539 1405 5602 commodare.
1448 5557 1503 5599 ct
1530 5556 1801 5606 testantur
1833 5553 1887 5608 id
1917 5569 2040 5610 om-

2153 3264 2276 3302 τινα
2308 3250 2585 3320 σωτηρίαν
2616 3248 2712 3303 τοῦ
2743 3250 2949 3317 κοινοῦ,
2980 3252 3081 3324 τὴν
3114 3258 3482 3326 παρανομίαν
3530 3254 3729 3324 ἐξεῦρε,

2152 3345 2251 3396 καὶ
2281 3341 2510 3414 ζητοῦσι
2540 3343 2755 3399 πείθειν
2786 3344 3133 3418 ἀνθρώπους,
3177 3347 3214 3402 ἀ
3242 3349 3347 3404 τὸν
3387 3349 3603 3418 πρῶτον
3643 3346 3732 3401 άν-

2152 3434 2374 3505 θρωπον
2411 3437 2438 3489 ό
2468 3436 2688 3507 πρῶτος
2726 3437 2915 3491 ίπεισε
2951 3440 3330 3512 συκοφάντης.
3374 3463 3486 3499 των
3515 3440 3731 3497 ἐντολῶν

2151 3525 2248 3579 τοῦ
2274 3525 2413 3579 Θεοῦ
2448 3525 2548 3598 τὴν
2586 3527 2768 3582 αὐτῶν
2820 3528 3181 3584 ἀλλάττεσθαι
3209 3532 3476 3606 γνώμην,
3523 3531 3614 3586 καὶ
3643 3531 3732 3591 τὰς

2154 3615 2255 3686 μὲν
2287 3617 2571 3687 περιορᾷν,
2599 3616 2786 3681 αὐτοῖς
2812 3616 2870 3671 δέ
2895 3618 3289 3688 προστίθεσθαι
3324 3622 3456 3682 δεῖν,
3486 3622 3563 3684 ὡς
3586 3619 3645 3687 δὴ
3671 3617 3731 3669 τὰ

2153 3708 2409 3777 βέλτιστα
2464 3710 2685 3762 πάντων
2747 3711 3054 3778 εἰσάγουσι,
3113 3710 3234 3789 καὶ,
3268 3714 3336 3768 τὸ
3398 3713 3726 3786 παρανομεῖν

2149 3797 2274 3852 οὔτε
2316 3798 2489 3851 δεινὸν
2511 3799 2667 3853 οὐδὲν
2694 3795 2855 3865 εἶναι,
2905 3803 2999 3853 καὶ
3039 3803 3178 3871 πρός
3208 3818 3273 3869 γε
3308 3806 3427 3867 τοῖς
3461 3803 3724 3871 τολμῶσιν

2147 3891 2339 3959 ὄφελος
2355 3890 2518 3956 εἶναι,
2536 3892 2787 3959 καθάπερ
2809 3895 2837 3944 ὁ
2857 3894 3091 3962 πονηρὸς
3113 3895 3348 3960 ἐκεῖνος,
3378 3914 3397 3947 ι
3426 3896 3500 3950 Οὐ
3526 3894 3725 3962 θανάτῳ

2147 3982 2535 4044 ἀποθανεῖσθε,
2573 3982 2765 4053 φησὶν,
2793 3982 2909 4036 ἀλλ’
2942 3982 3151 4048 ἔσεσθε,
3186 3984 3263 4047 ὡς
3304 3985 3444 4040 θεοί.
3473 4004 3492 4037 ι
3532 3986 3602 4038 οὐ
3624 3998 3727 4036 zot-

2149 4076 2294 4132 οὖτα
2324 4076 2434 4145 γὰρ
2466 4075 2577 4127 τῶν
2607 4074 2818 4142 ἀνδρῶν
2859 4076 2925 4127 τά
2965 4077 3225 4146 ῥήματας
3287 4079 3388 4132 καὶ
3436 4078 3608 4131 ταῦτα
3654 4093 3726 4127 τι·

2147 4166 2355 4230 θέντες,
2391 4162 2515 4216 οὗτε
2547 4165 2891 4233 φρίττουσιν,
2926 4165 3051 4218 οὔτε
3083 4167 3463 4236 αἰσχύνονται,
3490 4168 3621 4221 ἀλλά
3641 4164 3727 4218 καὶ

2109 4262 2113 4266 ’
2146 4250 2221 4313 ὧν
2254 4256 2407 4311 αὐτοὶ
2426 4257 2504 4326 τῷ
2535 4256 2700 4327 κοινῷ
2729 4257 3108 4328 λυμαίνονται,
3139 4261 3232 4314 καὶ
3263 4261 3412 4332 ὑπὲρ
3444 4256 3520 4316 ὧν
3546 4261 3611 4316 ἂν
3638 4259 3726 4321 τὰς

2146 4349 2381 4419 ἐσχάτας
2417 4349 2607 4403 ἔδοσαν
2653 4350 2847 4412 δίκας,
2895 4352 3103 4404 τούτων
3155 4354 3452 4409 αἰτιῶνται
3500 4355 3593 4408 τὸν
3639 4349 3725 4405 τοῦ

2146 4439 2281 4495 Θεοῦ
2310 4442 2495 4510 νόμον.
2533 4441 2593 4495 ’0
2629 4443 2729 4510 μὲν
2763 4440 2872 4512 γὰρ
2903 4441 3073 4511 ἄμφω
3110 4444 3346 4509 κελεύει,
3375 4448 3470 4500 καὶ
3494 4445 3726 4517 χρήστας

2146 4535 2204 4585 ἐν
2237 4534 2357 4595 ταῖς
2405 4532 2625 4585 πόλεσιν
2663 4528 2826 4596 εἶναι,
2871 4534 2967 4587 καὶ
3012 4533 3205 4600 τόκους
3255 4538 3511 4592 ἀπεῖναι.
3563 4538 3623 4590 Οἱ
3653 4534 3725 4597 δέ,

2142 4620 2221 4688 τῷ
2257 4621 2333 4692 μὴ
2377 4621 2617 4686 τοκίζειν
2648 4623 2875 4688 ἐξεῖναι,
2921 4622 3058 4693 μηδὲ
3101 4624 3378 4717 δανείζειν
3427 4627 3724 4694 ἀξιοῦντες,

2141 4714 2296 4768 αὑτοί
2343 4715 2445 4783 μὲν
2502 4713 2789 4783 ἀναιροῦσι
2848 4715 3025 4784 δήπου
3088 4716 3147 4768 τὸ
3199 4713 3455 4788 χρήστας
3509 4718 3568 4772 ἐν
3615 4718 3728 4777 ταῖς

2140 4806 2366 4859 πόλεσιν
2405 4799 2579 4870 εἶναι,
2607 4804 2686 4874 τῷ
2716 4806 2867 4876 νόμῳ
2896 4805 2951 4859 δὲ
2982 4806 3043 4860 τὸ
3074 4809 3310 4879 πρᾶγμα
3351 4810 3683 4882 μέμφονται.

2209 4896 2426 4961 Καίτοι,
2463 4898 2511 4951 εἰ
2556 4896 2657 4964 μὲν
2683 4897 2785 4951 οὐκ
2812 4896 2943 4965 ἐξῆν
2998 4897 3238 4968 καθαρὸν
3271 4894 3423 4954 εἶναι
3466 4901 3643 4954 τόκων
3669 4894 3726 4948 τὸ

2140 4991 2374 5055 δάνειον,
2408 4991 2505 5043 καὶ
2534 4991 2566 5060 ή
2596 4989 2758 5057 φύσις
2805 4990 2983 5053 ἄλλως
3030 4992 3093 5044 οὐ
3144 4992 3475 5063 συνεχώρει,
3530 4990 3643 5044 ἀλλ’
3672 4986 3726 5051 ἐξ

2141 5085 2393 5151 ἀνάγκης
2423 5083 2664 5151 ἀπήντα,
2697 5083 2876 5136 τόκων
2910 5084 3353 5154 ἀναιρουμένων,
3388 5085 3532 5156 μηδέ
3560 5085 3727 5138 δανει-

2141 5177 2275 5240 στὰς
2304 5171 2447 5232 εἶναι
2477 5174 2761 5240 δύνασθαι,
2804 5174 2909 5229 κᾶν
2947 5178 3095 5241 εἰκὸς
3123 5173 3191 5249 ἦν
3231 5177 3334 5248 τὴν
3363 5179 3551 5233 αἰτίαν
3580 5179 3726 5244 ἄγειν

2140 5274 2232 5326 ἐπὶ
2260 5271 2350 5325 τὸν
2380 5273 2565 5341 νόμον,
2613 5271 2671 5334 ὃς
2702 5271 2804 5324 οὐκ
2831 5270 3079 5341 ἀπήλασε
3123 5273 3220 5341 μὲν
3256 5272 3578 5337 δανειστὰς,
3621 5270 3727 5324 εἰσ-

2141 5367 2340 5437 ήνεγκε
2369 5365 2427 5420 δὲ
2458 5365 2526 5419 δι’
2553 5359 2629 5419 ὧν
2652 5367 2713 5430 ἐξ
2735 5365 2980 5435 ἀνάγκης
3012 5366 3320 5436 ἀπήλασεν.
3344 5367 3410 5419 Εἰ
3439 5365 3486 5420 δ’
3514 5364 3722 5431 ἀνάγκη

2139 5460 2239 5530 μὲν
2264 5458 2503 5523 τοκίζειν
2527 5458 2638 5512 οὐδ’
2671 5456 2914 5527 ἡτισοῦν,
2946 5458 2981 5528 ἦ
3008 5474 3068 5513 τε
3101 5458 3262 5529 φύσις
3293 5459 3455 5512 οὐδὲν
3485 5457 3723 5512 ἐκώλυσε

2138 5554 2341 5623 προῖκα
2361 5551 2759 5620 γενέσθαι,’καὶ
2789 5549 3167 5623 μαρτυροῦσιν
3187 5551 3478 5623 ἅνθρωποι
3504 5552 3723 5612 πάντες,

455 5626 554 5667 nes
589 5619 868 5686 mortales,
910 5625 1005 5695 qui
1046 5637 1193 5686 tuam
1233 5638 1560 5696 sententiam
1592 5644 1946 5717 despiciunt;
1979 5659 2037 5706 tu

2152 5619 2310 5720 ι’ίτὴν
2343 5648 2443 5719 σὴν
2474 5619 3038 5718 ἀτιμάζουσιψῆφον,
3078 5648 3144 5703 σὺ
3175 5648 3231 5704 δὲ
3253 5619 3491 5722 γνώμης
3517 5647 3722 5721 μοχθη-

532 5795 551 5825 ⁷
593 5795 731 5852 Gen.
770 5814 852 5870 ill,
891 5804 942 5874 4,
970 5806 1021 5867 5.
