4036 6442
370 441 479 503 737

1406 446 1691 505 ORATIO
1736 445 2044 505 CONTRA
2089 416 2676 505 FENERATURES.

3535 448 3675 513 738‘

368 553 463 629 piq.
492 557 718 629 κέρδους
749 557 918 629 χωρἰς
944 559 1005 612 ού
1034 559 1237 630 χρῆσαι
1258 560 1468 632 τολμᾷς
1490 576 1504 592 ο
1529 562 1583 613 τί
1616 564 1716 631 τὴν
1747 562 1947 631 προαί-

2059 568 2233 612 autem
2264 560 2535 627 pravitate
2583 560 2751 613 animi
2794 560 3010 630 absque
3040 575 3133 631 spe
3165 561 3301 616 lucri
3335 576 3444 618 non
3471 566 3643 619 audes

370 666 520 719 ρεσιν
549 650 710 718 ἀφεὶς
745 651 846 719 τῆς
890 651 1091 715 αἰτίας,
1123 646 1198 705 ὧν
1234 652 1342 704 ἔδει
1375 656 1564 705 κακῶν
1595 654 1813 718 σαυτὸν,
1846 654 1941 706 τὸν

365 742 532 809 νόμον
552 740 854 809 ,ἐγκαλεῖς
888 742 983 795 καὶ
1009 742 1286 811 δημοσίων
1316 742 1675 814 ἀδικημάτων
1706 744 1949 807 διώκεις,
1988 798 1997 808 ,

368 827 444 884 ὧν
474 831 637 891 αὐτὸς
661 832 837 893 αῐτιος
868 827 956 894 εἷς
995 832 1058 884 Εἰ
1095 831 1196 901 μὲν
1232 833 1342 902 γὰρ
1374 832 1587 904 ἄμαχόν
1627 852 1748 887 τινα
1775 834 1955 886 κεκώ-

368 922 500 977 λυκε
532 924 781 994 χρήστην
808 918 950 976 εἷναι
981 923 1078 977 καὶ
1110 926 1248 994 πρδς
1280 926 1556 989 τοιούτους
1589 927 1780 992 λόγους
1804 923 1950 997 εἶχεν

371 1016 698 1084 ἀναχωρεῖν,
733 1013 855 1067 ὅθεν
887 1014 953 1067 ἂν
988 1015 1255 1078 ἐδείκνυς,
1284 1018 1382 1087 οὐχ
1413 1017 1554 1071 ἑκὼν
1585 1018 1952 1087 ἁμαρτάνεις,

370 1088 603 1167 εἰκότως
654 1104 722 1157 ἂν
784 1105 1055 1176 παρῃτοῦ,
1117 1107 1433 1175 μετατιθεὶς
1465 1109 1572 1161 ἀπὸ
1617 1108 1817 1192 σαυτοῦ
1854 1108 1952 1179 τὴν

373 1194 581 1265 μέμψιν
607 1196 868 1266 ἑτέρωσε.
905 1196 1020 1249 Νῦν
1048 1198 1105 1250 δὲ
1129 1198 1225 1268 τὴν
1259 1199 1584 1269 προαίρεσιν
1616 1200 1950 1270 προίσχόμε·

370 1303 482 1351 νος,
515 1288 610 1340 καὶ
635 1287 694 1340 τὸ
730 1288 867 1352 πρὸς
894 1287 1086 1356 κέρδος
1112 1290 1383 1353 δανείζειν
1411 1290 1701 1359 βούλεσθαι
1734 1293 1856 1360 μὲν,
1886 1296 1948 1346 οὐ

375 1376 777 1447 συγχωρεῖσθαι
805 1378 864 1430 δὲ
898 1379 1094 1447 κομιδῆ
1129 1380 1360 1447 γελοῖον,
1394 1382 1441 1434 εί
1476 1382 1717 1450 νομίζεις
1748 1383 1949 1435 ἀπολο-

368 1465 606 1531 γεῖσθαι,
642 1466 711 1518 τὰ
736 1468 905 1537 ὲγκλή
917 1486 1066 1536 ματα
1092 1469 1233 1522 λύων
1261 1472 1444 1535 αὐτοῖς
1476 1472 1587 1534 τοῖς
1613 1471 1781 1541 ὲγκλή
1792 1491 1947 1541 μασι,

373 1560 467 1613 καὶ
502 1559 640 1628 ὑπὲρ
668 1551 729 1612 οὗ
752 1559 922 1631 διώκῃ
953 1560 1048 1614 τοῦ
1091 1560 1284 1633 γνώμῃ
1322 1561 1560 1633 πονηρὸς
1593 1559 1756 1629 εἶναι,
1800 1564 1949 1617 τοῦθ’

374 1652 511 1719 ἡμῖν
544 1652 660 1703 ἀντ’
690 1650 857 1720 ἄλλης
887 1638 1186 1720 ἀπολογίας
1234 1654 1661 1725 προϐάλλεσθαι.
1683 1656 1787 1709 -Οὐ
1818 1657 1948 1726 γὰρ.

374 1743 457 1794 ὅτι
484 1742 754 1806 δανείζειν
788 1743 865 1812 μὴ
890 1743 1144 1803 δύνασαι,
1189 1744 1370 1812 λέγειν
1403 1745 1573 1815 ἔχεις,
1606 1745 1724 1797 ἀλλ’
1759 1745 1842 1798 ὅτι
1876 1745 1951 1815 μὴ

375 1836 558 1903 βούλει
596 1837 756 1889 τόκου
788 1837 979 1906 χωρίς.
1019 1837 1178 1892 Οὕτω
1205 1839 1261 1891 δὲ
1305 1839 1525 1906 καὶδδν
1575 1839 1763 1907 μοιχὸν
1794 1838 1948 1907 ὲροῦ-

2053 649 2182 704 dare
2218 661 2469 705 mutuum
2506 668 2522 716 ;
2564 650 2695 717 quid
2726 652 3058 705 voluntatem
3105 662 3248 707 tuam
3278 654 3510 709 crimine
3545 670 3645 708 ao—

2054 739 2248 802 solvis,
2283 748 2340 794 et
2367 755 2606 808 quorum
2640 747 2694 794 te
2739 740 2917 808 ipsum
2951 740 3212 805 debebas,
3243 757 3434 797 eorum
3472 743 3642 810 legem

2055 844 2307 895 accusas,
2337 829 2799 899 publicorumque
2828 831 3098 886 malorum
3122 834 3378 898 arcessis,
3405 849 3642 903 quorum

2058 930 2110 974 tu
2148 921 2263 989 ipse
2296 935 2424 975 reus
2455 920 2554 974 es?
2580 920 2635 972 Si
2660 922 2804 973 enim
2836 920 3041 990 aliquid
3076 921 3494 991 inexliugttabile
3518 938 3651 989 pro-
3694 968 3703 975 .

2055 1012 2267 1065 biberet
2320 1012 2652 1067 creditorem
2697 1026 2842 1076 esse,
2876 1020 2930 1066 et
2970 1028 3035 1067 eo
3080 1028 3271 1083 posses
3321 1014 3643 1083 contingere,

2057 1106 2199 1158 unde
2232 1105 2557 1160 ostenderes
2606 1114 2654 1159 te
2699 1120 2808 1160 non
2840 1105 3109 1159 volentem
3153 1121 3403 1174 peccare,
3438 1108 3640 1161 merito

2054 1196 2272 1250 veniam
2309 1196 2659 1264 impetrares,
2696 1205 2749 1249 ct
2784 1197 3271 1264 reprehensionem
3311 1197 3643 1253 amoiireria.

2054 1284 2212 1340 Nunc
2241 1286 2583 1341 voluntatem
2628 1297 2954 1355 praJtexcns,
2986 1298 3040 1341 et
3084 1290 3292 1357 absque
3324 1288 3477 1344 lucro
3507 1290 3644 1343 vt-lte

2057 1386 2108 1431 te
2135 1377 2357 1445 quidem
2388 1377 2521 1432 dare
2552 1387 2806 1431 mutuum
2832 1377 3123 1446 proﬁtens,
3161 1394 3268 1433 non
3307 1387 3491 1433 autem
3526 1394 3648 1448 per-

2055 1469 2219 1534 mitti,
2272 1484 2387 1523 rem
2436 1464 2727 1524 ridiculam
2776 1471 3072 1524 admodum
3111 1470 3269 1533 facis,
3321 1472 3367 1526 si
3414 1472 3645 1527 crimina

2054 1558 2378 1614 criminibus
2417 1562 2620 1614 tuendo
2658 1570 2706 1615 te
2734 1560 3081 1627 defendis,et
3118 1563 3169 1615 in
3200 1576 3308 1631 quo
3333 1563 3644 1626 accusaris,

2054 1651 2200 1719 quod
2233 1652 2421 1706 animo
2453 1651 2531 1707 sis
2559 1653 2834 1721 improbo,
2867 1652 2918 1707 id
2962 1653 3122 1709 nobis
3154 1669 3250 1723 pro
3286 1654 3648 1724 responsione

2054 1740 2218 1809 objici
2270 1755 2431 1810 posse
2465 1723 2773 1796 existimas.
2804 1740 2923 1796 Non
2962 1742 3109 1796 enim
3149 1751 3305 1811 potes
3343 1723 3550 1809 dicere,
3590 1751 3645 1796 te

2056 1848 2162 1885 non
2199 1847 2361 1900 posse
2393 1831 2523 1885 dare
2556 1842 2830 1897 mutuum,
2857 1832 2953 1886 sed
2986 1847 3090 1887 non
3126 1818 3262 1886 velle
3319 1833 3527 1904 absque
3563 1834 3646 1887 fe—

377 1945 498 1997 μεν,
561 1930 778 1983 καὶτὸν
817 1929 1178 1998 ἀνδροφόνον,
1223 1932 1306 1984 ὅτι
1362 1932 1576 2001 πονηρᾷ
1629 1929 1824 2003 γνώμῃ
1883 1930 1951 1983 τὰ

2059 1936 2216 1974 nore.
2255 1919 2345 1975 Sic
2380 1936 2545 1992 porro
2583 1933 2635 1976 et
2677 1924 2983 1977 adulterum
3013 1931 3066 1976 ct
3096 1922 3424 1979 homicidam
3457 1924 3645 1995 appel-

372 2019 598 2073 τοιαῦτα
634 2019 899 2089 τολμῶσι,
948 2025 1043 2072 καὶ
1075 2022 1306 2089 οὐδεμία
1344 2022 1680 2093 παραίτησις
1704 2060 1719 2086 ,
1773 2023 1834 2074 τὸ
1875 2022 1952 2093 μὴ

374 2112 727 2184 προῃρῆσθαι
760 2114 1019 2181 γενέσθαι
1050 2116 1311 2184 χρηστόν.

448 2286 657 2351 Ἀλλως
683 2305 744 2341 τε
779 2290 827 2341 εί
877 2288 978 2357 μὲν
1016 2289 1125 2343 τῶν
1180 2290 1595 2359 ἐπαινουμένων
1643 2293 1672 2343 ὁ
1721 2291 1899 2354 τόκος,
1925 2291 1953 2343 ό

374 2378 474 2447 μὲν
503 2379 669 2448 νόμος
716 2381 774 2432 ὲν
824 2381 1048 2446 αἰτίαις,
1104 2381 1441 2436 ἐκϐάλλωνὸ
1477 2382 1687 2435 τιθέναι
1744 2382 1950 2451 ἐχρῆν*

376 2470 534 2538 σοὶ,δ’
561 2471 661 2524 οὐκ
700 2472 765 2527 ἄν
794 2489 879 2533 τις
923 2474 1260 2545 ὲπιτιμήσαι
1307 2475 1683 2544 περιεχομένῳ
1712 2472 1952 2543 χρηστοῦ

373 2563 719 2632 πράγματος.
748 2565 809 2617 Ei
834 2565 878 2618 δ’
902 2566 1271 2637 ἀπάνθρωπόν
1297 2585 1350 2620 τι
1382 2568 1475 2620 κα)⁵
1500 2583 1635 2636 πονη
1646 2566 1757 2634 ρδν,
1778 2568 1805 2619 ὸ
1828 2568 1952 2635 μὲν,
1980 2642 1985 2649 .

374 2654 485 2707 τῶν
514 2656 758 2725 αἰσχρῶν
789 2659 1048 2723 ἀπάγων,
1081 2658 1184 2711 κᾶν
1226 2659 1505 2712 ἐπαινοῖτο
1529 2674 1541 2686 ·
1577 2661 1641 2712 σὺ
1674 2658 1718 2711 δ’
1746 2658 1954 2711 ἐκεῖθεν

374 2746 467 2799 ἐπ’
488 2746 615 2800 ἄλλο
645 2748 857 2819 τρέχων
880 2750 1073 2813 κακὸν,
1096 2751 1189 2803 καὶ
1215 2750 1388 2803 κακοῦ
1425 2750 1591 2804 κακον
1617 2749 1955 2820 ἀλλαττόμε-

374 2856 485 2903 νος,
523 2838 619 2892 τοῦ
652 2842 894 2906 τοκίζειν
938 2842 999 2895 τὸ
1050 2842 1126 2913 μὴ
1175 2842 1477 2909 δανείζειν,
1533 2844 1690 2912 δῆλος
1742 2845 1955 2898 οἴκοθεν

375 2930 468 2981 καὶ
518 2930 672 3000 παρά
728 2930 929 2984 σαυτοῦ
984 2933 1111 3003 γίνῃ
1169 2936 1407 3004 πονηρὸς
1465 2933 1562 2989 ὢν.
1612 2936 1674 2988 Εἰ
1705 2936 1835 3006 γὰρ,
1871 2936 1953 2990 ὅτι

374 3021 543 3074 τῶνδε
593 3022 702 3076 τῶν
736 3024 925 3077 κακῶν
973 3026 1377 3096 ἀποκρουσθεὶς
1412 3026 1501 3078 ἐπ’
1529 3026 1667 3080 ἄλλα
1705 3044 1954 3098 μεταχωο

375 3115 516 3182 ρεῖς,
552 3112 646 3166 τὸν
682 3109 1095 3187 ἰκκεκρουκότα
1147 3118 1260 3169 τῶν
1314 3118 1599 3188 προτέρων
1636 3119 1791 3189 αἰτιᾷ
1844 3119 1956 3173 τῶν

373 3206 666 3277 δευτέρων,
699 3209 923 3261 κάκεῖνο
948 3208 1015 3279 δὴ
1060 3210 1462 3280 συγχωρήσεις,
1511 3211 1606 3280 τῆς
1643 3211 1949 3265 λωποδύτω
1981 3247 2024 3305 c

374 3302 472 3352 καὶ
519 3302 858 3372 τοιχωρύχου
892 3304 1231 3373 φαυλότητος
1278 3305 1406 3366 τοὺς
1451 3305 1654 3375 νόμους
1693 3306 1952 3376 κληρονο-

377 3393 526 3460 μεῖν,
568 3392 620 3445 ei
660 3393 912 3463 φανερῶς
948 3394 1148 3456 αὐτοὺς
1198 3395 1300 3447 οὐκ
1339 3396 1538 3460 ἐῶντες
1589 3396 1955 3465 ἐμφορεῖσθαι

372 3481 484 3534 τῶν
528 3481 845 3553 ἀλλοτρίων,
898 3486 991 3537 ἐπὶ
1035 3485 1136 3553 τὴν
1189 3486 1514 3554 νυκτερινὴν
1565 3486 1954 3541 συνελαύνουσι

376 3575 665 3644 πονηρίαν.
694 3577 803 3629 Καὶ⁸
828 3574 1026 3649 λῃσταὶ
1059 3577 1169 3647 γὰρ
1208 3577 1309 3630 οὐκ
1339 3576 1405 3631 ἂν
1437 3577 1534 3647 τὴν
1570 3580 1828 3648 ἐσχατιὰν
1858 3579 1956 3632 καὶ

375 3667 444 3719 τὰ
476 3666 576 3738 ὅρη
631 3667 1025 3736 κατειληφότες
1080 3669 1191 3730 τοῖς
1229 3669 1523 3739 παριοῦσιν
1570 3669 1769 3740 ἒθηξαν
1798 3669 1952 3739 ξίφη,

376 3758 493 3823 εἴγε
525 3758 655 3828 ἐξῆν
683 3761 870 3824 αὐτοῖς
897 3760 998 3822 τάς
1039 3759 1227 3823 πόλεις
1271 3760 1486 3814 οἰκοῦσι
1519 3762 1614 3815 καὶ
1650 3764 1719 3833 τῇ
1759 3761 1955 3833 γνώμη

377 3851 702 3919 χρωμένοις,
751 3853 1099 3921 κρείττουσιν
1134 3848 1276 3905 εἶναι
1321 3853 1694 3922 δικαστηρίων
1724 3856 1822 3907 καὶ
1865 3855 1956 3907 νό-

382 3959 520 4009 μων.
553 3941 656 3995 Τὸν
690 3941 806 3994 ἴσον
850 3944 1052 4014 τρόπον
1103 3944 1200 3998 καὶ.
1247 3943 1637 4014 τυμϐωρύχοις
1679 3944 1732 3998 τί
1761 3945 1956 4008 νυκτδς
2005 3993 2011 3998 .

378 4031 483 4084 ἔδει
510 4033 605 4085 καὶ
630 4033 730 4102 τῆς
763 4035 904 4086 κατά
935 4034 1235 4103 οἰχομένων
1270 4033 1492 4103 μανίας,
1520 4035 1569 4086 εί
1596 4034 1721 4098 τοὺς
1746 4033 1956 4099 ζῶντας

378 4127 406 4175 ό
437 4127 598 4194 νόμος
632 4126 849 4195 ἡμέρας
877 4125 1047 4178 ἐδίδου
1072 4126 1404 4196 πολιορκεῖν,
1433 4127 1530 4179 καὶ
1559 4126 1836 4195 περιδύειν
1865 4125 1960 4192 οὓς

378 4217 691 4285 ἠϐούλοντο,
729 4211 895 4287 μηδὲν
926 4215 1236 4280 δεδοικότας
1264 4232 1281 4283 ;
1311 4218 1421 4272 Καὶ
1475 4218 1611 4279 ὅλως
1647 4219 1835 4271 οὐδένα
1894 4218 1961 4271 ἂν

379 4311 559 4381 εὕροις
582 4312 690 4364 τῶν
717 4310 958 4379 ὀλέθρων
988 4311 1195 4365 τούτων
1225 4314 1319 4364 καὶ
1349 4312 1621 4381 πονηρῶν.
1653 4311 1709 4372 ὃς
1751 4312 1812 4364 ού
1856 4312 1962 4365 τῶν

382 4404 476 4473 μὲν
493 4403 772 4472 ἀνετράπη
791 4404 857 4472 τῇ
881 4402 987 4455 τῶν
1000 4401 1334 4472 παρανόμων
1360 4402 1592 4473 ἀνάγκη,
1617 4405 1727 4464 τοῖς
1746 4402 1803 4454 δὲ
1820 4402 1964 4469 γνώ-

381 4510 459 4568 μῃ
478 4494 865 4565 προσεχώρησε
885 4512 993 4547 των
1018 4494 1201 4547 κακῶν
1220 4492 1313 4565 [an
1337 4492 1594 4564 καλῶνη.
1610 4494 1652 4545 Τ
1658 4493 1673 4543 ί
1689 4486 1783 4546 οῦν
1806 4509 1821 4558 ;
1841 4494 1965 4557 τοὺς

2056 2012 2314 2078 labimus,
2352 2016 2613 2083 quoniam
2652 2031 2907 2084 perversa
2944 2017 3226 2071 voluntate
3253 2017 3383 2071 talia
3414 2032 3521 2073 non
3557 2034 3646 2073 re-

2057 2103 2377 2171 formidant,
2402 2116 2458 2160 et
2515 2107 2814 2177 quominus
2847 2108 3024 2163 bonus
3053 2123 3176 2165 esse
3210 2110 3360 2177 velit,
3390 2112 3642 2166 excusari

2055 2213 2218 2251 nemo
2251 2206 2448 2267 potest.

2128 2290 2350 2357 Adhaec,
2390 2290 2665 2361 siquidem
2717 2293 2865 2347 laudi
2924 2293 3103 2349 danda
3157 2305 3304 2353 esset
3356 2294 3644 2363 feneratio,

2056 2379 2110 2434 in
2154 2381 2619 2450 vituperationem
2647 2386 2865 2438 caderet
2898 2384 3002 2449 lex,
3037 2400 3179 2455 quin,
3213 2385 3360 2456 quod
3419 2390 3643 2444 sancire

2058 2473 2367 2541 oportebat,
2409 2474 2461 2528 id
2500 2474 2752 2543 rejiceret
2775 2491 2789 2528 :
2812 2490 2877 2530 ac
2905 2483 2957 2529 te
2987 2491 3098 2530 rem
3128 2493 3233 2530 non
3268 2477 3466 2532 malam
3488 2494 3646 2535 com-

2057 2563 2379 2632 plectentem
2407 2565 2548 2619 haud
2580 2546 2869 2635 qttisquam
2918 2566 2970 2619 in
3010 2568 3142 2621 vitio
3176 2577 3423 2636 poneret.
3457 2568 3513 2623 Si
3538 2588 3642 2624 au-

2059 2667 2164 2710 tem
2192 2657 2449 2726 quiddam
2501 2657 2571 2712 ab
2598 2659 2947 2714 humanitate
2976 2659 3216 2714 alienum
3247 2669 3413 2731 atque
3439 2662 3644 2731 impro-

2056 2748 2188 2803 bum
2217 2758 2322 2812 est,
2354 2749 2446 2817 qui
2481 2763 2508 2801 a
2536 2749 2786 2815 turpibus
2819 2757 2872 2804 te
2920 2749 3165 2810 abducit,
3220 2752 3436 2806 laudem
3501 2752 3645 2807 ferat

2056 2838 2246 2892 etiam.
2279 2838 2554 2893 Caeterum
2600 2848 2653 2893 tu
2689 2841 2816 2895 inde
2839 2840 2905 2894 ad
2936 2840 3086 2896 aliud
3124 2840 3338 2898 facinus
3387 2859 3640 2909 currens,

2060 2929 2376 2999 malumque
2412 2932 2557 2985 malo
2592 2942 2956 2992 commutans.
2997 2931 3231 2988 feuerari
3280 2935 3491 2989 scilicet
3516 2950 3642 2990 cum

2058 3034 2126 3075 eo
2199 3021 2343 3090 quod
2409 3030 2495 3076 est
2553 3037 2663 3076 non
2718 3022 2851 3080 dare
2911 3032 3207 3092 mutuum,
3260 3041 3289 3079 a
3353 3026 3645 3096 temetipso

2058 3121 2261 3181 apertae
2291 3114 2548 3181 nequitiae
2589 3115 2936 3183 ccargueris.
2985 3114 3121 3170 Nam
3153 3116 3222 3180 si,
3248 3117 3394 3186 quod
3429 3120 3497 3171 ab
3521 3117 3644 3173 istis

2060 3204 2364 3261 sceleribus
2390 3206 2651 3274 depulsus
2679 3220 2762 3268 es,
2790 3205 2857 3261 ad
2887 3206 2994 3261 alia
3017 3207 3248 3274 transis,
3278 3209 3495 3278 quique.
3520 3218 3572 3262 te
3604 3224 3636 3263 a

2058 3296 2339 3367 prioribus
2363 3297 2635 3360 cohibuit,
2682 3311 2810 3352 eum
2874 3305 2935 3352 ut
2997 3313 3221 3352 causam
3273 3299 3637 3369 posteriomtu

2057 3403 2309 3450 accusas,
2345 3387 2511 3442 etiam
2544 3387 2676 3442 illud
2703 3389 2999 3452 concedes,
3035 3389 3428 3459 improbitatis.
3484 3407 3642 3460 gras-

2058 3492 2330 3546 satorum,
2360 3489 2413 3535 et
2440 3480 2881 3534 eﬂ‘t-actariorutn
2905 3479 3053 3548 leges
3094 3494 3319 3533 causam
3345 3495 3488 3544 88:8,
3521 3496 3644 3548 quae

2056 3573 2185 3626 dum
2221 3571 2400 3641 palam
2431 3572 2631 3627 alienis
2675 3570 3033 3625 facultatibus
3062 3571 3226 3625 ditari
3271 3585 3383 3624 non
3414 3573 3636 3639 patiun-

2059 3671 2170 3728 tur,
2197 3664 2263 3719 ad
2290 3672 2620 3719 nocturnam
2652 3666 2976 3734 pravitatem
3016 3679 3114 3717 eos
3145 3664 3497 3734 compellant.
3523 3663 3633 3718 Ne-

2059 3769 2169 3823 que
2206 3753 2351 3807 enim
2393 3752 2647 3809 latrones
2688 3753 3081 3809 solitudinibus
3137 3764 3193 3807 et
3248 3754 3528 3807 tuentibus
3582 3770 3643 3807 se

2059 3843 2377 3908 credentes,
2413 3843 2656 3912 gladium
2695 3843 2749 3897 in
2782 3845 3021 3903 viatores
3046 3845 3403 3911 stringerent,
3435 3845 3479 3898 si
3510 3846 3644 3911 ipsis

2061 3937 2226 3991 urbes
2254 3935 2655 3998 habitantibus,
2683 3945 2734 3988 et
2778 3934 3063 4004 cupiditati
3090 3935 3522 4005 iudulgentibus,
3547 3935 3643 4006 ju-

2059 4033 2206 4088 dicia
2234 4043 2287 4086 et
2317 4033 2496 4099 legum
2525 4031 2651 4101 jura
2676 4031 2871 4085 liceret
2920 4040 3300 4085 contemnere.
3347 4028 3640 4084 Consimili

2064 4123 2225 4178 modo
2254 4122 2520 4192 parietum
2549 4122 2958 4193 pcrfossoribus
2975 4121 3106 4192 quid
3129 4129 3290 4176 nocte
3319 4135 3458 4191 opus
3495 4132 3643 4186 erat,

2064 4225 2116 4269 et
2156 4217 2366 4270 insania
2391 4215 2681 4269 adversum
2718 4226 2995 4281 mortuos,
3022 4216 3070 4271 si
3131 4216 3282 4270 vivos
3330 4230 3429 4285 per
3486 4216 3634 4270 diem

2064 4306 2339 4371 obsidere,
2380 4317 2435 4360 et
2460 4321 2602 4374 quos
2632 4305 2827 4360 liberet
2857 4308 2974 4360 suis
3009 4307 3174 4361 rebus
3234 4306 3375 4359 citra
3428 4316 3636 4360 metum

2070 4411 2278 4452 exuere
2301 4411 2365 4451 ac
2388 4395 2624 4466 spoliare
2656 4394 2738 4450 lex
2770 4395 3153 4466 permitteret?
3181 4394 3245 4471 Et
3296 4395 3455 4466 plane
3511 4395 3639 4449 nul-

2068 4487 2177 4540 lum
2209 4485 2651 4556 perniciosorum
2694 4500 2759 4540 ac
2789 4486 3182 4541 sceleratorum
3227 4486 3498 4549 invenias,
3543 4486 3641 4553 qui

379 4589 478 4655 μὲν
505 4587 736 4656 ἀφῶμεν
779 4589 959 4649 αἰτίας
980 4625 996 4653 ,
1024 4586 1154 4648 τοὺς
1187 4589 1386 4655 νόμους
1426 4585 1481 4637 δὲ
1510 4584 1778 4637 τάκείνων
1811 4601 1951 4654 μεμ-

2070 4591 2176 4630 non
2206 4576 2322 4644 lege
2344 4583 2598 4637 coactus,
2644 4574 2713 4627 ab
2775 4574 2884 4629 illis
2950 4574 3231 4628 maleﬁciis
3285 4573 3642 4639 abstinuerit,

376 4676 649 4747 ψώμεθα;
683 4676 777 4730 καὶ
810 4677 937 4740 τοὺς
969 4677 1068 4746 μὲν
1096 4677 1283 4731 κακῶν
1324 4677 1558 4740 ἀπαθεῖς
1584 4674 1766 4745 ἐῶμεν
1797 4692 1958 4744 περι-

381 4772 613 4832 νοστεῖν,
650 4770 909 4831 δικαστὰς
940 4768 996 4821 δὲ
1044 4768 1140 4821 καὶ
1187 4770 1384 4837 νόμους
1418 4772 1513 4819 καί
1547 4767 1720 4829 δίκας,
1768 4766 1862 4818 καὶ⁴
1894 4766 1961 4818 τὰ

380 4862 637 4932 βέλτιστα
667 4864 733 4931 δὴ
764 4861 875 4913 τῶν
902 4863 961 4915 ὲν
989 4859 1317 4931 ἀνθρώποις,
1352 4858 1425 4921 ὡς
1467 4860 1575 4928 ἀγη
1606 4858 1715 4911 τῶν
1752 4858 1961 4912 πόλεων

381 4951 764 5020 ἁπελάσομενς
811 4953 869 5004 Ei
898 4952 955 5004 δὲ
982 4950 1143 5004 τοῦτο
1192 4950 1293 5020 μὲν
1337 4948 1449 5003 οὐδ’
1489 4948 1556 5003 ἂν
1589 4951 1780 5019 μανεὶς
1817 4954 1960 5003 εἴποι

377 5060 497 5107 et,"
527 5045 619 5112 ὅγε
669 5045 781 5099 οὐδ’
821 5045 1004 5106 αὐτοῖς
1041 5042 1292 5113 ἀρέσειεν
1334 5041 1422 5104 ἂν,
1472 5038 1647 5110 οἶμαι,
1694 5044 1806 5104 τοῖς
1851 5044 1961 5095 τῶν

378 5135 567 5188 κακῶν
599 5135 921 5205 τολμηταίς.
974 5132 1116 5186 Ἀλλ’
1162 5134 1213 5184 οἱ
1270 5132 1370 5202 μὲν
1421 5134 1575 5201 νόμοι
1604 5134 1717 5193 τοῖς
1748 5131 1961 5203 ἀνθρώ-

383 5241 505 5287 ποις
556 5226 747 5277 κακῶν
795 5224 1030 5278 ἀναίτιοι
1072 5221 1380 5289 πανταχοῦ
1419 5220 1469 5275 οἳ
1517 5223 1564 5275 δ’
1594 5223 1671 5277 ῶν
1698 5224 1959 5295 ἁμαρτά-

380 5334 563 5369 νουσιν
587 5317 993 5371 ἀπολαύσουσιν
1020 5314 1056 5369 ἃ
1089 5314 1361 5383 προσῆκε,
1388 5315 1482 5367 καὶ
1505 5313 1605 5376 τὴν
1629 5315 1958 5384 γιγνομένην

378 5410 613 5462 δώσουσι
648 5409 839 5479 δίκην
879 5410 932 5461 τί
964 5408 1028 5461 σὺ
1068 5408 1268 5461 σαυτὸν
1299 5406 1598 5475 ἀπολογίας
1624 5409 1959 5478 ἐξαιρεῖσθαι

378 5499 646 5571 νομίζεις,
680 5496 755 5554 ὢν
787 5501 963 5565 οὐδεὶς
1001 5499 1260 5555 ἀπώνατο
1292 5502 1564 5570 πονηρός;
1609 5498 1733 5552 οὔτε
1780 5501 1959 5551 τοίνυν

377 5594 610 5658 τοκίζων
655 5594 895 5664 ἐκφεύξῃ
930 5593 1029 5664 τὴν
1081 5593 1259 5665 δίκην,
1312 5592 1435 5646 οὔτε
1487 5592 1563 5662 τῷ
1611 5593 1687 5662 μὴ
1718 5590 1956 5655 τοκίζειν

380 5687 583 5750 ἐξεῖναι
621 5686 683 5737 τὸ
714 5686 986 5747 δανείζειν
1026 5686 1383 5755 ἀρνούμενος,
1418 5680 1510 5739 καὶ
1534 5689 1633 5757 τὴν
1669 5686 1958 5739 κοινωνίαν
2001 5729 2009 5740 .

379 5778 643 5844 ἀναιρῶν,
693 5777 727 5849 ἢ
781 5778 1067 5847 συνῴκησε
1115 5779 1176 5830 τὸ
1210 5781 1387 5845 γένος,
1425 5779 1517 5830 καὶ
1566 5780 1778 5848 ἥμερον
1811 5780 1958 5828 ποιεί

378 5867 471 5917 τὸν
498 5865 803 5936 ἄνθρωπον,
834 5866 931 5919 καὶ
960 5865 1133 5936 ταύτῃ
1162 5867 1222 5918 τὸ
1268 5869 1449 5919 κοινὸν
1486 5867 1706 5929 ἀδικῶν,
1749 5864 1951 5919 ἀπολο-

2062 4670 2130 4723 ad
2159 4668 2273 4722 htec
2304 4675 2487 4722 autem
2520 4676 2717 4735 sponte
2746 4679 2811 4718 ac
2849 4666 3035 4719 volens
3061 4680 3358 4733 aggressus
3375 4666 3468 4719 sit.
3494 4667 3637 4732 Quot

2060 4774 2191 4828 ergo
2217 4757 2241 4810 ?
2276 4758 2473 4813 illosne
2500 4767 2559 4810 ut
2584 4757 2830 4810 insontes
2860 4755 3226 4819 dimittcmus,
3255 4754 3307 4808 in
3345 4757 3492 4826 leges
3544 4771 3639 4810 Vc-

2062 4863 2123 4901 ro
2155 4848 2222 4901 ab
2256 4847 2365 4901 illis
2406 4845 2617 4899 nefarie
2643 4845 3070 4899 commissorum
3124 4843 3343 4914 culpam
3389 4845 3640 4900 confere-

2064 4937 2227 4993 mus?
2256 4938 2318 4991 Et
2351 4938 2473 4991 illos
2501 4936 2719 5006 quidem
2769 4951 3055 5007 poenarum
3118 4937 3395 4992 immunes
3448 4935 3641 5007 vagari

2061 5032 2231 5087 libere
2283 5028 2557 5095 sinemus,
2584 5027 2806 5099 jutlices
2843 5036 3050 5093 autem,
3080 5041 3136 5083 et
3187 5031 3352 5100 leges,
3387 5037 3441 5082 et
3489 5029 3639 5100 jura,

2059 5124 2264 5192 quibus
2293 5120 2432 5175 nihil
2459 5130 2545 5177 est
2573 5121 2628 5175 in
2664 5120 2954 5176 hominum
2986 5121 3097 5174 vita
3125 5122 3452 5187 salutarius,
3508 5132 3633 5175 tan-

2059 5228 2223 5284 quam
2258 5212 2475 5283 piacula
2510 5228 2539 5267 e
2567 5212 2889 5267 civitatibus
2944 5212 3328 5282 expellemus?
3385 5210 3540 5276 Quod
3589 5211 3637 5265 si

2062 5307 2165 5360 hoc
2203 5321 2308 5360 nec
2336 5313 2515 5359 mente
2538 5315 2731 5374 Captus
2758 5304 2983 5369 dixerit,
3012 5292 3019 5295 ’
3047 5320 3150 5359 nec
3196 5305 3449 5373 ipsismet
3508 5304 3636 5357 talia

2061 5398 2644 5464 audcntibus,crt:do,
2700 5397 3008 5468 placuerit;
3071 5401 3167 5452 sed
3231 5397 3378 5465 leges
3432 5396 3638 5465 ubique

2060 5493 2304 5561 gentium
2364 5492 2681 5547 hominibus
2733 5491 3001 5547 scelerate
3060 5490 3254 5560 agendi
3308 5505 3473 5544 causa
3526 5502 3633 5541 non

2060 5592 2212 5650 sunt,
2252 5594 2308 5639 et
2333 5583 2427 5653 qui
2484 5595 2735 5652 peccant,
2792 5583 3010 5653 prtrmia
3067 5581 3335 5649 condigna
3395 5580 3640 5633 referunt

2059 5692 2113 5732 et
2135 5675 2423 5732 conflatam
2455 5675 2557 5731 sibi
2584 5691 2799 5745 ptBitattl
2826 5676 3002 5739 luunt,
3034 5690 3128 5727 cur
3158 5684 3213 5727 tu
3240 5672 3507 5739 ejusmodi
3542 5675 3630 5727 dc-

2060 5770 2310 5825 fcusione
2338 5767 2631 5822 innoxium
2668 5778 2717 5820 te
2753 5766 2870 5819 fore
2899 5765 3151 5827 conﬁdis,
3206 5780 3327 5834 quae
3357 5765 3490 5818 nulli
3528 5764 3634 5817 im-

2062 5864 2234 5934 probo
2268 5878 2509 5934 unquam
2540 5859 2791 5933 profuit?
2816 5858 3002 5926 Neque
3051 5859 3217 5929 igitur
3250 5858 3316 5912 ad
3362 5858 3519 5918 [cutis
3549 5857 3636 5909 fa-
