4036 6452
460 444 467 449 ’
556 431 664 495 739

1820 437 2130 499 NICOLAI
2168 439 2556 501 CABASILB

3675 452 3764 516 'llll

548 542 808 597 ciendum
834 542 1165 600 incumbens
1216 543 1550 614 supplicium
1609 547 1876 617 eﬂiigies:
1953 564 2118 619 neque

2238 553 2363 619 γίαν
2420 554 2571 617 εξεις
2624 554 2715 607 τὸν
2765 558 2949 625 νόμον,
2987 557 3101 610 ἀλλ’
3147 558 3403 629 ὁπότερον
3456 554 3764 631 ἁμαρτάνεις.

550 647 771 703 propter
800 635 1159 690 interdictum
1191 637 1350 693 fenus
1385 640 1609 695 credere
1654 643 1940 710 pecuniam
1974 657 2131 697 recu-

548 741 698 788 sans.
727 737 780 782 et
807 729 1248 785 communionem
1304 730 1580 801 dissipans
1632 736 1776 803 (qua:
1826 749 1997 802 genus
2033 736 2139 788 hu-

2240 644 2638 715 ἀπανθρωπίας
2665 648 2887 719 ἁλίσκῃ.
2927 648 3017 719 Τῷ
3055 653 3165 721 γὰρ
3209 651 3284 721 μὴ
3330 652 3499 719 φιλεῖν
3537 654 3621 707 τὸν
3655 658 3765 722 ogui-

2243 734 2430 803 φυλον,
2461 739 2555 792 καὶ
2584 739 2742 793 τοῦτο
2771 741 2996 797 κάκεῖνο
3026 742 3201 812 δήπου
3231 743 3455 814 τολμᾷς.
3560 792 3570 801 .

547 833 768 873 manum
792 824 1143 892 congregavit
1167 863 1183 887 ,
1217 834 1273 879 et
1304 824 1557 880 homines
1584 828 1650 880 ad
1675 828 1892 881 civilem
1922 826 2134 881 cultum
2173 827 2444 900 deduxit),
2476 841 2643 900 atque
2685 832 2760 887 ita
2798 835 3110 904 reipublicae
3177 836 3435 917 damnum
3497 836 3768 907 injungens,

545 911 815 982 perleges
845 917 984 971 tueri
1008 926 1061 971 te
1087 917 1313 987 poteris,
1368 934 1555 974 verum
1592 925 1866 979 utrumvis
1906 924 2245 993 peccaveris,
2274 926 2691 983 inhumanitatis
2730 930 3092 1010 convipcerls.
3156 912 3291 985 Nam
3349 932 3474 1003 quia
3497 933 3767 1000 proximum

546 1021 654 1060 non
680 1022 855 1074 amas,
909 1021 964 1065 et
989 1011 1092 1066 hoc
1118 1021 1173 1066 et
1197 1012 1328 1068 illud
1359 1016 1551 1071 audes.

616 1102 684 1156 Et
717 1105 848 1173 quid
878 1105 1019 1160 labis
1057 1107 1238 1171 habet,
1272 1109 1469 1179 inquit,
1500 1115 1544 1165 si
1580 1128 1608 1166 a
1644 1127 1884 1182 paupere
1912 1112 2071 1174 nihil,
2101 1126 2135 1167 ι

2307 1112 2419 1166 Καὶ
2451 1113 2506 1167 τί
2535 1113 2729 1179 δεινὸν,
2767 1116 2957 1185 φησιν,
2984 1116 3053 1169 ἂν
3085 1116 3319 1185 πένητος
3359 1116 3457 1187 μέν
3482 1115 3624 1168 οὐδὲν
3658 1115 3769 1176 ἀξέ-

543 1190 717 1246 divite
751 1204 930 1249 autem
976 1197 1132 1250 fenus
1155 1197 1465 1266 exigamus?
1482 1198 1713 1255 Multum
1738 1202 2000 1271 proiecto.
2022 1202 2118 1256 Hoc

2233 1203 2437 1274 λωμεν,
2472 1204 2754 1268 πλουσίοις
2791 1206 2847 1260 δὲ
2888 1208 3052 1261 τόκου
3096 1198 3324 1279 χρήσιος
3364 1208 3507 1260 Πάνυ
3540 1208 3631 1274 μὲν
3670 1201 3767 1259 οῦν.

542 1285 688 1339 enim
739 1297 823 1340 est
852 1297 1042 1341 contra
1082 1289 1225 1357 leges
1265 1306 1447 1358 agere,
1485 1294 1770 1362 pecuniam
1826 1296 2139 1349 commoda-

542 1385 652 1429 tam
672 1391 794 1431 cum
823 1378 1071 1433 auctario
1095 1382 1358 1449 recipere.
1391 1381 1689 1452 Pauperem
1744 1400 1879 1438 vero
1912 1385 2137 1455 elidere,

540 1466 685 1522 fame
715 1484 984 1537 premere,
1026 1474 1270 1529 vestibus
1321 1476 1581 1542 spoliare,
1610 1477 1713 1533 hoc
1760 1477 1871 1547 jam
1911 1495 2016 1533 non
2049 1478 2130 1533 fc-

540 1578 664 1625 nus,
698 1564 790 1616 sed
843 1566 1065 1633 gravius
1122 1568 1396 1630 quoddam
1432 1570 1610 1623 scelus
1637 1581 1759 1625 est:
1790 1574 2128 1640 quandoqui-

538 1653 662 1705 dem
683 1662 735 1706 et
756 1654 904 1707 fures
926 1656 1252 1724 delinquunt
1278 1658 1555 1713 crudelius
1582 1659 1626 1713 si
1655 1672 1898 1729 egentem
1926 1661 2129 1728 spolia-

538 1744 799 1805 veriut,et
830 1745 1001 1799 multo
1029 1747 1285 1815 amplius,
1324 1750 1369 1801 si
1420 1749 1523 1817 ipsi
1565 1752 1771 1819 capiosi
1804 1751 2027 1817 fuerint;
2072 1760 2127 1807 et

2235 1294 2411 1347 Τοῦτο
2435 1296 2545 1365 γάρ
2570 1297 2686 1349 ἐστι
2722 1296 2782 1349 τὸ
2815 1301 3176 1369 παρανομεῖν,
3207 1300 3269 1351 τὸ
3291 1298 3593 1369 χρήσαντας
3621 1295 3768 1367 ἀργύ-

2243 1404 2380 1457 ριον,
2414 1388 2554 1456 μετὰ
2610 1390 2934 1459 προσθήκης
2985 1391 3320 1445 ἀπολαϐεῖν*
3363 1392 3425 1443 τὸ
3463 1391 3507 1444 δ’
3557 1388 3770 1454 ἀπάγξαι

2237 1479 2467 1548 πένητα,
2504 1478 2565 1532 τὸ
2599 1479 2742 1550 λιμῷ
2798 1482 3006 1545 πιέσαι,
3052 1482 3109 1536 τὸ
3163 1483 3489 1553 περιδῦσαι,
3525 1480 3660 1534 τοῦτ’
3685 1479 3771 1549 ήδη

2232 1566 2393 1630 τόκος
2433 1568 2615 1622 οὐκέτ’
2638 1569 2809 1632 ἔστιν,
2855 1570 2991 1623 ἀλλά
3022 1588 3074 1623 τι
3112 1572 3300 1645 μεῖξον
3333 1570 3530 1624 κακόν⁶
3556 1567 3671 1621 ἐπεὶ
3694 1570 3772 1620 καὶ

2231 1660 2590 1729 τοιχωρύχοις
2629 1662 2691 1714 τδ
2718 1662 2974 1732 ἔγκλημα
3002 1664 3203 1733 χεῖρον,
3236 1662 3303 1716 ἂν
3331 1661 3500 1732 πένης
3518 1662 3546 1714 6
3573 1659 3773 1727 σεσυλη-

2237 1748 2397 1816 μένος
2426 1747 2484 1821 ᾖ,
2512 1751 2608 1804 καὶ
2637 1752 2775 1806 πολὺ
2812 1753 3015 1822 μᾶλλον
3066 1755 3180 1820 εῖγε
3226 1753 3583 1813 πλουτοῦντες
3606 1750 3773 1817 ἔτυχον

540 1836 884 1891 scelestiores
903 1838 1127 1906 insuper
1162 1850 1473 1903 censentur,
1497 1841 1565 1898 si.
1603 1857 1631 1895 a
1677 1844 1880 1912 quibus
1916 1842 2118 1897 benefi-

2230 1840 2403 1894 αὐτοί.
2431 1844 2539 1894 Καὶ
2572 1842 2653 1895 ἔτι
2686 1845 3025 1915 μιαρώτεροι
3062 1844 3160 1898 καὶ
3184 1846 3434 1911 κακίους,
3465 1846 3513 1897 εί
3551 1841 3640 1896 καὶ
3662 1840 3773 1907 παρ’

539 1926 623 1981 cia
649 1937 999 1996 acceperunt,
1031 1931 1083 1983 in
1107 1944 1201 1986 cos
1230 1931 1380 2000 ipsos
1404 1931 1637 1986 malefici
1666 1934 2126 1988 exstiterint.-Ve-

539 2033 660 2071 rum
695 2021 842 2073 enim
880 2036 1009 2075 vero
1070 2022 1274 2076 leviora
1326 2023 1553 2076 crimina
1591 2039 1816 2093 propter
1875 2027 2123 2095 graviora

534 2113 717 2180 pmnis
740 2128 847 2166 non
880 2115 1162 2169 carebunt.
1203 2114 1342 2171 Cum
1384 2116 1549 2186 igitur
1600 2121 1686 2172 lex
1718 2120 1770 2171 in
1811 2119 1900 2172 illa
1940 2120 2121 2172 vindi-

536 2210 648 2264 cet.
681 2204 799 2258 sinc
824 2203 1168 2261 dubitatione
1196 2207 1311 2263 haec
1339 2208 1596 2265 infestius
1629 2211 1765 2273 odit,
1793 2221 1847 2264 et
1877 2212 2125 2268 severius

539 2298 759 2351 multat.
791 2296 925 2351 Nam
957 2299 1003 2353 si
1037 2298 1089 2352 in
1115 2315 1442 2370 quacunque
1460 2302 1725 2368 pravitate
1761 2302 1886 2356 aliis
1917 2302 2121 2357 tolera-

538 2386 727 2451 bilius,
762 2388 884 2442 aliis
920 2389 1240 2445 sceleratius
1264 2392 1636 2460 peccantibus,
1670 2391 1766 2444 hos
1791 2402 1999 2447 tantum
2030 2394 2125 2449 de-

540 2480 840 2549 prehensos
878 2481 1094 2548 puniret
1123 2482 1420 2555 lcgislator,
1454 2484 1730 2538 videretur
1755 2485 1876 2538 aliis
1911 2495 2121 2554 patrata

535 2570 841 2639 ignoscere.
895 2572 1163 2638 Quoniam
1212 2584 1395 2628 autem
1450 2574 1697 2643 judicum
1751 2577 2037 2631 sententia:
2069 2586 2145 2637 et,

535 2659 635 2713 hos
662 2670 716 2715 et
767 2662 891 2716 illos
921 2664 1207 2727 damnant.
1241 2675 1408 2733 patet,
1444 2667 1612 2734 leges,
1649 2666 1951 2721 secundum
1982 2683 2122 2737 quas

530 2758 600 2810 ad
613 2755 881 2825 judicium
902 2766 956 2810 et
972 2773 1162 2829 poenas
1180 2760 1398 2828 utrique
1422 2760 1733 2828 rapiuntur,
1748 2769 1935 2815 contra
1952 2760 2121 2816 levio-

531 2858 594 2897 ra
638 2844 766 2898 item
784 2846 922 2899 latas
943 2861 1086 2903 esse.
1108 2848 1283 2903 Porro
1316 2862 1414 2903 nec
1435 2849 1716 2903 definitum
1740 2860 1824 2905 est
1854 2852 2122 2907 commis-

530 2948 656 2991 sum
678 2938 957 3006 grandius,
978 2953 1077 2993 nec
1093 2940 1278 3004 datur,
1296 2954 1405 3008 quo
1423 2954 1526 2993 nou
1552 2939 1712 2993 detur
1735 2940 1930 3010 majus.
1946 2940 2123 3007 Quor-

535 3042 658 3080 sum
682 3027 844 3095 igitur
877 3028 985 3094 lex,
1027 3045 1153 3085 cum
1180 3045 1288 3085 non
1322 3032 1414 3095 sit,
1446 3031 1499 3084 in
1533 3045 1643 3100 quo
1673 3032 1953 3099 ponatur?
1980 3032 2118 3088 Nam

530 3118 655 3173 fure
722 3119 979 3174 etl‘ractor
1047 3123 1235 3192 utique
1269 3122 1421 3191 pejor
1475 3131 1580 3176 est.
1615 3122 1820 3193 Itaque,
1845 3124 1890 3178 si
1923 3124 2118 3192 placet,
2147 3156 2190 3214 Ω

526 3210 679 3265 hunc
733 3211 786 3265 in
841 3227 1059 3267 crucem
1114 3229 1364 3285 agamus,
1413 3213 1564 3269 illum
1599 3224 1654 3268 ut
1694 3216 2114 3270 tolerabiliorem
2159 3210 2169 3255 ἶ

2227 1923 2303 1983 ὧν
2331 1930 2391 1985 εὖ
2438 1934 2768 1994 πεπόνθασι.
2802 1934 3021 2000 τούτοις
3062 1937 3319 2003 ἐγένοντο
3358 1935 3601 2003 πονηροί.
3652 1929 3773 1985 Ἀλλ’

2226 2022 2379 2075 οῦδὲν
2426 2025 2629 2087 μᾶλλον
2669 2026 3022 2094 ἀπήλλακται
3061 2028 3217 2097 δίκης
3251 2026 3344 2081 διὰ
3380 2026 3448 2080 τὰ
3496 2027 3672 2096 χείρω,
3716 2023 3775 2075 τὰ

2228 2115 2539 2184 κουφότερα
2567 2116 2677 2170 τῶν
2703 2118 2916 2173 κακῶν.
2944 2118 3164 2172 Τούτων
3200 2119 3302 2189 μὲν
3330 2116 3426 2172 οῦν
3452 2119 3480 2170 ὁ
3515 2118 3667 2186 νόμος
3691 2116 3774 2177 τὰς

2225 2204 2381 2269 δίκας
2416 2209 2783 2277 εἰσπράττων,
2820 2213 2936 2271 τοῖς
2975 2212 3188 2281 χείροσι
3239 2210 3402 2277 δῆλός
3436 2212 3549 2263 ἐστι
3572 2207 3775 2275 σφοδρό-

2224 2313 2385 2366 τερον
2435 2299 2711 2368 πολεμῶν,
2776 2301 2845 2354 δι’
2892 2296 2967 2356 ὧν
3021 2301 3195 2357 ταῦτα
3233 2301 3484 2369 κολάζει,
3536 2299 3776 2370 μειζόνων

2226 2392 2411 2444 ἐκεῖνα
2438 2392 2752 2461 τιμώμενα.
2800 2395 2862 2447 El
2892 2394 3002 2465 γὰρ
3030 2395 3125 2449 ἐπὶ
3156 2395 3343 2464 πάσης
3366 2391 3669 2465 ἡστινοσοῦν
3690 2405 3777 2442 πο⁴

2223 2497 2287 2552 νη
2296 2482 2438 2552 ρίας,
2465 2485 2576 2537 τῶν
2599 2485 2698 2554 μὲν
2717 2486 3094 2556 ἀνεκτότερον,
3125 2485 3237 2539 τῶν
3265 2485 3325 2539 δὲ
3344 2487 3523 2556 χεῖρον
3547 2482 3774 2553 ἐχόντων,

2223 2572 2349 2636 τοὺς
2379 2574 2630 2644 χείρονας
2675 2575 2938 2639 ἐκόλαζεν
2970 2578 3001 2630 ό
3031 2575 3338 2646 νομοθέτης
3366 2573 3666 2638 ἀπολαϐὼν,
3689 2571 3776 2623 κᾶν

2225 2664 2401 2717 ἐδόκει
2431 2666 2558 2727 τοὺς
2584 2661 2782 2729 ἄλλους
2816 2666 2918 2736 τὴν
2949 2668 3217 2739 πονηρίαν
3242 2669 3480 2737 ἐφεῖναι,
3515 2666 3632 2719 ἐπεὶ
3661 2664 3701 2717 δ’
3727 2663 3774 2714 αῖ

2221 2756 2396 2824 ψῆφοι
2428 2754 2539 2807 τῶν
2567 2755 2844 2808 δικαστῶν
2893 2758 2991 2810 καὶ
3029 2756 3257 2820 τούτους
3318 2758 3608 2819 κάκείνους
3654 2754 3776 2806 ἀπά-

2223 2863 2416 2915 γουσι,
2445 2846 2598 2915 δῆλοι
2634 2846 2969 2900 καθεστᾶσιν
3000 2847 3050 2900 οῖ
3077 2846 3306 2913 τούτους
3356 2849 3578 2916 ἄγοντες
3619 2843 3775 2915 νόμοι.

2225 2939 2369 2992 κατά
2397 2938 2753 3008 κουφοτέρων
2785 2939 3035 3008 κείμενοι
3061 2955 3075 2970 ⁸
3126 2941 3243 2993 καὶ·
3272 2942 3389 3011 μὴν
3430 2940 3537 2994 οὐδ’
3573 2938 3779 3006 ὥρισται

2222 3029 2283 3082 τὸ
2314 3032 2499 3099 χεῖρον
2531 3029 2725 3095 κακὸν,
2755 3030 2866 3084 οὐδ’
2898 3030 3014 3084 ἐστι
3044 3030 3231 3083 λαϐεῖν
3278 3032 3444 3087 οὐδέν
3472 3032 3779 3103 περαιτέρω.

2223 3121 2383 3178 Κατά
2411 3123 2553 3186 τίνος
2581 3123 2761 3176 τοίνυν
2790 3126 2818 3176 ό
2845 3125 3033 3191 νόμος,
3065 3123 3165 3178 οὐκ
3190 3123 3354 3188 ὄντος
3398 3119 3458 3179 οὗ
3507 3124 3779 3190 στήσεταις

2224 3213 2333 3267 Τοῦ
2388 3213 2501 3284 γὰρ
2550 3212 2646 3267 νῦν
2701 3213 2912 3286 κλοπῆς
2946 3215 3187 3280 ἁλόντος,
3237 3217 3421 3287 χείρω
3469 3211 3782 3285 τοιχωρύχον

2223 3304 2341 3357 ἐστι
2377 3303 2586 3368 λαϐεῖν,
2623 3305 2721 3357 καὶ
2760 3304 2825 3377 δὴ
2876 3305 3299 3376 μεταστήσομεν
3338 3307 3429 3361 ἐπ’
3465 3309 3665 3361 ἐκεῖνον
3696 3303 3783 3370 τὴν

2220 3395 2401 3464 δίκην,
2444 3397 2538 3449 καὶ
2571 3395 2764 3449 τοῦτον
2808 3398 3169 3466 ἀνεκτότερον
3196 3398 3398 3469 ἐτέρου
3435 3399 3685 3469 φανέντα,
3704 3393 3784 3447 λύ-

2221 3502 2391 3555 σομεν
2416 3502 2430 3549 ;
2469 3488 2577 3539 Kal.
2611 3487 2784 3553 οὕτως
2815 3489 2844 3541 ό
2874 3490 3039 3559 νόμος
3067 3490 3155 3542 ἀεὶ
3189 3488 3459 3559 βαδίζων,
3498 3491 3597 3544 οὐκ
3623 3488 3682 3543 ἂν
3705 3484 3784 3539 £5-

2221 3594 2306 3648 ροι
2332 3580 2422 3631 τὸν
2455 3580 2781 3634 ὑπεύθυνον.
2812 3581 3083 3651 Καθάπερ
3111 3581 3293 3635 τοίνυν
3334 3585 3417 3644 τὸ.
3449 3601 3470 3635 ι
3507 3584 3596 3651 Μὴ
3621 3577 3785 3649 φονεύ-

2225 3683 2360 3729 σεις,
2410 3686 2431 3720 ι
2463 3669 2525 3721 ού
2556 3667 2649 3720 τὸν
2686 3671 3076 3740 πατροκτόνον,
3108 3671 3140 3740 ἢ
3171 3670 3575 3743 ἀδελφοκτόνον
3600 3672 3630 3741 ἢ
3660 3671 3783 3719 όντι-

2221 3759 2348 3811 νοῦν
2396 3757 2510 3811 τῶν
2563 3760 2891 3829 μιαιφόνων,
2942 3761 3062 3813 ἀλλ’
3086 3762 3277 3827 ἁπλῶς
3329 3764 3425 3817 τὸν
3479 3759 3778 3833 ἀνδροφόνον

518 3301 876 3358 absolvamus
902 3304 925 3357 ι
957 3302 1050 3359 Sic
1072 3305 1151 3359 lex
1176 3320 1389 3375 semper
1406 3306 1723 3376 procedens,
1762 3315 1975 3361 sontem
2007 3322 2116 3363 non

520 3390 789 3447 inveniet.
810 3392 962 3448 Sicut
981 3410 1108 3464 ergo
1130 3394 1238 3459 lex,
1263 3394 1409 3449 «Non
1441 3397 1677 3459 occides,
1706 3414 1723 3447 ι
1748 3410 1856 3450 non
1887 3397 2117 3466 parrici-

514 3484 678 3546 dam.
730 3501 830 3541 nec
883 3487 1243 3553 fratricidam,
1301 3498 1395 3542 aut
1452 3503 1841 3559 quemcunque
1901 3497 2112 3542 certum

516 3574 952 3642 interlcctorem,
988 3580 1080 3633 sed
1121 3580 1440 3650 simpliciter
1482 3580 1808 3636 homicidam
1840 3577 2117 3649 persequi-

512 3678 615 3720 ‘tur
641 3686 653 3719 :
679 3668 753 3721 ita
780 3684 995 3738 quoque
1012 3679 1067 3725 et
1090 3670 1286 3735 furem,
1305 3682 1356 3726 et
1379 3673 1706 3731 adulterum.
1729 3680 1783 3724 et
1804 3668 2111 3723 maleficum

514 3771 818 3825 quemque.
850 3757 1053 3815 Eodem
1085 3761 1247 3815 modo
1270 3762 1425 3825 illud,
1456 3780 1476 3813 ι
1504 3760 1620 3817 Non
1649 3758 1983 3814 feneraberis
2012 3757 2118 3811 ἵνα·
2221 3759 2348 3811 νοῦν
2396 3757 2510 3811 τῶν
2563 3760 2897 3842 μιαιφόνων,

514 3848 593 3901 tri
614 3848 755 3913 tuo',
769 3868 788 3900 ›
809 3865 916 3903 non
935 3860 1020 3906 est
1037 3868 1257 3907 usuram
1278 3853 1659 3918 dividentis,et
1676 3866 1837 3906 unam
1859 3849 2115 3914 vetantis,

2222 3850 2460 3917 ἐλαύνει,
2494 3852 2636 3906 κατά
2667 3853 2736 3905 τὰ
2770 3854 2913 3907 αὐτὰ
2942 3854 3008 3924 δὴ
3035 3858 3131 3907 καὶ
3181 3854 3277 3908 τὸν
3327 3854 3660 3924 τοιχωρύχον
3700 3851 3779 3904 καὶ

515 3940 748 3995 alteram
762 3946 1072 4010 statuentis,
1091 3949 1183 4000 sed
1202 3961 1417 4001 omnem
1440 3961 1662 4003 usuram
1677 3943 2114 3999 exterminantis.

2223 3942 2317 3995 τὸν
2348 3942 2535 4012 μοιχὸν
2570 3944 2665 3996 καὶ
2696 3944 2806 3996 τῶν
2832 3944 3089 4015 πονηρῶν
3115 3942 3354 3999 ἕκαστον
3374 3962 3390 3978 ο
3416 3947 3510 4000 τὸν
3545 3946 3652 3998 ῖσον
3673 3939 3781 4013 τρύ-

520 4047 643 4096 πον,
674 4036 769 4086 καὶ
802 4037 883 4101 τὸ,
920 4055 939 4089 ι
987 4038 1078 4107 Μὴ
1119 4039 1425 4103 ἐκτοκίσεις
1466 4039 1544 4108 τῷ
1576 4037 1792 4107 ἀδελφῷ
1823 4053 1920 4091 σου
1948 4036 2013 4088 τὸ
2054 4033 2344 4106 ἀργύριον,
2389 4055 2410 4089 ι
2481 4038 2545 4091 οὐ
2583 4036 2745 4092 τόκον
2798 4037 2917 4091 ἐστὶ
2964 4036 3350 4109 διαιροῦντος,.
3384 4040 3482 4094 καὶ
3534 4038 3624 4091 τὸν
3695 4035 3780 4105 μὲν

516 4129 781 4194 τιθέντος,
814 4136 906 4187 τὸν
936 4135 993 4187 δὲ
1025 4133 1396 4203 ἀναιροῦντος,
1429 4134 1568 4188 ἀλλὰ
1608 4134 1787 4188 πάντα
1818 4134 1978 4187 τόκον
2003 4130 2381 4193 ἐκϐάλλοντος.

593 4225 759 4295 Atqui
778 4227 861 4283 lex
880 4229 1236 4300 imperatoria
1254 4230 1523 4302 (occurrit
1544 4231 1652 4300 illc)
1673 4231 1772 4284 hac
1793 4232 1874 4283 ria
1898 4230 2108 4282 lucrum

518 4320 833 4373 consectari
887 4322 1307 4392 permisit,qnod
1365 4338 1646 4391 nunquam
1707 4325 1948 4382 fecisset,
1979 4322 2023 4375 si
2052 4321 2105 4372 in

522 4427 589 4465 co
614 4421 895 4482 peccatum
939 4414 1165 4467 inesset.
1207 4413 1492 4480 Quomodo
1526 4432 1632 4470 non
1666 4416 1890 4470 stultum
1917 4421 2002 4468 est
2024 4412 2105 4466 sic

515 4505 861 4559 ratiocinari:
896 4505 1157 4562 Horiiines
1187 4509 1325 4562 istuc
1357 4510 1743 4579 permiserunt;
1786 4518 1839 4562 et
1871 4522 1976 4560 non
2003 4522 2102 4560 co-

2284 4227 2397 4281 Καὶ
2419 4227 2525 4295 μὴν
2546 4228 2575 4281 ό
2595 4227 2705 4281 τῶν
2724 4228 3146 4300 αὐτοκρατόρων
3184 4227 3331 4284 οὕτω
3352 4229 3673 4302 κερδαίνειν,
3698 4244 3781 4295 φη·

2214 4319 2321 4385 σὶν,
2366 4319 2640 4389 ἐπέτρεψε
2688 4321 2874 4388 νόμος,
2928 4321 3030 4375 οὐκ
3085 4321 3152 4374 ἂν
3197 4324 3246 4376 εἰ
3292 4323 3535 4394 πονηρὸν
3567 4319 3655 4393 ἦν.
3686 4320 3779 4373 Καὶ

2209 4410 2327 4471 πῶς
2357 4414 2420 4462 οὐ
2447 4410 2655 4473 σκαιὸν,
2693 4412 2743 4463 ei
2774 4412 2873 4480 μὲν
2900 4411 3179 4482 ἄνθρωποι
3204 4412 3383 4466 ταῦτα
3410 4411 3779 4483 συνεχώρησαν

2206 4500 2544 4569 λογίζεσθαι,
2579 4503 2663 4556 ὅτι
2696 4503 2754 4556 δὲ
2790 4504 3016 4572 φεύγειν
3059 4506 3087 4557 ό
3113 4504 3246 4567 Θεὸς
3282 4507 3523 4573 ἐπέταξε
3562 4503 3633 4575 μὴ
3665 4517 3777 4555 σκοο

512 4597 696 4665 gitare
749 4598 953 4667 potius.
1023 4600 1190 4653 Deum
1235 4601 1337 4654 huc
1399 4601 1583 4670 fugere
1606 4600 1859 4669 jussisse,
1896 4609 1949 4651 ct
1991 4614 2099 4653 non

2218 4597 2330 4647 πεῖν
2352 4610 2366 4660 ;
2387 4594 2483 4646 καὶ
2511 4594 2605 4648 τοῦ
2629 4594 2731 4663 μὲν
2754 4596 2831 4666 μὴ
2857 4588 3098 4668 πονηρὸν
3119 4593 3339 4651 εἶναιτὸ
3367 4600 3561 4669 κέρδος
3576 4598 3661 4650 τδν
3683 4594 3776 4646 τῶν

512 4678 639 4743 esse
671 4689 921 4745 vitiosum
955 4692 1056 4746 hoc
1087 4692 1221 4747 lucri
1256 4709 1428 4762 genus
1462 4709 1527 4746 ex
1558 4695 1673 4760 lege
1702 4694 1939 4744 lmmana
1968 4708 2095 4747 con-

2218 4687 2519 4758 ἀνθρώπων
2546 4688 2711 4758 νόμον
2755 4688 2941 4742 ἱκανὸν
2973 4690 3252 4743 ποιεῖσθαι,
3303 4694 3564 4761 σημεῖον,
3589 4688 3704 4743 ἐπεὶ
3727 4684 3777 4738 δὲ

513 4780 702 4847 iicere,
733 4792 785 4836 et
821 4797 943 4836 cum
976 4784 1119 4838 Deus
1146 4786 1248 4839 hoc
1276 4786 1393 4853 ipso
1439 4786 1583 4853 quod
1614 4782 1913 4853 prohibuit,
1948 4783 2106 4839 vitio-

514 4872 791 4925 sissimum
816 4888 936 4927 esse
958 4884 1206 4940 testetur,
1242 4876 1410 4930 nihilo
1437 4884 1617 4929 tamen
1651 4875 1823 4943 magis
1848 4874 2100 4931 vitiosum

513 4962 796 5017 arbitrari?
832 4963 1047 5030 Quanto
1079 4969 1278 5021 melius
1306 4959 1621 5038 judicares,
1647 4967 1804 5035 juxta
1834 4965 1925 5021 Dei
1954 4970 2103 5038 judi-

507 5052 656 5106 cium
710 5052 889 5110 lerens
933 5063 1278 5123 Sententiam,
1311 5071 1474 5125 quam
1526 5058 1734 5128 legibus
1810 5057 2094 5116 hominum

511 5145 815 5202 assentieus
840 5147 863 5200 ?
886 5146 1017 5203 Milli
1043 5164 1170 5204 vero
1195 5160 1251 5204 et
1300 5164 1621 5216 comparare
1643 5148 1943 5220 quidquam
1989 5154 2090 5225 legi

510 5235 709 5289 divina
739 5248 997 5293 extremm
1049 5241 1263 5296 videtur
1289 5242 1552 5307 audacia),
1593 5252 1646 5297 et
1681 5255 1895 5317 egestas
1929 5249 2095 5300 ratio-

510 5327 615 5380 nis:
648 5332 845 5384 nedum
900 5330 1149 5385 laborare
1183 5334 1326 5400 apud
1359 5333 1608 5391 homines
1639 5352 1829 5407 parum
1865 5338 2003 5407 pios,
2034 5349 2093 5393 ut

507 5419 588 5473 eis
617 5423 966 5487 persuadeas.
1000 5424 1107 5475 utri
1150 5424 1325 5492 legum
1360 5426 1539 5491 potius
1554 5427 1949 5498 obtemperent.
1981 5432 2095 5498 Age

502 5513 674 5575 etaim,
719 5514 765 5567 si
819 5514 1139 5569 discendum
1182 5516 1342 5582 foret,
1381 5532 1509 5571 num
1556 5537 1720 5575 usura
1753 5522 1807 5575 in
1850 5525 2089 5593 pecca:is

506 5602 778 5665 ducenda,
812 5611 989 5657 utrum
1038 5614 1093 5659 tu
1133 5608 1451 5676 magistrum
1484 5610 1740 5681 eligeres?
1776 5629 1953 5667 nonne
1984 5614 2084 5667 1).;-

506 5703 619 5756 um,
656 5692 802 5745 sivcl
833 5694 1105 5751 tantillum
1137 5697 1380 5766 sapores?
1398 5695 1516 5753 Jant
1545 5699 1590 5754 si
1626 5702 1833 5771 [Ogibus
1870 5702 1942 5755 ita
1984 5720 2083 5773 ρει-

575 5866 596 5896 ⁸
628 5868 784 5923 Dcut.
827 5886 971 5941 sxxii,
1010 5870 1091 5925 ID.

2205 4779 2234 4832 ὀ
2264 4779 2399 4842 Θεὸς
2428 4779 2498 4832 δι’
2531 4773 2608 4833 ὧν
2637 4782 2840 4834 ἀπεῖπε
2872 4780 3074 4850 πολλὴν
3120 4780 3273 4851 αύτῷ
3298 4783 3621 4851 φαυλότητα
3652 4793 3776 4850 μαρ-

2205 4874 2380 4943 τυρεῖ,
2424 4871 2583 4925 οὐδὲν
2627 4872 2834 4941 μᾶλλον
2868 4873 3116 4942 νομίζειν
3165 4870 3306 4927 εἶναι
3345 4875 3660 4945 μοχθηρόις
3690 4867 3775 4923 καὶ

2203 4964 2355 5034 πόσῳ
2388 4963 2599 5035 βέλτιον
2627 4964 2800 5032 ἔγνως
2833 4964 2899 5017 ἂν
2938 4964 3047 5017 ἀπὸ
3073 4964 3183 5018 τῶν
3211 4965 3291 5036 τῷ
3322 4966 3447 5037 Θεῷ
3491 4964 3775 5019 δοκούντων

2201 5052 2455 5124 ἐκφέρων
2484 5053 2580 5118 τὰς
2613 5053 2831 5125 ψήφους
2864 5053 2897 5125 ἢ
2933 5057 3048 5117 τοῖς
3097 5055 3207 5109 τῶν
3236 5057 3550 5129 ἀνθρώπων
3604 5056 3773 5122 νόμοις

2202 5148 2552 5210 ἀκολουθῶνς
2598 5148 2754 5220 Ἐμοὶ
2804 5153 2907 5221 μὲν
2933 5146 3035 5226 ὀὖν
3078 5151 3174 5203 καὶ
3205 5151 3266 5203 τὸ
3300 5168 3377 5203 πα
3389 5150 3681 5221 ραϐἀλλειν
3706 5140 3774 5212 τῷ

2202 5240 2354 5311 νόμῳ
2384 5241 2590 5312 τόλμης
2626 5238 2769 5296 εἶναι
2794 5242 2894 5312 τῆς
2926 5243 3164 5312 ἐσχάτης
3194 5245 3369 5308 δοκεῖ,
3413 5242 3599 5296 καὶτὸ
3625 5239 3770 5308 λόγου

2199 5332 2408 5386 δεῖσθαί
2431 5349 2577 5397 τινος
2635 5334 2712 5404 μὴ
2760 5335 2843 5386 ὅτι
2866 5351 2927 5399 γε
2963 5334 3276 5404 κάμνοντας
3307 5335 3529 5388 πείθειν
3578 5332 3773 5398 ποτέρῳ

2199 5425 2283 5477 δεῖ
2319 5425 2554 5495 χρῆσθαι
2597 5425 2707 5479 τῶν
2746 5427 2932 5495 νόμων
2988 5426 3063 5497 μὴ
3095 5428 3230 5497 πρ²ς
3266 5426 3477 5498 ἄνδρας
3527 5427 3586 5479 οῦ
3636 5420 3773 5493 μάλα

2197 5517 2406 5580 εἰδότας
2432 5518 2698 5572 εὐσεϐεῖν.
2721 5518 2858 5587 Φέρε
2890 5518 2998 5586 γὰρ
3024 5519 3091 5572 ἂν
3117 5519 3212 5590 δὲῃ
3239 5519 3441 5589 μαθεῖν
3470 5522 3518 5572 εἰ
3550 5514 3773 5584 πονηρὸν

2190 5610 2239 5661 οἱ
2266 5609 2416 5661 τόκοι
2448 5611 2704 5679 πρᾶγμα,
2740 5610 2969 5678 πότερον
3003 5608 3069 5662 ἄν
3100 5610 3245 5663 εἵλου
3302 5608 3670 5671 διδάσκαλονς
3714 5601 3769 5655 οὗ

2188 5703 2282 5758 τὸν
2322 5703 2476 5770 Θεὸν,
2512 5704 2576 5759 ἂν
2636 5703 2884 5758 ὁπωσοῦν
2916 5708 3240 5775 σωφρονῇςς
3278 5704 3337 5756 Ei
3371 5705 3401 5759 6
3451 5703 3594 5757 οὕτω
3624 5698 3769 5752 πολε-
