4036 6448
366 456 468 521 illi

1405 426 1695 528 ORATIO
1730 468 2037 529 CONTRA
2080 440 2656 535 FENERATORES.

3548 431 3656 536 ita
3717 542 3720 545 η

372 572 624 644 μούντων
658 577 909 649 ἀλλήλαις
941 575 1050 630 τῶν
1100 578 1301 647 νόμων,
1337 577 1581 641 σώζοντα
1629 579 1718 631 τὸν
1765 579 1947 652 ἕτερον

2057 577 2352 648 gnantihus
2373 578 2598 635 alteram
2620 581 2889 636 servando
2909 597 3138 657 necesse
3162 593 3246 638 est
3287 583 3515 639 alteram
3537 584 3666 641 floo-

370 663 592 739 ἁνάγκη
627 667 862 737 θατέρου
887 671 1281 737 ⁴καταφρονεῖν,
1336 668 1568 738 πότερον
1600 668 1954 740 ὑπερϐαίνων

375 758 678 827 ἀπολογίαν
725 759 871 824 ἔξεις
917 759 1011 813 τὸν
1063 761 1277 832 ἕτερον,
1328 761 1389 814 οὐ
1441 760 1534 814 τδν
1577 759 1957 831 ἀνθρώπειονς

373 850 546 905 Τοῦτο
583 851 683 922 μὲν
709 851 816 924 γὰρ
852 851 1121 920 ἀπολογία
1163 850 1273 913 τῶν
1314 853 1577 923 ἡττόνων,
1625 852 1679 904 εί
1704 869 1791 917 τις
1825 852 1961 921 φαίη

368 944 463 1009 διὰ
493 946 619 1008 τοὺς
646 945 931 1013 κρείττους
960 946 1349 1023 καταφορνεῖν,
1380 944 1456 1009 ὡς
1478 946 1540 1026 τό
1586 960 1651 1013 γε
1691 949 1816 1007 τοὺς
1844 945 1960 1016 χείο

376 1053 538 1109 ρινας
583 1037 941 1111 αἰδουμένους
983 1036 1277 1106 προδοῦναι
1324 1036 1451 1098 τοὺς
1493 1036 1802 1107 κρείττους,
1840 1035 1959 1098 πῶς

374 1127 440 1184 ἂν
472 1127 588 1200 ἔχοι
620 1130 733 1191 τοῖς
795 1129 1268 1200 παραιτουμένοις
1318 1127 1673 1198 συγγνώμην,
1702 1128 1864 1180 ὁπότε
1882 1118 1960 1180 “τὸ

371 1220 625 1293 ἔγκλημα
679 1223 863 1292 χεῖρον
901 1222 1150 1292 γίνεταις
1195 1221 1449 1290 καθάπερ
1505 1222 1643 1282 είτις
1691 1218 1958 1289 βασιλέως

366 1312 756 1375 ἐπιτάττοντος
809 1311 1129 1383 ὑπερεώρα,
1161 1313 1244 1366 ἔτι
1270 1312 1380 1369 τῶν
1422 1310 1782 1382 στρατιωτῶν
1807 1305 1887 1374 εἷς
1918 1310 1952 1380 ἢ

365 1401 479 1455 τῶν
509 1403 859 1474 σκευοφόρων
877 1404 1159 1459 ἐκέλευσε.
1181 1402 1389 1461 Πολλοῦ
1420 1402 1521 1474 μὲν
1547 1403 1652 1475 γάρ
1680 1402 1745 1456 ἂν
1762 1401 1954 1472 ἐδέησε

367 1495 446 1566 μὴ
489 1499 583 1557 καὶ
612 1499 712 1568 τῆς
744 1495 1045 1564 ἀπολογίας
1078 1497 1236 1561 δίκας
1282 1496 1564 1566 ὀφλήσειν,
1608 1497 1703 1560 καὶ
1740 1496 1956 1563 προσῆν

361 1589 424 1643 τὸ
449 1587 665 1649 δικαίας
689 1590 778 1643 ὅτε
827 1588 903 1659 μὴ
936 1586 1214 1661 ἀγνοήσας
1245 1588 1278 1660 ἢ
1309 1588 1480 1660 λήθης
1507 1588 1688 1658 ἥττων
1717 1587 1953 1657 γενόμε-

363 1684 474 1744 νος’,
500 1681 619 1734 ἀλλ’
645 1681 790 1734 οὕτω
816 1681 1010 1750 κρίνας
1037 1681 1133 1735 καὶ
1160 1680 1252 1734 τὸν
1285 1680 1620 1750 σκευοφόρον
1669 1677 1764 1732 τοῦ
1800 1677 1956 1749 βασι-

361 1772 497 1836 λέως
528 1773 842 1843 ἔμπροσθεν
874 1772 1098 1842 ἀγαγών
1141 1790 1156 1806 ο
1192 1775 1256 1828 σὺ
1288 1774 1346 1827 δὲ
1370 1774 1531 1833 τίνων
1569 1772 1762 1827 σαυτὸν
1789 1770 1955 1836 ἀξιώ-

360 1883 485 1927 ραις
518 1866 606 1927 ἂν,
638 1867 686 1918 εί
715 1867 784 1919 τὰ
803 1867 990 1919 δίκαια
1017 1867 1289 1935 ποιήσεις,
1310 1866 1496 1937 ἐπειδὴ
1536 1884 1553 1919 ι
1594 1865 1761 1917 ι]λέον
1790 1863 1950 1916 Σολο-

2067 668 2381 738 cipendere,
2419 680 2595 726 utram
2635 673 2871 744 violens,
2904 690 3001 743 per
3034 676 3262 729 alteram
3299 686 3348 731 te
3375 677 3666 735 defendes?

2064 756 2141 814 Ce
2175 767 2227 813 te
2255 775 2362 814 non
2387 776 2484 831 per
2520 763 2834 819 humanam.
2862 764 2959 822 Est
2990 765 3135 821 cnim
3161 767 3436 822 imbecilla
3477 767 3668 823 defen-

2064 850 2169 916 sio,
2208 851 2252 906 si
2283 853 2404 922 quis
2443 853 2610 918 dicat,
2669 856 2792 911 ideo
2833 873 2892 912 se
2922 858 3161 912 divinam
3191 858 3368 931 legem
3409 869 3663 917 contem-

2062 942 2261 1016 psisse.
2300 943 2435 999 Nam
2477 945 2768 1004 inferiores
2808 951 3068 1017 revereri,
3097 960 3156 1006 ut
3186 953 3503 1023 superiores
3538 970 3665 1025 pro-

2065 1032 2186 1095 das,
2214 1049 2379 1101 quam
2405 1037 2618 1091 veniam
2657 1053 2954 1106 mereatur,
2982 1043 3203 1112 quando
3244 1045 3452 1103 crimen
3482 1046 3659 1117 majus

2063 1123 2441 1182 estZPerinde
2471 1137 2529 1182 ut
2556 1130 2600 1183 si
2636 1131 2757 1203 quis
2785 1132 3098 1188 mandatum
3128 1135 3270 1207 regis
3314 1138 3664 1209 posthabcat,

2061 1216 2190 1285 quia
2220 1216 2374 1271 miles
2404 1217 2622 1288 aliquis.
2662 1230 2756 1276 aut
2779 1223 2897 1277 calo
2937 1239 3097 1280 secus
3125 1228 3423 1283 mandavit.
3458 1228 3657 1284 Parum

2062 1306 2241 1370 abest,
2285 1309 2419 1376 quin
2454 1310 2578 1371 talis
2606 1311 2770 1367 etiam
2817 1313 3154 1373 defensionis
3190 1317 3352 1389 hujus
3387 1333 3500 1374 sua:
3539 1335 3661 1388 pce-

2061 1416 2161 1454 nas
2184 1400 2400 1464 debeat.
2427 1402 2631 1470 Etjnre
2660 1406 2905 1474 quidem,
2931 1408 3057 1476 quia
3094 1425 3200 1463 non
3233 1425 3295 1465 ex
3352 1412 3664 1483 ignorantia

2059 1502 2156 1545 aut
2193 1492 2491 1559 oblivione,
2523 1497 2617 1550 sed
2648 1500 2903 1552 ennsulto
2940 1499 2993 1553 id
3026 1500 3173 1558 fecit.
3211 1502 3280 1556 At
3308 1513 3386 1565 tu,
3422 1504 3467 1557 si
3509 1514 3661 1559 recte

2061 1580 2250 1648 facias,
2270 1585 2472 1655 quibus
2502 1589 2848 1657 tesuppliciis
2871 1591 3097 1659 dignum
3130 1593 3380 1660 deputes.
3407 1597 3659 1662 quando-

2058 1675 2279 1742 quidem
2315 1694 2334 1727 ι
2365 1675 2491 1730 l‘lus
2513 1693 2674 1747 quam
2705 1676 2963 1733 Salomon
2983 1679 3071 1733 hic
3108 1672 3311 1749 linquit
3334 1689 3389 1734 et
3409 1691 3462 1735 tu
3508 1691 3659 1736 tanto

2048 1765 2351 1821 intervallo
2388 1768 2568 1823 minor
2599 1784 2658 1823 es
2690 1768 2823 1836 Deo,
2849 1786 3013 1840 quam
3055 1788 3150 1825 rex
3178 1772 3371 1826 calone
3405 1773 3655 1835 nobilior.

2057 1868 2325 1925 quantum
2358 1857 2464 1912 dici
2490 1868 2585 1912 aut
2620 1860 2767 1914 credi
2799 1862 3009 1931 nequit.
3052 1866 3129 1918 Ac
3154 1864 3386 1933 proinde
3412 1873 3562 1920 tanto
3596 1881 3663 1927 es

360 1958 575 2031 μῶντςς
593 1952 751 2026 ὧδε,›
788 1961 945 2028 φησὶ,
976 1958 1071 2011 καὶ
1097 1931 1321 2011 τοσοῦτο
1352 1958 1453 2027 μὲν
1469 1931 1561 2010 τοῦ
1586 1958 1722 2013 Θεοῦ
1754 1956 1947 2027 μᾶλλον

2060 1947 2401 2016 injuriosior,
2434 1960 2641 2017 quanto
2695 1953 2873 2022 majus
2923 1955 3066 2008 inter
3129 1955 3301 2011 Deum
3355 1973 3419 2012 ac
3469 1974 3653 2023 regem

355 2053 601 2107 ἐλάττων
632 2051 665 2125 ἢ
698 2049 792 2105 τοῦ
832 2040 1177 2125 σκευοφόρου¹
1202 2049 1433 2120 βελτίων
1463 2053 1490 2103 δ
1519 2050 1799 2119 βασιλεὺς,
1824 2050 1952 2103 ὅσον

355 2146 480 2199 οὐδὲ
508 2146 674 2216 ῥητὸν
702 2142 814 2198 οὐδ’
843 2143 1140 2214 ἐπιστητὸν
1174 2139 1419 2213 εἶναιτὸ
1448 2143 1637 2213 μέσον,
1673 2145 1738 2196 σὺ
1769 2143 1825 2196 δὲ
1857 2160 1946 2195 το-

362 2237 553 2291 σοῦτον
573 2237 777 2298 ἀδικεῖς
804 2236 989 2305 μεῖζον
1019 2235 1144 2288 ὅσον
1174 2233 1400 2288 ἐκείνων
1425 2235 1486 2286 τὸ
1512 2236 1702 2304 μέσον,
1729 2234 1827 2289 καὶ
1850 2235 1953 2287 οὐκ

360 2329 596 2400 αἰσχύνῃ
631 2328 772 2398 μετὰ
826 2326 935 2380 τῶν
970 2326 1183 2398 μιαρῶν
1230 2325 1545 2396 Φαρισαίων
1580 2326 1680 2395 τὴν
1724 2327 1949 2397 ἐντολὴν

359 2420 457 2475 τοῦ
488 2421 630 2474 Θεοῦ
665 2421 832 2491 λύων,
875 2420 965 2475 διὰ
1012 2419 1113 2490 τὴν
1145 2417 1440 2489 παράδοσιν
1470 2418 1579 2473 τῶν
1616 2418 1947 2489 ἀνθρώπων,

359 2514 540 2577 καίτοι
601 2512 723 2566 οὐδὲ
777 2514 931 2582 ιπᾶσι
1010 2511 1181 2585 ταῦτα
1240 2513 1353 2575 τοῖς
1402 2511 1722 2580 νομοθέταις
1778 2511 1946 2579 δοκεῖ,

359 2606 476 2660 ἀλλ’
520 2607 569 2658 οί
619 2606 718 2676 μὲν
746 2606 876 2668 τοὺς
912 2604 1107 2667 τόκους
1135 2605 1486 2675 εἰσήνεγκαν,
1507 2603 1558 2656 oi
1586 2603 1630 2656 δ’
1658 2602 1945 2670 ἐξέϐαλον,

359 2696 501 2751 ὥστε
532 2699 582 2750 εί
617 2698 698 2761 δεῖ
722 2696 770 2750 τ’
797 2695 935 2751 ἄλλα
965 2696 1203 2765 ἀφέντας
1225 2697 1356 2768 περὶ
1385 2695 1582 2751 τούτου
1608 2696 1943 2767 σκέψασθαι,

360 2789 429 2860 ἢν
455 2787 706 2842 ἐντεῦθεν
749 2787 1084 2858 συγγνώμην
1108 2788 1300 2849 ἔλαϐες
1351 2789 1444 2854 ἂν,
1483 2788 1696 2841 ἐκεῖθεν
1735 2787 1950 2845 ἀπώλε-

363 2898 489 2946 σας,
507 2883 603 2935 καὶ
633 2882 695 2933 οὐ
722 2880 813 2935 διὰ
846 2880 1072 2946 τούτους
1115 2881 1220 2955 λύῃ
1273 2882 1501 2950 μᾶλλον,
1532 2882 1566 2953 ἦ
1605 2882 1673 2935 δι’
1702 2883 1947 2947 ἐκείνους

362 2973 665 3036 ὑπεύθυνος
690 2969 760 3026 εί.

432 3065 564 3129 Ναὶ,
618 3065 808 3139 φησιν,
860 3063 1054 3118 ἀλλ’οί
1115 3063 1531 3135 συγχωροῦντες
1580 3066 1944 3138 παλαίτεροι,

361 3156 615 3212 Μάλιστα
650 3156 750 3225 μὲν
778 3156 980 3210 ἄτοπον
1007 3157 1057 3209 εί
1081 3154 1241 3209 τοῦτο
1275 3155 1573 3225 ἀπολογίαν
1605 3159 1736 3228 ἡγῇ,
1779 3158 1949 3212 καθά-

2057 2038 2378 2094 discrimen.
2412 2040 2522 2095 Cur
2556 2052 2608 2097 te
2641 2060 2747 2098 non
2775 2047 2941 2115 pudet
2970 2063 3094 2102 cum
3152 2050 3404 2105 scelestis
3457 2050 3655 2105 Phari-

2055 2130 2180 2184 saris
2215 2134 2531 2188 mandatum
2586 2135 2679 2189 Dei
2744 2138 2960 2193 Solvere
3024 2149 3248 2211 propter
3296 2144 3651 2199 traditionem

2056 2224 2379 2279 hominum?
2412 2226 2477 2280 Et
2512 2236 2692 2283 tamen
2729 2232 3117 2285 non‘omnium
3172 2232 3542 2300 legis-latarum
3571 2244 3656 2288 est

2053 2313 2195 2391 idem
2231 2316 2330 2369 hae
2372 2316 2428 2371 in
2479 2333 2537 2371 re
2596 2317 2902 2388 judicium,
2957 2321 3209 2392 idemque
3266 2337 3477 2377 sensus.
3514 2324 3657 2380 Sunt

2052 2404 2145 2477 qui
2180 2421 2377 2460 usuras
2428 2407 2890 2476 introduxerunt;
2961 2421 3087 2473 sunt
3130 2414 3224 2481 qui
3256 2411 3649 2485 proﬂigarunt:

2052 2505 2109 2549 ut
2139 2498 2183 2552 si
2220 2508 2414 2552 caetera
2450 2513 2646 2554 corum
2678 2502 2927 2556 inStituta
2963 2505 3281 2558 omittentcs
3308 2504 3445 2559 istnc
3473 2506 3648 2559 solum

2053 2586 2431 2658 inspiciamus,
2484 2594 2698 2645 veniam
2745 2593 2967 2648 aliunde
3023 2597 3222 2666 aecipi,
3275 2597 3492 2651 aliunde
3550 2597 3649 2650 ad-

2051 2679 2217 2744 mitti,
2260 2691 2313 2735 et
2347 2697 2451 2737 non
2486 2684 2660 2753 magis
2681 2699 2903 2754 propter
2932 2702 3069 2740 unus
3099 2694 3151 2740 te
3177 2687 3415 2742 crimine
3478 2688 3644 2757 solvi,

2050 2785 2212 2838 quam
2248 2781 2470 2842 prOpter
2503 2758 2707 2829 alteros
2736 2774 2964 2845 astringi
3012 2776 3323 2832 videamus.

2122 3065 2319 3122 Etiam.
2359 3063 2558 3136 inquit.
2596 3066 2699 3121 Sed
2733 3066 2825 3136 qni
2872 3068 3217 3138 permittunt,
3249 3070 3456 3142 antiqui
3495 3083 3647 3130 sunt.

2052 3156 2165 3211 lloc
2199 3167 2253 3211 tu
2278 3158 2668 3217 ahsurdissime
2699 3159 2765 3213 ad
2790 3162 3158 3230 patrocinium
3188 3165 3455 3230 assumis,
3486 3167 3646 3235 quasi

364 3265 471 3321 περ
512 3247 865 3320 φαυλοτέρων
895 3248 1064 3301 ὄντων
1102 3248 1190 3301 ἀεὶ
1228 3247 1340 3300 τῶν
1362 3248 1668 3320 νεωτέρων.
1708 3251 1944 3304 Ἔπειτα

2053 3250 2292 3304 minores
2328 3266 2423 3305 seu
2455 3252 2660 3321 posteri
2690 3267 2909 3320 semper
2937 3255 3238 3309 deteriores
3269 3259 3400 3311 sint.
3433 3259 3636 3314 Deinde

360 3341 479 3405 πῶς
507 3342 568 3395 οὐ
604 3342 744 3404 νοεῖς
784 3340 880 3395 καὶ
909 3339 1118 3393 τούτων
1165 3339 1247 3393 ἔτι
1279 3342 1546 3409 νεώτερος
1575 3338 1652 3395 ὢν
1683 3343 1849 3406 αὐτὸς
1884 3343 1943 3407 ὃς

340 3431 487 3496 ,τοὺς
507 3430 607 3500 μὲν
630 3431 933 3504 ὲγκρίνεις,
950 3431 1077 3495 τοὺς
1094 3429 1139 3482 δ’
1156 3429 1440 3497 ἐκϐάλλεις
1460 3431 1569 3487 τῶν
1596 3433 1906 3501 νομοθετῶν
1926 3452 1940 3500 ;

363 3520 573 3592 Σκέψαι
605 3522 716 3595 γᾴρ
739 3521 813 3586 ὡς
841 3522 1199 3595 ἀρχαιότερος
1234 3522 1334 3595 μὲν
1365 3523 1460 3577 τοῦ
1494 3522 1736 3586 τιθέντος
1765 3525 1791 3578 ό
1813 3527 1939 3587 τοὺς

361 3615 558 3680 τόκους
590 3615 830 3699 ὲξαρχῆς
859 3613 1069 3668 ἀνελὼν
1102 3614 1429 3687 νομοθέτης,
1459 3614 1556 3668 σοῦ
1590 3616 1648 3669 δὲ
1697 3617 1792 3669 καὶ
1831 3616 1941 3670 τῶν

360 3706 470 3762 σῶν
499 3707 721 3780 ψήφων.
748 3711 776 3762 δ
801 3707 883 3778 τῷ
913 3706 1043 3776 θείῳ
1070 3707 1220 3783 νόμῳ
1246 3706 1591 3775 συνηγορῶν,
1611 3706 1753 3761 ὥστε
1786 3710 1833 3759 εί
1860 3707 1942 3760 δεῖ
1975 3748 1983 3756 .

358 3818 411 3855 τι
438 3802 516 3873 τῷ
545 3802 694 3873 νόμῳ
722 3800 816 3855 καὶ
842 3802 942 3870 τὴν
959 3801 1295 3871 ἀρχαιότητα
1319 3798 1670 3870 προστιθέναι
1695 3800 1941 3881 νομίζειν

359 3893 560 3956 αἰδοῦς.
585 3892 872 3966 καὶταύτῃ
895 3892 1048 3957 δίκας
1073 3892 1139 3946 ἂν
1156 3891 1391 3963 ὀφείλοις
1410 3890 1520 3944 τῶν
1565 3892 1940 3962 ἀρχαιοτάτων

356 4002 736 4058 καταφρονῶν.

428 4165 640 4227 Ἄλλως
677 4182 734 4217 τε
766 4164 889 4231 οὐδέ
918 4166 1044 4226 τοὺς
1083 4163 1508 4236 συγχωροῦντας
1559 4164 1759 4227 αὐτοὺς
1796 4163 1939 4217 εἴποι

354 4278 444 4326 τις
478 4260 544 4313 ἂν
574 4257 817 4329 ἀκριϐῶς
856 4256 1077 4310 σκοπῶν
1121 4256 1235 4309 τῶν
1268 4258 1441 4308 τόκων
1492 4257 1570 4326 μὴ
1624 4257 1686 4308 οὐ
1739 4254 1939 4328 πολλὴν

352 4355 688 4426 αἰσχρότητα
714 4354 1087 4424 καταγνῶναι,
1120 4357 1214 4409 καὶ
1260 4353 1325 4425 δὴ
1368 4353 1583 4418 πολλοῖς
1616 4354 1939 4425 τεκμηρίοις

351 4447 499 4518 δῆλοι
530 4445 832 4501 καθεστᾶσι
862 4445 923 4501 τὸ
941 4448 1178 4518 πρᾶγμα
1202 4447 1408 4516 φαῦλον
1430 4447 1747 4520 ἡγούμενοι.
1781 4448 1939 4520 Πρῶ-

351 4557 443 4592 τον
482 4539 582 4609 μὲν
613 4539 721 4611 γὰρ
749 4540 850 4593 οὐκ
875 4538 1076 4606 ἐξεῖναί
1112 4557 1278 4611 φησιν
1308 4540 1484 4594 οὐδενὶ
1541 4540 1651 4594 τῶν
1702 4542 1940 4612 ἀρίστων

2046 3343 2323 3411 quomodo
2388 3358 2496 3398 non
2544 3345 2961 3411 anin'iadvertis,
2997 3348 3232 3417 teipsum
3286 3364 3507 3419 quoque
3550 3349 3644 3419 ju-

2047 3433 2256 3488 niorem
2302 3436 2407 3493 illis
2453 3451 2600 3503 esse,
2656 3439 2749 3508 qui
2805 3439 3176 3517 legislatorum
3235 3442 3371 3497 alios
3435 3444 3642 3515 seligis,

2044 3527 2182 3579 alios
2226 3527 2523 3596 repndias?
2577 3528 2901 3594 Considera,
2959 3533 3179 3599 amabo,
3244 3547 3451 3605 quanto
3503 3539 3646 3592 anti-

2045 3616 2207 3683 quior
2242 3617 2557 3684 lcgislatore
2588 3628 2680 3674 tuo
2729 3621 2817 3675 ille
2855 3620 3151 3691 legislator,
3183 3625 3274 3693 qui
3308 3640 3337 3679 a
3368 3625 3649 3696 principio

2046 3724 2246 3764 usuras
2267 3710 2567 3777 inlerdiait,
2592 3722 2641 3765 te
2669 3728 2799 3779 vero
2827 3713 3045 3785 tuisque
3062 3716 3286 3775 calculis
3309 3718 3502 3773 divina:
3536 3712 3640 3790 legi

2045 3801 2387 3872 sum-agatur.
2421 3800 2603 3869 Quare
2648 3804 2692 3856 si
2746 3805 2848 3873 legi
2898 3805 3141 3860 addenda
3184 3815 3271 3861 est
3316 3806 3643 3878 antiquitas,

2042 3906 2095 3950 et
2119 3911 2239 3949 eam
2262 3896 2328 3951 ad
2388 3896 2749 3952 reverentiam
2810 3898 2958 3954 illius
2990 3899 3261 3969 pertinere
3312 3899 3639 3955 existiman-

2044 3989 2196 4053 dum,
2233 3991 2332 4041 hoc
2363 4004 2583 4058 quoque
2622 4004 2841 4058 poenam
2902 3993 3306 4060 commeruisti,
3337 3992 3429 4063 qui
3491 3993 3644 4061 quod

1978 4069 1985 4076 ’
2043 4079 2490 4145 antiquissimum
2545 4088 2647 4144 est,
2689 4079 2950 4150 despicis.

2114 4171 2382 4226 Praetrrea
2418 4171 2509 4240 qui
2544 4172 2785 4241 penitius
2839 4188 2950 4237 rem
2984 4173 3321 4239 intuebitur,
3388 4174 3641 4229 fatebitur

2042 4277 2137 4315 eos
2166 4264 2315 4332 ipsos
2346 4264 2438 4332 qui
2483 4279 2705 4317 usuram
2735 4265 3064 4326 concedunt,
3110 4268 3357 4323 eamdem
3395 4275 3455 4320 ut
3481 4267 3648 4340 longe

2043 4354 2525 4427 probrosissimam
2558 4358 2946 4412 condemnare.
2983 4357 3166 4415 Multis
3224 4373 3358 4415 sane
3421 4359 3641 4416 inlitiis

2042 4458 2097 4502 et
2127 4448 2272 4502 clare
2301 4448 2702 4511 demonstrant,
2741 4465 2800 4509 se
2828 4451 2894 4504 de
2918 4449 3006 4504 illa
3066 4451 3208 4505 male
3261 4454 3485 4506 srutire.
3523 4451 3641 4506 Pri-

2046 4554 2192 4593 mum
2222 4538 2465 4593 omnium
2503 4556 2609 4593 non
2662 4540 2825 4595 licere
2853 4534 2928 4595 ait
2986 4540 3071 4597 lex
3135 4540 3226 4594 ulli
3290 4544 3636 4623 optimatum,

349 4633 475 4687 οὐδὲ
501 4631 612 4685 τῶν
642 4631 826 4702 ἱερῶν,
859 4633 955 4686 καὶ
990 4625 1070 4696 οἷς
1097 4631 1155 4685 δὲ
1196 4633 1504 4705 ἐπέτρεψαν
1559 4635 1670 4698 τοῖς
1722 4634 1935 4705 χείροσι

2053 4648 2222 4701 neque
2266 4633 2610 4685 sacerdotum
2687 4632 2944 4686 fenerari.
2998 4633 3209 4699 Quibus
3275 4646 3455 4688 autem
3518 4650 3642 4703 per-

248 4702 255 4707 .
354 4725 454 4795 μὲν
482 4725 675 4795 πλείω,
706 4727 814 4788 τοῖ,
849 4724 1080 4795 βελτίοσι
1111 4725 1168 4778 δὲ
1216 4702 1424 4779 ἐλάττω
1454 4702 1773 4796 λαμϐάνειν.
1812 4721 1940 4804 Ἆρ’

350 4813 446 4871 οὖν
479 4816 643 4869 καλὸν
672 4816 905 4887 ἡγοῦντο
929 4817 1059 4883 τοὺς
1100 4816 1293 4878 τόκους
1327 4818 1419 4885 (al.
1451 4817 1671 4888 νόμους)
1705 4816 1798 4870 καὶ
1855 4816 1940 4869 δίο

330 4928 530 4977 ¹κιιιον,
562 4910 699 4973 ὅλως
728 4910 785 4963 δὲ
833 4908 1065 4978 νόμονῆ
1116 4907 1226 4961 τῶν
1281 4909 1343 4963 οὐ
1396 4908 1516 4963 λίαν
1556 4910 1811 4981 αἰσχρῶν
1864 4903 1939 4965 ὧν

352 5005 631 5073 ἀπάγουσι
664 5003 773 5056 τῶν
805 5002 1015 5073 ἀνδρῶν
1045 5004 1173 5065 τοὺς
1207 5001 1486 5070 ἀγαθούς;
1512 5002 1695 5072 νόμων
1720 5002 1830 5073 γὰρ
1862 4999 1940 5056 οἷ-

357 5113 477 5167 μαι,
508 5096 604 5148 καὶ
629 5094 684 5148 εί
705 5112 761 5148 τι
801 5094 998 5165 σεμνὸν
1048 5095 1107 5146 ὲν
1138 5095 1283 5156 ιταίς
1332 5094 1522 5147 πόλεσι
1576 5093 1779 5164 μᾶλλον
1837 5095 1937 5164 μὲν

354 5190 656 5260 προσήκειν
688 5187 795 5240 τῶν
817 5185 1048 5240 πολιτῶν
1075 5187 1185 5248 τοῖς
1216 5186 1485 5255 ἀρίστοις,
1512 5181 1673 5258 ἦττον
1718 5186 1775 5239 δὲ
1829 5190 1939 5251 τοῖς

354 5286 585 5354 χείροσι,
628 5282 722 5336 καὶ
750 5282 860 5344 τοῖς
891 5280 990 5350 μὲν
1019 5278 1258 5349 πρώτοις
1287 5280 1340 5331 oi.
1364 5279 1653 5347 νομοθέται
1670 5281 1943 5350 διαλέγον-

353 5393 468 5446 ται,
496 5376 773 5447 δευτέροις
802 5373 858 5428 δὲ
877 5375 987 5436 τοῖς
1013 5374 1262 5426 ἐλάττοσι
1288 5370 1367 5442 τῷ
1392 5375 1516 5434 τοὺς
1542 5371 1642 5442 μὲν
1663 5374 1940 5443 ἡγεμόνας

354 5468 450 5523 τοῦ
481 5468 692 5531 δέοντος
718 5463 882 5532 εἶναι,
910 5466 1036 5529 τοὺς
1065 5464 1122 5519 δὲ
1169 5464 1468 5535 ἀπομένους
1515 5464 1828 5533 φυλάττειν,
1855 5468 1940 5519 ὲν-

353 5558 529 5614 ταῦθα
576 5559 633 5612 δὲ
656 5559 965 5611 τούναντίον
992 5555 1136 5610 ἅπαν
1168 5556 1309 5622 ἐστὶ,
1335 5555 1429 5608 καὶ
1461 5555 1635 5609 τόκων
1664 5557 1942 5627 ἡγήσαντο

361 5652 458 5722 μὲν
493 5653 542 5706 οἱ
581 5649 980 5722 μοχθηρότατοι
1011 5649 1120 5701 τῶν
1166 5647 1491 5720 ἀνθρώπων,
1529 5648 1826 5703 ἓπονταιδὲ
1859 5642 1940 5712 οἷς

356 5743 531 5799 ἔνεστί
559 5762 612 5797 τι
645 5742 755 5795 τῶν
782 5741 999 5811 τρόπων
1032 5738 1265 5805 τούτων,
1298 5742 1390 5792 καὶ
1436 5740 1681 5809 τοσούτῳ
1735 5740 1940 5807 μᾶλλον

357 5840 468 5907 ὅσῳ
502 5838 599 5909 τῆς
631 5836 869 5906 ἐσχάτης
919 5834 1250 5903 κακοηθείας
1310 5830 1448 5885 εἰσὶν
1501 5834 1804 5904 ἐγγυτέρω.
1841 5834 1940 5887 Διά

359 5930 533 5985 ταῦτα
566 5929 664 5984 καί⁵
691 5930 802 5992 τοῖς
825 5925 1143 5998 νομοθέταις
1171 5923 1314 5978 οὕτω
1344 5923 1552 5994 γράψαι
1580 5925 1710 5995 περὶ
1735 5926 1940 5981 τούτων

2047 4724 2313 4787 mittatur,
2346 4724 2399 4776 in
2430 4723 2514 4776 his
2542 4722 2704 4777 liccre
2734 4722 3018 4776 vilioribus
3047 4740 3109 4777 ac
3132 4723 3339 4792 plebeis
3372 4725 3636 4792 majorem

2045 4830 2294 4881 usuram,
2353 4814 2675 4868 melioribus
2733 4825 2788 4868 et
2855 4814 3305 4881 honoratior-ibus
3368 4816 3636 4871 minorum

2044 4906 2312 4976 accipere.
2361 4906 2442 4960 An
2499 4906 2599 4972 illi,
2657 4906 2913 4967 obsecro,
2988 4905 3127 4960 hanc
3178 4905 3350 4976 legem
3412 4908 3639 4961 omnino

2044 5000 2239 5067 legem,
2273 5008 2325 5053 et
2357 4999 2515 5055 lenus
2538 5000 2740 5053 bonum
2782 5000 3100 5070 acjustnm,
3146 5013 3214 5054 an
3256 5011 3413 5070 turpe
3458 5001 3640 5070 potius
3718 5025 3721 5029 ν

2042 5094 2364 5160 credebant,
2401 5109 2573 5163 atquo
2623 5094 2770 5145 viros
2833 5093 3008 5147 bonus
3073 5093 3399 5162 excipiunt?
3429 5093 3639 5163 Opinor

2044 5187 2191 5241 enim
2229 5186 2401 5255 leges,
2435 5186 2537 5239 etsi
2599 5185 2733 5251 quid
2776 5184 3065 5238 honestum
3121 5199 3187 5240 ac
3244 5193 3494 5240 sanctum
3551 5194 3639 5239 est

2045 5276 2100 5334 in
2133 5277 2377 5337 civitate.
2413 5274 2590 5343 magis
2644 5280 2841 5329 decere
2885 5273 3126 5343 Optimos
3184 5273 3410 5338 civium,
3470 5289 3635 5343 quam

2048 5370 2235 5421 iazcem
2277 5365 2446 5434 vulgi.
2491 5365 2567 5419 Ac
2601 5363 2666 5419 de
2695 5363 2804 5418 illis
2862 5363 3080 5435 quidem
3136 5366 3189 5419 in
3252 5366 3443 5434 primis
3475 5364 3640 5434 legis-

2043 5463 2246 5517 latores
2304 5460 2627 5529 loquuntur,
2666 5462 2731 5513 de
2781 5457 2983 5514 inlimis
3032 5458 3439 5523 sccundoloco,
3488 5457 3637 5527 quod

2046 5552 2123 5606 illi
2160 5552 2418 5606 nimirum
2483 5551 2538 5604 in
2599 5551 2812 5621 legibus
2861 5551 3146 5606 servandis
3193 5551 3427 5604 aliorum
3469 5551 3639 5605 duces

2043 5660 2165 5700 esse
2193 5644 2450 5709 debeant,
2481 5657 2622 5713 quos
2677 5644 2920 5713 ipsorum
2951 5644 3193 5714 vestigiis
3249 5643 3507 5697 convenit
3558 5645 3643 5699 in-

2043 5736 2259 5793 sistere.
2290 5735 2389 5790 Hic
2415 5744 2599 5790 autem
2643 5736 2804 5805 plane
2831 5751 2992 5790 secus
3023 5735 3229 5803 evenit,
3270 5745 3326 5791 et
3390 5737 3445 5791 in
3471 5753 3641 5792 usura

2045 5827 2440 5901 improbissimi
2501 5829 2815 5884 mortalium
2876 5831 3239 5900 pra-cedunt;
3309 5841 3641 5900 sequuntur,

2047 5925 2248 5996 quibus
2275 5923 2537 5995 quiddam
2579 5939 2796 5981 morum
2829 5924 3061 5981 istorum
3111 5925 3374 5993 adhreret,
3407 5938 3460 5984 et
3491 5937 3648 5982 tanto
3722 5950 3731 5959 -
