4036 6444
447 387 557 450 743

1727 379 2038 445 NICOLAI

2162 377 2355 439 lBASl
2369 363 2479 437 lxii
3602 367 3689 435 7M.

448 495 877 568 magis,quanto
928 510 1197 566 supremae
1232 495 1486 567 pravitati
1544 509 1673 551 sunt
1723 496 2035 551 viciniores.

2162 492 2291 557 ἔδοξε
2329 494 2459 556 δεῖν,
2522 490 2764 545 δεικνῦσι
2822 491 2919 561 τὴν
2969 489 3235 561 πονηρίαν
3281 489 3374 542 τοῦ
3407 486 3692 558 πράγματος

447 585 679 652 Idcirco,
712 602 838 643 cum
863 588 1269 659 legislatoribus
1304 588 1482 644 visum
1511 589 1582 644 sit
1604 589 1677 643 ita
1726 590 2046 649 decernere,

449 678 531 733 rei
584 680 916 749 perversitas
949 679 1075 734 inde
1123 688 1371 750 apparet.
1427 679 1691 736 Pessimis
1755 680 2048 750 plurimum

461 768 726 834 fenerari,
761 771 984 840 optimis
1012 786 1357 841 nequaquam
1385 773 1539 827 aiunt
1567 774 1862 828 convenire
1886 791 1901 840 ;
1925 773 2051 827 reli-

454 859 607 927 quis,
644 872 754 929 quo
777 859 893 914 sint
935 861 1210 917 meliores.
1250 875 1316 915 eo
1355 877 1385 915 a
1439 863 1627 917 fenore
1679 862 1854 933 magis
1911 872 2050 916 lem.

451 962 647 1017 perare
675 966 689 1015 ;
721 966 830 1020 quo
869 950 1208 1014 vitiosiores,
1236 966 1302 1005 eo
1333 967 1391 1007 se
1424 952 1478 1006 in
1544 954 1595 1007 id
1635 954 1810 1023 magis
1877 953 2054 1008 effun-

453 1043 605 1096 dere.
647 1040 887 1107 Quinam
930 1059 1127 1096 usuras
1153 1046 1422 1114 quispiam
1486 1045 1733 1100 strictius
1771 1054 1935 1109 vetet,
1998 1055 2054 1101 et

454 1147 485 1184 e
518 1133 798 1201 republica
839 1136 1165 1204 proscribat,
1220 1152 1383 1205 quam
1450 1136 1761 1192 istiusmodi
1801 1138 2053 1207 legibus?

453 1222 811 1281 Fcncratores
843 1225 1045 1296 quippe
1079 1242 1176 1295 per
1219 1229 1467 1283 homines
1511 1229 1794 1297 improbos
1844 1227 2049 1297 quibus

452 1315 595 1368 hanc
625 1316 901 1370 licentiam
937 1319 1286 1386 impertittnl,
1313 1321 1684 1385 dedecorant;
1718 1330 1771 1373 et
1801 1320 1903 1374 hoc
1947 1319 2054 1374 illis

452 1406 783 1474 supplicium
815 1406 1088 1479 irrugatur
1119 1409 1260 1478 apud
1292 1426 1389 1464 eos
1438 1410 1534 1480 qui
1596 1410 1933 1480 patrocinari
1979 1411 2057 1464 vi-

2155 586 2388 646 καὶτοῖς
2426 583 2525 652 μὲν
2580 583 2941 652 φαυλοτάτοις
2988 583 3099 637 τῶν
3134 581 3346 652 ἀνδρῶν
3401 581 3613 635 πλεῖστα
3640 579 3696 652 δὴ

2154 676 2456 745 προσήκειν
2489 679 2620 743 φασὶ
2644 675 2843 736 τόκων,
2877 674 3080 744 ἥκιστα
3100 673 3156 726 δὲ
3184 674 3299 735 τοῖς
3333 669 3580 742 ἀρίστοις,
3604 670 3696 722 τῶν

2152 767 2200 819 δ’
2230 766 2405 821 ἄλλων
2437 767 2545 833 ὅσῳ
2575 766 2674 836 μὲν
2704 767 3074 837 χρηστότητος
3110 764 3357 833 περίεστι
3382 762 3604 831 τρόπων,
3625 775 3702 811 το-

2157 860 2316 914 σοῦτο
2343 861 2622 915 καὶτόκων
2640 861 2886 926 ἀπεῖναι,
2923 859 3032 927 ὅσῳ
3056 857 3114 911 δὲ
3148 857 3366 928 μέτεστι
3399 851 3693 927 μοχθηρίας,

2152 953 2376 1006 τοσοῦτο
2399 952 2495 1006 καὶ
2516 953 2692 1006 τόκων
2724 955 2989 1023 μετεῖναι.
3017 952 3124 1005 Καὶ
3149 950 3263 1013 πῶς
3304 949 3369 1004 ἄν
3409 964 3489 1010 τις
3526 944 3704 1015 μᾶλλον

2156 1048 2360 1098 ἀπεῖπε
2382 1045 2577 1109 τόκους
2607 1046 2826 1116 καὶτῆς
2856 1044 3129 1106 πολιτείας
3159 1039 3461 1110 ἐξέϐαλενῆ
3500 1036 3705 1090 τοιαῦτα

2153 1137 2500 1205 νομοθετῶν;
2529 1139 2607 1190 Δι’
2646 1132 2722 1192 ὧν
2741 1139 2849 1209 γὰρ
2902 1136 3121 1205 φαύλων
3161 1133 3368 1202 ἀνδρῶν
3400 1131 3622 1184 τίθενται
3654 1128 3708 1181 τὺ

2154 1227 2296 1281 οὓτω
2326 1228 2630 1297 κερδαίνειν
2677 1228 2805 1289 τοὺς
2834 1229 3088 1289 τοκιστάς
3132 1223 3455 1296 ἀτιμάζουσι
3481 1222 3576 1293 (αι.
3609 1223 3711 1289 ἀτιέ

2160 1320 2343 1391 μοῦσι)
2368 1321 2463 1374 καὶ
2485 1326 2642 1375 τοῦτο
2673 1321 2891 1384 κόλασίς
2918 1322 3066 1373 ἐστιν
3093 1319 3279 1380 αὐτοῖς
3340 1318 3487 1387 παρὰ
3510 1316 3614 1376 τοῖς
3640 1313 3712 1365 ὀο-

2158 1413 2316 1467 κοῦσι
2375 1416 2734 1484 συνηγορεῖν·
2784 1414 2881 1467 καὶ
2900 1413 3011 1483 γάρ
3060 1411 3156 1464 καὶ
3185 1409 3380 1479 ἀτιμία
3425 1407 3483 1460 τὸ
3508 1407 3712 1475 ἀρχαῖον

452 1497 679 1552 dentur.
720 1498 939 1554 Etenim
978 1503 1279 1569 ignominia
1313 1519 1530 1573 quoque
1563 1503 1892 1558 criminibus
1920 1519 2059 1557 non-

2162 1506 2323 1569 ὲνίοις
2345 1505 2456 1558 τῶν
2488 1505 2662 1577 ὲγκλη
2674 1506 2861 1577 μάτων
2886 1504 3074 1571 ἔκειτο
3106 1503 3253 1570 δίκη.
3282 1503 3378 1555 καὶ
3406 1500 3591 1552 τούτου
3617 1496 3714 1549 τῶν

454 1590 622 1646 nullis
644 1593 919 1661 quondam
964 1609 1060 1662 pro
1113 1610 1276 1663 poma
1307 1595 1674 1667 inﬂigcliatur,
1702 1606 1754 1652 et
1783 1612 1845 1652 ea
1879 1595 2057 1651 Graeci

456 1684 659 1739 multos
740 1684 1165 1741 scelestissimos
1255 1691 1749 1759 prosequebantur.
1806 1689 2058 1744 ambula-

2159 1598 2550 1669 πονηροτάτων
2611 1599 2825 1662 πολλοῖς
2859 1600 3131 1668 ἐτίμησαν
3156 1595 3438 1665 Ἕλληνες,
3472 1592 3563 1645 καὶ
3581 1605 3718 1657 περι-

2157 1687 2329 1759 ῄεσαν
2391 1689 2580 1759 ἄτιμοι
2618 1689 2776 1758 δίκην
2824 1687 2972 1741 τοῦτ’
3003 1687 3134 1741 αὐτὸ
3157 1687 3412 1747 διδόντες,
3442 1676 3514 1737 ῶν
3544 1682 3615 1741 εις
3632 1677 3719 1747 τὴν

462 1777 708 1845 hantque
737 1778 994 1847 infames,
1035 1790 1090 1839 et
1129 1799 1249 1853 quae
1305 1784 1385 1836 vel
1427 1783 1482 1837 in
1521 1784 1916 1851 rempublicam
1970 1779 2055 1838 vel

2162 1782 2316 1835 πόλιν
2342 1782 2380 1852 ἡ
2412 1800 2533 1835 τινα
2570 1783 2681 1836 τῶν
2717 1782 2944 1835 ἰδιωτῶν
3003 1781 3346 1851 ἐξήμαρτον
3374 1777 3470 1830 καὶ
3515 1774 3721 1833 τούτους

461 1868 518 1921 in
597 1871 867 1937 privatum
956 1876 1335 1941 admisissent,
1420 1875 1514 1929 tali
1576 1873 2054 1929 animadversione

2162 1874 2267 1946 γὰρ
2290 1849 2520 1943 ἀτίμους
2547 1875 2809 1939 ἐπιεικῶς
2840 1849 3206 1942 ἀποφαίνουσι
3230 1872 3300 1926 δι’
3333 1866 3409 1925 ῶν
3450 1867 3484 1923 ἀ
3511 1869 3616 1930 τοῖς
3650 1882 3721 1918 τι-

456 1960 703 2029 piabant.
758 1954 869 2018 Nec
929 1967 1111 2037 inepte
1165 1967 1401 2022 infames
1469 1967 1726 2030 reddunt,
1768 1967 1897 2022 dum
1932 1981 2056 2037 qua}

458 2053 782 2110 IllcliOtlbUS
815 2058 1111 2113 interdicta
1144 2071 1294 2124 sunt,
1324 2074 1515 2114 eorum
1575 2059 1683 2114 illis
1729 2069 2051 2129 potestatem

456 2141 782 2210 largiuntur.
814 2145 1064 2202 Paridem
1100 2147 1299 2203 fabula:
1334 2157 1565 2203 narrant
1622 2150 1771 2218 pomi
1837 2150 2057 2217 adludi-

456 2235 678 2290 catione
701 2238 928 2293 dearum
962 2240 1391 2310 pulcherrimam
1449 2242 1785 2309 offendisse:
1822 2243 1877 2297 hi
1929 2258 2058 2298 vero

461 2328 620 2380 lucro
651 2327 822 2399 impio
848 2335 1237 2402 permittendo,
1263 2335 1513 2390 homines
1548 2336 1868 2391 iubanestos
1892 2344 2058 2407 atque

458 2418 740 2488 improbos
817 2422 1116 2479 declarant.
1185 2428 1255 2479 Et
1332 2435 1391 2481 ut
1479 2428 1864 2482 indumentum
1950 2430 2057 2484 vile

459 2511 853 2582 putridumque
928 2516 1084 2572 dives
1156 2518 1344 2573 nullus
1409 2528 1705 2589 aspexerit,
1774 2521 2061 2578 mendicus

459 2615 654 2658 contra
689 2606 822 2661 illud
854 2609 1107 2679 accipiat,
1138 2620 1192 2665 et
1220 2626 1285 2666 eo
1313 2626 1372 2667 se
1402 2620 1697 2683 contegat:
1726 2612 1808 2667 sic
1840 2612 2053 2667 lucrum

458 2710 527 2749 ex
561 2712 727 2752 usura
749 2710 992 2769 partum,
1023 2703 1174 2757 velut
1208 2718 1239 2759 e
1270 2704 1502 2760 cordace
1557 2705 1889 2773 (saltationis
1957 2709 2060 2761 im-

460 2785 676 2855 pudica:
728 2804 904 2863 genus
945 2791 1048 2861 est)
1100 2800 1247 2846 aute
1307 2802 1626 2860 stuprorum
1682 2794 2059 2863 perpessione,

460 2889 560 2933 aut
602 2894 636 2934 e
686 2861 750 2935 re
800 2881 987 2952 aliqua
1048 2885 1264 2952 impura
1319 2885 1653 2952 mercedem,
1713 2886 1843 2939 boni
1900 2886 2062 2941 malis

461 2974 767 3030 dimittunt.
829 2976 947 3043 Qua
996 2993 1158 3048 pmna
1216 2994 1340 3049 quae
1397 2982 1615 3034 tandem
1671 2980 1959 3049 acerbior,
2015 2982 2061 3036 si

463 3080 594 3121 vero
625 3067 789 3123 homo
821 3069 922 3133 sis,
952 3086 1007 3124 et
1042 3086 1166 3140 quae
1218 3071 1497 3128 hominem
1561 3073 1760 3127 decent
1826 3074 2063 3142 appetis.

464 3166 520 3213 ct
545 3173 652 3214 non
687 3160 741 3214 in
771 3160 1018 3218 humana
1067 3163 1239 3235 figura
1304 3181 1456 3220 suem
1514 3166 1789 3221 imitaris?
1843 3166 2062 3237 Perspi-

464 3266 631 3305 cuum
660 3260 742 3306 est
767 3251 939 3322 igitur
965 3270 1189 3312 usuram
1222 3272 1323 3314 nec
1351 3257 1499 3330 ipsos
1535 3258 1631 3328 qui
1689 3274 1810 3314 eam
1864 3274 2059 3315 conce-

467 3343 606 3397 dunt
633 3354 785 3400 extra
806 3346 1020 3402 crimen
1053 3363 1276 3417 ponere.

540 3435 682 3503 Quid
738 3453 873 3509 ergo
924 3440 997 3493 ita
1048 3442 1348 3497 sanciunt?
1398 3441 1597 3512 inquit.
1653 3442 2057 3514 lmprobitatem

466 3538 615 3583 tuam
646 3532 892 3587 terminis
925 3534 1407 3604 circumscribunt,
1435 3553 1505 3592 ne
1534 3537 1635 3606 ipsi
1661 3539 1796 3595 sorti
1825 3539 2057 3609 aequale,

466 3631 561 3675 aut
595 3623 754 3691 paulo
784 3623 970 3681 minus
1033 3627 1295 3697 accipias,
1328 3628 1423 3683 sed
1484 3628 1687 3694 discas,
1745 3644 2060 3699 quanquam

469 3714 699 3776 invitus,
728 3715 1083 3772 mediocriter
1124 3734 1247 3774 esse
1284 3735 1522 3789 nequam
1556 3738 1571 3774 :
1601 3723 1880 3791 quomodo
1931 3723 2059 3777 item

469 3808 845 3875 petulantibus
883 3807 1102 3866 femina:
1124 3813 1425 3868 meritoria:
1491 3813 1907 3884 permittuntur,
1956 3830 2063 3871 nec

470 3899 700 3955 urbibus
730 3903 1114 3969 cxturbantur,
1149 3905 1215 3960 ad
1268 3905 1447 3974 majus
1495 3906 1699 3960 malum
1755 3907 2059 3962 cavendum

469 3990 743 4055 videlicet,
783 4007 850 4047 ne
882 4004 1179 4063 nuptarum
1231 3994 1491 4065 pudicitia
1526 3996 1791 4052 insidiose
1832 4004 2065 4053 attente-

471 4091 584 4135 tur.
617 4081 778 4148 Quod
832 4083 961 4138 inde
1021 4086 1215 4139 clatet.
1261 4086 1492 4142 Etenim
1545 4089 1798 4143 concessi
1860 4088 2065 4148 fenoris

471 4174 693 4228 modum
779 4175 1062 4231 transilire
1141 4186 1455 4242 vetuerunt,
1547 4180 1691 4235 intra
1743 4183 1962 4236 modum
2005 4200 2065 4239 se

470 4274 660 4320 tenere
691 4266 917 4321 minime
964 4274 1278 4323 vetuerunt.
1333 4268 1400 4325 Et
1443 4271 1659 4327 danista
1714 4274 1834 4345 plus
1896 4290 2062 4344 quam

471 4356 832 4411 constitutum
864 4367 949 4414 est
988 4373 1097 4413 non
1124 4361 1376 4430 accipiet.
1428 4365 1643 4419 etiamsi
1694 4369 2062 4438 syngrapham

2162 1968 2310 2035 μὶοις
2344 1967 2616 2038 ἀπείρητο
2648 1966 2757 2019 τῶν
2790 1966 3005 2037 ἀνδρῶν
3045 1968 3226 2029 αὐτοῖς
3257 1960 3615 2036 συγχωροῦσι,
3638 1957 3721 2011 καὶ

2157 2057 2252 2111 τὸν
2280 2057 2379 2126 μὲν
2420 2057 2771 2128 Ἀλέξανδρον
2804 2059 2832 2111 ὁ
2862 2058 3032 2128 μῦθος
3062 2054 3183 2110 εἷπε
3206 2059 3274 2127 τῇ
3307 2055 3403 2108 τοῦ
3442 2052 3608 2123 μήλου
3632 2049 3724 2102 δω-

2164 2147 2260 2217 ρεᾷ
2286 2144 2455 2212 δεῖξαι
2485 2147 2584 2215 τὴν
2608 2147 2805 2218 καλήν.
2847 2149 2911 2201 Oi
2948 2147 3005 2200 δὲ
3035 2147 3162 2209 τοὺς
3192 2144 3458 2216 αἰσχροὺς
3485 2143 3575 2196 καὶ
3601 2138 3725 2209 φαύ-

2158 2239 2286 2302 λους
2317 2238 2393 2309 τῷ
2424 2236 2609 2302 κακῶς
2640 2238 2947 2309 κερδαίνειν
2967 2240 3203 2309 ἐφεῖναι,
3228 2238 3326 2290 καὶ
3352 2235 3596 2318 καθάπερ
3615 2232 3726 2301 ἰμά-

2158 2349 2274 2385 τιον
2297 2332 2517 2393 εὐτελὲς
2564 2331 2659 2386 καὶ
2689 2332 2901 2403 σαπρὸν
2928 2332 3038 2386 τῶν
3066 2331 3168 2401 μὲν
3202 2330 3459 2400 εὐπόρων
3488 2327 3610 2380 ἰδεῖν
3630 2321 3727 2377 οὐδ’

2162 2425 2437 2495 ἀνάσχοιτ’
2460 2424 2527 2478 ἂν
2554 2426 2755 2490 οὐδεὶς,
2784 2430 3016 2496 πένητος
3037 2423 3082 2477 δ’
3103 2423 3168 2476 ἂν
3193 2422 3280 2493 εἴη
3324 2417 3618 2490 δυστυχοῦς
3648 2412 3730 2468 καὶ

2150 2517 2452 2575 ὀνελέσθαι
2492 2519 2587 2572 καὶ
2618 2516 3040 2589 περιϐαλέσθαι.
3069 2518 3161 2568 τὸν
3198 2515 3317 2569 ῖσον
3351 2514 3550 2585 τρόπον
3578 2506 3732 2562 καὶτὸ

2158 2612 2312 2681 ’παρά
2338 2610 2449 2665 τῶν
2470 2612 2643 2665 τόκων
2674 2612 2887 2682 κέρδος,
2917 2609 3105 2681 ῶσπερ
3140 2610 3249 2663 ἀπὸ
3300 2608 3566 2680 κόρδακος
3594 2603 3625 2672 ἦ
3658 2599 3733 2670 μί·

2162 2705 2356 2772 σθωμα
2404 2705 2437 2774 ἢ
2468 2704 2595 2757 ἀλλο
2645 2722 2698 2757 τι
2720 2706 2828 2757 τῶν
2858 2703 3099 2774 αἰσχρῶν
3124 2703 3238 2766 τοῖς
3269 2701 3499 2771 φαύλοις
3520 2697 3735 2767 ἀπέρῤιο

2161 2800 2291 2868 ψαν,
2320 2797 2418 2852 καὶ
2444 2800 2522 2860 τίς
2557 2796 2623 2851 ἂν
2656 2795 2781 2867 δι’κη
2811 2796 3023 2863 γένοιτο
3043 2795 3240 2866 χείρων
3272 2796 3424 2857 εῖτις
3448 2791 3520 2854 ὡς
3540 2786 3736 2857 ἀληθῶς

2162 2892 2451 2963 ἄνθρωπος
2483 2894 2574 2944 καὶ
2607 2891 2706 2956 τὰς
2770 2888 3046 2960 ἀνθρώπῳ
3101 2890 3424 2958 πρεπούσας
3462 2880 3739 2948 ἐπιθυμίας

2164 2982 2301 3055 ἔχει,
2331 2985 2425 3037 καὶ
2445 2987 2520 3055 μὴ
2544 2983 2678 3055 πρὸς
2707 2981 2807 3054 τὴν
2835 2982 2946 3033 ὑῶν
2983 2980 3253 3052 ἁρμονίαν
3287 2982 3567 3052 ἥρμοσται
3593 2993 3609 3043 ς
3642 2975 3739 3026 Φα-

2165 3078 2322 3141 νερδν
2352 3078 2536 3130 τοίνυν
2564 3077 2639 3140 ὡς
2669 3075 2781 3129 οὐδ’
2806 3077 2855 3129 οἰ
2876 3073 3292 3147 συγχωροῦντες
3319 3074 3477 3128 αὐτοὶ
3503 3070 3623 3133 τοὺς
3665 3066 3743 3119 τό·

2172 3184 2297 3232 κους
2332 3169 2510 3232 αίτίας
2550 3169 2770 3237 ἀφιᾶσι.

2232 3433 2301 3489 Τί
2330 3433 2427 3488 οὖν
2457 3433 2810 3506 νομοθετοῦσι
2830 3454 2845 3502 ;
2865 3436 3053 3508 φησίν.
3073 3436 3277 3509 Ὅρους
3310 3436 3558 3501 τιθέντες
3579 3436 3643 3505 τῇ
3666 3449 3749 3486 πο-

2161 3527 2327 3600 νηρίᾳ
2353 3527 2441 3582 τνα
2474 3529 2539 3582 σὺ
2581 3528 2658 3600 μὴ
2690 3528 2800 3603 τῶν
2822 3528 3068 3600 ἀρχαίων
3096 3529 3271 3593 τσους,
3309 3530 3346 3598 ἦ
3379 3529 3576 3601 μικρὸν
3609 3525 3749 3581 ἐλάτ-

2160 3638 2288 3683 τους
2313 3621 2617 3696 λαμϐάνῃς,
2648 3621 2767 3676 ἀλλ’
2807 3622 2956 3693 εἰδῇς
2989 3623 3082 3676 καὶ
3126 3622 3279 3678 ἄκων
3342 3622 3584 3696 μετρίως
3621 3615 3751 3673 εἶναι

2167 3714 2478 3785 μοχθηρόςο
2520 3714 2775 3793 καθάπερ
2834 3715 2929 3769 καὶ
2979 3716 3079 3778 τὰς
3132 3714 3367 3786 ἑταίρας
3419 3711 3750 3786 συγχωροῦσι

2161 3809 2274 3871 τοῖς
2302 3807 2659 3873 ἀκολάστοις,
2688 3809 2785 3862 καὶ
2817 3809 2927 3862 τῶν
2962 3809 3173 3864 πόλεων
3211 3810 3321 3864 οὐκ
3348 3810 3675 3864 ἐκϐάλλουσι
3698 3803 3754 3857 τὸ

2163 3902 2349 3971 χεῖρον
2385 3901 2784 3971 φυλαττόμενοι
2813 3900 3003 3965 κακδν,
3049 3901 3118 3954 ἶν’
3148 3902 3199 3954 οἱ
3240 3903 3423 3974 γάμοι
3482 3900 3560 3972 μὴ
3603 3899 3753 3953 πολε-

2106 4048 2111 4053 .
2167 3993 2397 4062 μῶνται.
2429 3994 2599 4065 Δῆλον
2638 3994 2695 4048 δέ
2717 4010 2733 4027 ο
2767 3993 2861 4047 καὶ
2896 3993 3007 4064 γάρ
3035 3993 3144 4047 τῶν
3173 3993 3450 4049 τεθέντων
3468 3994 3664 4055 τόκων.
3702 3990 3756 4044 τὸ

2167 4083 2365 4154 μέτρον
2431 4082 2784 4151 ὑπερϐαίνειν
2842 4082 2941 4150 μὲν
3004 4080 3313 4147 ἐκώλυσαν,
3356 4085 3495 4138 εῐσω
3547 4084 3606 4136 δὲ
3662 4098 3754 4150 χω·

2169 4180 2306 4246 ρεῖν,
2332 4176 2609 4246 οὐδαμῶς,
2631 4176 2730 4229 καὶ
2752 4175 2860 4228 τῶν
2885 4174 3210 4246 ὡρισμένων
3267 4176 3453 4246 μείζω
3511 4176 3611 4246 μὲν
3664 4173 3756 4227 οὐκ

2165 4268 2231 4321 ἂν
2260 4267 2738 4338 λάσοιδανειστὴς,
2767 4266 2869 4321 κάν
2917 4268 2984 4319 τά
3041 4272 3409 4338 γραμματεῖα
3468 4270 3633 4340 φέρῃ,
3663 4264 3755 4318 κᾶν

2169 4359 2376 4431 σφόδρα
2406 4359 2859 4431 καθομολογήσας
2890 4361 2918 4412 ὁ
2961 4359 3313 4430 χρησάμενος
3342 4358 3511 4433 τύχῃ,
3562 4357 3757 4411 ἐλάττω

472 4450 751 4514 exhibeat,
781 4457 830 4505 et
861 4450 1132 4508 obaeratus
1164 4453 1217 4509 id
1275 4455 1432 4511 valde
1483 4461 1859 4527 spoponderit.
1916 4460 2060 4515 Idem

2166 4450 2224 4504 δὲ
2249 4452 2343 4504 καὶ
2372 4449 2520 4520 μάλα
2551 4448 2729 4516 ἔξεστι
2756 4450 2849 4504 καὶ
2909 4451 3204 4505 συνθέσθαι
3262 4452 3330 4522 δὴ
3398 4454 3496 4505 καὶ
3560 4449 3752 4505 λασείν.

475 4541 602 4595 hinc
648 4541 998 4601 manifestius
1054 4546 1249 4617 liquet,
1306 4548 1450 4618 quod
1540 4553 1726 4607 minus
1804 4567 1913 4606 non
1982 4562 2060 4608 est

2172 4544 2267 4595 καὶ
2294 4542 2354 4595 τὸ
2374 4542 2758 4619 φανερώτερον
2783 4543 2864 4597 ἔτι
2883 4562 2896 4574 ο
2931 4545 3027 4596 καὶ
3057 4546 3166 4613 γάρ
3194 4544 3310 4596 οὐδ’
3369 4545 3610 4617 ὥρισται
3651 4538 3759 4594 τοῦ-

470 4648 816 4704 cxpressum.
866 4653 966 4694 nec
1034 4648 1095 4694 ut
1155 4642 1314 4696 fenus
1371 4644 1698 4708 maximum,
1752 4645 1827 4698 ita
1899 4646 2060 4699 etiam

2168 4607 2398 4701 λαττον,
2422 4607 2536 4690 066;
2562 4607 2754 4708 ῶθπερ
2795 4638 3051 4706 μέγιστον
3069 4607 3244 4691 ⁷τόκον
3285 4607 3442 4692 οὕτω
3501 4639 3597 4692 καὶ
3647 4633 3757 4689 ἐλά·

474 4727 762 4783 miuimnm
795 4739 881 4784 est
910 4731 1191 4787 decretum
1228 4752 1241 4789 :
1270 4736 1363 4789 sed
1399 4736 1670 4806 integrum
1703 4746 1789 4790 est
1851 4751 2005 4807 semp
2039 4753 2068 4795 ι’

476 4826 722 4872 mutuum
779 4820 932 4887 dare,
1002 4827 1254 4894 quamvis
1310 4826 1525 4880 debitor
1583 4825 1722 4879 nihil
1784 4841 1843 4881 se
1888 4842 2069 4882 usurae

476 4908 697 4964 nomine
768 4911 1025 4967 daturum
1104 4914 1439 4983 paciscatur,
1525 4932 1623 4970 nec
1678 4916 1850 4970 dedit.
1924 4917 2069 4983 Quid

474 5001 830 5068 paciscatur?
882 5002 939 5057 Si
979 5019 1105 5059 cum
1160 5007 1381 5061 silentio
1445 5015 1727 5060 mutuatus
1783 5009 1970 5073 fuerit,
2010 5018 2067 5064 et

474 5092 936 5148 crcditorl'enoris
1000 5111 1108 5151 non
1173 5099 1510 5165 meminerit,
1569 5114 1633 5153 ac
1696 5111 1883 5169 postea
1939 5115 2065 5155 cum

475 5196 625 5239 sorte
657 5186 710 5239 id
740 5189 1076 5256 pOposcerit,
1112 5206 1284 5261 nugas
1320 5201 1467 5261 aget.

545 5278 738 5334 Jamne
769 5280 1034 5350 perspicis
1073 5281 1245 5346 legem
1290 5287 1446 5339 istam
1503 5299 1667 5355 super
1723 5286 1907 5342 usuris
1956 5302 2068 5342 non

477 5385 600 5423 esse
658 5387 857 5426 usuras
908 5373 1232 5439 volentium,
1278 5377 1373 5430 sed
1426 5392 1625 5432 usuras
1670 5380 2072 5434 evertentium?

478 5459 633 5524 Quod
663 5463 709 5517 si
754 5466 805 5518 id
864 5473 971 5517 tam
1002 5465 1176 5520 libere
1204 5476 1502 5537 aperteque
1531 5483 1636 5523 non
1668 5471 1894 5538 faciunt,
1924 5480 1983 5528 ut
2013 5471 2068 5527 in

479 5553 797 5625 sacrilegiis,
830 5565 925 5611 aut
978 5557 1308 5624 latrociniis,
1363 5562 1499 5615 nihil
1557 5562 1777 5630 mirum,
1828 5579 1953 5619 cum
2014 5566 2068 5619 in

481 5643 680 5698 multos
709 5656 970 5714 prmterca
1017 5651 1318 5720 improbus,
1354 5652 1695 5721 legislatorcs
1753 5671 1860 5711 non
1895 5657 2072 5711 anim-

481 5736 842 5802 advertant,a
897 5744 1099 5811 quibus
1157 5755 1337 5799 tamen
1386 5747 1525 5801 Deus
1578 5764 1768 5817 poenas
1833 5753 2072 5821 reposcit

481 5825 889 5885 acerbissimas.
950 5830 1173 5890 Tabulis
1203 5852 1390 5892 eorum
1419 5840 1595 5904 lectis,
1636 5852 1793 5895 neum
1825 5843 2066 5897 invidum

2170 4741 2355 4795 χιστον
2392 4726 2540 4780 ἐστιν
2600 4729 2803 4799 εὑρεῖν,
2838 4727 2955 4780 ἀλλ’
2995 4728 3208 4795 ἔξεστιν
3271 4730 3366 4782 ἀεὶ
3402 4731 3621 4801 μειοῦν,
3668 4728 3761 4780 κᾶν

2172 4820 2435 4890 σύνθηται
2470 4820 2654 4874 δοῦναι
2687 4822 2855 4892 μηδὲν
2901 4823 2929 4874 ὁ
2966 4820 3318 4893 χρησάμενος
3375 4825 3535 4878 οὐδὲν
3580 4824 3755 4877 ἔδωκε.

2172 4913 2282 4966 Καὶ
2320 4913 2373 4966 τί
2406 4913 2549 4982 λέγω
2581 4915 2948 4985 συνθέμενονς
2985 4918 3091 4970 Καὶ
3118 4918 3224 4987 γάρ
3257 4917 3330 4970 ἂν
3382 4922 3570 4990 σιωπῇ
3620 4916 3762 4983 8έῇ-

2171 5023 2263 5058 ται
2289 5006 2351 5059 τὸ
2401 5008 2639 5074 δάνειον,
2673 5009 2769 5062 καὶ⁵
2808 5012 2837 5063 ὁ
2893 5012 3104 5080 χρήσας
3160 5011 3235 5079 μὴ
3296 5012 3526 5082 μνησθῇ
3576 5014 3757 5071 τόκων,

2172 5096 2398 5170 ὕστερον
2432 5103 2573 5169 μετά
2623 5102 2733 5154 τῶν
2779 5105 3029 5173 ἀρχαίων
3086 5102 3155 5156 ἀν
3207 5104 3408 5168 τόκους
3464 5104 3761 5172 ἀπαιτήσῃ.

2170 5190 2236 5260 λη
2246 5195 2425 5259 ρήσει.

2253 5283 2417 5353 Ὁρᾷς
2460 5282 2536 5347 ὡς
2584 5286 2611 5338 ό
2659 5286 2789 5356 περὶ
2821 5286 2997 5340 τόκων
3034 5287 3252 5341 οὐτοσὶν
3299 5289 3478 5362 νόμος
3512 5291 3614 5344 οὐκ
3658 5288 3764 5340 ἐστι

2168 5377 2363 5439 τόκους
2396 5375 2758 5446 βουλομένων,
2793 5377 2910 5431 ἀλλ’
2929 5379 3334 5449 ἀναιρούντωνς
3395 5383 3459 5435 Εἰ
3487 5383 3545 5436 δὲ
3571 5382 3645 5451 μὴ
3678 5394 3763 5431 σα-

2172 5469 2290 5537 φῶς
2322 5468 2487 5536 οὓτω,
2525 5471 2779 5543 καθάπερ
2824 5474 2952 5536 τοὺς
2995 5473 3311 5544 ἱεροσύλους
3350 5475 3384 5545 ἢ
3416 5477 3548 5541 τοὺς
3574 5473 3766 5546 λῃστὰς

2172 5565 2232 5617 οὐ
2262 5564 2370 5635 χρὴ
2398 5564 2723 5635 θαυμάζειν,
2749 5568 2873 5620 ἐπεὶ
2901 5569 2991 5622 καὶ
3040 5568 3255 5633 πολλοῖς
3287 5568 3509 5639 ἑτέροις
3533 5570 3634 5622 οὐκ
3658 5569 3767 5618 ἐπ.-

2171 5656 2410 5725 τιμῶσιν
2434 5659 2484 5710 οἱ
2521 5660 2811 5729 νομοθέται
2837 5661 2946 5713 τῶν
2977 5662 3254 5732 πονηρῶν,
3293 5664 3396 5716 καὶ
3420 5663 3554 5734 παρ’
3580 5657 3654 5716 ὧν
3676 5659 3766 5720 τὰς

2172 5751 2469 5819 ἐσχάταςίό
2497 5750 2630 5812 Θεὸς
2657 5754 3047 5825 εἰσπράττεται
3077 5755 3255 5818 δίκας,
3290 5756 3393 5807 καὶ
3427 5755 3663 5825 βάσανον
3685 5751 3767 5803 οὺ·-

2174 5844 2284 5907 δεὶς
2320 5844 2383 5898 ἂν
2434 5846 2749 5917 εἰσαγαγὼν
2784 5848 2916 5916 ἒὶιοι,
2959 5849 3028 5901 τά
3058 5850 3375 5920 γράμματα
3408 5847 3596 5905 αὐτῶν
3643 5847 3767 5903 ἀνα-
