4036 6474
357 419 470 483 ’ἴίῦ

1375 417 1662 482 ORATIO
1697 417 2004 479 CONTRA
2043 416 2618 477 FENERATORES.

3537 412 3641 478 7ίῦ

357 545 540 613 γνοὺς,
558 539 735 594 καὶτὸ
761 539 1122 609 μνησικακεῖν
1149 535 1378 590 ἐνταῦθα
1403 537 1747 606 πραγμάτων
1776 533 1951 604 ἀπήλ-

2065 533 2124 586 ad
2207 532 2439 586 tribunal
2497 533 2822 588 accersitum
2895 543 3185 605 coarguet;
3254 543 3307 587 et
3365 549 3636 588 rixemores

359 637 556 688 λακται
579 633 672 686 καὶ
701 631 914 685 πολλῶν
940 631 1116 685 ἄλλων
1143 631 1330 682 κακῶν
1366 629 1402 684 ὃ.
1455 628 1554 698 τὴν
1583 628 1808 695 γέενναν
1843 625 1937 676 αὖα

359 727 458 796 τὴν
487 726 793 796 προμνᾶται
823 727 932 786 τοῖς
973 723 1268 792 τολμηταῖς
1300 721 1447 791 παρὰ
1477 722 1588 782 τοῖς
1613 719 1799 788 νόμοις
1841 717 1940 768 οὐκ

359 822 466 874 είσὶ
496 821 667 872 δίκαι’
695 819 756 871 τὸ
783 819 827 870 δ’
855 817 1047 880 αἴτιον,
1081 817 1163 869 ὅτι
1202 816 1377 876 διττὸς
1409 812 1507 882 μὲν
1536 813 1565 864 ὁ
1596 812 1709 881 βίος
1735 810 1937 878 ἀνθρὼ-

358 931 502 977 ποις,
532 912 708 966 διττὸν
735 911 792 963 δὲ
817 911 1188 978 δικαστήριον,
1217 907 1266 960 οί
1293 907 1348 958 δὲ
1382 905 1443 957 οὐ
1486 904 1584 972 τὴν
1641 902 1942 972 μέλλουσαν

357 1007 494 1073 ἡμῖν
555 1004 842 1056 καθιστᾶσι
904 1000 1068 1069 ζωὴν,
1101 997 1223 1050 οὐδὲ
1280 995 1416 1066 πρὸς
1469 993 1530 1046 τὸ
1595 992 1944 1060 δικαστήριον

364 1097 541 1149 ἐκεῖνο
616 1095 942 1163 γράφουσιν,
1021 1089 1154 1144 άλλά
1242 1085 1495 1155 καθάπερ
1580 1084 1692 1143 τοῖς
1744 1081 1944 1151 κυῆερ-

364 1192 555 1260 νήταις
589 1186 760 1256 δήπου
819 1182 970 1252 μέλει
1025 1181 1132 1233 τῶν
1189 1179 1478 1240 πλεόντων,
1527 1174 1629 1236 ἕως
1683 1172 1761 1224 ἔτι
1813 1171 1945 1222 πλὲ-

362 1299 480 1336 ουσι
544 1281 634 1332 καὶ
682 1277 995 1348 περαιτέρω
1049 1274 1158 1327 τῶν
1199 1272 1434 1340 λιμένων
1489 1269 1518 1321 ὃ
1571 1267 1804 1321 συνοίσει
1855 1264 1951 1334 ζη-

359 1380 494 1440 τεῖν,
525 1375 584 1426 οὐ
623 1372 759 1442 πρδς
806 1370 986 1423 αὐτῶν
1043 1367 1320 1435 ἐνόμισαν,
1353 1364 1463 1417 οὐδ’
1503 1362 1568 1415 ἂν
1605 1361 1790 1420 αὐτοῖς
1817 1357 1952 1427 περὶ

365 1470 472 1522 τῶν
521 1469 661 1521 οῑκοι
706 1463 1037 1532 διαλεχθεῖεν
1096 1458 1269 1522 οὐδὲν,
1299 1455 1391 1508 τὸν
1446 1456 1560 1508 ἴσον
1610 1453 1810 1522 τρόπον
1858 1448 1953 1502 καὶ

361 1561 490 1622 τοὺς
548 1556 841 1627 νομοθέτας
879 1553 977 1607 ίδοι
1036 1570 1116 1614 τις
1150 1551 1250 1614 ἂν,
1281 1549 1371 1602 τὸν
1423 1547 1522 1616 μὲν
1573 1541 1802 1596 ἐνταῦθα
1846 1541 1954 1627 τῶν

364 1623 671 1722 ἀνθρώπων
697 1647 992 1707 τάττοντας
1023 1641 1160 1712 βίον,
1199 1641 1278 1702 είς
1313 1637 1368 1690 δὲ
1401 1637 1459 1689 τὸ
1488 1633 1680 1705 μέλλον
1724 1632 1871 1692 ὅπως
1896 1623 1954 1681 εὖ

368 1741 660 1813 πράξουσι,
690 1739 786 1791 καὶ⁸
815 1735 915 1798 τὰς
945 1735 1061 1786 ἐκεῖ
1092 1730 1423 1799 φυλάξονται
1450 1727 1604 1788 δίκας
1645 1723 1804 1789 λόγον
1834 1737 1955 1772 ποι-

365 1811 631 1902 ουμένους
663 1827 774 1882 οὐδ’
803 1824 1066 1889 ὁντινοῦν,
1098 1821 1214 1876 ἀνθ’
1248 1817 1327 1875 ὧν
1359 1819 1510 1872 οὐδὲν
1561 1814 1806 1869 ἐκώλυσε
1831 1811 1959 1872 τοὺς

2048 624 2374 694 injuriarum
2411 640 2506 694 per
2528 641 2620 680 eos
2662 625 2807 686 omni
2842 635 3030 679 carent
3061 627 3308 682 molestia
3337 647 3351 680 :
3386 625 3635 693 complu-

2046 715 2200 769 ribus
2230 716 2358 768 itcm
2393 716 2714 780 sceleribus,
2738 730 2971 784 quorum
3006 717 3116 772 reis
3181 719 3430 788 geheuna
3487 732 3628 786 pne.-

2047 805 2216 858 mium
2252 816 2357 871 est,
2381 806 2590 870 legibus
2618 806 2888 875 supplicia
2914 807 3058 860 nulla
3093 807 3484 861 decernuntur.
3508 807 3633 861 ldeo

2053 897 2336 960 nimirum,
2387 897 2514 966 quia
2575 913 2698 951 cum
2756 899 2972 967 gemina
3022 899 3132 953 vita
3185 900 3256 954 sit
3301 898 3642 960 hominibus,

2049 990 2324 1059 geminum
2359 989 2611 1054 similiter
2638 999 2721 1042 est
2754 989 3045 1058 judicium.
3082 990 3446 1060 chislatol‘es
3476 989 3629 1041 l’utu-

2049 1097 2165 1135 ram
2191 1081 2356 1132 vitam
2406 1080 2568 1136 nobis
2621 1095 2726 1134 non
2787 1079 3012 1140 faciunt.
3049 1095 3150 1136 nec
3211 1081 3352 1150 apud
3394 1081 3648 1159 judicent

2055 1173 2206 1226 illum
2238 1188 2337 1228 nos
2359 1182 2621 1227 accusant
2652 1191 2664 1226 :
2710 1171 2804 1226 sed
2851 1182 2907 1226 ut
2937 1174 3398 1242 gubernatoribus
3423 1174 3475 1226 in
3509 1164 3647 1225 mai"

2056 1281 2201 1319 cru-te
2248 1278 2379 1319 sunt
2440 1273 2711 1328 vectores,
2758 1264 2886 1316 dum
2930 1245 3092 1318 durat
3154 1266 3449 1333 navigatio,
3506 1266 3645 1318 ultra

2057 1371 2272 1429 portum
2302 1358 2433 1428 quid
2483 1359 2552 1412 iis
2584 1357 2874 1422 conducat,
2924 1374 3192 1427 qua-rere,
3248 1373 3474 1413 suarum
3525 1374 3646 1426 par-

2058 1453 2194 1505 tium
2252 1467 2357 1504 non
2407 1460 2663 1513 censent,
2696 1465 2798 1505 nec
2856 1451 2923 1504 de
2971 1451 3286 1506 domesticis
3346 1452 3643 1520 quidquam

2058 1557 2182 1597 cum
2243 1543 2312 1596 iis
2379 1542 2593 1610 agitur:
2649 1542 2720 1594 ita
2754 1549 2807 1595 et
2855 1542 3174 1597 conditores
3228 1543 3402 1611 legum
3462 1543 3643 1598 videas

2060 1633 2224 1685 vitam
2266 1631 2547 1686 hominum
2605 1646 2726 1700 quae
2764 1629 2855 1684 hic
2921 1630 3141 1698 degitur
3195 1629 3541 1684 moderantes
3594 1639 3650 1682 et

2061 1726 2477 1788 constituentes,
2509 1723 2640 1792 quid
2711 1723 2764 1776 in
2827 1721 3071 1776 futurum
3129 1721 3235 1777 illis
3301 1722 3495 1788 ﬁat,et
3543 1737 3648 1792 qua

2065 1817 2274 1869 ratione
2303 1817 2482 1884 pmnis
2541 1815 2894 1884 sempiternis
2951 1813 3260 1877 elabuntur,
3312 1815 3448 1868 nihil
3496 1815 3649 1884 pensi

368 1895 447 1978 ad.
470 1921 729 1977 πολιτικὰ
763 1919 925 1991 μόνον
959 1915 1232 1986 χρηστοὺς
1265 1911 1477 1982 μυρίων
1511 1907 1702 1961 κακῶν
1758 1905 1952 1971 γέμονι

2065 1907 2284 1960 habere.
2328 1903 2698 1971 Quamobrem
2738 1905 2877 1959 nihil
2933 1913 3074 1959 vetat
3111 1906 3163 1958 in
3218 1906 3364 1960 civili
3419 1921 3652 1961 consue-

367 2034 467 2080 τας
499 2014 777 2078 ἀπελθεῖν,
803 2007 1076 2071 καὶδόξαν
1099 2003 1400 2064 ἐπιεικείας
1442 1997 1676 2052 ἐνταῦθα
1727 1995 1822 2046 καὶ
1869 1992 1949 2043 δι-

369 2108 666 2175 καιοσύνης
703 2104 970 2164 λαϐόντας
995 2101 1077 2163 είς
1113 2097 1240 2159 τοὺς
1275 2092 1677 2164 πονηροτάτους
1705 2088 1820 2140 ἐκεῖ
1854 2099 1949 2135 τε-

370 2205 526 2257 λέσαι
559 2201 655 2256 καὶ
683 2197 791 2251 τῶν
817 2196 1076 2266 χειρόνων
1110 2191 1308 2260 ψήφων
1337 2188 1540 2257 τυχεῖν.

447 2382 509 2434 ΕΞ
527 2379 574 2432 δ’
598 2377 742 2431 οὕτω
770 2375 968 2438 ταῦτα,
1007 2370 1105 2426 καὶ
1137 2367 1306 2440 χωρὶς
1343 2366 1444 2436 μὲν
1475 2365 1531 2416 αἱ
1571 2359 1847 2431 παροῦσαι
1871 2358 1948 2410 δί-

374 2493 490 2539 και,
525 2471 697 2545 χωρίς
728 2470 783 2522 δέ
812 2469 874 2521 τδ
911 2466 1104 2537 μέλλον
1141 2463 1260 2516 ἐστὶ
1297 2460 1675 2529 δικαστήριον,
1724 2457 1799 2525 μὴ
1821 2452 1950 2545 περί

369 2568 480 2620 τῶν
509 2544 812 2638 μελλόντων
844 2559 952 2612 ἀπὸ
988 2558 1099 2611 τῶν
1130 2555 1418 2626 παρόντων
1459 2547 1783 2638 τεκμαίρου,
1827 2544 1949 2638 μηδ’

367 2659 481 2712 οἵου
512 2635 626 2708 ’τοῦ
687 2650 822 2704 Θεοῦ
874 2649 1056 2718 τυχεῖν
1111 2647 1176 2700 ἂν
1207 2641 1466 2714 εὐμενοῦς
1505 2637 1568 2693 οῦ
1607 2635 1954 2706 νομοθετοῦν-

319 2769 464 2813 meo;
521 2748 834 2817 ὑπερόπτης
883 2745 1114 2812 ἐφάνης,
1164 2740 1245 2793 ὅτι
1304 2736 1452 2806 παρὰ
1510 2733 1788 2791 δικασταῖς
1842 2729 1952 2790 τοῖς

369 2841 664 2912 ὁμοφύλοις
697 2837 1035 2904 εὐδοκιμεῖς,
1075 2833 1251 2885 ἐκεῖνο
1278 2829 1412 2898 πρός
1441 2843 1504 2893 γε
1536 2823 1751 2882 πολλοῖς
1773 2819 1957 2880 ἄλλοις

372 2934 724 3006 ἐνθυμηθεὶς,
755 2931 831 2990 ὼς
856 2924 1364 2992 ἀνελευθεριότητος
1432 2920 1527 2972 καὶ
1586 2912 1955 3006 φιλαργυρίας

376 3002 596 3092 καὶ
627 3021 761 3090 πρὸς
792 3020 918 3082 τοὺς
977 3015 1264 3084 δεομένους
1327 3007 1746 3076 ἀπανθρωπίας,
1781 3002 1956 3069 οὐδενὶ

371 3113 482 3166 τῶν
499 3113 565 3165 τά
584 3110 809 3164 τοιαῦτα
841 3105 1096 3175 πονηρῶν
1118 3103 1291 3163 οὐδεὶς
1323 3097 1609 3169 ἐμέμψατο
1635 3093 1954 3162 νομοθέτης,

2054 2003 2246 2053 tudine
2277 1998 2661 2053 tantummodo
2691 1999 2884 2063 bonos,
2945 1999 3186 2068 peccatis
3239 1999 3464 2055 obrutos
3522 2000 3648 2055 hinc

2051 2094 2325 2160 emigrare
2354 2114 2368 2149 :
2397 2103 2450 2147 et
2486 2094 2578 2147 hic
2607 2093 2907 2148 clementia)
2963 2110 3024 2149 ac
3049 2095 3280 2165 justitia:
3331 2096 3643 2165 opinionem

2055 2187 2308 2256 adeptos,
2342 2187 2414 2240 ibi
2480 2185 2674 2240 referri
2735 2189 2881 2240 inter
2937 2187 3650 2252 scelestissimos,deterio-

2056 2293 2280 2347 remque
2301 2277 2573 2332 calculum
2626 2277 2834 2333 sortiri.

2125 2369 2258 2436 Quae
2288 2384 2412 2422 cum
2448 2369 2519 2421 ita
2567 2370 2824 2433 haheant,
2867 2379 2921 2422 et
2970 2369 3114 2423 aliud
3175 2370 3286 2425 sint
3341 2382 3636 2438 prmsentes

2055 2477 2248 2533 pmmr,
2272 2462 2416 2514 aliud
2450 2462 2593 2530 quod
2623 2476 2722 2514 nos
2757 2473 2940 2514 manet
2986 2461 3280 2530 judicium,
3327 2463 3436 2516 noli
3501 2479 3640 2533 pra:-

2055 2552 2301 2608 sentibus
2331 2551 2512 2606 futura
2538 2551 2750 2614 metiri;
2785 2567 2884 2605 nec
2907 2567 3064 2621 spera
3091 2560 3145 2607 te
3179 2552 3284 2607 Deo
3321 2570 3540 2608 usurum
3563 2555 3656 2609 be-

2056 2645 2272 2704 nevolo,
2297 2644 2456 2712 cujus
2481 2645 2624 2713 leges
2647 2643 2925 2712 despicere
2955 2658 3012 2698 es
3043 2659 3232 2708 ausus,
3263 2646 3474 2701 etiamsi
3498 2647 3649 2716 judi-

2057 2754 2147 2794 ces
2171 2747 2277 2793 tua:
2301 2746 2505 2791 naturae
2527 2746 2810 2791 consortes
2837 2750 2942 2789 non
2961 2735 3100 2791 male
3123 2737 3188 2790 de
3209 2746 3260 2792 te
3290 2738 3606 2793 existiment
3634 2756 3649 2803 ;

2062 2831 2192 2883 illud
2238 2831 2381 2883 inter
2417 2828 2584 2881 multa
2634 2827 2901 2896 cogitans,
2943 2827 3307 2896 legislatorem
3371 2829 3650 2883 neminem

2059 2922 2248 2976 sordes
2284 2927 2339 2976 et
2366 2919 2678 2985 avaritiam,
2726 2928 2779 2973 et
2809 2919 3073 2974 adversus
3119 2929 3340 2986 egentes
3393 2920 3652 2974 inhuma-

2063 3015 2287 3067 nitatem
2323 3013 2378 3066 in
2419 3026 2698 3082 quoquam
2752 3011 2949 3065 horum
3009 3025 3105 3066 reo
3157 3022 3532 3080 persecutum,
3593 3022 3649 3066 et

2061 3105 2152 3171 qui
2181 3119 2511 3174 quemquam
2545 3104 2740 3156 horum
2777 3103 2918 3172 apud
2951 3102 3074 3156 illos
3105 3117 3350 3169 accuset,
3381 3105 3654 3159 deteriore

374 3207 474 3262 κάν
511 3223 594 3268 τις
629 3202 905 3275 γράψηται
931 3199 1060 3268 παρ’
1091 3197 1290 3258 αὐτοῖς,
1316 3193 1512 3263 χείρων
1534 3190 1683 3245 ἔσται
1713 3185 1804 3240 τοῦ
1832 3185 1958 3287 φεύὶ

2065 3195 2186 3250 loeo
2226 3197 2346 3266 ipso
2381 3205 2637 3250 accusan
2697 3195 2959 3258 futurum,
3015 3203 3069 3248 et
3128 3211 3286 3250 causa
3344 3210 3652 3260 casurum;

373 3315 558 3369 γοντος
585 3274 680 3351 καί
709 3296 807 3365 τὴν
845 3293 1052 3346 ἐλάττω
1079 3289 1260 3358 ψῆφον
1293 3287 1573 3355 οἰχήσεται
1618 3279 1819 3341 λαϐὼν,
1857 3274 1954 3369 τοῦ

375 3368 510 3446 Θεοῦ
541 3389 598 3442 δὲ
639 3387 950 3450 δικάζοντος
982 3382 1110 3452 περὶ
1135 3381 1242 3434 τῶν
1289 3376 1469 3432 αὐτῶν
1497 3373 1700 3426 τούτων
1750 3368 1954 3438 ἐγκληο

379 3488 564 3556 μάτων
581 3483 614 3551 ὴ
633 3483 823 3549 γὲεννα
846 3476 1054 3544 γίνεται
1068 3474 1215 3542 δίκη.
1235 3470 1500 3536 Καθάπερ
1524 3465 1702 3518 τοίνυν
1718 3459 1957 3556 ,βασκαίῗ

377 3552 506 3641 νων,
537 3574 634 3628 καὶ
670 3567 1045 3640 μνησικακῶν.
1082 3566 1188 3616 Καὶ
1215 3561 1388 3631 μισῶν
1405 3560 1496 3611 τὸν
1539 3554 1832 3625 ὁμόφυλον,
1863 3552 1960 3604 καὶ

389 3667 596 3737 μηδένα
632 3662 797 3732 μηδὲν
828 3656 886 3712 εὖ
921 3657 1092 3711 ποιῶν
1117 3656 1211 3708 καὶ
1239 3655 1308 3706 τὰ
1335 3649 1560 3705 τοιαῦτα
1595 3644 1963 3737 πονηρευόμε-

483 3759 634 3813 οὐδὲν
657 3758 724 3810 ἂν
746 3752 938 3820 ἐπίσης
959 3752 1203 3819 ἄμεινον,
1227 3743 1354 3810 περὶ
1377 3745 1484 3794 τῶν
1511 3739 1572 3803 ἐξ
1601 3736 1829 3824 οὐρανοῦ
1860 3735 1964 3804 ψή-

382 3821 520 3923 φων,
553 3851 603 3902 εί
635 3846 784 3916 παρᾶ
813 3845 923 3904 τοῖς
955 3842 1013 3892 ἐν
1057 3841 1126 3907 γῇ
1168 3838 1382 3906 κριταῖς
1431 3830 1719 3889 ἀνεύθυνος
1776 3821 1845 3877 εἷ’
1871 3825 1960 3878 τὸν

384 3947 496 3998 ίσον
528 3940 728 4007 τρόπον
761 3932 898 3988 κάπὶ
927 3931 1034 3983 τῶν
1064 3928 1241 3982 τόκων
1273 3925 1509 3992 λογίζου.

454 4031 622 4085 Πόθεν
663 4023 754 4080 οὖν
795 4027 823 4077 ὁ
862 4023 975 4090 βίος
1016 4021 1168 4090 ἡμῖν,
1210 4016 1365 4086 φησι,
1413 4015 1550 4083 μήτε
1585 4012 1652 4065 τά
1687 4011 1950 4084 γεωργῶν

383 4126 572 4187 εἰδόσι,
610 4121 748 4190 μήτε
785 4113 1192 4187 ἐμπορεύεσθαι
1235 4110 1579 4178 δυναμένοις,
1633 4110 1769 4176 μήτε
1824 4104 1961 4173 πρὸς

388 4219 553 4286 ἄλλην
583 4211 831 4285 ἡντινοῦν
875 4209 1058 4278 ἔχουσι
1111 4206 1340 4274 τέχνην;
1382 4202 1448 4254 Τί
1487 4199 1530 4254 δ’
1579 4201 1644 4252 ἂν
1689 4199 1784 4250 καὶ
1820 4198 1965 4264 ἱερό-

385 4309 535 4361 συλοι
568 4306 639 4357 τὰ
674 4301 814 4356 αὐτὰ
845 4300 910 4370 δὴ
943 4297 1116 4351 ταῦτα
1188 4295 1555 4364 προῖσχωνται
1591 4291 1683 4342 καὶ
1739 4287 1965 4358 λῃσταῖς

385 4402 769 4469 Συγχωρησεις
794 4393 978 4453 αὐτοῖς
1002 4389 1099 4459 τὴν
1127 4387 1328 4444 κακίαν
1351 4404 1366 4450 ;
1388 4383 1602 4437 Οὐκοῦν
1621 4381 1727 4435 τῶν
1755 4380 1967 4448 διορυτ-

385 4493 589 4546 τόντων
636 4485 734 4554 τὴν
768 4483 950 4536 αἰκίαν
989 4480 1174 4551 ἀνέξῃ,
1222 4478 1325 4530 κᾶν
1381 4475 1582 4546 λῃστὴς
1614 4472 1877 4543 περιδύσῃ
1905 4486 1964 4521 σε

2073 3289 2182 3340 Deo
2234 3295 2416 3342 autem
2483 3286 2551 3340 de
2638 3285 2723 3340 his
2788 3285 2922 3354 ipsis
2989 3285 3319 3340 criminibus
3380 3286 3650 3358 judicium

2066 3387 2386 3442 exercente,
2463 3375 2774 3447 gehennam
2841 3377 3182 3445 suppliciunr
3249 3377 3385 3431 fore.
3469 3380 3670 3448 Itaquer

2069 3483 2128 3524 ιιι
2156 3471 2394 3530 invidus,
2425 3479 2478 3522 et
2533 3467 2857 3537 injuriaium
2913 3485 3018 3521 nou
3066 3469 3209 3536 potis
3261 3470 3539 3536 oblivisci,
3601 3481 3656 3525 et

2065 3560 2193 3612 odio
2231 3557 2468 3626 proximi
2518 3555 2783 3618 imbutus,
2843 3565 2895 3608 et
2956 3557 3091 3611 nulli
3149 3559 3445 3628 quidquam
3495 3563 3656 3615 bene.

2066 3654 2296 3717 faciens,
2325 3660 2378 3704 et
2442 3649 2641 3702 similia
2709 3659 3055 3719 perpetratis,
3109 3667 3426 3722 quanquam
3510 3655 3653 3723 apud

2066 3756 2315 3798 terrenos
2340 3743 2555 3811 judices
2589 3741 2804 3808 insons,
2853 3741 3136 3796 meliorem
3170 3760 3200 3798 c
3239 3745 3379 3798 curlo
3439 3754 3656 3799 sentem

2067 3837 2196 3890 tiam
2231 3849 2337 3888 non
2364 3833 2522 3886 habet
2554 3847 2653 3885 cur
2687 3842 3000 3901 exspectet:
3035 3833 3180 3888 idem
3239 3845 3292 3888 tu
3326 3837 3394 3889 de
3447 3834 3655 3890 fenera-

2067 3936 2182 3979 tore
2235 3926 2494 3992 cegitato.

2140 4013 2293 4068 Unde
2325 4029 2454 4082 ergo
2482 4013 2656 4068 vietus
2691 4015 2871 4075 nobis,
2900 4015 3099 4083 inqui'.
3137 4016 3230 4085 qui
3294 4031 3393 4070 nec
3416 4017 3653 4087 agricul-

2067 4115 2245 4158 turam
2277 4107 2569 4161 didicimus
2603 4145 2618 4170 ,
2652 4123 2754 4162 nec
2782 4121 3146 4162 mercaturam
3183 4109 3361 4163 facere
3411 4110 3616 4164 scimus
3640 4150 3654 4172 ,

2069 4214 2167 4252 nec
2199 4197 2264 4250 ad
2295 4198 2457 4252 ullam
2514 4210 2686 4252 artem
2745 4201 3137 4266 quzestuariam
3195 4215 3390 4255 sumus
3437 4201 3658 4254 idonei?

2070 4289 2222 4354 Quod
2262 4291 2304 4342 si
2342 4299 2394 4341 cl.
2449 4290 2724 4359 sacrilegi,
2760 4301 2815 4344 et
2849 4291 3090 4346 latrones
3144 4291 3284 4345 idem
3331 4302 3655 4362 praatexant,

2069 4399 2199 4435 num
2242 4383 2320 4435 eis
2359 4383 2582 4436 sceleris
2615 4382 2930 4438 facultatem
2964 4385 3167 4438 dabis?
3197 4383 3362 4453 Igitur
3411 4385 3659 4439 elIraeto-

2070 4489 2156 4527 res
2183 4473 2447 4541 patieris?
2487 4483 2540 4527 et
2567 4475 2609 4527 si
2666 4475 2803 4528 latro
2834 4487 3052 4544 captum
3089 4488 3140 4531 te
3156 4478 3395 4533 vestibus
3421 4480 3654 4544 exuerit,

394 4578 709 4649 κατασχὼν,
763 4579 856 4628 καὶ
904 4573 1118 4640 πληγὰς
1170 4569 1402 4639 ἐντείνῃ,
1435 4565 1605 4620 δεινὸν
1635 4565 1808 4629 οὐδὲν,
1861 4563 1958 4614 κᾶν

2073 4574 2125 4618 τι
2165 4567 2351 4633 plagas
2383 4567 2728 4634 imposuerit.
2780 4567 2912 4621 nihil
2967 4566 3181 4636 injuriae
3236 4568 3553 4622 intulit?et
3611 4572 3656 4626 si

396 4669 728 4745 μαστρωπός
766 4665 1103 4735 πολιορκήσῃ
1137 4663 1228 4714 τὸν
1253 4661 1452 4728 γάμον,
1488 4657 1636 4710 οὐδὲν
1664 4655 1922 4745 ἠδίκησεν
1948 4669 1964 4717 ;

391 4744 555 4833 άλλην
585 4764 694 4831 γάρ
718 4759 826 4812 οὐδ’
852 4754 1098 4828 ἡντινοῦν
1130 4755 1274 4806 ῐσασι
1297 4751 1512 4820 τέχνην.
1541 4745 1667 4817 ’Ἆρ’
1689 4745 1781 4797 οὖν

390 4832 720 4917 ἀπολαύσεις
733 4849 838 4903 τῶν
858 4844 1052 4900 σαυτοῦ
1066 4843 1259 4912 ψήφων
1279 4836 1638 4908 ;⁹Ᾱ>.λ’,οἷμαι,
1653 4837 1752 4898 δεῖ,
1775 4832 1974 4899 μᾶλλον

395 4951 454 5002 δὲ
488 4949 635 5001 πᾶσα
665 4946 882 5010 ἀνάγκη
920 4939 994 5008 μὴ
1025 4937 1186 5006 μόνον
1220 4928 1293 4986 ὦν
1327 4933 1402 5000 τῷ
1432 4932 1530 5002 βίῳ
1564 4931 1646 4983 δεῖ
1679 4929 1973 4996 τυγχάνειν

398 5042 608 5112 ζητεῖν,
644 5035 781 5090 ἀλλὰ
811 5035 905 5086 καὶ
943 5031 1068 5084 ὅθεν
1093 5029 1172 5082 δεῖ
1201 5025 1501 5094 λαμϐάνειν
1540 5022 1743 5091 ζητεῖν,
1779 5019 1851 5082 ὼς
1885 5019 1973 5069 ὲν-

395 5131 573 5184 ταῦθα
603 5131 784 5182 πᾶσαν
818 5123 1164 5179 συνεστῶσαν
1196 5119 1294 5190 τὴν
1323 5120 1381 5170 ἐν
1408 5119 1524 5179 ταῖς
1555 5116 1740 5168 πόλεσι
1765 5113 1971 5165 61.no-

403 5221 592 5291 σύνην.
628 5220 691 5272 El
726 5218 834 5288 γάρ
881 5213 1186 5286 χρημάτων
1239 5207 1493 5277 ἀλλήλοις
1541 5207 1637 5258 καὶ
1679 5204 1975 5272 κτημάτων

398 5319 494 5369 καὶ
525 5311 684 5382 δόξης
721 5310 984 5364 ἑκάστοτε
1013 5305 1104 5360 καὶ
1153 5304 1258 5356 τῶν
1292 5300 1556 5353 τοιούτων
1589 5293 1971 5365 ἀμφισϐητοῦ-

401 5425 522 5476 μεν,
556 5407 762 5457 τούτων
805 5402 862 5454 δὲ
908 5400 1006 5452 οὑκ
1059 5397 1205 5450 ἔστιν
1250 5393 1400 5447 οὐδὲν
1431 5393 1458 5442 ὃ
1489 5394 1562 5461 μὴ
1602 5387 1730 5458 παρ’
1774 5389 1976 5456 ἐτέρων

397 5501 556 5568 ἡμῖν,
585 5498 667 5551 ὅτι
701 5494 867 5564 μηδὲν
901 5492 960 5556 ἐξ
988 5492 1159 5560 ἀρχῆς
1187 5489 1267 5551 είς
1302 5486 1392 5542 τόν
1439 5484 1550 5554 βίον
1606 5481 1974 5550 εἱσεληὼθόσι

399 5585 870 5654 συνεισελήλυοεν,
888 5583 1022 5635 άλλά
1041 5583 1132 5657 καί
1154 5579 1244 5633 τὸν
1272 5579 1440 5648 άγρὸν
1471 5575 1599 5629 λαϐό
1616 5591 1722 5626 .τε;
1751 5572 1972 5640 ἔχομεν,

403 5678 498 5732 καὶ
516 5675 577 5729 τὸ
595 5675 832 5744 ἱμάτιον,
859 5671 1055 5724 καὶτὸν
1083 5671 1248 5724 ἵππον
1275 5667 1496 5720 καὶτῶν
1527 5666 1696 5717 ὄντων
1724 5661 1975 5714 ’ἑκαστονο

405 5765 660 5837 φανερὸν,
685 5765 858 5833 τούτῳ
875 5763 1147 5828 διενέγκαι
1164 5763 1282 5820 τοὺ.
1312 5759 1551 5820 δικαίους
1569 5757 1676 5808 τῶν
1699 5750 1973 5822 πονηρῶν,

404 5859 484 5932 τῷ
509 5861 632 5922 τοὺς
654 5861 772 5930 μὲν,
797 5855 926 5926 παρ’
951 5851 1025 5908 ὢν
1048 5855 1174 5916 ἔδει,
1201 5854 1322 5913 τοὺς
1348 5853 1426 5916 δὲ,
1458 5849 1584 5920 παρ’
1615 5842 1689 5902 ὧν
1716 5846 1814 5899 οὐκ
1845 5843 1972 5906 ἔδει,

700 5959 1005 6016 ηιδΑΤιιοι..
1050 5954 1168 6013 Gn.
1219 5951 1334 6010 (ὶίι.

2078 4656 2416 4710 ινιικιυιοιῆε
2465 4657 2774 4710 castitatem
2840 4661 3164 4725 corruperit,
3227 4659 3360 4712 nihil
3427 4662 3659 4714 nocuit?

2081 4745 2284 4798 nullam
2315 4746 2458 4798 cnim
2487 4761 2878 4813 quamcunth
2919 4756 3090 4799 artem
3130 4757 3356 4802 norunt.
3393 4748 3653 4803 Fructum

2078 4853 2208 4906 ergo
2236 4837 2428 4905 judicii
2463 4838 2538 4890 tui
2604 4839 2810 4906 capies.
2863 4837 2931 4889 At
2984 4838 3129 4890 enim
3192 4847 3324 4907 puto
3379 4851 3656 4908 oportere,

2079 4925 2190 4979 imo
2227 4938 2334 4979 tam
2383 4936 2468 4980 est
2531 4926 2928 4991 necessarium,
2982 4941 3142 4995 quam
3201 4931 3346 4997 quod
3402 4931 3657 4995 maxime,

2078 5032 2186 5071 non
2227 5018 2402 5072 solum
2431 5019 2629 5086 quibus
2660 5019 2774 5071 vita”
2795 5019 3000 5087 indiget
3043 5033 3290 5087 quaerere
3318 5058 3332 5084 ,
3367 5021 3459 5074 sed
3491 5021 3656 5075 etiam

2078 5110 2494 5178 di-Ctitiispicere
2531 5113 2672 5164 unde
2731 5111 3109 5179 accipiendum
3160 5113 3251 5176 sit,
3309 5123 3496 5183 utpote
3545 5123 3656 5167 tota

2078 5201 2223 5255 civili
2261 5202 2475 5269 justitia
2508 5202 2596 5256 hic
2626 5203 2982 5259 consistente.
3021 5201 3077 5256 Si
3123 5205 3268 5257 enim
3317 5207 3384 5259 de
3407 5207 3656 5270 pecunia,

2078 5293 2538 5363 possessionibus,
2561 5292 2756 5362 gloria,
2787 5295 3171 5364 similibusque
3193 5311 3412 5365 semper
3437 5305 3660 5350 centro-

2079 5400 2380 5448 versamur,
2415 5385 2686 5438 ethorum
2735 5387 2872 5439 nihil
2927 5398 3033 5452 est,
3081 5388 3225 5457 quod
3285 5403 3390 5441 non
3423 5387 3491 5439 ab
3539 5388 3660 5442 aliis

2085 5477 2152 5530 ad
2201 5492 2301 5530 no.»
2326 5476 2626 5545 perveniat,
2685 5479 2948 5547 quoniam
2981 5494 3012 5533 a
3070 5477 3337 5548 principio
3377 5477 3428 5530 in
3493 5478 3658 5530 vitam

2089 5566 2325 5635 iugres-i
2358 5567 2497 5619 nihil
2535 5567 2728 5622 hormn
2791 5570 3080 5623 nobiscum
3138 5569 3301 5623 simul
3349 5583 3657 5637 ingressum

2079 5665 2183 5719 est,
2208 5658 2300 5711 sed
2337 5667 2391 5711 et
2417 5673 2604 5727 agrum
2636 5662 2970 5729 accepimus,
3002 5672 3053 5714 et
3089 5672 3318 5723 vestem,
3351 5669 3405 5713 et
3432 5674 3656 5728 equum,

2080 5761 2131 5802 et
2155 5750 2416 5818 quidquid
2444 5750 2763 5804 facultatum
2803 5753 3068 5807 habemus
3102 5771 3112 5804 :
3147 5753 3354 5805 clarum
3415 5762 3517 5814 est,
3560 5752 3662 5806 hoc

2077 5842 2287 5895 distare
2311 5840 2490 5910 justos
2515 5843 2582 5897 ab
2616 5842 2902 5912 improbis,
2937 5839 3082 5913 quod
3116 5845 3187 5898 .lli
3212 5861 3238 5895 a
3271 5843 3472 5908 quibus
3501 5837 3675 5913 oporvi

3227 5934 3295 5997 24
