4036 6470
441 403 573 470 ’Ἶῦὶ
1703 399 2017 462 NlCOLAI

2091 399 2320 463 IABASl
2333 402 2444 462 ΗΕ
3596 401 3685 464 ’152

478 535 579 575 seu
608 518 901 588 praesidem
933 517 1168 573 cmuobii
1200 531 1266 570 ex
1289 516 1392 575 hac
1421 515 1530 571 vita
1559 513 1624 570 ad
1649 515 1929 570 Christum
1955 515 2226 586 proficisci
2251 534 2264 570 :
2291 526 2346 571 et
2367 516 2494 587 quia
2521 518 2632 570 lucc
2663 513 2960 569 admodum
2985 521 3195 577 sancte,
3219 520 3368 567 caste
3391 517 3444 568 et
3464 512 3688 584 religiose

477 610 712 672 vixerat,
743 607 924 662 factus
964 605 1135 661 estad
1185 606 1352 673 hujus
1388 607 1556 658 funus
1591 619 1900 658 concursus
1933 604 2231 658 multorum
2270 604 2579 669 hominum,
2618 603 2759 657 inter
2787 617 2928 670 quos
2967 612 3126 656 erant
3158 602 3394 656 illustres
3429 601 3546 667 viri,
3579 602 3688 654 reli-

479 700 620 769 giosi
658 697 914 753 monachi
957 705 1012 750 et
1045 695 1170 749 laici
1213 695 1546 764 complures.
1578 693 1715 748 Cum
1753 709 1884 764 ergo
1916 710 2068 749 sacra
2111 692 2354 747 carmina
2387 699 2442 745 et
2479 691 2665 762 hymni
2701 692 3161 756 decantarentur;
3201 689 3612 759 ethypogeum,
3647 691 3689 743 in

475 803 587 854 quo
624 787 682 840 S.
723 784 1012 838 Theodora
1041 783 1152 852 jam
1183 783 1394 852 pridem
1431 791 1593 836 antea
1625 782 1728 836 sita
1762 791 1902 846 erat,
1949 781 2014 834 nd
2052 778 2352 834 antistitam
2399 778 2512 832 illic
2550 777 2924 832 collocandam
2972 777 3310 846 aperiretur,
3342 776 3692 830 admirandum

463 873 691 928 .accidit
717 872 1050 942 prodigium,
1077 870 1222 940 quod
1259 878 1599 940 spectatores
1619 879 1921 940 praesentes
1950 869 2169 939 quidem
2194 870 2248 924 in
2269 879 2551 946 stuporem
2581 869 2750 932 dedit,
2779 869 3064 924 auditores
3094 882 3224 922 vero
3257 875 3440 937 postea
3471 867 3697 920 absentes

480 960 551 1014 ad
589 960 891 1014 salutarem
924 968 1282 1028 peccatorum
1316 958 1721 1024 paenitudinem
1763 958 2086 1014 commovit.
2118 956 2265 1012 Loco
2295 959 2443 1012 enim
2487 970 2796 1027 opportuno
2836 960 2904 1010 ad
2948 956 3324 1026 spectaculum
3355 955 3698 1024 prasentibus

480 1049 632 1112 dato,
667 1047 982 1102 videntibus
1016 1047 1254 1108 cunctis,
1284 1046 1601 1111 Theodora,
1629 1062 1749 1115 qua:
1777 1046 1890 1114 jam
1921 1047 2014 1100 diu
2058 1046 2111 1099 in
2141 1045 2354 1100 tumulo
2381 1045 2656 1114 jacuerat,
2683 1059 2802 1100 sese
2837 1045 2888 1098 in
2913 1052 3126 1098 arctum
3154 1043 3444 1106 contraxit,
3473 1052 3698 1111 tanquam

479 1137 626 1197 viva,
652 1135 812 1188 Matri
835 1149 948 1189 sua:
974 1134 1241 1203 religiosa:
1263 1133 1446 1188 locum
1478 1131 1696 1197 datura,
1734 1133 2106 1204 honoremque
2139 1131 2382 1187 debitum
2415 1132 2748 1186 exhibitura.
2781 1131 2940 1197 Quod
2970 1131 3064 1186 ubi
3088 1145 3304 1195 omnes,
3343 1130 3434 1196 qui
3476 1129 3700 1193 aderant,

479 1223 844 1293 spectabant,
882 1223 1101 1276 attoniti
1146 1222 1532 1276 exclamabant
1575 1222 1819 1277 solemne
1878 1221 2034 1286 illud,
2071 1221 2235 1292 Kyrie
2268 1223 2466 1278 eleison
2495 1262 2510 1285 ,
2545 1223 2785 1288 Domine,
2820 1224 3090 1278 miserere.
3121 1223 3167 1277 A
3196 1236 3307 1293 quo
3337 1230 3573 1290 tempore
3611 1219 3701 1272 huc

483 1328 658 1383 usque
688 1310 858 1365 multa
892 1310 1038 1365 Deus
1074 1326 1170 1379 per
1196 1310 1338 1364 hanc
1363 1321 1608 1364 sanctam
1647 1309 1993 1364 Theodoram
2027 1311 2292 1365 miracula
2333 1313 2605 1380 patravit:
2641 1326 2769 1365 nam
2805 1320 2862 1366 et
2891 1311 3135 1366 insessos
3157 1324 3190 1364 a
3221 1309 3557 1366 daemonibus
3583 1308 3700 1362 libe-

480 1401 645 1464 ravit,
679 1408 730 1452 et
756 1407 945 1466 captos
982 1399 1156 1452 oculis
1187 1398 1251 1450 ad
1287 1397 1472 1450 lumen
1506 1397 1745 1461 reduxit,
1780 1409 1834 1451 et
1867 1412 2040 1465 aegros
2067 1397 2393 1453 innumeros
2424 1401 2663 1454 sanavit.
2719 1419 2738 1452 ι

553 1489 605 1539 5.
639 1485 766 1539 llaec
799 1485 1038 1547 Menam,
1086 1500 1153 1537 cx
1193 1484 1396 1552 quibus
1439 1486 1684 1538 eamdem
1738 1486 2110 1538 narrationem
2157 1486 2329 1540 edidit
2379 1486 2652 1542 Maximus
2700 1488 2992 1557 episcopus
3041 1485 3442 1556 Cytherorum,
3473 1486 3528 1536 ἐν
3585 1482 3703 1551 βίοις

474 1577 661 1644 ’ἁγίων
695 1576 896 1644 saepius
931 1575 1172 1628 excusis.
1203 1573 1465 1628 Dedimus
1506 1571 1767 1628 Kalendis
1798 1571 2082 1626 Februarii
2114 1571 2295 1627 Vitam
2329 1574 2388 1626 S.
2427 1573 2614 1629 Severi
2644 1575 2886 1643 episcopi
2919 1574 3278 1635 Ravennatis,
3319 1574 3436 1642 qui,
3475 1582 3529 1625 ut
3553 1570 3703 1623 tradi-

483 1677 662 1718 tur‘n.
685 1663 776 1727 23,
807 1680 834 1712 1
879 1661 1214 1728 corpusculo
1249 1659 1523 1714 defuncta:
1556 1663 1716 1729 longe
1749 1670 1875 1714 ante
1897 1660 2152 1730 conjugis
2184 1676 2298 1714 sua:
2323 1660 2512 1730 jussit,
2544 1670 2817 1730 quatenus
2843 1678 2902 1716 se
2927 1663 3074 1715 dictu
3106 1661 3272 1715 citius
3305 1661 3359 1714 in
3389 1660 3527 1714 latus
3558 1659 3706 1714 decli-

480 1760 662 1816 naret,
692 1759 746 1804 et
779 1750 901 1802 lilia;
934 1750 1168 1817 spatium
1201 1749 1500 1818 sepeliendi
1544 1750 1831 1818 praeberet,
1881 1767 1899 1799 ι
1930 1748 2076 1818 quod
2108 1758 2163 1802 et
2199 1749 2401 1803 factum
2437 1759 2542 1806 est.
2593 1747 2804 1804 Similia
2879 1750 3032 1820 plura
3064 1751 3132 1819 jin
3183 1753 3286 1806 hoc
3335 1767 3492 1821 opere
3540 1758 3705 1802 nostro

487 1848 808 1894 occurrunt.
837 1836 1058 1890 Plenam
1098 1837 1165 1889 de
1211 1836 1314 1889 vita
1349 1836 1515 1904 hujus
1542 1836 1603 1890 S.
1633 1835 1936 1890 Thcodora:
1965 1837 2251 1891 historiam
2281 1837 2578 1906 aliquando
2609 1837 2911 1903 exstitisse,
2944 1839 3077 1894 satis
3117 1838 3308 1907 utique.
3338 1848 3420 1893 est
3450 1835 3704 1898 credibile:

486 1929 584 1986 sed
628 1928 748 1998 ejus
776 1919 986 1980 nullum
1031 1927 1297 1980 hactenus
1339 1925 1602 1979 indicium
1638 1924 1966 1994 reperimus.
2014 1925 2124 1980 Leo
2157 1926 2389 1980 Allatius
2429 1927 2484 1980 in
2513 1943 2613 1982 sua
2650 1928 2718 1983 de
2755 1926 3075 1982 Simeonum
3116 1927 3342 1996 scriptis
3381 1925 3625 1988 liiatriba,
3650 1939 3705 1975 ea

483 2031 605 2086 quae
649 2030 777 2068 vere
815 2013 1202 2082 Metaphrastis
1241 2023 1402 2074 sunt,
1447 2012 1517 2065 ab
1560 2013 1682 2068 aliis
1721 2023 1996 2068 certorum
2049 2014 2130 2066 vel
2172 2016 2508 2069 incertorum
2556 2025 2838 2070 auctorqu
2893 2015 3370 2069 lucubrationibus
3415 2026 3704 2074 secernens,

487 2119 613 2175 pag.
650 2103 743 2170 88,
783 2105 994 2172 primus
1021 2116 1123 2155 nos
1150 2101 1334 2154 docuit
1367 2099 1644 2155 Nicolaum
1690 2100 2032 2168 Cabasilam,
2079 2103 2222 2157 circa
2275 2118 2406 2159 ann.
2454 2103 2589 2158 1550
2651 2105 3124 2174 archiepiscopum
3166 2102 3703 2161 Thessalonicensem,

489 2191 712 2262 aliquod
761 2191 1010 2259 ejusdem
1055 2199 1260 2243 sanctae
1304 2188 1593 2256 scripsisse
1633 2191 1982 2252 encomium,
2016 2191 2160 2259 quod
2204 2193 2407 2262 ubique
2445 2203 2748 2261 quaerentes
2789 2191 3008 2245 tandem
3051 2190 3359 2260 reperimus
3389 2190 3442 2244 in
3483 2187 3703 2242 Cresarea

483 2279 784 2333 Viennensi
813 2277 1175 2342 Bibliotheca,
1201 2285 1254 2331 et
1277 2275 1462 2330 favore
1496 2277 1856 2332 eruditissimi
1885 2277 2161 2347 nobisque
2191 2279 2512 2333 amicissimi
2543 2278 2645 2332 viri
2670 2278 2814 2334 Petri
2839 2277 3142 2345 Lambecii,
3168 2278 3349 2332 eidem
3379 2273 3705 2331 Bibliotheca

484 2383 635 2423 nunc
657 2364 924 2432 praefecti,
955 2363 1290 2433 descriptum
1321 2365 1658 2433 accepimus,
1687 2365 1851 2434 idque
1883 2364 2075 2420 Latine
2099 2367 2368 2422 redditum
2407 2367 2738 2424 hic-damus.

561 2458 617 2510 4.
660 2455 754 2507 Est
782 2453 913 2506 illud
943 2452 1200 2521 quidem,
1245 2467 1371 2506 cum
1403 2453 1830 2521 exaggeratione
1877 2453 2042 2507 multa
2097 2464 2151 2508 et
2195 2454 2467 2510 facundiae
2507 2457 2799 2512 rhetorica:
2841 2455 3189 2512 aliectatione
3221 2464 3516 2530 scriptum,
3547 2458 3705 2512 verbis

489 2559 655 2612 quam
705 2541 870 2594 rebus
906 2540 1227 2607 copiosius:
1267 2541 1439 2594 multa
1481 2551 1661 2594 tamen
1712 2557 1815 2596 nos
1857 2542 2043 2595 docuit
2083 2540 2150 2594 ad
2200 2542 2484 2594 historiam
2519 2541 2885 2616 pertinentia,
2935 2543 3164 2610 patriam
3197 2543 3408 2599 scilicet
3445 2542 3702 2613 Eginam;

489 2630 786 2684 Antonium
829 2635 994 2696 atque
1036 2626 1437 2697 Cbrysantham
1478 2638 2006 2698 parentes,quorum
2045 2630 2410 2682 constantiam
2470 2629 2694 2684 luet-esis
2725 2629 3040 2690 ,Eeelesiam
3098 2630 3406 2686 obscurans
3452 2629 3703 2702 probarit;

476 2719 678 2786 utique
713 2715 1119 2774 iconoclastica,
1167 2715 1235 2769 iis
1276 2716 1616 2783 temporibus
1648 2724 1892 2784 graSsata
1917 2757 1933 2783 ,
1972 2718 2175 2786 quibus
2213 2721 2316 2774 sub
2349 2717 2613 2773 Michaele
2644 2718 2834 2784 Balbo,
2869 2721 3013 2775 circa
3043 2736 3246 2774 annum
3286 2723 3497 2791 imperii
3524 2722 3632 2790 ejus
3658 2721 3703 2784 5,

487 2806 698 2864 Christi
724 2806 853 2871 893,
879 2805 1009 2873 ipso
1045 2823 1062 2854 r
1100 2806 1367 2859 adversus
1394 2804 1649 2858 rebellem
1681 2804 1944 2858 Thomam
1972 2816 2264 2877 occupato,
2286 2816 2338 2860 et
2361 2807 2522 2860 aliam
2546 2820 2765 2862 omnem
2797 2822 3008 2870 curam,
3045 2825 3064 2859 ι
3099 2817 3158 2862 ιιι
3180 2810 3378 2865 scribit
3401 2811 3504 2864 Leo
3529 2807 3704 2863 Gram-

489 2897 751 2965 maticus,
789 2912 808 2946 ς
848 2893 977 2947 huic
1006 2892 1173 2946 unice
1227 2892 1608 2962 postliahente,
1641 2893 1824 2959 Creta,
1859 2890 2041 2947 Sicilia
2073 2904 2123 2948 et
2162 2894 2356 2948 insula:
2387 2903 2595 2950 vocata)
2619 2895 2881 2966 Cyclades
2908 2896 2962 2965 (a
2991 2897 3192 2965 quibus
3223 2913 3338 2952 non
3380 2898 3531 2968 longe
3558 2897 3709 2951 dista-

487 2983 583 3039 bat
606 2980 838 3051 Algida)
873 2995 903 3034 a
935 2980 1184 3034 Romano
1212 2979 1443 3048 imperio
1472 2980 1720 3033 rescissa:
1751 2989 1881 3034 sunt
1907 2982 1973 3032 ah
1999 2980 2146 3036 Afris
2170 2982 2228 3038 et
2253 2983 2546 3038 Arabibus.
2583 3002 2601 3034 ι
2634 2983 2847 3038 Etenim
2871 2983 3037 3052 hujus
3063 2986 3392 3055 irruptionis
3419 2985 3703 3048 occasione,

486 3074 604 3128 sive
638 3072 743 3124 vim
773 3070 899 3140 ejus
927 3069 1107 3142 reipsa
1146 3069 1420 3122 senserint
1453 3067 1746 3137 nginetae,
1771 3084 1866 3123 seu
1901 3071 2144 3124 vicinum
2177 3071 2482 3141 perieulum
2511 3086 2608 3126 eos
2638 3073 2880 3142 coegerit
2909 3088 3023 3127 suae
3056 3075 3217 3128 saluti
3253 3075 3543 3132 consulere
3565 3085 3707 3143 atque

495 3160 563 3214 ad
597 3159 801 3212 tutiora
844 3156 1020 3220 abire,
1059 3153 1506 3210 Thessalonicam
1559 3155 1798 3225 profugit
1877 3172 1984 3210 non
2033 3158 2104 3212 ita
2140 3160 2344 3230 pridem
2373 3160 2560 3226 juncta
2607 3161 2960 3216 matrimonio
2995 3159 3324 3232 Theodora;
3361 3164 3567 3232 ibique,
3601 3169 3708 3230 post

494 3249 734 3304 oblatam
763 3247 874 3300 Deo
901 3245 1090 3310 filiam,
1119 3243 1336 3299 tandem
1371 3244 1454 3298 sui
1479 3244 1621 3313 juris
1647 3244 1838 3299 elIecta
1871 3262 1964 3316 per
1996 3247 2178 3300 mariti
2210 3258 2463 3311 mortem,
2496 3249 2865 3302 monasticam
2898 3249 3148 3318 amplexa
3172 3259 3254 3304 est
3285 3251 3587 3306 institutum
3607 3249 3702 3320 jam

493 3337 786 3406 grandaeva
817 3353 832 3388 :
864 3337 919 3389 in
946 3349 1057 3403 quo
1084 3332 1150 3388 ad
1182 3332 1669 3402 profundissimam
1701 3349 1876 3403 usque
1902 3343 2238 3390 senectutem
2273 3347 2654 3403 perseverans,
2684 3333 2896 3387 videtur
2920 3349 3097 3403 usque
3127 3335 3192 3389 ad
3223 3337 3411 3392 smculi
3447 3354 3494 3392 ιι
3527 3350 3704 3391 annum

485 3429 718 3482 circiter
772 3422 843 3478 80
881 3422 1194 3492 pervenisse
1231 3429 1328 3475 aut
1358 3421 1522 3475 etiam
1564 3421 1728 3476 ultra.
1765 3427 1941 3490 Atque
1970 3426 2084 3477 haec
2117 3423 2299 3478 omnia
2341 3421 2502 3476 nobis
2535 3435 2600 3474 ex
2639 3420 2742 3476 hoc
2769 3421 3034 3476 Cabasila:
3059 3424 3318 3480 encomio
3360 3424 3708 3497 cognoscenda

496 3515 830 3587 praebentur,
867 3528 974 3566 una
1003 3525 1128 3565 eum
1173 3510 1332 3564 titulo
1366 3509 1810 3577 Μυροδλύτιδος,
1845 3508 2271 3580 Unguentillure,
2311 3518 2366 3564 et
2393 3509 2712 3564 testimonio
2757 3509 3024 3564 salutiferi
3065 3511 3172 3565 olei
3217 3526 3284 3566 ex
3328 3511 3446 3580 ejus
3486 3513 3710 3581 sepulcro

493 3601 870 3667 scaturientis,
903 3599 1370 3670 quemadmodum
1409 3599 1475 3652 de
1510 3599 1720 3654 sanctis
1758 3597 2008 3665 Nicolao,
2038 3598 2338 3660 Demetrio,
2379 3596 2677 3652 Catharina
2720 3598 2986 3668 legimus,
3025 3608 3080 3653 et
3115 3600 3219 3655 hoc
3264 3616 3415 3657 nono
3454 3599 3710 3671 sequenti-

494 3693 714 3762 hosque
737 3689 954 3746 saeculis
977 3687 1288 3762 invenimus
1313 3685 1543 3751 factum,
1571 3686 1637 3740 ad
1669 3687 1908 3756 plurium
1929 3687 2162 3743 aliarum
2197 3687 2488 3744 sanctitate
2519 3685 2818 3742 illustrium
2849 3701 3207 3757 personarum
3235 3693 3630 3746 venerationem
3661 3688 3710 3743 in

491 3761 756 3835 Ecclesiis
789 3761 1179 3835 Orientalibus
1193 3775 1682 3847 comprobandam.
