4036 6464
410 388 523 457 πθ

1649 392 1955 452 meum
1995 390 2385 471 camena

3577 393 3675 455 76%|

409 510 548 578 ipsa,
575 510 668 566 sed
698 506 884 563 inulto‘
900 508 1063 563 etiam
1095 508 1474 564 admirabilior
1506 490 1773 578 majorem
1803 507 1995 564 melin-

2111 509 2236 564 ἱιλλὰ
2281 514 2377 564 καὶ
2434 507 2616 582 πολλῷ
2668 510 3098 581 θαυμαστοτέρα
3152 511 3248 564 καὶ
3301 509 3537 579 μείζων,
3587 513 3674 566 καὶ

410 617 638 669 remque
662 610 714 655 te
747 600 1067 671 probaveris
1094 600 1161 655 iis
1191 616 1288 670 per
1313 616 1439 671 qum
1464 601 1846 666 exornaharis,
1873 601 2001 672 quis

422 692 644 746 demum
685 701 864 762 potest
901 691 1187 761 ignorare?

481 783 533 837 6.
577 782 817 839 ltlustria
855 783 1021 852 igitur
1052 796 1142 840 tua
1181 786 1503 849 certamina,
1532 795 1586 841 et
1607 800 1835 856 magnos
1856 788 2001 842 circa

411 875 814 944 philosOpbiam
842 892 1071 948 agones,
1096 879 1299 946 quibus
1332 880 1533 934 multos
1574 881 1627 933 in
1651 880 1841 936 eodem
1875 896 2000 936 cum

412 970 572 1025 laude
604 980 880 1035 versatos,
927 968 1098 1025 victos
1128 986 1154 1022 a
1197 981 1245 1025 te
1271 973 1540 1042 longeque
1589 972 1731 1029 infra
1780 974 2004 1031 relictos

411 1062 722 1119 clarissime
771 1063 1189 1127 demonstrasti,
1226 1065 1340 1135 jam
1394 1066 1580 1122 dicere
1628 1067 2002 1137 aggredimur.

415 1153 479 1209 Et
532 1171 594 1211 ea
652 1154 872 1226 quidem
907 1172 1032 1225 qua:
1101 1159 1187 1212 his
1246 1159 1422 1212 instar
1480 1159 1819 1214 fundamenti
1870 1160 2004 1213 sub-

414 1259 610 1313 strata.
631 1266 695 1305 ac
722 1250 886 1306 veluti
914 1252 1278 1306 maximarum
1311 1268 1492 1308 rerum
1522 1268 1679 1309 luere
1709 1256 2000 1324 prooemia,

415 1343 697 1411 quomodo
729 1357 836 1397 non
867 1343 922 1397 in
953 1344 1377 1399 admirationem
1408 1354 1807 1417 stuporemque
1834 1349 2008 1403 dedu-

413 1445 543 1488 cant
575 1434 839 1501 aliquem,
875 1443 932 1489 et
962 1432 1273 1490 futurorum
1312 1433 1516 1490 faciant
1547 1437 1775 1493 minime
1805 1437 2002 1492 falsum

415 1526 635 1581 vatem?
661 1525 1056 1582 lnstituebatur
1087 1527 1310 1596 quidem
1348 1528 1494 1582 inter
1516 1544 1737 1597 pueros,
1771 1532 1864 1585 sed
1900 1532 2006 1585 mi-

414 1621 562 1674 nime
591 1618 856 1687 puerilem
887 1619 1113 1688 gerebat
1146 1633 1371 1674 sensum
1396 1658 1414 1684 ,
1450 1634 1626 1690 neque
1655 1621 1721 1675 ad
1749 1638 1836 1678 res
1865 1622 2005 1677 ludi-

414 1727 539 1767 cras
565 1712 1017 1773 convertebatur,
1051 1711 1393 1782 voluptatem
1439 1713 1642 1768 exinde
1675 1714 2023 1784 captandam”

416 1801 638 1858 virtutis
685 1803 807 1858 loco
858 1804 1182 1869 aestimans,
1232 1805 1327 1859 sed
1377 1804 1577 1860 divinis
1622 1806 2006 1861 oblectabatur

416 1892 938 1960 exercitationibus,
972 1896 1147 1965 sacris
1172 1896 1473 1952 erudienda
1499 1896 1720 1952 litteris.
1756 1895 2007 1951 Emula-

419 1989 579 2040 batur
601 1995 808 2051 autem,
838 1995 892 2042 et
921 1989 1103 2043 socias
1127 1988 1328 2044 habere
1345 1988 1652 2059 expetebat,
1681 2004 1790 2043 non
1816 2003 2008 2044 assue-

418 2083 508 2134 tas
547 2080 656 2136 illis
682 2081 962 2135 contraria
993 2096 1180 2135 amare
1207 2088 1262 2136 et
1293 2080 1450 2136 malis
1485 2080 1541 2134 in
1576 2087 1742 2137 rebus
1767 2081 2002 2144 versari,

416 2171 565 2241 quod
611 2171 726 2225 vitii
764 2179 870 2236 est,
902 2174 998 2226 sed
1029 2171 1436 2242 adiungebatur
1467 2172 1717 2243 solisque
1748 2174 2007 2229 convive-

419 2264 513 2318 bat
540 2263 626 2326 iis,
661 2278 801 2333 quas
829 2278 987 2318 amor
1016 2263 1380 2333 philosophia:
1428 2264 1749 2335 divinaeque;
1777 2281 2007 2324 conver-

417 2354 647 2411 sationis
681 2356 931 2419 tenebat;
967 2363 1156 2424 utpote
1188 2371 1310 2425 qua:
1348 2354 1665 2412 felicitatem
1702 2358 2006 2414 cmstilue-

417 2455 503 2502 ret
529 2445 585 2501 in
621 2446 731 2502 illis
753 2446 1042 2502 dumtaxat
1066 2448 1256 2512 rebus,
1285 2462 1407 2516 qua:
1442 2448 1551 2502 Deo
1577 2449 1816 2516 placent,
1839 2457 2006 2516 atque

416 2539 484 2595 ad
521 2540 782 2595 virtutem
820 2539 1054 2602 ducunt.
1091 2550 1145 2595 et
1176 2538 1539 2595 inell'abilium
1574 2538 1845 2594 bonorum
1876 2554 2005 2608 par-

418 2628 792 2699 tieipationem
829 2630 1155 2684 conciliant.
1204 2627 1297 2683 Sic
1344 2629 1512 2700 igitur
1548 2634 1733 2682 animo
1776 2644 2003 2699 compa-

420 2712 556 2784 rata,
589 2717 848 2788 coujugio
876 2719 1099 2789 quidem
1135 2734 1231 2775 usa
1265 2728 1371 2784 est,
1402 2720 1495 2773 sed
1535 2734 1629 2774 usa
1661 2728 1745 2774 est
1767 2729 2001 2785 tantum,

418 2813 475 2859 et
507 2806 644 2861 nihil
675 2808 945 2878 amplius,
974 2821 1242 2878 quantum
1286 2809 1502 2870 scilicet
1544 2823 1682 2878 Opus
1725 2822 1874 2877 erat,
1903 2808 2003 2865 ali-

416 2912 583 2967 quam
623 2898 690 2953 ad
722 2900 928 2968 optima
967 2915 1199 2969 quaeque
1224 2902 1533 2955 tendentem
1589 2901 1760 2956 etiam
1793 2905 1993 2973 conju-

415 2988 509 3058 gio
530 2987 755 3044 subesse
780 3007 795 3042 :
826 2998 886 3045 ut
914 3006 1037 3059 quae
1061 3000 1229 3046 totam
1257 3006 1317 3045 se
1350 2991 1592 3048 dedisset
1619 2994 2001 3064 phi1050phize,

418 3093 530 3134 non
562 3080 864 3149 respiciens
892 3080 946 3135 in
974 3081 1201 3138 delicias
1233 3090 1328 3137 aut
1354 3083 1689 3154 voluptates,
1719 3088 2003 3158 animique

2106 601 2423 672 κρείττονας
2441 602 2593 674 σφῶν
2623 603 2806 658 αὐτῶν
2836 603 3115 669 ἀνέδειξας
3132 599 3215 661 οἷς
3242 605 3575 674 ἐκόσμησας,
3598 608 3674 667 τίς

2106 697 2208 748 οὐκ
2234 690 2344 750 οἶδε
2375 695 2486 751 τῶν
2518 696 2776 762 πάντωνς

2180 793 2255 852 ς’.
2292 788 2433 851 Τοὺς
2469 787 2568 857 μὲν
2600 786 2694 842 οὖν
2726 789 3031 858 ὑπερφυεῖς
3070 789 3317 850 ἐκείνους
3348 787 3565 856 ἀγῶνας
3591 789 3676 841 καὶ
3766 795 3774 804 “

2105 881 2174 935 τὰ
2204 880 2418 951 μεγάλοι
2446 880 2540 935 ἐπὶ
2571 881 2862 953 φιλοσοφίᾳ
2900 881 3228 952 σκάμματα,
3261 883 3318 935 ὲν
3345 874 3425 943 οἷς
3457 881 3673 943 πολλοὺς

2107 976 2200 1030 ἐπὶ
2233 975 2524 1046 φιλοσοφίᾳ
2555 972 3005 1045 θαυμαζομένους
3035 973 3381 1043 ἡττωμένους
3409 973 3502 1024 καὶ
3534 972 3673 1025 κάτω

2107 1066 2423 1138 χωροῦντας
2463 1065 2667 1131 ἔδειξας
2706 1064 3049 1136 περιφανῶς,
3087 1064 3289 1117 αὐτίκα
3323 1061 3574 1134 ἐροῦμεν.
3614 1065 3677 1117 Ἀ

2107 1160 2163 1214 δὲ
2205 1159 2412 1212 τούτων
2447 1157 2641 1229 ὥσπερ
2676 1158 2782 1224 πρὸ
2818 1156 3031 1218 τελείας
3064 1156 3300 1209 ὐπέθουν
3333 1156 3430 1209 καὶ
3461 1155 3567 1208 τῶν
3593 1172 3679 1220 με-

2107 1252 2290 1321 γάλων
2323 1250 2606 1323 προοίμια,
2626 1250 2743 1314 πῶς
2771 1249 2833 1303 οὑ
2869 1249 3001 1317 πρὸς
3035 1247 3300 1319 ἔκπληξιν
3330 1248 3538 1310 πάντας
3565 1247 3679 1300 ὲνάο

2108 1360 2195 1412 γει
2231 1346 2323 1397 καὶ
2370 1343 2557 1413 θαῦμα
2606 1343 2700 1397 καὶ
2746 1344 2856 1395 τῶν
2898 1343 2976 1407 είς
3027 1341 3200 1396 ἔπειτ’
3254 1340 3528 1410 ἐσομένων
3560 1340 3684 1408 μάν-

2108 1453 2222 1499 τεις
2250 1438 2442 1502 σαφεῖς
2464 1433 2845 1489 ἀναδείκνυσιν
2870 1451 2887 1501 ;
2911 1435 3001 1497 Εἰς
3028 1434 3228 1497 παῖδας
3257 1434 3358 1502 μὲν
3387 1430 3478 1486 οὖν
3500 1432 3680 1511 ἐτέλει,

2109 1526 2225 1583 ἀλλ’
2255 1528 2316 1581 οὐ
2357 1527 2497 1582 κατὰ
2530 1528 2724 1593 παῖδας
2758 1520 2870 1596 εἶχε
2902 1526 2961 1580 τὸ
2990 1525 3264 1596 φρόνημα,
3295 1526 3407 1579 οὐδ’
3442 1527 3519 1586 είς
3550 1541 3683 1578 παι-

2107 1622 2225 1685 διὰς
2262 1621 2431 1693 ἑώρα,
2470 1620 2564 1673 καὶ
2600 1621 2698 1691 τὴν
2738 1621 2949 1672 ἐκεῖθεν
2985 1618 3177 1689 τέρψιν
3215 1618 3317 1689 τῆς
3356 1619 3556 1688 ἀρετῆς
3584 1617 3682 1670 ἔτι·
3749 1691 3755 1698 ¹

2111 1714 2286 1782 μᾶτο·
2321 1713 2435 1767 ἀλλ’
2455 1713 2642 1783 ἔχαιρε
2675 1712 2772 1783 μὲν
2795 1713 2915 1775 ταῖς
2945 1710 3117 1774 θείαις
3139 1710 3449 1781 διατριὸαῖς
3479 1712 3544 1779 τά
3571 1708 3681 1762 θεῖα

2110 1806 2504 1876 παιδευομένη,
2533 1803 2801 1874 ἡμιλλᾶτο
2850 1802 2907 1855 δὲ
2964 1802 3059 1856 καὶ
3114 1801 3282 1872 συνῆν
3323 1802 3387 1854 οὐ
3433 1803 3549 1863 ταῖς
3583 1799 3684 1853 τῶν

2115 1899 2372 1951 ἐναντίων
2416 1896 2623 1967 ὲρῶσαι
2661 1896 2889 1959 εἰδυίαις
2928 1897 3023 1950 καί⁷
3058 1896 3119 1948 τὸ
3158 1898 3348 1958 κακοῖς
3395 1896 3682 1955 συνοικεῖν,

2116 1988 2255 2056 πρὸς
2272 1981 2661 2056 ἐλαττώματος
2692 1984 2752 2038 ὅν
2775 2001 2790 2017 ο
2824 1985 3051 2038 ἔκείνων
3081 1983 3126 2035 δ’
3156 1983 3425 2053 ἐξήρτητο
3453 1981 3543 2034 καὶ
3568 1978 3688 2032 ταύ-

2114 2098 2234 2144 ταις
2271 2079 2460 2148 μόναις
2496 2076 2727 2147 συνέζη,
2763 2076 2830 2140 ἃς
2873 2078 2901 2130 ό
2935 2075 3259 2145 φιλοσοφίας
3287 2073 3433 2144 ἔρως
3468 2072 3701 2140 κατέσχε

2108 2175 2211 2228 καὶ
2231 2172 2325 2227 τοῦ
2354 2174 2594 2226 συνεῖναι
2619 2170 2739 2242 Θεῷ
2761 2188 2774 2201 ·
2798 2170 2969 2241 μόνην
2999 2170 3106 2250 γὰρ
3133 2168 3488 2237 εὐδαιμονίαν
3515 2166 3688 2237 ἡγεῖτο

2112 2266 2150 2321 ἃ
2188 2265 2566 2335 κεχαρισμένα
2601 2263 2861 2334 τυγχάνει
2895 2261 3037 2331 Θεῷ,
3072 2264 3166 2315 καὶ⁵
3199 2260 3342 2330 πρὸς
3377 2257 3573 2331 ἀρετὴν
3598 2254 3687 2324 φέ-

2116 2376 2238 2430 ρει,
2279 2359 2372 2412 καὶ
2419 2356 2531 2411 τῶν
2564 2357 2822 2430 ἀρρήτων
2853 2355 3151 2426 κοινωνοὺς
3190 2351 3507 2423 ἐργάζεται.
3542 2347 3693 2405 Οὕτω

2113 2451 2294 2505 τοίνυν
2315 2450 2415 2522 τὴν
2434 2451 2616 2521 ψυχὴν
2644 2449 3093 2519 παρεσκευακυῖα
3118 2445 3376 2516 ὡμίλησε
3402 2444 3498 2514 μὲν
3513 2442 3687 2511 γάμῳ.

2111 2540 2361 2614 ὡμίλησε
2406 2541 2485 2607 δὲ,
2529 2541 2681 2594 οὐδὲν
2729 2539 2930 2609 μᾶλλον
2956 2555 2972 2570 ο
3008 2538 3144 2592 ἀλλὰ
3186 2535 3452 2590 τοσοῦτον
3487 2534 3691 2601 ἐδέησεν

2114 2632 2332 2701 ὑφεῖναί
2382 2648 2432 2685 τι
2474 2629 2628 2701 παρὰ
2665 2631 2757 2683 τὸν
2794 2628 2971 2697 γάμον
3023 2627 3117 2681 τοῦ
3165 2626 3407 2696 περὶτὰ
3458 2624 3693 2696 βέλτιστα

2112 2723 2293 2783 τόνου,
2329 2720 2468 2775 ὥστε
2503 2721 2598 2772 καὶ
2644 2716 2826 2788 πολλῷ
2864 2717 3069 2787 μείζων
3113 2712 3181 2788 ἦν
3230 2717 3310 2778 είς
3351 2713 3688 2785 φιλοσοφίανο

2112 2814 2215 2868 οὐκ
2245 2814 2327 2876 εἰς
2366 2810 2579 2881 τρυφὰς
2613 2809 2799 2882 όρῶσα
2837 2810 2929 2863 καὶ
2963 2809 3158 2880 ἡδονὰς
3195 2807 3294 2861 καὶ
3326 2809 3426 2877 τὴν
3453 2803 3687 2861 ἐντεῦθεν

2114 2905 2420 2978 ῥᾳστώνην,
2454 2903 2574 2955 οὐδὲ
2610 2902 2771 2971 δόξης
2802 2902 3094 2973 ἡττωμένη
3126 2902 3220 2955 καὶ
3248 2901 3506 2955 πλούτου.
3536 2898 3687 2965 Μόνῳ

2114 2999 2224 3069 γὰρ
2257 2997 2375 3067 Θεῷ
2405 2998 2502 3051 καὶ
2532 2998 2643 3058 τοῖς
2677 2994 2884 3048 ἐκείνου
2922 2996 3201 3064 προσεῖχε,
3239 2994 3336 3047 καὶ
3373 2993 3474 3062 τὴν
3510 2988 3685 3044 ἐπιθυ-

2121 3089 2249 3158 μίαν
2297 3088 2434 3159 πρὸς
2468 3086 2679 3140 ἐκεῖνον
2724 3086 2894 3140 ἔτεινε
2929 3085 3111 3155 μόνον,
3143 3085 3239 3138 καὶ
3269 3084 3455 3139 πάντα
3478 3082 3544 3135 τὰ
3575 3076 3688 3134 καθ’

418 3170 801 3226 remissionem
839 3187 935 3241 per
963 3188 1057 3230 eas
1085 3176 1412 3244 captandam
1438 3215 1455 3240 ,
1484 3192 1664 3248 neque
1691 3180 1864 3249 gloria
1901 3189 1998 3236 aut

2111 3181 2280 3251 αὐτὴν
2312 3181 2526 3235 ἐκείνου
2550 3182 2780 3251 γνώμην
2804 3178 2991 3233 διώκει
3025 3178 3111 3249 (ἰ)⁴

417 3264 624 3319 divitiis
654 3263 993 3322 vinceretur.
1033 3266 1145 3322 Soli
1180 3269 1326 3323 enim
1354 3268 1466 3324 Deo
1493 3272 1774 3342 rebusque
1828 3274 2028 3331 divinis
2079 3275 2409 3342 inhaerebat,
2462 3283 2518 3330 et
2573 3274 2641 3329 ad
2677 3288 2804 3329 eum
2841 3272 3019 3329 solum
3054 3269 3223 3325 animi
3258 3269 3350 3325 sui
3378 3265 3691 3327 extendebat

414 3356 778 3426 desiderium,
814 3375 1030 3430 suaque
1066 3363 1254 3417 omnia
1282 3364 1348 3419 ad
1384 3364 1531 3420 illius
1560 3365 1838 3437 dirigebat
1870 3367 2188 3426 arbitrium.

491 3448 543 3502 7.
589 3445 728 3503 Vera
763 3463 851 3504 me
875 3450 1079 3516 dicere,
1119 3453 1201 3506 vel
1231 3453 1358 3508 hinc
1396 3455 1628 3524 patebit,
1661 3455 1807 3526 quod
1843 3468 1999 3527 post-

415 3555 582 3608 quam
606 3551 830 3611 propter
853 3558 1048 3612 graves
1081 3544 1448 3601 Barbarorum
1481 3549 1744 3603 incursus
1766 3549 2001 3619 patriam

416 3634 714 3701 deserens,
766 3620 1144 3691 Macedoniam
1196 3637 1447 3693 habitare
1478 3641 1679 3709 coepit,
1720 3651 2006 3712 materque

416 3722 610 3779 en‘ecta
647 3734 765 3790 est,
801 3726 1224 3796 primogenitam
1257 3728 1505 3796 prolem,
1546 3728 1706 3799 juxta
1744 3729 1897 3785 Pauli
1930 3731 2006 3786 le—

417 3830 534 3884 ges,
563 3815 769 3873 dilecto
796 3816 899 3871 sibi
935 3816 1046 3873 Dro
1076 3819 1300 3884 obtulit,
1323 3831 1627 3891 sanctoque
1654 3821 1870 3891 piarum
1896 3824 2003 3877 vir-

417 3906 605 3976 ginum
644 3909 1011 3964 contubernio
1045 3909 1211 3965 tiliam
1257 3904 1503 3966 ti’adidit.
1540 3910 1757 3967 Etenim
1794 3914 1839 3970 si
1873 3930 2004 3983 pos-

419 3998 728 4054 sessionum
772 4012 982 4069 partem
1026 4002 1161 4056 dare
1192 4000 1416 4057 Numiui
1485 4005 1665 4075 magni
1693 4016 1777 4061 est
1817 4008 1997 4061 meriti

416 4092 725 4161 animaeque
757 4092 927 4146 Deum
967 4092 1284 4163 diligentis;
1322 4096 1602 4163 quomodo
1640 4111 1747 4152 non
1783 4113 2001 4169 omnem

416 4182 596 4237 laudis
613 4184 869 4237 humanae
884 4198 1171 4238 excessum
1197 4187 1592 4242 transcendent
1616 4205 1826 4261 magna:
1845 4192 2005 4261 hujus

419 4285 626 4329 sanctae
649 4274 925 4340 encomia,
951 4291 1072 4345 qua:
1095 4290 1206 4330 non
1239 4292 1465 4333 suarum
1498 4278 1845 4337 fortunarum
1873 4298 2003 4352 por-

420 4368 626 4422 tionem
657 4367 900 4438 aliquam
939 4368 1021 4422 vel
1051 4368 1235 4424 simile
1269 4370 1579 4441 quidpiam,
1617 4372 1713 4427 sed
1748 4373 2003 4443 proprio-

418 4472 541 4512 rum
570 4458 842 4514 viscerum
870 4455 1178 4528 genituram
1202 4463 1547 4516 consecravit
1578 4460 1726 4515 Deo?
1755 4459 1848 4514 Sic
1873 4474 2004 4529 ergo

421 4549 541 4615 uni,
577 4557 636 4604 ut
663 4550 801 4617 dixi,
830 4548 942 4606 Deo
973 4550 1245 4620 rebusque
1273 4552 1476 4610 divinis
1507 4553 1828 4617 inhaerebat,
1854 4561 1909 4606 et
1937 4552 2003 4606 ad

418 4657 544 4696 eum
567 4643 735 4697 animi
758 4643 844 4698 sui
865 4643 1193 4699 extendebat
1214 4643 1571 4711 desiderium,
1591 4659 1800 4713 suaque
1819 4643 2003 4697 omnia

2181 3460 2248 3526 ζ’.
2286 3459 2398 3514 Καὶ
2424 3459 2500 3523 ὡς
2530 3456 2707 3528 άληθῆ
2745 3455 2912 3526 λέγω,
2951 3455 3111 3527 δῆλον
3146 3452 3397 3508 ἐκεῖθεν·
3434 3452 3554 3506 επεὶ
3590 3449 3689 3519 γάρ

2106 3553 2207 3623 τῆς
2238 3551 2499 3623 πατρίδος
2539 3549 2923 3611 ἀπαναστᾶσα,
2957 3547 3065 3601 τῶν
3107 3546 3417 3617 Βαρϐάρων
3457 3540 3686 3614 σφοδρῶς

2108 3642 2544 3713 ἐπιτιθεμένων,
2592 3640 2692 3712 τὴν
2747 3638 3089 3694 Μακεδονίαν
3143 3636 3299 3709 ᾤκει,
3359 3640 3454 3691 καὶ
3510 3636 3687 3706 μήτηρ

2108 3736 2362 3804 ἐγένετο,
2425 3733 2486 3787 τὸ
2544 3732 2741 3803 πρῶτα
2800 3730 3033 3800 τεχθὲν,
3100 3729 3243 3783 κατὰ
3296 3730 3433 3792 τοὺς
3484 3723 3685 3781 Παύλου

2109 3826 2369 3897 θεσμοὺς,
2406 3824 2543 3896 πρὸς
2574 3824 2666 3878 τὸν
2710 3821 3047 3890 ποθούμενον
3080 3820 3204 3889 άγει
3245 3819 3406 3895 Θεὸν,
3446 3819 3538 3871 καὶ
3573 3814 3687 3884 ἱερᾷ

2112 3917 2360 3988 συνοικίᾳ
2383 3915 2671 3986 παρθένων
2696 3915 2869 3982 ἁγίων
2894 3913 3139 3983 φέρουσα.
3159 3911 3252 3965 τὸν
3274 3911 3445 3965 παῖδα
3458 3909 3682 3964 δίδωσιν.

2111 4008 2172 4061 Εἰ
2203 4006 2385 4059 τοίνυν
2416 4006 2478 4059 τὸ
2515 4009 2814 4075 κτημάτων
2844 4004 3145 4072 ἀπονεῖμαι
3185 4004 3388 4073 μοῖραν
3417 4000 3535 4071 Θεῷ
3565 3997 3684 4051 πολε
3761 4000 3764 4004 “

2107 4097 2203 4151 λοῦ
2250 4115 2394 4161 τινος
2433 4096 2583 4164 ἄξιον
2627 4097 2724 4149 καὶ
2768 4095 3126 4164 θεοφιλούσης
3174 4093 3261 4163 είη
3313 4092 3530 4163 ψυχῆς’
3578 4086 3686 4149 πῶς

2107 4190 2232 4261 οὐχὶ
2279 4191 2465 4245 πᾶσαν
2509 4188 2749 4243 ἐπαίνων
2786 4186 3097 4260 ὑπερϐολὴν
3136 4186 3463 4256 ὑπερϐαίνει
3499 4185 3566 4238 τὰ
3595 4181 3688 4251 τῆς

2110 4279 2378 4350 μεγάλης,
2400 4279 2460 4332 οὐ
2483 4278 2780 4349 κτημάτων
2800 4275 3000 4349 μοῖραν
3021 4274 3129 4330 οὐδ’
3150 4275 3279 4330 ἄλλο
3307 4293 3365 4328 τι
3385 4275 3496 4329 τῶν
3520 4269 3687 4326 τοιού-

2106 4391 2234 4436 των,
2286 4371 2422 4426 ἀλλὰ
2468 4371 2530 4425 τὸ
2562 4372 2836 4443 ’μέγιστον
2887 4372 3129 4434 πάντων,
3174 4371 3275 4432 τάς
3315 4369 3429 4422 τῶν
3477 4366 3684 4421 οἰκείων

2111 4464 2433 4537 σπλάγχνων
2474 4464 2637 4532 γονὶς
2680 4462 3138 4535 προσαγαγούσης
3171 4459 3329 4532 Θεῷ;
3369 4458 3583 4524 Οὕτως,
3615 4456 3684 4518 ὡς

2106 4559 2264 4630 ἔφην,
2301 4560 2446 4631 μόνῳ
2475 4558 2596 4628 Θεῷ
2636 4560 2731 4610 καὶ
2759 4560 2875 4620 τοῖς
2904 4555 3114 4611 ἐκείνου
3149 4556 3432 4626 προσεῖχε,
3464 4552 3559 4607 καὶ
3584 4548 3683 4619 ’τὴν

2110 4650 2411 4722 ἐπιθυμίαν
2444 4650 2581 4722 πρὸς
2621 4650 2828 4703 ἐκεῖνον
2860 4647 3032 4701 ἔτεινε
3069 4647 3252 4717 μόνον,
3282 4647 3382 4701 καὶ
3414 4648 3589 4700 πάντα
3621 4641 3682 4692 τὰ

419 4733 489 4787 ad
527 4732 675 4789 illius
700 4734 975 4805 dirigebat
1006 4735 1331 4802 arbitrium;
1372 4736 1453 4792 sic
1521 4734 1845 4790 honorabile
1873 4750 2002 4789 san-

2111 4741 2236 4798 καθ’
2275 4740 2444 4812 αὐτὴν
2474 4741 2620 4794 κατὰ
2647 4739 2748 4810 τὴν
2782 4739 2997 4793 ἐκείνου
3026 4737 3254 4810 γνώμην
3283 4739 3495 4792 διώκει.
3536 4731 3683 4788 Οὕτω

429 4832 701 4894 etumque
731 4826 1047 4897 conjugium
1077 4834 1134 4881 et
1159 4835 1336 4882 torum
1365 4826 1780 4882 immaculatum
1806 4841 2011 4882 secun-

419 4917 550 4970 dum
575 4914 727 4972 Pauli
782 4932 969 4973 vocem
1010 4917 1283 4984 exhibuit,
1321 4933 1558 4990 eumque
1581 4925 1756 4974 totum
1785 4917 1894 4975 Deo
1917 4935 2007 4974 re-

421 5006 682 5061 servavit.

2107 4834 2290 4902 τίμιον
2314 4832 2408 4887 καὶ
2439 4830 2595 4899 ἆγιον
2621 4832 2720 4884 καὶ
2742 4832 3009 4900 ἀμίαντον
3034 4830 3181 4884 κατὰ
3201 4830 3301 4900 τὴν
3331 4826 3546 4883 Παύλου
3574 4839 3682 4890 φωι

2107 4924 2208 4994 νὴν
2255 4923 2347 4977 τὸν
2397 4922 2579 4992 γάμον
2628 4920 2922 4987 ἀνέδειξεν,
2966 4920 3087 4974 ὅλον
3127 4919 3387 4984 καθάπαξ
3431 4914 3681 4974 ἀναθεῖσα

2066 5084 2071 5088 δ
2108 5013 2250 5085 Θεῷ.

1865 5173 2097 5230 CAPUT
2137 5174 2200 5230 ll.

1426 5291 1548 5349 Vita
1582 5296 1875 5351 monastica
1893 5307 1943 5352 et
1976 5298 2202 5355 virtutes
2230 5300 2289 5356 S.
2334 5298 2648 5355 Theodore.

491 5411 544 5466 8.
584 5409 879 5475 Postquam
929 5419 1108 5465 autem
1158 5408 1241 5463 vir
1287 5408 1409 5475 ejus
1457 5425 1488 5464 e
1533 5410 1672 5465 vivis
1726 5413 1999 5482 excessit,

420 5503 608 5562 statim
645 5503 736 5558 illa
772 5519 879 5557 non
921 5502 1034 5570 jam
1086 5499 1251 5554 filiam
1288 5515 1476 5566 suam,
1526 5517 1634 5556 non
1676 5515 1998 5561 extraneum

423 5595 627 5666 aliquid
652 5636 666 5659 ,
697 5595 793 5652 sed
838 5591 1194 5661 semetipsam
1239 5591 1443 5647 obtulit
1476 5593 1610 5661 Deo,
1645 5595 1881 5652 hostiam
1921 5600 2001 5653 vi-

486 5736 555 5820 ςὶ)
594 5737 752 5820 Addit
785 5751 891 5789 ms.
916 5736 1009 5788 καὶ
1042 5735 1178 5799 ὅλως
1206 5734 1420 5820 ἐκεῖθεν
1446 5737 1516 5791 τὰ
1549 5736 1651 5820 τῆς
1698 5739 2002 5820 σωτηρείας

420 5806 953 5876 ιξῆπιεπάσμασα,
988 5807 1468 5875 ιιυωιιειιιιίνίιιιυε
1497 5808 1566 5863 ad
1600 5824 1792 5866 sanum
1829 5806 1997 5866 ullum

418 5875 641 5934 usumin
675 5875 967 5946 adducere,
994 5876 1228 5950 ideoque
1258 5878 1566 5935 omisimus.

2185 5422 2253 5484 η’.
2295 5413 2419 5471 Εῖεν
2448 5416 2619 5473 ταῦτα
2655 5415 2850 5488 μὲνδὴ
2881 5413 3106 5470 τοιαῦτα
3140 5409 3238 5484 (k).
3268 5408 3375 5465 Τοῦ
3406 5407 3464 5461 δὲ
3498 5401 3677 5472 ἀνδρδς

2109 5508 2435 5570 ἀπελθόντος
2466 5508 2525 5575 ἐξ
2552 5507 2878 5575 ἀνθρώπων,
2909 5508 3073 5571 εὐθὺς
3101 5506 3283 5577 ἐκείνη
3307 5503 3488 5556 οὐκέτι
3517 5495 3675 5552 παῖδα

2110 5600 2222 5655 οὐδ’
2256 5600 2387 5655 ἄλλο
2416 5617 2470 5653 τι
2497 5600 2608 5654 τῶν
2640 5599 2864 5667 ἔξωθεν,
2901 5598 3017 5655 ἀλλ’
3051 5597 3252 5669 ἑαυτὴν
3284 5593 3476 5648 θυσίαν
3505 5589 3675 5655 ζῶσαν

2182 5741 2255 5809 (lt)
2298 5741 2363 5796 Et
2414 5742 2529 5797 hzec
2557 5740 2776 5811 quidem
2816 5740 2942 5795 talia
2973 5739 3218 5811 fuerint.
3253 5736 3349 5811 Est
3401 5731 3540 5789 enim
3568 5720 3673 5779 εἷεν

2111 5807 2376 5883 particula
2410 5807 2735 5883 permissi"
2765 5821 2821 5867 et
2845 5811 2912 5868 ad
2936 5810 3039 5867 alia
3071 5807 3396 5866 festinantis.
