4036 6442
311 394 412 462 751
498 454 501 458 .
1540 400 1717 461 νιΤΑ
1761 402 1823 461 S.
1851 403 1905 462 Τξ

2009 400 2306 463 ΟΠΟΒτ-Ε.
3152 428 3166 441 ·
3465 402 3498 465 7
3535 401 3574 464 2

312 516 597 589 προσάγει,
639 512 824 581 ἀγίαν,
874 511 1190 582 εὐάρεστον,
1224 515 1258 582 ή
1316 516 1409 567 καὶ
1442 514 1681 585 πρόσθεν
1729 514 1884 568 οὐδὲν

2007 525 2237 580 ventem,
2279 522 2529 570 sanctam
2555 554 2570 574 .
2615 513 2751 568 bene
2780 512 3087 583 plaeentem
3116 513 3460 584 (quanquam
3497 517 3572 570 uil

310 605 472 681 ἧττον
508 606 779 677 ἀνειμένη
803 604 942 676 Θεῷ,
988 607 1082 659 καὶ
1115 605 1253 675 μετά
1295 607 1395 676 τῆς
1434 606 1623 671 παιδὸς
1654 606 1887 675 γίνεται,

2007 602 2178 658 minus
2210 611 2368 657 antea
2394 601 2709 670 obtulerat),
2743 601 2974 670 ﬁliasque
3006 615 3066 656 se
3100 601 3364 671 jungens,
3397 614 3453 659 et
3484 620 3580 659 co-

312 702 408 757 ειαὶ
445 700 608 771 τρίχα
655 701 866 770 τέμνει,
903 700 998 752 καὶ
1034 698 1105 754 τὰ
1138 699 1238 769 τῆς
1269 700 1417 755 θείας
1452 700 1772 769 φιλοσοφίας
1799 700 1890 753 διὰ

2007 711 2138 750 [nam
2173 696 2458 764 deponens
2481 734 2497 759 ,
2543 702 2711 748 totam
2745 709 2869 749 sese
2897 694 3099 749 divinae
3143 693 3365 750 tradidit
3401 696 3582 765 philo-

236 822 247 834 -
310 796 530 849 πάντων
570 793 838 855 τελεῖται,
891 793 1158 864 χαίρουσα
1219 794 1321 863 μὲν
1369 795 1466 847 καὶ
1512 793 1891 864 συγχαίρουσα

2007 787 2222 856 sophiae,
2258 785 2509 855 gaudens
2535 785 2758 854 quidem
2794 785 3013 854 sibique
3057 787 3341 854 gratulans
3371 787 3438 842 de
3465 796 3576 842 tant

313 886 480 955 ἑαυτῇ
514 886 615 953 τῆς
647 883 776 954 περὶ
801 883 978 936 πάντα
999 883 1068 936 τὰ
1095 882 1360 937 κάλλιστα
1390 879 1704 953 εὐδρομίας,
1727 881 1805 950 τῷ
1833 882 1894 935 δὲ

2007 879 2138 934 felici
2167 879 2233 934 ad
2261 894 2494 948 quaeque
2520 878 2891 948 pulcherrima
2923 886 3091 931 cursu
3114 917 3131 941 ,
3168 876 3278 933 Deo
3306 893 3434 934 vero
3457 895 3583 949 gra-

312 976 430 1045 Θεῷ
465 975 628 1045 χάριν
666 974 840 1026 είδυῖα
869 975 969 1043 τῆς
1008 974 1336 1045 θαυμαστῆς
1384 976 1621 1045 ταυτησὶ
1656 974 1894 1044 κηδεμο⁴

2007 971 2102 1027 tias
2120 987 2329 1039 agens,
2367 987 2468 1040 pro
2503 981 2612 1027 tam
2657 970 2972 1027 admirabili
3016 972 3393 1051 providentia,
3415 989 3580 1045 quam

311 1068 428 1127 νίας
449 1105 465 1129 ,
499 1066 565 1137 ἥν
596 1065 724 1135 περὶ
758 1066 928 1132 αὐτὴν
962 1065 1395 1137 μεγαλοπρεπῶς
1433 1065 1770 1131 ἐπεδείξατο,
1809 1059 1888 1119 ὧν

311 1159 370 1225 ἐξ
422 1159 595 1228 ἀρχῆς
648 1157 778 1228 ἦρα,
840 1158 932 1210 καὶ
985 1156 1054 1211 δι’
1107 1157 1274 1227 εύχῆς
1324 1157 1579 1219 ἐποιεῖτο,
1620 1160 1715 1210 καὶ
1764 1158 1895 1228 περὶ

313 1251 556 1312 πλείονος
584 1246 689 1322 ἦγε
710 1251 816 1305 τῶν
851 1252 1125 1315 ἁπάντων,
1156 1251 1363 1305 τούτων
1392 1250 1689 1304 ἀπολαύειν
1717 1267 1897 1323 παρα-

313 1345 607 1407 σκευάσας.
667 1343 730 1397 Ἦ
781 1344 880 1414 μὲν
936 1343 1029 1398 οὖν
1092 1345 1461 1415 ὑπογενναίως
1506 1343 1895 1412 ἀποδυσαμένη

315 1436 449 1505 πρὸς
477 1434 605 1498 τοὺς
639 1435 784 1488 κατὰ
814 1431 1133 1503 φιλοσοφίαν
1169 1434 1408 1503 ἀγῶνας,
1440 1436 1535 1488 καὶ
1561 1434 1731 1497 οὕτως
1762 1435 1892 1487 ἑαυ-

314 1529 413 1597 τὴν
449 1526 1014 1599 παρασκευασαμένη,
1046 1526 1120 1590 ὠς
1162 1528 1260 1596 οὐχ
1293 1527 1418 1580 ὅσον
1445 1527 1584 1596 πρὸς
1622 1519 1764 1596 αἷμα
1803 1525 1897 1578 καὶ

320 1618 518 1687 σάρκα,
555 1616 694 1670 ἀλλὰ
725 1617 819 1670 καὶ
849 1616 985 1687 πρὸς
1010 1616 1187 1688 ἀρχὰς
1227 1618 1319 1670 καὶ
1346 1618 1480 1688 πρὸς
1520 1616 1774 1683 ἐξουσίας
1805 1618 1900 1670 άν-

315 1708 738 1775 ταγωνίσασθαι,
785 1710 869 1775 ἐφ’
906 1706 1050 1760 οὕτω
1093 1724 1174 1760 τοι
1210 1707 1419 1777 προέϐη
1452 1707 1550 1778 τῆς
1582 1706 1771 1778 τύχης,
1802 1709 1898 1762 καὶ

315 1797 462 1853 οὖεω
493 1799 569 1868 τῷ
602 1798 709 1851 τῶν
746 1797 973 1865 ἀγώνων
1007 1798 1279 1868 ὑπερφυεῖ
1316 1798 1523 1861 πάντας
1563 1798 1856 1869 ἐξέπληξεν
1878 1840 1892 1862 ,

317 1895 412 1946 καὶ
443 1892 579 1961 πρὸς
625 1888 877 1944 τοσοῦτον
911 1891 1085 1963 ἤγαγε
1122 1890 1419 1959 θαύματος,
1453 1890 1595 1944 ὥστε
1631 1892 1777 1957 ἔδοξε
1811 1909 1898 1959 μιν

316 1980 451 2050 κροῦ
501 1983 724 2036 καὶτὸν
769 1981 1056 2051 ἄνθρωπον
1107 1981 1479 2053 ὑπερϐαίνειν.
1530 1983 1754 2052 Πρῶτον
1804 1985 1902 2053 μὲν

315 2074 408 2130 οὖν
430 2074 930 2146 ταπεινοφροσύνην
957 2077 1051 2130 καὶ
1070 2078 1291 2148 ἀγάπην
1310 2076 1515 2147 (διώκει
1532 2075 1647 2149 [1]),
1668 2076 1769 2141 τὰς
1794 2076 1903 2147 τῶν

317 2166 537 2234 ἀγαθῶν
570 2167 786 2221 πάντων
818 2167 995 2231 αἰτίας
1017 2183 1030 2196 ·
1060 2167 1128 2232 ἃς
1160 2170 1389 2240 ἐπείπερ
1420 2170 1481 2222 ού
1522 2168 1683 2238 μόνον
1711 2169 1903 2223 πασῶν

319 2260 722 2330 ὑπερκειμένας
767 2259 913 2330 ἐώρα
934 2302 949 2327 ,
982 2261 1118 2315 ἀλλὰ
1163 2264 1260 2314 καὶ
1296 2261 1571 2332 κρηπῖδας
1605 2261 1905 2331 συμπάσης

316 2354 551 2422 ταυτησὶ
579 2351 681 2421 τῆς
712 2350 863 2414 θείας
896 2352 1237 2422 φιλοσοφίας,
1271 2352 1430 2407 τοῦτο
1469 2354 1567 2423 μὲν
1597 2353 1707 2407 τῶν
1742 2352 1903 2405 θείων

319 2443 711 2514 ἐπιταγμάτων
743 2443 1202 2513 νομοθετούντων,
1236 2445 1395 2499 τοῦτο
1423 2445 1481 2498 δὲ
1512 2447 1607 2499 καὶ
1636 2445 1773 2515 πρὸς
1807 2443 1905 2497 αύ-

293 2533 419 2603 ’τῆς
446 2535 585 2602 αὐτῇ
615 2533 771 2585 τοῦτο
804 2533 1114 2594 πεισθεῖσα,
1148 2533 1224 2597 ὡς
1257 2533 1349 2605 ἄρ’
1382 2535 1483 2589 οὐκ
1513 2533 1661 2588 ἔατιν
1700 2534 1906 2589 οἰκοδο.

324 2629 447 2696 μεῖν
477 2626 552 2696 μὴ
581 2625 689 2678 τῶν
713 2625 997 2697 κρηπίδων
1029 2627 1434 2696 ὑποκειμένων.

393 2719 460 2774 θ’.
505 2718 656 2770 Ἐπεὶ
698 2720 879 2772 τοίνυν
908 2718 1115 2783 ταύτας
1160 2718 1306 2773 οὕτω
1342 2719 1609 2790 μεγίστας
1645 2718 1739 2771 καὶ
1770 2716 1904 2770 πολ-

320 2810 414 2865 λοῦ
443 2828 586 2873 τινος
613 2810 769 2874 ἀξίας
801 2810 968 2883 ἑώρα,
999 2812 1171 2875 οὓτως
1203 2811 1498 2882 ὑπερφυῶς
1530 2810 1761 2864 ὑπέθετο
1793 2810 1904 2862 τῶν

318 2904 548 2974 ἀγώνων
578 2904 674 2957 καὶ
712 2902 855 2958 οὕτω
887 2904 1288 2975 κατώρθωκεν,
1325 2905 1399 2968 ὡς
1433 2904 1601 2973 μηδὲν
1637 2903 1907 2956 ἐλλείπειν

320 3002 428 3055 τῶν
475 3000 798 3070 γινομένων.
842 2998 954 3051 Καὶ
1000 2999 1221 3066 πρῶτον
1266 2997 1366 3067 μὲν
1400 2996 1494 3051 οὖν
1531 2998 1592 3049 τὸ
1646 2994 1904 3067 τοιαύτην

322 3094 489 3149 οὖσαν
522 3094 617 3146 καὶ
648 3091 794 3145 οὕτω
826 3092 965 3145 πᾶσι
996 3092 1110 3154 τοῖς
1144 3089 1453 3152 καλλίστοις
1492 3087 1904 3160 σεμνυνομένην

323 3188 418 3241 καὶ
449 3185 659 3237 συνέσει
690 3183 784 3237 καὶ
811 3182 1063 3254 ἀγχινοίᾳ
1096 3182 1250 3254 παρὰ
1279 3180 1465 3251 πασῶν
1496 3181 1804 3252 φερομένην
1828 3181 1902 3251 ,τὸ
1932 3210 1975 3268 C

323 3277 546 3349 κράτος,
580 3275 750 3329 ἔπειθ’
790 3275 880 3344 ὑφ’
910 3273 1075 3346 ἑτέρᾳ
1094 3274 1309 3328 τάττειν
1334 3273 1575 3339 ἑλέσθαι,
1603 3275 1699 3326 καὶ
1727 3273 1906 3346 ταύτῃ

325 3372 462 3441 μόνη
512 3369 578 3422 τὰ
631 3368 727 3439 τῆς
783 3367 1055 3437 σωτηρίας
1108 3367 1409 3420 πιστεύειν.
1455 3366 1625 3437 Δῆλον
1678 3364 1707 3419 ὃ
1764 3366 1909 3433 λέγω

321 3465 470 3518 ποιεῖ
495 3481 509 3496 ν
537 3460 632 3514 ἕπε
645 3478 730 3513 ιτα
769 3461 829 3512 τὸ
858 3461 968 3522 τοῖς
1000 3457 1264 3528 νεύμασιν
1292 3458 1506 3528 ἐκείνης
1535 3457 1908 3511 ἀκολουθοῦσα

326 3556 460 3627 μηδὲ
497 3555 607 3608 τῶν
669 3549 1068 3604 εὐτελεστάτων
1103 3548 1283 3620 ἔργων
1307 3549 1637 3620 ἀπέχεσθαι,
1657 3549 1794 3604 ἀλλὰ
1820 3566 1911 3602 το-

325 3650 515 3703 σοῦτον
552 3649 646 3702 καὶ
689 3645 899 3706 τούτοις
942 3642 1254 3714 προσέχειν,
1299 3644 1422 3694 ὅσον
1454 3643 1631 3705 οὐδεὶς
1683 3644 1798 3705 τοῖς
1830 3643 1908 3704 ὡς

323 3741 529 3811 ἑτέρως
560 3741 777 3810 ἔχουσι·
811 3740 907 3794 καὶ
938 3739 1015 3811 μὴ
1049 3741 1209 3809 μόνον
1237 3741 1315 3803 εις
1344 3740 1555 3811 ἀγοράν
1589 3738 1906 3809 ἐμϐάλλειν,

326 3838 421 3891 καὶ
447 3835 784 3890 διατίθεσθαι
809 3873 825 3900 ,
853 3836 948 3888 καὶ
975 3833 1232 3887 ὠνεῖσθαι
1263 3825 1339 3888 ὧν
1369 3832 1476 3886 ἔδει
1517 3834 1583 3903 τῇ
1621 3831 1867 3902 συνοικίᾳ
1889 3871 1905 3895 ,

327 3929 463 3982 ἀλλὰ
492 3927 587 3982 καὶ
621 3927 785 3998 ἄχθος
817 3928 1006 3998 φέρειν
1036 3923 1370 3996 δεῆσαν,καὶ
1400 3922 1513 3991 πῦρ
1543 3921 1904 3986 ἀναπάλλειν,

326 4022 423 4075 καὶ
444 4020 648 4092 χύτραν
678 4021 852 4089 ἕψειν,
879 4019 974 4072 καὶ
995 4019 1133 4079 ὅλως
1158 4019 1227 4070 τὰ
1248 4017 1425 4070 πάντα
1453 4016 1713 4085 πράττειν
1737 4013 1774 4068 ἃ
1795 4015 1908 4077 τοῖς

326 4112 729 4175 εὐτελεστάτοις
773 4113 1005 4181 ἐφεῖται.
1054 4107 1266 4163 Ἐπειτ’
1291 4107 1384 4160 επὶ
1424 4109 1555 4160 πᾶσι
1594 4107 1806 4167 τούτοις
1832 4107 1907 4177 μὴ

331 4206 492 4275 μόνον
527 4204 586 4258 τδ
623 4203 791 4274 μηδὲν
816 4177 1028 4272 ⁷ἑαυτὴν
1054 4200 1329 4272 ἡγεῖσθαι,
1357 4199 1492 4253 ἀλλὰ
1523 4201 1616 4252 καὶ
1648 4199 1909 4269 σκώληκα

330 4299 421 4350 καὶ
449 4295 649 4358 ὄνειδος
673 4293 978 4365 ἀνθρώπων
994 4293 1087 4347 καὶ
1106 4294 1175 4346 τά
1198 4292 1424 4355 τοιαῦτα
1448 4294 1907 4364 προσαγορεύειν,

336 4389 446 4451 πῶς
463 4390 522 4442 οὐ
541 4385 1045 4458 ταπεινοφροσύνης
1075 4386 1319 4454 μείζονος
1351 4387 1385 4458 ἢ
1415 4386 1906 4456 παραϐάλλεσθαις

328 4480 403 4534 Ἥ
424 4497 509 4548 γε,
538 4479 637 4547 τῆς
669 4478 868 4550 ἀρετῆς
895 4478 1463 4549 προκαλουμένηςὲπὶ
1490 4479 1569 4548 τῷ
1596 4479 1689 4531 καὶ
1705 4478 1906 4549 ἑτέρων

1993 1078 2121 1133 erga
2153 1063 2326 1134 ipsam
2370 1065 2657 1133 inagnilice
2699 1065 3110 1121 demonstrarat
3139 1106 3155 1131 ,
3202 1065 3270 1121 iis
3302 1064 3412 1119 frui
3448 1080 3586 1121 con-

1999 1158 2230 1224 cedens,
2266 1173 2388 1224 quze
2410 1174 2441 1212 a
2475 1158 2749 1228 principio
2780 1169 3104 1224 amaverat,
3137 1167 3193 1212 et
3225 1159 3278 1212 in
3314 1157 3455 1212 votis
3488 1159 3586 1211 ba—

2000 1251 2226 1313 buerat,
2268 1261 2433 1319 atque
2473 1251 2640 1305 rebus
2679 1249 2939 1305 omnibus
2979 1250 3106 1305 aliis
3141 1248 3314 1319 pluris
3354 1248 3585 1303 fecerat.

1999 1339 2092 1395 Sic
2122 1341 2288 1410 igitur
2314 1340 2502 1395 animo
2532 1349 2871 1410 comparata,
2905 1349 3071 1409 atque
3101 1354 3305 1410 agones
3342 1339 3587 1421 philoso-

1999 1434 2193 1504 pbicos
2228 1434 2500 1503 ingressa,
2532 1447 2640 1487 non
2679 1442 2938 1503 tanquam
2977 1432 3246 1487 adversus
3275 1445 3496 1485 carnem
3531 1440 3588 1484 et

1998 1527 2365 1597 sanguinem,
2415 1526 2513 1581 sed
2558 1525 2825 1580 adversus
2877 1525 3154 1595 principes
3193 1532 3249 1578 et
3287 1532 3589 1594 potestares

2001 1619 2352 1673 tenebrarum
2387 1618 2580 1673 barum
2620 1625 2937 1682 certatura,
2982 1631 3109 1670 eum
3144 1614 3337 1669 habuit
3368 1628 3588 1668 succes-

2000 1725 2148 1776 sum.
2176 1720 2233 1765 et
2260 1709 2343 1766 sic
2381 1710 2600 1764 labores
2629 1708 2947 1778 superavit,
2984 1712 3045 1762 u‘t
3081 1720 3276 1762 omnes
3310 1704 3367 1759 in
3396 1712 3591 1773 stupo-

2001 1818 2114 1856 rem
2163 1811 2401 1857 vcrteret
2452 1802 3026 1870 admirationemque,
3076 1799 3229 1854 velut
3279 1812 3404 1866 quae
3451 1811 3593 1866 pene

2005 1895 2243 1951 hominis
2265 1895 2638 1950 conditionem
2668 1905 2815 1950 esset
2847 1906 3227 1962 supergressa.
3255 1890 3321 1945 Et
3346 1891 3586 1960 primttm

1988 1987 2226 2057 quidem
2257 1987 2619 2043 humilitatem
2649 1998 2812 2055 atque
2841 1986 3217 2048 dilectionem,
3252 1984 3397 2039 velut
3418 1983 3592 2039 bono-

2004 2096 2130 2136 rum
2176 2083 2424 2137 omnium
2470 2080 2880 2136 eoneiliatrices
2930 2086 3141 2135 seetata
3170 2080 3294 2144 est;
3341 2090 3482 2147 quas
3512 2074 3594 2128 vi-

1967 2226 1975 2233 .
2006 2174 2172 2230 debat
2197 2190 2304 2229 non
2337 2174 2516 2229 solum
2547 2173 2761 2229 cunctis
2787 2186 2911 2227 esse
2942 2172 3379 2241 praestantiores,
3412 2168 3508 2224 sed
3540 2176 3595 2222 et

2006 2267 2366 2323 fundamenta
2402 2267 2573 2321 totius
2610 2265 2773 2335 hujus
2807 2265 3008 2319 divina:
3040 2254 3443 2333 philosophias:
3479 2270 3595 2315 tum

2006 2357 2136 2425 quia
2167 2356 2248 2412 sic
2280 2355 2375 2411 Dei
2410 2356 2667 2411 tuandata
2708 2355 3122 2425 praecipiebant,
3153 2362 3268 2409 tum
3296 2365 3426 2422 quia
3467 2366 3595 2421 per-

2008 2466 2173 2507 suasa
2197 2459 2317 2506 erat
2336 2451 2443 2508 sibi
2469 2453 2770 2508 convenire
2789 2436 3012 2506 nonnisi
3037 2448 3413 2505 fundamentis
3431 2448 3594 2519 jactis

2002 2545 2305 2601 aedificare.

2077 2719 2132 2773 9.
2168 2716 2280 2772 Has
2311 2731 2441 2787 ergo
2478 2713 2746 2770 maximas
2776 2714 3053 2785 longeque
3090 2712 3450 2783 dignissimas
3478 2710 3595 2765 vir-

2008 2818 2156 2865 tutes
2182 2825 2306 2864 csse
2334 2806 2718 2875 considerans,
2745 2806 2886 2861 adeo
2918 2820 3182 2875 generose
3208 2803 3416 2860 subivit
3441 2802 3596 2857 labo-

2008 2918 2097 2958 res
2131 2901 2574 2963 exercitationis,
2613 2899 2861 2968 adeoque
2901 2909 3049 2953 recte
3081 2897 3227 2967 egit,
3261 2907 3322 2952 ut
3352 2896 3409 2950 in
3445 2894 3595 2950 nulla

2007 3008 2234 3051 suarum
2267 2994 2551 3049 actionum
2582 2993 2866 3047 deficeret.
2906 2989 3041 3045 Nam
3084 3005 3209 3047 eum
3250 2990 3376 3046 talis
3412 2999 3598 3046 tanta-

2006 3104 2115 3159 que
2141 3097 2307 3153 esset,
2335 3094 2389 3142 ει
2421 3085 2636 3142 cunctis
2661 3084 3000 3140 ornamentis
3058 3099 3235 3154 usque
3267 3085 3405 3138 adeo
3432 3083 3598 3139 deco-

2009 3189 2152 3246 rata,
2184 3179 2523 3250 praecelleret
2545 3194 2741 3235 onmes
2771 3178 2977 3247 ingenii
3007 3177 3402 3249 perspicuitate
3427 3186 3598 3248 atque

2009 3277 2347 3346 capacitate;
2392 3273 2494 3330 sibi
2543 3271 2647 3343 ipsi
2696 3272 2972 3341 persuasit
3019 3271 3181 3327 alteri
3235 3285 3359 3327 sese
3402 3279 3599 3338 sponte

2008 3368 2303 3437 subjicere,
2335 3370 2496 3435 eique
2527 3365 2629 3419 soli
2660 3362 2889 3419 credere
2923 3362 3163 3418 salutem
3199 3377 3382 3418 suam.
3413 3361 3599 3429 Quare

2009 3471 2061 3515 et
2085 3460 2349 3515 minimos
2381 3456 2656 3527 magistrae
2684 3463 2856 3511 nutus
2882 3455 3232 3516 observabat.
3261 3463 3316 3508 et
3341 3469 3417 3508 ne
3443 3453 3601 3510 vilis-

2009 3552 2150 3607 sima
2178 3551 2399 3621 quidem
2428 3561 2594 3618 opera
2619 3545 3101 3615 subterfugiebat;
3130 3542 3227 3599 sed
3261 3542 3349 3599 his
3375 3556 3600 3613 quoque

2010 3654 2222 3699 tantqu
2253 3641 2617 3707 afﬁciebatur,
2649 3648 2918 3711 quantum
2956 3637 3102 3692 alius
3138 3649 3306 3691 nemo
3332 3634 3601 3705 digniori-

1976 3729 2116 3790 ’bus
2142 3752 2157 3789 :
2192 3748 2370 3804 neque
2400 3733 2581 3788 solum
2620 3746 2729 3788 non
2763 3728 3167 3800 dedignabatur
3198 3727 3265 3781 ad
3294 3722 3475 3781 forum
3504 3726 3601 3780 de-

2009 3825 2176 3888 ferre,
2220 3826 2303 3878 vel
2340 3838 2542 3879 venum
2577 3835 2893 3890 exponere,
2932 3828 3030 3875 aut
3064 3832 3251 3874 emere
3293 3831 3359 3871 ea
3397 3814 3599 3886 quibus

2007 3921 2155 3970 esset
2197 3926 2338 3983 opus
2384 3911 2768 3967 communitati
2801 3949 2818 3971 ,
2869 3909 2967 3964 sed
3010 3922 3191 3977 neque
3237 3906 3386 3976 ligna
3429 3905 3596 3970 ferre,

2009 4003 2194 4060 focum
2233 4013 2480 4069 struere,
2523 4002 2676 4058 cibos
2707 4014 2970 4071 coquere,
3003 4008 3099 4055 aut
3131 3996 3340 4067 aliquid
3374 3995 3600 4051 omnino

2008 4111 2199 4152 eorum
2229 4095 2431 4158 facere.
2467 4111 2591 4166 quae
2627 4095 2817 4150 infimo
2849 4093 3053 4163 cuique
3098 4100 3335 4161 possent.
3363 4087 3596 4158 imponi.

2011 4190 2092 4246 Ad
2120 4192 2234 4247 haec
2258 4205 2383 4261 quae
2405 4205 2516 4245 non
2538 4198 2750 4244 tantum
2773 4187 3011 4257 seipsam
3037 4184 3271 4240 faciebat
3293 4180 3475 4243 nihili,
3503 4179 3599 4235 sed

2011 4298 2250 4338 vermem
2281 4291 2447 4352 atque
2471 4281 2827 4352 opprobrium
2852 4279 3138 4334 hominum
3166 4276 3385 4345 aliaque
3408 4273 3602 4342 hujus-

2010 4376 2164 4431 ‘modi
2194 4374 2503 4447 appellabat
2530 4388 2674 4439 sese,
2704 4371 2984 4443 quomodo
3015 4383 3125 4425 non
3149 4371 3456 4424 aestimetur
3481 4381 3600 4419 nta-

2010 4469 2146 4540 joris
2177 4467 2351 4535 fuisse
2380 4465 2730 4529 humilitatis,
2753 4480 2917 4535 quant
2944 4463 3031 4520 cui
3063 4463 3239 4532 possit
3260 4459 3599 4529 comparatio

327 4574 418 4625 ἐπὶ
449 4571 738 4641 φιλοσοφίᾳ
767 4572 1112 4641 προστατεῖν,
1139 4571 1238 4624 καὶ
1268 4570 1487 4624 πάντων
1514 4573 1595 4632 είς
1619 4569 1778 4624 τοῦτο
1806 4588 1905 4624 πα-

2011 4561 2173 4630 digna
2216 4559 2492 4614 inveniri?
2530 4558 2734 4612 Eadem
2789 4572 2919 4610 vero
2967 4570 3093 4611 cum
3146 4553 3363 4607 virtutis
3405 4554 3599 4605 merito

328 4662 729 4735 ρακαλούντων,
775 4661 880 4714 οὐδ’
913 4660 1104 4732 ἄκροις
1148 4660 1251 4715 ὠσὶ
1294 4662 1357 4714 τὸ
1389 4662 1624 4733 πρᾶγμα
1653 4662 1905 4729 ἐδέξατο,

327 4755 470 4824 ὑπὲρ
499 4753 694 4823 ἑαυτὴν
722 4749 859 4808 εἶναι
887 4753 1156 4822 νομίσασα
1174 4768 1188 4785 ·
1220 4750 1472 4816 τοσοῦτος
1502 4748 1572 4823 ἦν
1597 4755 1785 4826 ἐκείνῃ
1813 4751 1909 4805 rei)

331 4845 559 4916 μετρίου
593 4844 773 4913 λόγος.

402 5111 454 5161 ι’.
499 5104 611 5173 Τῆς
639 5103 694 5158 δὲ
737 5102 866 5175 περὶ
914 5099 974 5154 τὸ
1006 5099 1160 5153 Θεῖον
1203 5099 1426 5170 ἀγάπης
1479 5100 1574 5154 καί⁸
1611 5099 1770 5155 τοῦτο
1815 5101 1914 5172 μὲν

326 5200 605 5265 ἀπόδειξις
652 5197 925 5269 ἐναργὴς,
965 5196 1025 5249 τὸ
1066 5195 1246 5250 πάντα
1282 5197 1458 5249 ταῦτα
1491 5196 1679 5267 φέρειν
1706 5197 1914 5251 διὰ-τὸν

329 5296 462 5363 περὶ
486 5292 649 5347 αὐτὸν
678 5290 882 5361 ἔρωτα,
910 5288 1006 5342 καὶ
1037 5289 1113 5360 μὴ
1160 5288 1242 5341 ὄτι
1280 5303 1346 5356 γε
1390 5286 1767 5359 δυσχεραίνειν
1801 5292 1912 5355 τοῖς

326 5383 678 5455 δυσχερέσιν,
711 5381 848 5435 ἀλλά
880 5384 978 5437 καὶ
1014 5380 1392 5452 δυσχεραίνειν
1421 5380 1504 5434 ὅτι
1535 5380 1610 5452 μὴ
1640 5381 1812 5435 πλείω
1844 5385 1910 5436 τὰ

325 5477 565 5549 δυσχερῆ
587 5491 604 5510 ο
635 5477 732 5529 καὶ
754 5474 860 5546 πρό
881 5491 944 5543 γε
964 5474 1169 5528 τούτων
1191 5476 1283 5528 καὶ
1310 5474 1450 5545 μετά
1478 5476 1684 5529 τούτων
1712 5475 1774 5529 τὸ
1795 5477 1911 5540 τοῖς

330 5568 670 5638 ὑπερφυέσιν
695 5567 1009 5621 ἐπιὸάλλειν
1040 5566 1216 5635 ἀγῶσι
1242 5565 1337 5619 τοῦ
1368 5567 1506 5637 πρὸς
1532 5566 1697 5621 αὑτὸν
1723 5567 1909 5622 εἵνεκα

327 5661 526 5726 πόθου,
551 5661 646 5715 καὶ
674 5658 768 5715 νῦν
800 5662 898 5730 μὲν
924 5663 1201 5730 νηστείαις
1232 5660 1326 5714 καί¹
1350 5659 1705 5733 ἀγρυπνίαις,
1738 5660 1831 5714 νῦν
1854 5661 1911 5715 δὲ

2013 4659 2403 4721 provocaretur
2455 4649 2522 4703 ad
2579 4647 2812 4702 aliarum
2876 4647 2928 4698 in
2988 4643 3371 4714 pltilosopltico
3420 4642 3598 4695 stadio

2013 4741 2394 4813 praefecturam
2427 4738 2862 4808 suscipiendam,
2888 4745 2942 4790 et
2973 4748 3166 4789 omnes
3192 4732 3345 4799 illam
3382 4730 3450 4784 ad
3493 4732 3597 4785 hoc

2009 4837 2342 4902 invitarent,
2398 4848 2469 4890 ne
2517 4832 2753 4890 summis
2791 4830 3016 4901 quidem
3065 4828 3296 4884 auribus
3346 4825 3467 4896 ejus
3518 4825 3597 4880 rei

2014 4926 2241 4983 admisit
2271 4927 2633 4991 mentionem,
2665 4939 2829 4993 supra
2860 4938 2982 4979 sese
3013 4920 3068 4978 id
3095 4936 3218 4977 esse
3247 4929 3403 4986 rata;
3446 4928 3597 4973 tanta

2016 5016 2067 5072 ei
2091 5026 2212 5072 erat
2237 5013 2636 5071 mediocritatis
2661 5029 2819 5069 cura.
3370 5076 3373 5079 _

2087 5109 2176 5164 l0.
2214 5107 2427 5174 Quanta
2468 5122 2597 5176 erga
2634 5106 2802 5161 Deum
2842 5103 3083 5162 ferveret
3123 5102 3439 5165 dilectione,
3478 5100 3599 5154 evi-

2016 5203 2170 5258 denti
2200 5210 2428 5271 apparet
2457 5199 2935 5263 demonstratione
2956 5213 3053 5269 per
3083 5198 3209 5259 hoc,
3241 5193 3386 5265 quod
3410 5193 3595 5246 omnia

2015 5298 2118 5352 ista
2151 5311 2250 5367 pro
2282 5296 2431 5352 illius
2461 5308 2651 5350 amore
2687 5293 2874 5358 ferret,
2904 5306 3082 5362 neque
3115 5290 3167 5343 in
3195 5288 3367 5357 ipsius
3432 5282 3599 5336 mole-

2018 5392 2139 5449 stiis
2162 5381 2393 5447 sentiret
2419 5391 2750 5455 molestiam,
2774 5388 2878 5445 nisi
2904 5388 3028 5458 quia
3050 5400 3155 5440 non
3179 5384 3332 5453 plura
3349 5387 3402 5433 et
3421 5375 3596 5447 magis

2021 5479 2253 5537 molesta
2301 5480 2650 5550 patiebatur:
2683 5479 2942 5550 quodque
2992 5484 3186 5547 prarter
3220 5474 3324 5528 ista
3369 5479 3425 5524 et
3470 5482 3596 5523 cum

2017 5572 2161 5637 istis,
2210 5587 2333 5628 sese
2373 5580 2630 5628 attereret
2666 5572 2948 5628 laboribus
2998 5563 3330 5627 immodicis,
3376 5568 3600 5630 propter

2017 5678 2136 5719 eam
2173 5678 2280 5735 qua
2309 5656 2438 5733 erga
2471 5663 2655 5733 ipsum
2687 5662 2961 5719 ferebatur
2992 5657 3338 5713 cbaritatem.
3382 5647 3596 5707 Etenim

412 5834 474 5905 (ι)
516 5835 715 5893 Decsse
745 5838 848 5894 hoc
896 5844 1078 5893 autem
1114 5836 1291 5896 simile
1340 5839 1588 5906 verbum,
1621 5855 1687 5895 ex
1736 5853 1902 5896 sensu
1941 5836 2130 5909 liquet.
