4036 6460
384 419 493 488 Ἧῖὗ

1667 427 1842 488 νιτΑ
1881 423 1940 488 S.
1972 423 2435 490 ΤΗΕΟΒΟΒΑΞ.

3559 432 3664 493 766

377 541 676 613 καρτερίαν
693 558 710 576 ο
733 541 828 596 ἐπὶ
844 539 954 611 γᾶρ
973 541 1133 595 πέντε
1161 542 1254 595 καὶ
1275 540 1404 594 δέκα
1427 541 1697 602 ἐνιαυτοῖς
1715 543 1809 594 καὶ
1833 543 1972 612 πρὸς

2089 547 2334 615 1uamvis
2363 546 2424 601 in
2461 547 2654 602 eodem
2686 561 2810 602 cum
2842 547 2960 614 ipsa
2989 546 3213 602 virtutis
3237 546 3416 602 stadio
3447 550 3669 600 exerce-

375 638 471 690 τδν
501 633 667 690 παῖδα
702 635 763 690 τὺ
793 636 952 706 σιγᾷν
977 635 1265 706 ἐκέχρητο,
1291 635 1386 688 καὶ
1415 631 1590 689 ταῦτα
1617 637 1740 699 ταῖς
1771 636 1965 700 αὑταῖς

376 729 563 799 ἐκείνῃ
601 730 867 798 χρωμένη
909 727 1242 797 διατριϐαῖς·
1279 728 1472 780 ἔπειτα
1504 729 1606 781 ’καὶ
1635 729 1662 781 ὁ
1701 727 1964 797 μέγιστος

377 821 586 885 ὲγεῖνος
610 821 711 876 καὶ
725 823 914 873 πᾶσαν
949 819 1298 884 ἁντεξέτισιν
1317 804 1670 890 ὕπερϐαίνων
1700 819 1838 891 πρὸς
1871 819 1964 874 τδν

379 911 629 988 χειμῶνα
680 912 792 966 τῶν
848 911 1128 982 στοιχείων
1179 910 1351 977 ἀγών.
1409 910 1566 964 Οὕτω
1611 909 1702 963 διὰ
1747 910 1967 964 πάντων

379 1008 620 1072 ὑπέταξε
653 1006 750 1077 τὴν
779 1005 959 1076 σάρκα
994 1003 1074 1076 τῷ
1109 1006 1400 1074 πνεύματι,
1436 1007 1530 1058 καὶ
1573 1004 1646 1077 μὴ
1683 1004 1843 1074 μόνον
1866 1003 1968 1074 ἆρ-

378 1117 476 1171 γον
508 1097 763 1165 καθάπαξ
809 1099 1114 1168 ἀπέφηνεν,
1147 1097 1287 1151 ἀλλὰ
1322 1097 1416 1150 καὶ
1447 1098 1590 1151 κατὰ
1622 1096 1682 1149 τὸ
1705 1097 1968 1168 φρόνημα.

377 1193 472 1248 τοῦ
498 1194 808 1262 πνεύματος
841 1184 946 1262 ἦγε
969 1185 1062 1244 τού
1096 1190 1240 1244 κατὰ
1287 1191 1452 1259 φύσιν
1485 1192 1827 1259 ὲκστήσασα.
1861 1189 1970 1242 Καὶ

379 1284 492 1348 τοῖς
529 1285 626 1355 μὶν
657 1282 836 1344 ἄλλοις
870 1284 1159 1352 ἀγαπητὸν
1185 1282 1246 1334 τὺ
1279 1284 1354 1353 μὴ
1386 1284 1508 1343 ταῖς
1539 1282 1742 1351 σαρκδς
1779 1278 1971 1333 ὲπιθυυ

382 1380 535 1449 μίαις
556 1373 656 1448 ’τὴν
681 1377 861 1448 ψυχὴν
882 1375 1224 1440 ὑπάγεσθαι⁴
1249 1373 1504 1445 Θεοδώρᾳ
1531 1373 1586 1426 δὲ
1617 1373 1822 1436 οὐκέτι,
1855 1374 1971 1426 ἀλλ’

380 1475 430 1526 εἲ
467 1472 540 1542 μὴ
566 1473 659 1524 καὶ
687 1472 786 1542 τὴν
814 1471 992 1541 σάρκα
1021 1470 1349 1540 μεταῦάλλοι
1379 1469 1479 1539 τὴν
1513 1464 1698 1535 φύσιν,
1735 1468 1826 1520 καὶ
1851 1469 1972 1531 ταῖς

380 1563 702 1634 ἐπιθυμίαις
741 1563 836 1616 τοῦ
882 1562 1198 1633 κρείττονος
1243 1561 1474 1614 ἔπεσθαι
1517 1560 1970 1630 παρασκευάσω,

379 1657 482 1710 οὐκ
517 1656 742 1710 ἀνεκτὸν
776 1655 898 1708 οὐδὲ
927 1653 1064 1726 πρὸς
1096 1653 1266 1723 αὐτῆς
1302 1653 1511 1722 ἡγεῖτο.

454 1756 544 1818 ιγ’.
591 1749 873 1804 Ἐντεῦθεν
906 1749 1000 1802 καὶ
1038 1747 1394 1818 σωφροσύνης
1427 1746 1570 1802 οὕτω
1605 1747 1743 1818 μετά
1777 1745 1973 1801 πολλοῦ

380 1843 668 1910 περιόντος
725 1844 805 1905 si:
857 1843 1030 1912 ἄκρον
1079 1841 1288 1912 ἧλασιεο
1336 1841 1397 1893 τὸ
1427 1841 1536 1912 γὰρ
1575 1840 1666 1894 τὸν
1714 1841 1812 1909 μὲν
1849 1840 1975 1896 νοῦν

377 1934 490 1990 τῶν
533 1935 722 1990 παθῶν
755 1935 1140 2006 αὐτοκράτορα
1191 1933 1558 2002 καταστῆσαι,
1583 1933 1873 2003 αἰσθήσεις
1918 1931 1977 1986 δὲ

381 2029 473 2084 καὶ
498 2028 598 2100 τὴν
629 2025 881 2082 ἐντεῦθεν
908 2028 1157 2098 ἆνάγκην
1188 2025 1332 2080 οὕτω
1366 2027 1632 2096 ῥυθμίσαι
1656 2027 1752 2080 καὶ
1792 2041 1980 2080 κατα-

381 2121 609 2189 στεῖλαι,
643 2119 718 2186 ῶς
747 2121 893 2191 μήτε
959 2121 1071 2181 τοῖς
1105 2119 1412 2190 ὀφθαλμοῖς
1441 2119 1520 2181 εἰς
1551 2117 1587 2173 ἃ
1621 2119 1696 2189 μὴ
1731 2117 1979 2189 προσῆκε

380 2213 704 2283 κεχρῆσθαι,
741 2211 883 2283 μῂτε
917 2212 1089 2282 ἀκοὴν
1111 2213 1344 2282 ἑτέροις,
1378 2212 1561 2279 μόνοις
1591 2212 1648 2264 δὲ
1687 2213 1797 2272 τοῖς
1829 2210 1983 2263 λυσι-

383 2305 737 2367 τελεστάτοις
767 2306 1038 2374 ἀνοίγειν,
1065 2307 1160 2358 καὶ
1187 2305 1323 2366 ὅλως
1353 2303 1538 2366 πάσας
1565 2304 1662 2366 τὰς
1696 2301 1982 2370 αἰσθήσεις

383 2397 529 2450 κατὰ
552 2397 612 2449 τὸ
637 2394 828 2450 δοκοὸν
856 2397 1011 2465 ἄγειν
1039 2396 1118 2466 τῷ
1149 2394 1245 2466 νῷ,
1273 2395 1302 2448 ὃ
1327 2395 1428 2464 τῆς
1467 2394 1731 2466 μεγίστης
1765 2398 1983 2460 σωφροῶ

390 2487 558 2557 σύνης
585 2488 710 2556 ὅρον
742 2489 985 2551 ἆπαντες
1009 2487 1194 2557 ἴσμεν,
1219 2488 1325 2539 τίνι
1346 2487 1451 2540 τῶν
1474 2485 1650 2538 ἄλλων
1672 2485 1769 2536 καὶ
1797 2485 1980 2539 πάντα

383 2581 480 2634 καὶ
515 2577 636 2648 μεθ’
660 2578 972 2650 ὕπερόολῆς
1003 2577 1149 2633 οὕτω
1171 2577 1572 2647 κατώρθωται;
1607 2576 1767 2629 υῦτω
1798 2577 1982 2628 τοίνυν

381 2671 584 2734 τελέως
608 2671 896 2743 ἀποστάσῃ
924 2670 1032 2723 τῶν
1062 2669 1368 2740 σαρκικῶν,
1401 2670 1497 2724 καὶ
1525 2668 1617 2722 τὸν
1642 2669 1771 2739 περὶ
1805 2665 1983 2721 ’ταῦτα

384 2761 572 2817 πᾶσαν
627 2763 1011 2831 προσπάθειαν
1057 2763 1154 2832 ἀφ’
1195 2762 1397 2830 ἑαυτῆς
1440 2760 1703 2824 καθάπαξ
1745 2777 1982 2829 ποιησα-

389 2854 548 2924 μένη,
587 2855 682 2906 καὶ
713 2850 862 2908 τοῦτ’
892 2854 1120 2917 εἰκότως
1153 2853 1212 2918 ea
1243 2855 1494 2922 ἀνάγκης
1521 2853 1760 2923 ἀπήντα,
1794 2851 1982 2921 μόνων

385 2942 484 3012 μὲν
514 2941 774 3012 γενέσθαι
805 2945 918 2997 τῶν
956 2947 1086 3014 περὶ
1119 2944 1181 2997 τὶ
1223 2944 1380 2998 Θείον
1413 2941 1658 3015 ἐρώτων,
1683 2943 1778 2995 καὶ
1813 2943 1984 3011 μόνης

385 3033 729 3106 ἐξηρτῆσθαι
762 3039 862 3106 τῆς
902 3035 1116 3089 ἐκεῖθεν
1150 3033 1394 3098 ἀκτῖνος,
1425 3032 1644 3103 ἐρῶσαν
1677 3033 1734 3086 δὲ
1760 3033 1846 3085 ἀεὶ
1869 3035 1985 3095 τοῖς

387 3125 678 3195 λογισμοῖς
723 3126 1140 3197 συντυγχάνειν,
1194 3126 1288 3178 καὶ
1337 3124 1590 3196 καθαρὰν
1631 3125 1708 3194 τῷ
1760 3123 1985 3195 καθαρῷ

2071 647 2245 695 retur.
2277 638 2425 694 idem
2455 647 2691 695 testatur
2723 640 2963 694 maxima
2991 648 3046 694 et
3075 639 3226 694 omni
3252 640 3670 708 comparatione

2071 731 2246 800 major
2271 730 2428 786 lucta
2473 733 2739 787 adver-us
2786 730 3174 802 intemperiem
3219 727 3669 788 elementorum:

2072 840 2295 879 carnem
2325 839 2561 895 namque
2586 823 2804 895 Spiritui
2837 823 3175 882 omnimodis
3201 825 3461 892 subjecit,
3486 842 3668 895 neque

2072 925 2382 986 promptam
2431 917 2703 972 duntaxat
2761 917 2954 971 habuit
3009 926 3064 972 et
3114 915 3546 986 obsequentem,
3578 919 3670 971 sed

2071 1008 2235 1062 etiam
2264 1009 2481 1078 spiritui
2513 1009 2975 1076 consentientem,
3003 1019 3264 1079 tanquam
3298 996 3509 1064 natura:
3537 1023 3673 1064 con-

2072 1097 2334 1156 ditionem
2389 1115 2636 1171 egressa.
2689 1102 2823 1157 Nam
2872 1101 2995 1157 aliis
3050 1102 3272 1171 quidem
3324 1103 3561 1172 optabile
3591 1113 3675 1159 cst

2074 1195 2546 1263 concupiscentiis
2582 1195 2772 1249 carnis
2807 1211 2916 1250 non
2946 1194 3147 1262 subjici
3179 1194 3468 1264 spiritum;
3496 1192 3679 1250 Theo-

2075 1288 2222 1340 dorae
2267 1297 2452 1342 autem
2499 1302 2856 1356 nequaquam
2905 1286 3159 1342 sniiicere
3206 1287 3386 1342 visum
3421 1298 3528 1350 est,
3569 1288 3674 1341 nisi

2076 1379 2252 1446 ipsius
2282 1381 2470 1434 carnis
2503 1379 2825 1435 immutare!
2860 1393 3139 1443 naturam,
3173 1391 3227 1434 ct
3261 1381 3440 1450 ipsam
3475 1380 3678 1436 faceret

2078 1470 2224 1525 ultro
2259 1469 2328 1526 ad
2359 1471 2594 1527 meliora
2627 1472 2785 1529 ferri.

2150 1742 2242 1796 13.
2283 1735 2400 1796 Hoc
2423 1756 2554 1812 ergo
2582 1742 2749 1797 modo
2777 1743 2843 1798 ad
2869 1743 3252 1814 temperantiae
3281 1744 3498 1799 culmen
3551 1760 3680 1815 per-

2082 1834 2272 1889 venit:
2317 1834 2407 1888 eui
2455 1835 2601 1889 enim
2644 1834 2879 1889 aliarum
2927 1835 3159 1906 contigit
3203 1834 3306 1890 sibi
3353 1849 3678 1903 comparare

2079 1933 2194 1978 tam
2231 1925 2547 1980 absolutum
2579 1924 2934 1981 alicctionum
2959 1926 3293 1996 imperium;
3325 1943 3526 1981 sensus
3549 1941 3681 1980 vero

2080 2030 2386 2088 eorumque
2418 2018 2732 2073 vioientiam
2758 2020 2838 2075 sic
2867 2033 3152 2082 coercere,
3191 2028 3248 2072 ut
3285 2033 3464 2088 neque
3497 2015 3679 2072 oculis

2078 2123 2264 2179 neque
2296 2109 2530 2164 auribus
2569 2111 2946 2177 permittatur,
2988 2111 3112 2166 aliis
3148 2111 3332 2173 rebus,
3364 2125 3526 2178 quam
3562 2109 3683 2178 qui-

2081 2203 2187 2256 bus
2217 2203 2500 2266 convenit,
2519 2203 2822 2269 interesse;
2856 2204 2950 2259 sed
2978 2203 3113 2258 solis
3139 2202 3367 2258 utilibus
3391 2203 3682 2272 congruis-

2084 2307 2191 2363 que
2237 2304 2460 2364 patere,
2518 2310 2699 2367 neque
2741 2296 2902 2350 aliter
2930 2297 3158 2350 omnino
3193 2311 3357 2366 quam
3405 2295 3682 2365 quomodo

2079 2401 2242 2441 mens
2274 2388 2626 2443 constituerit
2657 2390 2766 2461 agi,
2801 2389 2947 2459 quod
2975 2404 3098 2444 esse
3130 2404 3451 2457 supremum
3479 2398 3684 2457 tempe-

2081 2481 2278 2534 rantia:
2326 2480 2536 2550 apicem
2572 2493 2766 2536 omnes
2814 2480 3111 2536 novimus?
3157 2479 3276 2550 Ipsa
3315 2492 3496 2535 autem
3541 2481 3682 2552 adeo

2079 2571 2335 2643 perfecte
2376 2573 2655 2627 carnalem
2695 2587 2916 2627 omnem
2947 2573 3298 2628 affectionem
3336 2572 3511 2638 exuit,
3545 2573 3684 2624 adeo

2081 2666 2248 2738 longe
2270 2681 2298 2720 a
2332 2681 2390 2722 se
2415 2667 2721 2720 naturalem
2749 2666 2815 2720 ad
2838 2682 2932 2721 eas
2957 2667 3376 2736 propensionem
3423 2667 3679 2724 removit.

2087 2768 2147 2814 ut
2179 2766 2376 2828 sponte
2407 2759 2666 2828 ultroque
2691 2759 2740 2812 ci
2772 2768 3110 2820 occurreret,
3146 2758 3277 2812 solis
3307 2757 3528 2827 quidem
3554 2771 3687 2826 erga

2087 2865 2176 2904 res
2217 2849 2430 2904 divinas
2469 2849 2756 2903 ameribus
2800 2849 3093 2918 occupari,
3127 2860 3180 2903 et
3212 2863 3401 2903 earum
3443 2862 3684 2902 corusco
3757 2863 3764 2884 ι

2076 2931 2282 2995 Ὶυιηίιιὶ
2322 2942 2533 2996 interere
2567 2940 2780 2994 aﬂixam
2805 2982 2820 3007 ,
2864 2950 3138 2995 amantem
3175 2956 3304 2994 vero
3338 2955 3462 2994 cum
3500 2949 3687 2994 amato

2090 3032 2202 3088 Deo
2233 3049 2452 3104 semper
2497 3035 2818 3090 conversari
2858 3043 3042 3088 mente
3067 3075 3080 3096 ,
3112 3046 3284 3102 seque
3323 3047 3515 3101 puram
3546 3047 3687 3101 puro

2079 3129 2371 3201 "applicare
2393 3167 2416 3193 ,ι
2450 3139 2506 3185 et
2535 3129 2695 3185 bonis
2731 3127 2854 3199 ejus
2887 3127 3037 3193 frui;
3073 3125 3342 3184 fruentem
3374 3144 3539 3198 porro
3568 3142 3691 3190 rura

385 3217 766 3286 συγγίνεσθαι,
807 3219 905 3272 καὶ
947 3216 1056 3273 τῶν
1099 3217 1312 3272 ἐκεῖθεν
1367 3216 1596 3288 ἀγαθῶν
1648 3216 1974 3282 ἀπολαύειν,

2090 3238 2217 3277 sum
2259 3221 2584 3292 duplicare,
2619 3221 2771 3277 velut
2801 3237 2902 3293 per
2931 3219 3232 3289 circulum,
3275 3221 3360 3275 sui
3393 3236 3522 3291 erga
3560 3234 3688 3275 eunt

382 3311 767 3366 ἑπολαύουσαν
809 3313 868 3367 ’ὀὶ
909 3311 1290 3378 διπλασιάζειν
1327 3306 1488 3376 αὖθις
1525 3311 1587 3365 τὸ
1636 3311 1767 3380 περὶ
1813 3306 1978 3365 αὐτον

382 3404 630 3476 φίλτρον,
647 3402 705 3459 ’ὦ
715 3421 810 3460 τπε
817 3423 850 3478 ρ
882 3407 940 3460 ἐν
956 3405 1166 3479 κύκλῳ.

2090 3313 2299 3370 amoris
2316 3311 2603 3370 ardorem.

1827 3538 2072 3597 GA‘PUT
2118 3538 2212 3595 111.

1047 3655 1297 3712 Laudant
1325 3657 1385 3714 S.
1415 3654 1717 3712 Theodoro:
1743 3658 1990 3726 amomis
2025 3666 2075 3712 et
2104 3671 2233 3710 eum
2268 3654 2397 3709 aliis
2420 3653 2626 3709 ulmis
2651 3655 3010 3725 comparatio.
3075 3670 3082 3677 '

456 3773 539 3829 ιδ’.
579 3769 762 3834 οὓτω,
791 3761 840 3824 ὧ
877 3770 1000 3825 θεία
1039 3769 1288 3841 κεφαλὴῐ
1321 3769 1416 3824 δια
1452 3769 1672 3823 πάντων
1709 3770 1820 3824 τῶν
1855 3768 1981 3840 βελ-

385 3866 623 3930 τίστων,
670 3867 767 3919 καὶ
822 3865 976 3934 παρὶ
1023 3862 1145 3933 Θεῷ
1198 3864 1296 3916 καὶ
1346 3861 1660 3933 ἀνθρώποις
1715 3863 1978 3934 μεγάλων

386 3957 708 4030 ἀξιωμὲνων
741 3957 1122 4027 πραγμάτων,
1157 3958 1302 4025 μετὰ
1364 3955 1563 4009 πολλοῦ
1595 3956 1689 4008 τοῦ
1729 3956 1980 4027 μείζονος

383 4047 546 4124 ἧκες,
575 4053 670 4106 καὶ
702 4051 846 4105 κατὰ
867 4049 1061 4103 πασῶν
1084 4051 1141 4104 ὲν
1162 4049 1375 4111 τούτοις
1400 4049 1464 4102 τὸ
1487 4047 1694 4119 κράτος
1718 4047 1946 4118 εἴληφας
1967 4066 1981 4079 ·

388 4144 514 4199 οὔτε
542 4144 652 4216 γὰρ
685 4143 853 4209 ἔστιν,
878 4143 980 4196 οὐκ
1016 4141 1164 4196 ἔστιν
1199 4141 1404 4213 ἀρετῆς
1434 4135 1784 4207 εἷδοςοὺδὲν,
1817 4134 1877 4194 οὗ
1909 4143 1986 4211 μὴ

383 4241 644 4308 μετεῖχες
688 4237 1082 4313 διαφερόντως,
1122 4237 1218 4288 καὶ
1254 4237 1466 4300 πάντας
1518 4236 1647 4298 τοὺς
1675 4233 1988 4304 ἀκολουθή-

390 4347 616 4397 σαντας,
672 4331 768 4383 καὶ
819 4329 964 4399 ¹μόνη
1021 4328 1354 4400 συνείληφας
1394 4327 1431 4382 ἃ.
1479 4331 1593 4392 τοῖς
1640 4327 1988 4401 άλλοιςιῐδίᾳ

385 4425 596 4492 κόσμος
636 4422 1022 4476 καθέστηκενο
1070 4423 1129 4487 ἐξ
1179 4416 1254 4476 ὧν
1297 4440 1363 4491 γε
1410 4421 1632 4476 πάντων
1684 4422 1988 4492 μοναδικήν

383 4535 514 4570 τινα
557 4516 656 4572 καὶ
715 4515 879 4586 ξένην
924 4514 1114 4569 οὐσίαν
1173 4514 1380 4577 κα.λοῦ,
1439 4513 1741 4584 συμπάσης
1779 4515 1988 4584 ἀρετῆς

2166 3768 2258 3822 M.
2297 3763 2404 3823 Per
2432 3770 2621 3825 omnia
2651 3770 2860 3842 itaque,
2895 3785 2929 3825 ο
2959 3769 3189 3826 charum
3217 3769 3326 3826 Deo
3362 3780 3548 3842 caput,
3581 3786 3695 3827 em.—

2083 3859 2281 3916 iitib'us
2357 3863 2786 3934 hominibusque
2839 3865 3208 3932 :cslimabilia,
3244 3875 3299 3921 et
3339 3867 3392 3920 in
3433 3867 3694 3923 omnibus

2095 3955 2260 4022 longe
2293 3959 2498 4026 primas
2531 3958 2861 4013 obtinuisti:
2901 3973 3080 4029 neque
3119 3974 3266 4013 enim
3302 3957 3404 4014 fuit
3435 3959 3544 4013 ulla
3581 3961 3693 4015 viro

2099 4052 2234 4106 tutis
2271 4051 2502 4121 species,
2538 4067 2703 4123 quam
2737 4069 2846 4108 non
2880 4053 3230 4124 acquisieris,
3263 4054 3430 4124 idque
3469 4055 3695 4110 diverso

2087 4144 2157 4197 ab
2185 4144 2309 4199 aliis
2343 4145 2540 4210 modo,
2586 4151 2642 4200 et
2677 4146 2819 4202 ultra
2855 4163 3019 4218 quam
3049 4148 3256 4218 aliquis
3302 4160 3426 4218 post
3458 4164 3696 4218 sequen-

2086 4234 2249 4290 tium.
2293 4234 2418 4289 Sola
2461 4236 2664 4306 quippe
2711 4239 3003 4308 complexa
3038 4256 3132 4307 es,
3176 4255 3301 4310 qua:
3338 4239 3551 4310 singula
3589 4256 3689 4306 νο-

2087 4327 2322 4382 tuissent
2350 4326 2474 4381 aiiis
2501 4342 2602 4396 pro
2643 4337 2844 4383 ornatu
2877 4329 3158 4392 sufficere;
3195 4346 3260 4384 ex
3305 4330 3524 4400 illisque
3558 4339 3694 4401 pro"

2091 4420 2268 4490 priam
2314 4422 2614 4490 quamdam
2653 4421 3150 4493 admirabi‘lemque
3197 4421 3599 4484 substantiam,
3637 4431 3694 4476 et

2095 4513 2404 4584 omnigvna:
2461 4514 2678 4569 virtutis
2736 4513 3116 4569 habitaculum
3174 4515 3440 4580 effecisti;
3495 4514 3690 4579 vitam,
3749 4517 3756 4524 '

389 4609 600 4675 ἑστίαν,
650 4609 743 4661 τὸν
796 4608 1002 4678 σαυτῆς
1058 4608 1391 4672 ἀποδείξασα
1435 4605 1556 4678 βίον
1612 4607 1749 4660 πᾶσι
1797 4605 1978 4676 παρά-

2091 4606 2348 4676 inqnam,
2385 4615 2576 4671 tuam,
2621 4607 2841 4662 cunctis
2883 4605 2937 4660 in
2975 4607 3288 4675 exemplum
3322 4608 3687 4676 propositam,

363 4697 594 4767 -δειγμα
639 4695 985 4767 προύθηκας,
1015 4698 1090 4750 ςὲκ
1118 4696 1365 4766 κεφαλῆς
1408 4697 1488 4760 εἰς
1534 4697 1705 4759 πόδας
1744 4696 1806 4750 τὸ
1854 4697 1984 4768 περὶ

389 4790 574 4843 πάντα
603 4789 892 4858 γινόμενον
939 4787 1204 4854 σώζοντα.
1247 4789 1325 4842 Ού
1363 4789 1473 4858 γὰρ
1504 4787 1600 4842 νῦν
1636 4789 1760 4858 μὲν,
1809 4788 1906 4843 νῦν
1938 4788 1984 4842 δ’

391 4882 483 4935 οὔ·
519 4881 643 4936 οὐδὲ
696 4881 792 4935 νῦν
821 4880 924 4951 μὲν
947 4881 1175 4950 μᾶλλον,
1203 4881 1300 4933 νῦν
1326 4882 1371 4935 δ’
1394 4876 1558 4951 ἦττον
1588 4881 1863 4953 (καθάπερ
1893 4881 1988 4937 άλ-

393 4973 508 5036 λοις
529 4973 675 5026 τισὶν
699 4970 1002 5042 ἐξεγένετο)
1059 4973 1218 5037 λόγον
1265 4972 1427 5044 ἔσχες
1478 4974 1577 5042 τῆς
1636 4974 1839 5044 ἀρετῆς
1889 4974 1986 5028 καὶ

391 5065 488 5121 τοῦ
540 5065 663 5121 κατ’
712 5067 883 5136 αὐτὴν
931 5064 1268 5119 πολιτεύειν
1315 5065 1436 5119 οὐδὲ
1480 5066 1590 5119 τῶν
1628 5067 1730 5138 μὲν
1782 5066 1986 5137 ταύτης

393 5156 574 5223 εἱδῶν,
607 5155 717 5208 τῶν
749 5155 793 5210 δ’
833 5153 895 5208 οὖ
919 5172 933 5187 ·
965 5155 1086 5208 οὐδὲ
1117 5155 1227 5208 τῶν
1257 5155 1358 5225 μὲν
1399 5156 1639 5224 μᾶλλον,
1671 5158 1778 5211 τῶν
1810 5159 1854 5212 δ’
1881 5152 1983 5232 ἦτο

395 5267 486 5304 τον
515 5268 529 5281 σ
555 5249 679 5303 ἀλλ’
703 5247 762 5315 ἐξ
793 5249 902 5320 άρα
934 5249 1178 5320 πρώτης,
1201 5248 1284 5312 ὡς
1317 5249 1514 5313 εἰπεῖν,
1548 5249 1646 5320 τῆς
1668 5252 1853 5321 τριχὸς
1891 5251 1986 5306 καὶ

396 5345 701 5414 προοιμίων
733 5343 929 5406 αὐτῶν,
970 5343 1131 5413 μέχρι
1178 5345 1270 5395 καὶ
1311 5341 1483 5411 μυχοῦ
1523 5343 1710 5412 γήρως
1747 5345 1842 5396 καὶ
1876 5344 1984 5397 τῶν

403 5435 676 5506 ὲπιλόγων
706 5436 798 5489 τοῦ
833 5436 972 5506 βίου,
1006 5436 1223 5489 πάντων
1255 5433 1510 5500 κα3άπαξ
1535 5437 1628 5488 καὶ
1665 5435 1784 5504 μεθ’
1819 5436 1987 5506 ὕπερ-

397 5527 561 5598 σολῆς
599 5526 708 5583 τῶν
743 5527 1034 5597 βελτίστων
1062 5525 1296 5596 ἀκριϐὴς
1339 5525 1549 5594 ἐφάνης
1579 5525 1854 5597 ἐργάτης,
1889 5527 1984 5580 καὶ

404 5620 541 5691 μόνη
562 5619 718 5692 παρὰ
744 5619 932 5673 πασῶν
961 5619 1020 5671 ἐν
1051 5619 1215 5672 πᾶσιν
1244 5617 1401 5689 ἔσχες
1427 5617 1490 5671 τὸ
1517 5617 1944 5689 συγκεχωρηκὸς
1963 5657 1979 5685 ,

398 5709 542 5765 οὓτω
569 5711 661 5764 διὰ
693 5709 913 5764 πάντων
941 5707 1220 5774 ἀνεφάνης
1244 5705 1474 5760 νικῶσα.

475 5799 556 5857 ιε’.
584 5802 661 5856 Οὐ
692 5802 801 5871 γὰρ
825 5800 984 5861 εὐθὺς
1013 5799 1110 5866 μὲν
1134 5800 1198 5853 ἐκ
1224 5799 1415 5862 παιδθς
1431 5799 1688 5862 τοσοῦτος
1709 5795 1777 5870 ἦν
1797 5799 1983 5873 ἐκείνῃ

401 5895 556 5964 λόγος
589 5893 689 5965 τῆς
723 5895 781 5947 ὲν
808 5893 955 5966 ψυχῇ
992 5893 1109 5947 κατ’
1147 5891 1349 5964 ἀρετὴν
1387 5893 1668 5964 ἐργασίας,
1700 5893 1868 5949 ἐπειδ’
1907 5895 1952 5950 ὡ

2096 4708 2408 4769 cunctaque
2440 4699 2686 4754 membra
2716 4714 2747 4753 a
2777 4699 2953 4770 capite
2977 4714 3151 4767 usque
3173 4698 3238 4751 ad
3266 4701 3434 4766 pedes
3464 4713 3690 4752 servan-

2096 4798 2226 4846 tem.
2249 4789 2367 4856 ~Nec
2391 4791 2538 4844 enim
2573 4790 2738 4844 modo
2764 4788 2988 4859 quidem
3016 4788 3118 4853 sic,
3153 4790 3315 4843 modo
3342 4797 3525 4842 autem
3555 4804 3688 4855 non;

2094 4881 2180 4936 vel
2213 4882 2380 4937 modo
2410 4881 2826 4946 minus,'modo
2860 4881 3036 4952 magis
3073 4881 3152 4951 (ut
3199 4881 3528 4950 quibusdam
3569 4880 3701 4935 aliis

2094 4976 2236 5031 solet
2277 4973 2641 5045 contingere)
2684 4973 2873 5030 virtuti
2921 4971 3324 5042 consequendx
3371 4973 3698 5042 impendis-ti

2093 5076 2182 5133 te;
2217 5082 2394 5136 neque
2431 5067 2566 5135 unis|
2597 5067 2818 5138 quidem
2859 5064 3016 5122 illius
3063 5065 3355 5136 speciebus
3395 5063 3688 5130 iulia-sisti,

2095 5155 2235 5216 a'lias
2281 5171 2464 5214 autem
2504 5159 2831 5230 neglexisti;
2879 5168 2976 5212 aut
3025 5158 3149 5214 unis
3181 5159 3532 5223 contentius,
3564 5157 3699 5211 aliis

2093 5251 2379 5309 remissius
2405 5262 2456 5308 te
2475 5252 2787 5322 applicuisti
2811 5268 2826 5318 ;
2856 5251 2952 5306 sed
2983 5267 3008 5304 a
3036 5251 3266 5317 teneris,
3292 5262 3348 5306 ut
3369 5251 3449 5305 sic
3472 5251 3686 5320 loquar,

2094 5347 2411 5419 Unguiculis
2445 5345 2698 5418 ipsisque
2729 5343 2854 5400 vita:
2880 5345 3224 5414 primordiis,
3261 5361 3436 5413 usque
3471 5345 3539 5397 ad
3570 5343 3688 5413 epi-

2095 5442 2281 5512 logum
2309 5441 2428 5512 ejus
2449 5451 2501 5496 et
2531 5450 2834 5497 extremam
2861 5451 3225 5506 senectutem,
3249 5441 3496 5494 omnium
3516 5441 3691 5495 simul

2095 5535 2398 5596 bonorum,
2449 5532 2616 5604 idque
2679 5536 3149 5590 excellent‘ssimo
3207 5533 3446 5601 quodam
3499 5533 3688 5596 modo,

2093 5623 2370 5694 operatrix
2412 5623 2602 5689 fuisti,
2636 5631 2692 5678 et
2726 5625 2844 5681 sola
2884 5627 2937 5679 in
2970 5625 3227 5679 omnibus
3259 5620 3426 5691 atque
3458 5623 3526 5678 ab
3559 5638 3690 5679 oms

2093 5717 2258 5772 nibus
2287 5716 2495 5782 primas
2523 5717 2722 5772 tulisti.

2150 5807 2239 5862 15.
2282 5803 2399 5861 Non
2432 5806 2574 5861 enim
2618 5806 2709 5861 hic
2745 5807 2844 5862 tibi
2877 5807 2943 5861 ab
2987 5805 3216 5862 infantia
3267 5805 3487 5875 quidem
3523 5794 3684 5860 citem

2093 5899 2278 5958 ceudac
2303 5897 2409 5956 fuit
2448 5898 2666 5955 virtutis
2696 5899 2858 5965 ratio,
2915 5910 3202 5971 postquam
3239 5910 3422 5955 autem
3460 5899 3691 5969 alligato
