4036 6446
495 353 599 418 767

1733 372 2043 435 NICOLAI
2073 373 2469 439 CABASILIE

3604 392 3705 464 768

490 466 843 524 matrimonio
878 485 938 527 es
971 472 1200 544 ejusque
1238 476 1605 538 incommodis
1632 482 2042 541 circumcincta

2164 485 2399 555 μίλησας
2441 488 2604 561 γάμῳ
2638 493 2731 547 καὶ
2779 496 2891 560 τοῖς
2928 497 3138 557 ἐκεῖθεν
3167 500 3465 573 δυσχερέσι,
3497 508 3585 559 καὶ
3614 526 3697 578 μισ

489 555 557 606 ad
615 559 892 615 modicum
934 565 1128 621 saltem
1173 567 1370 626 laxasti
1414 574 1583 628 studii
1627 579 2058 640 contentionem;

476 660 667 716 neque
697 666 915 708 rursum
943 655 1025 711 sic
1054 660 1410 718 matrimonio
1434 679 1530 719 usa
1556 680 1637 733 es,
1666 678 1726 724 ut
1759 670 2060 727 uuiversim

487 738 695 803 omnia,
731 740 951 807 liberos,
984 749 1387 819 possessiones,
1423 754 1666 821 divitias,
1698 757 1979 830 ipsamque
2011 772 2061 817 te

484 828 749 884 obtuleris
794 831 939 901 Deo,
974 835 1027 889 iu
1073 839 1343 910 religiosa
1385 853 1568 900 autem
1615 847 1739 903 vitae
1778 828 2060 907 laboribus

484 914 801 988 langueris;
833 925 927 979 sed
959 937 1017 983 ut
1042 932 1231 987 omnia
1260 950 1493 1004 quorum
1535 942 1904 1006 particulatim
1941 960 2058 1000 me-

482 1009 641 1075 mini,
684 1015 875 1082 paucis
908 1020 1264 1092 complectar,
1296 1042 1421 1083 cum
1459 1031 1819 1099 optima'esse
1856 1036 1971 1105 ipsa
2004 1048 2060 1094 et

493 1099 764 1159 videreris
801 1109 1093 1174 omnibus.
1136 1122 1339 1170 tantam
1370 1129 1548 1175 tamen
1580 1099 1941 1183 humilitatem
1979 1138 2059 1184 te-

480 1191 677 1259 nuisti,
710 1208 973 1266 quantam
1011 1220 1172 1261 nemo
1203 1224 1394 1266 eorum
1430 1215 1521 1283 qui
1557 1217 1760 1272 nullius
1787 1219 1915 1276 boni
1951 1223 2057 1278 sibi

481 1286 688 1341 conscii
733 1300 901 1347 sunt:
954 1295 1037 1351 sic
1077 1298 1249 1354 Deum
1299 1303 1575 1369 dilexisti,
1614 1318 1673 1364 ut
1720 1310 1772 1364 in
1820 1313 1887 1368 iis
1934 1331 2057 1385 quae

476 1374 677 1442 placita
732 1382 836 1452 ipsi
891 1401 1015 1443 esse
1071 1391 1283 1460 scires,
1344 1397 1584 1454 animam
1634 1418 1852 1474 quoque
1905 1417 2053 1464 tuam

472 1466 821 1540 ell‘underes;
858 1484 965 1533 tam
1006 1483 1246 1549 prudens
1277 1485 1467 1550 fuisti.
1512 1500 1572 1545 ut
1615 1466 1725 1546 non
1757 1466 1937 1550 solum
1967 1500 2053 1553 di-

477 1556 665 1615 missis
700 1562 825 1618 aliis
857 1568 971 1621 sola
1006 1570 1160 1627 utilia
1194 1584 1487 1643 sectarere,
1523 1582 1617 1637 sed
1652 1584 1816 1638 etiam
1852 1602 2056 1658 cogno-

472 1662 655 1706 sceres
684 1657 960 1722 quomodo
990 1675 1052 1715 ea
1076 1665 1296 1734 aggredi
1324 1678 1378 1723 et
1397 1674 1658 1744 prosequi
1681 1657 1979 1747 oporteret.

551 1738 642 1797 l6.
682 1742 781 1799 Cui
815 1762 947 1802 vero
972 1766 1036 1806 ex
1069 1753 1194 1810 aliis
1229 1738 1484 1816 omnibus
1531 1738 1761 1837 contigit
1786 1779 1894 1825 tam
1920 1789 2051 1829 exa-

476 1842 622 1886 CIam
654 1834 708 1889 in
735 1845 842 1893 tota
873 1840 983 1897 vita
1011 1850 1534 1932 servarejustitiam,
1563 1867 1623 1912 ut
1645 1875 1858 1932 semper
1881 1865 2054 1925 inhae-

474 1935 622 1981 reret
644 1929 989 1998 melioribus,
1014 1939 1295 2010 animique
1311 1930 1577 2012 judicium
1599 1966 1816 2023 semper
1842 1969 2048 2016 rectum

471 2025 718 2083 teneret,
760 2030 817 2076 et
848 2024 980 2082 illud
1030 2031 1167 2086 adeo
1209 2034 1492 2093 immotum
1522 2057 1964 2119 generosumque
1993 2053 2051 2108 in

468 2124 601 2166 casu
623 2127 959 2188 quocunque
987 2125 1315 2192 custodiret,
1361 2138 1422 2185 ut
1451 2138 1766 2194 ostenderet
1787 2128 2047 2210 mentem,

470 2216 581 2259 nou
616 2211 824 2260 tantum
861 2211 1129 2270 molestiis
1168 2217 1569 2289 incidentibus,
1618 2229 1714 2284 sed
1749 2233 1912 2288 etiam
1946 2252 2047 2293 na-

469 2302 606 2348 tura:
637 2295 851 2368 legibus
879 2306 1256 2376 superiorem,
1294 2328 1439 2370 nunc
1467 2319 1686 2386 quidem
1722 2323 2044 2383 diuturnum

462 2398 531 2438 ac
563 2401 702 2456 pene
738 2391 1092 2453 immodicum
1119 2415 1248 2471 erga
1282 2404 1446 2461 tiliam
1484 2413 1720 2468 tenendo
1743 2415 2044 2487 silentium,

467 2489 616 2533 nunc
662 2495 791 2536 vero
848 2485 1081 2544 nimium
1136 2494 1361 2566 frigoris
1420 2499 1661 2571 algorem
1719 2508 2047 2568 tolerando?

465 2564 747 2645 Quaenam
776 2574 860 2629 sic
887 2591 1086 2636 sensus
1116 2564 1248 2643 suos
1283 2591 1663 2660 coordinavit,
1702 2606 1762 2652 ut
1790 2614 1886 2654 eos
1927 2603 2046 2671 spi-

462 2656 593 2713 ritui
628 2658 834 2720 faceret
869 2668 1217 2739 subservire;
1252 2678 1509 2746 spiritum
1553 2696 1734 2740 autem
1777 2687 1927 2743 humi
1958 2656 2047 2748 re-

462 2764 592 2816 pcre
633 2752 983 2827 dedignatum
1033 2779 1198 2835 supra
1242 2777 1442 2825 terram
1477 2773 1745 2842 efferens,
1790 2781 1894 2836 soli
1929 2782 2042 2839 Deo

465 2841 545 2893 sic
576 2852 648 2934 ut
684 2846 775 2902 illa
820 2851 952 2906 fecit
996 2855 1278 2915 adbmrere
1314 2862 1548 2934 ejusque
1584 2841 2042 2933 illustratinnibus

462 2933 671 3000 perfrui
696 2937 720 2990 ?
747 2939 1007 3006 Qumnam
1035 2950 1240 3018 optima
1267 2933 1501 3026 quasque
1534 2960 1678 3018 intra
1710 2966 1950 3036 seipsam
1984 2971 2039 3026 in

464 3026 638 3091 gradu
675 3037 785 3082 tam
828 3036 1073 3102 perfecto
1099 3044 1387 3112 complexa
1429 3052 1554 3104 est?
1588 3052 1718 3109 Sola
1764 3026 1944 3123 enim.
1981 3072 2041 3123 ut

2163 576 2296 646 κρὸν
2329 579 2545 649 ὑφῆκας
2587 583 2680 636 τοῦ
2718 586 2847 654 περὶ
2882 588 2991 659 ,τὴν
3038 591 3275 662 σπουδὴν
3303 576 3698 663 τόνουθούδῶ

2160 669 2253 722 τὸν
2287 671 2390 740 μὲν
2412 673 2590 743 γάμον
2627 675 2771 730 οὕτω
2791 679 3018 747 διέθετο,
3051 682 3128 747 ὡς
3158 685 3335 755 πάντα
3359 687 3599 757 καθάπαξ
3618 698 3700 748 καὶ

2162 762 2358 825 παῖδας
2389 764 2482 818 καὶ
2515 767 2768 837 κτήματα
2809 770 2907 824 καὶ
2940 773 3200 843 χρήματα
3239 777 3330 830 καὶ
3364 778 3555 850 ἑαυτὴν
3583 784 3701 835 ἁνα-

2161 850 2322 917 θῆναι
2350 853 2492 925 Θεῷ,
2525 857 2583 908 ἐν
2610 857 2667 911 δὲ
2694 861 2805 922 τοῖς
2836 862 3046 928 ἀγῶσιν
3074 864 3133 916 ού
3172 865 3484 921 συνέϐαινεν
3517 870 3667 942 ἑαυτῇ
3686 888 3700 904 ο
3774 904 3777 907 -

2159 942 2274 996 ἀλλ’
2312 944 2399 999 ἵνα
2427 947 2567 1000 κατὰ
2601 949 2765 1020 μέρος
2794 944 2869 1004 ὧν
2903 955 3182 1026 ἐμνήσθην
3219 956 3416 1028 ἀρτίως
3449 960 3505 1012 ἐν
3534 960 3707 1033 βραχεῖ

2157 1036 2433 1102 διεξέλθω,
2461 1039 2545 1103 τίς
2577 1042 2678 1111 μὲν
2700 1042 2843 1097 οὕτω
2865 1045 2935 1098 τὰ
2964 1045 3217 1115 βέλτιστα
3236 1050 3368 1104 πᾶσι
3384 1051 3477 1105 καὶ
3494 1053 3706 1108 δοκοῦσα

2159 1129 2253 1182 καὶ
2281 1129 2415 1183 οὖσα
2445 1132 2637 1212 ἔπειτα
2664 1135 2917 1191 τοσοῦτον
2938 1139 3033 1193 τοῦ
3067 1147 3507 1217 ταπεινοφρονεῖν
3538 1147 3708 1218 ἑποιή-

2161 1238 2296 1276 σατο
2325 1222 2505 1292 λόγον,
2535 1225 2611 1289 ὡς
2633 1229 2809 1293 οὐδεὶς
2838 1232 2948 1286 τῶν
2972 1233 3131 1286 οὐδὲν
3152 1236 3260 1288 τῶν
3285 1235 3567 1304 βελτίστων
3591 1241 3704 1293 satu-

2157 1316 2267 1378 τοῖς
2303 1318 2653 1386 συνειδότωνς
2683 1320 2777 1383 Τίς
2802 1323 2847 1376 δ’
2877 1322 3021 1379 οὕτω
3042 1327 3173 1383 Θεὸν
3205 1329 3502 1398 ἡγαπήκει,
3527 1330 3598 1393 ὡς
3625 1330 3709 1385 καὶ

2155 1405 2254 1469 τὴν
2273 1405 2451 1477 ψυχὴν
2477 1410 2648 1480 αὐτὴν
2672 1412 2855 1481 ἐκχεῖν
2878 1415 3018 1488 ὑπὲρ
3040 1419 3150 1470 τῶν
3175 1418 3369 1491 ἐκείνῳ
3388 1420 3706 1489 δοκούντωνς

2156 1496 2251 1561 Τίς
2284 1497 2329 1550 δ’
2353 1500 2496 1554 οὕτω
2530 1503 2746 1571 φρενῶν
2768 1501 2827 1559 εὖ
2865 1501 3036 1578 ἦκεν,
3075 1508 3150 1573 ῶς
3183 1511 3258 1582 μὴ
3292 1512 3452 1581 μόνον
3479 1512 3516 1566 ἃ
3554 1530 3708 1584 προσ-

2156 1588 2290 1657 ῆκέν
2313 1592 2529 1648 ἑλέσθαι
2558 1598 2670 1660 τοῖς
2697 1599 2879 1663 ἄλλοις
2905 1602 3118 1672 χαίρειν
3151 1605 3440 1670 εἰποῦσαν,
3471 1606 3601 1659 ἀλλὰ
3623 1606 3708 1661 καὶ

2156 1685 2310 1754 παρὰ
2335 1687 2543 1751 πάντας
2572 1690 2769 1745 εἰδέναι
2798 1693 2948 1756 ὅπως
2972 1696 3055 1748 δεῖ
3080 1696 3238 1749 ταυτὶ
3268 1699 3511 1766 μετιέναι
3535 1714 3552 1762 ι

2228 1784 2328 1843 ις’.
2370 1776 2442 1831 Τὸ
2475 1777 2519 1832 δ’
2558 1784 2635 1843 εἰς
2670 1781 2848 1835 πάντα
2897 1783 2997 1853 μὲν
3041 1784 3358 1858 δικαιοσύνῃ
3408 1786 3711 1856 κεχρῆσθαι.

2153 1877 2247 1926 καὶ
2274 1874 2489 1944 διαιτᾷν
2516 1875 2629 1938 τοῖς
2661 1874 2785 1928 καθ’
2813 1874 2985 1943 αὑτὴν
3013 1877 3303 1946 πράγμασι
3333 1877 3405 1930 τὰ
3425 1877 3624 1937 εἰκότα,
3648 1876 3714 1940 ὡς

2150 1967 2235 2020 ἀεὶ
2262 1969 2375 2030 τοῖς
2406 1967 2680 2036 κρείττοσι
2708 1966 2978 2029 τίθεσθαι,
3005 1969 3128 2022 τότε
3156 1968 3249 2023 καὶ
3272 1968 3455 2040 ψυχῆς
3481 1972 3536 2023 ὲν
3558 1968 3716 2023 ἅπασι

2150 2058 2406 2127 φρόνημα
2432 2058 2646 2124 σώζειν,
2678 2058 2773 2111 καὶ
2793 2057 2966 2122 οὕτως
2993 2058 3207 2122 ἀκλινὲς
3235 2061 3330 2113 καὶ
3361 2065 3578 2127 γυναῖον
3601 2057 3718 2128 περὶ

2149 2149 2329 2202 πάντα
2365 2149 2676 2211 δεικνύναι,
2727 2149 2802 2212 ὡς
2841 2149 2916 2221 μὴ
2956 2151 3119 2219 μόνον
3165 2152 3275 2205 τῶν
3307 2152 3718 2223 συμπιπτόντων

2149 2239 2392 2311 ἀνιαρῶν
2435 2240 2716 2311 ἀνωτέραν
2756 2237 2897 2294 εἶναι
2939 2242 3051 2305 τοῖς
3100 2240 3265 2305 ὅλοις,
3303 2243 3445 2298 ἀλλὰ
3493 2244 3586 2297 καὶ
3617 2241 3718 2294 τῶν

2146 2332 2392 2400 φυσικῶν
2415 2332 2633 2399 θεσμῶν
2658 2332 3006 2388 παντάπασιν
3038 2333 3359 2404 ὑπερσχεῖν,
3388 2335 3482 2389 καὶ
3506 2333 3597 2388 νῦν
3630 2334 3719 2403 μὲν

2145 2425 2334 2493 ἀτόπῳ
2385 2427 2483 2478 καὶ
2544 2424 2819 2494 ὑπερφυεῖ
2872 2427 3055 2496 σιωπῇ
3118 2424 3255 2494 πρὸς
3306 2425 3415 2496 τὴν
3466 2424 3722 2494 θυγατέρα

2146 2516 2472 2586 κεχρῆσθαι,
2503 2514 2599 2569 νῦν
2629 2516 2686 2569 δὲ
2713 2516 2980 2587 τοσαύτην
3006 2517 3497 2588 ὑπομεμενηκέναι
3531 2517 3721 2586 ψύχους

2146 2607 2456 2678 ὑπερϐολὴν
2475 2647 2493 2671 ,
2527 2607 2632 2661 τίνι
2663 2608 2772 2661 τῶν
2806 2608 2982 2662 ἄλλων
3010 2607 3183 2663 ταῦτα
3215 2608 3440 2680 προσῆν
3466 2626 3482 2676 ;
3515 2609 3607 2669 Τίς
3636 2605 3723 2675 μὲν

2143 2692 2238 2751 οὖν
2257 2694 2402 2749 οὕτω
2432 2697 2528 2761 τάς
2550 2695 2834 2767 αἰσθήσεις
2859 2695 3186 2768 ρυθμήσασα
3213 2695 3291 2765 τῷ
3311 2695 3397 2767 νῷ
3424 2693 3723 2764 συμϐαίνειν

2144 2788 2579 2861 παρεσκευάκει,
2614 2787 2709 2841 καὶ
2736 2787 2927 2859 πόρρω
2966 2787 3190 2840 πίπτειν
3217 2787 3440 2848 τούτοις
3470 2786 3716 2857 βουλομέ-

2144 2896 2236 2932 νου
2259 2897 2274 2947 ;
2296 2881 2390 2943 Τίς
2411 2879 2454 2932 δ’
2471 2879 2643 2941 οὕτως
2660 2878 2822 2931 αὑτὸν
2843 2876 3033 2932 τοῦτον
3051 2879 3326 2948 ἀνώτερον
3352 2880 3486 2951 ὕλης
3502 2878 3719 2939 τιθεῖσα,

2142 2970 2264 3037 Θεῷ
2291 2970 2438 3040 μόνῳ
2458 2970 2749 3041 προσέχειν
2782 2970 3048 3042 παρέσχε,
3075 2971 3171 3025 καὶ
3200 2970 3397 3025 τούτου
3424 2970 3501 3043 (ιι)
3525 2970 3720 3038 κάκρας

2142 3064 2563 3129 ἀντιποιεῖσθαι,
2583 3067 2678 3117 καὶ
2702 3065 2823 3124 ταῖς
2844 3062 3056 3115 ἐκεῖθεν
3077 3063 3294 3117 ἀκτῖσιν
3317 3062 3590 3133 ὲντρυφᾷν
3616 3059 3682 3131 (ο)
3703 3073 3716 3122 ς

464 3113 543 3169 sic
570 3115 786 3186 loquar,
820 3127 1124 3195 praevaluit,
1156 3145 1383 3192 cunctas
1417 3151 1753 3215 cunctosque
1774 3165 1803 3204 a
1838 3154 2039 3208 saeculo

2146 3113 2260 3219 is;
2282 3113 2461 3209 πέει
2489 3113 3058 3224 gagai‘iganoa
3105 3154 3202 3209 καὶ
3249 3154 3378 3225 μεθ’
3416 3113 3721 3226 Eliciam;

463 3204 681 3265 virtutis
727 3227 893 3269 causa
949 3217 1259 3281 dominatos
1303 3232 1500 3298 partim
1564 3235 1795 3310 imitari,
1839 3244 2036 3313 partim

2146 3204 2883 3313 ξαῦτῂ-ᾞώξλαέὲῦξξξεχὲ;
2921 3204 3058 3313 μόνη
3090 3242 3199 3312 γὰρ
3236 3204 3315 3306 ῶς
3347 3244 3526 3298 εἰπεῖν
3539 3204 3722 3309 Γδιαγέ-

456 3311 726 3367 superare
752 3311 1035 3368 certando.

535 3582 622 3677 t'l.
664 3584 881 3645 Annam
903 3593 1124 3666 quidem
1154 3597 1304 3656 illam
1334 3618 1588 3677 magnam
1617 3613 1869 3671 audimus
1893 3619 2038 3674 mul-

457 3676 530 3729 tis
563 3676 875 3737 decoratam
926 3684 1099 3744 fuisse
1148 3698 1507 3766 ornamentis,
1560 3706 1861 3763 maximum
1908 3727 2038 3767 vero

456 3768 575 3838 ejus
617 3786 681 3828 ac
734 3776 882 3832 velut
926 3780 1197 3849 colophon
1228 3796 1557 3846 caaterorum
1614 3794 1743 3861 fuit,
1771 3800 2038 3858 obtulisse

458 3859 527 3914 Sa
537 3864 790 3934 muclem,
805 3872 1121 3943 temploque
1138 3877 1542 3936 deserviturum
1562 3885 1865 3947 dedicasse.
1887 3893 2036 3953 llauc

457 3964 591 4009 vero
637 3955 921 4016 Tlieodora
961 3968 1151 4022 multis
1192 3984 1499 4039 praegressa
1550 3985 1639 4031 est
1679 3986 2033 4055 parasangis:

457 4051 587 4120 quia
628 4069 736 4109 non
770 4064 984 4113 tantum
1010 4062 1220 4131 prolem
1245 4080 1426 4129 suam,
1461 4070 1553 4124 sed
1583 4075 1866 4140 pecunias,
1906 4051 2035 4147 pos-

456 4145 756 4213 sessiones,
804 4164 869 4203 ac
913 4166 972 4205 se
1021 4151 1259 4222 denique
1303 4159 1478 4229 ipsam
1513 4162 1626 4218 Deo
1673 4172 2034 4228 consecravit.

459 4234 581 4301 Quo
611 4247 792 4293 autem
821 4239 944 4296 loco
968 4258 1181 4315 magnze
1204 4247 1369 4318 hujus
1398 4264 1604 4310 sanctae
1632 4252 1836 4326 agones
1862 4262 2034 4317 collo-

455 4328 611 4384 cabis
628 4339 684 4385 et
706 4334 1004 4390 certamina
1031 4340 1246 4409 egregia
1272 4345 1644 4417 maximaque,
1662 4364 1784 4418 qua:
1808 4353 2033 4410 minime

458 4435 632 4489 pauca
665 4422 997 4490 exautlabat,
1026 4436 1081 4481 et
1113 4428 1166 4483 in
1206 4430 1275 4485 iis
1304 4434 1468 4489 etiam
1515 4437 1892 4495 Abrahamum
1942 4458 2034 4497 su-

457 4514 723 4582 perabat?
753 4516 965 4587 Quippe
990 4534 1110 4586 quze
1137 4538 1246 4578 non
1275 4535 1460 4582 coacta
1493 4527 1586 4583 Dei
1616 4529 1865 4601 imperio,
1889 4534 2036 4590 sicut

456 4603 765 4667 illeftiliam
796 4622 955 4662 suam
984 4610 1215 4679 obtulit,
1240 4615 1334 4670 sed
1365 4626 1561 4686 sponte
1590 4632 1687 4673 sua
1716 4635 1781 4674 ac
1812 4627 2034 4693 proprio

455 4703 653 4762 motu;
687 4712 865 4768 neque
914 4700 1154 4758 divinam
1205 4704 1377 4775 legem
1432 4708 1678 4779 suscepit
1732 4711 1788 4766 in
1835 4713 2035 4774 tabulis

450 4784 681 4857 lapideis
728 4805 852 4846 mox
886 4794 1216 4861 confractis,
1267 4798 1364 4853 sed
1413 4799 1469 4854 in
1505 4799 1687 4856 anima
1726 4796 2028 4873 pumicata,

454 4880 715 4938 omnibus
730 4883 909 4939 omnis
930 4884 1059 4941 boni
1085 4889 1367 4959 exemplar
1384 4895 1691 4962 proposuit,
1713 4912 1818 4951 non
1852 4899 2029 4955 solum

455 4969 549 5025 Dei
583 4971 812 5043 gloriam
859 4979 1234 5047 annuntians,
1273 4982 1368 5036 sed
1406 4984 1697 5042 universos
1729 4989 1796 5043 ad
1831 4989 2030 5045 ccelutn

454 5063 748 5121 traducens
772 5085 785 5120 :
818 5067 874 5121 in
901 5083 1012 5137 quo
1043 5069 1283 5144 Moysem
1310 5089 1531 5144 quoque
1562 5076 1653 5133 illa
1678 5079 1829 5147 vicit,
1856 5081 2032 5150 siqui-

453 5153 576 5206 dem
610 5170 718 5209 non
766 5157 951 5214 divisit
995 5177 1171 5225 mare.
1199 5174 1296 5219 aut
1333 5166 1602 5222 elementa
1647 5172 1877 5227 mutavit
1903 5172 2035 5244 (hoc

451 5245 597 5299 enim
641 5247 709 5302 ad
741 5254 1077 5321 pr0positum
1112 5267 1362 5312 nostrum
1399 5275 1504 5315 non
1537 5260 1714 5331 facit),
1743 5264 1837 5320 sed
1882 5266 2031 5336 quod

453 5335 546 5391 illo
568 5339 740 5395 multo
772 5342 950 5412 majus
970 5353 1072 5412 est,
1105 5345 1370 5404 adversus
1395 5351 1646 5409 horridas
1678 5372 1861 5411 eorum
1886 5335 2024 5413 tent-

453 5439 694 5498 pestates
721 5432 1033 5506 exindeque
1059 5438 1388 5498 exsistcutes
1414 5458 1688 5503 aerumnas
1725 5448 2021 5518 plurimum

529 5657 608 5732 (η)
676 5660 919 5730 Eumque
981 5667 1377 5732 perfectissime
1437 5672 1770 5731 desiderare.
1842 5678 2024 5732 Torsit

454 5741 552 5780 nos
583 5730 874 5809 Ιιιξίξιιςοκ,Δ
904 5730 1118 5806 κάκρας
1185 5755 1449 5809 nusquam
1508 5744 1632 5798 alibi
1701 5745 1834 5800 lecta
1852 5730 2032 5804 Vzﬂdeﬁ-

456 5810 603 5850 mutu
638 5798 875 5866 judicavi
901 5798 1178 5865 continete
1213 5798 1336 5880 ροιῖί
1365 5814 1514 5881 (ιιιδεί
1550 5814 1689 5868 κατὰ
1730 5798 1927 5887 ἄκρας.

2144 3352 2300 3403 γονεν
2326 3335 2537 3398 πάντας
2567 3335 2660 3388 καὶ
2688 3335 2868 3399 πάσας
2904 3335 3029 3398 τοὺς
3059 3336 3125 3388 ὲκ
3170 3332 3267 3388 τοῦ
3301 3335 3508 3409 παντὸς
3539 3332 3721 3393 αἰῶνος

2143 3427 2229 3478 ἐπ’
2259 3427 2429 3498 ἀρετῇ
2464 3426 2901 3507 θαυμασθέντας,
2934 3427 3061 3490 τοὺς
3085 3425 3183 3496 μὲν
3210 3425 3586 3498 μιμήσασθαι,
3606 3425 3722 3487 τοὺς

2140 3518 2188 3573 δ’
2221 3519 2629 3588 ὑπερϐαλέσθαι
2653 3518 3056 3590 φιλονεικοῦσα.

2217 3609 2305 3674 ιζ’.
2336 3611 2506 3680 Δῆλον
2531 3611 2611 3667 δέ.
2647 3613 2848 3666 Ἄνναν
2873 3606 3087 3681 μὲγζοῦν
3112 3610 3335 3681 ἐκείνην
3362 3610 3460 3680 τὴν
3492 3606 3722 3678 μεγάλην

2139 3701 2410 3772 ἀκούομεν
2440 3703 2654 3767 πολλοῖς
2681 3705 2793 3766 τοῖς
2814 3703 3124 3763 καλλίστοις
3150 3719 3208 3755 σε
3217 3702 3595 3773 μνυνομένην,
3622 3696 3721 3752 ὑϐὲ

2144 3796 2400 3862 μέγιστον
2432 3792 2652 3846 πάντων
2689 3793 2782 3847 καὶ
2819 3791 2985 3846 οἱονεὶ
3012 3792 3261 3860 κολοφὼν
3296 3796 3361 3848 τὸ
3398 3806 3722 3891 προσενηνοί

2140 3884 2292 3956 χέναι
2340 3885 2433 3939 τὸν
2477 3886 2755 3957 Σαμουὴλ,
2800 3884 2896 3938 καὶ
2928 3884 3005 3954 τῷ
3052 3885 3158 3955 νεῷ
3203 3886 3620 3956 προσαναθῆναι
3650 3884 3721 3948 τῷ

2140 3975 2272 4046 θείῳ
2291 3991 2307 4008 ο
2337 3976 2371 4047 ἡ
2403 3975 2459 4027 δὲ
2495 3974 2748 4028 τοσοῦτον
2779 3974 2984 4045 ταύτην
3012 3974 3154 4027 κατὰ
3186 3974 3399 4044 πολλὴν
3430 3974 3533 4043 τὴν
3569 3986 3721 4039 περι-

2137 4067 2328 4120 ουσίαν
2372 4067 2520 4138 νικᾷ,
2558 4067 2682 4120 ὅσον
2704 4066 2764 4119 οὑ
2787 4067 2947 4137 μόνον
2968 4066 3153 4132 παῖδα,
3178 4065 3317 4121 ἀλλὰ
3341 4070 3433 4122 καὶ
3454 4067 3702 4135 κτήματα

2138 4159 2234 4211 καὶ
2261 4158 2541 4229 χρήματα,
2573 4155 2746 4211 ἔπειτ’
2792 4160 2886 4211 ἐπὶ
2925 4160 3060 4239 πᾶσι
3107 4159 3327 4224 τούτοις
3359 4161 3423 4214 τὸ
3473 4161 3724 4232 μέγιστον

2137 4250 2231 4305 καὶ
2282 4249 2480 4320 ἑαυτὴν
2528 4250 2794 4321 προσάγει
2826 4250 2966 4320 Θεῷ.
3015 4249 3126 4304 Ποῦ
3155 4251 3213 4305 δὲ
3241 4251 3440 4321 θήσεις
3467 4252 3594 4314 τοὺς
3631 4248 3724 4317 τῆς

2140 4340 2380 4410 μεγάλης
2408 4329 2622 4409 ἀγῶνας
2658 4348 2753 4394 και
2781 4339 2851 4392 τὰ
2883 4341 3094 4409 μεγάλα
3126 4342 3220 4394 καὶ
3255 4342 3525 4413 ὑπερφυῆ
3558 4341 3727 4407 σκάμ·

2142 4446 2308 4499 ματα,
2338 4423 2412 4483 ὧν
2437 4429 2579 4501 (οὐκ)
2623 4430 2821 4499 ὀλίγων
2851 4431 3037 4500 ἐκείνη
3074 4431 3266 4500 μετῆν,
3301 4437 3422 4496 τοῖς
3456 4433 3641 4494 αὐτοῖς
3670 4428 3723 4482 δὲ

2136 4520 2345 4585 τούτοις
2387 4510 2489 4576 καῖ
2528 4523 2618 4576 τὸν
2661 4522 2915 4593 ’Ᾱϐραὰμ
2951 4524 3161 4577 ἐκεῖνον
3193 4523 3627 4593 ὑπερεϐάλλετο,
3676 4519 3723 4572 si

2138 4616 2216 4686 μὴ
2242 4620 2383 4685 μέγα
2408 4615 2602 4682 εἰπεῖν,
2632 4619 2727 4669 καὶ
2753 4616 2858 4685 πρό
2884 4634 2946 4685 γε
2970 4617 3176 4671 τούτων
3198 4619 3290 4670 καὶ
3319 4618 3469 4687 μετά
3494 4616 3717 4675 τούτων,

2132 4703 2215 4770 οἷς
2244 4707 2305 4759 οὑ
2329 4707 2465 4777 πρὸς
2496 4708 2750 4778 ἀνάγκην
2779 4709 3172 4780 προσενηνόχει
3203 4708 3293 4760 τὸν
3326 4709 3525 4772 παῖδα,
3552 4703 3718 4759 καθά-

2131 4816 2238 4868 περ
2269 4799 2498 4868 ἐκεῖνος,
2527 4799 2623 4852 τοῦ
2652 4797 2789 4853 Θεοῦ
2815 4800 3128 4863 κελεύοντος
3153 4817 3169 4832 ⁶
3204 4798 3323 4854 ἀλλ’
3357 4799 3472 4854 ἀπὸ
3502 4801 3720 4867 γνώμης

2130 4891 2434 4946 ἐθελούσιον
2466 4892 2552 4946 καὶ
2585 4879 2720 4962 π’ρὸς
2747 4892 2914 4963 αὐτῆς
2947 4893 3085 4962 αὐτῇ
3116 4891 3434 4962 κινηθεῖσα.
3465 4892 3583 4946 Καὶ
3616 4888 3718 4958 μὴν

2129 4983 2192 5037 οὑ
2233 4983 2397 5048 πλαξὶ
2437 4983 2666 5047 λιθίναις
2702 4984 2903 5038 αὐτίκα
2937 4985 3440 5056 συντριϐομέναις,
3478 4982 3614 5036 ἀλλὰ
3655 4980 3716 5049 τῇ

2129 5078 2275 5149 ψυχῇ
2309 5080 2644 5153 καθαρθείσῃ
2668 5080 2756 5134 τὸν
2775 5064 2940 5149 νόμον
2966 5080 3101 5135 Θεοῦ
3132 5080 3427 5150 δεξαμένη,
3455 5081 3556 5135 καὶ
3586 5078 3715 5131 πᾶσι

2129 5171 2483 5244 παράδειγμα
2527 5172 2695 5227 καλοῦ
2732 5170 2933 5236 παντὸς
2972 5172 3068 5226 καὶ
3092 5172 3261 5225 τύπον
3291 5173 3572 5240 προθεῖσα
3594 5211 3609 5236 ,
3643 5166 3725 5235 ὡς,

2133 5267 2208 5339 μὴ
2236 5267 2405 5338 μόνην
2433 5267 2531 5339 τὴν
2553 5267 2712 5334 δόξαν
2734 5266 2899 5321 αὐτοῦ
2930 5267 3253 5336 διηγεῖσθαι,
3284 5266 3431 5320 ἀλλὰ
3457 5266 3557 5320 καὶ
3587 5260 3715 5316 πάν-

2129 5377 2226 5421 τας
2250 5360 2385 5429 πρὸς
2415 5360 2644 5431 οὐρανὸν
2674 5360 3018 5430 μεθιστάναι,
3047 5360 3144 5412 καὶ
3165 5360 3375 5414 Μωσέα
3398 5359 3711 5426 νενίκηκεν.

2129 5452 2192 5505 Ei
2215 5452 2261 5505 δ’
2291 5446 2352 5505 οὗ
2386 5452 2661 5506 θάλασσαν
2685 5452 2886 5525 διέσχε,
2919 5453 3014 5507 καλ⁵
3042 5455 3280 5523 στοιχεῖα
3308 5449 3713 5518 κεκαινοτόμη-

2202 5681 2277 5754 (o)
2338 5680 2669 5747 Addebatur,
2702 5684 2826 5738 ὅσαι
2864 5676 3006 5752 ὧραι
3070 5685 3164 5737 καὶ
3232 5680 3540 5734 συνελιέντα
3603 5675 3713 5745 φά·-

2139 5770 2228 5807 ναι
2262 5771 2277 5809 :
2314 5754 2471 5824 cujus
2506 5756 2723 5825 phrasis
2755 5757 2859 5811 vim
2897 5755 3131 5812 necdum
3166 5766 3449 5820 asscqnor.
