4036 6446
369 426 474 489 769

1619 428 1798 493 VlTA
1838 426 1902 491 S.
1945 430 2409 492 THEODORIE.

3537 435 3645 497 770

370 558 490 605 κεν,
517 539 667 594 οὐδὲν
697 540 833 612 πρὸς
861 543 952 596 τὸν
981 543 1140 612 λόγον
1159 557 1172 574 ·
1200 542 1229 596 δ
1259 541 1372 613 γὰρ
1398 543 1590 597 τούτου
1627 544 1809 615 πολλῷ
1842 547 1962 614 μεῖ-

2067 545 2390 611 decertavil,
2415 555 2475 600 ιιι
2498 545 2823 602 admirabile
2851 546 3023 617 ipsius
3042 546 3324 603 silentium
3353 547 3647 622 ipsumque

371 632 497 696 ζον.
530 633 670 703 πρὸς
701 633 893 704 ἄγριον
931 638 1137 689 τούτων
1180 635 1424 706 χειμῶνα
1451 635 1549 690 καὶ
1574 636 1674 704 τὴν
1700 636 1954 689 ἐντεῦθεν

2063 638 2323 692 comitata
2361 639 2604 709 prodigia
2641 648 2874 695 taceam.

372 725 622 795 ἀνάγκην
665 726 806 796 μετά
849 727 1047 782 πολλοῦ
1088 729 1182 782 τοῦ
1227 729 1511 801 περιόντος
1542 730 1956 800 ἀπεμαχέσατο.
1998 730 2108 784 Καὶ
2153 737 2342 787 σιωπῶ
2383 734 2480 806 τὴν
2522 735 2774 804 ὑπερφυῆ
2817 734 3062 808 σιωπὴν,
3115 737 3212 790 καὶ
3287 735 3407 809 μετ’
3477 739 3648 810 αὓτὴν

375 818 662 888 τεράστια.

450 921 542 984 ιη’.
586 913 707 969 Ἰὼϐ
734 917 834 987 τὴν
867 919 996 989 περὶ
1022 919 1090 972 τά
1119 919 1268 973 δεινά
1302 919 1600 991 καρτερίαν
1634 919 1964 990 θαυμάσασα

377 1006 632 1060 τοσοῦτον
669 1008 1090 1078 ὑπερεϐάλλετο,
1122 1011 1246 1064 ὅσον
1271 1012 1299 1063 ὁ
1329 1011 1428 1081 μὲν
1454 1009 1548 1064 ἐπὶ
1585 1011 1817 1081 σμικρὸν
1838 1013 1967 1082 χρό⁹

379 1113 489 1163 νον,
526 1099 560 1168 ή
601 1097 659 1152 δὲ
689 1099 778 1152 διὰ
813 1100 931 1170 βίου
972 1103 1175 1165 παντὸς
1213 1103 1418 1173 ταύτην
1465 1104 1836 1175 κατώρθωσε,
1873 1107 1967 1159 καλ⁵

374 1189 603 1258 προσέτι
625 1205 640 1222 ο
680 1190 774 1242 καὶ
817 1184 894 1245 ὧν
925 1193 1131 1256 ἐκεῖνος
1161 1193 1260 1264 οὐχ
1306 1191 1448 1247 ἐκὼν
1481 1195 1797 1264 ἐγυμνώθη,
1837 1195 1964 1248 τού-

372 1295 485 1332 των
518 1280 730 1351 ἀπέστη
762 1284 872 1346 τοῖς
903 1285 1099 1354 πένησι
1131 1283 1406 1357 Θεοδώρα,
1437 1286 1665 1357 μηδενὸς
1694 1286 1846 1350 ὄντος
1874 1288 1966 1340 τοῦ

374 1366 719 1439 βιαζομένου.
757 1371 941 1425 Ἠλίου
971 1376 1072 1446 τὴν
1096 1376 1334 1445 ἐρημίαν
1360 1377 1452 1429 καὶ
1481 1377 1580 1446 τὴν
1609 1377 1857 1430 ἐντεῦθεν
1877 1394 1968 1445 φι-

373 1457 636 1527 λοσοφίαν
679 1462 888 1531 μεταξὺ
922 1465 1135 1518 πολλῶν
1165 1465 1544 1534 κατωρθώκει,
1576 1466 1652 1529 ὡς
1691 1471 1786 1520 καὶ
1819 1468 1962 1520 κατά

369 1551 465 1605 ⁴υὸν
494 1552 664 1605 Δαϐὶδ
704 1554 885 1622 λέγειν
923 1556 1103 1627 ἔχειν,
1155 1576 1175 1610 ι
1226 1560 1554 1629 Καταμόνας
1593 1561 1710 1630 εἰμὶ
1763 1559 1894 1627 ἐγώ.
1935 1578 1956 1611 ι

385 1639 524 1695 Ἀλλ’
551 1643 613 1696 οὐ
655 1646 928 1718 κεκήρυξε
963 1649 1062 1718 μὲν
1107 1649 1304 1718 Ἀμνὸν
1345 1650 1440 1703 τοῦ
1473 1650 1609 1704 Θεοῦ
1635 1689 1648 1713 ,
1689 1652 1830 1704 κατὰ
1869 1651 1961 1704 τὸν

387 1730 674 1804 Ἰωάννηνο
704 1736 806 1804 τὴν
829 1737 885 1789 δὲ
906 1739 1120 1791 ἐκείνου
1149 1740 1476 1809 φιλοσοφίαν
1499 1743 1576 1811 (ρ)
1607 1741 1661 1792 εί
1683 1758 1767 1803 τις
1794 1759 1965 1810 μιμη-

375 1825 585 1895 σαμένη
619 1827 838 1892 ἐδέξατο
860 1828 1072 1895 τοῦτον,
1102 1831 1197 1885 καὶ
1225 1831 1362 1895 νεὼς
1391 1833 1606 1902 ἐγένετο
1631 1833 1792 1898 θεῖος,
1820 1834 1849 1886 ὃ
1869 1835 1962 1887 τοῦ

375 1915 610 1986 κηρύξαι
640 1919 789 1973 οὐδὲν
840 1920 1063 1975 ἔλαττον
1091 1921 1166 1984 ὥς
1197 1923 1248 1992 γ’
1276 1924 1388 1992 ἐγὼ
1449 1924 1674 1995 νομίζω.
1702 1926 1764 1978 El
1793 1925 1848 1978 δὲ
1886 1928 1963 1996 μὴ

376 2012 471 2063 καὶ
521 2014 659 2066 κατᾶ
695 2014 824 2078 τοὺς
877 2015 1209 2079 ἀποστόλους
1261 2019 1441 2073 πᾶσαν
1488 2019 1586 2086 τὴν
1634 2019 1962 2089 οἰκουμένην

373 2102 534 2174 διῄει,
583 2106 650 2160 τὰ
697 2107 942 2180 σωτήρια
974 2110 1142 2162 πᾶσιν
1179 2108 1497 2163 ύποτιθεῖσα
1521 2126 1538 2142 ο
1587 2111 1702 2163 ἀλλ’
1742 2107 1824 2174 οἷς
1863 2113 1958 2165 καὶ

374 2197 554 2269 λόγοις
598 2204 700 2271 μέν
735 2203 886 2258 ἔστιν
915 2206 1026 2271 ὅτε,
1065 2205 1244 2276 πολλῷ
1271 2207 1328 2260 δέ
1363 2207 1525 2260 πλέον
1554 2209 1612 2262 ἐν
1641 2208 1823 2278 ἔργοις
1863 2208 1957 2263 καὶ

373 2291 442 2360 τῇ
487 2291 698 2345 ἐκεῖθεν
729 2295 909 2348 πειθοῖ
939 2291 1008 2371 (ᾖ
1041 2297 1137 2367 τῆς
1174 2299 1240 2352 ἐκ
1272 2297 1383 2352 τῶν
1416 2299 1590 2366 λόγων
1623 2300 1803 2372 πολλῷ
1841 2303 1957 2365 τοῖς

373 2380 519 2445 ὅλοις
552 2383 793 2454 ἀμείνων
825 2388 962 2457 πρὸς
995 2390 1056 2442 τὸ
1081 2391 1362 2461 συμφέρον
1395 2395 1606 2457 πάντας
1631 2395 1841 2464 όδήγει)
1875 2397 1956 2458 είς

377 2476 558 2529 πᾶσαν
587 2476 688 2550 τὴν
713 2480 818 2549 γῆν
849 2487 970 2536 κατ’
996 2485 1194 2548 αὐτοὺς
1224 2489 1316 2540 τὸν
1359 2485 1610 2558 φθόγγον,
1636 2487 1955 2557 ἐξήνεγκεν.

377 2563 534 2635 Οὕτω
567 2571 798 2639 μεγίστη
825 2573 1016 2628 πασῶν
1048 2576 1192 2645 (q)...
1232 2579 1360 2640 τοὺς
1401 2578 1739 2650 προύχοντας
1768 2583 1860 2633 καὶ
1888 2580 1958 2634 τὰ

379 2658 590 2727 μεγάλα
619 2663 772 2731 παρά
802 2664 925 2736 Θεῷ
953 2665 1304 2738 δυναμένους,
1336 2671 1462 2734 τοὺς
1499 2671 1598 2742 μὲν
1634 2673 1846 2742 κάκρας
1871 2690 1960 2743 μι-

381 2751 693 2822 μησαμένη,
732 2757 860 2819 τοὺς
899 2757 957 2811 δὲ
999 2752 1082 2823 οἷς
1122 2759 1261 2831 ἔφην
1311 2764 1748 2834 παρενεγκοῦσα.
1794 2767 1866 2819 Συ
1913 2763 1965 2819 δ’

379 2842 570 2899 ἔπειτα
594 2849 690 2901 καὶ
717 2849 853 2920 πρὸς
882 2852 974 2904 τὸν
1001 2856 1277 2926 Δεσπότην
1299 2858 1544 2928 ἐποιήσω
1571 2858 1672 2928 τὴν
1699 2857 1958 2926 ἅμιλλαν,

381 2940 828 3008 συσταυρωθεῖσα
851 2943 945 2996 καὶ
977 2950 1330 3014 συνταφεῖσα,
1355 2947 1441 3000 ἱνα
1473 2949 1566 3002 καὶ
1593 2953 1956 3022 συναναστῇς,

380 3029 477 3082 καὶ
503 3031 888 3103 συνδοξασθῇς,
928 3036 1024 3088 καὶ
1059 3037 1524 3110 συμϐασιλεύσῃς.

454 3220 538 3274 ιθ’.
585 3221 648 3274 Ἡ
682 3223 780 3292 μὲν
817 3221 912 3276 οὖν
943 3223 1087 3278 οὕτω
1118 3227 1371 3300 μεγίστη,
1406 3228 1541 3282 Θεοῦ
1574 3229 1712 3300 πρὸς
1745 3227 1960 3300 ἀνθρώ·
2041 3207 2057 3228 ’

379 3329 502 3376 ποις
554 3315 856 3387 φιλοτιμίᾳ,
897 3321 1152 3386 φανεῖσα,
1201 3322 1294 3372 καὶ
1323 3321 1414 3373 τὸν
1454 3319 1556 3392 τῆς
1587 3322 1789 3393 ἀρετῆς
1835 3324 1962 3390 ὅρον

2138 917 2228 973 18.
2269 917 2394 973 Jobi
2429 917 2482 972 in
2517 917 2761 974 adversis
2793 917 2990 973 mirata
3022 918 3422 985 constantiam,
3455 918 3646 974 eadem

2063 1011 2282 1066 videtur
2309 1025 2665 1082 supergressa
2691 1028 2703 1063 :
2732 1011 2858 1080 quia
2886 1026 2990 1065 non
3011 1012 3078 1066 ad
3109 1013 3404 1076 modicum,
3429 1013 3522 1067 sed
3552 1028 3650 1082 per

2065 1119 2286 1159 omnem
2322 1103 2488 1157 vitam
2521 1103 2574 1157 in
2600 1118 2664 1157 ea
2689 1104 3093 1172 perseveravit;
3122 1115 3174 1158 et
3195 1104 3398 1174 quibus
3425 1105 3515 1159 ille
3537 1120 3646 1159 non

2066 1213 2164 1252 sua
2204 1205 2397 1265 sponte
2426 1205 2625 1249 exutus
2654 1203 2738 1248 est
2758 1237 2772 1258 ,
2807 1196 2922 1249 haec
2951 1194 3237 1250 Theodora
3270 1195 3481 1250 dimisit
3513 1211 3649 1264 pau-

2068 1289 2293 1360 peribus
2317 1327 2332 1350 ,
2373 1287 2591 1340 nemine
2620 1301 2739 1340 eam
2771 1286 2838 1340 ad
2867 1285 2919 1340 id
2950 1295 3203 1356 cogente.
3230 1285 3364 1340 Elite.
3391 1287 3647 1342 solitudi-

2067 1397 2190 1435 nem
2227 1382 2389 1450 eique
2425 1380 2703 1448 propriam
2745 1377 3185 1447 philosophiam,
3217 1379 3379 1432 etiam
3423 1379 3478 1432 in
3509 1393 3648 1433 con-

2064 1476 2236 1528 sortio
2277 1472 2555 1542 plurium,
2608 1471 2688 1527 sic
2732 1473 2922 1536 coluit,
2958 1479 3017 1524 ut
3050 1479 3232 1539 posset
3274 1486 3399 1524 cum
3445 1471 3649 1526 Davide

2063 1565 2284 1629 dicere,
2323 1562 2587 1617 Solitaria
2627 1577 2743 1614 sum
2779 1577 2873 1631 ego
2917 1561 2958 1615 ⁸.
3007 1562 3269 1626 Quamvis
3315 1571 3497 1618 autem
3535 1579 3646 1618 non

2063 1658 2462 1728 praedicaverit,
2495 1657 2638 1710 velut
2687 1655 2960 1721 Joannes,
3021 1654 3115 1710 Dei
3169 1656 3421 1724 Agnum;
3475 1657 3648 1724 ipsius

2068 1760 2248 1804 tamen
2295 1751 2747 1804 exercitationem
2797 1749 2843 1802 si
2888 1748 3014 1816 quis
3059 1748 3201 1802 alius
3250 1749 3482 1814 imitata,
3519 1765 3646 1803 eum

2065 1843 2323 1911 suscepit,
2351 1843 2584 1911 ejusque
2605 1841 2854 1896 divinum
2881 1838 3023 1894 facta
3047 1850 3130 1895 est
3159 1841 3452 1909 templum;
3474 1842 3644 1911 quod,

2065 1945 2124 1986 ut
2174 1947 2274 2002 ego
2328 1932 2548 2001 quidem
2595 1930 2894 1996 existimo,
2949 1930 3124 1985 nihilo
3175 1939 3262 1984 est
3310 1931 3646 2000 pradicandi

2067 2041 2295 2080 munere
2327 2024 2577 2080 inferius.
2600 2023 2714 2078 Non
2741 2024 2833 2077 illa
2863 2023 3083 2093 quidem
3113 2023 3302 2078 orbem
3328 2025 3644 2080 universum

2066 2118 2236 2172 obivit
2266 2117 2725 2198 cum.apostolis,
2759 2117 2977 2171 cunctis
3009 2117 3276 2172 salutaria
3307 2131 3641 2187 suggerens:

2065 2209 2160 2264 sed
2198 2209 2379 2264 verbis
2410 2209 2632 2278 quidem
2677 2209 2997 2278 aliquando,
3029 2209 3204 2264 multo
3246 2217 3428 2264 autem
3473 2209 3646 2279 magis

2064 2301 2349 2372 Operibns,
2379 2311 2431 2354 et
2465 2299 2724 2391 suasione
2752 2315 2816 2354 ex
2848 2301 2933 2355 bis
2961 2316 3124 2370 quam
3156 2300 3264 2356 illis
3283 2301 3442 2371 longe
3468 2300 3648 2357 efﬁca-

2065 2395 2227 2459 ciori,
2256 2410 2447 2448 omnes
2469 2394 2742 2448 deducens
2764 2394 2820 2448 in
2845 2394 2987 2448 viam
3013 2394 3230 2457 salutis,
3259 2395 3314 2448 in
3335 2395 3646 2449 universam

2066 2493 2312 2549 terram,
2365 2487 2834 2556 quemadmodum
2885 2497 2942 2541 et
2987 2485 3124 2555 ipsi,
3172 2487 3356 2541 emisit
3423 2501 3646 2552 sonum,

2067 2581 2254 2651 itaque
2284 2582 2530 2634 omnium
2565 2581 2825 2646 maxima,
2870 2581 3364 2635 excellentissimos
3397 2595 3648 2651 quosque

2067 2685 2120 2727 et
2157 2688 2352 2742 magna
2387 2673 2530 2741 apud
2565 2671 2735 2726 Deum
2771 2672 2944 2742 gratia
2984 2673 3249 2734 valentes,
3285 2674 3486 2739 partim
3521 2673 3648 2743 qui-

2069 2765 2190 2820 dem
2228 2766 2622 2835 perfectissime
2653 2765 2864 2818 imitata
2896 2773 2998 2826 est,
3029 2765 3227 2834 partim
3262 2763 3330 2819 iis
3369 2780 3505 2834 quas
3537 2764 3648 2820 dixi

2067 2859 2367 2913 virtutibus
2389 2869 2806 2928 prretergressa.
2838 2857 3110 2924 Quoniam
3146 2872 3276 2911 vero
3300 2857 3480 2926 ipsum
3513 2871 3652 2928 quo-

2067 2967 2174 3021 que
2205 2951 2495 3006 Dominum
2551 2950 2935 3013 aemulabatur,
2970 2950 3118 3004 cruci
3160 2950 3376 3004 confixa
3411 2966 3538 3005 cum
3582 2966 3650 3008 eo

2068 3055 2124 3101 et
2157 3044 2473 3114 consepttlta
2503 3051 2606 3110 est,
2643 3053 2701 3096 ut
2728 3057 2851 3098 cum
2888 3056 2953 3096 eo
2985 3051 3300 3112 resurgeret
3327 3043 3380 3096 in
3417 3043 3650 3114 gloriam

2066 3144 2122 3192 et
2157 3135 2562 3205 conglorilicata
2592 3149 2716 3187 cum
2750 3133 2941 3189 eodem
2974 3144 3247 3204 regnaret.

2143 3226 2238 3282 l9.
2277 3225 2410 3290 Quae
2461 3224 2625 3294 igitur
2671 3225 2775 3278 hoc
2808 3224 2970 3278 modo
3016 3239 3242 3294 prorsus
3275 3224 3478 3280 eximia
3510 3225 3653 3281 inter

2071 3332 2301 3384 omnes,
2349 3332 2445 3386 per
2488 3316 2728 3369 divinam
2783 3330 2909 3384 erga
2959 3315 3209 3369 homines
3251 3315 3663 3384 dignationem,

380 3407 568 3474 σαφῶς
616 3408 1022 3479 ἐπιδειξαμένη,
1074 3415 1166 3466 καὶ
1206 3405 1317 3490 οἷον
1365 3409 1506 3468 εἶναι
1550 3415 1658 3484 χρὴ
1695 3417 1798 3470 κάν
1847 3417 1958 3478 τοῖς

2067 3411 2310 3472 eﬂ‘ulsit,
2355 3420 2410 3464 et
2454 3407 2674 3462 virtutis
2719 3407 2936 3461 culmen
2975 3416 3084 3459 tam
3122 3408 3414 3463 manifeste
3451 3410 3664 3476 tenuit,‘

378 3499 561 3568 ἔργοις
575 3500 667 3553 τὸν
697 3500 863 3571 (νοῦν)
891 3503 1014 3555 κατ’
1045 3503 1230 3556 είκόνα
1257 3497 1521 3573 γεγονότα
1546 3506 1697 3558 θείαν
1720 3507 1810 3578 (ν)’
1837 3509 1960 3560 ἐπεί

379 3606 444 3658 γε
495 3592 595 3644 οὐκ
641 3591 747 3646 ἀπὸ
773 3593 878 3664 γῆς
931 3593 1028 3665 τὴν
1075 3595 1288 3662 γένεσιν
1324 3597 1503 3666 ἔσχεν,
1560 3598 1672 3650 οὐδ’
1711 3599 1961 3653 ἐντεῦθεν

310 3697 316 3702 ·
379 3678 530 3738 εἷλκε
557 3686 625 3738 τὸ
658 3688 836 3755 γένος,
869 3686 985 3741 ἀλλ’
1012 3690 1076 3742 ἐκ
1109 3689 1266 3760 (Θεοῦ
1285 3705 1302 3722 ο
1342 3689 1438 3742 τοῦ
1460 3690 1505 3742 δ’
1522 3691 1542 3759 )
1573 3690 1680 3760 ἄρα
1709 3690 1843 3742 Θεοῦ
1869 3691 1961 3744 καὶ

377 3777 491 3832 τῶν
539 3777 818 3848 Ὀλύμπου
865 3782 1208 3853 πραγμάτων
1247 3781 1530 3848 ἐποθεῖτο,
1563 3783 1658 3834 καὶ
1701 3782 1958 3852 καθαρῶς

379 3866 687 3933 ἀπαλλάξαι
733 3870 844 3923 τῶν
879 3873 1064 3936 κάτω,
1105 3868 1181 3925 ὢν
1215 3872 1311 3924 καὶ
1345 3871 1582 3941 πρόσθεν
1612 3869 1768 3923 οὐδὲν
1800 3867 1962 3942 ἦττον

383 3976 592 4032 μετηρε
613 3999 631 4026 ,
671 3959 936 4015 λαϐέσθαι
968 3963 1025 4015 δὲ
1059 3963 1168 4017 τῶν
1201 3963 1316 4018 ἄνω
1348 3965 1443 4017 καὶ
1469 3963 1609 4034 αὐτῇ
1649 3964 1961 4033 προσηκόν-

377 4069 508 4108 ⁴των.
551 4056 661 4109 Καὶ
692 4056 872 4108 τοίνυν
906 4059 963 4111 ἐν
997 4057 1287 4127 βαθυτάτῳ
1328 4057 1424 4111 καὶ
1458 4056 1603 4129 μάλα
1635 4057 1784 4110 πίονι
1817 4058 1964 4127 γήρα

381 4147 644 4201 καταλύει
670 4149 762 4202 τὸν
793 4148 930 4219 βίον,
959 4151 1053 4204 καὶ
1081 4151 1174 4204 νῦν
1203 4152 1354 4204 ἐστιν
1380 4152 1438 4203 ἐν
1465 4153 1578 4213 τοῖς
1605 4151 1856 4220 οὐρανοῖς
1886 4149 1962 4219 τῷ

383 4237 758 4311 καθαρωτάτῳ
791 4243 886 4294 καὶ
917 4242 1372 4312 άκραιφνεστάτῳ
1407 4243 1500 4295 καὶ
1527 4241 1798 4313 τρισηλίῳ
1833 4258 1964 4295 συνο

289 4319 293 4322 ’
382 4330 518 4385 οῦσα
549 4336 727 4402 φωτὶ,
759 4335 856 4386 καὶ
883 4336 1004 4398 ταῖς
1038 4334 1250 4388 ἐκεῖθεν
1289 4336 1506 4395 ἀκτῖσιν
1543 4333 1638 4406 ὅλη
1690 4335 1960 4406 γενομένη

382 4425 702 4498 φωτοειδὴς,
731 4425 1306 4498 ἐναργεῖςζάποδείξεις
1337 4426 1586 4496 ἐκφαίνει
1608 4430 1841 4499 ταυτησὶ
1863 4428 1964 4496 τῆς

383 4519 814 4591 μακαριότητος,
841 4520 903 4573 τὸ
935 4519 1098 4590 σῶμα
1125 4519 1186 4574 τὸ
1215 4519 1358 4576 θεῖον
1383 4518 1585 4591 μύρων,
1602 4519 1964 4574 ἀναδεικνῦσα

383 4612 591 4682 me.
965 4621 970 4626 '

453 4701 524 4757 κ’.
572 4700 736 4766 Ἀλλ’,
767 4694 813 4755 ὦ
843 4701 931 4753 διὰ
964 4700 1182 4754 πάντων
1214 4699 1464 4772 βελτίστη
1511 4701 1722 4767 πασῶν,
1757 4700 1853 4754 καὶ
1888 4699 1964 4772 μὴ

387 4793 551 4862 μόνον
596 4792 776 4856 πάσας
819 4791 1270 4862 ὑπερϐαλλομένη
1313 4795 1424 4855 τοῖς
1469 4792 1648 4857 ὅλοις,
1703 4791 1840 4844 ἀλλὰ
1874 4793 1970 4846 καὶ

383 4885 749 4958 διαφερόντως
784 4887 1136 4956 κοσμήσασαί
1177 4904 1222 4940 ω
1242 4884 1349 4938 τῶν
1382 4884 1698 4954 ἀσκητικῶν
1727 4884 1967 4956 ἱδρώτων

384 4977 510 5046 ὄρος
557 4977 651 5029 καλ
698 4976 864 5038 τύπος
906 4978 1073 5030 πᾶσιν
1111 4976 1476 5044 ἀναφανεῖσα,
1519 4975 1613 5028 καὶ
1659 4973 1751 5027 διὰ
1792 4973 1969 5028 ταῦτα

385 5067 686 5140 ἀξιόχρεως
722 5069 823 5140 τῆς
848 5071 1078 5144 Τριάδος
1106 5071 1284 5137 ἐστία,
1317 5070 1411 5124 καὶ
1445 5071 1555 5124 τῶν
1585 5069 1793 5140 ταύτης
1826 5070 1964 5140 πρὸς

497 5255 516 5285 ¹
558 5251 705 5310 Psal.
737 5268 893 5321 cvm,
921 5254 975 5310 8.

464 5469 554 5542 (p)_
584 5467 686 5542 illic
728 5481 946 5542 quoque
981 5481 1090 5521 non
1118 5465 1234 5519 sine
1269 5464 1490 5528 mendo,
1524 5463 1974 5534 interponebatur

388 5533 594 5609 aliquid
629 5538 703 5600 ὼς
735 5533 768 5590 κ
797 5533 939 5591 οἷδ’.

459 5605 536 5681 (ξι)
577 5609 814 5681 Omnino
847 5609 1098 5662 videntur
1145 5605 1232 5659 hic
1281 5606 1463 5681 aliqua
1515 5605 1855 5661 desiderari:
1903 5605 1976 5681 sit

388 5677 534 5736 enim
571 5681 636 5733 ad
671 5680 844 5748 ipsam
877 5689 1144 5733 sanctam
1188 5678 1752 5748 apostrophe.rqnam
1806 5677 1968 5732 omisi

390 5748 584 5804 Latine
636 5747 964 5817 exprimere,
1027 5749 1151 5817 quia
1206 5762 1314 5801 non
1370 5750 1505 5802 satis
1536 5747 1767 5802 delinire
1816 5758 1971 5815 pote-

391 5834 510 5874 ram
568 5821 698 5889 quid
757 5820 1102 5888 potissimum
1171 5819 1472 5887 supplendo
1545 5818 1728 5874 sensui
1803 5817 1970 5872 adde-

392 5903 531 5944 rem.

2064 3503 2418 3570 ostenditque
2449 3501 2604 3568 ipsis,
2635 3499 2779 3554 sicut
2803 3499 3114 3568 oportebat,
3142 3499 3425 3569 operibus,
3448 3502 3652 3558 habere

2065 3597 2315 3665 spiritum
2368 3595 2434 3646 ad
2471 3591 2712 3646 divinam
2754 3599 2998 3645 creatum
3032 3592 3320 3661 imaginem
3350 3594 3474 3660 (nec
3501 3593 3650 3648 enim

2063 3703 2132 3742 ex
2162 3695 2308 3739 terra
2341 3683 2714 3753 generationis
2740 3696 2854 3736 suae
2886 3681 3216 3751 principium
3243 3682 3426 3749 habet,
3458 3687 3554 3740 sed
3581 3701 3650 3740 ex

2065 3776 2226 3845 Deo),
2254 3776 2499 3832 coelestia
2517 3773 2792 3828 adamavit
2811 3788 2995 3843 opera,
3017 3789 3186 3842 seque
3215 3776 3426 3831 studuit
3455 3792 3649 3845 puram

2067 3884 2290 3926 servare
2317 3870 2384 3921 ab
2421 3867 2625 3922 infimis
2659 3866 2832 3932 hisce,
2861 3867 3061 3936 quibus
3095 3882 3195 3922 nec
3235 3876 3393 3921 antea
3425 3868 3650 3936 quidem

2063 3977 2123 4018 se
2154 3963 2497 4032 permiserat,
2527 3969 2580 4015 et
2609 3959 3022 4029 apprehendere
3074 3975 3316 4029 superna
3373 3969 3539 4030 atque
3579 3961 3649 4016 ad

2009 4105 2028 4118 .
2064 4057 2296 4111 salutem
2343 4055 2608 4124 proﬁcua.
2662 4053 2851 4123 Itaque
2905 4069 2956 4106 in
2994 4053 3265 4122 profunda
3307 4065 3470 4124 atque
3496 4055 3650 4111 uberi

2066 4157 2349 4205 senectute
2376 4163 2407 4202 e
2437 4148 2577 4200 vivis
2617 4147 2777 4211 abiit,
2810 4157 2864 4202 et
2895 4162 3042 4202 nunc
3074 4148 3129 4202 in
3172 4148 3326 4204 caelis
3367 4149 3652 4204 coexsistit

2066 4241 2368 4313 purissimo
2392 4254 2456 4294 ac
2481 4239 2884 4309 perfectissimo
2909 4241 3153 4295 trisolari
3176 4242 3405 4308 lumini;
3429 4256 3655 4298 manan-

2066 4334 2321 4406 tibusque
2352 4349 2415 4389 ex
2448 4347 2513 4387 eo
2551 4333 2723 4386 radiis
2752 4343 2862 4388 tota
2894 4331 3085 4387 eﬂ‘ecta
3116 4332 3447 4400 luciformis,
3476 4334 3654 4392 claras

2065 4427 2572 4484 demonstrationes
2609 4425 2812 4497 prmbet
2851 4426 2999 4481 illius
3033 4441 3146 4480 sum
3180 4425 3492 4490 beatitatis,
3527 4442 3654 4483 cor-

2067 4536 2170 4592 pus
2193 4537 2354 4577 suum
2389 4535 2609 4576 sacrum
2638 4519 2881 4576 elliciens
2911 4519 3119 4575 fontem
3146 4531 3578 4590 unguentorum.

2143 4704 2232 4760 20.
2280 4705 2507 4768 Verum,
2540 4719 2572 4759 ο
2611 4703 2903 4758 mulierum
2937 4701 3422 4772 praestantissima,
3456 4714 3512 4760 et
3542 4720 3652 4762 non

2066 4800 2246 4856 solum
2281 4813 2473 4854 omnes
2501 4811 2856 4870 supergressa
2882 4796 3060 4867 quoad
3092 4797 3300 4864 omnia,
3330 4795 3425 4850 sed
3456 4811 3655 4855 omnes

2067 4893 2234 4947 etiam
2279 4890 2649 4946 diversimode
2679 4890 2989 4944 exornans!
3024 4887 3068 4943 Ο
3097 4888 3352 4943 laborum
3387 4890 3657 4946 ascetico-

2064 5000 2189 5039 rum
2227 4983 2531 5052 exemplar,
2567 4991 2622 5036 et
2652 4995 2845 5036 norma
2875 4981 3091 5035 cunctis
3119 4981 3420 5049 proposita,
3451 4995 3657 5053 perque

2072 5078 2226 5147 ipsos
2279 5074 2472 5132 cﬂ'ecta
2524 5074 2751 5144 dignum
2805 5072 3091 5129 Trinitatis
3137 5073 3552 5138 habitaculum,
3601 5082 3656 5128 et

2153 5467 2225 5537 (r)
2268 5465 2478 5537 Mallem
2531 5479 2674 5520 nunc
2704 5463 2898 5520 Latine
2927 5466 3008 5520 sic
3057 5462 3185 5537 legi,
3218 5480 3237 5513 ‹
3268 5471 3654 5537 summamque

2073 5529 2466 5606 perfectionem
2530 5537 2852 5611 praeferens,
2910 5529 3190 5611 _ostendit_,
3253 5529 3466 5611 qualem
3507 5543 3656 5611 .esse

2073 5601 2324 5677 oporteat
2369 5601 2546 5673 enm,—
2575 5607 2665 5675 qui
2717 5608 3016 5660 secundum
3063 5602 3300 5677 divinam
3356 5601 3652 5677 imaginem

2071 5671 2248 5734 factus
2300 5686 2417 5741 est;
2469 5671 2730 5746 quoniam
2764 5692 2793 5730 a
2833 5687 2978 5730 terra
3009 5672 3274 5746 originem
3323 5685 3429 5724 non
3464 5671 3650 5746 habet,

2072 5764 2246 5819 neque
2275 5737 2592 5816 inderge'nus
2626 5747 2789 5819 traxit
2817 5748 2911 5819 sed
2949 5760 3014 5799 ex
3049 5737 3182 5810 Déo;
3213 5741 3444 5812 ideoque
3477 5737 3645 5794 Deum

2067 5830 2119 5874 et
2160 5817 2248 5873 res
2279 5819 2532 5874 cmlcstcs
2572 5817 2937 5873 desiderabat.
2977 5834 2996 5867 ›
