4036 6474
477 402 590 466 7'75
1676 396 2130 459 GREGOIIIUS
2167 397 2535 457 PALAMAS.
3624 396 3717 459 776

482 517 853 588 metropolitae
890 514 1281 569 Enehaitarum
1313 530 1326 566 :
1361 511 1514 568 Isaac
1554 511 1920 585 Madytarum,
1957 512 2276 568 'I‘heodulus
2312 510 2464 566 Busii
2507 509 2815 582 (Ῥωσίου),
2845 509 3040 566 Esaias
3073 506 3334 580 Sclybtia:
3363 519 3418 562 et
3449 510 3718 578 Gregorius

485 605 921 675 Pompeioliolis.
965 602 1200 672 Incipit:
1253 602 1465 664 Ὄντως
1517 601 1695 664 οὐδεὶς
1752 600 1932 664 οὕτως
1962 601 2079 670 ἀρχι

2124 601 2328 652 κέκτων.
2379 599 2513 653 Item
2565 608 2746 653 tomus
2777 607 2832 652 et
2884 597 3323 653 anathematismi
3354 596 3406 649 in
3448 597 3718 666 Palamam,

475 696 614 750 editi
669 707 854 747 mense
905 691 1054 746 Julio
1102 691 1348 760 ejusdem
1406 690 1560 754 anni,
1599 705 1741 760 quos
1787 691 2016 745 exhibet
2046 689 2238 762 Graece
2289 696 2345 742 et
2402 686 2596 741 Latine
2647 686 2922 749 Allatius,
2974 685 3144 740 Graec.
3199 686 3475 738 orthodox.
3515 697 3637 740 tom.
3686 683 3720 748 1,

491 798 546 851 p.
579 780 823 835 788-805
849 796 864 844 ;
900 788 951 831 et
986 778 1060 832 De
1082 794 1362 843 consensu,
1390 793 1444 847 p.
1473 779 1598 832 805.
1629 777 1820 844 Incipit
1847 796 1860 832 :
1883 777 2080 830 Ἀκούσ

2126 794 2204 840 τε,
2233 775 2397 845 φυλαὶ
2423 775 2523 844 τῆς
2551 776 2672 843 γῆς.
2702 773 2944 843 Denique
2968 783 3149 827 tomus
3176 782 3364 826 contra
3393 772 3720 839 Nicephorum

489 870 791 938 Gregoram
829 880 884 922 et
918 869 1057 921 alios
1088 866 1358 921 Barlaami
1393 878 1447 920 et
1477 867 1746 937 Acindyui
1780 872 2242 935 propugnatores,
2295 863 2482 919 editus
2523 878 2710 917 mense
2763 865 3012 931 Augusto
3044 877 3179 916 ann.
3217 861 3372 921 1551,
3405 862 3496 930 qui
3529 863 3722 922 quidem

486 968 677 1012 tomus
711 957 814 1012 SIII)
845 957 1004 1010 titulo
1035 955 1488 1025 pseudo—synodi
1521 953 1861 1008 Palamiticae
1895 953 2081 1008 Graece
2119 964 2174 1006 et
2201 951 2392 1005 Latine
2419 957 2599 1006 exstat
2627 949 2681 1002 in
2713 949 2976 1004 Auctario
3027 949 3334 1002 novissimo
3368 947 3503 1002 Bibl.
3535 947 3725 1002 Graeco-

492 1061 613 1098 rum
651 1043 878 1098 Patrum
906 1044 1333 1105 Combelisiano,
1367 1052 1522 1110 parte
1571 1043 1767 1106 altera,
1817 1059 1872 1112 p.
1912 1039 2148 1096 155-176
2200 1037 2395 1110 [Mansi
2441 1047 2574 1091 tom.
2609 1035 2801 1100 XXVI,
2853 1052 2906 1106 p.
2972 1037 3099 1099 1‘27,
3148 1033 3284 1106 sq.],
3339 1036 3537 1088 additis
3584 1035 3724 1088 etiam

490 1132 680 1187 notis:
724 1146 777 1186 ct
814 1133 870 1185 in
906 1132 1013 1185 vnl.
1060 1131 1258 1184 ultimo
1297 1124 1664 1185 c'onciliorum
1691 1131 1825 1184 edit.
1876 1127 2174 1188 Ilarduini,
2211 1142 2263 1196 p.
2296 1125 2423 1191 285,
2458 1126 2552 1194 qui
2601 1133 2781 1188 notat,
2831 1125 2998 1192 hujus
3030 1124 3164 1178 tomi
3204 1123 3518 1176 meminisse
3551 1121 3724 1174 Canta-

492 1237 786 1285 cuzenutn,
824 1220 915 1285 IV,
947 1222 1018 1275 25
1048 1220 1189 1276 Hist.
1225 1219 1417 1288 Incipit
1449 1236 1463 1275 :
1500 1219 1642 1275 Οὔτε
1673 1221 1774 1288 τὴν
1805 1222 1947 1272 κατὰ
1988 1220 2085 1287 τῆς

2137 1214 2466 1284 Ἐκκλησίας
2519 1211 2612 1266 τοῦ
2655 1213 2836 1266 κοινοῦ
2894 1213 3182 1281 πολεμίου.
3232 1209 3588 1266 Subscribunt
3627 1219 3728 1278 post

492 1310 883 1374 imperatorem
940 1307 1210 1362 Joannem
1273 1308 1724 1364 Cantacuzeuum
1781 1321 1834 1361 et
1891 1306 2261 1377 patriarcham
2341 1301 2505 1357 CPol.
2601 1300 2935 1366 Callistum,
2997 1299 3362 1368 metropolitae
3419 1301 3476 1361 5,
3530 1304 3581 1352 et
3633 1298 3727 1366 cpi-

493 1397 646 1466 scOpi
711 1396 766 1450 5.

567 1505 1041 1576 Archiepiscopns
1071 1505 1594 1560 Thessalonicensis
1641 1506 1930 1560 ordinatus
1982 1513 2068 1557 est
2094 1501 2317 1556 Palama
2357 1498 2518 1566 jussu
2573 1496 2945 1552 Cantacuzeni
3003 1497 3136 1565 imp.
3173 1496 3319 1566 apud
3373 1509 3533 1564 quem
3569 1493 3728 1562 singu-

494 1590 686 1647 lariter
709 1593 988 1662 gratiosus
1015 1592 1140 1661 fuit,
1172 1596 1242 1647 ab
1272 1592 1486 1648 Isidoro
1521 1593 1627 1648 GP.
1657 1595 1806 1648 circa
1842 1607 1974 1646 ann.
2009 1589 2171 1654 1549,
2221 1589 2318 1643 sed
2350 1603 2378 1640 a
2416 1585 2694 1655 praefectis
2724 1587 2877 1640 urbis
2914 1586 3060 1640 haud
3095 1586 3374 1639 admissus
3407 1583 3474 1652 υ)
3507 1584 3557 1635 in
3589 1579 3727 1633 Letu-

493 1695 626 1733 num
662 1679 901 1734 insulam
940 1681 1192 1745 secessit,
1246 1691 1412 1751 atque
1459 1683 1588 1735 inde
1636 1695 1900 1735 reversus
1946 1676 2174 1740 CPolin,
2223 1674 2435 1745 synodo
2468 1674 2799 1734 ann.1551.
2851 1675 2918 1728 de
2971 1689 3078 1742 qua
3125 1673 3238 1741 jam
3293 1671 3431 1734 dixi,
3486 1665 3723 1723 interfuit.

497 1763 756 1820 Delum-ti
798 1766 991 1821 laudes
1032 1768 1365 1838 panegyrica
1400 1769 1654 1824 oratione
1698 1767 1998 1822 celebravit
2035 1763 2358 1820 Philothcus
2405 1761 2721 1830 patriarcha
2769 1759 2936 1814 CPol.
2978 1760 3223 1829 Incipit:
3256 1758 3551 1828 Γρηγόριος
3593 1755 3728 1825 μὲνὸ

499 1855 677 1921 μέγας
710 1854 1076 1925 πανηγύρεως
1104 1856 1383 1920 ὑπόθεσις.
1420 1857 1560 1912 Bibl.
1593 1856 1916 1910 Coisliuiau.
1952 1872 2008 1924 p.
2049 1854 2093 1906 Il

2131 1854 2184 1917 7-,
2215 1851 2440 1905 Cantica
2467 1848 2712 1918 ejusdem
2748 1847 3024 1904 Philothei
3053 1849 3163 1903 duo
3189 1847 3428 1916 στιχτιρὰ
3457 1846 3508 1899 in
3541 1843 3725 1897 laudem

497 1940 732 1996 Palama:
764 1943 1166 2013 thaumaturgi,
1201 1959 1308 1997 una
1342 1961 1466 2000 cum
1500 1943 1803 2015 ἀκολουθίᾳ
1833 1944 1952 1998 sive
1983 1939 2164 1996 ollicio
2195 1941 2246 1991 in
2288 1939 2542 1992 eumdem
2596 1953 2701 1993 ms.
2753 1937 2808 1990 in
2843 1937 2980 2015 bibl.
3016 1936 3290 1990 Caesarea.
3329 1936 3606 1988 Canticum
3637 1930 3730 2000 pri-

496 2045 645 2082 mum
676 2029 902 2100 incipit:
926 2011 1234 2099 Euippziivou
1269 2034 1326 2083 ὲν
1356 2032 1569 2100 Κυρίῳ,
1600 2032 1754 2091 πόλις
1777 2011 2090 2084 θεσσαὶονίι

2133 2049 2170 2100 λ.
2197 2028 2476 2082 Alterum:
2500 2026 2751 2098 Χαιροις,
2774 2011 2874 2095 τῆξ
2903 2026 3186 2088 εὐσεϐείας
3208 2025 3460 2100 φωστῄρ.
3480 2020 3727 2077 Ofﬁcium:

500 2117 683 2187 Πάτερ
740 2098 853 2187 [eos
882 2098 1179 2189 Γρηγοριε,
1219 2119 1284 2172 σὺ
1315 2118 1406 2172 τὸν
1450 2098 1592 2172 -Θεδν
1629 2121 1693 2171 ὲκ
1742 2120 1936 2180 παιδὸς
1974 2098 2270 2189 ἀγαπήσας
2321 2115 2586 2185 ὲξέφυγες
2634 2114 2830 2186 ὑλικὴν
2861 2112 3264 2185 προσπάθειαν.
3328 2098 3462 2167 Vide
3501 2109 3731 2164 Latnbec.

500 2203 566 2270 γ,
603 2219 656 2271 ρ.
690 2205 792 2259 195
822 2221 939 2276 seq.
973 2204 1051 2277 [ρ.
1076 2205 1180 2261 406
1216 2221 1336 2275 sqq.
1369 2205 1474 2260 440
1507 2215 1560 2260 et
1593 2205 1715 2271 600,
1750 2206 1837 2260 ed.
1876 2205 2044 2277 Kull.]

575 2295 921 2366 Nicephorus
957 2297 1232 2366 Grcgoras
1284 2298 1378 2351 lib.
1426 2313 1583 2361 χχιιι,
1611 2313 1666 2366 p.
1701 2296 1829 2364 699,
1869 2307 2103 2352 testatur
2163 2299 2442 2354 Palamam
2481 2298 2624 2353 ultra
2674 2295 2958 2364 sexaginta
3011 2295 3205 2363 λόγους
3251 2291 3644 2361 composuisse,
3681 2285 3735 2340 ad

500 2399 663 2455 quem
699 2385 880 2438 locum
924 2382 1086 2438 Joan.
1122 2385 1386 2440 Boivinus
1428 2386 1482 2438 in
1524 2385 1695 2450 notis,
1735 2400 1790 2455 p.
1827 2385 1954 2448 805,
1993 2385 2269 2450 observat,
2313 2388 2365 2440 in
2414 2402 2525 2442 uno
2568 2386 2759 2441 codice
2794 2385 2966 2454 (regio
3005 2383 3168 2453 2104)
3211 2383 3472 2436 homilias
3513 2380 3738 2444 variaque

499 2474 766 2542 Opuscula
798 2475 1037 2530 Palatinae
1068 2474 1340 2529 contineri
1375 2474 1496 2542 plus
1523 2490 1692 2544 quam
1731 2475 2098 2544 septuaginta.
2131 2473 2221 2546 [ν.
2255 2475 2424 2544 paull.
2463 2485 2605 2544 post,
2658 2473 2724 2528 ad
2770 2490 2823 2527 ιι.
2857 2472 2976 2544 21.]
3009 2472 3126 2524 Alia
3172 2486 3281 2524 non
3333 2485 3502 2540 pauca
3549 2475 3737 2520 exstare

500 2563 659 2617 obvia
698 2564 752 2616 iu
785 2562 907 2616 aliis
939 2563 1251 2617 codicibus.
1288 2562 1477 2633 Itaque
1511 2571 1688 2632 putat,
1720 2564 2020 2634 Gregoram
2055 2573 2265 2617 tantum
2304 2562 2450 2630 loqui
2479 2560 2545 2615 de
2583 2561 2673 2624 iis,
2709 2574 2832 2628 quae
2864 2558 2932 2612 de
2965 2559 3132 2613 rebus
3162 2555 3540 2618 controversis
3565 2552 3739 2620 scripta

498 2667 528 2704 ει
564 2649 783 2705 Palama
815 2659 992 2715 erant,
1020 2665 1255 2720 quorum
1294 2653 1462 2705 multa
1501 2651 1746 2707 centinct
1774 2653 1945 2707 codex
1974 2655 2156 2725 regius
2180 2651 2342 2706 2409.
2381 2651 2437 2702 In
2482 2650 2546 2703 iis
2587 2657 2712 2702 sunt
2748 2662 2762 2699 :

569 2737 612 2792 I.
657 2737 802 2791 Libri
849 2749 1033 2791 contra
1067 2739 1401 2808 Acindynum
1437 2740 1610 2792 decem
1646 2740 1901 2804 continui,
1937 2742 2026 2811 qui
2064 2756 2258 2795 omnes
2300 2738 2542 2807 exceptis
2600 2737 2772 2792 tribus
2823 2736 3239 2808 Ἀντιῤῥητικοὶ
3279 2736 3659 2792 inscribuntur.
3687 2728 3735 2782 In

503 2826 694 2880 codice
739 2826 1095 2893 Seguieriano
1127 2823 1454 2896 [3.C0islin.
1513 2824 1746 2898 XCVIII]
1789 2835 1994 2895 septem
2045 2827 2460 2899 ἀντιρῤητικοῖς
2495 2825 2895 2893 praemittuntur
2927 2824 3060 2890 duo,
3107 2839 3253 2878 unus
3299 2823 3367 2878 ad
3411 2819 3733 2876 Athanasium

501 2913 683 2985 Cyzici
722 2914 1226 2982 archiepiscOpum,
1270 2914 1359 2967 den
1379 2914 1600 2983 scriptis
1629 2915 1922 2984 Aciudyni,
1951 2930 2080 2969 num
2123 2930 2244 2968 cum
2279 2912 2570 2966 Barlaamo
2615 2913 3036 2966 concordarent.
3085 2911 3321 2979 Incipit:
3355 2911 3595 2979 Πυνθάνῃ
3625 2901 3734 2972 περὶ

505 3002 620 3055 τῶν
651 3002 748 3055 τοῦ
798 3000 1115 3054 ’Δκινδύνου
1147 3002 1626 3071 συγγραμμάτων.
1658 3002 1811 3055 Alter
1842 3003 1909 3055 de
1947 3002 2099 3057 distir

2137 3001 2398 3056 :tionibus
2439 3000 2493 3053 in
2537 2998 2646 3053 Deo
2681 2998 2986 3055 secundum
3022 3001 3348 3069 hypostases
3378 3006 3430 3052 et
3464 2992 3731 3051 secundum

501 3085 876 3152 operationes.
909 3083 1101 3150 Incipit
1133 3101 1147 3135 :
1185 3085 1464 3146 Διονύσιος
1503 3087 1530 3138 ὁ
1583 3087 1758 3154 μέγας
1790 3087 2063 3154 αὐτήκοος

2140 3087 2357 3157 ἐγονὼς
2397 3087 2493 3154 τῆς
2525 3086 2635 3139 τῶν
2683 3085 3029 3139 ’Λποστόλων
3072 3085 3284 3156 φωνῆς.
3323 3085 3534 3140 Tertius
3571 3080 3734 3134 ultimo

507 3175 628 3228 loco
670 3174 960 3242 subjicitur
1001 3175 1068 3227 de
1101 3174 1288 3230 multis
1321 3174 1696 3244 impietatibus
1727 3174 1992 3230 Barlaami
2040 3186 2092 3230 et

2139 3173 2700 3245 Acintlyni,’Ex055tg
2731 3173 2832 3243 τῆς
2876 3173 2986 3226 τῶν
3022 3173 3295 3242 Βαρλαὰμ
3328 3174 3421 3226 καὶ
3455 3167 3733 3224 ’Δκινδύνιυ

501 3261 933 3331 δυσσεϐημάτων
984 3261 1275 3315 ἀλλοκότου
1321 3262 1586 3333 πληθύος.
1619 3261 1816 3332 Incipit
1847 3281 1859 3317 :
1909 3262 2357 3333 Ἀποϐαλλόμεθα
2389 3263 2489 3332 τὴν
2515 3261 2890 3325 ἀσεϐεστάτην
2935 3261 3227 3314 ἀλλόκοτον
3280 3260 3510 3329 πληθύν.
3544 3256 3732 3321 Septem

503 3353 770 3407 librorum
801 3352 1228 3423 ἁντιρῤητικῶν,
1255 3353 1348 3425 qui
1383 3356 1435 3406 in
1471 3357 1653 3422 capita
1687 3354 1887 3422 singuli
1921 3355 2084 3408 divisi
2122 3364 2270 3417 sunt,
2301 3361 2615 3405 accuratam
2662 3352 3039 3404 recensionem
3073 3360 3124 3403 et
3156 3352 3498 3420 singulorum
3525 3345 3736 3414 capitum

501 3447 822 3508 argumenta
855 3439 1075 3494 exhibet
1103 3438 1533 3495 Montlaucouus
1564 3441 1616 3494 in
1657 3441 1799 3494 Bibl.
1825 3441 2179 3507 Coistiniana,
2211 3458 2264 3512 p.
2294 3441 2557 3496 156-167.
2597 3441 2796 3512 (rsum)
2833 3441 3025 3497 Plures
3050 3440 3406 3496 Coisliuiaua:
3445 3439 3571 3496 bibl.
3609 3435 3738 3490 codi-

420 3605 424 3610 1
501 3544 613 3594 ces,
654 3528 749 3598 qui
780 3529 1064 3583 continent
1093 3527 1331 3583 Palamae
1366 3545 1492 3600 opp.
1534 3539 1892 3584 recensentur
1924 3541 1977 3584 et
2008 3532 2348 3602 singulorum
2380 3541 2703 3601 argumenta
2731 3531 3018 3600 diligenter
3049 3529 3372 3584 indicantur
3399 3545 3426 3583 a
3469 3525 3733 3582 Montlauc.

502 3616 537 3669 ι.
573 3631 651 3682 e.,
680 3631 710 3669 a
751 3616 909 3670 nobis
957 3631 1090 3672 vero
1121 3617 1180 3670 h.
1213 3617 1248 3671 L
1279 3632 1388 3671 non
1421 3626 1598 3688 potest
1639 3617 1980 3688 singulorum
2015 3623 2220 3676 mentio
2263 3624 2430 3690 repeti
2467 3638 2483 3687 ;
2519 3637 2575 3674 n.
2629 3637 2684 3690 p.
2723 3622 2822 3675 150
2848 3649 2917 3659 ——
2957 3619 3083 3683 157,
3126 3621 3250 3672 cod.
3283 3621 3354 3675 97
3393 3621 3444 3672 in
3483 3632 3586 3687 quo
3612 3627 3738 3683 repe—

503 3708 722 3763 riuntur
759 3708 992 3764 Palama:
1024 3709 1262 3762 homilim
1296 3717 1450 3764 sexta
1480 3722 1655 3778 usque
1681 3711 1747 3763 ad
1777 3708 2012 3763 ωιιωαω
2044 3711 2311 3780 (quinque
2344 3710 2492 3764 enim
2522 3710 2735 3778 priores
2787 3709 3045 3764 abscissa:
3091 3706 3241 3777 sunt)
3302 3709 3545 3778 sequitur
3580 3720 3628 3758 ιι.
3661 3700 3734 3762 62.

504 3797 720 3853 libellus
745 3797 972 3852 moralis
1001 3799 1274 3867 ἀκέφαλος
1303 3800 1393 3854 cui
1443 3798 1663 3867 praeﬁxa
1707 3809 1792 3853 est
1831 3799 2058 3868 epistola
2105 3802 2171 3854 ad
2219 3803 2484 3870 virginem
2527 3801 2854 3870 quamdam;
2903 3809 2960 3854 et
2998 3817 3052 3854 ιι.
3086 3801 3175 3865 66,
3215 3802 3466 3869 epistola,
3511 3812 3660 3868 quam
3684 3807 3739 3847 cx

503 3889 655 3957 Asia,
684 3890 935 3959 captivus
975 3905 1100 3944 cum
1130 3898 1298 3956 esset,
1331 3890 1399 3944 ad
1441 3889 1744 3944 Ecclesiam
1792 3905 1947 3944 suam
1986 3889 2238 3959 scripsit;
2293 3898 2510 3959 tum.p.
2552 3888 2820 3954 155-177,
2859 3889 2910 3941 in
2965 3891 3086 3942 cod.
3139 3889 3207 3942 98
3246 3890 3301 3941 in
3354 3905 3460 3958 quo
3502 3886 3740 3940 habentur

504 3977 742 4032 Palamae
777 3992 906 4046 opp.
956 3978 1248 4047 permulta,
1277 3987 1460 4031 tomus
1499 3977 1708 4046 primus
1737 3977 1852 4046 (qui
1892 3986 1978 4032 est
2007 3979 2130 4032 eod.
2168 3977 2560 4046 Seguierianus
2591 4015 2604 4040 ,
2651 3991 2681 4029 a
2737 3975 2992 4029 Fabricio
3061 3975 3338 4044 laudatus)
3378 3974 3563 4029 ultimo
3599 3965 3739 4036 capiti

503 4067 731 4120 adnexae
761 4073 888 4119 sunt
923 4064 1044 4118 duae
1077 4062 1326 4133 Gregorii
1362 4064 1640 4132 episwlae;
1677 4065 1846 4119 altera
1879 4065 1947 4118 ad
1979 4065 2302 4119 Damianum
2330 4065 2752 4133 philosophum;
2786 4066 2958 4118 altera
2982 4063 3048 4117 ad
3074 4063 3426 4135 Dionysium,
3458 4077 3575 4132 qua:
3603 4057 3741 4127 paulo

506 4162 652 4222 post,
689 4151 802 4223 §6,
839 4153 1003 4206 ctiam
1039 4152 1338 4206 adduntur.
1377 4151 1640 4223 Sequitur
1679 4152 1960 4220 Expositio
2001 4155 2270 4221 stupenda:
2300 4154 2657 4206 multitudinis
2692 4155 3028 4220 impietatum
3061 4152 3350 4207 Barlaami
3390 4165 3437 4207 et
3473 4146 3739 4218 Acindyni;

507 4244 620 4298 inc.
668 4241 1142 4313 Ἀποσαλλόμεθα,
1173 4243 1271 4310 τὴν
1304 4242 1680 4312 ἀσεϐεστάτην
1705 4245 1992 4296 ἀλλόκοτον
2023 4243 2101 4295 at);

2143 4240 2253 4293 Βύν.
2286 4269 2356 4279 -
2389 4239 2633 4309 Denique
2668 4239 2910 4307 Gregorii
2955 4239 3078 4294 Vita
3109 4258 3200 4309 per
3228 4240 3562 4295 Philotimum
3591 4234 3737 4306 patri-

507 4329 770 4385 archani:
806 4329 929 4383 init.
955 4329 1257 4400 Γρηγόριος
1293 4330 1394 4400 μὲν
1424 4332 1452 4383 ὁ
1489 4331 1666 4401 μέγας
1695 4341 1802 4386 etc.
1832 4355 1893 4370 -
1921 4332 2101 4386 Poste:

2145 4347 2200 4400 p.
2241 4331 2501 4395 167-171,
2531 4332 2583 4385 in
2611 4334 2735 4386 cod.
2764 4333 2833 4387 99
2875 4341 2960 4386 est
2996 4342 3178 4388 tomus
3221 4333 3364 4387 alter
3403 4347 3530 4402 opp.
3564 4328 3739 4392 (ἔνθεο-

510 4422 572 4476 iii
609 4420 678 4474 χι
717 4421 951 4476 Palama:
983 4433 1174 4476 contra
1221 4422 1591 4494 Acindynum,
1628 4439 1865 4494 quorum
1907 4422 2151 4476 Iudicem
2202 4419 2422 4488 plenum
2456 4421 2606 4476 dedit
2648 4422 2948 4478 Montfauc.
2987 4423 3044 4476 lu
3075 4423 3183 4478 illis
3225 4439 3356 4493 opp.
3399 4433 3519 4478 sunt
3549 4429 3742 4490 quoque

513 4511 765 4577 epistolae
806 4507 1064 4578 Palatinae,
1101 4527 1128 4562 a
1166 4509 1420 4566 Fabricio
1449 4510 1476 4582 §
1507 4509 1576 4564 V1
1623 4511 1878 4565 laudatae.
1909 4540 1979 4549 —-
2015 4510 2145 4564 Dein
2180 4527 2233 4580 p.
2271 4511 2525 4579 171—175,
2565 4513 2618 4567 in
2663 4513 2787 4568 cod.
2825 4515 2887 4580 G,
2936 4523 3115 4569 exstat
3161 4523 3345 4571 tomus
3410 4514 3597 4568 tertius
3632 4520 3741 4577 Opp.

511 4595 770 4651 I’alamaz.
803 4597 1010 4666 Agmen
1044 4597 1250 4652 claudit
1278 4599 1585 4668 Synodicus
1616 4607 1799 4652 tomus
1829 4608 2024 4652 contra
2071 4613 2188 4665 eos,
2239 4604 2332 4672 qui
2369 4602 2645 4659 Barlaami
2686 4614 2741 4660 et
2786 4606 3057 4677 Acindyni
3103 4622 3348 4661 errorem
3403 4604 3574 4661 secuti
3613 4592 3740 4662 sunt,

511 4691 714 4763 Ephesi
750 4707 945 4762 nempe
975 4700 1029 4745 et
1057 4689 1192 4745 Gani
1218 4692 1465 4760 episcop.
1491 4688 1791 4757 Gregoram
1824 4699 1880 4743 et
1914 4690 2165 4756 Dexium,
2190 4701 2244 4744 et
2265 4691 2430 4758 alios,
2457 4694 2524 4747 ab
2549 4693 2618 4747 iis
2649 4708 2835 4748 secum
2872 4695 3156 4749 adductos.
3187 4697 3320 4748 Acta
3348 4705 3428 4750 est
3462 4697 3570 4748 haec
3601 4705 3742 4760 syno-

509 4787 614 4840 dus
653 4797 783 4838 ann.
813 4781 915 4835 Ch.
969 4783 1130 4848 1551,
1177 4781 1339 4849 eique
1373 4779 1528 4833 multi
1565 4777 2037 4846 subscripserunt.
2070 4808 2141 4821 —-—
2179 4778 2324 4833 Idem
2359 4790 2544 4834 tomus
2579 4789 2663 4836 est
2703 4781 2756 4835 in
2798 4782 2922 4836 cod.
2958 4782 3086 4839 101.
3115 4781 3179 4837 ν.
3214 4783 3510 4837 Montfauc.
3567 4795 3616 4848 p.
3655 4773 3742 4828 276

509 4889 625 4944 seq.
657 4870 872 4926 Fabric.
909 4869 1052 4926 infra
1087 4872 1140 4923 in
1178 4870 1289 4922 \‘OI.
1326 4867 1470 4931 XIII,
1505 4883 1557 4937 p.
1591 4865 1718 4932 845,
1761 4867 1826 4920 de
1877 4865 2030 4921 hisce
2076 4867 2237 4922 codd.
2266 4866 2493 4922 Coislin.
2528 4869 2603 4922 ita
2637 4871 2860 4939 scripsit
2891 4889 2906 4926 :
2954 4889 2970 4921 ι
3002 4871 3340 4940 llypotheses
3369 4879 3423 4927 et
3453 4875 3739 4939 argumenta

507 4975 735 5028 operum
772 4959 1018 5012 omnium
1051 4957 1300 5027 Gregorii
1337 4955 1573 5009 Palama:
1607 4953 1664 5006 in
1695 4955 1939 5023 quinque
1973 4954 2330 5024 amplissimis
2370 4955 2538 5010 Coisl.
2590 4957 2931 5012 bibliothecae
2965 4959 3090 5012 vol].
3140 4959 3193 5011 in
3250 4959 3344 5012 l‘ol.
3386 4960 3737 5014 continentur.

509 5065 565 5100 ιι.
591 5047 680 5110 97,
710 5045 801 5108 98,
825 5045 914 5111 99,
941 5045 1044 5098 100
1066 5055 1120 5099 et
1149 5045 1271 5098 101.
1303 5042 1396 5097 Illa
1430 5057 1595 5111 porro
1619 5052 1943 5110 argumenta
1975 5044 2028 5095 in
2058 5053 2293 5112 quatuor
2317 5044 2717 5110 posterioribus
2746 5045 2908 5100 codd.
2945 5056 3115 5100 totam
3144 5047 3378 5102 Palamte
3408 5049 3547 5102 circa
3578 5048 3738 5099 lumen

508 5133 880 5188 Thaburicum
917 5141 970 5186 et
1001 5132 1186 5186 lumen
1218 5130 1314 5184 Dei
1345 5130 1652 5182 doctrinam
1681 5128 2146 5197 complectuntur,
2185 5145 2285 5185 nec
2329 5145 2437 5184 nou
2471 5129 2895 5200 disctrptationes
2927 5133 3168 5201 ejusdem
3202 5147 3392 5190 contra
3425 5134 3737 5203 Acindyuum

508 5230 562 5276 et
593 5220 938 5275 Barlaamum
967 5219 1317 5273 adversarios
1351 5229 1502 5270 suos.
1536 5212 1731 5268 Totam
1763 5216 1948 5283 itaque
1976 5217 2125 5272 illam
2171 5221 2225 5273 in
2258 5218 2469 5275 Grazcia
2507 5221 2774 5277 celeberr.
2805 5227 3162 5294 quaestionem
3214 5230 3269 5281 in
3301 5227 3387 5282 bis
3429 5218 3736 5295 argumentis

511 5309 896 5379 perspicimus.
927 5305 1202 5377 Incipiunt
1233 5311 1555 5372 argumenta
1584 5317 1637 5372 p.
1670 5301 1795 5370 155,
1817 5304 2152 5360 clauduntur
2183 5321 2312 5361 vero
2339 5323 2393 5376 p.
2424 5308 2547 5362 177.
2581 5305 2639 5362 In
2677 5310 2871 5364 ultimo
2903 5321 3086 5366 autem
3124 5316 3247 5368 cod.
3279 5315 3544 5369 habentur
3568 5308 3734 5363 Philo-

513 5399 625 5455 thei
659 5397 983 5466 patriarchae
1011 5394 1074 5447 C.
1105 5393 1166 5446 P.
1201 5394 1346 5445 circa
1373 5393 1622 5444 eamdem
1651 5391 2009 5460 quaestionem
2055 5404 2248 5449 contra
2285 5393 2582 5464 Gregoram
2624 5395 2972 5452 Barlaamum
3017 5410 3070 5454 et
3107 5400 3448 5472 Aciudynum
3475 5419 3489 5455 :
3520 5413 3612 5454 nec
3641 5408 3734 5449 non

513 5481 778 5554 Synodici
815 5482 949 5534 torni
995 5490 1107 5534 tres
1134 5488 1325 5533 contra
1354 5478 1599 5531 eosdem.
1635 5476 1797 5533 Initio
1846 5480 1968 5554 cod.
2007 5481 2101 5536 101
2147 5483 2257 5537 duo
2306 5482 2433 5537 folia
2481 5484 2548 5538 ad
2583 5487 3042 5557 compingendum
3087 5489 3331 5545 adhibita
3375 5499 3522 5552 sunt,
3551 5488 3738 5542 decimo

482 5573 715 5632 saeculo
775 5579 1020 5632 exarata,
1047 5568 1135 5621 ubi
1165 5568 1530 5635 l'ragmentum
1573 5563 1798 5632 Vitom’s,
1828 5567 2076 5635 Βίτωνος,

2143 5587 2190 5626 3x
2218 5571 2382 5636 libro,
2407 5574 2495 5625 cui
2532 5572 2748 5641 titulus,
2812 5576 3146 5647 Κατασκευὴ
3179 5578 3488 5648 πολεμικῶν
3514 5573 3737 5645 ὀργάνων

514 5662 608 5713 καὶ
631 5657 1076 5712 καταπελτικῶν.
1113 5657 1168 5710 In
1208 5655 1301 5708 illo
1344 5656 1651 5724 lragmento
1683 5666 2101 5724 reprtesentatur
2131 5663 2302 5732 ligura
2341 5663 2512 5732 gruis,
2551 5662 2904 5720 instrumenti
2936 5667 3112 5722 bellici
3135 5668 3500 5740 Laliquantum
3543 5665 3735 5718 diversa

593 5841 656 5912 (ἱ)
687 5841 1026 5912 Nicephorus
1060 5843 1352 5916 Gregoras,
1389 5845 1508 5914 XII,
1537 5849 1592 5915 5,
1637 5850 1777 5905 Hist.
