4046 6452
317 398 432 466 813

318 513 417 569 καὶ
468 510 543 576 ὡς
594 513 620 565 6
682 511 931 580 suvitwa
983 514 1048 566 ἐκ
1094 511 1286 565 τούτου
1341 511 1599 565 σύνθετον
1626 505 1765 562 εἶναι
1817 510 1906 562 τὸν

320 604 473 667 Θεὸν,
515 604 774 673 δμόδοξός
827 605 942 659 ἐστι
987 604 1062 675 τῷ
1107 603 1379 675 Εὐνομίῳ.
1442 604 1525 659 l9.
1585 601 1908 657 Testimoniu

319 709 649 763 sanctorum,
679 700 818 770 quod
844 701 1024 755 divina
1069 700 1331 768 Operatio,
1355 698 1506 768 cujus
1534 710 1580 751 et
1614 697 1785 752 deitas
1816 713 1909 764 ap-

315 792 533 859 pellatio
560 803 661 857 est,
685 801 732 845 et
762 809 793 845 a
829 792 1009 846 divina
1036 792 1264 847 essentia
1299 790 1517 860 differat
1539 798 1587 843 et
1610 789 1910 860 hypostasis

317 901 424 938 non
447 885 515 937 sit
542 894 593 938 et
624 885 860 939 iucreata
894 886 999 951 sit;
1024 895 1071 939 et
1104 885 1243 955 quod
1273 885 1365 955 qui
1396 883 1520 937 inde
1545 882 1745 951 colligit
1766 899 1910 936 com-

315 976 551 1043 positum
573 990 685 1028 esse
713 973 899 1037 Deum,
920 991 1035 1027 cum
1058 971 1321 1027 Eunomia
1348 972 1595 1027 doctrina
1614 972 1908 1025 conveniat.

394 1072 466 1121 κ’.
503 1068 627 1119 Ὀτι
657 1070 749 1122 καὶ
779 1068 894 1131 τοῖς
930 1066 1194 1138 ’Ἓλλησιν
1219 1065 1473 1137 ὁμόδοξός
1498 1069 1646 1118 ἐστιν
1668 1066 1695 1116 6
1735 1063 1914 1117 Ἀκιν-

315 1161 496 1226 δυνος,
541 1163 634 1216 καὶ
690 1159 841 1230 αὐτῷ
900 1159 982 1231 τῷ
1034 1159 1384 1230 Ἐπικοὺρῳ’
1445 1155 1539 1211 καὶ
1582 1157 1659 1221 ὡς
1689 1153 1749 1222 ἐξ
1778 1147 1852 1210 ὧν
1884 1155 1913 1208 6

318 1254 588 1323 Ιιαλαμᾶς
640 1253 767 1323 ἔφη,
821 1248 903 1317 εἷς
959 1252 1324 1322 ἀναφαίνεται
1372 1249 1504 1312 Θεὸς
1555 1247 1762 1311 ἁπλοῦς
1817 1248 1912 1301 καὶ

315 1347 614 1412 ἀσύνθετος
656 1349 713 1401 ἐν
769 1348 871 1420 μιᾷ
920 1346 1159 1417 θεότητι.
1202 1345 1296 1401 20.
1337 1343 1492 1410 Quod
1539 1359 1657 1397 cum
1704 1341 1911 1398 Gt'wcis

314 1442 616 1496 consentiat
676 1440 1005 1511 Acindgnus,
1041 1439 1148 1493 imo
1213 1456 1331 1493 cum
1373 1438 1487 1508 ipso
1546 1435 1808 1506 Epicuro;
1860 1444 1911 1490 et

311 1536 458 1607 quod
486 1549 552 1590 ex
584 1535 650 1589 iis
667 1550 787 1605 qua:
814 1533 1069 1588 Palamas
1101 1532 1260 1598 dixit,
1281 1548 1413 1586 unus
1445 1530 1744 1587 declaretur
1770 1528 1910 1584 Deus

312 1628 701 1696 incompositus
735 1627 791 1679 in
823 1642 929 1679 una
958 1626 1177 1678 deitate.

392 1716 497 1772 κα¹.
540 1717 662 1771 Ἔτι
689 1716 1057 1787 παράστασις,
1088 1717 1173 1770 ὄτι
1202 1716 1238 1787 ἡ
1286 1717 1545 1778 ἄκτιστος
1582 1714 1813 1783 δύναμις
1843 1704 1912 1783 ἧς

319 1811 417 1867 καὶ
444 1811 479 1881 ἡ
509 1810 698 1880 θεότης
726 1809 1073 1881 προσηγορία
1090 1808 1424 1879 καθέστηκε,
1446 1804 1568 1859 οὔτε
1586 1806 1744 1859 οὐσία
1761 1804 1910 1857 ἐστὶν

319 1902 436 1957 οὗθ’
466 1903 785 1965 ὑπόστασις,
808 1903 900 1955 καὶ
943 1905 1082 1972 πρὸς
1113 1904 1175 1957 τὸ
1208 1901 1339 1971 μίαν
1372 1884 1513 1954 εἶναι
1552 1900 1784 1971 θεότητα
1812 1898 1911 1952 οὐκ

320 1995 625 2064 ἐμποδίζει.
672 1995 765 2050 2|.
810 1994 1215 2049 Demonstratio
1268 1994 1422 2060 alia,
1474 1994 1614 2065 quod
1671 1994 1912 2047 increata

320 2090 510 2153 virtus,
538 2089 693 2158 cujus
721 2089 894 2144 deitas
929 2100 1007 2144 est
1034 2088 1347 2159 appellatio,
1385 2104 1551 2158 neque
1594 2087 1819 2141 essentia
1846 2085 1914 2138 sit

316 2194 486 2244 neque
536 2183 867 2254 hypostasis,
901 2194 951 2237 et
1014 2182 1148 2237 nihil
1184 2182 1443 2253 impediat
1494 2184 1775 2235 quominus
1808 2196 1913 2235 una

316 2278 390 2332 sit
425 2277 618 2331 deitas.
1311 2342 1317 2349 .

398 2371 545 2441 Πρὸς
594 2371 662 2425 τὰ
711 2370 790 2441 τῷ
833 2368 1135 2439 ’Δκινδύνῳ
1163 2369 1308 2424 κατᾶ
1343 2368 1445 2438 τῆς
1469 2366 1563 2421 τοῦ
1594 2366 1731 2421 Θεοῦ
1760 2368 1914 2430 θείας

316 2461 542 2532 χάριτος
581 2463 677 2515 καὶ
719 2459 829 2514 τῶν
877 2460 970 2514 ὑπ’
1026 2458 1199 2529 αὐτῆς
1246 2456 1712 2528 κεχαριτωμένων
1754 2456 1913 2521 θείως

322 2554 817 2624 συγγεγραμμένα,
833 2553 990 2622 λόγος
1015 2551 1409 2624 ἁντιρῥητικδς
1427 2551 1631 2621 τρίτος.
1652 2550 1912 2605 Adversus

314 2663 383 2701 ea
449 2662 564 2717 qua:
615 2644 923 2715 Acindgnus
981 2652 1171 2697 contra
1225 2639 1465 2696 divinum
1525 2640 1621 2695 Dei
1681 2641 1913 2712 gratiam

312 2738 533 2808 ejusque
567 2753 787 2792 munera
814 2737 978 2800 dixit,
1006 2735 1138 2790 liber
1173 2735 1548 2788 autirrheticus
1580 2728 1793 2788 tertius.

395 2830 477 2884 Τὰ
495 2830 811 2900 κατάμερος
842 2828 937 2882 τοῦ
966 2828 1154 2896 τρίτου
1196 2826 1360 2895 λόγου
1406 2828 1708 2895 κεφαλαια.
1752 2825 1920 2882 Tertii

314 2925 445 2982 libri
483 2926 661 2994 capita
694 2925 1027 2978 minutatim.

395 3015 470 3072 α’.
500 3017 626 3070 Ὅτι
685 3015 788 3069 οὐκ
835 3013 1141 3076 ἀπεικότως
1171 3009 1420 3083 παρῆλθε
1459 3009 1548 3063 τὸν
1591 3009 1861 3082 Βαρλαὰμ
1888 3009 1916 3061 6

331 3110 647 3172 ’Δκίνδυνος
679 3107 761 3178 τῷ
808 3105 1162 3176 ἀνακολούθῳ
1191 3104 1303 3157 τῶν
1338 3104 1535 3172 λόγων,
1567 3103 1661 3157 καὶ
1698 3104 1761 3173 τῇ
1797 3118 1917 3155 ποι-

319 3204 451 3274 κίλῃ
473 3203 593 3257 κατ’
628 3201 827 3263 αὐτοὺς
875 3199 1063 3270 ἀπάτη
1120 3201 1215 3253 καὶ
1265 3197 1633 3266 συκοφαντίᾳ.
1672 3195 1727 3249 l.
1760 3193 1915 3260 Quod

317 3296 630 3367 Acindgnus
662 3311 767 3348 non
798 3294 981 3347 leviter
1012 3299 1291 3361 praetereat
1343 3288 1718 3352 Bnrlaamum,
1764 3288 1821 3341 in
1854 3303 1914 3341 eo

318 3387 465 3457 quod
504 3404 609 3443 non
636 3399 1015 3456 consequenter
1050 3386 1324 3456 loquatur,
1344 3394 1391 3439 et
1424 3385 1478 3438 in
1512 3385 1657 3438 uario
1678 3381 1917 3453 fallacia:

316 3489 373 3534 et
408 3480 774 3551 sycophantiae
807 3494 1016 3550 genere.

402 3573 473 3644 β’.
508 3573 631 3626 Ὀτι
667 3573 764 3625 καὶ
794 3573 823 3625 6
856 3569 1126 3641 Βαρλαὰμ
1172 3570 1239 3622 ὲκ
1276 3565 1373 3622 τοῦ
1406 3567 1518 3630 τοῖς
1544 3565 1652 3620 τῶν
1683 3565 1918 3620 ἀποστό-

322 3669 439 3722 λων
460 3664 763 3735 ὀφθαλμοῖς
795 3663 1056 3735 ὀφθῆναι,
1085 3661 1307 3716 κτιστὸν
1340 3659 1615 3731 ἐπιχείρει
1639 3656 1915 3712 δεικνύναι

323 3760 390 3816 τὸ
441 3758 719 3814 θειότατον
768 3757 924 3828 φῶς·
953 3757 1051 3810 καὶ
1100 3755 1255 3819 ὅπως
1285 3753 1614 3824 ἐξηλέγχθη.
1643 3751 1700 3807 2.
1761 3751 1915 3817 Quod

322 3852 488 3908 etiam
521 3841 890 3914 Barlaamﬂx
915 3866 976 3905 eo
993 3849 1134 3920 quod
1165 3847 1425 3917 apostolis
1450 3847 1619 3901 visum
1645 3846 1740 3912 sit,
1765 3860 1919 3899 crea-

326 3954 441 3999 tum
491 3946 856 3999 demonstrare
897 3952 1120 3998 conetur
1168 3941 1564 3998 divinissimum
1609 3942 1825 4007 lumen,
1866 3949 1917 3993 et

325 4037 589 4109 quomodo
624 4037 932 4108 confutatus
959 4036 1141 4105 fuerit.

399 4136 471 4200 γ’.
510 4132 830 4203 Μαρτυρίαι
887 4129 996 4183 τῶν
1044 4129 1219 4198 ἁγίων
1261 4125 1566 4193 δεικνῦσαι,
1595 4126 1672 4189 ὡς
1715 4128 1766 4180 οί
1815 4127 1914 4196 τῆς

335 4223 494 4287 θείας
525 4224 752 4295 χάριτος
779 4223 837 4277 ὲν
862 4221 1081 4293 μεθέξει
1110 4221 1397 4291 γεγονότες
1424 4220 1652 4292 ἄναρχοι
1683 4221 1774 4275 καὶ
1797 4221 1920 4274 ἀτε-

328 4316 586 4388 λεύτητοι
620 4316 745 4371 κατ’
771 4316 944 4387 αὐτὴν
977 4310 1120 4369 εἶναι
1164 4314 1440 4383 λέγονται.
1493 4314 1548 4368 3.
1588 4313 1918 4369 Testimouia

329 4419 636 4465 sanctorum
660 4410 845 4480 quibus
863 4409 1264 4463 demonstratur
1289 4422 1400 4472 eos,
1419 4406 1509 4477 qui
1523 4405 1716 4460 divina:
1731 4408 1920 4476 gratia’

330 4505 619 4575 participes
671 4503 841 4573 fuere,
894 4500 1190 4557 secundum
1232 4501 1405 4571 ipsam
1435 4501 1548 4555 sine
1577 4500 1843 4570 principio
1866 4507 1919 4554 et

328 4597 448 4652 sine
485 4597 588 4663 fine
610 4595 741 4651 dici.
1652 4640 1661 4647 .

410 4689 479 4744 δ’.
518 4687 738 4759 Ῥήσεις
773 4687 869 4742 τοῦ
905 4684 1217 4741 Ἀκινδύνου
1238 4683 1614 4754 ἀντικείμεναι
1646 4684 1769 4747 ταῖς
1807 4683 1920 4736 τῶν

332 4781 509 4848 ἁγίων
564 4781 761 4853 ρήσεσι
812 4778 1081 4841 ταύταις’
1136 4779 1234 4833 καὶ
1294 4777 1547 4832 διαϐολαὶ
1603 4775 1742 4847 πρὸς
1789 4777 1917 4841 τοὺς

334 4871 551 4941 ἁγίους,
587 4872 664 4937 ὡς
717 4872 799 4935 είς
827 4871 920 4926 τὸν
962 4870 1266 4941 Παλαμᾶψ
1308 4862 1371 4924 οὗ
1416 4869 1583 4923 πάλιν
1639 4868 1916 4928 ἀντίθεσις

333 4966 448 5019 τῶν
497 4965 672 5034 ἁγίων
732 4963 1293 5035 ὐπεραπολογουμένη
1320 5001 1336 5025 ,
1402 4960 1497 5014 καὶ
1565 4961 1629 5013 τὸ
1695 4960 1921 5024 εὐσεϐὲς

338 5058 679 5128 παριστᾶσα.
711 5057 768 5112 4.
819 5057 976 5111 Dicta
1019 5054 1285 5124 Acindgni
1315 5053 1563 5123 opposita
1590 5052 1750 5106 dictis
1798 5068 1928 5107 san-

336 5160 583 5214 ctorum;
626 5157 679 5203 et
730 5148 1013 5203 calumnia:
1070 5146 1310 5216 ejusdem
1374 5147 1628 5199 adversus
1684 5154 1923 5208 sanctos,

338 5243 465 5295 dum
498 5241 783 5295 Palamam
815 5240 923 5296 vult
955 5241 1238 5309 impetere;
1268 5251 1585 5305 rursumque
1620 5235 1924 5301 antithesis,

337 5349 445 5401 qua
471 5348 535 5387 ea:
558 5334 761 5388 sanctis
795 5331 1043 5407 Patribus
1073 5330 1330 5386 Palamas
1359 5327 1686 5398 defenditur,
1705 5328 1925 5397 ejusque

339 5431 601 5482 sententia
627 5430 716 5498 pia
747 5446 857 5483 esse
890 5428 1285 5498 comprobatur.

416 5524 476 5571 ε’.
510 5519 636 5575 ’Ότι
688 5521 788 5592 τὴν
843 5523 1248 5593 προγεγονυῖαν
1282 5519 1442 5583 ἀξίαν
1489 5517 1568 5588 τῷ
1609 5520 1741 5588 παρ’
1766 5518 1926 5588 ἡμῶν

342 5608 667 5678 Δεσποτικῷ
724 5611 1161 5682 προσλήμματι,
1224 5612 1322 5664 καὶ
1398 5609 1527 5679 παρ’
1605 5609 1773 5663 αὑτοῦ
1830 5609 1928 5663 τοῦ

346 5695 554 5765 Κυρίου
580 5698 903 5767 εἰρημένην,
944 5701 1041 5752 καὶ
1070 5699 1227 5771 παρὰ
1254 5700 1468 5752 Παύλου
1499 5702 1929 5771 κεκηρυγμένην
1974 5718 1987 5736 ο

346 5790 442 5843 καὶ
459 5788 569 5842 τῶν
607 5791 723 5859 μετ’
757 5790 920 5844 αὐτὸν
942 5789 1423 5861 θεοειδίἰηζάθετῶν
1466 5795 1526 5857 ἐξ
1563 5787 1660 5858 ὧν,
1689 5794 1878 5866 φησὶν,
1903 5795 1933 5847 6

356 5881 670 5961 Ἀκίγδυνρς
697 5881 910 5964 “abeo;
944 5881 1335 5971 3VWQQW€TM
1412 5885 1594 5942 πάλιν.
1664 5886 1716 5943 5.
1774 5887 1930 5954 Quod

1152 399 1476 461 OPEBUM
1508 397 1992 461 ABbUMENI‘A
2038 399 2143 459 ΕΧ
2178 398 2397 461 CODD.
2447 398 2774 479 COISLIN.

1951 5972 2031 5990 Α

3492 399 3601 465 8M

2016 508 2329 579 dignitatem
2402 510 2666 566 Dontinici
2732 515 3012 582 assumpti,
3051 530 3083 567 a
3140 514 3288 569 nobis
3355 516 3599 586 [εστὶ.αο
3649 581 3663 596 ί

2013 603 2125 671 ipso
2161 602 2386 658 Domino
2427 607 2649 673 prolati,
2696 624 2727 660 a
2763 605 2932 661 Paulo
2969 609 3286 679 prazdicati,
3320 628 3519 668 necnon
3568 630 3603 668 tt

2013 694 2207 749 divinis
2267 697 2395 751 viris
2454 698 2543 766 qui
2596 709 2716 766 post
2754 700 2927 770 ipsum
2984 702 3155 772 fuere,
3201 705 3501 774 despiciens
3551 716 3602 760 ct

2011 787 2167 842 dictis
2215 790 2324 843 suis
2376 791 2695 859 vilipendens
2734 794 3071 867 Aciudynus,
3137 798 3322 854 atheus
3387 816 3603 855 rursum

2012 878 2456 949 deprehendatur.

2085 966 2160 1035 ς’.
2198 971 2500 1039 Ἔκφανσις
2531 977 2586 1027 ὲν
2620 978 2865 1049 ἐπιτὸμῳ
2899 979 2993 1033 τοῦ
3024 983 3328 1052 μυστηρίου
3372 983 3513 1037 κατὰ
3541 985 3602 1037 τὸ

2014 1063 2318 1134 ἐγχωροῦν,
2345 1065 2460 1130 πῶς
2489 1062 2570 1132 εἷς
2611 1070 2711 1139 μὲν
2740 1073 2998 1143 Χριστὸς,
3036 1072 3223 1127 πολλοὶ
3242 1076 3298 1128 δὲ
3330 1094 3604 1146 χριστοει-

2013 1155 2152 1220 δεῖς*
2180 1157 2275 1212 καὶ
2304 1159 2423 1224 πῶς
2446 1154 2589 1217 οὗτοι
2620 1162 2714 1217 νῦν
2750 1165 2851 1235 μὲν
2884 1168 3047 1238 καινὴ
3077 1169 3252 1234 κτίσις
3281 1168 3601 1238 καλοῦνται,

2013 1246 2108 1302 νῦν
2153 1248 2211 1303 δὲ
2255 1251 2484 1323 ἄναρχοι
2513 1253 2606 1307 καὶ
2640 1255 2832 1310 ἀΐδιον
2867 1258 2961 1311 καὶ
2986 1259 3071 1313 ὅτι
3102 1259 3426 1331 γεννώμεθα
3456 1263 3600 1316 κατὰ

2012 1338 2113 1408 τὴν
2146 1340 2305 1413 χάριν
2335 1344 2564 1416 ταύτην,
2598 1346 2715 1399 ἀλλ’
2749 1348 2810 1402 οὐ
2848 1350 3170 1421 κτιζόμεθα.
3200 1352 3253 1408 6.
3291 1353 3597 1409 Declaratio

2013 1435 2386 1503 compendiosa
2439 1441 2679 1509 mysterii
2726 1458 2821 1512 pro
2850 1443 3128 1512 facultate,
3156 1448 3418 1510 quomodo
3459 1465 3596 1502 unus

2012 1526 2083 1580 sit
2115 1525 2380 1598 Christus,
2411 1534 2565 1586 multi
2588 1546 2763 1587 autem
2794 1534 3227 1606 Christiformes;
3259 1551 3307 1594 et
3337 1543 3600 1611 quomodo

2013 1618 2107 1673 isti
2158 1623 2310 1677 modo
2345 1640 2477 1678 nova
2521 1636 2773 1680 creatura
2820 1638 3092 1695 vocentur,
3124 1632 3279 1686 modo
3307 1633 3419 1686 sine
3446 1636 3603 1703 prin-

2013 1712 2151 1781 cipio
2200 1725 2251 1769 et
2298 1719 2518 1783 wterui,‘
2578 1728 2628 1773 et
2677 1721 2816 1789 quod
2857 1724 3144 1777 secundum
3192 1725 3333 1780 hanc
3369 1726 3603 1797 gratiam

2013 1823 2345 1877 generentur,
2369 1828 2474 1866 non
2508 1829 2628 1867 vero
2657 1830 2916 1871 creemur.

2089 1895 2155 1960 ζ’.
2190 1898 2314 1958 τΟτι
2339 1899 2414 1963 ὡς
2431 1900 2722 1972 ἄνθρωπος
2750 1905 2777 1956 6
2809 1904 3049 1975 Χριστὸς
3076 1907 3363 1978 εἰληφέναι
3383 1907 3604 1980 λέγεται

2014 1988 2111 2060 τὴν
2128 1988 2389 2045 ἄκτιστον
2409 1993 2568 2063 χάριν
2590 1993 2686 2048 τοῦ
2700 1994 2841 2048 Πνεύ
2849 2014 3038 2067 ματος,
3058 2000 3151 2053 καὶ
3172 2000 3254 2054 ὅτι
3278 2001 3485 2073 ταύτης
3504 2005 3604 2073 τῆς

2015 2083 2277 2136 ἀκτίστου
2302 2083 2551 2155 χάριτος,
2583 2086 2676 2140 καὶ
2709 2089 2824 2151 τοῖς
2854 2090 3084 2155 οἰκείοις
3109 2093 3388 2162 μετέδωκέ
3416 2112 3475 2148 τε
3507 2098 3606 2151 καὶ

2017 2177 2365 2248 μεταδίδωσι.
2444 2179 2490 2236 7.
2557 2178 2714 2246 Quod
2772 2179 3018 2237 Christus
3078 2194 3136 2237 ut
3185 2186 3338 2239 homo
3389 2188 3607 2242 dicatur

2015 2269 2309 2324 increatam
2345 2271 2584 2341 Spiritus
2617 2274 2850 2344 gratiam
2882 2277 3170 2346 accepisse,
3196 2279 3403 2350 etquod
3433 2282 3607 2336 incre-

2017 2373 2166 2417 atam
2205 2363 2358 2417 illaut
2419 2366 2646 2435 gratiam
2680 2368 2796 2423 suis
2841 2372 3312 2427 communicaverit
3365 2384 3415 2430 et
3458 2391 3607 2430 com-

2016 2455 2265 2509 municet.

2089 2553 2159 2618 η’.
2191 2547 2315 2601 Ὀτι
2345 2548 2443 2621 τὴν
2475 2551 2625 2619 παρᾶ
2674 2552 2809 2607 Θεοῦ
2846 2554 3138 2625 διδομένην
3172 2557 3267 2611 καὶ
3301 2561 3455 2631 παρὰ
3486 2564 3599 2619 τῶν

2015 2642 2188 2712 ἁγίων
2211 2642 2636 2717 λαμϐανομένην
2684 2646 2936 2703 θεοποιὸν
2964 2652 3124 2722 χάριν
3144 2653 3237 2707 τοῦ
3265 2644 3607 2727 [Ινεύματος.

2016 2737 2112 2790 νῦν
2146 2737 2246 2807 μὲν
2294 2738 2500 2809 κτίσμα
2537 2742 2706 2811 φησιν
2739 2742 2768 2794 6
2810 2742 3155 2807 ’Λκίνδυνος,
3192 2747 3293 2800 νῦν
3346 2748 3391 2801 δ’
3440 2749 3608 2803 αὐτὸν

2015 2823 2159 2880 εἶναι
2189 2827 2279 2880 τὸν
2313 2827 2467 2893 Θεὸν,
2496 2830 2669 2901 αὐτὴν
2704 2832 2872 2886 αὐτοῦ
2915 2835 3016 2903 τὴν
3063 2837 3291 2892 οὐσίαν⁴
3333 2841 3390 2893 ἐν
3426 2835 3470 2909 ᾧ
3514 2844 3611 2896 καὶ

2020 2917 2235 2982 πολλοῖς
2267 2920 2492 2983 ἀτόποις
2541 2923 2899 2993 περιπίπτων
2955 2925 3333 2998 minetur...”
3363 2932 3417 2987 8.
3454 2934 3609 3000 Quod

2018 3008 2255 3076 Spiritus
2308 3014 2541 3083 gratiant
2598 3015 2752 3070 illam
2803 3016 3011 3073 divinos
3069 3019 3370 3089 facientem,
3413 3042 3446 3078 a
3504 3026 3610 3082 Deo

2019 3100 2224 3165 datam,
2261 3113 2309 3157 et
2349 3120 2380 3156 a
2408 3106 2609 3159 sanctis
2641 3117 2937 3175 acceptam,
2970 3111 3128 3165 modo
3162 3124 3465 3168 creaturam
3492 3133 3612 3172 esse

2018 3195 2163 3251 dicat
2191 3195 2522 3270 Acindgnus,
2556 3203 2712 3255 modo
2742 3205 2915 3272 ipsunt
2961 3219 3076 3259 esse
3110 3204 3306 3272 Deum,
3340 3211 3611 3281 ipsamque

2023 3287 2119 3343 Dei
2167 3292 2474 3356 essentiam,
2508 3294 2649 3348 unde
2684 3295 2741 3348 in
2772 3296 2969 3351 ntultas
3020 3299 3380 3357 absurditates
3422 3305 3611 3360 cadere

2021 3385 2384 3452 arguitur.....

2095 3473 2162 3527 θ’.
2217 3477 2480 3548 Ποσαχῶς
2530 3478 2625 3531 ἐπὶ
2659 3478 2756 3532 τοῦ
2784 3480 2925 3535 Θεοῦ
2969 3482 3208 3554 τοῦνομα
3236 3489 3337 3558 τῆς
3363 3490 3608 3560 χάριτος.

2022 3569 2116 3622 καὶ
2141 3568 2219 3633 ὡς
2257 3571 2290 3640 ἠ
2340 3570 2460 3625 θεία
2506 3571 2832 3646 λαμπρότης
2858 3575 2917 3630 ἓν
2944 3578 3052 3632 τῶν
3078 3579 3171 3633 ὑπ’
3203 3581 3372 3652 αὐτῆς
3407 3600 3612 3655 σημαι·

2022 3664 2286 3732 νομένων,
2311 3665 2409 3717 καὶ⁸
2440 3664 2518 3729 ὡς
2544 3665 2686 3737 αὕτη
2717 3668 2817 3738 τῆς
2853 3669 3007 3734 θείας
3037 3671 3257 3742 φύσεως
3279 3675 3607 3750 διενήνοχεν.

2022 3755 2077 3811 9.
2110 3756 2499 3827 Quotupliciter
2525 3775 2716 3814 nomen
2746 3763 2937 3831 gratia:
2965 3766 3108 3833 apud
3143 3765 3308 3822 Deum
3340 3770 3612 3842 intelliga-

2022 3857 2129 3915 tur,
2158 3862 2204 3904 et
2244 3851 2386 3920 quod
2437 3851 2652 3906 divinus
2702 3852 2953 3923 splendor
2999 3857 3071 3910 sit
3115 3874 3278 3912 unum
3310 3877 3376 3915 ex
3406 3863 3614 3933 signifi-

2021 3943 2155 3997 catis
2178 3959 2271 4012 per
2289 3959 2430 4007 eam,
2454 3944 2695 4015 quodque
2713 3946 2804 4002 ille
2826 3965 2858 4002 a
2882 3949 3062 4004 divina
3091 3962 3286 4007 natura
3311 3954 3545 4026 differat.

2095 4042 2148 4090 ι’.
2184 4034 2439 4099 Ἕκθεσις
2461 4036 2553 4090 καὶ
2585 4038 2865 4111 ἀνασκευὴ
2894 4041 3003 4093 τῶν
3019 4042 3330 4099 Ἀκινδύνου
3373 4048 3609 4118 ῥήσεων,

2022 4126 2090 4181 δι’
2117 4118 2193 4181 ὧν
2222 4127 2624 4195 κατασκευάζει
2642 4131 2745 4203 τὴν
2767 4132 2928 4203 χάριν
2948 4134 3119 4205 αὐτὴν
3146 4130 3289 4190 εἶναι
3305 4139 3405 4208 τὴν
3419 4140 3612 4196 ούσίαν

2020 4219 2116 4274 τοῦ
2149 4220 2285 4274 Θεοῦ
2304 4237 2318 4252 ’
2347 4223 2471 4276 καθ’
2499 4222 2569 4287 ἃς
2601 4226 2698 4278 καὶ
2735 4224 2833 4279 τοῦ
2883 4227 3154 4299 Εὐνομίου
3184 4229 3613 4307 δυσσεϐέστερος

2020 4313 2218 4379 τελῶν,
2257 4314 2416 4379 ἄθεός
2451 4333 2510 4370 τε
2559 4316 2681 4387 ἃμα
2724 4318 2819 4373 καὶ¹
2869 4321 3136 4386 πολύθεος
3177 4321 3529 4397 ἐξελέγχεται
3554 4330 3615 4381 τό

2022 4423 2087 4460 τε
2121 4406 2277 4460 Θεῖον
2302 4407 2591 4472 συντιθείς.
2625 4410 2714 4464 10.
2755 4409 3035 4479 Expositio
3077 4422 3128 4467 et
3162 4415 3419 4484 refutatio
3447 4418 3617 4473 dicto-

2023 4514 2142 4551 rum
2191 4498 2475 4570 Acindyni,
2507 4501 2700 4571 quibus
2749 4504 2945 4557 astruit
2997 4507 3231 4572 gratiam
3275 4507 3453 4583 ipsam
3502 4526 3615 4564 esse

2026 4590 2124 4644 Dei
2164 4594 2471 4656 essentiam,
2516 4591 2707 4661 quibus
2760 4594 2923 4648 etiam
2982 4593 3302 4651 Eunomium
3342 4599 3614 4666 impietate

2027 4697 2309 4751 superans,
2338 4680 2526 4736 atheus
2555 4682 2715 4737 simul
2744 4693 2794 4739 et
2823 4684 3117 4755 'polytheus
3161 4687 3271 4741 sive
3323 4689 3613 4745 multorum

2027 4778 2248 4830 deorum
2305 4776 2501 4841 cultor,
2552 4784 2712 4845 atque
2774 4776 2938 4831 Deum
3006 4779 3361 4845 compositum
3409 4782 3612 4850 faciens

2026 4866 2453 4934 deprehenditur.

2105 4965 2194 5011 ια’.
2228 4958 2456 5029 Ἔτεραι
2484 4960 2675 5030 ῥήσεις
2712 4961 2766 5014 Ἀ
2779 4959 3045 5026 κινδύνου,
3073 4961 3131 5014 ἐν
3159 4956 3248 5026 αἷς
3278 4964 3372 5017 καὶ
3409 4981 3616 5036 μαρτυ⁴

2033 5050 2127 5122 ρία
2158 5053 2223 5103 ὲκ
2259 5051 2368 5104 τῶν
2399 5049 2496 5104 τοῦ
2541 5052 2782 5122 μεγάλου
2822 5053 3110 5107 Βασιλείου
3140 5057 3616 5128 παρακεκομμένη

2039 5143 2248 5212 μέντοι.
2304 5143 2442 5198 ἀλλὰ
2480 5147 2578 5196 καὶ
2627 5144 2818 5211 οὕτως⁶
2858 5146 3215 5218 ἀντικειμένη
3262 5147 3351 5201 διὰ
3401 5148 3617 5203 πάντων

2030 5235 2309 5290 δείκνυται
2342 5239 2414 5308 τῇ
2454 5236 2648 5290 τούτου
2701 5237 3154 5311 πολυϐλασφήμῳ
3191 5240 3469 5294 κάνταῦθα
3513 5241 3621 5293 δει-

2034 5329 2281 5399 κνυμένῃ
2334 5328 2485 5400 δόξῃ.
2536 5329 2624 5383 il.
2661 5328 2786 5382 Alia
2820 5330 3087 5399 Acyndini
3121 5331 3295 5392 dicta,
3326 5330 3379 5382 in
3427 5330 3619 5399 quibus

2032 5431 2106 5476 est
2150 5422 2511 5476 testimonium
2539 5437 2604 5477 ex
2632 5438 2822 5493 magno
2869 5422 3077 5478 Basilio
3105 5425 3496 5487 detruncatum,
3530 5425 3620 5476 sed

2032 5514 2173 5585 quod
2243 5513 2588 5570 nihilominus
2652 5515 2767 5583 ejus
2822 5515 3143 5582 blaspheme
3202 5515 3472 5569 sententia:
3538 5515 3623 5568 hic

2036 5609 2294 5678 expositae
2329 5611 2542 5663 omnino
2567 5611 2863 5678 oppositum
2884 5611 3302 5664 demonstratur.

2111 5699 2201 5770 ιβ’.
2251 5701 2469 5772 Ἑτέρα⁹
2507 5702 2669 5782 ῥῆσις
2734 5700 3045 5755 Ἀκινδύνου
3101 5701 3238 5769 μετὰ
3292 5698 3390 5769 τῆς
3452 5700 3627 5769 αὐτῆς

2043 5793 2375 5865 μαρτυρίας,
2407 5795 2539 5865 παρ’
2560 5789 2636 5849 ὦν
2664 5796 3021 5862 ἀναφαίνεται
3050 5792 3453 5861 διατεινόμενος
3485 5791 3625 5860 μηδὲ

2041 5886 2305 5941 δύνασθαι
2347 5888 2461 5952 τοῖς
2495 5886 2675 5959 ἁγίοις
2708 5884 3081 5956 ὁμοφρονῆσαι
3131 5903 3285 5940 ποτε.
3316 5885 3400 5939 1‘2.
3461 5882 3623 5938 Aliud
