4046 6450
323 541 432 607 817

322 656 606 725 Arindyni,
633 670 738 724 quo.
767 663 981 723 putasse
1025 655 1403 721 comprobatur
1430 663 1641 707 sanctos
1678 668 1772 706 nec
1805 651 1907 704 sibi

322 747 474 814 ipsis,
509 761 602 798 nec
631 746 767 798 inter
795 761 848 798 se
879 753 1062 798 mutuo
1091 744 1433 813 congruentia
1459 755 1507 797 et
1537 743 1911 803 consequentia

323 838 540 891 sentire.

394 927 458 978 ε’.
527 923 651 978 Ὅτι
712 925 775 978 τὸ
829 924 972 978 κατὰ
1025 925 1084 978 τὸ
1139 925 1425 995 Θαὸὡριον
1483 925 1611 984 τοὺς
1663 921 1913 993 μαθητὰς

326 1017 744 1086 περιαστράψαν
789 1017 930 1085 φῶς,
967 1016 1278 1087 ἀχώριστόν
1334 1020 1450 1070 ἐστι
1508 1021 1609 1086 τῆς
1658 1017 1913 1086 θεότητος

327 1111 422 1162 ἆτε
479 1109 726 1175 φυσικῶς
770 1111 904 1178 αὐτῇ
945 1110 1172 1178 προσὸν,
1211 1111 1305 1162 καὶ
1356 1111 1456 1178 τῆς
1501 1109 1649 1170 θείας
1699 1107 1914 1176 φύσεως

327 1200 656 1270 λαμπρότης
688 1200 767 1253 ὃν.
793 1201 846 1254 5.
875 1199 1028 1266 Quod
1053 1201 1222 1254 lumen
1247 1203 1301 1254 in
1336 1200 1596 1255 Tltaborio
1627 1197 1913 1267 discipulos

331 1291 634 1354 illustrans,
669 1291 1026 1360 inSeparubile
1059 1296 1219 1362 fuerit
1253 1311 1284 1345 a
1323 1294 1537 1355 deitate,
1567 1301 1746 1358 utpote
1776 1288 1914 1359 quod

334 1383 435 1448 ἱρά
493 1383 810 1435 naturaliter
856 1383 1084 1450 adesset,
1116 1395 1166 1438 et
1203 1384 1396 1439 divina:
1436 1397 1644 1440 natura:
1668 1381 1916 1451 splendor

333 1483 491 1527 esset.

410 1571 481 1628 ς’.
521 1565 642 1617 ’Ότι
670 1565 1007 1634 ἀνέκφαντος
1043 1567 1165 1619 καθ’
1207 1567 1408 1637 ἑαυτὴν
1457 1568 1490 1636 ἡ
1558 1566 1681 1620 θεία
1727 1564 1912 1633 φύσις,

335 1659 432 1734 καὶ
471 1658 653 1720 αὐτοῖς
681 1659 910 1720 ἐκείνοις
941 1656 1023 1722 οἷς
1070 1661 1400 1732 ἁπορῥήτως
1456 1658 1813 1727 ἐπιφαίνεται
1857 1657 1916 1709 τὸ

339 1749 484 1800 θεῖον
503 1749 661 1800 τοῦτο
699 1751 835 1818 φῶς.
871 1752 920 1803 6.
957 1751 1110 1815 Quod
1133 1753 1310 1806 divina
1336 1763 1527 1805 natura
1551 1769 1642 1820 per
1675 1767 1730 1805 se
1750 1766 1917 1818 appa-

340 1857 451 1894 rere
468 1850 681 1909 nequeat
709 1843 865 1894 etiam
907 1845 972 1897 iis
999 1845 1147 1911 ipsis,
1179 1845 1370 1914 quibus
1429 1844 1664 1898 dwinum
1697 1843 1792 1896 hoc
1841 1841 1920 1894 lu-

342 1949 459 1985 men
518 1950 711 1986 arcano
741 1935 892 1987 modo
953 1946 1192 2004 apparet.

415 2023 477 2087 ζ’.
509 2026 634 2078 Ὀτι
665 2028 764 2096 οὐχ
797 2030 844 2079 οἱ
870 2029 1122 2096 λέγοντες
1176 2029 1537 2098 ὑπερκεῖσθαι
1591 2028 1774 2096 πάσης
1831 2029 1918 2080 ὲκ-

347 2116 594 2184 φάνσεως
628 2117 726 2186 τὴν
761 2118 911 2172 θείαν
944 2121 1130 2187 φύσιν,
1165 2121 1282 2174 ἀλλ’
1314 2124 1360 2174 oi
1383 2121 1456 2192 μὴ
1488 2121 1645 2174 τοῦτο
1663 2121 1916 2188 λέγοντες

342 2210 420 2268 si;
446 2208 734 2261 πολυθεΐαν
761 2211 1183 2279 περιπίπτουσιν
1209 2212 1283 2273 ὡς
1304 2213 1539 2281 ἀληθῶς.
1562 2213 1610 2267 7.
1635 2211 1791 2277 Quod
1819 2226 1922 2264 non

345 2300 385 2352 ii
401 2301 489 2367 qui
509 2300 686 2352 dicunt
715 2302 950 2354 divinum
984 2315 1237 2358 naturam
1263 2306 1407 2365 omni
1462 2307 1797 2372 apparitione
1832 2320 1920 2357 su-

343 2391 682 2457 pereminere,
721 2393 810 2445 sed
838 2394 929 2461 qui
963 2394 1058 2446 hoc
1111 2406 1300 2464 negant
1351 2398 1406 2452 in
1455 2397 1777 2467 polytlteiam
1818 2398 1922 2450 sive

349 2482 800 2549 multiplicitatem
841 2487 1055 2539 deorum
1097 2489 1356 2542 incidant.

423 2580 491 2638 η’.
525 2575 647 2626 Ὀτι
679 2575 776 2645 οὐχ
807 2578 855 2628 οἱ
881 2576 1161 2644 ἄκτιστον,
1194 2580 1308 2632 ἀλλ’
1342 2581 1391 2632 oi
1425 2581 1644 2634 κτιστὸν
1674 2580 1922 2648 λέγοντες

351 2665 412 2716 τὸ
443 2665 582 2718 θεῖον
605 2668 740 2734 φῶς,
775 2669 832 2720 τὸ
856 2669 1010 2722 Θεῖον
1064 2673 1498 2741 φυσιολογοῦσιν.
1533 2674 1586 2728 8.
1628 2673 1779 2738 Quod
1819 2689 1919 2727 nou

355 2758 394 2809 ii
420 2761 508 2826 qui
546 2760 864 2828 increatum,
906 2764 998 2816 sed
1049 2767 1138 2829 qui
1188 2775 1419 2820 creatum
1457 2768 1636 2820 dicunt
1688 2768 1922 2822 divinum

357 2847 553 2912 lumen,
584 2851 640 2901 Di
663 2868 744 2902 um
775 2857 922 2905 rebus
959 2855 1292 2909 naturalibus
1316 2863 1679 2910 annnmerent.

425 2936 490 2992 θ’.
523 2939 642 2993 ’Ότι
665 2942 722 2994 τὸ
759 2944 831 3012 μὴ
882 2945 1245 3010 γιυώσκεσθαι
1276 2949 1363 2998 τὸν
1393 2945 1525 3000 Θεὸν
1578 2950 1642 3000 ἐκ
1692 2947 1924 3015 φυσικῆς

355 3029 654 3098 ἐμφάσεως
685 3032 785 3085 οὐκ
808 3036 1019 3104 ἀναιρεῖ
1054 3037 1113 3088 τὸ
1143 3036 1508 3105 γινώσκεσθαι
1541 3038 1702 3091 αὐτὸν
1728 3039 1791 3089 ἐκ
1815 3038 1923 3090 τῶν

356 3121 518 3175 θείων
544 3125 708 3176 αὑτοῦ
742 3128 984 3195 προόδων
1013 3130 1106 3181 καὶ
1147 3131 1456 3199 ἐνεργειῶνο
1485 3132 1542 3182 ἐν
1594 3128 1636 3199 ᾧ
1695 3131 1924 3202 κτισ’ὴν

355 3211 456 3280 τὴν
481 3213 634 3268 θείαν
673 3221 930 3285 πρίνοιαν
961 3221 1056 3272 καὶ
1091 3222 1448 3292 καταληπτὴν
1479 3223 1574 3292 τὴν
1636 3223 1788 3275 θείαν
1823 3222 1925 3290 φύο-

359 3320 446 3356 σιν
474 3307 500 3358 ὁ
547 3304 852 3372 Ἀκίνδυνος
883 3311 1162 3381 ἐλέγχεται
1206 3315 1398 3372 ποιῶν.
1450 3317 1503 3370 9.
1559 3315 1710 3380 Quod
1757 3331 1821 3370 ex
1866 3332 1924 3370 eo

355 3395 495 3462 quod
530 3395 668 3451 Deus
725 3416 816 3466 per
890 3405 1190 3457 naturalem
1239 3408 1623 3474 apparitionem
1682 3425 1783 3461 non
1839 3424 1927 3460 co-

353 3499 660 3552 gnoscatur,
688 3506 790 3544 non
854 3493 1076 3548 tollatur
1127 3499 1353 3566 cognitio
1409 3498 1524 3566 ejus
1580 3515 1673 3566 per
1715 3499 1924 3551 divinas

352 3576 655 3632 emissiones
687 3591 734 3632 et
771 3587 1144 3652 operationes;
1181 3589 1269 3642 ubi
1310 3591 1638 3642 convincitur
1692 3589 1926 3657 Acindy-

357 3684 475 3733 nus,
509 3670 646 3736 quod
666 3673 895 3728 divinam
945 3680 1325 3744 prouidentia»:
1353 3691 1611 3746 creatam,
1671 3681 1928 3736 divinam-

356 3771 455 3825 que
487 3768 730 3814 naturam
756 3768 1268 3832 comprehensibilem
1285 3771 1471 3839 faciat.

435 3848 484 3902 ι’.
515 3851 739 3923 Ἕτεραι
773 3859 962 3927 ῥήσεις
1006 3860 1315 3914 Ἀκινδύνου
1351 3863 1444 3918 καί
1489 3865 1790 3933 μαρτυρίαι
1819 3865 1928 3918 τῶν

359 3938 531 4007 ἁγίων
559 3945 689 4013 παρ’
723 3947 888 4000 αὐτοῦ
921 3951 1107 4015 κακῶς
1139 3952 1636 4022 ἐκλαμϐανὸμεναι,
1657 3955 1930 4025 παριστᾷν

361 4027 792 4100 ἐπιχειροῦντος,
828 4039 904 4107 μὴ
935 4036 1076 4092 εἶναι
1107 4041 1200 4094 τὸν
1256 4043 1389 4096 Θεὸν
1418 4042 1538 4096 κατ’
1575 4044 1764 4097 οὐσίαν
1829 4044 1928 4114 μὲν

362 4123 766 4195 ἀκατάληπτον,
793 4131 901 4182 ἀπὸ
920 4132 975 4184 δὲ
995 4133 1108 4184 τῶν
1145 4136 1365 4188 οἰκείων
1394 4136 1687 4204 ἐνεργειῶν
1745 4138 1930 4204 ἐπιγι-

362 4215 722 4283 νωσκόμενον.
757 4220 840 4275 10.
867 4222 984 4274 Alia
1039 4225 1301 4294 Acindyni
1331 4225 1473 4280 dicta
1524 4237 1576 4280 et
1626 4228 1932 4282 testimonia

363 4319 668 4362 sanctarum
712 4311 776 4363 ab
813 4314 925 4380 ipso
958 4314 1096 4369 male
1155 4329 1436 4385 usurpata,
1479 4320 1662 4388 quibus
1715 4321 1933 4374 demon-

363 4407 535 4454 strare
566 4415 788 4457 conatur
815 4405 978 4460 Deum
1025 4424 1128 4464 non
1185 4426 1297 4464 esse
1358 4412 1929 4482 incomprehensibilem

363 4494 647 4548 secundum
675 4495 1049 4561 substantiam.
1073 4501 1163 4554 sed
1187 4516 1251 4556 ex
1273 4504 1502 4571 propriis
1545 4507 1933 4573 Operationibus

365 4588 626 4652 cognosci.

439 4676 527 4730 ια’.
551 4680 670 4733 Ὀτι
692 4681 897 4752 καὶτῆς
914 4685 1044 4754 παρ’
1061 4686 1256 4742 ἐαυτοῦ
1279 4688 1724 4761 προϐεϐλημένης
1742 4693 1806 4746 ἐκ
1826 4693 1937 4745 τῶν

363 4766 457 4820 τοῦ
503 4769 647 4824 θείου
698 4774 952 4844 Μαξίμου
1005 4779 1332 4848 μαρτυρίας,
1403 4780 1823 4836 πᾶντοὺναντίον
1857 4785 1937 4836 εί-

368 4862 619 4926 σηγεῖται
647 4865 674 4916 ὁ
717 4865 1039 4934 Ἀκίνδυνος,
1091 4871 1184 4922 καὶ
1221 4871 1520 4924 ὑπεναντία
1544 4873 1654 4936 τοῖς
1677 4872 1782 4941 πρὸ
1842 4873 1939 4925 αὐ-

363 4952 461 5005 τοῦ
493 4955 762 5024 θεολόγοις
781 4961 1023 5014 δείκνυσι
1055 4961 1287 5029 λέγοντα
1321 4963 1412 5017 τὸν
1446 4963 1624 5029 ἅγιον,
1656 4966 1752 5017 καὶ
1809 4965 1934 5026 τοὺς

365 5045 546 5111 θείους
567 5051 724 5120 ἡμῶν
745 5052 988 5117 ἅπαντας
1014 5055 1266 5126 Πατέρας
1291 5059 1549 5124 παραινεί
1578 5056 1802 5124 φεύγειν
1842 5059 1938 5111 καὶ

362 5138 793 5208 ἀποτρέπεσθαι.
841 5145 928 5200 Η.
959 5144 1112 5210 Quod
1171 5145 1478 5214 Acindynus
1529 5160 1594 5198 ea:
1643 5150 1937 5204 testimonio

364 5226 474 5281 ςιίυὶ
486 5230 710 5286 Maximi
731 5237 795 5288 ab
814 5253 866 5288 se
881 5237 1113 5305 prolato,
1147 5239 1359 5291 omnino
1385 5239 1659 5292 contraria
1682 5240 1936 5306 inducat;

375 5330 414 5370 ἰ
448 5333 687 5378 sanctum
720 5326 889 5380 virum
909 5329 1269 5388 adversantia.
1301 5329 1549 5397 theologis
1581 5329 1670 5396 qui
1721 5342 1840 5384 ante
1886 5348 1939 5385 se

365 5428 598 5482 ,uerunt,
638 5419 810 5472 dicere
839 5423 1104 5484 ostendat,
1153 5436 1432 5489 omnesque
1485 5431 1699 5474 sanctos
1747 5421 1936 5478 Patres

369 5514 573 5558 nostros
603 5506 781 5576 fugere
804 5517 852 5562 et
883 5511 1117 5563 aversari
1147 5520 1374 5572 moneat.
1508 5553 1522 5566 κ.

441 5595 529 5649 ιϐ’.
572 5598 951 5668 Παράστασις,
975 5601 1057 5654 ὅτι
1099 5601 1280 5666 καλῶς
1314 5603 1342 5655 ὁ
1372 5602 1514 5662 θεῖος
1557 5602 1660 5674 ἔφη
1685 5603 1939 5674 Μάξιμος

370 5689 514 5758 ὑπὲρ
553 5688 810 5757 ἀπειρίαν
833 5687 972 5744 εἶναι
1006 5692 1097 5744 τὸν
1126 5693 1282 5757 Θεὸν,
1341 5695 1390 5747 εί
1419 5695 1514 5747 καὶ
1579 5693 1836 5757 ἄκτιστος
1906 5696 1940 5766 ή

369 5778 600 5846 ἀπειρία
630 5780 797 5832 ἐστίν’
835 5781 947 5834 ἀλλ’
979 5784 1077 5851 οὐχ
1115 5784 1190 5845 ὼς
1233 5785 1262 5836 ὁ
1301 5786 1608 5847 Ἀκίνδυνος
1665 5786 1942 5850 δυσσεϐῶς

371 5871 694 5939 διαστρέψαι
724 5873 1022 5938 ἐξεδέξατο.
1052 5875 1137 5927 12.
1175 5875 1586 5944 Dt-tnmstratio,
1619 5880 1757 5946 quod
1787 5879 1943 5945 probe

375 5965 568 6018 dixerit
593 5965 739 6021 divus
775 5966 1039 6023 Maxitnus
1061 5968 1218 6022 Deum
1252 5987 1358 6026 esse
1380 5987 1537 6040 supra
1594 5971 1936 6038 iit/initialem,

1139 538 1464 598 OPERUM
1508 532 1992 595 ARGUMENTA
2024 532 2128 590 EX
2157 531 2374 591 CODD.
2419 526 2751 586 COISLIN.

3472 527 3592 593 818

2017 649 2228 703 etiamsi
2288 649 2526 702 increata
2552 652 2618 703 sit
2685 648 2960 714 inﬁnitas;
3021 647 3111 698 sed
3137 655 3248 698 non
3277 662 3380 716 quo
3410 653 3594 703 ’sensu

2016 739 2322 806 Acindynns
2357 741 2508 806 impie
2544 739 2851 806 detorquere
2889 749 3108 790 conatus
3139 749 3235 790 est.

2094 835 2183 896 ιγ’.
2223 830 2346 881 ’Ότι
2391 831 2452 880 ἐκ
2503 831 2611 890 τῶν
2646 829 2961 898 κτισμάτων
2995 831 3055 882 οὐ
3082 831 3178 898 τῆς
3205 831 3353 892 θείας
3383 832 3594 898 οὐσίας,

2017 922 2155 974 ἀλλὰ
2182 921 2289 974 τῶν
2317 920 2476 974 θείων
2525 922 2841 992 ἐνεργειῶν,
2898 922 2955 973 ἐν
2993 923 3242 993 περινοίᾳ
3307 925 3590 992 γινόμεθα.

2019 1014 2188 1066 Τοῦτο
2207 1014 2251 1065 δ’
2279 1014 2485 1066 ἀθετῶν
2517 1016 2543 1066 ὁ
2591 1014 2898 1075 Ἀκίνδυνος
2951 1014 3197 1067 συναϊδια
3255 1016 3330 1082 τῷ
3363 1014 3482 1084 Θεῷ
3529 1017 3594 1068 τὰ

2019 1105 2298 1172 κτίσματα
2352 1107 2611 1172 δοξάζων,
2675 1108 2905 1175 Ἕλλησί
2965 1125 3024 1160 τε
3059 1108 3154 1160 καὶ
3211 1108 3288 1176 τῷ
3343 1109 3594 1175 Εὖνομίῳ

2019 1200 2327 1267 συμφωνῶν
2353 1200 2656 1269 ἐλέγχεται.
2710 1201 2802 1255 15.
2849 1200 3007 1265 Quod
3057 1217 3120 1255 en:
3168 1202 3428 1255 creaturis
3493 1217 3594 1254 non

2019 1289 2210 1342 divina:
2262 1289 2523 1349 essentiat.
2583 1291 2672 1343 sed
2724 1291 3025 1345 divinarum
3087 1294 3444 1360 operationum
3504 1309 3593 1344 co,-

2020 1381 2308 1448 gnitionem
2329 1397 2687 1449 assequamur.
2742 1382 2852 1436 lloc
2899 1400 3017 1437 cum
3084 1393 3228 1453 neget
3269 1385 3594 1454 Acimlynns,

2019 1483 2290 1528 creaturas
2333 1490 2443 1528 esse
2469 1474 2572 1528 Deo
2606 1485 2894 1529 cowternas
2929 1478 3262 1536 existimans.
3300 1493 3417 1529 cum
3441 1475 3594 1530 Grie-

2020 1567 2094 1620 cis
2122 1578 2306 1620 etcum
2330 1565 2590 1620 Eunomia
2642 1569 2935 1621 consentire
2995 1568 3424 1636 deprehenditur.

2094 1658 2174 1712 ιδ’.
2210 1659 2470 1727 Ἔλεγχος
2505 1659 2584 1712 ἐτι
2609 1662 2708 1728 τῆς
2735 1660 2902 1714 αὑτοῦ
2939 1660 3099 1730 δόξης
3146 1659 3596 1727 ἀπαγορεύοντος

2021 1751 2410 1817 πνευματικῶς
2433 1751 2661 1820 ὁρᾶσθαι
2693 1753 2752 1804 τὸ
2770 1748 3068 1805 ’θειότατον
3091 1753 3224 1822 φῶς,
3255 1755 3314 1805 ἐν
3352 1745 3395 1818 ᾧ
3421 1752 3595 1820 παρά-

2023 1857 2232 1906 στασις,
2266 1841 2341 1902 ὡς
2371 1843 2432 1894 οὐ
2467 1841 2526 1894 τὸ
2558 1842 2672 1909 φῶς
2702 1844 2862 1910 μόνον
2912 1845 3190 1903 ἄκτιστον.
3237 1843 3373 1896 ἁλλὰ
3442 1843 3535 1894 καὶ
3563 1844 3598 1911 ἠ

2021 1930 2248 2000 δύναμις
2281 1933 2404 1986 καθ’
2430 1935 2496 2004 ἣν
2516 1936 2735 2004 ὁρᾶται.
2767 1935 2852 1988 Ν.
2881 1935 3149 2004 Refutatio
3162 1953 3274 2004 ejus
3305 1935 3596 1998 sententiis,

2022 2041 2126 2093 qua
2166 2035 2318 2094 negat
2339 2027 2729 2083 divinissimum
2767 2030 2944 2083 lumen
2989 2029 3340 2098 spiritualiter
3401 2028 3597 2089 videri;

2026 2117 2116 2168 ubi
2162 2118 2322 2170 etiam
2358 2118 2755 2173 demonstratur
2786 2137 2886 2174 non
2921 2121 3073 2174 modo
3109 2121 3280 2174 lumen
3302 2121 3598 2174 increatum

2025 2221 2156 2267 esse,
2178 2209 2267 2261 sed
2289 2211 2449 2262 etiam
2500 2210 2808 2275 facultatem
2842 2228 2935 2279 per
2967 2228 3126 2282 quam
3157 2213 3384 2266 videtur.

2100 2327 2180 2372 ιε’.
2217 2321 2477 2383 Ἔκθεσις
2501 2320 2599 2374 καὶ
2649 2321 2930 2393 ἀνασκευὴ
3000 2322 3214 2392 ρήσεως
3273 2321 3441 2392 ἄλλης
3505 2321 3599 2374 τοῦ

2027 2413 2214 2473 αὐτοῦ,
2247 2413 2538 2484 ἀδιάφορον
2575 2416 2732 2469 πάλιν
2785 2416 3130 2486 πειρωμένου
3193 2415 3473 2469 δεικνύναι
3533 2417 3599 2484 τῇ

2028 2503 2151 2574 θεία
2173 2504 2328 2574 οὐσία
2351 2506 2450 2572 τὴν
2481 2506 2790 2575 ἐνέργειαν,
2823 2507 2919 2559 καὶ
2955 2505 3179 2576 κτιστὴν
3239 2507 3338 2576 τὴν
3397 2507 3589 2574 ἐπιφα-

2028 2597 2210 2648 νεῖσαν
2237 2597 2294 2646 ἐν
2323 2596 2522 2665 Θαϐὼρ
2553 2599 2665 2660 τοῖς
2700 2597 3027 2660 ἀποστόλοις
3052 2597 3146 2649 τοῦ
3174 2597 3312 2650 Θεοῦ
3343 2596 3600 2666 λαμπρό-

2029 2690 2305 2757 τητα.15.
2372 2687 2645 2756 Expositio
2696 2700 2745 2743 et
2803 2691 3060 2756 refutatio
3085 2691 3304 2744 alterius
3365 2689 3601 2759 ejusdem

2028 2782 2177 2844 dicti,
2202 2798 2300 2852 quo
2324 2784 2544 2851 probare
2600 2782 2792 2836 nititur
2871 2785 3109 2837 divinam
3159 2784 3441 2837 essentiam
3471 2789 3602 2849 fnon

2027 2873 2331 2926 distinctam
2387 2890 2549 2928 essea
2603 2875 2780 2927 divina
2820 2875 3139 2943 operatione,
3174 2883 3223 2929 et
3271 2874 3603 2944 splendorem

2035 2962 2126 3018 Dei
2153 2967 2239 3033 qui
2273 2966 2323 3018 in
2354 2965 2588 3020 T/iabore
2609 2967 2865 3036 apostolis
2889 2967 3135 3037 apparuit
3154 2968 3317 3036 fuisse
3343 2979 3598 3022 creatum.

2103 3076 2196 3144 ις’.
2239 3079 2362 3133 Ὅτι
2393 3081 2440 3132 εί
2467 3081 2562 3133 καὶ
2596 3082 2932 3149 σωματικοῖς
2975 3081 3278 3151 ὀφθαλμοῖς
3334 3081 3395 3135 τὸ
3461 3083 3606 3134 θεῖον

2029 3169 2185 3238 ὤφθη
2221 3171 2353 3238 φῶς,
2389 3169 2525 3222 ἀλλὰ
2568 3172 3062 3239 μετασκευασθεῖσι
3097 3175 3163 3242 τῇ
3224 3171 3452 3241 δυνάμει
3510 3170 3606 3224 τοῦ

2033 3261 2366 3331 Πνεύματος.
2392 3261 2477 3316 16.
2504 3261 2656 3327 Quod
2673 3264 2884 3318 etiamsi
2901 3265 3163 3331 corporeis
3187 3265 3350 3318 oculis
3369 3265 3605 3318 divinum

2030 3353 2202 3416 lumen
2258 3355 2428 3406 risum
2461 3355 2550 3418 sit,
2606 3355 2694 3408 sed
2738 3355 3130 3424 transformatis
3157 3355 3603 3424 virtuteSpiritus.

2105 3443 2190 3509 ιζ’.
2227 3447 2422 3516 Ἑτέρα
2456 3447 2613 3514 ῥῆσις
2652 3447 2986 3511 Ἀκινδύνου,
3026 3447 3157 3518 παρ’
3186 3444 3255 3518 ἦς
3313 3447 3472 3509 ἄθεος
3519 3465 3606 3500 τεο

2032 3538 2168 3601 λέως
2199 3539 2479 3607 ἐλέγχεται
2507 3539 2564 3592 τὸ
2589 3535 2728 3590 εἶναι
2761 3538 2852 3592 τὸν
2913 3541 3154 3610 ,Χριστὸν
3204 3541 3337 3592 Θεὸν
3393 3540 3604 3592 ἀνελεῖν

2033 3630 2348 3699 ἐπιχειρῶν,
2387 3632 2481 3684 καὶ
2515 3630 2787 3683 δεικνύναι
2817 3633 2943 3694 τοὺς
2976 3632 3165 3698 ἁγίους
3196 3633 3403 3695 πάντας
3453 3632 3604 3699 αὖτῷ

2032 3739 2092 3775 τε
2125 3723 2204 3791 τῷ
2231 3723 2421 3792 Κυρίῳ
2453 3725 2541 3775 καὶ
2567 3723 2812 3793 ἀλλήλοις
2859 3725 3155 3788 ἐναντίους.
3226 3725 3311 3778 I7.
3337 3725 3607 3779 ‘Alterum

2035 3815 2292 3884 Acindyni
2341 3815 2560 3880 dictum,
2612 3833 2713 3884 quo
2781 3819 3106 3870 convincitur
3153 3817 3378 3884 perfecte
3424 3817 3608 3870 atltcns

2035 3923 2164 3970 esse,
2187 3916 2364 3974 utpote
2386 3910 2474 3977 qui
2529 3917 2746 3961 conetur
2779 3907 3044 3961 Christum
3106 3908 3270 3961 Deum
3335 3925 3436 3962 non
3497 3926 3608 3963 esse

2035 4002 2276 4069 probare,
2339 4011 2386 4054 et
2439 3999 2710 4052 ostendere
2738 4010 2945 4054 sanctos
2964 4015 3140 4053 omnes
3171 4008 3219 4054 et
3249 4002 3349 4068 ipsi
3383 4001 3606 4054 Domino

2038 4100 2085 4144 et
2118 4091 2216 4143 sibi
2243 4091 2456 4144 invicem
2492 4106 2796 4156 repugnare.

2114 4202 2202 4272 ιη’.
2246 4204 2595 4271 Παράστασις
2627 4203 2712 4255 διὶι
2749 4205 3032 4270 πλειόνων,
3069 4206 3151 4259 ὅτι
3200 4205 3494 4276 σύμφωνος
3533 4210 3608 4278 τῷ

2039 4295 2357 4364 Βιρλαὰμὸ
2393 4294 2721 4358 ’Λκίνδυνοςο
2789 4299 2883 4349 καὶ
2955 4298 3163 4367 μεταξὺ
3219 4299 3308 4352 διὰ
3367 4300 3610 4369 βραχέων

2041 4389 2320 4458 ἀνασκευὴ
2340 4387 2444 4440 τῶν
2471 4388 2799 4458 ἀμφοτέρων
2821 4390 3129 4458 δογμάτων.
3152 4391 3238 4446 13.
3269 4392 3612 4445 Demonstra-

2043 4483 2114 4534 tio
2141 4480 2377 4548 pluribus
2409 4481 2573 4550 facta,
2623 4482 2760 4550 quod
2813 4483 3119 4552 Acindgnus
3166 4501 3283 4536 cum
3319 4485 3606 4538 Barluamo

2043 4573 2353 4635 consentiat,
2385 4582 2431 4626 et
2456 4573 2636 4641 paucis
2690 4576 2825 4628 inter
2855 4576 2963 4628 lta‘c
3017 4576 3268 4641 refutatio
3303 4578 3610 4652 dogmatnm

2044 4675 2333 4733 utriusque.

2117 4774 2203 4828 ιθ’.
2241 4774 2364 4827 ’Ότι
2394 4772 2552 4843 τὸμὴ
2583 4775 2772 4842 κτιστῇ
2811 4772 3036 4842 δυνάμει
3067 4773 3408 4844 καθορᾶσθαι
3442 4797 3614 4847 πεφυ-

2046 4868 2162 4930 κὸς,
2185 4867 2305 4919 οὐδέ
2340 4866 2578 4920 κτιστόνο
2606 4868 2700 4918 καὶ
2729 4865 2803 4925 ὡς
2828 4867 2892 4918 ἐκ
2919 4865 3027 4928 τῶν
3067 4869 3196 4935 περὶ
3228 4871 3389 4923 αὐτὴν
3447 4872 3614 4939 ὁρῶσι
3641 4864 3650 4872 ”

2043 4962 2136 5014 τὸν
2154 4960 2286 5014 Θεὸν
2309 4960 2402 5012 καὶ
2419 4960 2468 5012 οἱ
2507 4961 2572 5028 τῇ
2623 4959 2850 5028 δυνάμει
2878 4959 2972 5012 τοῦ
2993 4959 3307 5029 Πνεύματος
3354 4964 3613 5032 ὁρῶντες.

2050 5054 2135 5107 19.
2173 5052 2326 5118 Quod
2361 5051 2493 5104 illud
2523 5052 2663 5120 quod
2689 5068 2722 5104 a
2770 5061 2946 5106 creata
2989 5053 3243 5119 facultate
3289 5056 3454 5109 rideri
3513 5075 3615 5109 non

2046 5153 2232 5216 potest,
2265 5153 2500 5198 creatum
2531 5161 2630 5196 non
2660 5145 2832 5207 sit;et
2865 5145 3001 5213 quod
3045 5146 3086 5198 ii
3104 5147 3192 5211 qui
3221 5148 3409 5201 virtute
3443 5148 3616 5217 Spiti-
3681 5175 3685 5183 ·

2047 5250 2131 5293 tus
2160 5237 2323 5290 Deum
2358 5222 2566 5298 vident;
2591 5252 2656 5288 ex
2686 5237 2751 5289 iis
2782 5253 2896 5305 qua:
2929 5239 3070 5292 circa
3095 5239 3385 5293 illumsnnt
3438 5243 3610 5307 ipsum

2046 5335 2270 5386 videant.

2116 5424 2163 5473 κ’
2207 5418 2326 5478 Ὅτι
2344 5417 2494 5469 οὐδὲν
2520 5417 2629 5470 τῶν
2660 5418 2936 5487 αἰσθητῶν
2960 5419 3020 5471 τὸ
3045 5421 3394 5489 περιλάμψαν
3424 5421 3482 5471 ἐν
3506 5419 3613 5471 Θα-

2045 5508 2162 5580 δὼρ
2191 5509 2316 5571 τοὺς
2334 5509 2670 5572 ἀποστόλους
2702 5510 2839 5578 φῶς.
2864 5510 2954 5565 20.
2983 5509 3134 5574 Quod
3155 5510 3327 5564 lumen
3351 5511 3615 5578 apostolos

2046 5601 2321 5655 illustrans
2339 5600 2396 5653 in
2420 5597 2628 5653 Tltabor
2658 5615 2759 5653 non
2772 5616 2837 5654 ex
2850 5616 3023 5654 rerum
3047 5599 3374 5655 sensibilium
3401 5616 3616 5653 numero

2047 5694 2230 5763 fuerit.

2117 5781 2224 5840 κα’.
2257 5783 2463 5854 ’Ύμνος
2489 5783 2569 5847 είς
2601 5780 2732 5836 αὐτὸ
2753 5779 2814 5833 τὸ
2843 5779 2978 5848 φῶς,
3011 5781 3102 5833 καὶ
3131 5779 3202 5840 ὡς
3243 5780 3437 5849 ἀνυψοῖ
3460 5779 3618 5840 τοῦτο

2049 5876 2142 5931 καὶ
2172 5877 2238 5929 τὰ
2258 5874 2530 5937 ταπεινῶς
2581 5872 2893 5943 γεγράφθαι
2941 5872 3068 5938 περὶ
3104 5868 3269 5922 αὐτοῦ
3319 5868 3604 5921 δοκοῦντα.

2053 5971 2140 6024 ‘21.
2187 5968 2422 6038 Hymnus
2449 5968 2498 6018 in
2532 5967 2664 6020 illud
2698 5967 2862 6033 ipsum
2911 5963 3104 6026 lumen,
3162 5972 3211 6015 et
3266 5963 3403 6031 quod
3447 5963 3615 6030 ipsum
