4046 6470
527 535 640 599 819

528 645 698 712 erigat
728 657 788 696 ea
821 657 935 712 qua:
968 640 1206 729 ridentur
1233 644 1505 698 nunzilwri
1542 643 1693 698 modo
1713 644 1778 698 de
1830 643 1926 698 illo
1954 645 2100 699 dicta

531 735 710 789 fuisse.

602 826 708 881 κδ’.
742 829 968 897 Ἕτερος
996 828 1166 895 ὕμνος
1194 828 1274 891 εἰς
1300 827 1433 882 αὐτὸ
1463 828 1524 880 τὸ
1571 826 1708 896 φῶς,
1749 827 1845 880 καὶ⁸
1903 829 2102 900 μετρία

533 921 815 992 προτροπὴ
833 925 942 982 τοῖς
974 922 1267 975 ἀπιστοῦσι
1293 921 1430 991 πρὸς
1452 922 1813 993 ἐπιστροφήν.
1838 922 1931 976 22.
1953 922 2102 977 Alius

535 1014 758 1083 hymnus
795 1019 850 1070 in
881 1018 1015 1071 illud
1051 1019 1220 1085 ipsum
1247 1019 1442 1083 lumen,
1476 1027 1526 1072 et
1583 1019 1857 1074 moderata
1909 1021 2105 1075 adhor-

533 1108 666 1162 tatio
706 1110 990 1164 incredulis
1025 1111 1093 1164 ad
1131 1111 1575 1180 resipiscentiam.

606 1202 730 1255 Ἔτι
752 1202 889 1271 πρὸς
921 1203 988 1256 τὰ
1020 1202 1097 1272 τῷ
1138 1203 1439 1272 Ἀκινδύνῳ
1469 1203 1611 1257 κατὰ
1648 1202 1744 1257 τοῦ
1800 1203 1982 1274 φωτὸς
2003 1205 2105 1274 τῆς

531 1292 758 1363 χάριτος
785 1293 883 1348 καὶ
910 1295 1023 1348 τῶν
1055 1295 1340 1366 πατρικῶν
1367 1297 1724 1366 χαρισμάτων
1744 1313 2105 1368 συγγεγραμ-

535 1384 673 1452 μένα
709 1385 867 1454 λόγος
893 1387 1281 1458 ἀντιρρητικὸς
1307 1387 1580 1458 πέμπτος.
1617 1387 1821 1442 Iterum
1848 1388 2102 1443 adversus

532 1492 596 1530 ea
625 1493 742 1546 qute
772 1479 836 1531 ab
869 1477 1139 1548 Acindgno
1184 1489 1371 1534 contra
1401 1479 1575 1534 lumen
1605 1481 1792 1551 gratias
1821 1491 1868 1535 et
1883 1489 2105 1551 paterna

533 1569 676 1624 dona
707 1573 905 1640 scripta
937 1583 1080 1636 sunt,
1113 1572 1244 1625 liber
1265 1571 1651 1625 Antirrheticus
1675 1571 1914 1642 quintus.

606 1663 690 1716 Τὰ
719 1664 932 1734 κατάμε
941 1681 1032 1734 ρος
1056 1664 1152 1718 τοῦ
1177 1666 1426 1733 πέμπτου
1439 1665 1600 1733 λόγου
1621 1665 1912 1732 κεφάλαια.
1941 1664 2108 1730 Quin-

535 1755 576 1808 ti
601 1754 726 1808 libri
755 1755 929 1818 capita
957 1757 1282 1810 minutatim.

607 1852 680 1901 α’.
711 1845 836 1900 Ὀτι
867 1847 977 1900 τῶν
1013 1848 1232 1916 τυφλῶν
1268 1849 1370 1919 τὴν
1391 1849 1512 1902 κατ’
1548 1848 1804 1918 αἴσθησιν
1867 1848 1992 1918 ὄψιν
2017 1865 2107 1900 τυ-

536 1937 801 2010 φλότερος
830 1940 858 1992 ὁ
897 1940 1204 2004 Ἀκίνδυνος
1225 1941 1323 2012 τὴν
1349 1940 1611 2006 διάνοιαν,
1637 1941 1713 2000 ὡς
1739 1941 1838 1993 οὐκ
1893 1939 2108 2010 ἀγνοῶν

536 2028 748 2096 ἁπλῶς,
777 2029 892 2084 ἀλλ’
921 2031 1089 2100 ἄμφω
1140 2031 1401 2086 ταναντία
1442 2030 1574 2100 περὶ
1605 2030 1699 2084 τοῦ
1731 2031 1877 2084 θείου
1908 2031 2106 2084 διατειο

535 2120 762 2188 νόμενος
790 2120 992 2189 φωτός.
1025 2121 1075 2175 1.
1109 2121 1262 2187 Quod
1288 2122 1353 2176 iis
1371 2123 1460 2191 qui
1489 2121 1772 2175 secundum
1811 2119 2106 2174 sensibilem

536 2211 707 2266 visum
748 2213 874 2268 ειεεὲ
909 2224 1051 2278 sum,
1103 2215 1418 2269 excecatior
1437 2223 1606 2268 mente
1635 2215 1704 2268 sit
1778 2213 2106 2284 Acindgnus,

535 2309 716 2371 utpote
747 2303 838 2374 qui
904 2319 1006 2357 non
1055 2306 1210 2358 modo
1278 2306 1495 2374 ignarus
1521 2305 1613 2369 sit,
1643 2305 1732 2359 sed
1792 2303 1951 2358 etiam
2003 2303 2110 2355 duo

537 2401 812 2454 contraria
842 2400 908 2454 de
936 2401 1112 2456 divino
1145 2401 1344 2455 lumine
1369 2401 1631 2471 proferat.

607 2493 676 2564 β’.
721 2493 938 2564 Ῥήσεις
980 2494 1310 2558 Ἀκινδύνου,
1339 2487 1416 2548 ῶν
1435 2492 1844 2563 ἐξεταζομένων
1879 2489 2112 2559 ἀναφαί-

536 2605 688 2642 νεται
721 2587 812 2642 διὰ
833 2588 1042 2642 πολλῶν
1067 2587 1126 2640 τὸ
1148 2587 1280 2642 αὐτὸ
1312 2585 1426 2656 φῶς
1455 2587 1658 2657 κτίσμα
1682 2585 2110 2646 κατασκευάζων

536 2676 678 2733 εἶναι
711 2680 806 2734 καὶ
837 2679 1028 2734 οὐσίαν
1053 2678 1149 2733 τοῦ
1178 2679 1337 2733 Θεοῦ.
1357 2677 1414 2732 2.
1451 2676 1609 2731 Dicta
1638 2677 1924 2746 Acindyni,
1985 2675 2110 2743 qui-

539 2775 633 2826 bus
654 2771 976 2826 examinatis
1045 2771 1420 2840 comprobatur
1469 2767 1606 2822 illud
1667 2767 1804 2820 idem
1839 2766 2014 2820 lumen
2061 2774 2110 2818 et

537 2872 840 2919 creaturam
866 2874 917 2918 et
966 2863 1246 2917 essentiam
1275 2861 1373 2916 Dei
1401 2876 1514 2916 esse
1537 2862 1836 2914 adstruere.

607 2963 682 3025 γ’.
723 2956 847 3009 Ὅτι
875 2955 962 3009 δῖα
981 2954 1041 3007 τὺ
1067 2953 1482 3022 πολυσήμαντον
1509 2953 1608 3021 τῆς
1629 2950 1724 3004 τοῦ
1745 2949 1880 3004 Θεοῦ
1904 2951 2110 3021 φωνῆς.

539 3048 659 3104 ἐστι
695 3049 794 3119 μὲν
836 3046 912 3110 ὡς
939 3046 1209 3110 ἐδίδαξαν,
1268 3045 1382 3098 ἐστι
1405 3045 1451 3098 δ’
1500 3045 1575 3108 ὡς
1631 3045 2022 3115 ἀπηγόρευσαν
2064 3044 2112 3094 οἱ

539 3143 784 3213 Ιῖατέρες
817 3139 1044 3213 ὁρᾶσθαι
1077 3141 1168 3192 τὸν
1217 3138 1369 3191 Θεόν·
1404 3137 1432 3190 ὅ
1465 3137 1540 3207 μὴ
1564 3137 1746 3200 συνεὶς
1781 3137 1810 3187 ὁ
1873 3135 2114 3189 Ἀκίνδυ-

541 3252 631 3298 νος
653 3233 974 3304 ἐκπολεμῶν
999 3231 1133 3302 πρὸς
1174 3229 1374 3293 ἑαυτὰς
1428 3229 1550 3282 κατ’
1607 3227 1852 3298 ἀλλήλων
1912 3226 2113 3295 χρῆται

541 3330 659 3389 ταῖς
689 3326 797 3380 τῶν
829 3325 999 3393 ἁγίων
1033 3324 1260 3392 φωναῖς.
1289 3323 1342 3378 5.
1375 3321 1529 3386 Quod
1589 3329 1802 3390 propter
1851 3319 2086 3372 diversas

542 3421 681 3476 vocis
719 3419 816 3475 Dei
836 3418 1278 3489 signiﬁcationes,
1329 3414 1522 3469 Patres
1581 3413 1735 3466 modo
1816 3411 2112 3473 docuerint,

542 3511 699 3567 modo
724 3511 1031 3582 negaverint
1061 3508 1226 3563 videri
1260 3523 1410 3576 posse
1430 3507 1631 3572 Deum;
1670 3502 1808 3574 quod
1839 3517 1954 3555 cum
2028 3501 2112 3552 in.

545 3605 801 3677 telligeret
828 3603 1154 3673 Acindgnus,
1184 3586 1488 3656 sanctorum
1509 3598 1720 3652 vocibus
1742 3596 1816 3649 ita
1841 3594 2035 3657 utitur,
2058 3603 2116 3646 ut

543 3715 634 3754 eas
673 3707 858 3752 contra
892 3714 946 3752 se
974 3697 1193 3751 invicem
1229 3710 1462 3764 pugnare
1490 3692 1678 3759 faciat.

613 3789 674 3845 δ’.
706 3787 994 3844 Ὅτιτοῦτ⁹
1023 3788 1153 3842 αὐτὸ
1187 3786 1357 3838 ποιῶν
1380 3786 1473 3837 καὶ
1513 3779 1623 3835 ἀπὸ
1673 3778 1767 3833 τοῦ
1827 3776 1976 3831 ἰδεῖν
2045 3775 2121 3828 δι-

545 3883 686 3952 πλῆν
721 3881 935 3953 ἔχοντος
959 3882 1059 3952 τὴν
1087 3877 1388 3950 σημασῖαν,
1415 3874 1532 3944 ἅμα
1563 3874 1658 3926 καὶ
1681 3871 1777 3942 τὴν
1808 3871 1959 3922 θείαν
1984 3869 2117 3937 πρό-

545 3995 693 4032 νοιαν
716 3976 1059 4046 ἐξελέγχεται
1095 3971 1311 4025 κτιστδν
1339 3965 1575 4038 φρονῶν.
1623 3963 1678 4017 4.
1713 3960 1865 4026 Quod
1890 3959 2120 4030 idipsum

547 4071 873 4142 faciatcirca
904 4067 1115 4121 verbum
1175 4063 1382 4126 videre,
1441 4057 1582 4129 quod
1644 4055 1906 4124 duplicem
1969 4053 2122 4107 habet

547 4163 1010 4233 significationem,
1059 4166 1107 4211 et
1137 4159 1273 4225 quod
1297 4151 1454 4206 simul
1495 4149 1725 4204 divinam
1741 4146 2124 4216 providentiam

549 4264 785 4310 creatam
813 4252 1006 4306 sentire
1033 4256 1313 4318 arguatur.

619 4353 684 4403 ε’.
725 4340 1027 4405 Ἀπόδειξις
1047 4339 1142 4394 καὶ
1173 4337 1301 4406 παρ’
1326 4329 1400 4391 ὧν
1421 4333 1586 4396 αὐτός
1617 4349 1805 4403 φησιν,
1830 4329 1907 4393 ὡς
1949 4328 2008 4382 τὸ
2067 4329 2124 4381 ἐν

550 4431 820 4503 Θαὸωρίῳ
845 4429 1067 4499 λάμψαν
1102 4427 1218 4498 φῶς
1241 4425 1497 4482 ἄκτιστόν
1537 4422 1774 4476 ἐστικαὶ
1817 4421 1919 4473 οὐκ
1965 4418 2126 4470 οὐσία

551 4526 694 4590 θεία,
717 4524 820 4578 κᾶν
847 4523 1008 4584 αὐτὸς
1035 4523 1109 4591 μὴ
1169 4519 1447 4590 βούληται.
1491 4517 1543 4571 5.
1613 4512 2008 4570 Demonstratio
2063 4523 2128 4562 ea:

454 4657 457 4660 -
551 4618 669 4688 ejus
705 4616 861 4671 etiam
891 4613 1048 4667 dictis
1092 4611 1277 4681 petita,
1309 4609 1448 4680 quod
1505 4607 1680 4660 lumen
1728 4607 1784 4658 in
1864 4601 2128 4656 Thaborio

556 4708 763 4779 fulgens
793 4707 1086 4760 increatum
1121 4701 1308 4772 fuerit,
1333 4715 1432 4753 non
1472 4705 1649 4750 autem
1669 4694 1851 4749 divina
1872 4691 2125 4757 essentia,

555 4800 675 4853 licet
698 4798 754 4852 id
786 4798 892 4867 ipsi
918 4796 1131 4849 minime
1163 4793 1392 4861 placeat.

627 4898 705 4955 ς’.
743 4885 1112 4956 Ἐπανάληψις
1141 4883 1243 4952 τῆς
1265 4879 1430 4935 αὐτοῦ
1464 4879 1701 4950 ρήσεως,
1728 4869 1797 4947 ἦς
1827 4876 1988 4929 πάλιν
2019 4873 2130 4939 ἐξει-

557 4983 913 5053 λεγχομένης,
945 4980 1008 5032 τὸ
1038 4981 1141 5048 μὲν
1179 4975 1320 5028 θεῖον
1379 4972 1536 5026 τοῦτο
1592 4970 1708 5040 φῶς
1767 4968 2129 5038 ἀναφαίνεται

559 5077 666 5130 τῶν
706 5073 876 5142 ἁγίων
909 5070 968 5125 ὃν
992 5070 1137 5141 ἱερὸν
1163 5066 1344 5135 θέαμα
1367 5062 1569 5126 κοινὸν,
1612 5061 1774 5124 αὐτὸς
1811 5062 1868 5114 δὲ
1921 5062 2130 5130 μηδένα

557 5168 761 5222 τούτων
785 5164 961 5235 ἀληθῆ
988 5160 1238 5227 θεολόγον
1283 5155 1587 5227 ἡγούμενος
1612 5156 1706 5209 καὶ
1729 5155 1840 5217 τοῖς
1895 5154 2135 5222 εὐαγγε-

557 5262 728 5323 λικοϊς
751 5256 1118 5324 θεσπίσμασιν
1161 5247 1635 5316 ἀντιταττόμενος.
1705 5247 1761 5302 6.
1826 5247 2131 5318 Resumptio

558 5351 709 5405 illius
760 5348 915 5410 dicti,
945 5361 1047 5414 quo
1077 5356 1289 5395 rursum
1309 5339 1606 5408 confutata,
1642 5350 1858 5409 apparet
1890 5340 2128 5393 divinum

559 5443 695 5496 illud
746 5441 925 5494 lumen
966 5451 1082 5490 esse
1127 5442 1433 5489 sanctorum
1488 5447 1701 5486 sacrum
1748 5443 1794 5486 et
1857 5447 2132 5486 commune

561 5529 944 5602 spectaculum,
978 5527 1150 5595 ipsum
1181 5533 1356 5578 autem
1379 5523 1585 5578 nullum
1628 5540 1808 5578 eorum
1837 5540 1954 5579 vere
1983 5525 2132 5578 theo-

563 5627 739 5695 logum
761 5621 1088 5676 existimare.
1121 5633 1182 5671 ac
1230 5617 1540 5686 euangelicis
1597 5617 1828 5671 oraculis
1861 5615 2134 5670 cont-radi-

563 5733 696 5771 τετε.

631 5807 698 5872 ζ’.
722 5807 845 5860 Ὅτι
879 5804 954 5875 μὴ
988 5804 1150 5874 μόνον
1173 5801 1264 5856 νῦν
1288 5802 1390 5873 μὲν
1417 5802 1644 5870 κτίσμα,
1667 5801 1763 5855 νῦν
1796 5802 1849 5854 δὲ
1875 5801 1969 5854 τοῦ
1998 5801 2133 5854 Θεοῦ

561 5899 749 5952 οὐσίαν
765 5898 954 5951 τοῦτον
970 5895 1242 5950 δείκνυσιν
1259 5895 1505 5965 οἰόμενος
1529 5895 1589 5946 τὸ
1604 5894 1738 5959 φῶς,
1763 5892 1900 5947 ἀλλὰ.
1927 5894 2016 5946 καὶ
2033 5893 2133 5945 αὐ-

563 5991 675 6056 τοῖς
734 5989 849 6052 τοῖς
904 5987 1084 6059 τρισὶν
1106 5986 1354 6057 ἀθέατον,
1389 5981 1472 6050 οἷς
1503 5985 1685 6056 μόνοις
1715 5987 1981 6057 πρότερον
2005 5983 2130 6038 θεα-

1762 511 2144 598 GREGORII
2186 541 2510 602 PALAM/E
3658 537 3750 600 διο

2217 649 2311 702 τὸν
2363 648 2681 718 ἀπεφήνατο
2721 643 2996 714 γενέσθαι.
3034 643 3085 696 7.
3122 639 3276 706 Quod
3301 656 3406 695 non
3433 649 3621 695 tantum
3651 660 3749 696 mo-

2217 743 2285 795 do
2335 751 2658 804 creaturam,
2677 738 2833 792 modo
2854 737 3205 791 substantiam
3229 735 3321 790 Dei
3337 735 3635 788 lumenillud
3659 737 3748 789 exi-

2216 835 2434 888 stimare
2468 841 2754 902 arguatur,
2790 830 2882 884 sed
2901 831 3063 884 etiam
3087 846 3116 881 a
3145 828 3307 882 tribus
3332 826 3435 880 illis
3469 842 3563 878 non
3584 827 3749 891 visum,

2212 941 2245 977 a
2295 923 2482 993 quibus
2537 922 2662 976 solis
2720 923 2886 975 risum
2948 919 3108 986 fuisse
3146 920 3292 983 prius
3334 917 3747 986 pronuntiaverat.

2284 1013 2357 1086 η’.
2393 1015 2517 1068 Ὀτι
2545 1014 2638 1067 δύο
2665 1011 3103 1081 προϐαλλόμενος
3133 1011 3413 1079 μάρτυρας
3437 1008 3524 1060 τὸν
3562 1007 3751 1075 Χρυσόο

2218 1127 2415 1179 στομον
2433 1109 2529 1162 καὶ
2560 1107 2651 1160 τον
2681 1106 2941 1173 Θεολόγον
2988 1103 3309 1174 Γρηγόριον,
3365 1101 3458 1155 τὸν
3509 1101 3599 1170 μὲν
3643 1097 3749 1152 καθ’

2214 1201 2407 1253 ἑαυτοῦ
2439 1199 2820 1270 προϐάλλεται,
2873 1197 2964 1251 τὸν
2991 1197 3050 1250 δὲ
3103 1195 3520 1268 χρυσορῤήμονα
3557 1192 3755 1261 Πατέρα

2213 1293 2307 1346 καὶ
2349 1295 2690 1361 συκοφαντεῖ.
2748 1291 2802 1347 8.
2874 1290 3029 1356 Quod
3091 1290 3223 1342 duos
3280 1287 3542 1357 proferens
3621 1292 3756 1336 testes

2215 1384 2648 1456 Chrysostomum
2711 1393 2759 1438 et
2791 1383 3105 1453 Gregorium
3137 1381 3474 1449 Theologum,
3507 1380 3634 1430 hunc
3656 1375 3758 1444 qui-

2217 1479 2332 1530 dem
2363 1487 2545 1531 contra
2587 1494 2640 1530 se
2667 1477 2937 1546 proferat;
2965 1483 3171 1545 patrem
3207 1482 3383 1527 autem
3406 1471 3554 1525 illum
3605 1481 3758 1520 aurcte

2213 1565 2519 1636 eloquentia!
2538 1566 2912 1620 calumnietur.

2287 1654 2352 1709 θ’.
2385 1655 2510 1708 Ὀτι
2537 1655 2612 1718 ὡς
2637 1655 2938 1724 ἀποστερεῖ
2974 1653 3071 1720 τῆς
3089 1650 3185 1705 τοῦ
3250 1649 3399 1720 ἱεροῦ
3426 1646 3594 1715 φωτὸς
3633 1642 3760 1698 ἐκεί·

2215 1763 2306 1799 νου
2333 1746 2460 1808 θέας
2498 1747 2590 1799 καὶ
2616 1745 2744 1808 τοὺς
2768 1746 2845 1815 τῷ
2876 1744 3066 1814 Κυρίῳ
3095 1741 3509 1802 συναναϐάντας
3563 1740 3648 1790 ὲτὶ
3704 1737 3756 1787 τδ
3799 1789 3802 1794 _

2215 1838 2513 1908 Θαϐὠριον.
2581 1838 2634 1893 9.
2665 1837 2817 1904 Quod
2847 1837 2912 1890 ab
2952 1838 3099 1890 illius
3119 1836 3258 1889 sacri
3308 1833 3525 1887 luminis
3586 1831 3762 1884 visione

2214 1933 2496 2003 privaverit
2519 1934 2680 1987 etiam
2710 1948 2818 1996 eos,
2843 1932 2933 2001 qui
2964 1945 3081 1983 cum
3141 1927 3370 1980 Domino
3434 1922 3754 1980 ascenderunt

2215 2027 2269 2080 in
2300 2025 2342 2080 Τ
2345 2025 2642 2080 haborium.

2285 2124 2336 2170 ι’.
2373 2119 2496 2171 ’Ότι
2537 2118 2632 2170 καὶ
2705 2116 2768 2170 τὸ
2847 2116 3074 2185 Πνεῦμα
3138 2113 3198 2167 τὸ
3253 2111 3415 2180 ἅγιον
3444 2107 3502 2172 ἐξ
3533 2099 3604 2159 ὧν
3628 2118 3763 2170 φησιν

2215 2213 2419 2282 κτίσμα
2448 2211 2719 2265 δείκνυσιν
2759 2209 3021 2279 ὑπάρχον.
3055 2207 3142 2261 10.
3175 2205 3331 2271 Quod
3361 2202 3513 2256 dictis
3535 2197 3618 2251 iile
3655 2194 3756 2246 suis

2215 2305 2375 2360 etiam
2434 2305 2697 2375 Spiritum
2760 2313 3005 2358 sanctum
3063 2309 3368 2354 creaturam
3400 2311 3509 2350 esse
3541 2289 3766 2344 declaret.

2291 2405 2376 2453 ια’.
2418 2399 2611 2467 Ἑτέρα
2642 2398 2797 2468 ῥῆσις
2838 2393 3175 2456 Ἀκινδύνου,
3227 2390 3366 2459 παρ’
3391 2383 3456 2460 ἦς
3512 2383 3769 2449 ἐλέγχεται

2217 2495 2309 2548 τὸν
2339 2497 2436 2566 μὲν
2461 2495 2596 2549 Θεὸν
2625 2493 2890 2562 ἀθέλητον
2911 2492 3200 2558 λέγωνκαὶ
3221 2487 3602 2556 ἁνενέργητον,
3636 2495 3693 2529 τα
3721 2476 3769 2527 δὲ

2220 2565 2492 2656 κτίσματα
2514 2585 2688 2656 τούτῳ
2756 2583 3026 2637 συναῖδια.
3061 2581 3147 2635 Η.
3204 2575 3373 2632 Aliud
3404 2570 3650 2640 Acindgni
3703 2565 3773 2617 di-

2224 2690 2382 2745 ctum,
2421 2693 2523 2749 quo
2585 2677 2913 2730 convincitur
2953 2675 3128 2727 dicere
3170 2670 3342 2724 Deum
3378 2670 3487 2721 sine
3534 2661 3776 2716 voluntate

2220 2781 2268 2824 et
2304 2773 2416 2825 sine
2463 2770 2763 2838 operatione
2822 2782 2977 2821 esse:
3016 2774 3294 2818 creaturas
3351 2775 3471 2816 vero
3502 2754 3596 2824 ipsi
3652 2761 3771 2801 catc—

2224 2872 2422 2916 ternas.

2294 2963 2383 3014 ιϐ’.
2417 2956 2644 3023 ’Έτερπιι
2675 2954 2861 3024 ῥήσεις
2883 2949 2977 3003 τοῦ
3011 2946 3197 3002 αὐτοῦ.
3222 2942 3365 3013 παρ’
3387 2937 3461 2997 ὧν
3510 2940 3772 3003 ἐλέγχεται

2224 3052 2432 3112 πάντας
2455 3049 2582 3110 τοὺς
2603 3023 2820 3106 ἐνθέους
2851 3042 3044 3110 λόγους
3086 3037 3343 3100 καὶτοὺς
3372 3033 3552 3092 αὐτοῖς
3601 3023 3774 3096 ὁμολοο

2223 3143 2456 3214 γοῦντας
2487 3139 2782 3199 πολυθέους
2823 3131 3258 3201 ἀποφαινόμενος
3307 3123 3476 3181 εἶναι.
3518 3123 3602 3176 12.
3663 3114 3775 3169 Alia

2223 3235 2456 3305 ejusdem
2475 3231 2641 3294 dicta,
2667 3227 2854 3298 quibus
2881 3224 3126 3294 arguitur
3148 3221 3300 3273 illum
3337 3217 3605 3272 declarare
3620 3219 3778 3262 omnes

2225 3301 2429 3381 divinos
2477 3336 2759 3382 sermones,
2820 3327 2869 3371 et
2896 3317 2986 3387 qui
3009 3315 3148 3383 ipsos
3179 3311 3504 3381 proﬁtentur
3531 3301 3775 3374 potgtheos

2224 3434 2353 3472 esse.
2423 3415 2438 3487 ξ

2300 3515 2388 3578 ιγ’.
2423 3506 2654 3575 Ἕτεραι
2678 3502 2770 3556 τοῦ
2800 3499 2962 3554 αὑτοῦ
2993 3498 3197 3569 ῥήσεις,
3235 3496 3293 3548 ἐν
3323 3489 3429 3557 αἷς
3460 3489 3554 3545 καὶ
3599 3497 3782 3557 μαρτν·

2231 3601 2322 3671 ρία
2355 3600 2418 3652 ἐκ
2439 3597 2548 3651 τῶν
2564 3595 2656 3649 τοῦ
2690 3593 2928 3664 μεγάλου
2955 3587 3255 3652 Διονυσίου,
3278 3587 3416 3640 καθ’
3440 3584 3504 3646 ἃς
3529 3580 3784 3647 ἐλέγχεται

2225 3693 2324 3759 τὴν
2350 3691 2446 3759 μὲν
2499 3687 2595 3741 καὶ
2651 3682 3092 3754 παραχαράττων
3153 3679 3244 3731 καὶ
3289 3671 3778 3746 παρεξηγούμενοςς

2229 3784 2391 3846 αὐτὸς
2424 3781 2480 3834 δέ
2513 3778 2741 3840 πολλοὺς
2768 3776 2923 3837 θεοὺς
2951 3774 3045 3826 καὶ
3075 3771 3279 3833 πολλὰς
3323 3771 3586 3838 θεότητας
3629 3772 3780 3830 πρεσ-

2185 3865 2426 3927 ’6εύιι›ν.
2497 3870 2583 3924 15.
2643 3867 2765 3922 Alia
2824 3865 3054 3935 ejusdem
3119 3862 3289 3927 dicta,
3352 3863 3490 3915 inter
3554 3868 3664 3927 qua:
3718 3852 3784 3902 est

2231 3963 2585 4020 testimonium
2624 3959 2802 4029 magni
2860 3954 3120 4024 Dionysii,
3181 3953 3376 4022 quibus
3435 3949 3680 4004 evincitur
3725 3939 3785 3992 il-

2233 4057 2341 4111 lum
2391 4054 2674 4124 praefatum
2720 4051 2930 4122 quidem
2985 4045 3347 4100 testimonium
3395 4042 3690 4098 adulterare
3743 4035 3786 4081 ϐε

2231 4150 2557 4217 detorquere,
2576 4148 2747 4214 ipsum
2779 4158 2896 4198 vero
2917 4140 3110 4194 multos
3129 4138 3252 4192 deos
3283 4147 3335 4192 et
3367 4135 3560 4190 multas
3588 4130 3787 4186 deitates

2232 4240 2544 4312 prtedicare.

2309 4333 2390 4386 ιδ’.
2438 4330 2636 4401 Ἑτέρα
2672 4328 2828 4399 ρἧις
2859 4325 2952 4379 τοῦ
2981 4323 3167 4386 αὐτοῦ,
3199 4321 3410 4391 καθ’ἥν
3467 4316 3789 4401 ἐξελέγχεται

2236 4400 2658 4486 κατασκευάζων
2674 4420 2748 4488 μὴ
2766 4418 2979 4490 ἀληθῶς
2991 4417 3120 4486 ἡμῖν
3136 4415 3225 4468 τὸν
3237 4413 3374 4467 Θεὸν
3387 4400 3792 4479 ἐπαγγείλασθαι

2235 4517 2297 4569 τὸ
2324 4514 2567 4584 Πνεῦμα,
2587 4510 2826 4565 εὐσεϐῶν
2848 4527 2908 4563 τε
2939 4508 3038 4563 καὶ
3062 4505 3278 4560 ἀσεϐῶν
3334 4502 3541 4574 μεταξὺ
3563 4499 3636 4569 μὴ
3690 4495 3791 4548 δια·

2238 4607 2459 4677 κρίνων.
2493 4605 2580 4659 Η.
2602 4601 2764 4657 Aliud
2779 4601 3014 4671 ejusdem
3057 4599 3281 4662 dictum,
3301 4611 3406 4666 quo
3423 4591 3795 4677 demonstratur

2235 4713 2352 4754 eum
2377 4698 2647 4750 adstruere
2676 4691 2845 4748 Deum
2874 4708 2977 4746 non
3003 4706 3118 4744 vere
3134 4687 3280 4742 nobis
3310 4683 3614 4757 promisisse
3637 4671 3793 4744 Spiri-

2243 4804 2350 4848 tum
2375 4801 2639 4856 sanctum,
2664 4806 2728 4844 ac
2754 4789 2893 4843 inter
2921 4787 3037 4855 pios
3067 4792 3117 4838 et
3149 4782 3338 4850 impios
3366 4793 3471 4832 non
3501 4777 3792 4829 discernere.

2313 4883 2380 4938 ιέ.
2405 4884 2784 4953 Παράστασις,
2826 4879 2907 4931 ὅτι
2945 4876 3014 4930 τὰ
3035 4870 3549 4941 ἐπαναπεπαυμένα
3579 4863 3652 4934 τῷ
3677 4859 3794 4953 Χριῖ

2243 4975 2353 5046 στῷ
2391 4942 2532 5028 κατα
2566 4971 2663 5041 τὴν
2691 4942 3032 5039 προφητείαν
3058 4963 3200 5017 ἑπτὰ
3246 4960 3565 5029 πνεύματα,
3588 4949 3714 5046 αὐτο
3744 4942 3795 4995 τὸ

2240 5038 2471 5136 Πνεῦμα
2501 5063 2561 5117 τὸ
2582 5038 2745 5130 ἅγιόν
2770 5062 2908 5112 ἐστι·
2942 5055 3038 5109 καὶ
3074 5055 3150 5118 ὡς
3177 5051 3340 5106 τοῦτο
3400 5049 3611 5116 κτίσμα
3663 5038 3796 5104 λέγει

2239 5163 2267 5214 ό
2306 5159 2637 5218 Ἀκίνδυνος,
2671 5153 2846 5209 ταῦτα
2882 5151 3062 5218 λέγων
3099 5145 3402 5214 κτίσματα.
3444 5141 3534 5196 15.
3590 5137 3798 5190 Demon—

2241 5251 2454 5315 stratio,
2480 5257 2672 5316 septem
2705 5243 2919 5315 spiritus
2939 5240 3029 5311 qui
3054 5237 3339 5293 secundum
3379 5230 3699 5301 prophetiam
3749 5219 3799 5271 in

2241 5344 2453 5398 Christo
2484 5341 2860 5409 requieverunt,
2889 5347 3004 5387 esse
3026 5331 3198 5397 ipsum
3229 5325 3508 5395 Spiritum
3539 5324 3799 5374 sanctum;

2238 5445 2287 5489 et
2329 5432 2476 5503 quod
2502 5428 2810 5497 Acindgnus
2833 5423 3131 5478 huncdicat
3172 5433 3286 5472 esse
3312 5423 3641 5473 creaturam,
3691 5413 3798 5457 cum

2240 5529 2361 5580 illos
2393 5523 2518 5578 dicit
2555 5537 2665 5575 esse
2691 5527 2988 5574 creaturas.

2315 5617 2411 5682 ις’.
2441 5615 2576 5683 Περὶ
2621 5609 2718 5664 τοῦ
2759 5607 2926 5677 φόϐου
2982 5603 3076 5658 τοῦ
3133 5601 3472 5668 Πνεῦματος,
3518 5587 3796 5683 citri—€01?

2241 5673 2494 5770 καὶνπῶς
2523 5673 2822 5774 ’ἐγγίνεται
2855 5701 2969 5760 τοῖς
2997 5691 3472 5760 καταξιουμένοις.
3525 5683 3614 5776 i6.
3644 5673 3800 5776 Deti-

2241 5816 2384 5854 more
2409 5771 2666 5867 Spiritus,
2707 5791 2962 5862 quidnam
2991 5789 3078 5852 sit,
3105 5793 3162 5839 et
3189 5777 3451 5854 quomodo
3491 5771 3728 5829 adveniat
3749 5771 3798 5816 in

2241 5907 2349 5954 eos,
2377 5889 2471 5959 qui
2495 5888 2610 5956 ipso
2631 5884 2776 5955 digni
2803 5882 3078 5936 habentur.

2321 5980 2409 6045 ιζ’.
2437 5977 2556 6034 Ἔτι
2589 5977 2725 6050 περὶ
2750 5976 2860 6032 τῶν
2894 5972 3034 6029 ἑπτὰ
3068 5959 3396 6042 πνευμάτων
3442 5958 3672 6022 τούτων,
3723 5950 3800 6002 ὅτι
