4046 6456
411 456 514 523 821

409 572 668 636 ἆκτιστα,
696 571 791 624 καὶ
818 567 1123 639 μαρτυρίας
1150 569 1476 640 διασάφησις
1496 571 1629 641 παρ’
1669 566 1984 624 Ἀκινδύνου

412 662 538 719 κατ’
570 662 740 717 αὑτοῦ
775 660 961 724 κακῶς
982 664 1395 731 προαγομένης
1429 663 1489 715 ὲν
1584 660 1832 731 καὶπερὶ
1892 658 1989 712 τοῦ

422 758 604 809 ποιεῖν
638 754 732 807 καὶ
771 754 1034 823 ἐνεργεῖν.
1067 753 1156 807 17.
1195 752 1330 807 Item
1363 754 1428 808 de
1479 762 1677 823 septem
1710 751 1790 804 his
1830 752 1992 820 spiri-

416 846 579 910 tibus,
601 844 742 915 quod
788 843 1011 898 increati
1051 842 1192 909 sintf;
1215 856 1265 899 et
1303 843 1590 899 testimonii
1626 842 1776 898 illius
1812 840 1995 896 decla-

414 937 576 993 ratio.
604 935 745 1004 quod
772 936 1078 1004 Acindynus
1102 945 1291 990 contra
1323 935 1554 1004 seipsum
1586 934 1727 990 male
1747 931 1991 1005 protulit,

412 1028 502 1081 ubi
551 1030 714 1084 etiam
737 1028 866 1099 quid
897 1031 965 1083 sit
994 1029 1166 1098 facere
1194 1038 1245 1082 et
1279 1028 1515 1098 operari.

488 1146 585 1210 ιη’.
618 1138 743 1193 Ὅτι
772 1139 869 1194 καὶ
908 1139 1070 1211 ῥῆσιν
1102 1139 1504 1211 παραχαράξας
1557 1138 1652 1193 τοῦ
1677 1138 1991 1209 Χρυσοστό-

420 1250 523 1304 μου
550 1232 790 1303 Πατρὸς,
821 1234 965 1287 κατὰ
990 1232 1098 1287 τῶν
1149 1234 1514 1306 χαρισμάτων
1529 1231 1625 1286 τοῦ
1676 1231 1997 1302 ὶῐνεύματος

339 1322 344 1327 ’
417 1326 757 1395 προήνεγκεν
785 1327 818 1379 ὁ
854 1325 1186 1390 ’Δκίνδυνος.
1228 1326 1320 1382 18.
1365 1325 1521 1393 Quod
1553 1326 1752 1379 dictum
1812 1321 1996 1376 Patris

418 1414 783 1486 (Σίρι-νεοποιίιί
829 1416 1128 1485 deprauans
1178 1418 1523 1488 Acindynus,
1574 1419 1751 1473 ipsum
1810 1426 1997 1472 contra

415 1510 559 1564 dona
582 1507 817 1579 Spiritus
837 1509 1140 1579 protulerit.

491 1602 577 1657 ιθ¹.
610 1600 869 1665 Ἕκθεσις
918 1602 1016 1655 καὶ
1052 1601 1384 1673 διασάφησις
1446 1602 1695 1674 ἀσφαλὴς
1750 1602 1848 1672 τῆς
1902 1598 1999 1654 τοῦ

418 1695 810 1766 Χρυσοστόμου
834 1695 1048 1767 ρήσεως
1067 1694 1294 1766 ταύτης.
1334 1694 1420 1751 19.
1469 1695 1750 1767 Expositio
1820 1704 1871 1749 et
1909 1709 2001 1748 ex-

418 1789 636 1857 plicatio
670 1796 813 1841 certa
847 1787 1007 1855 hujus
1073 1786 1436 1858 Chryssstomi
1466 1790 1616 1844 dicti.

491 1885 562 1934 κ’.
589 1880 711 1933 Ἐτι
735 1879 1093 1952 διασάφησις,
1123 1880 1209 1945 τίς
1230 1882 1326 1937 καὶ
1351 1880 1489 1952 πρὸς
1518 1881 1694 1945 τίνας,
1736 1897 1829 1934 και
1850 1877 2002 1946 παρὰ

421 1975 587 2036 τινος,
608 1973 677 2044 ἦν
705 1991 871 2045 φησιν
902 1975 961 2028 ὲν
986 1975 1163 2048 ταύτῃ
1188 1978 1254 2047 τῇ
1285 1976 1444 2046 ῥήσει
1485 1973 1865 2046 παραμυθίαν.
1907 1971 1998 2026 20.

321 2110 337 2129 .
423 2066 728 2136 Explicatio
753 2069 964 2136 iterum,
987 2070 1126 2139 quis,
1146 2070 1215 2123 ad
1247 2086 1398 2140 quos,
1431 2080 1478 2123 et
1499 2085 1532 2124 a
1555 2085 1656 2139 quo
1678 2065 2001 2122 consolatio‘

423 2176 539 2215 nem
598 2161 652 2214 in
678 2161 775 2214 hoc
841 2161 982 2214 dicto
1007 2176 1306 2231 expressam
1336 2162 1538 2218 mittat.

495 2281 602 2329 ua’.
632 2276 987 2347 Παράστασις
1014 2277 1080 2329 ὲκ
1105 2276 1335 2346 ταύτης,
1363 2277 1448 2330 ὃτι
1468 2277 1707 2339 καὶτους
1739 2276 2004 2342 ἀπίστους

423 2368 517 2422 καὶ
547 2367 617 2421 τὰ
641 2367 811 2437 ἄλογα
839 2367 949 2423 τῶν
976 2366 1133 2433 ζώων
1164 2369 1259 2422 καὶ
1326 2370 1527 2433 αὐτοὺς
1587 2368 1821 2442 (βαόαίῑ)
1875 2368 2006 2434 τοὺς

423 2457 686 2528 δαίμονας
742 2458 880 2530 μέλη
938 2458 1342 2524 κατασκευάζει
1385 2459 1509 2515 τοῦ·
1539 2460 1781 2532 Χριστοῦ
1832 2459 2008 2515 τελεῖν

437 2546 766 2622 ’Δκίνδυνοω
789 2548 885 2602 καὶ
900 2548 1006 2619 πρὸ
1033 2548 1145 2602 τῶν
1178 2548 1388 2603 πιστῶν
1412 2548 1701 2616 τεύξεσθαι
1752 2550 1850 2619 τῆς
1873 2547 2007 2617 μελ-

424 2638 625 2708 λούσης
645 2640 1003 2708 ὲπαγγελίας.
1035 2638 1129 2695 2|.
1153 2639 1554 2696 Demonstratio
1586 2641 1730 2705 inde,
1751 2639 1891 2712 quod
1921 2641 2007 2695 in-

429 2732 608 2801 ﬁdeles
632 2742 682 2788 et
718 2733 872 2787 bruta
895 2733 1178 2798 animalia,
1210 2744 1259 2788 et
1283 2735 1425 2805 ipsos
1451 2734 1700 2819 ‘(papteh
1746 2736 2008 2790 daemones

427 2824 665 2879 membra
732 2822 935 2879 Christi
957 2826 1126 2897 faciat
1156 2826 1491 2896 Acindynus,
1527 2835 1836 2896 statuatque
1863 2826 2009 2894 ipsos

429 2922 577 2991 prius
607 2937 767 2992 quam
810 2919 991 2989 fideles
1019 2922 1259 2992 futuram
1313 2921 1716 2986 promissionem
1761 2935 2010 2975 consecu-

433 3024 579 3068 ικι-οε
605 3030 740 3069 8888.

501 3105 611 3161 κδ’.
646 3104 993 3178 [lupam-act;
1019 3106 1081 3160 ἐκ
1102 3105 1442 3176 διαιρέσεως,
1479 3104 1604 3161 τίνα
1632 3107 1702 3161 τὰ
1762 3121 2013 3175 πνευμα-

430 3199 562 3253 τικὰ
590 3199 934 3269 χαρίσματα,
990 3198 1084 3253 καὶ
1105 3198 1226 3253 τίνα
1253 3199 1321 3254 τὰ
1368 3198 1444 3271 μὴ
1501 3197 1871 3270 πνευματικά.
1918 3195 2013 3252 22.

433 3291 830 3347 Demonstratio
852 3309 945 3363 per
962 3292 1382 3360 distinctionem,
1410 3307 1530 3364 qua:
1556 3291 1663 3346 sint
1708 3290 2017 3361 spiritualia

436 3383 601 3449 dona,
632 3394 683 3439 et
713 3399 830 3456 qua!
861 3402 963 3440 non
989 3386 1321 3454 spiritualia.

509 3496 615 3567 κγ’.
648 3500 770 3554 Ὅτι
796 3500 899 3554 οὐκ
927 3500 1161 3556 ἄκτιστα
1198 3500 1380 3555 πάντα
1403 3500 1472 3555 τὰ
1512 3499 1866 3572 πνευματικὰ
1920 3516 2019 3570 χα-

440 3591 705 3662 ρίσματα,
737 3592 832 3645 καὶ
850 3593 905 3644 τί
935 3591 999 3645 τὸ
1028 3591 1287 3646 ἄκτιστον
1320 3594 1379 3646 ὲν
1419 3590 1652 3656 τούτοις.
1700 3593 1794 3648 23.
1862 3591 2018 3658 Quod

438 3686 619 3738 omnia
633 3684 942 3755 spiritualia
958 3685 1101 3739 dona
1130 3700 1235 3739 non
1264 3685 1375 3739 sint
1407 3686 1667 3751 increata,
1683 3693 1732 3741 et
1749 3685 2019 3755 quodnam

439 3776 737 3830 increatum
771 3777 839 3830 sit
870 3776 928 3829 in
950 3775 1081 3830 illis.

511 3868 612 3923 κδ’.
647 3867 998 3938 Παράστασις
1026 3867 1117 3922 διὰ
1153 3866 1439 3936 πλειόνων,
1472 3869 1554 3923 ὅτι
1575 3868 1675 3923 οὐκ
1697 3870 1900 3942 ἔστινὴ
1930 3871 2023 3925 οὐ-

443 3960 537 4013 σία
572 3959 664 4014 τοῦ
695 3958 1037 4029 Πνεύματος,
1072 3961 1105 4030 ή
1136 3959 1394 4024 ἄκτιστος
1414 3961 1666 4031 ἐνέργεια
1698 3963 1792 4017 καὶ
1860 3964 2023 4035 χάρις

441 4054 536 4108 τοῦ
595 4055 931 4125 Πνεῦματος.
987 4055 1078 4110 24.
1128 4055 1527 4110 Demonstratio
1586 4056 1825 4126 prolixa,
1879 4056 2020 4126 quod

441 4146 678 4200 increata
729 4147 966 4214 operatio
994 4154 1045 4201 et
1098 4147 1277 4217 gratia
1301 4144 1541 4216 Spiritus
1571 4161 1676 4201 non
1699 4147 1770 4202 sit
1798 4147 2023 4202 essentia

445 4237 681 4305 Spiritus

516 4337 616 4385 κε’.
638 4332 760 4385 Ὀτι
786 4330 974 4395 κακῶς
994 4329 1360 4402 ἐκλαμϐάνων
1386 4333 1416 4386 ό
1457 4333 1769 4397 Ἀκίνδυνος
1786 4332 1848 4387 τὸ
1878 4332 2025 4400 ὅλος

445 4424 540 4479 ἐπὶ
555 4423 652 4479 τοῦ
683 4421 847 4492 Θεοῦ,
880 4423 1188 4495 ὑπέρτερον
1215 4425 1411 4480 ἑαυτὸν
1432 4425 1677 4482 δείκνυσι
1704 4426 1896 4498 (βαϐαὶ
1925 4426 2026 4497 τῆς

442 4516 746 4588 emam!)
778 4517 874 4573 καὶ
899 4514 1070 4572 αὑτοῦ
1125 4517 1220 4572 τοῦ
1241 4517 1502 4590 Χριστοῦ.
1518 4519 1610 4576 25.
1669 4520 1825 4588 Quod
1872 4520 2030 4575 Acin-

443 4608 616 4679 dynus
633 4623 792 4678 prave
804 4607 1069 4677 accipiens
1103 4608 1255 4662 illam
1280 4625 1457 4664 uocem
1483 4612 1772 4667 universus
1807 4612 1862 4666 in
1898 4610 2026 4679 Deo,

445 4703 676 4770 seipsum
703 4698 914 4755 Christo
938 4700 1263 4771 superiorem
1302 4702 1455 4773 (proh
1494 4704 1825 4761 insaniam!)
1850 4712 2032 4759 osten—

444 4793 561 4847 dat.

516 4910 782 4976 κς⁹.Ὄτι
806 4908 1077 4982 διαφόρως
1099 4909 1161 4963 τδ
1201 4908 1348 4974 ὅλος
1388 4908 1482 4963 ἐπὶ
1536 4909 1633 4964 τοῦ
1683 4910 1826 4966 Θεοῦ
1880 4897 2033 4985 παρὰ

445 5004 555 5060 τῶν
592 5005 767 5075 ἁγίων
799 5004 1227 5075 ἔκλαμϐάνεται,
1266 5007 1365 5059 καὶ
1385 5007 1663 5078 ποσαχῶς.
1687 5009 1746 5061 ὲν
1775 4999 1821 5077 ᾧ
1841 5008 2035 5080 ῥήσεις

459 5098 774 5153 Ἀκινδύνου
804 5096 1061 5171 φανερῶς
1097 5096 1478 5164 ἀντιλέγονται
1510 5098 1650 5170 πρὸς
1679 5100 1805 5163 τοὺς
1839 5103 2034 5171 ἁγίους

451 5193 548 5245 καὶ
608 5191 988 5264 βλασφημίαις
1041 5190 1358 5256 ἀλλοκότοις
1414 5194 1870 5264 περιπίπτουσαι.
1939 5193 2032 5250 26.

452 5285 606 5351 Quod
637 5286 737 5340 illa
765 5302 867 5342 vox
913 5286 1206 5342 universus
1268 5286 1322 5340 in
1381 5283 1489 5339 Deo
1536 5302 1569 5338 a
1634 5287 1834 5341 sanctis
1892 5287 2036 5344 varie

451 5377 771 5445 accipiatur,
823 5387 875 5431 et
947 5376 1244 5449 quotuplici
1294 5375 1490 5441 modo;
1540 5374 1633 5430 ubi
1688 5376 1836 5431 dicta
1869 5379 2034 5432 Acin-

451 5471 580 5538 dyni
604 5470 926 5540 aﬂ‘eruntur,
955 5486 1074 5540 quas
1093 5486 1211 5524 cum
1247 5471 1449 5524 sanctis
1482 5468 1607 5524 viris
1646 5478 1885 5540 pugnant
1907 5479 1957 5524 et
1983 5471 2038 5525 in

454 5563 711 5616 absurdos
745 5554 1098 5631 blasphemias
1140 5561 1405 5617 incidunt.

526 5652 632 5718 κζ’.
666 5655 791 5708 Ὀτι
821 5655 1006 5725 διττῆς
1035 5654 1207 5728 οῦσης
1240 5657 1341 5727 τῆς
1393 5656 1487 5709 ἐπὶ
1509 5655 1604 5709 τοῦ
1631 5652 1770 5709 Θεοῦ
1824 5653 2039 5725 διακρί-

463 5761 598 5807 σεως
618 5743 831 5816 ἐδείχθη
858 5745 1011 5815 παρὰ
1028 5747 1139 5800 τῶν
1162 5746 1454 5816 θεολόγων,
1469 5747 1599 5800 ὅταν
1627 5745 1878 5817 περὶτῆς
1907 5745 2040 5815 μιᾶς

462 5830 643 5887 αὐτῶν
666 5832 894 5903 λέγηται
919 5833 980 5887 τὸ
1007 5832 1157 5888 ὅλον
1180 5835 1241 5888 οὐ
1262 5835 1703 5907 συμπεριὸάλλει
1739 5835 1834 5888 καὶ
1859 5832 1958 5904 τὴν
1984 5832 2043 5886 ἐ-

465 5923 629 5997 τέραν
665 5940 680 5957 θ
706 5924 802 5982 καὶ
823 5925 904 5981 ὃτι
937 5928 1035 5998 τῆς
1087 5926 1236 5992 θείας
1301 5928 1609 5999 ἐνεργείας,
1663 5927 1782 5985 ἀλλ’
1830 5928 1891 5983 οὗ
1932 5925 2041 6001 ,τῆς

1224 456 1546 518 OI‘ERUM
1587 454 2069 519 ARGUMENTA
2095 456 2200 517 EX
2236 457 2457 520 CODD.
2496 453 2821 518 COISLIN.

3575 447 3701 520 822'

2105 570 2259 634 θείας
2295 572 2487 636 οὐσίας
2511 572 2732 640 μετέχει
2757 568 2827 621 τὰ
2876 566 2973 621 τοῦ
3013 566 3151 620 Θεοῦ
3205 568 3528 637 μετέχοντα.
3582 566 3678 622 27.

2102 662 2256 729 Quod
2288 679 2407 718 cum
2436 664 2631 734 duplex
2651 665 2721 719 sit
2753 665 2808 717 in
2836 661 2943 717 Deo
2959 661 3297 722 dinstinctio,
3343 660 3686 715 demonstra-

2103 766 2213 810 tum
2265 760 2335 811 sit
2403 775 2436 811 a
2492 756 2766 828 theologis.
2819 759 2958 824 quod
3005 771 3122 809 cum
3176 752 3312 807 illud
3370 754 3687 807 universum

2101 848 2165 903 de
2210 865 2318 903 una
2360 849 2578 915 dicitur,
2637 848 2807 903 altera
2834 864 2939 902 non
2972 847 3135 902 simul
3160 847 3438 913 accipitur,
3469 856 3520 901 et
3551 846 3690 916 quod

2102 958 2164 996 ea
2244 958 2363 1014 quae
2409 941 2520 996 .Deo
2553 942 2901 1013 participant,
2962 940 3153 997 divina:
3219 941 3538 1011 operationi.
3585 957 3691 996 non

2102 1035 2295 1089 divinat
2327 1034 2567 1090 essentiae
2613 1034 2950 1103 participent.

2175 1131 2282 1196 κη’.
2323 1125 2446 1182 Ὀτι
2476 1124 2569 1180 καὶ
2594 1126 2629 1196 ὴ
2654 1126 2769 1187 τοῖς
2798 1124 3008 1189 ὲνθὲοις
3042 1136 3197 1196 παρα
3221 1125 3466 1196 Χριστοῦ
3520 1142 3689 1195 χορη-

2104 1217 2353 1289 γουμὲνη
2379 1218 2541 1288 σοφία
2569 1217 2667 1271 καὶ
2689 1217 2886 1287 ἀρετὴ,
2908 1216 3030 1271 θεία
3058 1216 3154 1271 τοῦ
3181 1216 3330 1270 θείου
3363 1217 3691 1287 Πνεῦματός

2106 1312 2257 1365 ἐστιν
2285 1310 2562 1382 ἐνέργεια.
2587 1309 2681 1367 28.
2720 1309 2876 1375 Quod
2904 1310 3166 1378 sapientia
3210 1320 3258 1363 et
3286 1310 3455 1365 virtus
3482 1328 3512 1361 a
3537 1308 3698 1364 Chri-

2107 1413 2188 1457 sto
2243 1403 2432 1458 divinis
2489 1402 2791 1458 hominibus
2833 1402 2985 1458 data.
3017 1402 3200 1457 divina
3240 1403 3413 1458 divini
3460 1400 3694 1460 Spiritus

2108 1496 2342 1564 operatio
2370 1497 2461 1554 sit.

2183 1587 2309 1642 Ἔτι
2340 1588 2478 1660 πρὸς
2529 1587 2628 1651 τὰς
2669 1589 2750 1659 τῷ
2818 1587 3116 1655 Ἀκινδῦνῳ
3155 1585 3300 1642 κατὰ
3368 1585 3466 1640 τοῦ
3548 1585 3705 1641 θείου

2109 1682 2291 1750 φωτὸς
2372 1681 2470 1735 καὶ
2535 1679 2649 1735 τῶν
2704 1679 2870 1734 θείων
2948 1679 3148 1734 κοινῶν
3228 1679 3530 1749 ἐνεργειῶν
3598 1680 3698 1732 τοῦ

2108 1769 2323 1842 Πατρδς
2384 1771 2477 1823 καὶ
2537 1770 2630 1824 τοῦ
2673 1769 2803 1824 Υίοῦ
2870 1771 2968 1824 καὶ
3028 1769 3121 1823 τοῦ
3174 1769 3333 1839 ἁγίου
3373 1770 3697 1839 Πνεῦματος

2110 1861 2596 1934 συγγεγραμμένα,
2656 1860 2816 1933 λόγος
2844 1861 3231 1935 ἁντιῤῥητικὺς
3285 1861 3466 1924 ἕκτος.
3491 1859 3705 1916 Iterum

2110 1956 2357 2010 adversus
2377 1971 2438 2008 ea
2493 1968 2611 2024 qua?
2626 1955 2690 2008 ab
2714 1953 2986 2026 Acindgno
3011 1964 3194 2008 contra
3217 1952 3451 2007 diuinum
3485 1953 3697 2019 lumen,

2109 2057 2157 2104 et
2205 2063 2504 2102 communes
2552 2047 2883 2117 operationes
2930 2045 3115 2101 Patris
3148 2056 3197 2102 et
3252 2043 3383 2100 Filii
3428 2055 3478 2101 et
3526 2044 3704 2116 Spiri-

2113 2150 2197 2193 tus
2258 2137 2432 2192 sancti
2491 2140 2694 2208 scripta
2716 2147 2861 2200 sunt,
2903 2138 3038 2193 liber
3077 2139 3467 2194 Antirrheticus
3492 2148 3702 2195 sextus.

2181 2228 2264 2282 Τὰ
2281 2227 2599 2298 κατάμερος
2632 2228 2727 2283 τοῦ
2765 2228 2929 2282 ἕκτου
2993 2228 3159 2300 λόγου
3209 2230 3511 2296 κεφάλαια.
3550 2228 3705 2287 Sexti

2113 2320 2236 2375 libri
2265 2322 2444 2389 capita
2469 2320 2802 2377 minutatim.
3200 2318 3203 2321 ’

2183 2417 2255 2467 α’.
2290 2412 2356 2466 Τί
2392 2413 2454 2466 τὸ
2480 2410 2635 2475 τέλος
2660 2412 2929 2480 ἐκατέρου
2960 2412 3139 2479 εἴδους
3173 2413 3447 2485 ἑκατέρας
3488 2415 3705 2484 φιλοσο-

2115 2506 2266 2577 φίας,
2294 2505 2407 2577 τῆς,
2426 2521 2486 2558 τε
2511 2502 2652 2558 κατὰ
2685 2503 2892 2575 κόσμον
2919 2505 3016 2559 καὶ
3054 2505 3153 2576 τῆς
3205 2505 3352 2560 κατὰ
3405 2507 3649 2578 Χριστόν
3684 2522 3703 2537 ⁸

2114 2603 2210 2655 καὶ
2236 2600 2317 2653 ὅτι
2347 2599 2481 2670 περὶ
2513 2598 2714 2666 λόγους
2743 2597 3009 2666 ἑκατέρα,
3040 2599 3104 2653 τδ
3133 2597 3475 2669 ζητούμενον
3502 2599 3536 2662 ἡ
3561 2597 3700 2668 ἀλή-

2117 2695 2257 2748 θεια·
2293 2686 2362 2766 ἦς
2383 2693 2435 2747 oi
2453 2691 2783 2746 ἐκπεσόντες
2832 2690 2894 2755 ἐξ
2922 2691 3173 2763 ἀνάγκης
3205 2691 3284 2763 τῷ
3314 2691 3502 2761 ψεύδει
3543 2707 3706 2762 περι-

2117 2787 2425 2858 πείρονται.
2461 2786 2513 2841 1.
2550 2785 2684 2852 Quis
2715 2786 2786 2840 sit
2834 2785 2957 2853 ﬁnis
2983 2787 3258 2856 utriusque
3287 2786 3478 2853 speciei
3536 2784 3708 2854 philo-

2117 2880 2340 2950 sophiae,
2383 2879 2498 2950 ejus
2552 2878 2758 2934 scilicet
2803 2892 2924 2947 quae
2983 2878 3270 2932 secundum
3321 2881 3583 2932 mundum
3630 2887 3710 2932 est

2118 2984 2166 3029 et
2182 2973 2298 3042 ejus
2313 2986 2434 3043 qua!
2453 2969 2742 3027 secundum
2766 2967 3040 3027 Christum
3060 2978 3139 3033 ;et
3162 2967 3302 3038 quod
3322 2976 3548 3039 utraque
3563 2969 3710 3023 circa

2119 3067 2409 3126 ratiocinia
2448 3074 2685 3120 versetur
2714 3070 2767 3118 et
2814 3072 3021 3134 quierat
3051 3062 3353 3127 veritatem,
3401 3078 3433 3114 a
3459 3077 3567 3131 qua
3616 3061 3713 3131 qui

2118 3160 2413 3219 exciderint
2447 3156 2742 3213 necessarie
2764 3156 2822 3210 in
2850 3154 3125 3210 mendacio
3149 3152 3559 3222 complicantur.

2195 3252 2262 3322 β’.
2301 3249 2440 3321 Περὶ
2467 3249 2569 3317 τῆς
2598 3244 2852 3301 ἐντεῦθεν
2895 3243 3217 3298 ’Δκινδύνου
3269 3242 3706 3313 ψευδογραφίας.

2121 3343 2178 3399 2.
2211 3342 2286 3397 De
2332 3340 2509 3412 prauis
2531 3347 2581 3393 et
2613 3337 2766 3407 falsis
2794 3335 3062 3407 Acyndini
3096 3335 3311 3404 scriptis
3346 3334 3470 3388 inde
3508 3334 3710 3389 ductis.

2192 3432 2266 3504 γ’.
2290 3434 2417 3491 Ὅτι
2443 3432 2503 3497 ἐξ
2540 3423 2618 3487 ὧν
2666 3422 2824 3494 οὗτος
2852 3429 3058 3497 γράφει
3083 3428 3214 3496 περὶ
3237 3425 3333 3480 τοῦ
3356 3428 3415 3479 ἐν
3441 3429 3511 3497 τῇ
3546 3442 3715 3496 μετα-

2128 3526 2414 3598 μορφώσει
2437 3521 2535 3579 τοῦ
2566 3521 2776 3594 Κυρίου
2815 3520 3020 3590 φωτὸς,
3051 3518 3428 3573 ἀνυπόστατόν
3450 3535 3503 3571 τι
3526 3520 3715 3589 φάσμα

2125 3621 2224 3675 καὶ
2250 3617 2473 3675 κτιστδν
2504 3615 2601 3670 καὶ
2619 3612 2885 3679 αἰσθητὸν
2911 3610 3194 3666 δείκνυσιν
3241 3609 3498 3676 οἰόμενος
3553 3609 3710 3665 αὐτόο

2127 3713 2224 3769 καὶ
2274 3710 2425 3783 τρεῖς
2456 3707 2557 3778 μὲν
2611 3703 2807 3775 φύσεις
2839 3703 2985 3774 ἔχειν
3016 3701 3427 3767 κατασκευάζει
3460 3702 3553 3755 τὸν
3580 3703 3716 3772 Χρι-

2128 3805 2280 3873 στὸν,
2334 3801 2431 3856 δύο
2471 3800 2529 3853 δὲ
2577 3798 2865 3867 θεότητας,
2915 3793 3330 3865 ὑπερκειμένην
3363 3794 3461 3847 καὶ
3491 3793 3717 3865 ὑφειμέ-

2127 3915 2228 3969 νην
2274 3894 2419 3951 κατὰ
2472 3892 2652 3948 πάντα
2701 3888 2927 3960 τρόπον.
2972 3887 3027 3944 ‘5.
3080 3884 3236 3951 Quod
3265 3900 3331 3940 es:
3350 3887 3414 3940 iis
3443 3901 3563 3955 qua:
3591 3888 3717 3941 scri-

2130 3992 2208 4046 bit
2234 3989 2299 4044 de
2319 3986 2517 4041 lumine
2549 3981 2754 4039 Christi
2773 3981 2833 4034 in
2857 3977 3431 4047 Transfigurationem,
3453 3985 3720 4046 spectrum

2128 4080 2396 4153 quoddam
2451 4078 2567 4133 sine
2629 4072 2910 4146 hypostasi
2938 4078 3177 4125 creatum
3198 4076 3250 4122 et
3280 4068 3524 4123 sensibile
3542 4068 3719 4138 ipsum

2128 4185 2317 4247 putare
2341 4171 2703 4229 convincitur:
2739 4184 2802 4222 ac
2817 4175 2921 4222 tres
2951 4174 3173 4221 naturas
3207 4163 3481 4220 Christum
3511 4162 3723 4229 habere,

2133 4268 2352 4332 astruit,
2401 4266 2639 4334 duasque
2694 4260 2942 4326 deitates,
3005 4258 3173 4312 aliam
3228 4256 3724 4327 supereminentem,

2133 4364 2302 4419 aliam
2336 4358 2696 4415 demissiorem
2735 4350 3026 4409 secundum
3059 4366 3266 4405 omnem
3293 4351 3532 4405 modum.

2204 4453 2270 4510 δ’.
2318 4451 2703 4523 Παραστασις,
2753 4446 2831 4511 ὡς
2873 4448 2922 4500 εἰ
2976 4445 3073 4499 καὶ
3108 4444 3473 4516 ὑποκρίνεται
3493 4442 3563 4513 τῇ
3626 4439 3728 4510 μιᾷ

2138 4545 2485 4619 συνηγορεῖν.
2520 4539 2638 4597 ἀλλ’
2675 4538 2937 4610 οὐδεμίαν
3001 4536 3263 4593 ἄκτιστον
3324 4537 3355 4588 δ
3412 4533 3726 4593 Ἀκίνδυνος
3776 4550 3784 4557 .

2137 4635 2433 4710 πρεσϐεύει
2454 4632 2711 4701 θεότητα.
2762 4630 2820 4684 4.
2853 4627 3270 4689 Demonstratio,
3332 4624 3476 4693 quod
3509 4622 3726 4677 etiamsi

2138 4747 2192 4785 se
2226 4729 2319 4784 uni
2347 4723 2682 4797 patrocinari
2707 4720 2920 4777 simulet
2943 4719 3282 4788 Acindynas,
3315 4714 3528 4769 nullam
3548 4724 3727 4767 tamen

2104 4830 2110 4838 '
2138 4825 2393 4879 deitatem
2419 4820 2714 4876 increatam
2736 4813 3011 4887 pradicet.

2141 4931 2158 4949 ι
2211 4912 2276 4969 ε’.
2302 4912 2427 4966 Ὅτι
2444 4911 2506 4965 τὸ
2528 4909 2931 4982 ὐπερουράνιον
2954 4906 3052 4961 καὶ
3073 4903 3416 4975 προκόσμιον
3439 4900 3537 4955 καὶ
3555 4900 3731 4967 ὑπερ-

2142 5005 2373 5076 κόσμιον
2402 5003 2519 5074 φῶς
2554 5001 2762 5072 κτίσμα
2787 4995 2931 5055 εἶναι
2977 4995 3395 5062 κατασκευάζει
3416 4993 3515 5047 καὶ
3563 5007 3733 5061 φανε-

2146 5097 2257 5169 ρῶς
2318 5093 2710 5162 ἀποφαίνεται.
2761 5091 2815 5147 5.
2875 5090 3031 5156 Quod
3082 5087 3449 5154 supercwleste
3501 5093 3550 5138 et
3592 5080 3737 5154 quod

2144 5196 2267 5241 ante
2305 5185 2560 5240 mundum
2586 5192 2634 5239 et
2653 5198 2815 5251 supra
2830 5179 3086 5235 mundum
3107 5189 3183 5232 est
3201 5178 3401 5241 lumen,
3427 5183 3743 5228 creaturam

2143 5295 2254 5334 esse
2283 5285 2496 5332 astruat
2525 5284 2575 5330 et
2598 5285 2780 5344 aperte
2795 5270 3049 5327 declaret.

2222 5375 2300 5435 ς’.
2319 5369 2675 5439 Παράστασις
2708 5367 2792 5420 ὅτι
2820 5364 3060 5429 διθεῖτας
3081 5365 3109 5418 ὁ
3140 5361 3459 5417 Ἀκίνδυνοε
3510 5357 3612 5428 οὐχ
3668 5358 3736 5426 ἡ·

2151 5464 2260 5533 μᾶς
2297 5460 2457 5514 καλεῖ
2501 5458 2687 5530 μόνον,
2720 5457 2861 5512 ἀλλὰ.
2894 5466 2989 5511 και
3044 5457 3172 5520 τοὺς
3206 5450 3508 5522 θεοφόρους
3562 5448 3737 5503 Πατέ-

2151 5570 2250 5619 ρας
2283 5552 2376 5605 καὶ
2400 5552 2501 5620 τὴν
2520 5549 3059 5620 καταψηφισαμένην
3086 5545 3180 5600 τοῦ
3211 5542 3483 5614 Βκρλαὰμ
3509 5539 3740 5609 Ἐκκλη-

2151 5644 2275 5698 σίαν
2301 5660 2361 5697 τε
2378 5643 2472 5697 καὶ
2497 5641 2799 5712 βασιλείαν.
2815 5639 2870 5696 6.
2902 5640 3328 5707 Demonstrano,
3348 5635 3489 5707 quod
3506 5631 3739 5702 Acindy-

2151 5755 2249 5792 nus
2301 5753 2405 5791 non
2450 5752 2544 5791 nos
2607 5745 2819 5789 tantum
2879 5733 3130 5787 ditheitas
3199 5740 3384 5796 vocet,
3428 5726 3521 5782 sed
3574 5725 3736 5779 etiam

2151 5830 2383 5900 deiferos
2415 5829 2630 5894 Patres,
2652 5835 2701 5883 et
2738 5825 3034 5882 Ecclesium
3065 5834 3114 5882 et
3143 5823 3426 5905 imperium
3457 5837 3489 5875 a
3541 5816 3743 5889 quibul

2151 5920 2409 5979 Barlaam
2439 5922 2724 5976 damnatus
2777 5919 2901 5986 fuit.

3784 5300 3790 5309 ι

3776 5312 3784 5323 ι

3780 5326 3787 5340 Ι
