4046 6462
509 449 616 517 ὃὲἹ

587 586 642 622 ια
663 609 676 620 .
699 564 835 636 Περὶ
861 564 959 633 τῆς
992 561 1134 617 κατά
1167 560 1290 616 νοῦν
1321 559 1542 631 σχολῆς,
1575 559 1798 612 καὶτῶν
1835 558 1943 612 ἀπὸ
1968 557 2099 610 ταύ-

513 678 614 730 της
648 657 1012 726 τικτομένωνο
1039 657 1098 709 ὲν
1129 648 1174 724 ᾧ
1205 655 1300 708 καὶ
1333 655 1463 724 περὶ¹
1504 653 1650 706 θείου
1703 651 1870 706 πάλιν
1925 667 2099 718 φωτι-

515 754 680 824 ομυῦ,
708 751 802 805 καὶ
829 748 951 803 ὅθεν
978 749 1044 804 ἀν
1074 765 1155 810 τις
1189 748 1632 816 τεκμηριώσαιτο
1662 745 1790 806 τοὺς
1822 741 2100 810 κεκτημέ-

511 864 657 908 νους.
691 845 777 897 11.
810 843 885 897 De
918 843 1027 896 otio
1064 840 1308 908 mentali,
1348 850 1398 894 et
1439 840 1502 892 de
1535 839 1600 892 iis
1631 854 1749 908 qua:
1781 836 1903 890 inde
1929 834 2096 904 proﬁ-

515 939 833 992 ciscuntur:
870 936 961 989 ubi
1025 938 1216 990 iterum
1246 934 1310 987 de
1345 931 1532 986 divina
1585 930 2000 996 illuminatione,
2049 937 2100 984 et

512 1028 655 1084 unde
710 1027 956 1098 cognosci
983 1027 1190 1096 possint
1211 1026 1300 1096 qui
1334 1025 1488 1078 illam
1509 1023 1765 1077 obtinent.

590 1119 678 1176 ιϐ’.
712 1119 838 1174 Ὀτι
862 1121 957 1173 καὶ
989 1118 1227 1190 πονηρὸν
1284 1112 1428 1170 εἶναι
1479 1116 1736 1184 πειρᾶται
1767 1113 2046 1166 δεικνύναι
2077 1112 2105 1164 6

480 1203 481 1206 η
527 1213 837 1277 Ἀκίνδυνος
860 1213 922 1266 τὸ
952 1213 1068 1280 φῶς
1098 1212 1200 1282 τῆς
1231 1210 1324 1264 τοῦ
1359 1209 1568 1280 Κυρίου
1599 1206 2103 1277 μεταμορφώσεως,

515 1306 614 1360 καὶ
664 1307 793 1368 τοὺς
845 1303 920 1375 μὴ
967 1303 1128 1358 τοῦτο
1187 1303 1430 1356 τοιοῦτον
1484 1300 1767 1371 οἰομένους
1841 1298 2104 1368 ἀπείρους

516 1396 658 1452 εἷναί
684 1414 819 1469 φησι
847 1397 948 1461 τῆς
981 1394 1259 1459 ἀπλανοῦς
1291 1392 1704 1464 ’φωτοφανείας
1770 1392 1866 1445 καὶ
1918 1409 2105 1463 παρα·

518 1492 790 1561 κλήσεως*
824 1491 852 1543 6
883 1489 929 1543 δ’
951 1489 1222 1559 ἡμέτερος
1239 1488 1399 1556 λόγος
1431 1487 1573 1542 θεῖόν
1587 1504 1647 1540 τε
1675 1485 1750 1550 ὡς
1773 1484 1988 1556 ἀληθῶς
2013 1487 2106 1538 καὶ

519 1582 663 1653 ὑπὲρ
689 1582 789 1652 τὴν
821 1579 1072 1651 ἀπλανὴν
1125 1580 1244 1651 (sic)
1310 1579 1504 1649 κλῆσιν
1544 1574 1687 1632 εἶναι
1753 1577 1996 1633 δείκνυσι
2045 1576 2108 1630 τὸ

519 1676 666 1730 θεῖον
704 1677 842 1745 φῶς.
893 1674 979 1728 12.
1041 1673 1194 1740 Quod
1221 1674 1531 1744 Acindynus
1594 1672 1769 1726 lumen
1801 1671 2099 1741 trans/igu-

521 1768 748 1821 rationis
779 1767 993 1820 Domini
1045 1765 1246 1819 malum
1281 1782 1392 1820 esse
1443 1765 1812 1819 demonstrare
1861 1773 2104 1829 conetur,

516 1867 568 1910 et
598 1873 684 1912 eos
711 1859 801 1928 qui
831 1856 964 1910 illud
996 1873 1099 1910 non
1130 1857 1237 1910 tale
1269 1872 1381 1910 esse
1411 1863 1625 1925 putant,
1689 1857 1963 1925 imperitos
1997 1871 2109 1909 esse

517 1951 662 2004 dicat
717 1965 898 2004 errore
971 1963 1152 2003 vacua:
1213 1948 1616 2003 illustrationis.
1666 1947 1734 2002 At
1785 1957 1896 2003 vice
1957 1963 2108 2002 versa

517 2059 690 2097 sermo
718 2055 896 2098 noster
925 2061 1042 2099 vere
1072 2044 1313 2098 divinum
1366 2053 1417 2097 et
1455 2045 1738 2113 plusquam
1793 2060 1978 2099 errore
2018 2059 2110 2098 va-

519 2152 674 2192 cuum
698 2137 964 2201 eiusmodi
991 2137 1231 2191 divinum
1258 2152 1371 2190 esse
1399 2137 1754 2192 demonstrat.

595 2234 688 2296 ιγ’.
717 2229 844 2282 Ὅτι
873 2230 1126 2300 ἀφρόνως
1170 2229 1196 2281 6
1239 2229 1546 2291 Ἀκίνδυνος
1590 2230 1768 2283 καὶτὸ
1817 2229 2111 2284 ίδιαίτατον

517 2319 714 2374 ἑαυτοῦ
747 2319 864 2389 φῶς
893 2321 1026 2392 όρᾷν
1055 2337 1190 2390 φησι
1237 2320 1330 2374 τὸν
1387 2321 1454 2375 δι’
1492 2320 1697 2391 ἀρετῆς
1750 2320 2109 2392 κεκαθαρμέ-

521 2426 614 2462 νον
643 2408 770 2463 νοῦν
824 2409 997 2481 χωρὶς
1045 2409 1191 2464 θείου
1250 2409 1559 2481 φωτισμοῦ,
1607 2411 1704 2462 καὶ
1741 2410 2106 2475 κακοϐούλως

523 2501 725 2570 μᾶλλον
753 2500 853 2571 τὴν
891 2501 1061 2570 ἄλλην
1097 2503 1199 2573 τῆς
1250 2503 1431 2574 ψυχῆς
1487 2503 1841 2574 παράκλησιν
1893 2505 2103 2574 ἐκφεύ-

519 2609 641 2661 γειν
662 2592 822 2646 τοῦτο
843 2596 1119 2664 παραινεῖ.
1152 2595 1239 2650 15.
1269 2594 1425 2660 Quod
1455 2594 1615 2649 stulte
1649 2595 1959 2667 Acindynus
1991 2613 2111 2651 eum

515 2686 609 2756 qui
648 2703 740 2754 per
769 2689 1018 2742 virtutem
1049 2698 1335 2758 purgatam
1353 2687 1511 2742 habet
1541 2697 1789 2752 mentem,
1822 2691 2102 2760 proprium

517 2781 619 2835 sibi
675 2783 854 2841 lumen
905 2783 1079 2838 videre
1135 2785 1212 2837 ait
1278 2785 1394 2837 sine
1432 2785 1610 2838 divina
1668 2783 2106 2851 illuminatione;

523 2874 653 2943 quin
711 2875 876 2928 etiam
921 2891 1088 2945 pravo
1151 2875 1374 2930 consilio
1413 2891 1621 2931 omnem
1693 2876 1859 2930 aliam
1917 2878 2112 2932 anime

516 2967 929 3022 consolationem
952 2969 1134 3040 fugere
1161 2970 1430 3026 hortatur.

596 3057 682 3112 ιδ’.
717 3059 843 3112 Ὅτι
868 3059 927 3126 ἐξ
956 3053 1030 3114 ὧν
1079 3060 1175 3115 νῦν
1224 3060 1383 3124 αὖθις
1411 3063 1441 3116 6
1487 3063 1652 3126 αὑτός
1705 3079 1862 3131 φησι.
1900 3063 2110 3123 πάντας

516 3150 646 3213 τοὺς
673 3149 768 3204 ἀπ’
791 3150 990 3215 αἰῶνος
1032 3158 1127 3207 καὶ
1162 3155 1450 3224 προφήτας
1500 3155 1596 3207 καὶ
1644 3154 1982 3229 ἀποστόλους
2016 3154 2113 3206 καὶ

517 3243 796 3313 Πατέρας,
829 3245 922 3299 καὶ
959 3246 1244 3318 μάρτυρας
1295 3247 1750 3314 πεπλανημένους
1815 3241 1958 3300 εἶναι
2013 3245 2112 3299 καὶ

521 3333 835 3403 μεμηνότας
888 3337 918 3389 6
945 3336 1113 3400 τάλας
1137 3337 1452 3407 ἀποφαίνει.
1493 3337 1580 3391 ll.
1617 3335 1769 3401 Quod
1795 3351 1860 3389 ea;
1892 3338 1960 3391 iis
1997 3352 2116 3406 qua:

519 3443 734 3480 rursum
759 3429 910 3493 dicit,
942 3445 1118 3484 omnes
1165 3446 1199 3484 a
1241 3428 1436 3484 sarculo
1475 3429 1780 3498 prophetas,
1825 3426 2113 3496 apostolos,

1749 441 2133 505 GREGORII
2175 441 2500 502 PALAME
3653 453 3742 516 833

2205 557 2468 620 πίστεως,
2500 556 2618 611 ἀλλ’
2674 555 2776 610 ούκ
2833 556 3164 625 ἀποδείξεώς
3229 559 3333 614 εἰσι
3393 561 3620 633 ῥήματα.
3657 566 3742 622 δσα

2205 650 2332 720 παρ’
2355 651 2512 720 ἡμῶν
2535 651 2658 720 περί
2681 667 2739 704 τε
2763 650 2870 704 τῶν
2887 652 3239 720 προφητικῶν
3261 653 3537 724 θεαμάτων
3558 659 3643 714 καὶ
3666 659 3744 715 τοῦ

2206 745 2351 796 θείου
2379 745 2598 812 λέγεται
2649 745 2850 813 φωτός.
2917 746 3009 801 15.
3039 745 3194 812 Quod
3210 749 3370 802 etiam
3398 751 3559 819 ipsum
3582 754 3747 809 divina

2204 835 2598 892 Incarnationis
2631 839 2942 908 mysterium
2964 838 3336 906 calumnietur,
3371 843 3560 908 Corpus
3609 845 3744 901 Chriv

2205 929 2277 984 sti
2304 930 2601 1000 symbolum
2653 931 2869 986 luminis
2932 948 3045 987 esse
3092 933 3291 996 dicens.
3346 938 3752 1005 quemadmodum

2206 1031 2258 1076 et
2289 1022 2592 1076 columbam
2652 1021 2914 1092 Baptista:
2963 1024 3132 1079 visam
3178 1026 3468 1095 symbolum
3523 1028 3750 1095 Spiritus.

2209 1114 2344 1171 Item
2374 1116 2611 1182 docetur,
2657 1133 2998 1187 quacumque
3047 1117 3201 1171 verba
3251 1135 3282 1171 a
3331 1120 3476 1173 nobis
3535 1123 3758 1177 dicuntur

2207 1209 2348 1261 circa
2374 1209 2704 1277 propheticas
2750 1209 2974 1263 visiones
3008 1217 3058 1263 et
3117 1209 3352 1264 dtninum
3404 1212 3590 1279 lumen,
3639 1217 3751 1284 fidei

2207 1309 2385 1354 esseet
2417 1317 2521 1354 non
2555 1302 3062 1358 demonstrationis.

2285 1392 2384 1457 ις’.
2419 1395 2546 1449 Ὅτι
2604 1394 2868 1464 μανιώδει
2904 1396 3082 1469 πλάνῃ
3111 1399 3341 1470 κάτοχός
3371 1401 3515 1452 ἔστιν
3562 1401 3759 1464 είκότως

2209 1487 2393 1551 αὐτὸς,
2421 1488 2491 1559 ἢν
2519 1488 2780 1559 ἀνωτέρω
2808 1488 2916 1542 τῶν
2946 1491 3225 1562 θεοφόρων
3274 1491 3657 1560 κατεψεύσατο.
3686 1493 3758 1547 16.

2210 1579 2366 1644 Quod
2395 1581 2587 1650 furiosi
2616 1582 2813 1635 erroris
2845 1598 2961 1635 vere
2985 1598 3103 1636 reus
3145 1583 3235 1638 ille
3264 1585 3354 1648 sit,
3396 1601 3542 1653 quem
3574 1585 3759 1654 deiferis

2211 1670 2462 1726 Patribus
2486 1689 2650 1742 supra
2677 1675 2998 1728 mendaciter
3026 1678 3296 1745 ascripsit.

2285 1761 2422 1818 Huic
2456 1762 2647 1818 ultimo
2700 1765 2862 1831 capiti
2897 1765 3123 1819 adnexa:
3177 1778 3306 1821 Sunt
3356 1767 3476 1822 dua‘.
3539 1752 3760 1837 Gregorii

2212 1855 2476 1925 epistolae.
2545 1855 2728 1910 Prima
2801 1866 2889 1913 est
2918 1857 2997 1928 τῷ
3064 1860 3385 1931 τιμιωτάτῳ
3417 1861 3474 1915 ὲν
3542 1863 3764 1931 μοναχοίς

2212 1949 2470 2019 Δαμιανῷ
2499 1947 2577 2020 τῷ
2601 1949 2897 2020 φιλοσόφῳ.
2930 1949 3104 2020 Hujus
3135 1954 3352 2008 initium
3391 1969 3514 2009 esu
3564 1955 3764 2026 Ἠνέχθη

2212 2041 2543 2110 πολλαχόθεν
2572 2042 2641 2096 τὰ
2671 2044 2764 2096 τοῦ
2793 2043 3106 2098 ’Ᾱκινδύνου
3134 2048 3274 2115 πρὸς
3306 2049 3454 2118 ἡμᾶς
3515 2049 3764 2118 συγγράμ-

2215 2151 2360 2204 ματα
2390 2142 2496 2188 ete.
2523 2133 2618 2189 fol.
2650 2134 2772 2190 196.
2812 2151 2992 2191 verso.
3017 2137 3200 2192 Altera
3227 2139 3370 2209 πρὸς
3425 2140 3513 2193 τίον
3571 2139 3764 2192 εὐσεϐέ·

2213 2243 2403 2279 στατον
2437 2228 2493 2278 ὲν
2524 2230 2780 2297 μοναχοίς
2810 2227 2978 2298 κυρδν
3015 2227 3334 2295 Διονύσιον,
3371 2232 3578 2287 Initium
3613 2252 3624 2286 :
3658 2233 3764 2301 Τρι-

2209 2319 2288 2372 ῶν
2319 2318 2488 2372 όντων
2551 2318 2660 2372 τῶν
2698 2319 2799 2392 τῆς
2859 2320 3053 2386 ἀθεῒας
3099 2323 3177 2387 ὡς
3221 2325 3404 2378 εἰπεῖν
3469 2325 3628 2394 γενῶν
3676 2333 3763 2378 etc.

2214 2411 2460 2479 fol.{204.

2288 2503 2547 2576 Sequitur
2617 2505 2820 2562 deinde
2868 2505 3085 2571 ἐκθεσις
3105 2507 3201 2562 τοῦ
3256 2510 3372 2564 τῶν
3419 2511 3664 2580 Βαρλαάμ
3689 2507 3767 2562 καὶ

2226 2598 2533 2655 Ἀκινδύνου
2549 2598 2782 2668 δυσσεϐη
2793 2599 2978 2668 μάτων
2995 2600 3288 2656 ἀλλοκότου
3310 2603 3565 2670 πληθύος.
3592 2600 3641 2657 Id
3661 2608 3731 2656 est
3752 2615 3764 2652 :

2215 2692 2492 2759 Expositio
2540 2695 2816 2757 stupenda:
2884 2692 3244 2746 multitudinis
3287 2695 3612 2765 impietatum
3653 2692 3761 2746 Bar-

2215 2785 2380 2839 laami
2409 2793 2456 2837 et
2486 2783 2774 2852 Acindyni.
2828 2783 2900 2838 lbi
2935 2783 3192 2840 videlicet
3245 2801 3474 2842 errores
3516 2785 3768 2841 Barlaamo

2223 2888 2276 2934 et
2336 2877 2628 2949 Acindyno
2692 2875 2957 2944 adscripti
3017 2877 3294 2948 capitibus
3345 2878 3404 2933 41
3463 2888 3768 2948 exponuntur

2213 2968 2599 3040 sigillatimque
2649 2967 2996 3036 rejiciuutur.
3028 2967 3252 3024 Initium
3289 2980 3378 3026 est
3411 2989 3425 3023 :
3484 2967 3766 3024 Ἀποεαλλόη

2220 3060 2360 3133 μεθα
2386 3059 2486 3129 τὴν
2517 3057 2896 3130 ἀσεϐεστάτην
2927 3058 3219 3119 ἀλλόκοτον
3277 3060 3498 3131 πληθὺν
3551 3060 3650 3114 τῶν
3692 3057 3769 3112 τοῦ

2215 3153 2486 3224 Βαρλαὰμ
2554 3150 2649 3204 καὶ
2734 3150 3051 3205 Ἀκινδύνου
3129 3153 3453 3219 κακοδόξων
3516 3152 3770 3223 δογμάτων

2215 3258 2325 3305 etc.
2358 3249 2456 3303 fol.
2479 3247 2606 3300 2H.

2289 3342 2551 3398 Codicem
2581 3342 2820 3410 denique
2850 3339 3058 3396 claudit
3104 3339 3359 3410 ejusdem
3395 3339 3630 3412 Gregorii
3676 3335 3768 3391 vita

2218 3453 2316 3508 per
2341 3435 2685 3490 Philotheum
2721 3433 3119 3505 patriarcham.
3158 3432 3418 3488 Φιλοθέου
3449 3434 3537 3487 τοῦ
3564 3425 3768 3500 ἁγιωτά-

520 3519 715 3574 I’atres
740 3529 788 3575 et
812 3529 1070 3593 martyres
1099 3523 1155 3575 in
1189 3536 1364 3574 errore
1403 3529 1451 3575 et
1487 3521 1716 3590 furiosos
1765 3521 1930 3591 fuisse
1951 3520 2108 3575 miser

2216 3549 2305 3586 του
2341 3531 2436 3584 καὶ
2471 3529 2851 3600 οἱκουμενικοῦ
2877 3527 3220 3598 πατριάρχου
3247 3526 3413 3597 λόγος
3435 3528 3768 3596 ἐγκωμιαστι-

518 3613 612 3666 ἕίίε
641 3612 902 3667 άεσέαιὫι·
2211 3627 2307 3689 κὸς
2335 3625 2416 3688 εἰς
2448 3625 2540 3678 τὸν
2572 3623 2687 3693 βίον
2709 3621 2802 3675 τοῦ
2833 3622 2891 3674 ὲν
2927 3620 3107 3689 ἁγίοις
3139 3621 3356 3691 Πατρδς
3388 3619 3542 3690 ἡμῶν
3580 3617 3768 3687 Γρηγο-

548 3764 554 3768 _
597 3711 679 3758 ιε’.
716 3706 837 3760 Ὀτι
870 3704 1047 3758 καὶτὸ
1075 3706 1173 3777 τῆς
1214 3705 1309 3759 τοῦ
1373 3706 1580 3777 Κυρίου
1639 3705 2111 3778 ενανθρωπήσεως
2219 3714 2335 3783 ρίου
2369 3710 2816 3782 ἀρχιεπισκόπου
2857 3708 3287 3779 Θεσσαλονίκης.
3349 3711 3564 3764 Initium
3598 3725 3611 3762 :
3642 3704 3766 3774 Γρη-

524 3799 826 3869 μυστήριον
855 3798 1155 3867 διαϐάλλει,
1186 3799 1247 3853 τὸ
1264 3799 1424 3869 σῶμα
1459 3798 1554 3855 τοῦ
1579 3799 1817 3871 Χριστοῦ
1841 3799 2113 3870 σύμϐολον
2214 3807 2396 3878 γόριος
2431 3803 2533 3877 μὲν
2573 3804 2601 3857 6
2627 3807 2803 3875 μέγας
2839 3801 3205 3872 πανηγύρεως
3245 3801 3506 3865 ὑπόθεσις
3545 3807 3640 3854 etc.
3685 3792 3765 3849 lol-

519 3884 661 3941 εἶναι
711 3888 886 3957 λέγων
915 3891 1114 3960 φωτὸς,
1140 3890 1217 3956 ὡς
1246 3891 1689 3961 τὴνςὲωραμένην
1719 3891 1798 3961 τῷ
1819 3892 2102 3964 Βαπτιστῇ
2213 3901 2343 3955 ωδ,

518 3983 852 4052 περιστερὰν
891 3983 1162 4046 σύμϐολον
1191 3984 1285 4037 τοῦ
1320 3972 1640 4051 Πνεύματος
1662 4000 1678 4018 ο
1721 3985 1779 4038 ὲν
1810 3976 1856 4052 ᾧ
1883 3985 1981 4038 καὶ
2009 3985 2092 4038 ὅτι

595 4121 781 4178 Codex
814 4120 1004 4190 XCIX,
1037 4123 1164 4177 olim
1198 4123 1406 4189 CCXV,
1433 4124 1812 4196 bombycinus,
1846 4126 1941 4181 XV
1973 4129 2180 4195 seaculi,
2217 4127 2471 4182 foliorum
2503 4122 2629 4178 182.
2667 4120 2824 4177 [uitio
2855 4119 2999 4175 hanc
3057 4128 3245 4176 notam
3280 4119 3495 4191 praefert
3529 4136 3540 4171 :
3573 4110 3765 4168 Βιϐλίαν

521 4216 631 4268 τῶν
664 4215 1088 4284 κατηχουμένων
1137 4217 1234 4286 τῆς
1263 4217 1414 4281 θείας
1445 4220 1538 4272 καὶ
1602 4221 1754 4290 ἱερᾶς
1781 4221 1992 4292 λαύρας
2042 4221 2137 4275 τοῦ
2194 4221 2352 4290 ἁγίου
2394 4217 2552 4288 ὅρους
2597 4216 2692 4269 καὶ
2723 4212 3044 4269 Ἀθανασίου
3097 4215 3316 4286 Πατρός
3365 4212 3534 4285 ἡμῶν.
3598 4210 3652 4263 Id
3680 4213 3768 4266 est.

523 4309 681 4363 Liber
703 4307 1192 4363 catechumenorum
1227 4311 1420 4367 divina:
1457 4331 1520 4368 ac
1542 4330 1714 4372 sacrte
1777 4318 1944 4372 laurus
1973 4317 2143 4370 sancti
2169 4315 2365 4369 montis
2402 4311 2591 4381 (Albo)
2634 4319 2683 4364 et
2719 4309 2906 4364 Patris
2956 4311 3126 4364 nostri
3148 4309 3453 4364 Athanasii.
3478 4306 3542 4390 Et
3573 4306 3620 4360 in
3647 4304 3769 4358 ﬁne:

523 4395 659 4455 Ὠδε
684 4404 878 4473 εἴληφε
923 4406 1103 4477 τέρμα
1141 4407 1202 4460 τὸ
1231 4407 1404 4478 παρὸν
1435 4407 1641 4479 βιϐλίον
1664 4410 1755 4464 διὰ
1774 4409 1957 4480 χειρὸς
1983 4405 2236 4460 Φιλοθέου
2274 4403 2510 4476 μοναχοῦ
2545 4403 2640 4456 τοῦ
2674 4404 2738 4456 ὲκ
2763 4402 3173 4458 Κωνσταντίνου
3197 4403 3426 4466 πόλεως.
3452 4399 3506 4456 Id
3527 4408 3608 4454 est
3641 4414 3654 4451 :
3689 4392 3770 4446 Ηὶι

523 4501 684 4570 ﬁnem
735 4502 933 4572 accepit
964 4505 1061 4556 iste
1098 4503 1229 4558 liber
1255 4521 1348 4574 per
1373 4522 1588 4559 manum
1623 4505 1889 4560 Philothei
1922 4503 2168 4557 monachi
2205 4519 2272 4557 ea:
2336 4503 2466 4556 urbe
2515 4498 3003 4568 Constantinopoli.
3075 4499 3170 4554 Est
3203 4508 3391 4554 autem
3441 4505 3615 4554 tomus
3651 4489 3771 4546 alius

524 4614 750 4666 operum
779 4596 1024 4669 Gregorii
1062 4599 1301 4655 Palamm
1337 4613 1528 4657 contra
1561 4602 1934 4672 Acindynum,
1965 4615 2199 4670 quorum
2241 4597 2410 4653 Index
2449 4597 2684 4652 habetur
2711 4595 2870 4650 initio
2909 4611 2928 4651 :
2958 4595 3130 4663 Πίναξ
3165 4594 3258 4649 τοῦ
3282 4594 3532 4665 δευτέρου
3579 4586 3764 4663 βιϐλίου

523 4699 631 4744 etc.
667 4688 720 4743 In
753 4705 860 4758 quo
888 4691 1176 4759 sequentia
1211 4691 1460 4754 Gregorii
1504 4708 1670 4753 onera
1702 4694 2057 4749 exhibentur.

596 4833 667 4889 α’.
699 4835 996 4903 Ἀπολογία
1036 4835 1457 4908 διεξοδικωτέρα
1497 4837 1636 4908 πρὸς
1668 4839 1796 4900 τοὺς
1825 4838 2114 4908 οἰομένους

525 4926 620 4980 δύο
655 4927 966 4981 δείκνυσθαι
1027 4928 1205 4993 θεοὺς,
1243 4929 1307 4981 ὲκ
1337 4929 1431 4982 τοῦ
1468 4933 1570 4999 τὴν
1607 4930 1857 4984 θεοποιὸν
1908 4931 2118 5002 δωρεάν

527 5019 619 5073 τοῦ
656 5019 970 5088 Πνεύματος
1023 5018 1090 5094 ἧς
1119 5023 1449 5093 ὑπέρκειται
1507 5023 1627 5076 κατ’
1658 5022 1850 5076 οὐσίαν
1901 5024 1929 5076 6
1956 5023 2112 5088 Θεὸς,

527 5113 626 5165 οὐκ
653 5114 918 5184 ἀγένητον
960 5115 1122 5184 μόνον
1151 5116 1369 5178 θέωσιν,
1402 5114 1680 5183 ἁλλάεκαὶ
1730 5115 1964 5186 θεότητα
2008 5116 2116 5170 ὑπὸ

490 5204 636 5257 ισιῶν
656 5205 825 5271 ἁγίων
875 5207 1262 5276 ὀνομάζεσθαι·
1321 5207 1518 5278 ἢπερ).
1578 5205 1745 5261 θείων
1792 5207 2113 5278 ἐνεργειῶν,

531 5298 622 5348 καὶ
646 5297 746 5366 τῆς
772 5298 892 5351 κατ’
909 5298 1083 5360 αὐτὰς
1115 5298 1405 5366 μεθέξεως.
1435 5301 1487 5353 1.
1542 5299 1803 5370 Apologia
1850 5299 2118 5367 prolixior

529 5389 781 5443 adrersus
820 5407 906 5444 eos
929 5391 1020 5459 qui
1071 5399 1259 5458 putant
1287 5392 1420 5446 duos
1454 5393 1661 5445 ostendi
1691 5392 1834 5457 deos,
1879 5395 1926 5447 si
1958 5391 2118 5461 dei/i-

530 5499 650 5534 cum
681 5482 878 5536 donum
908 5480 1162 5551 Spiritus,
1193 5484 1278 5537 cui
1310 5483 1598 5537 secundum
1623 5484 1980 5539 substantiam
2025 5501 2119 5539 su-

531 5573 819 5639 pereminet
854 5571 1018 5635 Deus,
1052 5589 1154 5626 non
1188 5573 1360 5627 solum
1394 5590 1494 5628 non
1528 5574 1673 5643 facta
1704 5576 1998 5645 dei/icatio,
2030 5575 2120 5629 sed

532 5664 692 5716 etiam
719 5663 888 5717 deitas
945 5680 980 5717 a
1024 5666 1228 5720 sanctis
1262 5667 1599 5731 nominetur;
1654 5676 1748 5720 aut
1807 5667 1871 5722 de
1929 5668 2122 5721 divinis

535 5757 952 5824 operationibus,
983 5768 1031 5813 et
1065 5759 1128 5814 de
1158 5760 1573 5831 participatione
1604 5762 1896 5815 secundum
1949 5759 2118 5831 ipsas.

538 5845 758 5901 initium
787 5865 801 5902 :
837 5850 899 5902 Ei
927 5851 1027 5920 μέν
1059 5851 1142 5915 τίς
1195 5853 1345 5908 ἐστιν
1375 5857 1401 5909 6
1436 5855 1574 5925 προς
1627 5853 1898 5925 τοσαύτην
1929 5855 2128 5923 ἐκτρα-

541 5938 662 6001 πεὶς
697 5938 900 6008 τόλμαν
927 5954 1032 5998 clc.
1069 5942 1181 6000 Fol.
1213 5945 1265 6002 2.

2301 4838 2364 4906 β.
2395 4836 2531 4906 Περὶ
2558 4834 2705 4898 Θείας
2733 4833 2830 4886 καὶ
2862 4829 3116 4886 θεοποιοῦ
3150 4830 3441 4902 μεθέξεως,
3471 4830 3503 4900 ἢ
3533 4825 3654 4896 περί
3689 4822 3768 4890 τῆς

2226 4932 2374 4993 θείας
2424 4930 2518 4983 καὶ
2565 4926 2884 4999 ὑπερφυοῦς
2935 4925 3259 4993 ἁπλότητος.
3290 4924 3341 4978 2.
3406 4923 3479 4976 De
3525 4920 3697 4974 divina
3728 4919 3770 4965 et

2225 5025 2414 5094 dei/ica
2445 5021 2877 5090 participatione,
2913 5035 3006 5072 seu
3036 5018 3101 5070 de
3121 5017 3301 5071 divina
3331 5027 3370 5071 et
3404 5002 3768 5094 supernaturali

2226 5092 2592 5184 simplicitate.
2656 5109 2877 5165 Initium
2911 5125 2924 5163 :
2957 5111 3093 5180 Φέρε
3137 5109 3203 5179 δὴ
3260 5107 3550 5179 προθῶμεν
3584 5100 3670 5154 νῦν
3719 5092 3770 5184 ab

2226 5183 2339 5264 ὐπὸῗ
2365 5205 2695 5279 ἀμφοτέρων
2735 5201 2990 5274 φανερῶς
3046 5201 3340 5272 λεγόμενον
3385 5209 3490 5254 etc.
3552 5192 3662 5250 FOL
3718 5183 3769 5238 I9

2229 5314 2290 5354 νο
2299 5314 2406 5354 1⁵5οι

2407 5476 2513 5532 Τοῦ
2562 5477 2726 5531 αὐτοῦ
2773 5475 2932 5545 λόγος
3007 5475 3214 5547 τρίτος,
3264 5475 3342 5528 ὅτι
3394 5467 3646 5540 napi“?
3691 5455 3768 5547 ni

2241 5571 2552 5633 ’Λκίνδυνός
2593 5573 2733 5625 εἰσιν
2775 5571 2825 5624 οἱ
2856 5545 3270 5640 διχοτομοῦντες
3293 5563 3476 5626 κακῶς
3515 5560 3673 5616 ὅντως
3689 5545 3767 5602 καὶ

2227 5662 2403 5725 ἀθέως
2434 5662 2513 5725 είς
2546 5660 2639 5714 δύο
2661 5660 2884 5725 ἀνίσους
2910 5660 3178 5731 θεότητας
3203 5659 3305 5730 τὴν
3324 5655 3491 5709 1μίαν.
3521 5651 3573 5705 5.
3624 5642 3766 5738 Elui:

2229 5757 2347 5809 dem
2382 5755 2515 5808 liber
2549 5754 2759 5821 tertius,
2815 5754 2956 5825 quod
2986 5753 3245 5808 Barlaam
3309 5757 3360 5803 et
3418 5743 3767 5825 Acindy"“‘_"

2229 5851 2363 5910 sint,
2419 5848 2510 5916 qui
2543 5863 2708 5901 unam
2762 5848 3016 5901 deitatem
3057 5846 3113 5900 in
3157 5845 3291 5898 duas
3345 5853 3460 5894 vere
3515 5821 3766 5898 inatquam

2228 5959 2499 6011 perperam
2533 5951 2580 5997 et
2610 5942 2770 6010 impie
2800 5942 3114 5997 diviserunt.
3169 5937 3391 5995 Initium
3426 5926 3590 5988 ιταῖς
3630 5929 3771 5972 πνειν
