4046 6476
425 515 532 580 829

430 625 812 698 ματοκινήτοις
864 621 972 676 τῶν
998 619 1167 690 ἁγίων
1196 620 1454 692 Πατέρων
1490 621 1744 691 ἑπόμενοι
1797 620 2006 691 ψήφοις

425 732 534 774 etc.
563 716 679 770 Fol.
708 715 799 779 29,
824 727 1007 767 verso.

495 808 560 861 δ’.
592 806 838 870 Διάλεξις
868 805 1151 872 όρθοδὸξου
1189 805 1330 875 μετὰ
1395 804 1808 875 Βαρλααμίτου,
1833 803 2007 857 κατάο

431 916 595 968 μερος
645 898 1098 962 ἀνασκευάζονται
1163 898 1262 967 τὴν
1311 898 1722 968 Βαρλααμίτιδα
1773 897 2002 962 πλάνην.

426 990 486 1047 4.
524 989 781 1060 Dialogus
841 990 1119 1043 orthodoxi
1176 1005 1292 1043 cum
1326 989 1686 1052 Barlaamita,
1740 1005 1842 1060 quo
1871 987 2013 1042 Bar-

369 1080 378 1087 ’
426 1081 733 1163 laamiticus
765 1097 916 1134 error
953 1083 1258 1134 minutatim
1286 1081 1570 1149 refutatur.
1596 1081 1810 1136 Initium
1836 1097 1850 1134 :
1892 1080 2015 1148 Ὀρ-

428 1176 661 1243 θόδοξος.
695 1177 907 1232 Μαθεῖν
935 1177 1236 1247 ἐϐουλόμην
1270 1177 1397 1248 παρ’
1437 1177 1592 1247 ὑμῶν
1643 1176 1753 1230 τῶν
1789 1173 2014 1244 ζητούν-

432 1287 541 1322 των
563 1269 659 1322 καὶ
689 1269 1126 1322 ἐπεκδικούντων
1150 1268 1217 1321 τὰ
1251 1268 1488 1338 λείψανα
1525 1278 1629 1323 etc.
1663 1267 1782 1322 Fol.
1809 1267 1899 1321 37.

504 1359 566 1414 ε’.
597 1358 704 1412 Τοῦ
728 1357 896 1412 αὐτοῦ
929 1359 1216 1430 όρθοδόξου
1255 1360 1581 1429 Geocpdtvou;
1597 1357 1839 1422 διάλεξις
1868 1355 2010 1428 πρὸς

431 1451 522 1503 τὸν
554 1451 660 1504 ἀπδ
683 1450 1080 1523 Βαρλααμιτῶν
1113 1451 1521 1521 ἐπιστρέψαντα
1553 1451 1843 1519 Θεότιμον.
1872 1451 2007 1505 Θεο-

434 1543 630 1612 φάνης,
659 1542 694 1613 ἢ
726 1543 858 1614 περὶ
900 1542 1154 1614 θεότητος
1183 1546 1278 1597 καὶ
1309 1542 1401 1597 τοῦ
1431 1546 1552 1597 κατ’
1613 1542 1781 1615 αὐτὴν
1809 1542 2011 1610 άμεθέ-

435 1653 563 1689 κτου
594 1653 654 1690 τε
679 1635 772 1690 καλ⁵
805 1635 1090 1706 μεθέκτου.
1120 1637 1172 1691 5.
1200 1637 1448 1704 Ejusdem
1503 1636 1785 1690 orthodoxi
1844 1635 2011 1690 Theo-

435 1729 626 1798 phanis
655 1729 899 1797 dialogus
923 1744 1040 1782 cum
1066 1745 1124 1782 eo
1147 1729 1237 1798 qui
1263 1745 1325 1782 ea:
1349 1727 1704 1782 Barlaamitis
1733 1743 2009 1782 conversus

438 1820 615 1889 fuerat
651 1818 944 1874 Theotimo.
975 1818 1313 1889 Theophanes
1343 1821 1446 1874 sive
1484 1820 1550 1873 de
1594 1821 1812 1880 deitate,
1869 1826 1918 1873 et
1943 1819 2010 1873 de

437 1927 498 1966 eo
530 1912 670 1982 quod
703 1927 806 1964 non
853 1911 1168 1980 participari
1216 1911 1294 1965 vel
1329 1912 1646 1979 participari
1675 1926 1742 1965 ea:
1771 1910 1868 1965 illa
1917 1926 2010 1979 po-

439 2012 558 2056 test.
590 2002 808 2056 Initium
842 2019 857 2056 :
903 2000 1228 2070 Ἐπεσκέψω
1261 2001 1401 2055 κατὰ
1428 2001 1656 2055 σεαυτὸν
1684 2001 2004 2072 γενόμενος,

439 2095 636 2162 ἁδελφέ
659 2094 888 2164 Θεότιμε
913 2103 1019 2150 etc.
1045 2092 1160 2150 Fol.
1204 2093 1272 2148 58
1304 2109 1484 2151 verso.

513 2185 590 2252 ς’.
613 2185 912 2249 Ἀντίθεσις
941 2184 1076 2255 πρὸς
1100 2184 1136 2239 ἃ.
1159 2185 1456 2255 συνέθηκεν
1473 2186 1502 2238 6
1547 2186 1850 2252 ’Λκίνδυνος
1874 2186 2012 2242 κατὰ

440 2277 538 2332 τοῦ
569 2277 806 2346 Παλαμᾶ
829 2277 1010 2347 δῆθεν,
1044 2277 1120 2338 ὡς
1165 2276 1384 2346 ἀληθῶς
1429 2277 1485 2330 δέ
1516 2277 1662 2332 κατὰ
1709 2278 1809 2348 τῆς
1855 2279 2012 2332 εὐσε-

443 2369 598 2434 ϐείας
627 2369 798 2439 αὐτῆς
831 2370 925 2422 καὶ
952 2368 1059 2422 τῶν
1081 2367 1324 2422 εὐσεϐῶν
1346 2369 1606 2424 ἁπάντων
1629 2386 1646 2402 ⁶
1679 2369 2012 2438 έκληφθεῖσα

447 2461 599 2531 παρὰ
626 2460 904 2530 διαφόρων
941 2460 1037 2513 τοῦ
1086 2459 1322 2528 Παλαμᾶ
1370 2459 1545 2527 λόγων
1579 2461 1672 2513 καὶ
1701 2463 2014 2529 περιστᾶσα

451 2552 665 2619 σαφῶς,
691 2552 776 2605 ὅτι
824 2551 895 2605 τά
919 2549 1072 2620 παρὰ
1122 2550 1219 2603 τοῦ
1277 2549 1587 2605 Ἀκινδύνου
1621 2551 1759 2622 πρὸς
1787 2569 2016 2619 συνηγο-

450 2643 574 2713 ρίαν
603 2641 808 2696 οἰκείαν
837 2644 899 2695 ἐκ
931 2641 1040 2694 τῶν
1070 2641 1351 2710 πατρικῶν
1376 2640 1549 2705 λόγων
1577 2641 1674 2694 καὶ
1706 2641 1839 2710 παρ’
1891 2641 2017 2694 ἐαυ-

447 2733 541 2789 τοῦ
589 2732 1006 2803 προϐαλλόμενα
1067 2731 1128 2785 οὐ
1180 2730 1605 2801 συνηγοροῦσιν,
1658 2729 1796 2784 ἀλλὰ
1844 2747 2016 2800 κατη-

449 2825 703 2896 γοροῦσιν
734 2824 919 2879 αὐτοῦ.
947 2821 1002 2877 6.
1039 2821 1325 2877 Antithesis
1355 2832 1537 2876 contra
1565 2837 1626 2875 ea
1657 2837 1773 2892 qum
1793 2819 2020 2890 Acindy-

453 2937 551 2974 nus
583 2917 876 2987 composuit
904 2915 1155 2970 adversus
1197 2914 1498 2978 Palamam,
1517 2912 1608 2968 sed
1637 2929 1815 2968 revera
1835 2921 2020 2966 contra

452 3012 697 3080 pietatem
727 3011 892 3079 ipsam
947 3024 995 3062 et
1025 3015 1212 3062 contra
1268 3007 1381 3076 pios
1437 3021 1640 3072 omnes,
1669 3011 1912 3071 excerpta
1956 3017 2021 3056 ea:

456 3106 672 3158 diversis
732 3101 968 3155 Palamee
1033 3099 1205 3162 libris,
1261 3110 1309 3152 et
1350 3096 1490 3151 clare
1537 3096 1902 3150 demonstrans
1953 3109 2017 3147 ea

459 3211 574 3264 qute
611 3193 673 3248 ab
703 3193 979 3262 Acindyno
1011 3191 1078 3244 ad
1113 3189 1199 3245 sui
1247 3189 1604 3258 defensionem
1645 3186 1854 3256 prolata
1901 3194 2024 3240 sunt

463 3300 576 3340 tum
618 3301 683 3339 ea:
709 3283 816 3339 SS.
854 3282 967 3337 PP.
1000 3293 1111 3337 tum
1138 3297 1202 3336 ea:
1227 3281 1396 3348 seipso
1444 3296 1548 3334 non
1579 3279 1733 3334 illum
1777 3293 2021 3349 purgare.

461 3376 552 3431 sed
592 3377 649 3430 in
686 3375 882 3429 crimen
949 3388 1154 3427 vocare.
1229 3369 1562 3426 Huic-libro
1608 3369 2017 3439 praemittuntur

465 3466 800 3537 singulorum
856 3467 1093 3533 capitum
1155 3471 1492 3533 argumenta,
1524 3475 1642 3530 qua:
1676 3461 1764 3516 hic
1824 3459 2028 3516 exscri-

464 3561 639 3614 benda
670 3555 948 3612 duximus.

534 3651 616 3704 Τὰ
639 3651 955 3720 κατάμερος
980 3647 1076 3701 τοῦ
1105 3646 1267 3714 λόγου
1311 3645 1604 3714 κεφάλαια.
1663 3641 1812 3696 Libri
1855 3641 2028 3713 capita

467 3756 560 3809 per
583 3751 780 3810 partes.

537 3839 606 3888 α’.
639 3832 760 3885 Ὅτι
787 3829 846 3897 ἐξ
887 3827 1221 3900 ἀμηχανίας,
1244 3830 1387 3882 κατὰ
1433 3826 1532 3893 τῆς
1561 3824 1879 3896 ἐπιγραφῆς
1933 3823 2032 3894 μό-

467 3943 564 3994 νης
595 3923 625 3976 6
659 3922 964 3985 Ἀκίνδυνος
993 3922 1336 3992 ἐπεχείρησε·
1370 3921 1466 3973 καὶ
1486 3919 1562 3982 ὡς
1594 3919 1653 3984 ἐξ
1678 3913 1753 3971 ὧν
1818 3915 2031 3972 ἐνταῦθ’

470 4012 622 4080 οὗτος
683 4016 907 4084 γράφει,
939 4013 1182 4083 διθεῖτης
1237 4011 1311 4066 ὣν
1353 4015 1448 4065 καὶ
1489 4009 1764 4080 ’Δρειανδς
1806 4007 2037 4076 ὑποφαί-

471 4127 644 4164 νεται.
685 4098 735 4164 ί.
767 4104 922 4172 Quod
950 4120 1068 4158 cum
1097 4103 1243 4157 aliud
1274 4120 1378 4158 non
1407 4111 1602 4172 posset,
1640 4099 2034 4169 inscriptionem

471 4211 522 4256 et
557 4199 767 4254 titulum
793 4195 964 4250 solum
991 4196 1296 4266 Acindynus
1333 4209 1608 4265 aggressus
1655 4192 1762 4254 sit;
1802 4199 1851 4245 et
1890 4190 2034 4260 quod

471 4306 536 4344 ea:
566 4292 631 4344 iis
655 4305 769 4358 qua:
800 4284 1028 4353 hocjoco
1058 4286 1263 4350 scribit,
1299 4285 1520 4339 ditheita
1547 4291 1595 4338 et
1631 4282 1867 4336 Arianus
1897 4295 2040 4334 com-

470 4382 718 4452 probetur
747 4397 880 4436 esse.

544 4473 612 4542 β’.
645 4472 741 4525 Ἐκ
766 4469 876 4523 τῶν
903 4469 1009 4523 ὑπὸ
1037 4466 1132 4522 τοῦ
1162 4467 1398 4539 Παλαμᾶ
1418 4464 1872 4539 προϐεϐλημένων
1904 4480 2040 4534 μαρ-

471 4565 676 4635 τυριῶν
701 4563 766 4625 ἃς
793 4563 1008 4624 πλάσας
1060 4562 1359 4633 παρέλιπεν
1389 4561 1418 4613 6
1466 4558 1794 4619 Ἀκίνδυνος,
1826 4555 2036 4623 ὀλίγαι,

476 4652 606 4724 παρ’
655 4645 730 4708 ὧν
821 4651 1021 4719 εὐσεϐῆ
1105 4649 1174 4703 τὰ
1252 4648 1348 4702 τοῦ
1417 4646 1687 4716 έΠαλαμᾶ
1766 4647 2040 4701 δείκνυται

476 4745 667 4800 καὶτὰ
720 4744 813 4798 τοῦ
858 4738 1165 4795 Ἀκινδύνου
1225 4736 1531 4802 κακοδόξως
1584 4737 1797 4808 ἔχοντα.
1847 4737 1903 4790 2.
1956 4733 2043 4789 Ea:

479 4835 791 4889 testimoniis
834 4845 953 4903 qua:
1026 4827 1281 4882 Patamas
1341 4827 1636 4896 protulerat
1665 4837 1716 4881 et
1781 4842 1896 4896 quia
1951 4840 2044 4893 per

477 4923 951 4979 dissimulationem
1000 4918 1411 4989 praztermiserat
1475 4917 1804 4987 Aeindgnus,
1872 4931 2045 4985 pauca

479 5017 792 5084 a/feruntur,
829 5012 1015 5080 quibus
1061 5011 1153 5079 pia
1198 5006 1486 5062 Palamam
1546 5009 1759 5069 sentire,
1797 5009 2036 5078 Acindy-

481 5125 607 5163 num
636 5122 756 5160 vero
781 5119 998 5175 pravam
1028 5101 1166 5155 tueri
1213 5099 1508 5153 doctrinam
1539 5098 1956 5154 demonstratur.

549 5209 621 5269 γ’.
656 5201 870 5270 Ῥήσεις
897 5196 991 5251 τοῦ
1031 5194 1343 5250 Ἀκινδύνου
1393 5194 1672 5248 δεικνῦσαι
1743 5195 1842 5266 τὴν
1879 5193 2046 5249 αὐτοῦ

481 5292 661 5359 δόξαν,
701 5292 796 5344 καὶ
827 5288 1130 5351 ἀντιθέσεις
1153 5285 1293 5356 πρὸς
1319 5285 1522 5348 ταύτας
1549 5286 1881 5354 Εὐνομιανὺν
1923 5286 2050 5339 τοῦ·

483 5401 574 5437 τον
604 5380 1008 5451 ἐξελέγχουσαι·
1052 5377 1150 5432 καὶ
1203 5364 1301 5430 ὄτι⁶
1325 5381 1657 5447 προσωπείῳ
1695 5377 2047 5447 χρησάμενος

483 5472 563 5542 τῷ
597 5471 850 5542 Παλαμᾷ,
872 5469 1017 5524 κατὰ
1054 5467 1152 5522 τοῦ
1193 5468 1328 5521 Θεοῦ
1373 5468 1467 5522 καὶ
1503 5467 1613 5520 τῶν
1650 5467 1822 5534 ἁγίων
1869 5465 2046 5536 κεχώ-

489 5581 680 5639 ρηκεν.
730 5565 787 5622 5.
834 5564 991 5618 Dicta
1050 5562 1334 5633 Acindyni,
1375 5563 1566 5630 quibus
1619 5563 1733 5631 ejus
1806 5561 2050 5616 doctrina

487 5654 800 5719 ostenditur,
823 5662 872 5707 et
905 5653 974 5706 ad
1008 5668 1070 5706 ea
1095 5652 1477 5721 responsiones,
1528 5651 1714 5721 quibus
1757 5648 2052 5729 Eunomia-

483 5766 590 5804 ~nus
619 5765 733 5803 esse
774 5749 1036 5818 arguitur.
1077 5745 1146 5800 Et
1198 5745 1336 5812 quod
1392 5761 1670 5813 personam
1726 5744 2052 5814 praetendens

493 5837 751 5900 Patamte,
790 5844 974 5890 contra
1007 5834 1170 5888 Deum
1193 5845 1240 5889 et
1257 5844 1468 5889 sanctos
1498 5833 1764 5901 procedat.

565 5925 633 5980 δ’.
671 5925 796 5979 Ὅτι
821 5923 1078 5988 όπλάσας
1117 5923 1308 5994 ἑτέραν
1337 5923 1649 5995 ἐπιγραφὴν
1686 5922 1779 5977 ἐπὶ
1822 5922 1916 5979 τοῦ
1943 5922 2045 5980 αὖ·

1275 511 1589 573 ΟΡΕΒΗΜ
1623 511 2103 574 ARGUMENTA
2143 515 2245 575 EX
2271 513 2488 577 CODD.
2533 515 2854 577 COISLIN.

3570 518 3682 582 830

2122 625 2215 678 τοῦ
2249 625 2435 694 λόγου,
2467 625 2588 679 κατ’
2615 627 2784 696 αὐτῆς
2818 626 2980 680 πάλιν
3042 627 3205 692 αὐτὸς
3243 629 3431 700 χωρεῖ,
3477 629 3574 684 καὶ
3613 631 3682 686 δι’

2117 717 2292 787 αὐτῆς
2323 718 2466 773 κατὰ
2496 719 2606 772 τῶν
2630 719 2828 772 ἐνθέων
2861 719 3143 786 θεολόγων.
3187 723 3238 776 4.
3283 721 3439 788 Quod
3461 723 3687 776 alteram

2048 798 2070 830 ·’
2111 810 2502 878 inscriptionem
2527 827 2616 865 seu
2650 811 2861 864 titulum
2889 813 2942 865 in
2966 812 3205 866 eumdem
3231 813 3426 867 librum
3461 815 3684 884 ﬁngens,

2115 912 2301 956 contra
2325 902 2476 956 illam
2499 904 2771 972 procedat,
2813 913 2861 959 el
2917 920 3007 973 per
3047 904 3200 958 illam
3253 913 3441 957 contra
3477 905 3683 960 divinos

2117 997 2406 1068 theologos.

2185 1095 2247 1142 ε’.
2281 1089 2404 1142 Ὀτι
2441 1089 2510 1142 τὰ
2545 1092 2898 1159 γενναιότερα
2927 1089 3155 1142 πλεῖστα
3198 1088 3548 1158 παραλιπὼν,
3586 1091 3685 1160 ρη-

2119 1179 2316 1248 ματίου
2344 1178 2490 1240 τινὸς
2525 1179 2724 1232 ἔπειτα
2754 1179 2848 1232 τοῦ
2883 1179 3123 1248 Παλαμᾶ
3151 1179 3510 1249 μνημονεύειο
3549 1181 3686 1234 ἀλλὰ

2115 1271 2211 1323 καὶ
2265 1269 2332 1323 δι’
2367 1270 2534 1323 αὐτοῦ
2586 1270 2768 1333 καλῶς
2837 1271 3128 1340 νοουμένου
3187 1271 3294 1323 πᾶν
3375 1270 3683 1324 Ἀκινδύνου

2115 1361 2458 1434 καθαιρεῖται
2519 1363 2580 1415 τὸ
2633 1363 2925 1432 φρύαγμα,
2973 1362 3260 1432 καθαιρεῖν
3307 1363 3684 1433 ἐγχειροῦντος

2111 1455 2284 1516 αὐτοῦ
2322 1455 2709 1524 φρενοϐλαϐῶς
2757 1456 2818 1509 τὸ
2855 1444 3306 1527 ’τρισυπόστατον
3364 1456 3464 1523 τῆς
3497 1457 3683 1524 θεότη-

2115 1563 2227 1608 τος.
2253 1547 2307 1601 5.
2356 1545 2508 1612 Quod
2541 1549 2720 1601 multis
2770 1549 3230 1611 prwstantioribus
3287 1549 3679 1615 pra’termissis,

2116 1638 2357 1694 voculam
2406 1639 2692 1709 quamdam
2741 1638 2982 1694 Palamte
3030 1649 3298 1701 memoret,
3369 1657 3473 1710 qua
3520 1641 3681 1693 etiam

2113 1727 2270 1796 probe
2296 1729 2558 1784 intellecta
2591 1731 2748 1784 totius
2818 1729 3080 1799 Acindyni
3117 1730 3362 1799 fremitus
3419 1732 3482 1782 de
3513 1731 3681 1784 medio

2118 1819 2463 1890 tollitur,'quo
2495 1821 2690 1876 trinam
2737 1821 2953 1876 deitatis
2991 1822 3293 1892 hypostasin
3345 1832 3567 1875 evertere
3595 1824 3680 1876 in-

2115 1928 2243 1967 sane
2281 1924 2529 1966 conatur.

2185 2003 2260 2068 ς’.
2323 2005 2668 2076 Ἀντίρῥησις
2739 2004 3049 2059 ’Δκινδύνου
3108 2005 3246 2074 πρὸς
3302 2003 3366 2057 τδ
3417 2003 3686 2075 ῥημάτιον

2110 2096 2307 2163 ἐκεῖνο,
2342 2090 2409 2166 ἧς
2438 2096 2801 2168 ἐλεγχομένης
2828 2097 2926 2152 νῦν
2967 2097 3067 2163 μέν
3103 2097 3343 2164 Ἄρειος,
3383 2094 3478 2148 νῦν
3511 2097 3568 2149 δέ
3590 2096 3687 2149 Σα·

2112 2184 2320 2248 ϐέλλιος
2337 2178 2492 2248 οὗτος
2523 2183 2903 2254 ἀναφαίνεται,
2944 2186 3178 2248 πολλοὺς
3221 2185 3268 2239 δ’
3289 2185 3480 2240 ἄλλοτε
3505 2185 3683 2252 λέγων

2113 2278 2263 2341 υἱοὺς
2295 2276 2429 2330 Θεοῦ
2460 2277 2552 2330 καὶ
2577 2276 2857 2346 πνεύματα
2876 2276 2942 2330 τὰ
2969 2276 3157 2334 πολλά.
3188 2276 3242 2331 6.
3264 2275 3500 2345 Objectio
3527 2276 3690 2331 Acin-

2113 2369 2240 2439 dyni
2265 2377 2450 2422 contra
2478 2367 2908 2430 vocnlamillam.
2940 2385 3045 2437 qua
3080 2369 3313 2437 refutatu
3344 2366 3495 2420 modo
3528 2367 3688 2422 Arius

2113 2460 2242 2528 ipse,
2267 2459 2419 2513 modo
2443 2457 2708 2513 Sabellius
2752 2475 2864 2512 esse
2919 2461 3338 2521 demonstratur,
3390 2475 3506 2511 cum
3531 2459 3691 2510 etiam

2113 2551 2325 2605 aliunde
2347 2549 2536 2603 multos
2557 2549 2694 2614 ﬁlios
2711 2549 2802 2602 Dei
2829 2561 2879 2603 et
2908 2550 3099 2604 multos
3129 2550 3348 2618 spiritus
3379 2565 3492 2602 esse
3521 2549 3686 2602 dicat.

2185 2642 2251 2707 ζ’.
2273 2641 2756 2711 Μαρτυρίαιιπαρά
2779 2641 2874 2694 τοῦ
2910 2641 3216 2696 ’Δκινδύνου
3244 2640 3691 2710 προϐεϐλημέναι

2114 2735 2222 2789 τῶν
2240 2735 2411 2803 ἁγίων
2431 2737 2569 2788 κατὰ
2594 2734 2686 2787 τοῦ
2715 2735 2952 2801 Παλαμᾶ
2979 2733 3161 2802 δῆθεν,
3211 2735 3417 2795 αἵτινες
3441 2732 3693 2797 ἐξεταζό-

2121 2844 2282 2899 μεναι
2306 2828 2400 2879 καὶ
2435 2825 2723 2893 νοοῦμεναι
2747 2825 2929 2888 καλῶς
2960 2825 3219 2894 πρὸς-μὲν
3238 2825 3306 2878 τὰ
3331 2825 3425 2877 τοῦ
3457 2823 3694 2892 Παλαμᾶ

2118 2918 2370 2986 οὐδαμῶς
2398 2917 2740 2973 ἀντικεῖσθαι
2778 2917 3108 2980 δείκνυνται,
3139 2917 3234 2968 τὸν
3285 2916 3341 2969 δὲ
3387 2914 3692 2968 Ἀκίνδυνον

2121 3011 2402 3080 ἐλέγχουσι
2467 3010 2695 3073 πολλαῖς
2748 3008 2847 3062 καὶ
2889 3009 3093 3072 δειναῖς
3161 3009 3409 3079 αἱρέσεσι
3475 3006 3696 3078 περιπί-

2123 3125 2346 3164 πτοντα.
2379 3107 2432 3162 7.
2455 3106 2775 3161 Testimonia
2797 3112 3099 3159 sanctorum
3123 3102 3187 3156 ab
3214 3103 3484 3171 Acindyno
3509 3109 3696 3155 contra

2123 3196 2406 3252 Palamam
2436 3195 2665 3266 prolata,
2689 3209 2805 3263 qua:
2839 3193 2886 3246 si
2909 3193 3283 3246 examinentur
3324 3202 3370 3246 et
3415 3191 3573 3260 probe
3604 3191 3693 3243 in-

2127 3287 2457 3358 telligantur,
2513 3287 2785 3341 sententia:
2835 3286 3046 3356 quidem
3092 3285 3332 3338 Palamte
3385 3283 3693 3337 nullatenus

2126 3395 2422 3450 repugnare
2475 3380 2788 3448 probantur,
2821 3377 3153 3447 Acindynum
3203 3392 3323 3431 vero
3359 3381 3592 3445 arguunt
3643 3374 3699 3428 in

2127 3471 2326 3525 multas
2361 3484 2644 3540 gravesque
2672 3469 2894 3523 ha’reses
2922 3468 3194 3520 incidisse.

2197 3580 2270 3650 η’.
2316 3579 2612 3642 Ἀντίθεσις
2639 3577 2768 3647 παρ’
2805 3575 3140 3642 Ἀκινδύνου,
3167 3575 3264 3636 τὰς
3296 3574 3698 3637 ἐνυποστάτους

2132 3673 2301 3741 μόνας
2339 3665 2750 3734 εἷναιλέγοντος
2768 3668 3061 3730 ἀκτίστους
3101 3664 3412 3736 ἐνεργείας,
3443 3659 3508 3735 ἦς
3549 3663 3701 3731 ἐλεγ-

2131 3763 2367 3834 χομένης
2399 3763 2492 3814 καὶ
2548 3760 2761 3828 ’Λρείου
2799 3759 2998 3830 χείρων
3045 3759 3321 3814 δείκνυται
3385 3757 3576 3823 τελῶν,
3625 3758 3701 3820 ὼς

2130 3854 2229 3924 τὴν
2267 3855 2396 3916 μίαν
2452 3850 2560 3904 τῶν
2615 3849 2785 3920 τριῶν
2848 3847 3160 3920 προσώπων
3204 3849 3436 3918 θεότητα
3478 3847 3702 3916 κτιστὴν

2133 3944 2321 3997 ποιῶν.
2357 3943 2412 3997 8.
2455 3941 2690 4011 Objectio
2738 3942 3018 4011 Acindyni,
3047 3958 3150 4011 qua
3179 3940 3309 3994 dicit
3343 3939 3703 4008 hypostaticas

2135 4034 2306 4088 solum
2334 4034 2658 4100 operationes
2690 4034 2954 4086 increatas
2988 4048 3140 4097 esse;
3173 4031 3269 4084 illa
3309 4047 3427 4084 vero
3448 4031 3703 4099 refutatu,

2137 4125 2269 4179 Ario
2303 4124 2452 4193 pejor
2477 4123 2793 4188 ostenditur,
2851 4130 3030 4193 utpote
3087 4123 3177 4192 qui
3221 4137 3380 4175 unam
3419 4137 3483 4175 ea:
3537 4123 3704 4176 tribus

2136 4218 2375 4288 personis
2405 4217 2653 4270 deitatem
2693 4223 2926 4268 creatam
2954 4213 3138 4282 faciat.

2209 4330 2273 4385 θ’.
2307 4329 2660 4401 Παράστασις
2686 4327 2746 4392 ἐξ
2779 4325 2958 4380 αὐτῶν
2997 4324 3204 4379 τούτων
3239 4324 3346 4379 τῶν
3379 4325 3473 4378 ὑπ’
3517 4326 3705 4378 ’Λκιν-

2140 4423 2297 4476 δύνου
2329 4419 2791 4493 προϐεϐλημένων
2827 4419 3165 4488 μαρτυριῶν,
3223 4419 3308 4470 ὅτι
3338 4417 3586 4486 διαφέρει
3609 4416 3712 4483 τῆς

2143 4514 2293 4576 θείας
2326 4515 2569 4583 οὗσίαςή
2597 4513 2717 4565 θεία
2746 4513 3017 4582 ἐνέργεια·
3060 4513 3118 4564 ἐν
3218 4509 3384 4562 πάλιν
3426 4508 3712 4568 Σαϐέλλιος

2145 4606 2308 4670 ἄλλος
2346 4605 2423 4658 ῶν
2479 4604 2887 4658 ἀποδείκνυται.
2917 4603 2970 4658 9.
3025 4601 3420 4654 Demonstratio
3468 4616 3533 4652 ex
3583 4599 3713 4667 ipsis

2147 4681 2460 4749 testimoniis
2489 4695 2551 4746 ab
2593 4694 2864 4763 Acindyno
2915 4690 3162 4759 prolatis,
3206 4690 3345 4757 quod
3388 4691 3568 4742 divina
3595 4707 3718 4757 ope-

2145 4789 2280 4841 ratio
2303 4786 2515 4854 differat
2560 4802 2593 4839 a
2622 4785 2801 4838 divina
2861 4783 3126 4848 essentia;
3169 4781 3256 4834 ubi
3309 4797 3520 4834 rursum
3575 4781 3716 4834 alius

2133 4879 2406 4937 Sabellius
2443 4895 2556 4932 esse
2577 4877 2859 4946 probatur.

2220 5011 2274 5046 t.
2345 4990 2536 5060 Ἑτέρα
2599 4987 2872 5058 μαρτυρία
2922 4985 3000 5054 τῷ
3050 4983 3198 5050 αὗτῷ
3295 4982 3717 5052 προϐεϐλημένη

2148 5081 2305 5152 παρὰ
2334 5081 2442 5134 τῶν
2468 5078 2564 5132 τοῦ
2596 5079 2753 5146 ἁγίου
2781 5075 3035 5145 Μαξίμου
3067 5067 3505 5144 κεφαλαίων,’ἦς
3534 5072 3720 5135 ἐξετα-

2149 5171 2384 5242 ζομένης
2439 5169 2726 5230 Σαϐέλλιος
2763 5167 2928 5220 πάλιν
2983 5157 3138 5227 οὗτος
3182 5163 3562 5232 ἀναφαίνεται.
3627 5161 3713 5214 t0.

2150 5261 2311 5315 Aliud
2343 5259 2702 5312 testimonium
2748 5258 2811 5310 ab
2851 5255 3034 5310 eodem
3085 5256 3309 5308 allatum
3365 5269 3428 5307 ex
3456 5253 3718 5318 capitibus

2154 5351 2215 5407 S.
2251 5349 2494 5414 Maximi,
2526 5361 2627 5418 quo
2660 5345 2965 5402 examinato
3014 5343 3274 5399 Sabellius
3329 5358 3540 5395 rursum
3587 5357 3701 5394 esse

2151 5441 2502 5498 convincitur.

2228 5559 2316 5608 ια’.
2349 5552 2702 5622 Παράστασις
2737 5552 2835 5604 καὶ
2867 5550 2976 5604 ἀπὸ
3001 5548 3096 5602 τοῦ
3147 5548 3442 5617 κεφαλαίου
3501 5547 3716 5608 τοῦτον,

2153 5646 2236 5699 ὅτι
2272 5644 2522 5713 διαφέρει
2575 5642 2677 5711 τῆς
2714 5641 2865 5702 θείας
2904 5641 3093 5702 οὐσίας
3125 5641 3157 5708 ἡ
3188 5639 3461 5708 ἐνέργεια,
3497 5638 3627 5707 παρ’
3653 5633 3722 5708 ἧς

2155 5738 2236 5800 είς
2259 5735 2696 5803 καταγελάστους
2728 5731 3010 5786 ἐκπίπτων
3035 5730 3190 5797 δόξας
3208 5729 3490 5799 ἐλέγχεται
3510 5728 3538 5780 6
3563 5727 3730 5780 τοῦτο

2159 5828 2344 5892 κακῶς
2378 5824 2834 5897 προϐαλλόμενος.
2881 5821 2972 5876 Η.
2999 5819 3392 5876 Demonstratio
3433 5834 3498 5873 es:
3541 5819 3722 5873 eodem

2161 5920 2349 5990 capite,
2378 5917 2516 5989 quod
2565 5916 2742 5972 divina
2767 5915 3000 5981 operatio
3031 5913 3244 5978 differat
3273 5930 3304 5968 a
3329 5911 3508 5967 divina
3541 5923 3723 5966 essene-
