4046 6466
447 369 554 436 835

450 483 764 539 strationem
805 481 1012 542 haberi,
1053 478 1328 549 refutatio,
1363 477 1500 546 quod
1534 477 1602 530 sit
1654 475 2035 530 demonstratio

451 593 610 647 super
641 575 963 646 quibusdam
991 593 1003 628 ε
1031 584 1078 626 et
1111 573 1250 642 quod
1281 571 1376 625 illa
1407 585 1523 624 rere
1574 572 1643 623 sit
1699 570 2040 622 demonstra~

452 671 548 731 tio,
607 667 950 721 Aristotclica
1019 681 1138 718 rero
1197 663 1587 716 demonstratio
1631 661 1699 714 sit
1751 661 1953 714 incerta
1990 670 2041 713 et

452 761 790 814 instabilis...
830 758 1050 811 Initium
1092 774 1104 809 :
1143 757 1224 809 Τὰ
1257 755 1358 824 μὲν
1389 754 1489 822 τῆς
1546 753 1817 823 δυαρχίας
1851 754 1914 806 ὲκ
1949 753 2045 822 μέ-

457 870 550 906 σου
582 853 810 921 γέγονεν
862 866 876 880 °
914 850 1154 920 ἐξεκόπη
1190 849 1299 920 γὰρ
1338 848 1448 901 τῶν
1489 847 1666 914 λόγων
1705 845 1800 899 τοῦ
1830 846 2045 910 φιλοσο-

456 962 582 1015 φου,
614 955 718 997 etc.
756 942 871 998 Fol.
901 943 990 999 90.

533 1061 639 1114 Τοῦ
677 1060 846 1115 αὐτοῦ
885 1059 1045 1127 λόγος
1091 1057 1236 1128 ὑπὲρ
1263 1057 1372 1112 τῶν
1417 1057 1581 1129 ἱερῶς
1633 1057 2044 1128 ἡσυχαζόντων.

456 1154 568 1208 τῶν
601 1153 892 1224 προτέρων
932 1151 960 1203 ὁ
1001 1149 1245 1220 πρῶτος,
1278 1148 1423 1204 κατὰ
1468 1150 1520 1202 τί
1571 1149 1666 1202 καὶ
1702 1149 1862 1219 μέχρι
1901 1150 2046 1213 τίνος

456 1247 745 1314 λυσιτελὴς
780 1248 812 1315 ή
844 1245 973 1316 περὶ
1013 1246 1206 1314 λόγους
1239 1244 1420 1315 τριϐή.
1469 1243 1792 1314 Ἀπόκρισις
1827 1244 2044 1315 πρώτη.

463 1340 722 1408 Ejusdem
773 1339 907 1391 liber
940 1339 1182 1406 priorum
1206 1337 1409 1405 primus
1463 1351 1558 1404 pro
1592 1335 1656 1387 iis
1687 1336 1777 1404 qui
1808 1336 1860 1387 in
1891 1352 2050 1388 sacra

463 1433 642 1501 quiete
678 1431 894 1500 degunt,
936 1431 989 1482 in
1021 1446 1123 1499 quo
1151 1441 1197 1482 et
1231 1444 1395 1497 usque
1427 1427 1496 1480 ad
1524 1443 1684 1496 quam
1719 1435 1913 1479 metant
1937 1439 2051 1480 stu-

462 1523 608 1576 dium
661 1523 962 1574 litterarum
1019 1522 1087 1574 sit
1144 1519 1298 1573 utile.
1350 1517 1640 1587 Responsio
1683 1519 1882 1586 prima.
1941 1518 2054 1572 Ini-

465 1621 634 1670 tium:
679 1615 930 1683 ’Δδελφὲ,
974 1613 1140 1667 καλὸν
1167 1612 1358 1683 χάριτι
1391 1609 1747 1682 βεϐαιοῦσθαι
1787 1609 1886 1682 τήν
1921 1627 2054 1681 καρ-

462 1707 603 1770 δίαν,
630 1715 737 1760 etc.
765 1704 882 1760 Fol.
914 1705 1040 1766 I05,
1068 1718 1248 1757 Verso.

533 1818 644 1872 Τοῦ
704 1817 873 1872 αὑτοῦ
919 1818 1077 1886 λόγος
1133 1819 1272 1889 ὑπὲρ
1305 1818 1413 1870 τῶν
1449 1816 1609 1888 ίερῶς
1643 1817 2054 1888 ἡσυχαζόντων,

463 1910 574 1963 τῶν
605 1911 890 1981 προτέρων
921 1912 947 1962 ό
976 1908 1230 1977 δεύτερος
1257 1927 1269 1939 ·
1296 1909 1378 1961 ὃτι
1411 1910 1525 1971 τοῖς
1557 1908 1966 1979 προῃρημένοις
1993 1909 2052 1961 ὲν

463 2005 670 2075 ἡσυχία
707 2003 1002 2074 προσέχειν
1031 2004 1268 2066 ἑαυτοῖς,
1318 2002 1420 2054 οῦκ
1457 2001 1746 2064 ἀσυντελὲς
1781 2000 1929 2054 ἔνδον
1957 1999 2053 2053 τοῦ

465 2091 723 2166 σώματος
760 2096 1060 2166 πειρᾶσθαι
1089 2095 1346 2164 κατέχειν
1368 2093 1460 2146 τὸν
1487 2094 1685 2146 οἰκεῖον
1732 2093 1876 2147 νοῦν.
1897 2093 2058 2146 Ἀπό-

469 2205 656 2258 κρισις
705 2189 956 2259 δευτέρα.
1006 2186 1262 2255 Ejusdem
1311 2186 1444 2240 liber
1494 2186 1736 2255 priorum
1789 2185 2054 2240 secundus

469 2296 566 2348 pro
604 2280 669 2332 iis
709 2280 802 2349 qui
841 2280 895 2332 in
930 2294 1085 2332 sacra
1128 2279 1300 2347 quiete
1343 2278 1577 2347 degunt.
1639 2278 1780 2346 quod
1842 2278 1908 2330 iis
1965 2276 2056 2346 qui

466 2377 736 2442 elegerunt
770 2373 825 2426 in
857 2373 1029 2442 quiete
1057 2370 1156 2424 sibi
1187 2371 1314 2436 ipsis
1347 2370 1640 2433 attendere,
1669 2385 1772 2422 non
1830 2370 1900 2424 sit
1952 2370 2048 2424 im.

468 2465 720 2534 possibile
745 2465 887 2518 intra
916 2479 1106 2532 corpus
1145 2462 1420 2530 propriam
1479 2471 1704 2516 mentem
1764 2462 2057 2528 continere.

469 2556 753 2610 Responsio
778 2556 1034 2610 secunda.
1069 2553 1286 2608 Initium
1319 2571 1332 2605 :
1380 2552 1625 2621 Ἀδελφὲ,
1663 2552 1764 2606 οὐκ
1797 2555 2058 2617 ἀκούσεις

465 2649 560 2704 τοῦ
578 2651 905 2702 Ἀποστόλου
965 2647 1243 2716 λέγοντος,
1286 2647 1369 2699 ὅτι
1401 2649 1470 2699 τὰ
1513 2645 1768 2716 σώματα,
1815 2646 2057 2703 etc.Foi.

468 2741 596 2796 M5.

539 2856 648 2908 Τοῦ
673 2854 839 2910 αὑτοῦ
866 2854 1019 2923 λόγος
1042 2853 1140 2906 ὑτὲ
1154 2871 1183 2923 ρ
1204 2853 1313 2906 τῶν
1336 2851 1497 2927 ίερῶς
1521 2851 2058 2923 ήσυχαζόντων,τῶν

467 2951 753 3018 προτέρων
782 2952 809 3001 ό
839 2949 1022 3017 τρίτος
1053 2951 1184 3016 περὶ
1210 2947 1386 3016 φωτὸς
1424 2949 1519 3000 καὶ
1555 2947 1840 3016 φωτισμοῦ
1869 2946 2044 3011 θείου,

471 3044 568 3095 καὶ
613 3043 767 3112 ἱερᾶς
797 3041 1150 3111 εὐδαιμονίας
1183 3040 1279 3094 καὶ
1309 3041 1409 3111 τῆς
1437 3043 1495 3094 ἐν
1522 3042 1745 3112 Χριστῷ
1791 3042 2062 3110 τελειότη-

468 3151 584 3198 τος.
627 3134 949 3204 Ἀπόκρισις
999 3136 1188 3205 τρίτη.
1224 3134 1479 3205 Ejusdem
1515 3133 1646 3188 liber
1671 3135 1913 3203 priorum
1955 3144 2064 3188 ter-

472 3227 578 3281 tius
617 3227 680 3280 de
704 3227 770 3280 iis
799 3227 888 3296 qui
924 3227 980 3280 in
1007 3243 1162 3280 sacra
1203 3229 1378 3296 quiete
1405 3227 1622 3296 degunt,
1671 3226 1735 3280 de
1769 3226 1966 3280 lumine
2012 3237 2062 3279 et

469 3319 874 3374 illuminatione
928 3320 1134 3386 divina,
1180 3319 1242 3374 de
1285 3336 1443 3373 sacra
1477 3319 1736 3387 felicitate
1763 3327 1814 3373 et
1844 3320 1909 3372 de
1942 3336 2064 3388 per-

472 3413 700 3482 fectione
755 3415 810 3466 in
859 3410 1094 3468 Christo.
1137 3412 1354 3466 Initium
1393 3429 1406 3465 :
1447 3411 1562 3465 Οὑκ
1598 3412 1707 3479 ἄρα
1751 3412 1915 3480 μόνον
1944 3413 2064 3474 ταῖς

469 3505 698 3574 ἀρεταῖς
731 3504 787 3557 at
821 3503 1012 3556 κακίαι
1049 3503 1530 3573 παραπεπήγασιν
1594 3510 1702 3558 etc.
1739 3501 1856 3556 [τοι.
1888 3501 2008 3556 I20.

541 3595 651 3650 Τοῦ
684 3595 852 3648 αὐτοῦ
879 3595 1040 3664 λόγος
1091 3595 1235 3666 ὑπὲρ
1281 3594 1393 3649 τῶν
1435 3593 1596 3664 ἱερῶς
1651 3591 2060 3663 ἡσυχαζόντων,

471 3688 586 3742 τῶν
605 3689 895 3760 ὑστέρωνό
915 3688 1154 3757 πρῶτος,
1196 3689 1318 3758 ήτοι
1363 3687 1619 3757 διήγησις
1662 3688 1754 3739 καὶ
1778 3688 2062 3758 ἀνατροπὴ

470 3785 583 3839 τῶν
641 3784 746 3838 ὑπὸ
783 3784 878 3838 τοῦ
918 3783 1220 3854 φιλοσόφου
1276 3781 1546 3852 Βαρλαδιμ
1625 3784 2058 3852 συγγραφέντων

474 3876 617 3931 κατὰ
638 3875 749 3931 τῶν
774 3876 940 3947 ίερῶς
964 3875 1373 3946 ἡσυχαζόντων.
1410 3873 1505 3938 Τίς
1529 3873 1562 3944 ή
1588 3873 1760 3938 δντως
1794 3876 2064 3945 σωτήριος

481 3969 682 4036 γνῶσις
719 3969 815 4023 καὶ
847 3971 962 4032 τοῖς
993 3968 1166 4028 ὅντως
1212 3967 1470 4036 μοναχοῖς
1507 3965 1998 4036 περισπούδαστος,
2031 3966 2064 4036 ἢ

480 4062 618 4116 κατὰ
651 4062 762 4115 τῶν
796 4062 1064 4130 λεγόντων
1092 4060 1197 4130 τὴν
1225 4060 1288 4111 ὲκ
1317 4057 1420 4128 τῆς
1455 4057 1561 4124 ἔξω
1613 4058 1866 4121 παιδείας
1920 4058 2063 4124 γνῶ·

476 4169 562 4207 σιν
592 4153 764 4217 ὅντως
797 4135 1089 4222 σωτήριον.
1116 4149 1371 4219 Ejusdem
1400 4150 1534 4204 liber
1561 4152 1915 4219 posteriorum
1939 4153 2065 4222 pri-

476 4261 592 4298 mus
616 4260 712 4314 pro
741 4246 806 4298 iis
849 4246 940 4314 qui
978 4246 1032 4297 in
1091 4258 1248 4295 sacra
1275 4243 1446 4312 quiete
1485 4243 1712 4314 degunt,
1771 4246 1879 4298 sive
1909 4260 2069 4297 enar-

476 4339 616 4392 ratio
651 4348 701 4392 et
735 4340 933 4392 eversio
979 4353 1164 4390 eorum
1198 4351 1314 4406 quae
1362 4353 1394 4389 a
1442 4337 1749 4406 philosopho
1803 4336 2066 4391 Barlaam

477 4431 674 4500 scripta
705 4439 830 4484 sunt
861 4439 1045 4484 contra
1067 4446 1154 4484 eos
1199 4432 1291 4500 qui
1325 4430 1380 4484 in
1404 4447 1560 4485 sacra
1612 4432 1784 4500 quiete
1843 4429 2061 4495 degunt.

477 4523 738 4588 Quwnam
768 4524 838 4576 sit
870 4539 984 4576 vere
1015 4523 1274 4578 salutaris
1306 4525 1532 4578 scientia
1562 4541 1594 4576 a
1616 4523 1753 4576 veris
1789 4519 2065 4573 monachis

475 4613 651 4676 culta;
683 4631 773 4668 seu
825 4626 1017 4668 contra
1052 4631 1140 4668 eos
1183 4617 1275 4685 qui
1332 4617 1513 4669 dicunt
1567 4613 1845 4668 scientiam
1886 4619 2065 4664 extero

479 4720 562 4758 nte
594 4705 742 4758 illius
767 4704 1068 4773 disciplina:
1092 4713 1232 4777 Lesse
1281 4723 1398 4761 vere
1438 4705 1756 4760 salutarem.
1784 4701 2008 4757 Initium
2045 4721 2060 4759 :

479 4796 647 4848 Οὐδὲν
676 4795 910 4865 ψεύδους
961 4797 1287 4867 δεινότερον,
1345 4797 1501 4850 οὐδὲν
1538 4793 1906 4864 συκοφαντίας
1962 4796 2065 4867 ἅχω

479 4884 605 4949 Θους
636 4885 961 4960 βαρύτερον,
992 4899 1102 4945 etc.
1139 4889 1260 4945 Fol.
1299 4889 1428 4954 140,
1466 4901 1643 4942 verso.

551 4999 659 5053 Τοῦ
693 5001 859 5055 αὑτοῦ
895 5002 1055 5072 λόγος
1088 5005 1230 5074 ὑπὲρ
1261 5003 1372 5056 τῶν
1424 5001 1588 5071 ἱερῶς
1639 5001 2058 5074 ἡσυχαζόντων,

478 5094 588 5148 τῶν
618 5095 864 5166 ὑστέρων
909 5101 934 5149 ὁ
965 5098 1220 5168 δεύτερος
1269 5097 1397 5164 περὶ
1425 5097 1755 5166 προσευχῆς.
1809 5095 2062 5166 Ejusdem

482 5187 615 5239 liber
643 5190 999 5256 posteriorum
1025 5188 1288 5241 secundus
1324 5204 1418 5256 pro
1440 5189 1504 5241 iis
1542 5188 1634 5258 qui
1667 5205 1880 5242 sacram
1916 5193 2064 5259 quie-

485 5287 585 5332 tem
618 5293 805 5348 agunt,
846 5284 910 5334 de
939 5281 1216 5335 Oratione.
1261 5281 1482 5334 Initium
1512 5297 1526 5331 :
1555 5281 1676 5332 Τῶν
1730 5281 1828 5350 μὲν
1858 5280 1950 5334 οῦν
1975 5282 2065 5335 οὒ-

482 5369 571 5424 δὲν
631 5373 774 5444 μέγα
829 5373 1136 5439 τιθεμένων
1184 5373 1282 5440 τὴν
1347 5373 1453 5426 ἀπὸ
1511 5375 1609 5443 τῆς
1657 5372 1762 5437 ἔξω
1816 5373 2066 5438 παιδείας

484 5462 691 5532 ὄνησιν,
723 5474 828 5516 etc.
862 5462 981 5516 Fol.
1015 5463 1137 5527 156,
1175 5478 1350 5518 verso.

557 5576 670 5630 Τοῦ
707 5576 876 5628 αὑτοῦ
911 5576 1068 5644 λόγος
1109 5578 1253 5648 ὑπὲρ
1298 5579 1408 5632 τῶν
1441 5581 1602 5652 ἰερῶς
1655 5583 2062 5653 ἡσυχαζόντων,

479 5668 590 5720 τῶν
638 5667 884 5736 ὑστέρων
914 5671 943 5720 ό
967 5669 1148 5739 τρίτος
1178 5675 1311 5743 περὶ
1365 5677 1542 5744 φωτὸς
1597 5677 1769 5748 ἱεροῦ.
1807 5677 2062 5746 Ejusdem

486 5757 614 5811 liber
641 5760 994 5826 posteriorum
1028 5765 1245 5829 tertius,
1272 5783 1367 5836 pro
1399 5771 1463 5823 iis
1511 5771 1601 5840 qui
1631 5771 1686 5823 in
1709 5785 1865 5824 sacra
1890 5771 2064 5840 quiete

485 5847 701 5918 degunt,
755 5849 818 5903 de
865 5868 1017 5908 sacro
1050 5855 1268 5916 lumine.
1313 5861 1535 5920 Initium
1569 5879 1584 5921 :
1634 5863 1694 5917 '0
1730 5863 1796 5934 δή
1820 5863 1917 5936 τῆς
1949 5881 2067 5917 νοε-

1687 361 2077 424 GREGORII
2122 361 2451 420 PALAME

2151 472 2250 543 ρᾶς
2282 474 2596 544 προσευχῆς
2647 473 2788 526 κατὰ
2845 473 2949 528 τῶν
2977 475 3060 528 διᾶ
3260 477 3434 548 ταύτῃ
3466 498 3707 551 προσανε-

2143 567 2370 636 χόντων,
2411 577 2518 622 etc.
2555 566 2671 626 Fol.
2707 567 2828 633 168,
2865 583 3045 623 verso.

2221 655 2328 708 Τοῦ
2360 655 2528 709 αὑτοῦ
2587 655 2812 727 ἐλεγχος
2867 646 2974 710 τῶν
3047 661 3477 730 συμϐαινόντων,
3511 665 3570 716 ἐκ
3611 666 3707 716 τῶν

2147 747 2420 820 δευτέρων
2469 748 2564 802 τοῦ
2618 750 2916 819 φιλοσόφου
2949 752 3221 824 Βαρλαὰμ
3249 757 3706 826 συγγραμμάτων,

2150 841 2347 910 ἢπερὶ
2410 840 2687 905 θεώσεως.
2748 841 3004 910 Ejusdem
3072 844 3327 913 refutatio
3378 845 3710 902 absurdorum

2148 952 2266 1002 qua:
2309 945 2622 1005 sequuntur
2670 953 2734 990 ea:
2782 938 3026 992 secundis
3085 938 3368 994 Barlaami
3435 941 3713 1010 philosophi

2150 1029 2408 1096 scriptis;
2457 1031 2562 1084 sive
2617 1030 2684 1083 de
2737 1031 3096 1098 dei/icatione.
3163 1031 3438 1086 Initium:
3482 1034 3616 1086 Ἀλλ’
3671 1036 3715 1086 εἰ

2155 1119 2253 1190 μὲν
2286 1125 2428 1174 κατὰ
2460 1121 2866 1176 Μασσαλιανῶν
2897 1124 3153 1194 καθάπερ
3200 1126 3294 1178 καὶ
3327 1126 3716 1196 ἐπιγέγραπται

2152 1215 2199 1266 οἱ
2233 1215 2293 1268 τὸ
2323 1214 2532 1286 βιϐλίον
2563 1218 2883 1288 πεποίηται,
2920 1217 3158 1274 etc.FoI.
3198 1218 3322 1286 197,
3354 1235 3530 1275 verso.

2223 1307 2330 1360 Τοῦ
2365 1308 2532 1361 αὐτοῦ
2563 1309 2866 1379 κατάλογος
2897 1311 3006 1363 τῶν
3035 1311 3397 1366 ἐκϐαινόντων
3421 1313 3634 1367 ἀτόπων
3661 1316 3719 1366 ὲκ

2151 1399 2262 1452 τῶν
2319 1401 2414 1453 τοῦ
2477 1402 2774 1471 φιλοσόφου
2839 1403 3106 1475 Βαρλαὰμ
3171 1405 3515 1475 προτάσεων,
3573 1405 3718 1474 λόγος

2151 1493 2405 1564 δεύτερος
2430 1496 2573 1549 κατὰ
2608 1496 2901 1567 δευτέρων.
2943 1497 3198 1568 Ejusdem
3227 1497 3504 1570 catalogus
3540 1500 3720 1553 absur—

2154 1588 2345 1640 dorum
2374 1605 2490 1658 qua:
2520 1601 2812 1660 sequuntur
2840 1608 2905 1645 ex
2941 1591 3224 1646 Barlaami
3263 1593 3565 1664 philosophi
3617 1609 3722 1660 pro-

2156 1680 2379 1748 tasibus,
2413 1683 2547 1738 liber
2573 1687 2836 1739 secundus
2857 1696 3044 1740 contra
3069 1689 3302 1741 secunda
3325 1690 3542 1752 scripta.
3571 1686 3718 1741 Init.:

2161 1774 2360 1844 Ἥρετά
2423 1792 2507 1838 τις
2555 1776 2665 1835 τῶν
2711 1779 3086 1849 εἰσαγομένων
3154 1782 3203 1832 εἰ
3254 1779 3483 1835 δυνατὸν
3527 1780 3724 1852 ἀνθρώ·
3790 1780 3797 1788 ”

2156 1885 2263 1939 πῳ,
2295 1881 2401 1925 etc.
2439 1869 2555 1926 Fol.
2597 1872 2723 1935 2II,
2765 1889 2943 1929 verso.

2225 1983 2331 2036 Τοῦ
2361 1985 2527 2038 αὑτοῦ
2559 1987 2861 2056 κατάλογος
2894 1989 3002 2042 τῶν
3027 1989 3400 2046 ἐκϐαινόντων
3431 1994 3640 2045 ἀτόπων
3669 1993 3724 2046 ἐκ

2153 2077 2263 2129 τῶν
2287 2076 2382 2130 τοῦ
2413 2079 2707 2150 φιλοσόφου
2736 2082 3006 2152 Βαρλαὰμ
3057 2087 3569 2156 συμπερασμάτων,
3597 2085 3723 2139 κατὰ

2156 2169 2265 2222 τῶν
2298 2171 2575 2244 δευτέρων
2605 2177 2631 2227 ὁ
2659 2176 2865 2245 τρίτος.
2901 2175 3149 2244 Ejusdem
3181 2181 3461 2249 cataiogtts
3487 2180 3726 2232 absurdo-

2157 2276 2274 2314 rum
2296 2278 2412 2330 qua:
2441 2275 2732 2334 sequuntur
2753 2282 2818 2320 ea:
2833 2267 3120 2338 philisophi
3135 2268 3416 2323 Barlaami
3445 2263 3741 2324 conclusio:

2159 2354 2332 2416 nibus.
2361 2355 2494 2409 liber
2518 2358 2705 2411 tertius
2738 2369 2926 2414 contra
2963 2363 3195 2414 secunda
3220 2365 3448 2431 scripta.
3486 2361 3720 2416 Initium:

2163 2450 2227 2501 Ἃ
2263 2449 2360 2516 μὲν
2391 2445 2485 2504 οῦν
2516 2451 2850 2522 προσκρούει
2877 2457 2943 2524 τῇ
2976 2455 3206 2526 ἀληθείᾳ
3251 2457 3352 2510 καὶ
3381 2455 3460 2528 τῷ
3490 2457 3582 2528 τῆς
3611 2457 3726 2527 ἁλη-

2160 2543 2312 2605 θείας
2343 2544 2484 2614 Θεῷ,
2519 2555 2624 2600 etc.
2663 2543 2778 2602 Fol.
2825 2547 2951 2602 2:20.

2243 2657 2532 2728 Ἐπίτομος
2567 2661 2708 2713 κατὰ
2732 2659 2792 2712 τὸ
2823 2661 3051 2715 δυνατὸν
3085 2662 3350 2734 διήγησις
3394 2667 3492 2734 τῆς
3525 2663 3613 2717 ἐπὶ
3641 2663 3724 2716 τοῦ

2168 2749 2432 2804 παλατίου
2485 2751 2717 2805 ἐνώπιον
2769 2753 2865 2807 τοῦ
2917 2756 3189 2824 βασιλέως
3235 2763 3542 2833 γενομένης
3565 2760 3729 2814 διαλέ-

2162 2841 2297 2907 ξεως
2327 2843 2420 2896 τοῦ
2457 2845 2862 2917 Θεσσαλονίκης
2893 2848 3064 2920 κυροῦ
3101 2851 3420 2924 Γρηγορίου
3470 2857 3561 2908 καὶ
3601 2855 3730 2924 Γρη-

2164 2939 2302 3008 γορᾶ
2330 2938 2424 2990 τοῦ
2458 2940 2778 3011 φιλοσόφου,
2813 2946 3199 3014 συγγραφεῖσα
3229 2950 3394 3018 παρά
3442 2967 3584 3013 τινος
3633 2950 3730 3001 τῶν

2163 3031 2264 3100 τῆς
2295 3031 2605 3101 συγκλήτου
2640 3032 2884 3100 λογάδων
2916 3037 3184 3104 παρόντος
3213 3041 3321 3093 καὶ
3366 3041 3628 3110 αὑτηκόου
3655 3057 3734 3108 γε-

2164 3124 2406 3191 γονότο;.
2441 3123 2831 3193 Compendiosa
2859 3142 2954 3196 pro
2980 3129 3239 3197 facultate
3264 3133 3510 3187 narratio
3537 3133 3731 3202 dialogi,

2158 3222 2248 3290 qui
2287 3220 2340 3272 in
2369 3219 2571 3288 palatio
2615 3237 2798 3274 coram
2844 3223 3167 3291 imperatore
3226 3226 3450 3281 habitus
3495 3237 3567 3282 est
3612 3229 3734 3279 inter

2167 3312 2232 3366 υ.
2268 3306 2579 3383 Gregorium
2605 3314 3059 3385 archiepiscopum
3097 3315 3497 3374 Thessalonica:
3546 3328 3593 3373 et
3622 3317 3738 3373 Gre—

2163 3421 2343 3474 goram
2377 3405 2763 3476 philosOphum,
2795 3411 3029 3477 scriptus
3065 3428 3097 3464 α
3127 3412 3368 3481 quodam
3393 3429 3458 3467 ex
3493 3413 3735 3468 illustrio-

2164 3499 2307 3553 ribus
2347 3500 2700 3567 senatoribus,
2749 3502 2840 3571 qui
2890 3502 3001 3556 lucc
3040 3519 3273 3571 praesens
3333 3506 3592 3561 audierat.
3639 3505 3733 3559 Ini—

2165 3593 2298 3644 tium
2338 3609 2352 3644 :
2393 3592 2670 3664 Ὀρισθεὶς
2711 3595 2864 3663 παρὰ
2891 3595 2985 3648 τοῦ
3033 3597 3192 3666 ἁγίου
3264 3599 3424 3670 ήμῶν
3489 3599 3728 3654 αὑθέντου

2163 3687 2259 3739 καὶ
2289 3685 2580 3756 βασιλέως,
2616 3695 2722 3742 ctc.
2765 3688 2880 3744 Fui.
2913 3689 3038 3744 226.

2237 3801 2343 3854 Τοῦ
2398 3803 2823 3873 μακαριωτάτου
2853 3804 3300 3875 ἀρχιεπισκόπου
3351 3807 3732 3876 Θεσσαλονίκης

2167 3897 2475 3968 Γρηγορίου
2525 3896 2601 3960 ὡς
2664 3896 2773 3950 ἀπό
2801 3899 3172 3968 τινοςιὲτέρου
3231 3901 3590 3972 συγγραφεὶς,
3620 3900 3732 3970 περὶ

2163 3992 2263 4057 τῆς
2296 3990 2389 4042 τοῦ
2422 3990 2682 4060 Γρηγορᾶ
2708 3989 3118 4061 ψευδογραφίας
3147 3993 3286 4063 ὁμοῦ
3313 3997 3406 4048 καὶ
3434 3992 3733 4052 δυσσεϐείας

2165 4083 2326 4151 λόγος
2374 4082 2615 4154 πρῶτος.
2693 4082 2999 4137 Beatissimi
3057 4083 3308 4156 Gregorii
3380 4083 3733 4156 archiepiscopi

2173 4173 2665 4230 Thessalonicensis
2701 4176 2765 4230 de
2801 4174 3054 4247 Gregorio
3084 4178 3138 4230 in
3168 4180 3448 4235 scribendo
3475 4177 3734 4233 mendaciis

2167 4275 2217 4320 et
2244 4266 2514 4334 impietate
2541 4267 2673 4322 liber
2692 4269 2918 4338 primus,
2950 4268 3015 4322 ab
3041 4270 3148 4324 alio
3177 4273 3407 4340 quodam
3440 4271 3731 4338 descriptus.

2172 4357 2390 4413 Initium
2424 4377 2437 4413 :
2475 4360 2824 4431 Μεταλαχεῖν
2875 4362 3076 4424 ἀθλίως
3127 4362 3218 4416 τὸν
3260 4364 3572 4435 Γρηγοράν,
3606 4362 3733 4426 Βαρ-

2169 4453 2319 4523 λαὰμ
2348 4454 2772 4509 καὶἈκινδῦνου
2801 4454 2911 4507 τῶν
2939 4455 3274 4522 κακοδόξων,
3309 4465 3415 4513 etc.
3449 4455 3564 4509 Fol.
3587 4451 3702 4507 252.

2239 4568 2347 4622 Τοῦ
2379 4569 2546 4624 αὐτοῦ
2580 4571 2710 4640 περὶ
2744 4573 2840 4642 τῆς
2881 4571 2979 4624 τοῦ
3029 4573 3291 4643 Γρηγορᾶ
3347 4571 3734 4646 ψευδογραφίυς

2169 4663 2306 4733 ὁμοῦ
2357 4663 2452 4716 κα)⁸
2494 4664 2819 4728 δυσσεϐείας
2853 4665 3014 4734 λόγος
3055 4666 3331 4738 δεύτερος.
3389 4666 3635 4737 Ejusdem
3679 4677 3734 4714 te

2171 4755 2421 4827 Gregorte
2455 4757 2507 4809 in
2535 4757 2811 4811 scribendo
2868 4759 3163 4812 mendaciis
3207 4767 3257 4813 et
3297 4759 3564 4830 impietate
3617 4755 3735 4808 libet“

2168 4857 2457 4905 secundus.
2497 4850 2712 4904 Initium
2750 4868 2764 4904 :
2805 4850 2895 4914 Ἐξ
2943 4851 3154 4922 ὀνύχων
3208 4854 3342 4920 φασὶ
3399 4851 3490 4905 τὸν
3540 4849 3730 4908 λέοντα,

2171 4943 2265 4994 καὶ
2294 4943 2357 4994 ἐκ
2385 4941 2480 4994 τοῦ
2515 4941 2825 5013 κρασπέδου
2847 4943 2908 4996 τὸ
2944 4942 3195 5014 ὕφασμα,
3231 4954 3340 5000 etc.
3378 4943 3493 4998 Fol.
3519 4941 3636 4996 ΞΗ.

2245 5034 2506 5104 Ἔλεγχος
2557 5036 2656 5104 τῆς
2682 5038 2762 5099 εἰς
2793 5036 2856 5090 τὸ
2897 5036 3178 5091 θειότατον
3222 5037 3340 5108 φῶς
3381 5038 3480 5105 τῆς
3515 5033 3606 5086 τοῦ
3638 5031 3731 5081 Κυ-

2172 5123 2291 5194 ρίου
2349 5125 2860 5196 μεταμορφώσεως,
2919 5129 3275 5197 παντοδαπῆς
3333 5127 3428 5180 τοῦ
3492 5119 3728 5196 Γρηγορᾶ

2173 5216 2526 5285 βλασφημίας
2575 5219 2672 5269 καὶ
2724 5219 3071 5288 παράστασις
3127 5221 3187 5286 ἐξ
3252 5220 3599 5278 ἀντιθέσεως,
3657 5213 3729 5265 ὅτι

2170 5309 2426 5362 ἄκτιστον
2455 5308 2616 5361 τοῦτο
2643 5304 2791 5362 εστιν
2820 5309 2895 5374 ὡς
2926 5310 3146 5380 άληθῶς
3172 5312 3266 5365 καὶ
3292 5311 3485 5364 ἀΐδιον.
3503 5305 3725 5376 Ἐγράνη

2171 5404 2265 5455 καὶ
2303 5402 2587 5471 ἀπεστάλη
2620 5401 2700 5470 τῷ
2729 5403 3022 5471 ἁγιωτάτῳ
3077 5406 3173 5457 καὶ
3229 5399 3590 5473 οἱκουμενικῷ
3637 5412 3728 5446 πηι-

2172 5492 2428 5562 τριάρχῃ.
2463 5492 2733 5562 Refutatio
2769 5497 3088 5548 omnimodis
3129 5495 3471 5563 blasphemia:
3499 5491 3724 5554 Gregorw

2181 5587 2326 5637 circa
2366 5586 2758 5639 divinissimum
2788 5588 2965 5641 lumen
2985 5585 3472 5658 transﬁgurationis
3497 5577 3727 5634 Domini;

2171 5695 2232 5731 ac
2257 5678 2639 5734 demonstratio
2689 5695 2755 5734 ea:
2795 5682 3067 5745 antithesi,
3099 5681 3239 5751 quod
3285 5679 3420 5732 illud
3450 5679 3727 5731 increatum

2174 5786 2288 5824 vere
2345 5771 2414 5824 sit
2460 5781 2508 5824 et
2540 5769 2816 5831 aeternum.
2859 5774 3072 5844 Scripta
3107 5785 3156 5828 et
3184 5777 3345 5828 missa
3395 5781 3470 5825 est
3521 5769 3586 5821 ad
3612 5779 3724 5819 san-

2175 5863 2468 5917 etissimum
2527 5875 2575 5921 et
2630 5869 3004 5923 tecumenicum
3067 5866 3448 5938 patriarcham.
3482 5861 3719 5917 Initium:
