4046 6484
382 572 551 626 Οὐδὲν
593 564 727 631 οἷον,
761 558 805 620 ὦ
832 566 953 635 φίλε
984 562 1251 628 δέσποτα,
1301 563 1350 615 εἰ
1401 579 1479 633 μη
1525 560 1650 617 λίαν
1686 562 1972 632 ἐντέχνους

382 678 649 730 ποιουμαι
681 660 807 723 τοὺς
842 659 1057 728 λόγους,
1089 666 1199 712 etc.
1235 655 1354 710 Fol.
1378 654 1509 710 266.

459 753 721 823 Ἔλεγχος
753 751 834 806 ἔτι
879 750 980 821 τῆς
1013 751 1094 814 είς
1130 748 1192 802 τὸ
1233 747 1516 803 θειότατον
1561 746 1676 816 φῶς
1722 748 1822 816 τῆς
1874 744 1971 800 τοῦ

382 845 589 918 Κυρίου
635 841 1147 916 μεταμορφώσεως,
1203 841 1558 909 παντοδαπῆς
1588 839 1682 893 τοῦ
1715 839 1974 910 Γρηγορᾶ

395 938 753 1013 βλασφημίας
773 955 787 969 ο
828 939 925 992 καὶ
971 936 1320 1008 παράστασις
1347 934 1426 989 ἔτι
1450 934 1539 988 διὰ
1569 934 1857 998 πλειόνων,
1891 933 1974 988 ὅτι

384 1032 645 1088 ἄκτιστον
681 1029 842 1085 τοῦτό
886 1026 1036 1084 ἐστιν
1068 1028 1145 1093 ὡς
1175 1027 1396 1100 άληθῶς
1449 1028 1546 1082 καὶ
1601 1026 1797 1091 ἀΐδιον,
1848 1027 1974 1098 οὐχὶ

390 1125 512 1179 θεία
542 1124 725 1194 φύσις,
754 1123 786 1194 ὴ
816 1123 949 1177 πᾶσι
982 1121 1332 1176 παντάπασιν
1356 1119 1695 1189 άνέκφαντος
1725 1119 1783 1174 δν
1808 1119 1931 1192 (sic)
1957 1136 1972 1152 °

388 1217 527 1272 ἀλλὰ
560 1217 618 1269 τὸ
656 1218 788 1286 περὶ
810 1213 982 1286 αὐτὴν
1031 1213 1179 1268 κατὰ
1206 1213 1336 1276 τοὺς
1373 1211 1675 1283 θεηγόρους
1721 1211 1974 1283 ἀληθινὸν

389 1311 485 1367 καὶ
527 1307 948 1380 ἐρασμιώτατον
1005 1306 1229 1373 κάλλος,
1282 1305 1466 1377 μόνοις
1512 1306 1627 1368 τοῖς
1676 1304 1852 1373 ἁγίοις
1879 1305 1977 1356 καί⁵

389 1403 486 1456 νῦν
527 1402 602 1465 ὼς
647 1402 707 1453 ἐν
757 1399 1081 1472 ἀρῤαόῶνος
1137 1398 1297 1469 μέρει
1348 1399 1488 1454 κάπὶ
1541 1396 1635 1451 τοῦ
1687 1397 1976 1466 μέλλοντος

386 1495 582 1558 αἰῶνος
612 1492 985 1556 ἀδιαλείπτως
1018 1491 1288 1562 ὑπάρχον,
1321 1490 1596 1561 μεθεκτόν
1622 1506 1679 1543 τε
1714 1488 1807 1542 καὶ
1842 1488 1977 1541 θεω-

389 1587 572 1658 ρητόν.
603 1585 875 1654 Refuta'io
905 1586 1101 1639 iterum
1129 1583 1451 1639 omnimodas
1473 1582 1814 1653 blasphemia:
1843 1578 1976 1634 Gre-

387 1693 528 1750 gorte
580 1677 720 1729 circa
768 1675 1166 1730 divinissimum
1221 1674 1399 1728 lumen
1477 1671 1973 1743 trans/igurationis

390 1769 648 1829 Domini;
682 1775 731 1819 et
768 1767 1158 1820 demonstratio
1209 1763 1493 1835 prolixior,
1526 1763 1666 1833 quod
1702 1762 1837 1817 illud
1860 1776 1974 1815 vere

389 1861 685 1915 increatum
713 1860 782 1913 sit
814 1869 863 1913 et
891 1870 1172 1925 a'ternum,
1202 1874 1307 1912 non
1333 1867 1508 1911 autem
1539 1857 1719 1911 divina
1752 1863 1972 1920 natura,

391 1971 508 2025 qua:
539 1957 777 2010 omnibus
813 1953 1027 2008 omnino
1056 1950 1338 2004 invisibilis
1362 1959 1438 2004 est
1472 1963 1491 2003 :
1517 1948 1609 2003 sed
1635 1946 1974 2017 pulchritudo

387 2048 483 2102 illa
514 2065 636 2103 vera
684 2059 733 2103 et
784 2045 1176 2102 amabilissima
1207 2058 1325 2114 qua?
1362 2045 1531 2113 ipsam
1570 2040 1869 2095 circumdat
1901 2052 1976 2094 sc-

391 2139 621 2192 cundum
652 2139 943 2208 theologos,
975 2133 1105 2188 solis
1127 2134 1327 2188 sanctis
1353 2146 1397 2187 et
1432 2149 1569 2186 nunc
1592 2132 1751 2202 qua..i
1796 2132 1978 2201 pigno-

390 2231 464 2285 ris
493 2229 607 2283 loco
632 2240 682 2284 et
714 2229 771 2284 in
796 2229 979 2298 futuro
1009 2224 1204 2281 saeculo
1230 2227 1560 2279 incessanter
1580 2221 1975 2293 participabilis

389 2332 441 2379 et
471 2323 718 2378 visibilis.
750 2322 970 2377 Initium
1009 2337 1025 2378 :
1060 2320 1184 2373 Ὅτι
1214 2319 1314 2388 μὲν
1345 2315 1441 2372 οὖν
1480 2318 1575 2372 καὶ
1599 2313 1668 2387 ἦν
1697 2318 1790 2370 καὶ
1839 2316 1973 2382 ἐστι,

390 2416 492 2470 καὶ
544 2416 722 2481 ἔσται,
776 2413 839 2467 τδ
892 2413 1005 2476 τοῖς
1055 2410 1336 2482 ἐκκρίτοις
1367 2410 1478 2464 τῶν
1521 2408 1804 2480 μαθητῶν,
1865 2415 1972 2461 etc.

391 2509 509 2565 Fol.
539 2507 668 2570 275.
699 2522 884 2563 verso.
1513 2519 1519 2526 ’

461 2600 570 2655 Τοῦ
605 2599 772 2654 αὑτοῦ
802 2596 1089 2669 ἐπιστολὴ.
1127 2595 1265 2667 πρὸς
1308 2593 1400 2648 τὴν
1444 2593 1800 2662 ἐρωτήσαντα
1851 2591 1979 2660 περὶ

390 2694 493 2765 τῆς
532 2692 868 2764 ἐγκειμένης
901 2690 980 2762 τῷ
1007 2686 1273 2758 συνοδικῷ
1305 2685 1457 2757 τόμῳ
1491 2683 1583 2738 τοῦ
1610 2683 1844 2754 μεγάλου
1880 2682 1982 2735 Βα-

1208 445 1530 507 OPERUM
1580 442 2057 504 ARGUMENTA
2098 443 2202 503 EX
2240 442 2461 507 com).
2496 427 2866 508 COISLlN.‘

3547 455 3654 520 $433

2076 560 2373 628 impetitum
2429 563 2584 629 quasi
2617 580 2721 617 non
2772 564 3079 634 genuinum.
3127 565 3349 621 Initium
3383 584 3398 622 :
3440 569 3534 622 Δεῖ
3559 585 3658 623 και

2075 655 2374 723 ἀναγκαῖόν
2406 657 2577 719 ὲστ;ν,
2612 657 2829 726 ἁδελφὲ,
2865 659 2993 722 τοὺς
3026 660 3500 732 παραδεδομένους
3550 662 3657 716 ὑπὸ

2075 745 2176 813 τῆς
2212 747 2306 799 τοῦ
2331 747 2577 801 Χριστοῦ
2621 748 2971 817 Ἑκκλησίας,
3008 761 3118 807 etc.
3163 749 3280 807 Fol.
3313 751 3442 818 287,
3478 768 3661 809 verso.

2148 835 2254 890 Τοῦ
2295 837 2462 891 αὑτοῦ
2493 841 2766 907 κεφάλαια
2820 841 3017 895 ἐκατδν
3058 842 3399 914 πεντήκοντα
3450 844 3661 913 φυσικὰ

2077 929 2173 983 καὶ
2205 929 2515 998 θεολογικὰ,
2551 932 2719 1003 ἠθικά
2743 950 2803 985 τε
2844 934 2940 989 καὶ
2983 934 3291 1006 πρακτικὰ,
3324 936 3421 990 καὶ
3453 935 3663 1006 καθαρ-

2075 1021 2204 1075 τικὰ
2254 1021 2357 1091 τῆς
2417 1021 2855 1093 Βαρλααμίτιδος
2909 1024 3110 1096 λύμης.
3170 1025 3427 1097 Ejusdem
3480 1029 3661 1094 capita

2077 1124 2286 1167 centum
2310 1114 2699 1186 quinquaginta
2727 1116 2944 1186 physica
2971 1128 3020 1171 et
3053 1119 3369 1189 theologica,
3405 1120 3580 1174 ethica
3614 1127 3665 1174 et

2075 1207 2332 1273 practica,
2360 1216 2409 1261 et
2441 1209 2730 1275 purgantia
2758 1225 2790 1261 a
2826 1208 3219 1264 Barlaamiica
3250 1211 3357 1264 lue.
3394 1210 3608 1264 Initium
3644 1228 3660 1267 :

2076 1292 2324 1369 Ἶίρχθαι
2380 1298 2471 1351 τὸν
2517 1300 2722 1369 κόσμον
2773 1302 2868 1354 καὶ
2912 1302 2945 1371 ἡ
2996 1301 3160 1371 φύσις
3195 1301 3446 1357 διδάσκει
3504 1304 3598 1356 καὶ
3627 1307 3661 1376 ἠ

2079 1390 2294 1461 ἱστορία
2333 1389 2650 1456 πιστοῦται,
2681 1402 2788 1447 etc.
2815 1392 2933 1447 Fol.
2964 1394 3090 1448 9.90.

2149 1485 2434 1551 Συνοδικδς
2461 1486 2625 1555 τόμος
2658 1486 2802 1540 κατὰ
2829 1485 2931 1555 τῆς
2964 1487 3232 1557 Βαρλαὲιμ
3285 1489 3379 1542 καὶ
3420 1487 3665 1542 Ἀκινδύ-

2076 1594 2169 1629 νου
2201 1577 2411 1647 πλάνης
2465 1580 2576 1639 τοῖς
2625 1579 2916 1648 προτέροις
2948 1579 3072 1631 κατ’
3093 1578 3279 1633 αὐτῶν
3312 1582 3507 1649 τόμοις
3534 1583 3667 1650 όμό·

2075 1669 2254 1737 λόγος.
2278 1669 2530 1736 Ἐγένετο
2554 1669 2611 1722 δὲ
2637 1670 2726 1723 διὰ
2761 1671 2889 1734 τοὺς
2921 1668 3048 1723 ὖστε
3060 1688 3152 1742 ρον
3184 1672 3664 1744 ἀκολουθήσαντας

2077 1765 2143 1833 τῇ
2180 1762 2389 1815 τούτων
2420 1762 2598 1833 πλάνῃ
2633 1763 2725 1815 τόν
2745 1780 2805 1815 τε
2836 1763 3262 1834 χρηματίσαντα
3304 1764 3540 1836 Ἑφέσου
3569 1768 3663 1819 καὶ

2077 1844 2170 1907 τὸν
2200 1854 2396 1921 Γάνου,
2421 1853 2710 1926 Γρηγορᾶν
2741 1871 2802 1907 τε
2830 1857 2923 1908 καὶ
2945 1854 3153 1923 Δεξιὸν,
3184 1859 3280 1910 καὶ
3314 1857 3443 1920 τοὺς
3471 1858 3661 1920 αὐτοῖς

2077 1947 2545 2018 συνυπαχθέντας.
2599 1945 2897 2017 Synodicus
2938 1957 3112 2003 tomus
3161 1959 3349 2004 contra
3376 1948 3658 2003 Barlaami

2075 2049 2124 2094 et
2161 2038 2427 2110 Acindyni
2448 2055 2703 2103 errorem,
2737 2040 2830 2110 qui
2866 2051 3039 2094 tomus
3073 2057 3191 2095 cum
3232 2041 3499 2112 prioribus
3542 2059 3668 2096 con-

2077 2142 2161 2185 tra
2193 2148 2280 2186 eos
2313 2131 2471 2186 editis
2496 2132 2655 2186 tomis
2687 2133 2968 2187 consentit.
2996 2130 3201 2191 Factus
3228 2145 3305 2189 est
3336 2148 3511 2190 autem
3537 2152 3668 2189 con-

2079 2235 2163 2280 tra
2214 2239 2301 2279 eos
2331 2224 2419 2295 qui
2450 2233 2714 2290 postremo
2751 2225 2987 2294 ipsorum
3021 2243 3259 2284 errorem
3305 2229 3473 2283 secuti
3507 2238 3668 2291 sunt;

2081 2317 2278 2386 Ephesi
2336 2333 2519 2388 nempe
2571 2328 2623 2371 et
2669 2316 2808 2371 Cani
2872 2318 3197 2390 episcopum,
3268 2319 3561 2392 Gregoram
3618 2332 3670 2377 ct

2080 2410 2329 2473 Dexium,
2394 2417 2444 2462 et
2498 2408 2636 2462 alios
2664 2414 2730 2462 ab
2764 2409 2833 2463 iis
2858 2425 3034 2463 secum
3067 2412 3351 2468 adductas.
3391 2415 3607 2472 Initium
3652 2437 3668 2475 :

2081 2499 2221 2555 Οὔτε
2280 2500 2382 2569 τὴν
2436 2499 2581 2553 κατὰ
2626 2503 2725 2571 τῆς
2765 2499 3095 2570 Ἐκκλησίας
3149 2502 3242 2558 τοῦ
3286 2506 3470 2560 κοινοῦ
3507 2509 3670 2562 πολε-

2084 2595 2210 2665 μίου
2242 2593 2440 2664 μανίαν
2462 2594 2679 2663 ἀγνοεῖν
2703 2596 2896 2650 οὐδένα
2918 2597 3234 2668 νομίζομεν,
3266 2607 3374 2653 etc.
3400 2598 3513 2654 Fol.
3542 2600 3672 2668 δεῖ,

2083 2700 2263 2740 verso.
2299 2690 2433 2740 Acta
2470 2697 2553 2739 est
2589 2686 2705 2741 tunc
2753 2688 2994 2758 synodus
3049 2704 3197 2743 anno
3248 2691 3431 2755 ,ςωνθ’
3488 2691 3539 2746 id
3589 2703 3674 2747 est

395 2788 602 2843 σιλείου
639 2788 875 2858 ρήσεως,
910 2785 1006 2840 καὶ
1052 2781 1206 2854 παρὰ
1249 2779 1346 2834 τοῦ
1399 2779 1658 2852 Γρηγορᾶ
1712 2794 1983 2847 συκοφαν-

391 2880 668 2950 τουμένης
721 2878 798 2942 ὼς
869 2878 946 2948 μὴ
1017 2874 1269 2946 γνησίας.
1332 2870 1585 2941 Ejusdem
1644 2868 1864 2939 epistola
1913 2868 1982 2923 ad

395 2971 676 3041 quemdam
709 2970 1120 3039 interrogantem
1157 2965 1301 3018 circa
1342 2963 1546 3017 dictant
1588 2961 1781 3016 Basilii
1808 2959 1983 3029 magni
2086 2960 2246 3015 ctiam
2306 2961 2370 3017 C.
2428 2961 2486 3016 P.
2533 2962 2860 3031 Callistum,
2908 2967 3271 3038 metropolite
3329 2969 3401 3024 23
3452 2969 3673 3040 etepi-

394 3065 452 3117 in
480 3062 731 3133 synodico
763 3070 905 3117 tanta
953 3057 1206 3123 allatum,
1257 3064 1307 3111 et
1339 3073 1372 3110 α
1407 3053 1646 3125 Gregora
1696 3051 1981 3108 calumniis
2089 3051 2240 3124 scopi
2277 3052 2333 3109 3.

2085 2780 2273 2835 mundi
2333 2778 2493 2835 6859.
2536 2779 2739 2836 Christi
2793 2782 2953 2847 I351,
3007 2784 3093 2837 cui
3143 2783 3502 2839 subscribunt
3547 2794 3673 2855 post

2086 2870 2499 2941 imperatorem,
2540 2870 2804 2927 Joannem
2855 2874 3300 2930 Cantacuzmium
3345 2888 3401 2930 et
3431 2879 3672 2948 patriar-

474 3204 660 3260 Codex
688 3202 779 3269 Cl,
813 3202 943 3258 olim
982 3187 1235 3264 CCCVH,
1267 3196 1655 3269 bombycinus,
1685 3195 1845 3267 cujus
1870 3194 1994 3250 folia
2019 3206 2382 3253 numerantur
2417 3197 2545 3254 298.
2576 3197 2810 3256 Maxima
2833 3215 2900 3256 ex
2932 3211 3088 3273 parte
3111 3202 3352 3274 scriptus
3389 3212 3476 3260 est
3509 3218 3675 3258 manu

399 3300 663 3371 Sylvestri
718 3295 969 3369 Syropuli
1003 3296 1095 3367 qui
1146 3295 1286 3350 hanc
1341 3302 1527 3347 notam
1572 3293 1624 3347 in
1657 3290 1765 3347 ﬂne
1791 3291 2003 3361 scripsit

2094 3292 2399 3366 Ετελειώθη
2438 3298 2499 3349 τὸ
2529 3297 2707 3366 παρὸν
2736 3296 2942 3368 βιϐλίον
2972 3300 3062 3354 διὰ
3099 3299 3282 3372 χειρὸς
3305 3298 3403 3354 τοῦ
3434 3298 3675 3368 μεγάλου

397 3391 800 3462 ἐκκλησιάρχου
850 3389 948 3459 τῆς
982 3385 1299 3456 ἁγιωτάτης
1338 3384 1434 3438 τοῦ
1475 3384 1613 3438 Θεοῦ
1663 3384 1925 3454 Μεγάλης
1972 3385 2270 3456 ἐκκλησίας
2298 3387 2551 3444 διακόνου
2602 3389 2930 3463 Σιλϐἐστρου
2981 3393 3075 3446 τοῦ
3101 3392 3441 3464 Συροπύλου,
3471 3393 3530 3446 ἐν
3563 3391 3676 3445 ἔτει

396 3490 605 3565 ,ςξνγκ
631 3484 762 3554 μηνὶ
784 3481 1116 3550 Ἀύγούστῳ,
1141 3480 1336 3534 ίνδικτ.
1366 3485 1440 3549 η’.
1480 3476 1537 3533 Id
1569 3485 1652 3533 est
1680 3492 1695 3531 :
1723 3476 2003 3532 Absolutus

2091 3485 2109 3530 t
2137 3478 2222 3532 hic
2244 3478 2378 3533 liber
2404 3496 2565 3534 manu
2592 3482 2772 3553 magni
2798 3483 3169 3541 ecclesiarchte
3202 3487 3554 3541 sanctissima!
3578 3472 3678 3542 Dei

405 3582 618 3649 lngua:
646 3577 877 3632 ecclesia:
901 3575 1112 3631 diaconi
1146 3574 1403 3646 Sglvestri
1427 3571 1699 3646 Syropuli,
1738 3588 1877 3627 anno
1908 3572 2138 3644 (mundi)
2167 3573 2308 3629 6955
2333 3574 2556 3646 (Christi
2585 3575 2769 3646 1445),
2793 3594 2971 3634 mense
2998 3578 3237 3650 Augusto
3269 3580 3556 3636 indictione
3587 3583 3622 3638 8

477 3720 590 3777 Fol.
618 3720 673 3785 5,
706 3717 1026 3774 inscribitur
1066 3718 1154 3772 hic
1181 3718 1371 3784 codex,
1401 3715 1511 3772 τῶν
1550 3718 1983 3789 κατηχουμένων

399 3811 498 3880 τῆς
547 3808 698 3880 ίερᾶς
753 3805 964 3876 λαύρας
1018 3803 1117 3858 τοῦ
1168 3803 1330 3873 ἁγίου
1377 3803 1723 3872 Ἀθανασίου,
1754 3806 1805 3859 id
1843 3814 1926 3861 est
1965 3823 1980 3859 :

400 3902 911 3959 Cutechumenorum
975 3909 1148 3949 sacra:
1210 3893 1381 3948 laurte
1439 3890 1500 3948 S.
1548 3892 1836 3949 Athanasii
1906 3894 1985 3963 (in

405 3999 587 4045 monte
626 3989 815 4059 Atlio.)
855 3988 912 4042 tn
955 4002 1022 4042 eo
1049 3985 1397 4042 continentur
1430 3981 1702 4039 Philothei
1746 3981 1979 4054 patriar-

403 4083 521 4137 cha.
541 4080 649 4136 ΕΡ.
679 4097 844 4150 opera
871 4078 1130 4135 adversus
1147 4076 1442 4147 Grv-goram
1472 4075 1544 4145 ph
1567 4072 1854 4143 lusaphum
1880 4072 1979 4144 (tt).

404 4176 601 4229 Exstat
644 4172 803 4225 initio
845 4168 1049 4239 duplex
1103 4169 1424 4225 earumdem
1466 4170 1810 4238 Protheoria,
1854 4186 1989 4241 quas

404 4273 693 4320 accuratus
725 4263 885 4317 iudex
927 4260 1230 4331 hujusmodi
1257 4265 1527 4332 sequitur.

476 4352 583 4407 Ἱόῦ
659 4348 968 4418 άεθιωτάτου
999 4347 1120 4402 ’καὶ
1167 4351 1494 4418 σοφωτάτου
1555 4350 1989 4424 ἀρχιεπισκόπου

408 4443 1039 4507 Κωνσταντινουπόλεως
1066 4442 1193 4507 νέας
1223 4444 1449 4516 Ῥώμης
1470 4444 1858 4518 οἰκουμενικοῦ
1884 4463 1992 4501 πα·

406 4529 880 4609 τριάρχουκυροῦ
914 4534 1192 4598 Φιλοθέςιυ,
1219 4537 1356 4606 πρὶς
1383 4539 1455 4591 τὰ
1489 4539 1879 4609 συγγραφέντα
1912 4538 1990 4610 τῷ

406 4632 705 4702 φιλοσόφῳ.
739 4627 1083 4684 Sanctissimi
1109 4637 1159 4681 et
1192 4630 1585 4699 sapientissimi
1613 4631 1993 4701 archiepiscopi

405 4721 982 4791 Constantinopolitani
1010 4737 1156 4778 novre
1196 4719 1398 4789 Romae,
1429 4726 1731 4780 accumenici
1759 4725 1993 4794 patriar-

360 4834 365 4837 ‘
406 4819 518 4870 clue
568 4814 633 4868 ι).
674 4809 960 4877 Philothei,
1011 4811 1262 4866 adversus
1310 4829 1374 4866 ea
1433 4828 1550 4883 qua:
1594 4830 1628 4867 a
1668 4813 1991 4884 philosopho

405 4913 606 4982 scripta
630 4919 774 4962 sunt.
1436 4966 1439 4971 ,
1516 4926 1530 4940 ·
1880 4902 1884 4906 ’

491 5003 527 5055 Γ
534 5007 753 5077 ρηγορᾶ
775 5006 917 5060 κατά
946 5024 1005 5061 τε
1047 5005 1143 5061 τοῦ
1181 5004 1328 5076 ίεροῦ
1363 5003 1806 5077 τῆςἘκκλησίας
1830 5001 2000 5072 τόμου

411 5099 507 5148 καὶ
531 5097 682 5160 θείας
706 5099 996 5170 ἐνεργείας
1028 5099 1127 5152 καὶ
1149 5097 1402 5152 θεοποιοῦ
1423 5099 1669 5168 χάριτος,
1700 5095 1796 5152 καὶ
1815 5093 1880 5165 δὴ
1906 5094 2002 5147 καὶ

407 5187 507 5255 τῆς
524 5188 820 5262 ὁραθείσης
850 5194 910 5244 ἐν
948 5190 1218 5262 Θαϐωρίῳ
1237 5191 1537 5261 ὑπερφυῶς
1558 5188 1888 5260 θεοφανείας
1938 5204 1998 5239 τε

340 5328 343 5331 ,
408 5282 507 5332 καὶ
529 5281 808 5348 θεότητος,
830 5284 970 5355 πρὸς
990 5282 1082 5336 τὸν
1104 5282 1324 5354 πρῶτον
1351 5281 1520 5337 αὐτοῦ
1545 5282 1707 5350 λόγον
1730 5280 1986 5350 ἁντιρρη-

406 5373 558 5436 τικὸς
576 5375 1070 5446 πρῶτοςλένεςονω
1087 5385 1277 5429 contra
1291 5389 1505 5429 sacrum
1524 5372 1776 5428 Ecclesia:
1795 5380 1997 5425 tantum

407 5475 455 5519 et
478 5465 715 5521 divinam
742 5469 1122 5538 operationem,
1155 5477 1205 5522 et
1239 5468 1408 5522 visam
1446 5468 1502 5521 in
1547 5465 1809 5520 Thaborio
1833 5479 1999 5535 appa-

410 5558 659 5613 ritionem
690 5559 786 5616 Dei
807 5571 857 5616 et
888 5562 1141 5616 deitatem
1171 5562 1377 5630 primus
1412 5559 1547 5614 liber
1592 5559 1675 5612 hic
1708 5559 1995 5628 refutatur,

413 5652 803 5709 Antirrheticus
844 5656 1071 5724 primus.
1125 5654 1384 5708 Initium:
1423 5653 1727 5725 Ἐδεξάμην
1756 5653 1824 5705 τὰ
1870 5654 1997 5704 καθ’

414 5744 569 5814 ἡμῶν
597 5762 657 5798 τε
704 5746 800 5801 καὶ
848 5748 948 5818 τῆς
986 5747 1272 5810 εὐσεϐείας
1311 5745 1389 5815 τῷ
1423 5747 1703 5817 φιλοσόφῳ
1734 5746 1994 5817 Γρηγορᾷ

421 5835 723 5904 πονηθέντα
773 5837 1209 5911 συγγράμματα,
1262 5841 1521 5908 κράτιστε
1579 5836 1821 5900 Βασιλεῦ,
1881 5848 1988 5894 etc.

414 5924 526 5981 Fol.
568 5928 625 5983 5.

2158 3717 2304 3790 Πρὸς
2333 3717 2422 3772 τὸν
2444 3718 2589 3773 κατὰ
2617 3720 2714 3788 τῆς
2738 3720 3017 3787 εύσεόείας
3051 3721 3142 3776 καὶ
3171 3720 3264 3777 τοῦ
3291 3723 3440 3795 ἱεροῦ
3471 3724 3680 3796 ταύτης

2088 3810 2260 3879 τόμου
2308 3809 2562 3881 δεύτερον
2622 3812 2874 3882 διάλογον
2923 3812 3018 3868 τοῦ
3077 3815 3370 3886 φιλοσόφου
3422 3816 3681 3889 Γρηγορᾶ

2090 3901 2248 3970 λόγος
2285 3903 2673 3974 ἀντιρρητικδς
2705 3905 2983 3976 δεύτερος,
3014 3907 3145 3977 περὶ
3172 3907 3443 3979 διαφορᾶς
3490 3910 3680 3974 οὐσίας

2093 3991 2246 4057 θείας
2301 3994 2396 4047 καὶ
2435 3994 2741 4065 ἐνεργείας.
2777 3995 3045 4052 Adversus
3097 3999 3387 4055 secundum
3433 3998 3681 4072 Gregorte

2094 4084 2393 4157 philosophi
2426 4086 2697 4159 dialogum
2755 4097 2940 4142 contra
2970 4091 3118 4160 piam
3172 4091 3328 4161 ﬁdem
3359 4101 3407 4148 et
3448 4093 3563 4162 ejus
3586 4111 3681 4149 sa-

2095 4193 2246 4233 crum
2279 4188 2482 4232 tomum
2531 4181 2923 4235 Antirrheticus
2977 4183 3260 4249 secundus,
3293 4182 3356 4237 de
3375 4183 3682 4253 differentia

2095 4269 2338 4325 essentia:
2389 4270 2586 4326 divina:
2620 4271 2685 4326 ab
2743 4272 3071 4343 operatione.
3103 4269 3364 4329 Initium:
3408 4275 3541 4330 ὐύκ
3585 4277 3683 4347 ἐρ-

2095 4356 2270 4425 γῶδες
2332 4358 2433 4426 μέν
2457 4375 2509 4411 τι
2544 4357 2705 4413 ’πάνυ
2750 4361 2845 4415 καὶ
2888 4359 3154 4432 χαλεπὸν,
3184 4354 3230 4417 ὦ
3258 4361 3541 4434 σοφώτατε
3587 4365 3684 4419 καὶ

2098 4448 2414 4521 φιλόχριστε
2438 4448 2684 4521 βασιλεῦ,
2707 4463 2810 4506 etc.
2842 4451 2958 4507 Fot.
2991 4452 3072 4507 l5.

2173 4544 2314 4613 Πρὸς
2347 4547 2440 4599 τὸν
2470 4546 2634 4602 αὐτὸν
2666 4546 2959 4617 φιλόσοφον
2987 4548 3278 4620 Γρηγορᾶν
3304 4549 3464 4618 λόγος
3492 4550 3685 4624 ἀντιρο

2101 4637 2324 4708 ρητικδς
2358 4637 2539 4707 τρίτος
2580 4638 2710 4710 περί
2758 4655 2820 4692 τε
2876 4638 3143 4711 διαφορᾶς
3181 4638 3265 4693 ἔτι
3299 4639 3452 4705 θείας
3496 4640 3686 4705 οὐσίας

2098 4728 2195 4782 καὶ
2224 4729 2529 4801 ἐνεργείας,
2582 4731 2677 4784 καὶ
2726 4730 2862 4801 περί¹
2897 4730 3049 4792 θείας
3087 4724 3374 4801 δυνάμεως
3402 4733 3520 4802 ἢνῖὸ
3549 4732 3687 4797 Θεὸς

2099 4820 2347 4889 φυσικῶς
2378 4821 2494 4892 ἔχει
2527 4821 2669 4875 κατὰ
2693 4822 2822 4885 τοὺς
2859 4822 3040 4892 ἱεροὺς
3076 4821 3388 4887 θεολόγους.
3415 4824 3685 4881 Adversus

2099 4914 2343 4968 eumdem
2396 4913 2763 4984 philosophum
2805 4911 3094 4983 Gregoram
3132 4913 3265 4969 liber
3290 4915 3686 4972 Antirrheticus

2099 5008 2312 5072 tertius,
2348 5022 2562 5060 rursum
2619 5008 2684 5061 de
2734 5007 3039 5077 diﬂ'erentia
3098 5007 3292 5062 divina:
3338 5011 3580 5065 essentia:
3617 5010 3684 5063 ab

2097 5101 2420 5166 operatione,
2448 5108 2497 5153 et
2529 5098 2595 5152 de
2619 5100 2803 5154 divina
2846 5102 3041 5156 virtute
3070 5117 3230 5172 quam
3288 5100 3431 5159 Deus
3464 5111 3688 5157 natura-

2099 5193 2219 5248 liter
2242 5193 2397 5247 habet
2418 5194 2710 5248 secundum
2735 5211 2917 5249 sacros
2950 5196 3238 5267 theologos.
3267 5194 3487 5251 Initium
3510 5196 3688 5263 ςΛέγε

2094 5285 2160 5355 δὴ
2188 5284 2300 5352 οὖν,
2335 5278 2380 5339 ὦ
2413 5284 2544 5338 καλὲ
2568 5287 2844 5357 Γρηγορᾶ,
2871 5287 2940 5340 τά
2974 5287 3117 5341 κατὰ
3143 5288 3244 5357 τῆς
3279 5289 3433 5358 ἱερᾶς
3470 5288 3688 5356 ἐκείνης

2098 5377 2319 5431 συνόδου
2377 5393 2440 5431 τε
2489 5381 2586 5435 καὶ⁴
2632 5376 2729 5437 τοῦ
2782 5380 2954 5451 τόμου
3010 5379 3221 5450 γυμνά,
3263 5391 3372 5435 etc.
3422 5380 3543 5435 Fot.
3593 5381 3688 5446 22,

2097 5484 2279 5525 νει-ει).

2158 5561 2301 5632 Πρὸς
2318 5561 2591 5633 τὸναύτδν
2609 5543 2896 5635 Γρηγορᾶίν
2910 5564 3068 5634 λόγος
3086 5562 3476 5636 ἀντιρῤητικδς
3489 5564 3687 5633 τέταρ-

2095 5670 2185 5715 τος
2205 5653 2289 5707 ἐτι
2315 5655 2447 5725 περὶ
2467 5654 2733 5726 διαφορᾶς
2760 5657 2949 5721 οὐσίας
2969 5656 3121 5720 θείας
3142 5657 3239 5711 καὶ
3266 5655 3572 5726 ἐνεργείας,
3587 5655 3685 5708 καὶ

2102 5763 2169 5800 πε
2179 5748 2230 5815 ρί
2248 5745 2535 5817 δυνάμεως
2553 5747 2689 5802 Θεοῦ
2709 5751 2947 5820 φυσικῆς
2975 5767 2990 5782 ·
3014 5749 3280 5820 ἑρμηνεία
3295 5764 3356 5800 τε
3370 5747 3480 5801 τῶν
3500 5746 3683 5819 ῥητῶν

2105 5839 2377 5910 Κυρίλλου
2400 5842 2498 5896 καὶ
2542 5841 2797 5897 Ἰωάννου
2830 5842 2940 5898 τῶν
2976 5843 3140 5916 ἱερῶν
3176 5840 3464 5910 θεολόγων,
3483 5841 3682 5911 ἅπερό

2104 5932 2396 6001 Γρηγορᾶς
2431 5934 2557 5991 καθ’
2590 5935 2750 6009 ἡμῶν
2779 5935 2853 6002 ὡς
2888 5936 3135 6008 ἡμέτερα
3166 5934 3331 6008 δῆθεν
3359 5932 3684 6003 κατατεμὼν

459 6018 533 6083 (ι)
562 6018 727 6072 Edidit
752 6020 1015 6075 Dositheus
1050 6023 1097 6075 in
1124 6027 1309 6095 ἰὈΜῼ
1347 6029 1617 6079 ΑΓΛΙΙΗΣ.
1662 6028 1786 6081 Vide
1821 6030 2003 6078 tomum

2090 6035 2359 6092 tquentem.

2583 6103 2647 6112 ,ρο-η
