  <div class='ocr_page' id='page_1' title='image "/cluster/home/n/w/nwhite01/storage/ocr_20150623/150:no.1/coo.31924054870559/428.png"; bbox 0 0 4046 6526; ppageno 0'>
   <div class='ocr_carea' id='block_1_1' title="bbox 1110 394 3594 495">
    <p class='ocr_par' dir='ltr' id='par_1_1' title="bbox 1110 394 3594 495">
     <span class='ocr_line' id='line_1_1' title="bbox 1110 394 3594 495; baseline -0.01 1"><span class='ocrx_word' id='word_1_1' title='bbox 1110 433 1439 495; x_wconf 64' lang='lat' dir='ltr'><strong><em>omnum</em></strong></span> <span class='ocrx_word' id='word_1_2' title='bbox 1482 427 1966 490; x_wconf 76' lang='lat' dir='ltr'>ARGUMENTA</span> <span class='ocrx_word' id='word_1_3' title='bbox 2008 424 2110 486; x_wconf 70' lang='lat' dir='ltr'><strong><em>ex</em></strong></span> <span class='ocrx_word' id='word_1_4' title='bbox 2148 422 2369 484; x_wconf 80' lang='lat' dir='ltr'><strong><em>conp.</em></strong></span> <span class='ocrx_word' id='word_1_5' title='bbox 2413 417 2746 479; x_wconf 70' lang='lat' dir='ltr'><strong><em>cmsuu.</em></strong></span> <span class='ocrx_word' id='word_1_6' title='bbox 3486 394 3594 471; x_wconf 61' lang='grc' dir='ltr'>διε</span> 
     </span>
    </p>
   </div>
   <div class='ocr_carea' id='block_1_2' title="bbox 2014 523 3659 607">
    <p class='ocr_par' dir='ltr' id='par_1_2' title="bbox 2014 523 3659 607">
     <span class='ocr_line' id='line_1_2' title="bbox 2014 523 3659 607; baseline -0.009 -17"><span class='ocrx_word' id='word_1_7' title='bbox 2014 537 2189 605; x_wconf 85' lang='grc' dir='ltr'>θησαν</span> <span class='ocrx_word' id='word_1_8' title='bbox 2220 534 2278 588; x_wconf 81' lang='grc' dir='ltr'>δὲ</span> <span class='ocrx_word' id='word_1_9' title='bbox 2318 536 2377 587; x_wconf 84' lang='grc' dir='ltr'>ὲν</span> <span class='ocrx_word' id='word_1_10' title='bbox 2411 532 2489 600; x_wconf 85' lang='grc' dir='ltr'>τῷ</span> <span class='ocrx_word' id='word_1_11' title='bbox 2520 531 2751 601; x_wconf 75' lang='grc' dir='ltr'>παρόντι</span> <span class='ocrx_word' id='word_1_12' title='bbox 2788 530 2881 583; x_wconf 77' lang='grc' dir='ltr'>καὶ</span> <span class='ocrx_word' id='word_1_13' title='bbox 2911 527 2978 581; x_wconf 80' lang='grc' dir='ltr'>τά</span> <span class='ocrx_word' id='word_1_14' title='bbox 3009 525 3230 596; x_wconf 75' lang='grc' dir='ltr'>ἑφεξῆς.</span> <span class='ocrx_word' id='word_1_15' title='bbox 3260 523 3375 578; x_wconf 86' lang='lat' dir='ltr'><strong><em>Huc</em></strong></span> <span class='ocrx_word' id='word_1_16' title='bbox 3399 524 3595 578; x_wconf 83' lang='lat' dir='ltr'><strong><em>desinit</em></strong></span> <span class='ocrx_word' id='word_1_17' title='bbox 3651 597 3659 607; x_wconf 75' lang='lat'>_</span> 
     </span>
    </p>
   </div>
   <div class='ocr_carea' id='block_1_3' title="bbox 2016 619 3595 694">
    <p class='ocr_par' dir='ltr' id='par_1_3' title="bbox 2016 619 3595 694">
     <span class='ocr_line' id='line_1_3' title="bbox 2016 619 3595 694; baseline -0.008 -12"><span class='ocrx_word' id='word_1_18' title='bbox 2016 630 2166 693; x_wconf 85' lang='lat' dir='ltr'><strong><em>liber,</em></strong></span> <span class='ocrx_word' id='word_1_19' title='bbox 2220 634 2279 680; x_wconf 88' lang='lat' dir='ltr'>ut</span> <span class='ocrx_word' id='word_1_20' title='bbox 2326 627 2385 680; x_wconf 91' lang='lat' dir='ltr'>in</span> <span class='ocrx_word' id='word_1_21' title='bbox 2438 623 2759 694; x_wconf 86' lang='lat' dir='ltr'><strong><em>protheoriis</em></strong></span> <span class='ocrx_word' id='word_1_22' title='bbox 2801 622 3095 676; x_wconf 87' lang='lat' dir='ltr'><strong><em>indicatur.</em></strong></span> <span class='ocrx_word' id='word_1_23' title='bbox 3140 619 3209 674; x_wconf 87' lang='lat' dir='ltr'><strong><em>In</em></strong></span> <span class='ocrx_word' id='word_1_24' title='bbox 3267 620 3363 672; x_wconf 85' lang='lat' dir='ltr'>hoc</span> <span class='ocrx_word' id='word_1_25' title='bbox 3415 625 3595 672; x_wconf 82' lang='lat' dir='ltr'><strong><em>autem</em></strong></span> 
     </span>
    </p>
   </div>
   <div class='ocr_carea' id='block_1_4' title="bbox 2014 703 3599 785">
    <p class='ocr_par' dir='ltr' id='par_1_4' title="bbox 2014 703 3599 785">
     <span class='ocr_line' id='line_1_4' title="bbox 2014 703 3599 785; baseline -0.008 -12"><span class='ocrx_word' id='word_1_26' title='bbox 2014 717 2309 785; x_wconf 70' lang='lat' dir='ltr'><strong><em>exemplari</em></strong></span> <span class='ocrx_word' id='word_1_27' title='bbox 2331 715 2517 769; x_wconf 87' lang='lat' dir='ltr'><strong><em>addita</em></strong></span> <span class='ocrx_word' id='word_1_28' title='bbox 2548 703 2809 783; x_wconf 69' lang='lat' dir='ltr'><strong><em>suntquae</em></strong></span> <span class='ocrx_word' id='word_1_29' title='bbox 2845 720 3179 782; x_wconf 84' lang='lat' dir='ltr'><strong><em>sequuntur:</em></strong></span> <span class='ocrx_word' id='word_1_30' title='bbox 3220 709 3280 763; x_wconf 84' lang='grc' dir='ltr'><strong>Ὀ</strong></span> <span class='ocrx_word' id='word_1_31' title='bbox 3313 708 3476 774; x_wconf 78' lang='grc' dir='ltr'>αὐτὸς</span> <span class='ocrx_word' id='word_1_32' title='bbox 3518 705 3599 778; x_wconf 80' lang='grc' dir='ltr'>τῷ</span> 
     </span>
    </p>
   </div>
   <div class='ocr_carea' id='block_1_5' title="bbox 2016 800 3601 878">
    <p class='ocr_par' dir='ltr' id='par_1_5' title="bbox 2016 800 3601 878">
     <span class='ocr_line' id='line_1_5' title="bbox 2016 800 3601 878; baseline -0.003 -17"><span class='ocrx_word' id='word_1_33' title='bbox 2016 806 2323 878; x_wconf 81' lang='grc' dir='ltr'>Πετριώτῃ,</span> <span class='ocrx_word' id='word_1_34' title='bbox 2363 805 2446 860; x_wconf 80' lang='grc' dir='ltr'>ὅτι</span> <span class='ocrx_word' id='word_1_35' title='bbox 2479 804 2669 874; x_wconf 85' lang='grc' dir='ltr'>ὥσπερ</span> <span class='ocrx_word' id='word_1_36' title='bbox 2709 801 2791 867; x_wconf 82' lang='grc' dir='ltr'>είς</span> <span class='ocrx_word' id='word_1_37' title='bbox 2834 804 2969 867; x_wconf 78' lang='grc' dir='ltr'>Θεὸς</span> <span class='ocrx_word' id='word_1_38' title='bbox 2996 806 3030 873; x_wconf 84' lang='grc' dir='ltr'><strong>ἡ</strong></span> <span class='ocrx_word' id='word_1_39' title='bbox 3057 802 3194 872; x_wconf 84' lang='grc' dir='ltr'>ἁγία</span> <span class='ocrx_word' id='word_1_40' title='bbox 3223 802 3420 872; x_wconf 82' lang='grc' dir='ltr'>Τριάς,</span> <span class='ocrx_word' id='word_1_41' title='bbox 3453 800 3601 857; x_wconf 77' lang='grc' dir='ltr'>οὕτω</span> 
     </span>
    </p>
   </div>
   <div class='ocr_carea' id='block_1_6' title="bbox 2018 894 3602 975">
    <p class='ocr_par' dir='ltr' id='par_1_6' title="bbox 2018 894 3602 975">
     <span class='ocr_line' id='line_1_6' title="bbox 2018 894 3602 975; baseline -0.004 -21"><span class='ocrx_word' id='word_1_42' title='bbox 2018 900 2117 954; x_wconf 74' lang='grc' dir='ltr'>καὶ</span> <span class='ocrx_word' id='word_1_43' title='bbox 2156 900 2254 970; x_wconf 90' lang='grc' dir='ltr'>μία</span> <span class='ocrx_word' id='word_1_44' title='bbox 2287 902 2321 971; x_wconf 77' lang='grc' dir='ltr'>ἠ</span> <span class='ocrx_word' id='word_1_45' title='bbox 2352 898 2580 967; x_wconf 77' lang='grc' dir='ltr'>θεότηςο</span> <span class='ocrx_word' id='word_1_46' title='bbox 2611 899 2707 952; x_wconf 81' lang='grc' dir='ltr'>καὶ</span> <span class='ocrx_word' id='word_1_47' title='bbox 2740 899 2873 964; x_wconf 78' lang='grc' dir='ltr'>περὶ</span> <span class='ocrx_word' id='word_1_48' title='bbox 2906 896 3057 960; x_wconf 81' lang='grc' dir='ltr'>θείας</span> <span class='ocrx_word' id='word_1_49' title='bbox 3102 897 3410 975; x_wconf 76' lang='grc' dir='ltr'>ἐνεργείας.</span> <span class='ocrx_word' id='word_1_50' title='bbox 3449 894 3602 951; x_wconf 83' lang='lat' dir='ltr'><strong><em>Idem</em></strong></span> 
     </span>
    </p>
   </div>
   <div class='ocr_carea' id='block_1_7' title="bbox 2019 988 3715 1062">
    <p class='ocr_par' dir='ltr' id='par_1_7' title="bbox 2019 988 3715 1062">
     <span class='ocr_line' id='line_1_7' title="bbox 2019 988 3715 1062; baseline -0.004 -15"><span class='ocrx_word' id='word_1_51' title='bbox 2019 993 2290 1057; x_wconf 80' lang='lat' dir='ltr'><strong><em>Petriotte,</em></strong></span> <span class='ocrx_word' id='word_1_52' title='bbox 2316 992 2454 1062; x_wconf 84' lang='lat' dir='ltr'><strong><em>quod</em></strong></span> <span class='ocrx_word' id='word_1_53' title='bbox 2482 992 2621 1045; x_wconf 87' lang='lat' dir='ltr'><strong><em>sicut</em></strong></span> <span class='ocrx_word' id='word_1_54' title='bbox 2659 989 2718 1045; x_wconf 88' lang='lat' dir='ltr'><strong><em>S.</em></strong></span> <span class='ocrx_word' id='word_1_55' title='bbox 2757 990 2993 1045; x_wconf 74' lang='lat' dir='ltr'>Trinitas</span> <span class='ocrx_word' id='word_1_56' title='bbox 3026 1007 3162 1044; x_wconf 86' lang='lat' dir='ltr'><strong><em>unus</em></strong></span> <span class='ocrx_word' id='word_1_57' title='bbox 3201 997 3280 1044; x_wconf 86' lang='lat' dir='ltr'>est</span> <span class='ocrx_word' id='word_1_58' title='bbox 3323 988 3480 1052; x_wconf 87' lang='lat' dir='ltr'><strong><em>Deus,</em></strong></span> <span class='ocrx_word' id='word_1_59' title='bbox 3526 988 3603 1043; x_wconf 87' lang='lat' dir='ltr'>sic</span> <span class='ocrx_word' id='word_1_60' title='bbox 3714 1052 3715 1055; x_wconf 21' lang='grc' dir='ltr'>η</span> 
     </span>
    </p>
   </div>
   <div class='ocr_carea' id='block_1_8' title="bbox 2018 1080 3605 1151">
    <p class='ocr_par' dir='ltr' id='par_1_8' title="bbox 2018 1080 3605 1151">
     <span class='ocr_line' id='line_1_8' title="bbox 2018 1080 3605 1151; baseline -0.003 -14"><span class='ocrx_word' id='word_1_61' title='bbox 2018 1099 2128 1138; x_wconf 80' lang='lat' dir='ltr'>una</span> <span class='ocrx_word' id='word_1_62' title='bbox 2161 1085 2232 1139; x_wconf 87' lang='lat' dir='ltr'>sit</span> <span class='ocrx_word' id='word_1_63' title='bbox 2261 1083 2433 1138; x_wconf 87' lang='lat' dir='ltr'><strong><em>deitas</em></strong></span> <span class='ocrx_word' id='word_1_64' title='bbox 2456 1099 2475 1138; x_wconf 88' lang='lat'><strong><em>:</em></strong></span> <span class='ocrx_word' id='word_1_65' title='bbox 2503 1091 2554 1137; x_wconf 89' lang='lat' dir='ltr'>et</span> <span class='ocrx_word' id='word_1_66' title='bbox 2594 1082 2658 1137; x_wconf 89' lang='lat' dir='ltr'>de</span> <span class='ocrx_word' id='word_1_67' title='bbox 2708 1082 2888 1136; x_wconf 86' lang='lat' dir='ltr'><strong><em>divina</em></strong></span> <span class='ocrx_word' id='word_1_68' title='bbox 2916 1084 3244 1151; x_wconf 72' lang='lat' dir='ltr'>operatione.</span> <span class='ocrx_word' id='word_1_69' title='bbox 3278 1082 3429 1137; x_wconf 89' lang='lat' dir='ltr'><strong><em>lnit.:</em></strong></span> <span class='ocrx_word' id='word_1_70' title='bbox 3458 1080 3605 1144; x_wconf 82' lang='grc' dir='ltr'>Χθὲς</span> 
     </span>
    </p>
   </div>
   <div class='ocr_carea' id='block_1_9' title="bbox 330 539 1904 629">
    <p class='ocr_par' dir='ltr' id='par_1_9' title="bbox 330 539 1904 629">
     <span class='ocr_line' id='line_1_9' title="bbox 330 539 1904 629; baseline -0.012 -19"><span class='ocrx_word' id='word_1_71' title='bbox 330 554 647 629; x_wconf 71' lang='grc' dir='ltr'>ἀφροσύνην</span> <span class='ocrx_word' id='word_1_72' title='bbox 705 548 894 616; x_wconf 84' lang='grc' dir='ltr'>αὐτοῦ,</span> <span class='ocrx_word' id='word_1_73' title='bbox 938 567 955 599; x_wconf 79' lang='lat' dir='ltr'>s</span> <span class='ocrx_word' id='word_1_74' title='bbox 997 550 1165 617; x_wconf 71' lang='grc' dir='ltr'>φησιν</span> <span class='ocrx_word' id='word_1_75' title='bbox 1214 545 1243 597; x_wconf 85' lang='grc' dir='ltr'>ὁ</span> <span class='ocrx_word' id='word_1_76' title='bbox 1298 542 1461 612; x_wconf 70' lang='grc' dir='ltr'>σοφὸς</span> <span class='ocrx_word' id='word_1_77' title='bbox 1499 539 1753 611; x_wconf 81' lang='grc' dir='ltr'>Σολομῶν</span> <span class='ocrx_word' id='word_1_78' title='bbox 1793 547 1904 603; x_wconf 83' lang='lat' dir='ltr'><strong><em>etc.</em></strong></span> 
     </span>
    </p>
   </div>
   <div class='ocr_carea' id='block_1_10' title="bbox 322 645 828 702">
    <p class='ocr_par' dir='ltr' id='par_1_10' title="bbox 322 645 828 702">
     <span class='ocr_line' id='line_1_10' title="bbox 322 645 828 702; baseline -0.018 1"><span class='ocrx_word' id='word_1_79' title='bbox 322 646 446 702; x_wconf 74' lang='lat' dir='ltr'><strong><em>Fol.</em></strong></span> <span class='ocrx_word' id='word_1_80' title='bbox 485 645 611 700; x_wconf 72' lang='grc'><strong>171.</strong></span> <span class='ocrx_word' id='word_1_81' title='bbox 649 655 828 695; x_wconf 69' lang='grc' dir='ltr'>νει-ει).</span> 
     </span>
    </p>
   </div>
   <div class='ocr_carea' id='block_1_11' title="bbox 401 721 1913 798">
    <p class='ocr_par' dir='ltr' id='par_1_11' title="bbox 401 721 1913 798">
     <span class='ocr_line' id='line_1_11' title="bbox 401 721 1913 798; baseline -0.011 -6"><span class='ocrx_word' id='word_1_82' title='bbox 401 737 511 792; x_wconf 85' lang='grc' dir='ltr'>Τοῦ</span> <span class='ocrx_word' id='word_1_83' title='bbox 560 732 727 788; x_wconf 82' lang='grc' dir='ltr'>αὐτοῦ</span> <span class='ocrx_word' id='word_1_84' title='bbox 783 731 1204 798; x_wconf 86' lang='grc' dir='ltr'>παναγιωτάτου</span> <span class='ocrx_word' id='word_1_85' title='bbox 1244 727 1590 798; x_wconf 76' lang='grc' dir='ltr'>πατριάρχου</span> <span class='ocrx_word' id='word_1_86' title='bbox 1625 724 1764 794; x_wconf 69' lang='grc' dir='ltr'>πρὸς</span> <span class='ocrx_word' id='word_1_87' title='bbox 1820 721 1913 776; x_wconf 71' lang='grc' dir='ltr'>τὸν</span> 
     </span>
    </p>
   </div>
   <div class='ocr_carea' id='block_1_12' title="bbox 330 811 1914 894">
    <p class='ocr_par' dir='ltr' id='par_1_12' title="bbox 330 811 1914 894">
     <span class='ocr_line' id='line_1_12' title="bbox 330 811 1914 894; baseline -0.011 -12"><span class='ocrx_word' id='word_1_88' title='bbox 330 828 495 882; x_wconf 75' lang='grc' dir='ltr'>αὐτὸν</span> <span class='ocrx_word' id='word_1_89' title='bbox 541 823 833 894; x_wconf 80' lang='grc' dir='ltr'>φιλόσοφον</span> <span class='ocrx_word' id='word_1_90' title='bbox 888 821 1180 891; x_wconf 82' lang='grc' dir='ltr'>Γρηγορᾶν</span> <span class='ocrx_word' id='word_1_91' title='bbox 1205 819 1362 889; x_wconf 82' lang='grc' dir='ltr'>λόγος</span> <span class='ocrx_word' id='word_1_92' title='bbox 1403 814 1791 888; x_wconf 75' lang='grc' dir='ltr'>ἀντιρρητικὸς</span> <span class='ocrx_word' id='word_1_93' title='bbox 1845 811 1914 880; x_wconf 85' lang='grc' dir='ltr'>ιβ’</span> 
     </span>
    </p>
   </div>
   <div class='ocr_carea' id='block_1_13' title="bbox 331 901 1915 988">
    <p class='ocr_par' dir='ltr' id='par_1_13' title="bbox 331 901 1915 988">
     <span class='ocr_line' id='line_1_13' title="bbox 331 901 1915 988; baseline -0.011 -16"><span class='ocrx_word' id='word_1_94' title='bbox 331 917 475 988; x_wconf 82' lang='grc' dir='ltr'>ὑπὲρ</span> <span class='ocrx_word' id='word_1_95' title='bbox 501 915 612 969; x_wconf 85' lang='grc' dir='ltr'>τῶν</span> <span class='ocrx_word' id='word_1_96' title='bbox 638 913 718 984; x_wconf 84' lang='grc' dir='ltr'>τῷ</span> <span class='ocrx_word' id='word_1_97' title='bbox 742 911 883 982; x_wconf 83' lang='grc' dir='ltr'>ἁγίῳ</span> <span class='ocrx_word' id='word_1_98' title='bbox 909 909 1030 982; x_wconf 77' lang='grc' dir='ltr'>ὄρει</span> <span class='ocrx_word' id='word_1_99' title='bbox 1063 909 1142 980; x_wconf 81' lang='grc' dir='ltr'>τῷ</span> <span class='ocrx_word' id='word_1_100' title='bbox 1168 907 1323 979; x_wconf 81' lang='grc' dir='ltr'>Ἀθῳ</span> <span class='ocrx_word' id='word_1_101' title='bbox 1351 903 1639 979; x_wconf 83' lang='grc' dir='ltr'>μοναστῶν</span> <span class='ocrx_word' id='word_1_102' title='bbox 1664 901 1789 974; x_wconf 73' lang='lat' dir='ltr'><strong><em>(sic)</em></strong></span> <span class='ocrx_word' id='word_1_103' title='bbox 1822 902 1915 957; x_wconf 65' lang='lat' dir='ltr'><strong><em>xui.</em></strong></span> 
     </span>
    </p>
   </div>
   <div class='ocr_carea' id='block_1_14' title="bbox 330 995 1914 1076">
    <p class='ocr_par' dir='ltr' id='par_1_14' title="bbox 330 995 1914 1076">
     <span class='ocr_line' id='line_1_14' title="bbox 330 995 1914 1076; baseline -0.009 -14"><span class='ocrx_word' id='word_1_104' title='bbox 330 1009 443 1063; x_wconf 87' lang='grc' dir='ltr'>τῶν</span> <span class='ocrx_word' id='word_1_105' title='bbox 493 1006 657 1076; x_wconf 82' lang='grc' dir='ltr'>ίερῶς</span> <span class='ocrx_word' id='word_1_106' title='bbox 706 1000 1096 1076; x_wconf 76' lang='grc' dir='ltr'>ἡσυχαζόντων</span> <span class='ocrx_word' id='word_1_107' title='bbox 1145 1001 1265 1054; x_wconf 77' lang='grc' dir='ltr'>ἐκεῖ</span> <span class='ocrx_word' id='word_1_108' title='bbox 1307 999 1403 1053; x_wconf 72' lang='grc' dir='ltr'>καὶ</span> <span class='ocrx_word' id='word_1_109' title='bbox 1451 997 1519 1070; x_wconf 79' lang='grc' dir='ltr'>δὴ</span> <span class='ocrx_word' id='word_1_110' title='bbox 1552 995 1789 1051; x_wconf 77' lang='grc' dir='ltr'>καὶτῶν</span> <span class='ocrx_word' id='word_1_111' title='bbox 1826 995 1914 1048; x_wconf 80' lang='grc' dir='ltr'>ὲν-</span> 
     </span>
    </p>
   </div>
   <div class='ocr_carea' id='block_1_15' title="bbox 330 1082 1919 1167">
    <p class='ocr_par' dir='ltr' id='par_1_15' title="bbox 330 1082 1919 1167">
     <span class='ocr_line' id='line_1_15' title="bbox 330 1082 1919 1167; baseline -0.012 -12"><span class='ocrx_word' id='word_1_112' title='bbox 330 1099 511 1155; x_wconf 77' lang='grc' dir='ltr'>ταῦθα</span> <span class='ocrx_word' id='word_1_113' title='bbox 536 1114 551 1129; x_wconf 81' lang='lat'>&#39;</span> <span class='ocrx_word' id='word_1_114' title='bbox 584 1098 729 1167; x_wconf 82' lang='grc' dir='ltr'>ὑπέρ</span> <span class='ocrx_word' id='word_1_115' title='bbox 762 1113 824 1150; x_wconf 90' lang='grc' dir='ltr'>τε</span> <span class='ocrx_word' id='word_1_116' title='bbox 853 1096 962 1149; x_wconf 84' lang='grc' dir='ltr'>τῶν</span> <span class='ocrx_word' id='word_1_117' title='bbox 984 1095 1124 1148; x_wconf 81' lang='grc' dir='ltr'>κατὰ</span> <span class='ocrx_word' id='word_1_118' title='bbox 1157 1093 1267 1146; x_wconf 87' lang='grc' dir='ltr'>τῶν</span> <span class='ocrx_word' id='word_1_119' title='bbox 1297 1089 1587 1144; x_wconf 84' lang='grc' dir='ltr'><strong>θειοτάτων</strong></span> <span class='ocrx_word' id='word_1_120' title='bbox 1643 1082 1919 1157; x_wconf 82' lang='grc' dir='ltr'>βασιλέων</span> 
     </span>
    </p>
   </div>
   <div class='ocr_carea' id='block_1_16' title="bbox 337 1176 1922 1262">
    <p class='ocr_par' dir='ltr' id='par_1_16' title="bbox 337 1176 1922 1262">
     <span class='ocr_line' id='line_1_16' title="bbox 337 1176 1922 1262; baseline -0.012 -13"><span class='ocrx_word' id='word_1_121' title='bbox 337 1195 523 1255; x_wconf 82' lang='grc' dir='ltr'>κακῶς</span> <span class='ocrx_word' id='word_1_122' title='bbox 572 1190 882 1262; x_wconf 72' lang='grc' dir='ltr'>εἰρημένων</span> <span class='ocrx_word' id='word_1_123' title='bbox 915 1186 1066 1258; x_wconf 86' lang='grc' dir='ltr'>αὐτῷ</span> <span class='ocrx_word' id='word_1_124' title='bbox 1099 1184 1388 1253; x_wconf 85' lang='grc' dir='ltr'>ἀπολογία,</span> <span class='ocrx_word' id='word_1_125' title='bbox 1436 1181 1574 1236; x_wconf 80' lang='grc' dir='ltr'>ἀλλὰ</span> <span class='ocrx_word' id='word_1_126' title='bbox 1595 1180 1658 1249; x_wconf 83' lang='grc' dir='ltr'>δὴ</span> <span class='ocrx_word' id='word_1_127' title='bbox 1696 1176 1922 1232; x_wconf 73' lang='grc' dir='ltr'>καὶτῶν</span> 
     </span>
    </p>
   </div>
   <div class='ocr_carea' id='block_1_17' title="bbox 340 1266 1922 1353">
    <p class='ocr_par' dir='ltr' id='par_1_17' title="bbox 340 1266 1922 1353">
     <span class='ocr_line' id='line_1_17' title="bbox 340 1266 1922 1353; baseline -0.013 -13"><span class='ocrx_word' id='word_1_128' title='bbox 340 1284 483 1340; x_wconf 84' lang='grc' dir='ltr'>κατὰ</span> <span class='ocrx_word' id='word_1_129' title='bbox 539 1282 634 1337; x_wconf 87' lang='grc' dir='ltr'>τοῦ</span> <span class='ocrx_word' id='word_1_130' title='bbox 692 1281 840 1336; x_wconf 80' lang='grc' dir='ltr'>θείου</span> <span class='ocrx_word' id='word_1_131' title='bbox 895 1278 1208 1353; x_wconf 86' lang='grc' dir='ltr'>Γρηγορίου</span> <span class='ocrx_word' id='word_1_132' title='bbox 1261 1275 1358 1331; x_wconf 69' lang='grc' dir='ltr'>καὶ</span> <span class='ocrx_word' id='word_1_133' title='bbox 1403 1273 1513 1329; x_wconf 87' lang='grc' dir='ltr'>τῶν</span> <span class='ocrx_word' id='word_1_134' title='bbox 1553 1271 1715 1344; x_wconf 79' lang='grc' dir='ltr'>ἱερῶν</span> <span class='ocrx_word' id='word_1_135' title='bbox 1757 1266 1922 1324; x_wconf 83' lang='grc' dir='ltr'>αὐτοῦ</span> 
     </span>
    </p>
   </div>
   <div class='ocr_carea' id='block_1_18' title="bbox 339 1361 1926 1446">
    <p class='ocr_par' dir='ltr' id='par_1_18' title="bbox 339 1361 1926 1446">
     <span class='ocr_line' id='line_1_18' title="bbox 339 1361 1926 1446; baseline -0.011 -15"><span class='ocrx_word' id='word_1_136' title='bbox 339 1378 673 1446; x_wconf 79' lang='grc' dir='ltr'>θαυμάτων·</span> <span class='ocrx_word' id='word_1_137' title='bbox 730 1372 869 1441; x_wconf 79' lang='grc' dir='ltr'>πρός</span> <span class='ocrx_word' id='word_1_138' title='bbox 908 1388 973 1439; x_wconf 91' lang='grc' dir='ltr'>γε</span> <span class='ocrx_word' id='word_1_139' title='bbox 1026 1369 1136 1439; x_wconf 82' lang='grc' dir='ltr'>μὴν</span> <span class='ocrx_word' id='word_1_140' title='bbox 1189 1369 1268 1439; x_wconf 85' lang='grc' dir='ltr'>τῷ</span> <span class='ocrx_word' id='word_1_141' title='bbox 1302 1365 1398 1420; x_wconf 86' lang='grc' dir='ltr'>τοῦ</span> <span class='ocrx_word' id='word_1_142' title='bbox 1449 1364 1619 1434; x_wconf 80' lang='grc' dir='ltr'>λόγοιῑ</span> <span class='ocrx_word' id='word_1_143' title='bbox 1649 1362 1795 1415; x_wconf 89' lang='grc' dir='ltr'>τέλει</span> <span class='ocrx_word' id='word_1_144' title='bbox 1830 1361 1926 1414; x_wconf 75' lang='grc' dir='ltr'>καὶ</span> 
     </span>
    </p>
   </div>
   <div class='ocr_carea' id='block_1_19' title="bbox 339 1453 1923 1534">
    <p class='ocr_par' dir='ltr' id='par_1_19' title="bbox 339 1453 1923 1534">
     <span class='ocr_line' id='line_1_19' title="bbox 339 1453 1923 1534; baseline -0.012 -12"><span class='ocrx_word' id='word_1_145' title='bbox 339 1464 816 1534; x_wconf 78' lang='grc' dir='ltr'>ἀνακεφαλαίωσις</span> <span class='ocrx_word' id='word_1_146' title='bbox 862 1462 971 1515; x_wconf 84' lang='grc' dir='ltr'>τῶν</span> <span class='ocrx_word' id='word_1_147' title='bbox 1007 1458 1449 1532; x_wconf 78' lang='grc' dir='ltr'>προειρημένων.</span> <span class='ocrx_word' id='word_1_148' title='bbox 1505 1453 1762 1525; x_wconf 78' lang='lat' dir='ltr'>Ejusdem</span> <span class='ocrx_word' id='word_1_149' title='bbox 1796 1466 1923 1504; x_wconf 83' lang='lat' dir='ltr'><strong><em>san-</em></strong></span> 
     </span>
    </p>
   </div>
   <div class='ocr_carea' id='block_1_20' title="bbox 334 1545 1926 1626">
    <p class='ocr_par' dir='ltr' id='par_1_20' title="bbox 334 1545 1926 1626">
     <span class='ocr_line' id='line_1_20' title="bbox 334 1545 1926 1626; baseline -0.011 -14"><span class='ocrx_word' id='word_1_150' title='bbox 334 1558 562 1612; x_wconf 80' lang='lat' dir='ltr'><strong><em>ctissimi</em></strong></span> <span class='ocrx_word' id='word_1_151' title='bbox 603 1555 926 1626; x_wconf 77' lang='lat' dir='ltr'><strong><em>patriarcha:</em></strong></span> <span class='ocrx_word' id='word_1_152' title='bbox 970 1551 1222 1606; x_wconf 85' lang='lat' dir='ltr'><strong><em>adversus</em></strong></span> <span class='ocrx_word' id='word_1_153' title='bbox 1264 1550 1503 1604; x_wconf 86' lang='lat' dir='ltr'><strong><em>eumdem</em></strong></span> <span class='ocrx_word' id='word_1_154' title='bbox 1554 1545 1926 1616; x_wconf 76' lang='lat' dir='ltr'>philosophum</span> 
     </span>
    </p>
   </div>
   <div class='ocr_carea' id='block_1_21' title="bbox 344 1636 1927 1721">
    <p class='ocr_par' dir='ltr' id='par_1_21' title="bbox 344 1636 1927 1721">
     <span class='ocr_line' id='line_1_21' title="bbox 344 1636 1927 1721; baseline -0.012 -15"><span class='ocrx_word' id='word_1_155' title='bbox 344 1650 632 1721; x_wconf 78' lang='lat' dir='ltr'><strong><em>Gregoram</em></strong></span> <span class='ocrx_word' id='word_1_156' title='bbox 682 1647 814 1701; x_wconf 89' lang='lat' dir='ltr'><strong><em>liber</em></strong></span> <span class='ocrx_word' id='word_1_157' title='bbox 865 1645 1246 1699; x_wconf 87' lang='lat' dir='ltr'><strong><em>antirrheticus</em></strong></span> <span class='ocrx_word' id='word_1_158' title='bbox 1296 1640 1384 1706; x_wconf 65' lang='lat'>£2,</span> <span class='ocrx_word' id='word_1_159' title='bbox 1424 1636 1832 1709; x_wconf 14' lang='lat' dir='ltr'><strong><em>provntonachis</em></strong></span> <span class='ocrx_word' id='word_1_160' title='bbox 1871 1636 1927 1688; x_wconf 80' lang='lat' dir='ltr'>in</span> 
     </span>
    </p>
   </div>
   <div class='ocr_carea' id='block_1_22' title="bbox 342 1726 1925 1806">
    <p class='ocr_par' dir='ltr' id='par_1_22' title="bbox 342 1726 1925 1806">
     <span class='ocr_line' id='line_1_22' title="bbox 342 1726 1925 1806; baseline -0.011 -11"><span class='ocrx_word' id='word_1_161' title='bbox 342 1753 527 1795; x_wconf 86' lang='lat' dir='ltr'><strong><em>sancto</em></strong></span> <span class='ocrx_word' id='word_1_162' title='bbox 561 1746 734 1791; x_wconf 86' lang='lat' dir='ltr'><strong><em>monte</em></strong></span> <span class='ocrx_word' id='word_1_163' title='bbox 793 1736 930 1791; x_wconf 76' lang='lat' dir='ltr'><strong><em>Atho</em></strong></span> <span class='ocrx_word' id='word_1_164' title='bbox 979 1735 1310 1806; x_wconf 73' lang='lat' dir='ltr'>degentibus,</span> <span class='ocrx_word' id='word_1_165' title='bbox 1343 1741 1390 1786; x_wconf 87' lang='lat' dir='ltr'>et</span> <span class='ocrx_word' id='word_1_166' title='bbox 1422 1731 1487 1783; x_wconf 89' lang='lat' dir='ltr'>iis</span> <span class='ocrx_word' id='word_1_167' title='bbox 1526 1730 1615 1801; x_wconf 88' lang='lat' dir='ltr'>qui</span> <span class='ocrx_word' id='word_1_168' title='bbox 1646 1726 1841 1782; x_wconf 78' lang='lat' dir='ltr'>ibidem</span> <span class='ocrx_word' id='word_1_169' title='bbox 1868 1735 1925 1779; x_wconf 90' lang='lat' dir='ltr'>ut</span> 
     </span>
    </p>
   </div>
   <div class='ocr_carea' id='block_1_23' title="bbox 341 1818 1924 1898">
    <p class='ocr_par' dir='ltr' id='par_1_23' title="bbox 341 1818 1924 1898">
     <span class='ocr_line' id='line_1_23' title="bbox 341 1818 1924 1898; baseline -0.01 -13"><span class='ocrx_word' id='word_1_170' title='bbox 341 1844 392 1886; x_wconf 76' lang='lat' dir='ltr'>et</span> <span class='ocrx_word' id='word_1_171' title='bbox 423 1835 506 1885; x_wconf 89' lang='lat' dir='ltr'>hic</span> <span class='ocrx_word' id='word_1_172' title='bbox 536 1833 589 1884; x_wconf 88' lang='lat' dir='ltr'>in</span> <span class='ocrx_word' id='word_1_173' title='bbox 625 1846 779 1884; x_wconf 88' lang='lat' dir='ltr'><strong><em>sacra</em></strong></span> <span class='ocrx_word' id='word_1_174' title='bbox 808 1829 980 1898; x_wconf 82' lang='lat' dir='ltr'><strong><em>quiete</em></strong></span> <span class='ocrx_word' id='word_1_175' title='bbox 1041 1826 1216 1880; x_wconf 79' lang='lat' dir='ltr'><strong><em>vivunt</em></strong></span> <span class='ocrx_word' id='word_1_176' title='bbox 1250 1825 1312 1895; x_wconf 90' lang='lat' dir='ltr'><strong><em>(i.</em></strong></span> <span class='ocrx_word' id='word_1_177' title='bbox 1347 1818 1710 1893; x_wconf 79' lang='lat' dir='ltr'><strong><em>Hesychastis)</em></strong></span> <span class='ocrx_word' id='word_1_178' title='bbox 1743 1818 1924 1886; x_wconf 75' lang='lat' dir='ltr'><strong><em>defen-</em></strong></span> 
     </span>
    </p>
   </div>
   <div class='ocr_carea' id='block_1_24' title="bbox 345 1908 1926 1987">
    <p class='ocr_par' dir='ltr' id='par_1_24' title="bbox 345 1908 1926 1987">
     <span class='ocr_line' id='line_1_24' title="bbox 345 1908 1926 1987; baseline -0.011 -10"><span class='ocrx_word' id='word_1_179' title='bbox 345 1925 426 1977; x_wconf 94' lang='lat' dir='ltr'>sio</span> <span class='ocrx_word' id='word_1_180' title='bbox 445 1908 917 1977; x_wconf 56' lang='lat' dir='ltr'><strong><em>&#39;divinissimorum</em></strong></span> <span class='ocrx_word' id='word_1_181' title='bbox 944 1920 1325 1987; x_wconf 81' lang='lat' dir='ltr'><strong><em>imperatorum</em></strong></span> <span class='ocrx_word' id='word_1_182' title='bbox 1362 1925 1551 1967; x_wconf 86' lang='lat' dir='ltr'><strong><em>contra</em></strong></span> <span class='ocrx_word' id='word_1_183' title='bbox 1581 1911 1818 1980; x_wconf 79' lang='lat' dir='ltr'><strong><em>ejusdem</em></strong></span> <span class='ocrx_word' id='word_1_184' title='bbox 1842 1908 1926 1961; x_wconf 89' lang='lat' dir='ltr'><strong><em>di-</em></strong></span> 
     </span>
    </p>
   </div>
   <div class='ocr_carea' id='block_1_25' title="bbox 349 2000 1927 2082">
    <p class='ocr_par' dir='ltr' id='par_1_25' title="bbox 349 2000 1927 2082">
     <span class='ocr_line' id='line_1_25' title="bbox 349 2000 1927 2082; baseline -0.01 -12"><span class='ocrx_word' id='word_1_185' title='bbox 349 2028 475 2080; x_wconf 87' lang='lat' dir='ltr'><strong><em>cta;</em></strong></span> <span class='ocrx_word' id='word_1_186' title='bbox 512 2014 861 2082; x_wconf 84' lang='lat' dir='ltr'><strong><em>similiterque</em></strong></span> <span class='ocrx_word' id='word_1_187' title='bbox 913 2011 979 2066; x_wconf 83' lang='grc' dir='ltr'>ι).</span> <span class='ocrx_word' id='word_1_188' title='bbox 1031 2008 1275 2079; x_wconf 82' lang='lat' dir='ltr'><strong><em>Gregorii</em></strong></span> <span class='ocrx_word' id='word_1_189' title='bbox 1314 2016 1365 2062; x_wconf 90' lang='lat' dir='ltr'>et</span> <span class='ocrx_word' id='word_1_190' title='bbox 1402 2004 1785 2059; x_wconf 86' lang='lat' dir='ltr'><strong><em>miraculorum</em></strong></span> <span class='ocrx_word' id='word_1_191' title='bbox 1812 2000 1927 2070; x_wconf 73' lang='lat' dir='ltr'><strong><em>ejus</em></strong></span> 
     </span>
    </p>
   </div>
   <div class='ocr_carea' id='block_1_26' title="bbox 346 2096 1929 2179">
    <p class='ocr_par' dir='ltr' id='par_1_26' title="bbox 346 2096 1929 2179">
     <span class='ocr_line' id='line_1_26' title="bbox 346 2096 1929 2179; baseline -0.011 -16"><span class='ocrx_word' id='word_1_192' title='bbox 346 2109 617 2179; x_wconf 83' lang='lat' dir='ltr'><strong><em>apologia.</em></strong></span> <span class='ocrx_word' id='word_1_193' title='bbox 640 2105 967 2175; x_wconf 85' lang='lat' dir='ltr'><strong><em>Insuperque</em></strong></span> <span class='ocrx_word' id='word_1_194' title='bbox 992 2104 1048 2157; x_wconf 87' lang='lat' dir='ltr'>in</span> <span class='ocrx_word' id='word_1_195' title='bbox 1075 2104 1181 2172; x_wconf 84' lang='lat' dir='ltr'><strong><em>ﬁne</em></strong></span> <span class='ocrx_word' id='word_1_196' title='bbox 1200 2102 1324 2155; x_wconf 86' lang='lat' dir='ltr'><strong><em>libri</em></strong></span> <span class='ocrx_word' id='word_1_197' title='bbox 1350 2096 1722 2168; x_wconf 83' lang='lat' dir='ltr'><strong><em>recapitulatio</em></strong></span> <span class='ocrx_word' id='word_1_198' title='bbox 1748 2110 1929 2150; x_wconf 88' lang='lat' dir='ltr'><strong><em>eorum</em></strong></span> 
     </span>
    </p>
   </div>
   <div class='ocr_carea' id='block_1_27' title="bbox 337 2187 1933 2272">
    <p class='ocr_par' dir='ltr' id='par_1_27' title="bbox 337 2187 1933 2272">
     <span class='ocr_line' id='line_1_27' title="bbox 337 2187 1933 2272; baseline -0.011 -16"><span class='ocrx_word' id='word_1_199' title='bbox 337 2218 465 2272; x_wconf 78' lang='lat' dir='ltr'><strong><em>qua:</em></strong></span> <span class='ocrx_word' id='word_1_200' title='bbox 490 2214 653 2270; x_wconf 81' lang='lat' dir='ltr'><strong><em>supra</em></strong></span> <span class='ocrx_word' id='word_1_201' title='bbox 684 2198 827 2251; x_wconf 88' lang='lat' dir='ltr'><strong><em>dicta</em></strong></span> <span class='ocrx_word' id='word_1_202' title='bbox 867 2204 1013 2250; x_wconf 88' lang='lat' dir='ltr'><strong><em>sunt.</em></strong></span> <span class='ocrx_word' id='word_1_203' title='bbox 1046 2193 1180 2248; x_wconf 85' lang='lat' dir='ltr'><strong><em>Init.</em></strong></span> <span class='ocrx_word' id='word_1_204' title='bbox 1207 2210 1222 2246; x_wconf 91' lang='lat'><strong>:</strong></span> <span class='ocrx_word' id='word_1_205' title='bbox 1263 2190 1536 2245; x_wconf 74' lang='grc' dir='ltr'>Ἐνταῦθα</span> <span class='ocrx_word' id='word_1_206' title='bbox 1576 2205 1644 2259; x_wconf 92' lang='grc' dir='ltr'>με</span> <span class='ocrx_word' id='word_1_207' title='bbox 1674 2187 1933 2259; x_wconf 85' lang='grc' dir='ltr'>βουλόμε-</span> 
     </span>
    </p>
   </div>
   <div class='ocr_carea' id='block_1_28' title="bbox 344 2276 1932 2361">
    <p class='ocr_par' dir='ltr' id='par_1_28' title="bbox 344 2276 1932 2361">
     <span class='ocr_line' id='line_1_28' title="bbox 344 2276 1932 2361; baseline -0.01 -15"><span class='ocrx_word' id='word_1_208' title='bbox 344 2310 438 2347; x_wconf 91' lang='grc' dir='ltr'>νον</span> <span class='ocrx_word' id='word_1_209' title='bbox 478 2291 674 2361; x_wconf 81' lang='grc' dir='ltr'>στῆσαι</span> <span class='ocrx_word' id='word_1_210' title='bbox 698 2289 790 2342; x_wconf 76' lang='grc' dir='ltr'>τὸν</span> <span class='ocrx_word' id='word_1_211' title='bbox 816 2287 975 2357; x_wconf 85' lang='grc' dir='ltr'>λόγον</span> <span class='ocrx_word' id='word_1_212' title='bbox 998 2285 1028 2339; x_wconf 82' lang='grc' dir='ltr'><strong>ὃ</strong></span> <span class='ocrx_word' id='word_1_213' title='bbox 1050 2284 1115 2355; x_wconf 84' lang='grc' dir='ltr'>δὴ</span> <span class='ocrx_word' id='word_1_214' title='bbox 1141 2285 1245 2340; x_wconf 85' lang='grc' dir='ltr'>κάν</span> <span class='ocrx_word' id='word_1_215' title='bbox 1270 2285 1381 2346; x_wconf 84' lang='grc' dir='ltr'>τοῖς</span> <span class='ocrx_word' id='word_1_216' title='bbox 1411 2282 1652 2352; x_wconf 79' lang='grc' dir='ltr'>φθάσασι</span> <span class='ocrx_word' id='word_1_217' title='bbox 1680 2276 1932 2351; x_wconf 82' lang='grc' dir='ltr'>προῦφην</span> 
     </span>
    </p>
   </div>
   <div class='ocr_carea' id='block_1_29' title="bbox 342 2385 768 2442">
    <p class='ocr_par' dir='ltr' id='par_1_29' title="bbox 342 2385 768 2442">
     <span class='ocr_line' id='line_1_29' title="bbox 342 2385 768 2442; baseline -0.012 0"><span class='ocrx_word' id='word_1_218' title='bbox 342 2398 456 2442; x_wconf 83' lang='lat' dir='ltr'><strong><em>etc.</em></strong></span> <span class='ocrx_word' id='word_1_219' title='bbox 490 2385 607 2440; x_wconf 59' lang='grc' dir='ltr'>[θοι.</span> <span class='ocrx_word' id='word_1_220' title='bbox 643 2385 768 2440; x_wconf 74' lang='grc'>197.</span> 
     </span>
    </p>
   </div>
   <div class='ocr_carea' id='block_1_30' title="bbox 422 2462 1934 2540">
    <p class='ocr_par' dir='ltr' id='par_1_30' title="bbox 422 2462 1934 2540">
     <span class='ocr_line' id='line_1_30' title="bbox 422 2462 1934 2540; baseline -0.01 -11"><span class='ocrx_word' id='word_1_221' title='bbox 422 2475 531 2529; x_wconf 89' lang='grc' dir='ltr'>Τοῦ</span> <span class='ocrx_word' id='word_1_222' title='bbox 555 2473 725 2528; x_wconf 80' lang='grc' dir='ltr'>αὐτοῦ</span> <span class='ocrx_word' id='word_1_223' title='bbox 753 2473 1066 2540; x_wconf 82' lang='grc' dir='ltr'>άγιωτάτου</span> <span class='ocrx_word' id='word_1_224' title='bbox 1104 2470 1203 2525; x_wconf 68' lang='grc' dir='ltr'>καί</span> <span class='ocrx_word' id='word_1_225' title='bbox 1240 2462 1626 2536; x_wconf 80' lang='grc' dir='ltr'>οἰκουμενικοῦ</span> <span class='ocrx_word' id='word_1_226' title='bbox 1662 2462 1934 2533; x_wconf 86' lang='grc' dir='ltr'>πατριάρ-</span> 
     </span>
    </p>
   </div>
   <div class='ocr_carea' id='block_1_31' title="bbox 345 2554 1935 2638">
    <p class='ocr_par' dir='ltr' id='par_1_31' title="bbox 345 2554 1935 2638">
     <span class='ocr_line' id='line_1_31' title="bbox 345 2554 1935 2638; baseline -0.009 -18"><span class='ocrx_word' id='word_1_227' title='bbox 345 2583 448 2638; x_wconf 74' lang='grc' dir='ltr'>χου</span> <span class='ocrx_word' id='word_1_228' title='bbox 488 2564 661 2637; x_wconf 89' lang='grc' dir='ltr'>κυροῦ</span> <span class='ocrx_word' id='word_1_229' title='bbox 700 2563 956 2618; x_wconf 83' lang='grc' dir='ltr'>Φιλοθέου</span> <span class='ocrx_word' id='word_1_230' title='bbox 987 2562 1066 2634; x_wconf 85' lang='grc' dir='ltr'>τῷ</span> <span class='ocrx_word' id='word_1_231' title='bbox 1095 2559 1475 2631; x_wconf 75' lang='grc' dir='ltr'>εὐγενεστάτω</span> <span class='ocrx_word' id='word_1_232' title='bbox 1515 2554 1738 2627; x_wconf 85' lang='grc' dir='ltr'>μεγάλῳ</span> <span class='ocrx_word' id='word_1_233' title='bbox 1775 2555 1935 2622; x_wconf 85' lang='grc' dir='ltr'>δομε-</span> 
     </span>
    </p>
   </div>
   <div class='ocr_carea' id='block_1_32' title="bbox 353 2642 1938 2726">
    <p class='ocr_par' dir='ltr' id='par_1_32' title="bbox 353 2642 1938 2726">
     <span class='ocr_line' id='line_1_32' title="bbox 353 2642 1938 2726; baseline -0.008 -17"><span class='ocrx_word' id='word_1_234' title='bbox 353 2657 523 2726; x_wconf 85' lang='grc' dir='ltr'>στίκῳ</span> <span class='ocrx_word' id='word_1_235' title='bbox 551 2654 629 2725; x_wconf 81' lang='grc' dir='ltr'>τῷ</span> <span class='ocrx_word' id='word_1_236' title='bbox 660 2653 1012 2726; x_wconf 76' lang='grc' dir='ltr'>Παλαιολόγιρ</span> <span class='ocrx_word' id='word_1_237' title='bbox 1041 2654 1171 2724; x_wconf 77' lang='grc' dir='ltr'>περὶ</span> <span class='ocrx_word' id='word_1_238' title='bbox 1219 2648 1315 2705; x_wconf 91' lang='grc' dir='ltr'>τοῦ</span> <span class='ocrx_word' id='word_1_239' title='bbox 1349 2652 1407 2704; x_wconf 83' lang='grc' dir='ltr'>ὲν</span> <span class='ocrx_word' id='word_1_240' title='bbox 1440 2651 1551 2712; x_wconf 83' lang='grc' dir='ltr'>τοῖς</span> <span class='ocrx_word' id='word_1_241' title='bbox 1605 2644 1744 2718; x_wconf 80' lang='grc' dir='ltr'>πρὸς</span> <span class='ocrx_word' id='word_1_242' title='bbox 1771 2642 1938 2698; x_wconf 75' lang='grc' dir='ltr'>Εὐνό-</span> 
     </span>
    </p>
   </div>
   <div class='ocr_carea' id='block_1_33' title="bbox 355 2734 1935 2819">
    <p class='ocr_par' dir='ltr' id='par_1_33' title="bbox 355 2734 1935 2819">
     <span class='ocr_line' id='line_1_33' title="bbox 355 2734 1935 2819; baseline -0.007 -21"><span class='ocrx_word' id='word_1_243' title='bbox 355 2762 481 2819; x_wconf 88' lang='grc' dir='ltr'>μιον</span> <span class='ocrx_word' id='word_1_244' title='bbox 532 2746 947 2819; x_wconf 81' lang='grc' dir='ltr'>ἀντιρρητικοῖς</span> <span class='ocrx_word' id='word_1_245' title='bbox 993 2745 1089 2800; x_wconf 88' lang='grc' dir='ltr'>τοῦ</span> <span class='ocrx_word' id='word_1_246' title='bbox 1134 2743 1375 2813; x_wconf 80' lang='grc' dir='ltr'>μεγάλου</span> <span class='ocrx_word' id='word_1_247' title='bbox 1427 2738 1719 2793; x_wconf 81' lang='grc' dir='ltr'>Βασιλείου</span> <span class='ocrx_word' id='word_1_248' title='bbox 1765 2734 1935 2808; x_wconf 79' lang='grc' dir='ltr'>ῥητοῦ</span> 
     </span>
    </p>
   </div>
   <div class='ocr_carea' id='block_1_34' title="bbox 350 2828 1932 2909">
    <p class='ocr_par' dir='ltr' id='par_1_34' title="bbox 350 2828 1932 2909">
     <span class='ocr_line' id='line_1_34' title="bbox 350 2828 1932 2909; baseline -0.008 -17"><span class='ocrx_word' id='word_1_249' title='bbox 350 2838 449 2892; x_wconf 87' lang='grc' dir='ltr'>τοῦ</span> <span class='ocrx_word' id='word_1_250' title='bbox 489 2838 773 2906; x_wconf 87' lang='grc' dir='ltr'>λέγοντος·</span> <span class='ocrx_word' id='word_1_251' title='bbox 808 2856 833 2889; x_wconf 60' lang='grc' dir='ltr'>ι(</span> <span class='ocrx_word' id='word_1_252' title='bbox 885 2836 946 2892; x_wconf 92' lang='lat'>&#39;0</span> <span class='ocrx_word' id='word_1_253' title='bbox 991 2837 1100 2909; x_wconf 79' lang='grc' dir='ltr'>γὰρ</span> <span class='ocrx_word' id='word_1_254' title='bbox 1132 2831 1372 2898; x_wconf 85' lang='grc' dir='ltr'>τετοκὼς</span> <span class='ocrx_word' id='word_1_255' title='bbox 1411 2831 1620 2903; x_wconf 82' lang='grc' dir='ltr'>βώλους</span> <span class='ocrx_word' id='word_1_256' title='bbox 1665 2828 1890 2901; x_wconf 82' lang='grc' dir='ltr'>δρόσου,</span> <span class='ocrx_word' id='word_1_257' title='bbox 1913 2844 1932 2879; x_wconf 76' lang='grc' dir='ltr'>ι</span> 
     </span>
    </p>
   </div>
   <div class='ocr_carea' id='block_1_35' title="bbox 355 2921 1940 3000">
    <p class='ocr_par' dir='ltr' id='par_1_35' title="bbox 355 2921 1940 3000">
     <span class='ocr_line' id='line_1_35' title="bbox 355 2921 1940 3000; baseline -0.007 -14"><span class='ocrx_word' id='word_1_258' title='bbox 355 2931 503 2986; x_wconf 74' lang='grc' dir='ltr'>κατὰ</span> <span class='ocrx_word' id='word_1_259' title='bbox 525 2931 618 2985; x_wconf 82' lang='grc' dir='ltr'>τὸν</span> <span class='ocrx_word' id='word_1_260' title='bbox 652 2928 774 2983; x_wconf 78' lang='grc' dir='ltr'>’1ὼὸ</span> <span class='ocrx_word' id='word_1_261' title='bbox 801 2929 981 2997; x_wconf 85' lang='grc' dir='ltr'>λόγον,</span> <span class='ocrx_word' id='word_1_262' title='bbox 1010 2929 1109 3000; x_wconf 86' lang='grc' dir='ltr'>οὐχ</span> <span class='ocrx_word' id='word_1_263' title='bbox 1142 2928 1345 2998; x_wconf 81' lang='grc' dir='ltr'>ὁμοίως</span> <span class='ocrx_word' id='word_1_264' title='bbox 1374 2926 1473 2990; x_wconf 78' lang='grc' dir='ltr'>τάς</span> <span class='ocrx_word' id='word_1_265' title='bbox 1514 2941 1575 2978; x_wconf 85' lang='grc' dir='ltr'>τε</span> <span class='ocrx_word' id='word_1_266' title='bbox 1611 2921 1818 2993; x_wconf 82' lang='grc' dir='ltr'>βώλους</span> <span class='ocrx_word' id='word_1_267' title='bbox 1846 2923 1940 2976; x_wconf 70' lang='grc' dir='ltr'>καὶ</span> 
     </span>
    </p>
   </div>
   <div class='ocr_carea' id='block_1_36' title="bbox 354 3015 1938 3094">
    <p class='ocr_par' dir='ltr' id='par_1_36' title="bbox 354 3015 1938 3094">
     <span class='ocr_line' id='line_1_36' title="bbox 354 3015 1938 3094; baseline -0.006 -18"><span class='ocrx_word' id='word_1_268' title='bbox 354 3024 445 3077; x_wconf 74' lang='grc' dir='ltr'>τὸν</span> <span class='ocrx_word' id='word_1_269' title='bbox 480 3024 613 3077; x_wconf 79' lang='grc' dir='ltr'>Υίδν</span> <span class='ocrx_word' id='word_1_270' title='bbox 641 3023 990 3094; x_wconf 81' lang='grc' dir='ltr'>ὑπεστήσατο</span> <span class='ocrx_word' id='word_1_271' title='bbox 1014 3036 1030 3050; x_wconf 82' lang='grc'>⁶</span> <span class='ocrx_word' id='word_1_272' title='bbox 1062 3024 1159 3075; x_wconf 83' lang='grc' dir='ltr'>καὶ</span> <span class='ocrx_word' id='word_1_273' title='bbox 1190 3020 1320 3091; x_wconf 68' lang='grc' dir='ltr'>περ)⁴</span> <span class='ocrx_word' id='word_1_274' title='bbox 1360 3019 1617 3089; x_wconf 77' lang='grc' dir='ltr'>θεότητος</span> <span class='ocrx_word' id='word_1_275' title='bbox 1654 3015 1813 3085; x_wconf 82' lang='grc' dir='ltr'>λόγος</span> <span class='ocrx_word' id='word_1_276' title='bbox 1849 3020 1938 3083; x_wconf 84' lang='grc' dir='ltr'>ιγ’.</span> 
     </span>
    </p>
   </div>
   <div class='ocr_carea' id='block_1_37' title="bbox 361 3108 1944 3186">
    <p class='ocr_par' dir='ltr' id='par_1_37' title="bbox 361 3108 1944 3186">
     <span class='ocr_line' id='line_1_37' title="bbox 361 3108 1944 3186; baseline -0.006 -16"><span class='ocrx_word' id='word_1_277' title='bbox 361 3116 611 3186; x_wconf 79' lang='lat' dir='ltr'><strong><em>Ejusdem</em></strong></span> <span class='ocrx_word' id='word_1_278' title='bbox 647 3115 976 3171; x_wconf 80' lang='lat' dir='ltr'><strong><em>sanctissimi</em></strong></span> <span class='ocrx_word' id='word_1_279' title='bbox 995 3124 1042 3169; x_wconf 92' lang='lat' dir='ltr'>et</span> <span class='ocrx_word' id='word_1_280' title='bbox 1066 3112 1370 3169; x_wconf 75' lang='lat' dir='ltr'><strong><em>aecumenici</em></strong></span> <span class='ocrx_word' id='word_1_281' title='bbox 1392 3110 1716 3181; x_wconf 82' lang='lat' dir='ltr'><strong><em>patri&#39;archte</em></strong></span> <span class='ocrx_word' id='word_1_282' title='bbox 1741 3108 1944 3163; x_wconf 76' lang='lat' dir='ltr'><strong><em>domini</em></strong></span> 
     </span>
    </p>
   </div>
   <div class='ocr_carea' id='block_1_38' title="bbox 361 3202 1945 3278">
    <p class='ocr_par' dir='ltr' id='par_1_38' title="bbox 361 3202 1945 3278">
     <span class='ocr_line' id='line_1_38' title="bbox 361 3202 1945 3278; baseline -0.003 -16"><span class='ocrx_word' id='word_1_283' title='bbox 361 3209 623 3263; x_wconf 79' lang='lat' dir='ltr'><strong><em>I&#39;hilothei</em></strong></span> <span class='ocrx_word' id='word_1_284' title='bbox 652 3207 982 3262; x_wconf 85' lang='lat' dir='ltr'><strong><em>nobilissimo</em></strong></span> <span class='ocrx_word' id='word_1_285' title='bbox 1007 3222 1194 3278; x_wconf 85' lang='lat' dir='ltr'><strong><em>magno</em></strong></span> <span class='ocrx_word' id='word_1_286' title='bbox 1215 3206 1501 3261; x_wconf 83' lang='lat' dir='ltr'><strong><em>domestico</em></strong></span> <span class='ocrx_word' id='word_1_287' title='bbox 1520 3202 1852 3273; x_wconf 65' lang='lat' dir='ltr'><strong><em>Pala’ologo.</em></strong></span> <span class='ocrx_word' id='word_1_288' title='bbox 1880 3203 1945 3257; x_wconf 85' lang='lat' dir='ltr'>de</span> 
     </span>
    </p>
   </div>
   <div class='ocr_carea' id='block_1_39' title="bbox 358 3295 1942 3359">
    <p class='ocr_par' dir='ltr' id='par_1_39' title="bbox 358 3295 1942 3359">
     <span class='ocr_line' id='line_1_39' title="bbox 358 3295 1942 3359; baseline -0.004 -4"><span class='ocrx_word' id='word_1_289' title='bbox 358 3303 501 3356; x_wconf 90' lang='lat' dir='ltr'><strong><em>dicto</em></strong></span> <span class='ocrx_word' id='word_1_290' title='bbox 536 3300 596 3357; x_wconf 90' lang='lat' dir='ltr'><strong><em>S.</em></strong></span> <span class='ocrx_word' id='word_1_291' title='bbox 627 3301 822 3356; x_wconf 84' lang='lat' dir='ltr'><strong><em>Basilii</em></strong></span> <span class='ocrx_word' id='word_1_292' title='bbox 856 3302 912 3356; x_wconf 89' lang='lat' dir='ltr'>in</span> <span class='ocrx_word' id='word_1_293' title='bbox 943 3300 1320 3355; x_wconf 82' lang='lat' dir='ltr'><strong><em>Antirrheticis</em></strong></span> <span class='ocrx_word' id='word_1_294' title='bbox 1370 3308 1560 3353; x_wconf 88' lang='lat' dir='ltr'><strong><em>contra</em></strong></span> <span class='ocrx_word' id='word_1_295' title='bbox 1596 3295 1942 3359; x_wconf 84' lang='lat' dir='ltr'><strong><em>Eunomium,</em></strong></span> 
     </span>
    </p>
   </div>
   <div class='ocr_carea' id='block_1_40' title="bbox 358 3389 1945 3463">
    <p class='ocr_par' dir='ltr' id='par_1_40' title="bbox 358 3389 1945 3463">
     <span class='ocr_line' id='line_1_40' title="bbox 358 3389 1945 3463; baseline -0.002 -17"><span class='ocrx_word' id='word_1_296' title='bbox 358 3394 450 3463; x_wconf 86' lang='lat' dir='ltr'><strong><em>qui</em></strong></span> <span class='ocrx_word' id='word_1_297' title='bbox 503 3394 581 3447; x_wconf 91' lang='lat' dir='ltr'>ait</span> <span class='ocrx_word' id='word_1_298' title='bbox 648 3392 707 3446; x_wconf 86' lang='lat' dir='ltr'>in</span> <span class='ocrx_word' id='word_1_299' title='bbox 760 3393 896 3446; x_wconf 86' lang='lat' dir='ltr'><strong><em>hunc</em></strong></span> <span class='ocrx_word' id='word_1_300' title='bbox 944 3391 1070 3447; x_wconf 86' lang='lat' dir='ltr'><strong><em>Jobi</em></strong></span> <span class='ocrx_word' id='word_1_301' title='bbox 1126 3399 1325 3457; x_wconf 87' lang='lat' dir='ltr'><strong><em>locum,</em></strong></span> <span class='ocrx_word' id='word_1_302' title='bbox 1362 3409 1381 3443; x_wconf 75' lang='grc' dir='ltr'>ι</span> <span class='ocrx_word' id='word_1_303' title='bbox 1428 3391 1534 3457; x_wconf 81' lang='lat' dir='ltr'><strong><em>Qui</em></strong></span> <span class='ocrx_word' id='word_1_304' title='bbox 1570 3391 1709 3444; x_wconf 90' lang='lat' dir='ltr'><strong><em>enim</em></strong></span> <span class='ocrx_word' id='word_1_305' title='bbox 1745 3389 1945 3457; x_wconf 83' lang='lat' dir='ltr'><strong><em>peperit</em></strong></span> 
     </span>
    </p>
   </div>
   <div class='ocr_carea' id='block_1_41' title="bbox 361 3481 1950 3556">
    <p class='ocr_par' dir='ltr' id='par_1_41' title="bbox 361 3481 1950 3556">
     <span class='ocr_line' id='line_1_41' title="bbox 361 3481 1950 3556; baseline -0.004 -17"><span class='ocrx_word' id='word_1_306' title='bbox 361 3486 540 3556; x_wconf 86' lang='lat' dir='ltr'><strong><em>glebas</em></strong></span> <span class='ocrx_word' id='word_1_307' title='bbox 576 3487 736 3552; x_wconf 83' lang='lat' dir='ltr'><strong><em>roris,</em></strong></span> <span class='ocrx_word' id='word_1_308' title='bbox 769 3504 787 3537; x_wconf 73' lang='grc' dir='ltr'>ι</span> <span class='ocrx_word' id='word_1_309' title='bbox 824 3502 925 3539; x_wconf 86' lang='lat' dir='ltr'>non</span> <span class='ocrx_word' id='word_1_310' title='bbox 958 3485 1206 3540; x_wconf 82' lang='lat' dir='ltr'><strong><em>similiter</em></strong></span> <span class='ocrx_word' id='word_1_311' title='bbox 1229 3485 1408 3555; x_wconf 86' lang='lat' dir='ltr'><strong><em>glebas</em></strong></span> <span class='ocrx_word' id='word_1_312' title='bbox 1437 3495 1487 3537; x_wconf 89' lang='lat' dir='ltr'>et</span> <span class='ocrx_word' id='word_1_313' title='bbox 1524 3481 1724 3537; x_wconf 85' lang='lat' dir='ltr'><strong><em>Filium</em></strong></span> <span class='ocrx_word' id='word_1_314' title='bbox 1747 3482 1950 3535; x_wconf 77' lang='lat' dir='ltr'><strong><em>consti-</em></strong></span> 
     </span>
    </p>
   </div>
   <div class='ocr_carea' id='block_1_42' title="bbox 364 3573 1949 3644">
    <p class='ocr_par' dir='ltr' id='par_1_42' title="bbox 364 3573 1949 3644">
     <span class='ocr_line' id='line_1_42' title="bbox 364 3573 1949 3644; baseline -0.005 -9"><span class='ocrx_word' id='word_1_315' title='bbox 364 3583 547 3644; x_wconf 70' lang='lat' dir='ltr'><strong><em>tuisse,</em></strong></span> <span class='ocrx_word' id='word_1_316' title='bbox 577 3590 624 3635; x_wconf 90' lang='lat' dir='ltr'>et</span> <span class='ocrx_word' id='word_1_317' title='bbox 652 3580 717 3634; x_wconf 82' lang='lat' dir='ltr'>de</span> <span class='ocrx_word' id='word_1_318' title='bbox 748 3579 1096 3635; x_wconf 85' lang='lat' dir='ltr'><strong><em>deitateliber</em></strong></span> <span class='ocrx_word' id='word_1_319' title='bbox 1124 3580 1357 3633; x_wconf 85' lang='lat' dir='ltr'><strong><em>decimus</em></strong></span> <span class='ocrx_word' id='word_1_320' title='bbox 1389 3577 1594 3631; x_wconf 86' lang='lat' dir='ltr'><strong><em>tertius.</em></strong></span> <span class='ocrx_word' id='word_1_321' title='bbox 1634 3573 1785 3631; x_wconf 87' lang='lat' dir='ltr'><strong><em>lnit.:</em></strong></span> <span class='ocrx_word' id='word_1_322' title='bbox 1813 3576 1949 3642; x_wconf 79' lang='grc' dir='ltr'>Ἀγε</span> 
     </span>
    </p>
   </div>
   <div class='ocr_carea' id='block_1_43' title="bbox 362 3668 1950 3743">
    <p class='ocr_par' dir='ltr' id='par_1_43' title="bbox 362 3668 1950 3743">
     <span class='ocr_line' id='line_1_43' title="bbox 362 3668 1950 3743; baseline -0.004 -18"><span class='ocrx_word' id='word_1_323' title='bbox 362 3674 431 3743; x_wconf 80' lang='grc' dir='ltr'>δὴ</span> <span class='ocrx_word' id='word_1_324' title='bbox 462 3673 557 3726; x_wconf 73' lang='grc' dir='ltr'>καὶ</span> <span class='ocrx_word' id='word_1_325' title='bbox 585 3672 770 3739; x_wconf 84' lang='grc' dir='ltr'>πάλιν,</span> <span class='ocrx_word' id='word_1_326' title='bbox 804 3673 975 3742; x_wconf 84' lang='grc' dir='ltr'>φίλων</span> <span class='ocrx_word' id='word_1_327' title='bbox 1007 3672 1218 3741; x_wconf 83' lang='grc' dir='ltr'>ἀνδρῶν</span> <span class='ocrx_word' id='word_1_328' title='bbox 1255 3669 1619 3740; x_wconf 78' lang='grc' dir='ltr'>εὐγενέστατε</span> <span class='ocrx_word' id='word_1_329' title='bbox 1657 3669 1749 3722; x_wconf 71' lang='grc' dir='ltr'>καὶ</span> <span class='ocrx_word' id='word_1_330' title='bbox 1799 3668 1950 3737; x_wconf 81' lang='grc' dir='ltr'>φιλο-</span> 
     </span>
    </p>
   </div>
   <div class='ocr_carea' id='block_1_44' title="bbox 366 3757 1953 3834">
    <p class='ocr_par' dir='ltr' id='par_1_44' title="bbox 366 3757 1953 3834">
     <span class='ocr_line' id='line_1_44' title="bbox 366 3757 1953 3834; baseline -0.003 -19"><span class='ocrx_word' id='word_1_331' title='bbox 366 3763 701 3833; x_wconf 83' lang='grc' dir='ltr'>μαθέστατε,</span> <span class='ocrx_word' id='word_1_332' title='bbox 731 3761 869 3834; x_wconf 76' lang='grc' dir='ltr'>πρὸς</span> <span class='ocrx_word' id='word_1_333' title='bbox 892 3763 989 3828; x_wconf 83' lang='grc' dir='ltr'>τὰς</span> <span class='ocrx_word' id='word_1_334' title='bbox 1009 3760 1192 3826; x_wconf 80' lang='grc' dir='ltr'>λύσεις</span> <span class='ocrx_word' id='word_1_335' title='bbox 1218 3762 1390 3831; x_wconf 74' lang='grc' dir='ltr'>ἴωμεν</span> <span class='ocrx_word' id='word_1_336' title='bbox 1423 3757 1533 3813; x_wconf 85' lang='grc' dir='ltr'>τῶν</span> <span class='ocrx_word' id='word_1_337' title='bbox 1560 3758 1668 3812; x_wconf 83' lang='grc' dir='ltr'>σῶν</span> <span class='ocrx_word' id='word_1_338' title='bbox 1700 3757 1953 3829; x_wconf 79' lang='grc' dir='ltr'>ζητημά-</span> 
     </span>
    </p>
   </div>
   <div class='ocr_carea' id='block_1_45' title="bbox 365 3855 918 3911">
    <p class='ocr_par' dir='ltr' id='par_1_45' title="bbox 365 3855 918 3911">
     <span class='ocr_line' id='line_1_45' title="bbox 365 3855 918 3911; baseline 0.004 -2"><span class='ocrx_word' id='word_1_339' title='bbox 365 3874 481 3909; x_wconf 80' lang='grc' dir='ltr'>των</span> <span class='ocrx_word' id='word_1_340' title='bbox 508 3868 618 3911; x_wconf 87' lang='lat' dir='ltr'><strong><em>etc.</em></strong></span> <span class='ocrx_word' id='word_1_341' title='bbox 647 3857 763 3911; x_wconf 85' lang='lat' dir='ltr'><strong><em>Fnl.</em></strong></span> <span class='ocrx_word' id='word_1_342' title='bbox 787 3855 918 3911; x_wconf 70' lang='lat'>212.</span> 
     </span>
    </p>
   </div>
   <div class='ocr_carea' id='block_1_46' title="bbox 440 3942 1953 4018">
    <p class='ocr_par' dir='ltr' id='par_1_46' title="bbox 440 3942 1953 4018">
     <span class='ocr_line' id='line_1_46' title="bbox 440 3942 1953 4018; baseline -0.003 -16"><span class='ocrx_word' id='word_1_343' title='bbox 440 3946 550 4002; x_wconf 90' lang='grc' dir='ltr'>Τοῦ</span> <span class='ocrx_word' id='word_1_344' title='bbox 587 3947 752 4001; x_wconf 84' lang='grc' dir='ltr'>αὐτοῦ</span> <span class='ocrx_word' id='word_1_345' title='bbox 784 3948 922 4018; x_wconf 76' lang='grc' dir='ltr'>πρὸς</span> <span class='ocrx_word' id='word_1_346' title='bbox 954 3946 1047 4001; x_wconf 73' lang='grc' dir='ltr'>τὸν</span> <span class='ocrx_word' id='word_1_347' title='bbox 1088 3945 1254 4001; x_wconf 78' lang='grc' dir='ltr'>αὑτὸν</span> <span class='ocrx_word' id='word_1_348' title='bbox 1290 3945 1420 4017; x_wconf 80' lang='grc' dir='ltr'>περὶ</span> <span class='ocrx_word' id='word_1_349' title='bbox 1462 3943 1566 4014; x_wconf 84' lang='grc' dir='ltr'>τῆς</span> <span class='ocrx_word' id='word_1_350' title='bbox 1593 3944 1651 3997; x_wconf 70' lang='grc' dir='ltr'>ὲν</span> <span class='ocrx_word' id='word_1_351' title='bbox 1682 3942 1953 4016; x_wconf 76' lang='grc' dir='ltr'>Θαῦωρίῳ</span> 
     </span>
    </p>
   </div>
   <div class='ocr_carea' id='block_1_47' title="bbox 366 4034 1956 4111">
    <p class='ocr_par' dir='ltr' id='par_1_47' title="bbox 366 4034 1956 4111">
     <span class='ocr_line' id='line_1_47' title="bbox 366 4034 1956 4111; baseline -0.004 -15"><span class='ocrx_word' id='word_1_352' title='bbox 366 4040 524 4105; x_wconf 83' lang='grc' dir='ltr'>θείας</span> <span class='ocrx_word' id='word_1_353' title='bbox 564 4039 659 4094; x_wconf 89' lang='grc' dir='ltr'>τοῦ</span> <span class='ocrx_word' id='word_1_354' title='bbox 693 4038 935 4109; x_wconf 79' lang='grc' dir='ltr'>Χριστοῦ</span> <span class='ocrx_word' id='word_1_355' title='bbox 972 4035 1480 4111; x_wconf 81' lang='grc' dir='ltr'>μεταμορφώσεως,</span> <span class='ocrx_word' id='word_1_356' title='bbox 1506 4037 1590 4105; x_wconf 80' lang='grc' dir='ltr'>ὅτι</span> <span class='ocrx_word' id='word_1_357' title='bbox 1625 4034 1750 4089; x_wconf 75' lang='grc' dir='ltr'>οὔτε</span> <span class='ocrx_word' id='word_1_358' title='bbox 1796 4036 1956 4090; x_wconf 82' lang='grc' dir='ltr'>οὐσία</span> 
     </span>
    </p>
   </div>
   <div class='ocr_carea' id='block_1_48' title="bbox 367 4119 1957 4200">
    <p class='ocr_par' dir='ltr' id='par_1_48' title="bbox 367 4119 1957 4200">
     <span class='ocr_line' id='line_1_48' title="bbox 367 4119 1957 4200; baseline -0.003 -15"><span class='ocrx_word' id='word_1_359' title='bbox 367 4131 510 4185; x_wconf 86' lang='grc' dir='ltr'>Θεοῦ</span> <span class='ocrx_word' id='word_1_360' title='bbox 536 4130 597 4184; x_wconf 77' lang='grc' dir='ltr'>τὸ</span> <span class='ocrx_word' id='word_1_361' title='bbox 626 4130 750 4185; x_wconf 86' lang='grc' dir='ltr'>κατ’</span> <span class='ocrx_word' id='word_1_362' title='bbox 784 4128 960 4200; x_wconf 76' lang='grc' dir='ltr'>αὐτὴν</span> <span class='ocrx_word' id='word_1_363' title='bbox 999 4128 1116 4198; x_wconf 81' lang='grc' dir='ltr'>φῶς</span> <span class='ocrx_word' id='word_1_364' title='bbox 1145 4126 1274 4182; x_wconf 75' lang='grc' dir='ltr'>οὗτε</span> <span class='ocrx_word' id='word_1_365' title='bbox 1299 4125 1508 4197; x_wconf 88' lang='grc' dir='ltr'>κτίσμα</span> <span class='ocrx_word' id='word_1_366' title='bbox 1529 4142 1542 4158; x_wconf 79' lang='grc'><em>’</em></span> <span class='ocrx_word' id='word_1_367' title='bbox 1573 4126 1668 4180; x_wconf 74' lang='grc' dir='ltr'>καὶ</span> <span class='ocrx_word' id='word_1_368' title='bbox 1700 4125 1783 4180; x_wconf 77' lang='grc' dir='ltr'>ὅτι</span> <span class='ocrx_word' id='word_1_369' title='bbox 1816 4119 1957 4180; x_wconf 84' lang='grc' dir='ltr'>εἶδον</span> 
     </span>
    </p>
   </div>
   <div class='ocr_carea' id='block_1_49' title="bbox 368 4202 1961 4288">
    <p class='ocr_par' dir='ltr' id='par_1_49' title="bbox 368 4202 1961 4288">
     <span class='ocr_line' id='line_1_49' title="bbox 368 4202 1961 4288; baseline -0.004 -10"><span class='ocrx_word' id='word_1_370' title='bbox 368 4223 508 4278; x_wconf 79' lang='grc' dir='ltr'>αὐτὸ</span> <span class='ocrx_word' id='word_1_371' title='bbox 532 4224 582 4277; x_wconf 77' lang='lat' dir='ltr'>oi</span> <span class='ocrx_word' id='word_1_372' title='bbox 616 4221 932 4288; x_wconf 84' lang='grc' dir='ltr'>ἀπόστολοι,</span> <span class='ocrx_word' id='word_1_373' title='bbox 979 4221 1075 4276; x_wconf 75' lang='grc' dir='ltr'>καὶ</span> <span class='ocrx_word' id='word_1_374' title='bbox 1107 4219 1225 4284; x_wconf 86' lang='grc' dir='ltr'>πῶς</span> <span class='ocrx_word' id='word_1_375' title='bbox 1271 4215 1415 4273; x_wconf 72' lang='grc' dir='ltr'>εἶδον</span> <span class='ocrx_word' id='word_1_376' title='bbox 1440 4234 1457 4250; x_wconf 74' lang='grc' dir='ltr'>ο</span> <span class='ocrx_word' id='word_1_377' title='bbox 1492 4219 1590 4272; x_wconf 74' lang='grc' dir='ltr'>καὶ</span> <span class='ocrx_word' id='word_1_378' title='bbox 1622 4214 1706 4272; x_wconf 84' lang='grc' dir='ltr'>ὅτι</span> <span class='ocrx_word' id='word_1_379' title='bbox 1734 4202 1802 4271; x_wconf 81' lang='grc' dir='ltr'>οῦ</span> <span class='ocrx_word' id='word_1_380' title='bbox 1832 4234 1961 4271; x_wconf 88' lang='grc' dir='ltr'>σιω-</span> 
     </span>
    </p>
   </div>
   <div class='ocr_carea' id='block_1_50' title="bbox 372 4312 1958 4386">
    <p class='ocr_par' dir='ltr' id='par_1_50' title="bbox 372 4312 1958 4386">
     <span class='ocr_line' id='line_1_50' title="bbox 372 4312 1958 4386; baseline -0.004 -15"><span class='ocrx_word' id='word_1_381' title='bbox 372 4316 587 4371; x_wconf 78' lang='grc' dir='ltr'>πᾶσθαι</span> <span class='ocrx_word' id='word_1_382' title='bbox 615 4317 745 4379; x_wconf 88' lang='grc' dir='ltr'>τοὺς</span> <span class='ocrx_word' id='word_1_383' title='bbox 796 4315 928 4386; x_wconf 74' lang='grc' dir='ltr'>περὶ</span> <span class='ocrx_word' id='word_1_384' title='bbox 976 4312 1187 4367; x_wconf 86' lang='grc' dir='ltr'>τούτων</span> <span class='ocrx_word' id='word_1_385' title='bbox 1223 4312 1417 4382; x_wconf 80' lang='grc' dir='ltr'>λόγους</span> <span class='ocrx_word' id='word_1_386' title='bbox 1462 4312 1606 4367; x_wconf 88' lang='grc' dir='ltr'>κατά</span> <span class='ocrx_word' id='word_1_387' title='bbox 1643 4328 1798 4376; x_wconf 87' lang='grc' dir='ltr'>τινας</span> <span class='ocrx_word' id='word_1_388' title='bbox 1826 4312 1958 4383; x_wconf 83' lang='grc' dir='ltr'>χρὴ,</span> 
     </span>
    </p>
   </div>
   <div class='ocr_carea' id='block_1_51' title="bbox 373 4392 1958 4480">
    <p class='ocr_par' dir='ltr' id='par_1_51' title="bbox 373 4392 1958 4480">
     <span class='ocr_line' id='line_1_51' title="bbox 373 4392 1958 4480; baseline -0.011 -15"><span class='ocrx_word' id='word_1_389' title='bbox 373 4409 516 4465; x_wconf 75' lang='grc' dir='ltr'>ἀλλὰ</span> <span class='ocrx_word' id='word_1_390' title='bbox 541 4409 638 4463; x_wconf 73' lang='grc' dir='ltr'>καὶ</span> <span class='ocrx_word' id='word_1_391' title='bbox 681 4404 1078 4480; x_wconf 72' lang='grc' dir='ltr'>κηρύττεσθαι,</span> <span class='ocrx_word' id='word_1_392' title='bbox 1132 4407 1226 4458; x_wconf 75' lang='grc' dir='ltr'>καὶ</span> <span class='ocrx_word' id='word_1_393' title='bbox 1261 4403 1401 4475; x_wconf 80' lang='grc' dir='ltr'>πρὸς</span> <span class='ocrx_word' id='word_1_394' title='bbox 1436 4402 1536 4475; x_wconf 82' lang='grc' dir='ltr'>τὴν</span> <span class='ocrx_word' id='word_1_395' title='bbox 1574 4392 1813 4475; x_wconf 71' lang='grc' dir='ltr'>μετοχὴν</span> <span class='ocrx_word' id='word_1_396' title='bbox 1854 4403 1958 4475; x_wconf 79' lang='grc' dir='ltr'>μά.</span> 
     </span>
    </p>
   </div>
   <div class='ocr_carea' id='block_1_52' title="bbox 373 4493 1957 4566">
    <p class='ocr_par' dir='ltr' id='par_1_52' title="bbox 373 4493 1957 4566">
     <span class='ocr_line' id='line_1_52' title="bbox 373 4493 1957 4566; baseline -0.004 -8"><span class='ocrx_word' id='word_1_397' title='bbox 373 4504 537 4557; x_wconf 81' lang='grc' dir='ltr'>λιστα</span> <span class='ocrx_word' id='word_1_398' title='bbox 591 4500 849 4556; x_wconf 74' lang='grc' dir='ltr'>σπεύδειν</span> <span class='ocrx_word' id='word_1_399' title='bbox 903 4499 1114 4560; x_wconf 80' lang='grc' dir='ltr'>πάντας</span> <span class='ocrx_word' id='word_1_400' title='bbox 1151 4496 1247 4550; x_wconf 90' lang='grc' dir='ltr'>τοῦ</span> <span class='ocrx_word' id='word_1_401' title='bbox 1304 4495 1453 4549; x_wconf 84' lang='grc' dir='ltr'>θείου</span> <span class='ocrx_word' id='word_1_402' title='bbox 1491 4497 1674 4566; x_wconf 75' lang='grc' dir='ltr'>φωτὸς</span> <span class='ocrx_word' id='word_1_403' title='bbox 1713 4493 1957 4552; x_wconf 78' lang='grc' dir='ltr'>ἐκείνου.</span> 
     </span>
    </p>
   </div>
   <div class='ocr_carea' id='block_1_53' title="bbox 377 4589 1963 4664">
    <p class='ocr_par' dir='ltr' id='par_1_53' title="bbox 377 4589 1963 4664">
     <span class='ocr_line' id='line_1_53' title="bbox 377 4589 1963 4664; baseline -0.003 -13"><span class='ocrx_word' id='word_1_404' title='bbox 377 4595 638 4664; x_wconf 80' lang='lat' dir='ltr'><strong><em>Ejusdem</em></strong></span> <span class='ocrx_word' id='word_1_405' title='bbox 684 4594 756 4648; x_wconf 88' lang='lat' dir='ltr'>ad</span> <span class='ocrx_word' id='word_1_406' title='bbox 787 4592 1030 4648; x_wconf 82' lang='lat' dir='ltr'><strong><em>eumdem</em></strong></span> <span class='ocrx_word' id='word_1_407' title='bbox 1057 4590 1125 4645; x_wconf 90' lang='lat' dir='ltr'>de</span> <span class='ocrx_word' id='word_1_408' title='bbox 1158 4591 1338 4645; x_wconf 77' lang='lat' dir='ltr'><strong><em>diuina</em></strong></span> <span class='ocrx_word' id='word_1_409' title='bbox 1366 4589 1861 4661; x_wconf 76' lang='lat' dir='ltr'><strong><em>Transﬁguratione</em></strong></span> <span class='ocrx_word' id='word_1_410' title='bbox 1906 4591 1963 4646; x_wconf 87' lang='lat' dir='ltr'>in</span> 
     </span>
    </p>
   </div>
   <div class='ocr_carea' id='block_1_54' title="bbox 380 4682 1967 4757">
    <p class='ocr_par' dir='ltr' id='par_1_54' title="bbox 380 4682 1967 4757">
     <span class='ocr_line' id='line_1_54' title="bbox 380 4682 1967 4757; baseline -0.004 -14"><span class='ocrx_word' id='word_1_411' title='bbox 380 4688 674 4753; x_wconf 85' lang='lat' dir='ltr'><strong><em>Thaborio,</em></strong></span> <span class='ocrx_word' id='word_1_412' title='bbox 711 4685 850 4757; x_wconf 79' lang='lat' dir='ltr'><strong><em>quod</em></strong></span> <span class='ocrx_word' id='word_1_413' title='bbox 884 4685 1064 4738; x_wconf 85' lang='lat' dir='ltr'><strong><em>lumen</em></strong></span> <span class='ocrx_word' id='word_1_414' title='bbox 1113 4683 1169 4737; x_wconf 86' lang='lat' dir='ltr'>in</span> <span class='ocrx_word' id='word_1_415' title='bbox 1204 4698 1269 4738; x_wconf 86' lang='lat' dir='ltr'>ea</span> <span class='ocrx_word' id='word_1_416' title='bbox 1317 4682 1613 4737; x_wconf 73' lang='lat' dir='ltr'><strong><em>exhibitum</em></strong></span> <span class='ocrx_word' id='word_1_417' title='bbox 1644 4698 1808 4753; x_wconf 85' lang='lat' dir='ltr'><strong><em>neque</em></strong></span> <span class='ocrx_word' id='word_1_418' title='bbox 1837 4683 1967 4739; x_wconf 74' lang='lat' dir='ltr'><strong><em>sub-</em></strong></span> 
     </span>
    </p>
   </div>
   <div class='ocr_carea' id='block_1_55' title="bbox 376 4770 1972 4847">
    <p class='ocr_par' dir='ltr' id='par_1_55' title="bbox 376 4770 1972 4847">
     <span class='ocr_line' id='line_1_55' title="bbox 376 4770 1972 4847; baseline -0.004 -11"><span class='ocrx_word' id='word_1_419' title='bbox 376 4782 584 4838; x_wconf 87' lang='lat' dir='ltr'><strong><em>stantia</em></strong></span> <span class='ocrx_word' id='word_1_420' title='bbox 619 4779 716 4834; x_wconf 78' lang='lat' dir='ltr'><strong><em>Dei</em></strong></span> <span class='ocrx_word' id='word_1_421' title='bbox 743 4781 812 4832; x_wconf 86' lang='lat' dir='ltr'>sit</span> <span class='ocrx_word' id='word_1_422' title='bbox 854 4791 1020 4847; x_wconf 82' lang='lat' dir='ltr'><strong><em>neque</em></strong></span> <span class='ocrx_word' id='word_1_423' title='bbox 1047 4785 1298 4830; x_wconf 81' lang='lat' dir='ltr'><strong><em>creatura</em></strong></span> <span class='ocrx_word' id='word_1_424' title='bbox 1333 4816 1349 4842; x_wconf 89' lang='lat'>,</span> <span class='ocrx_word' id='word_1_425' title='bbox 1373 4786 1424 4829; x_wconf 88' lang='lat' dir='ltr'>et</span> <span class='ocrx_word' id='word_1_426' title='bbox 1454 4776 1595 4845; x_wconf 85' lang='lat' dir='ltr'><strong><em>quod</em></strong></span> <span class='ocrx_word' id='word_1_427' title='bbox 1635 4770 1863 4845; x_wconf 84' lang='lat' dir='ltr'><strong><em>apostoli</em></strong></span> <span class='ocrx_word' id='word_1_428' title='bbox 1890 4775 1972 4845; x_wconf 85' lang='lat' dir='ltr'><strong><em>ip-</em></strong></span> 
     </span>
    </p>
   </div>
   <div class='ocr_carea' id='block_1_56' title="bbox 379 4863 1971 4935">
    <p class='ocr_par' dir='ltr' id='par_1_56' title="bbox 379 4863 1971 4935">
     <span class='ocr_line' id='line_1_56' title="bbox 379 4863 1971 4935; baseline -0.003 -13"><span class='ocrx_word' id='word_1_429' title='bbox 379 4884 501 4923; x_wconf 65' lang='lat' dir='ltr'><strong><em>stant</em></strong></span> <span class='ocrx_word' id='word_1_430' title='bbox 533 4867 758 4921; x_wconf 77' lang='lat' dir='ltr'><strong><em>viderint</em></strong></span> <span class='ocrx_word' id='word_1_431' title='bbox 802 4882 867 4919; x_wconf 89' lang='lat' dir='ltr'>ac</span> <span class='ocrx_word' id='word_1_432' title='bbox 896 4863 1161 4935; x_wconf 77' lang='lat' dir='ltr'><strong><em>quomodo</em></strong></span> <span class='ocrx_word' id='word_1_433' title='bbox 1199 4863 1466 4929; x_wconf 75' lang='lat' dir='ltr'><strong><em>viderint;</em></strong></span> <span class='ocrx_word' id='word_1_434' title='bbox 1495 4864 1635 4935; x_wconf 89' lang='lat' dir='ltr'><strong><em>quod</em></strong></span> <span class='ocrx_word' id='word_1_435' title='bbox 1656 4864 1768 4919; x_wconf 73' lang='lat' dir='ltr'><strong><em>haec</em></strong></span> <span class='ocrx_word' id='word_1_436' title='bbox 1798 4874 1971 4919; x_wconf 86' lang='lat' dir='ltr'><strong><em>tacere</em></strong></span> 
     </span>
    </p>
   </div>
   <div class='ocr_carea' id='block_1_57' title="bbox 382 4955 1970 5027">
    <p class='ocr_par' dir='ltr' id='par_1_57' title="bbox 382 4955 1970 5027">
     <span class='ocr_line' id='line_1_57' title="bbox 382 4955 1970 5027; baseline -0.003 -14"><span class='ocrx_word' id='word_1_437' title='bbox 382 4976 490 5013; x_wconf 82' lang='lat' dir='ltr'>non</span> <span class='ocrx_word' id='word_1_438' title='bbox 529 4967 791 5027; x_wconf 80' lang='lat' dir='ltr'><strong><em>oporteat,</em></strong></span> <span class='ocrx_word' id='word_1_439' title='bbox 829 4968 886 5011; x_wconf 87' lang='lat' dir='ltr'>ut</span> <span class='ocrx_word' id='word_1_440' title='bbox 926 4955 1149 5027; x_wconf 87' lang='lat' dir='ltr'><strong><em>quidam</em></strong></span> <span class='ocrx_word' id='word_1_441' title='bbox 1198 4955 1404 5015; x_wconf 77' lang='lat' dir='ltr'><strong><em>uolunt,</em></strong></span> <span class='ocrx_word' id='word_1_442' title='bbox 1435 4955 1527 5010; x_wconf 85' lang='lat' dir='ltr'>sed</span> <span class='ocrx_word' id='word_1_443' title='bbox 1562 4957 1743 5025; x_wconf 83' lang='lat' dir='ltr'><strong><em>potius</em></strong></span> <span class='ocrx_word' id='word_1_444' title='bbox 1769 4956 1970 5027; x_wconf 78' lang='lat' dir='ltr'><strong><em>prwdi-</em></strong></span> 
     </span>
    </p>
   </div>
   <div class='ocr_carea' id='block_1_58' title="bbox 378 5044 1970 5119">
    <p class='ocr_par' dir='ltr' id='par_1_58' title="bbox 378 5044 1970 5119">
     <span class='ocr_line' id='line_1_58' title="bbox 378 5044 1970 5119; baseline -0.001 -15"><span class='ocrx_word' id='word_1_445' title='bbox 378 5065 523 5104; x_wconf 82' lang='lat' dir='ltr'><strong><em>care.</em></strong></span> <span class='ocrx_word' id='word_1_446' title='bbox 555 5048 622 5102; x_wconf 77' lang='lat' dir='ltr'><strong><em>Et</em></strong></span> <span class='ocrx_word' id='word_1_447' title='bbox 652 5050 793 5119; x_wconf 85' lang='lat' dir='ltr'><strong><em>quod</em></strong></span> <span class='ocrx_word' id='word_1_448' title='bbox 823 5049 891 5102; x_wconf 82' lang='lat' dir='ltr'>ad</span> <span class='ocrx_word' id='word_1_449' title='bbox 936 5046 1085 5100; x_wconf 83' lang='lat' dir='ltr'><strong><em>illius</em></strong></span> <span class='ocrx_word' id='word_1_450' title='bbox 1114 5044 1309 5100; x_wconf 73' lang='lat' dir='ltr'><strong><em>dicina:</em></strong></span> <span class='ocrx_word' id='word_1_451' title='bbox 1344 5045 1479 5099; x_wconf 81' lang='lat' dir='ltr'><strong><em>lucis</em></strong></span> <span class='ocrx_word' id='word_1_452' title='bbox 1509 5048 1970 5116; x_wconf 84' lang='lat' dir='ltr'><strong><em>participationem</em></strong></span> 
     </span>
    </p>
   </div>
   <div class='ocr_carea' id='block_1_59' title="bbox 383 5137 1975 5212">
    <p class='ocr_par' dir='ltr' id='par_1_59' title="bbox 383 5137 1975 5212">
     <span class='ocr_line' id='line_1_59' title="bbox 383 5137 1975 5212; baseline -0.002 -16"><span class='ocrx_word' id='word_1_453' title='bbox 383 5158 565 5196; x_wconf 84' lang='lat' dir='ltr'><strong><em>omnes</em></strong></span> <span class='ocrx_word' id='word_1_454' title='bbox 621 5142 878 5211; x_wconf 82' lang='lat' dir='ltr'><strong><em>festinare</em></strong></span> <span class='ocrx_word' id='word_1_455' title='bbox 923 5140 1174 5194; x_wconf 84' lang='lat' dir='ltr'><strong><em>debeant.</em></strong></span> <span class='ocrx_word' id='word_1_456' title='bbox 1200 5137 1329 5194; x_wconf 87' lang='lat' dir='ltr'><strong><em>Init.</em></strong></span> <span class='ocrx_word' id='word_1_457' title='bbox 1361 5154 1375 5191; x_wconf 92' lang='lat'><strong>:</strong></span> <span class='ocrx_word' id='word_1_458' title='bbox 1421 5138 1576 5190; x_wconf 73' lang='grc' dir='ltr'>Ἐπεὶ</span> <span class='ocrx_word' id='word_1_459' title='bbox 1608 5138 1665 5192; x_wconf 79' lang='grc' dir='ltr'>δὲ</span> <span class='ocrx_word' id='word_1_460' title='bbox 1704 5139 1805 5203; x_wconf 85' lang='grc' dir='ltr'>τὰς</span> <span class='ocrx_word' id='word_1_461' title='bbox 1844 5143 1975 5212; x_wconf 73' lang='grc' dir='ltr'>περὶ</span> 
     </span>
    </p>
   </div>
   <div class='ocr_carea' id='block_1_60' title="bbox 382 5230 1976 5304">
    <p class='ocr_par' dir='ltr' id='par_1_60' title="bbox 382 5230 1976 5304">
     <span class='ocr_line' id='line_1_60' title="bbox 382 5230 1976 5304; baseline -0.001 -17"><span class='ocrx_word' id='word_1_462' title='bbox 382 5237 483 5298; x_wconf 81' lang='grc' dir='ltr'>τὰς</span> <span class='ocrx_word' id='word_1_463' title='bbox 511 5235 688 5301; x_wconf 79' lang='grc' dir='ltr'>λέξεις</span> <span class='ocrx_word' id='word_1_464' title='bbox 739 5235 864 5289; x_wconf 80' lang='grc' dir='ltr'>καθ’</span> <span class='ocrx_word' id='word_1_465' title='bbox 892 5233 1053 5304; x_wconf 81' lang='grc' dir='ltr'>ἡμῶν</span> <span class='ocrx_word' id='word_1_466' title='bbox 1091 5230 1467 5300; x_wconf 76' lang='grc' dir='ltr'>συκοφαντίας</span> <span class='ocrx_word' id='word_1_467' title='bbox 1500 5247 1559 5282; x_wconf 76' lang='grc' dir='ltr'>τε</span> <span class='ocrx_word' id='word_1_468' title='bbox 1597 5233 1695 5285; x_wconf 70' lang='grc' dir='ltr'>καὶ</span> <span class='ocrx_word' id='word_1_469' title='bbox 1728 5248 1976 5287; x_wconf 84' lang='grc' dir='ltr'>καινοτο-</span> 
     </span>
    </p>
   </div>
   <div class='ocr_carea' id='block_1_61' title="bbox 386 5325 968 5400">
    <p class='ocr_par' dir='ltr' id='par_1_61' title="bbox 386 5325 968 5400">
     <span class='ocr_line' id='line_1_61' title="bbox 386 5325 968 5400; baseline 0.007 -21"><span class='ocrx_word' id='word_1_470' title='bbox 386 5327 517 5400; x_wconf 79' lang='grc' dir='ltr'>μίας</span> <span class='ocrx_word' id='word_1_471' title='bbox 546 5338 652 5383; x_wconf 82' lang='lat' dir='ltr'><strong><em>etc.</em></strong></span> <span class='ocrx_word' id='word_1_472' title='bbox 690 5325 812 5381; x_wconf 79' lang='lat' dir='ltr'><strong><em>Fol.</em></strong></span> <span class='ocrx_word' id='word_1_473' title='bbox 838 5326 968 5383; x_wconf 61' lang='lat'>9‘21.</span> 
     </span>
    </p>
   </div>
   <div class='ocr_carea' id='block_1_62' title="bbox 459 5413 1977 5489">
    <p class='ocr_par' dir='ltr' id='par_1_62' title="bbox 459 5413 1977 5489">
     <span class='ocr_line' id='line_1_62' title="bbox 459 5413 1977 5489; baseline -0.001 -18"><span class='ocrx_word' id='word_1_474' title='bbox 459 5418 567 5471; x_wconf 86' lang='grc' dir='ltr'>Τοῦ</span> <span class='ocrx_word' id='word_1_475' title='bbox 602 5418 773 5472; x_wconf 75' lang='grc' dir='ltr'>αὐτοῦ</span> <span class='ocrx_word' id='word_1_476' title='bbox 807 5418 944 5489; x_wconf 78' lang='grc' dir='ltr'>πρὸς</span> <span class='ocrx_word' id='word_1_477' title='bbox 987 5416 1081 5470; x_wconf 72' lang='grc' dir='ltr'>τὸν</span> <span class='ocrx_word' id='word_1_478' title='bbox 1114 5414 1279 5468; x_wconf 72' lang='grc' dir='ltr'>αὐτὶν</span> <span class='ocrx_word' id='word_1_479' title='bbox 1312 5417 1442 5483; x_wconf 74' lang='grc' dir='ltr'>περὶ</span> <span class='ocrx_word' id='word_1_480' title='bbox 1473 5413 1582 5467; x_wconf 83' lang='grc' dir='ltr'>τῶν</span> <span class='ocrx_word' id='word_1_481' title='bbox 1617 5413 1797 5467; x_wconf 71' lang='grc' dir='ltr'>αὐτῶν</span> <span class='ocrx_word' id='word_1_482' title='bbox 1817 5414 1977 5484; x_wconf 87' lang='grc' dir='ltr'>λόγος</span> 
     </span>
    </p>
   </div>
   <div class='ocr_carea' id='block_1_63' title="bbox 390 5502 1977 5575">
    <p class='ocr_par' dir='ltr' id='par_1_63' title="bbox 390 5502 1977 5575">
     <span class='ocr_line' id='line_1_63' title="bbox 390 5502 1977 5575; baseline -0.001 -14"><span class='ocrx_word' id='word_1_483' title='bbox 390 5510 476 5561; x_wconf 71' lang='lat' dir='ltr'><strong><em>ts&#39;.</em></strong></span> <span class='ocrx_word' id='word_1_484' title='bbox 511 5504 765 5575; x_wconf 76' lang='lat' dir='ltr'><strong><em>Ejusdem</em></strong></span> <span class='ocrx_word' id='word_1_485' title='bbox 791 5506 863 5559; x_wconf 73' lang='lat' dir='ltr'><strong><em>ad</em></strong></span> <span class='ocrx_word' id='word_1_486' title='bbox 894 5505 1136 5560; x_wconf 81' lang='lat' dir='ltr'><strong><em>eumdem</em></strong></span> <span class='ocrx_word' id='word_1_487' title='bbox 1167 5505 1232 5558; x_wconf 89' lang='lat' dir='ltr'>de</span> <span class='ocrx_word' id='word_1_488' title='bbox 1257 5518 1312 5558; x_wconf 87' lang='lat' dir='ltr'>re</span> <span class='ocrx_word' id='word_1_489' title='bbox 1329 5504 1513 5558; x_wconf 82' lang='lat' dir='ltr'><strong><em>eadem</em></strong></span> <span class='ocrx_word' id='word_1_490' title='bbox 1545 5502 1680 5557; x_wconf 88' lang='lat' dir='ltr'><strong><em>liber</em></strong></span> <span class='ocrx_word' id='word_1_491' title='bbox 1707 5502 1795 5560; x_wconf 77' lang='grc'>15.</span> <span class='ocrx_word' id='word_1_492' title='bbox 1826 5505 1977 5560; x_wconf 86' lang='lat' dir='ltr'><strong><em>lnit.:</em></strong></span> 
     </span>
    </p>
   </div>
   <div class='ocr_carea' id='block_1_64' title="bbox 401 5594 1978 5668">
    <p class='ocr_par' dir='ltr' id='par_1_64' title="bbox 401 5594 1978 5668">
     <span class='ocr_line' id='line_1_64' title="bbox 401 5594 1978 5668; baseline -0.001 -14"><span class='ocrx_word' id='word_1_493' title='bbox 401 5598 566 5654; x_wconf 60' lang='grc' dir='ltr'>’ἀλλὰ</span> <span class='ocrx_word' id='word_1_494' title='bbox 594 5598 789 5668; x_wconf 61' lang='grc' dir='ltr'>καιρός</span> <span class='ocrx_word' id='word_1_495' title='bbox 818 5596 885 5653; x_wconf 73' lang='grc' dir='ltr'>ἂν</span> <span class='ocrx_word' id='word_1_496' title='bbox 916 5595 1006 5667; x_wconf 74' lang='grc' dir='ltr'>εἴη</span> <span class='ocrx_word' id='word_1_497' title='bbox 1033 5594 1245 5661; x_wconf 76' lang='grc' dir='ltr'>λοιπὸν,</span> <span class='ocrx_word' id='word_1_498' title='bbox 1282 5597 1378 5649; x_wconf 76' lang='grc' dir='ltr'>καὶ</span> <span class='ocrx_word' id='word_1_499' title='bbox 1404 5596 1496 5650; x_wconf 78' lang='grc' dir='ltr'>τὸν</span> <span class='ocrx_word' id='word_1_500' title='bbox 1535 5597 1699 5650; x_wconf 71' lang='grc' dir='ltr'>οἱονεὶ</span> <span class='ocrx_word' id='word_1_501' title='bbox 1732 5597 1886 5662; x_wconf 84' lang='grc' dir='ltr'>τέλος</span> <span class='ocrx_word' id='word_1_502' title='bbox 1918 5615 1978 5652; x_wconf 83' lang='grc' dir='ltr'>τε</span> 
     </span>
    </p>
   </div>
   <div class='ocr_carea' id='block_1_65' title="bbox 391 5682 1421 5761">
    <p class='ocr_par' dir='ltr' id='par_1_65' title="bbox 391 5682 1421 5761">
     <span class='ocr_line' id='line_1_65' title="bbox 391 5682 1421 5761; baseline -0.003 -16"><span class='ocrx_word' id='word_1_503' title='bbox 391 5692 489 5745; x_wconf 70' lang='grc' dir='ltr'>καὶ</span> <span class='ocrx_word' id='word_1_504' title='bbox 514 5689 788 5761; x_wconf 79' lang='grc' dir='ltr'>σφραγῖδα</span> <span class='ocrx_word' id='word_1_505' title='bbox 820 5701 924 5744; x_wconf 85' lang='lat' dir='ltr'><strong><em>etc.</em></strong></span> <span class='ocrx_word' id='word_1_506' title='bbox 961 5682 1076 5743; x_wconf 82' lang='lat' dir='ltr'><strong><em>Fol.</em></strong></span> <span class='ocrx_word' id='word_1_507' title='bbox 1106 5687 1213 5742; x_wconf 73' lang='grc'>227</span> <span class='ocrx_word' id='word_1_508' title='bbox 1241 5702 1421 5743; x_wconf 83' lang='lat' dir='ltr'><strong><em>verso.</em></strong></span> 
     </span>
    </p>
   </div>
   <div class='ocr_carea' id='block_1_66' title="bbox 464 5779 1982 5867">
    <p class='ocr_par' dir='ltr' id='par_1_66' title="bbox 464 5779 1982 5867">
     <span class='ocr_line' id='line_1_66' title="bbox 464 5779 1982 5867; baseline -0.001 -29"><span class='ocrx_word' id='word_1_509' title='bbox 464 5779 646 5855; x_wconf 77' lang='grc' dir='ltr'>Μέχρι</span> <span class='ocrx_word' id='word_1_510' title='bbox 697 5780 798 5853; x_wconf 72' lang='grc' dir='ltr'>μὲν</span> <span class='ocrx_word' id='word_1_511' title='bbox 835 5779 1043 5834; x_wconf 84' lang='grc' dir='ltr'>τούτων</span> <span class='ocrx_word' id='word_1_512' title='bbox 1076 5780 1495 5867; x_wconf 73' lang='grc' dir='ltr'>συμπληροῦται</span> <span class='ocrx_word' id='word_1_513' title='bbox 1526 5781 1586 5835; x_wconf 81' lang='grc' dir='ltr'>τὸ</span> <span class='ocrx_word' id='word_1_514' title='bbox 1621 5782 1848 5854; x_wconf 76' lang='grc' dir='ltr'>βιϐλίον,</span> <span class='ocrx_word' id='word_1_515' title='bbox 1882 5801 1982 5838; x_wconf 81' lang='grc' dir='ltr'>κα-</span> 
     </span>
    </p>
   </div>
   <div class='ocr_carea' id='block_1_67' title="bbox 394 5872 1981 5948">
    <p class='ocr_par' dir='ltr' id='par_1_67' title="bbox 394 5872 1981 5948">
     <span class='ocr_line' id='line_1_67' title="bbox 394 5872 1981 5948; baseline 0.001 -17"><span class='ocrx_word' id='word_1_516' title='bbox 394 5875 506 5943; x_wconf 85' lang='grc' dir='ltr'>θὼς</span> <span class='ocrx_word' id='word_1_517' title='bbox 540 5876 601 5930; x_wconf 73' lang='grc' dir='ltr'>ὲν</span> <span class='ocrx_word' id='word_1_518' title='bbox 630 5876 751 5939; x_wconf 82' lang='grc' dir='ltr'>ταῖς</span> <span class='ocrx_word' id='word_1_519' title='bbox 795 5872 1162 5946; x_wconf 84' lang='grc' dir='ltr'>προθεωρίαις</span> <span class='ocrx_word' id='word_1_520' title='bbox 1201 5872 1651 5932; x_wconf 68' lang='grc' dir='ltr'>διαλαμϐάνεται.</span> <span class='ocrx_word' id='word_1_521' title='bbox 1704 5876 1981 5948; x_wconf 80' lang='grc' dir='ltr'>Προσετέ-</span> 
     </span>
    </p>
   </div>
   <div class='ocr_carea' id='block_1_68' title="bbox 732 5964 1336 6030">
    <p class='ocr_par' dir='ltr' id='par_1_68' title="bbox 732 5964 1336 6030">
     <span class='ocr_line' id='line_1_68' title="bbox 732 5964 1336 6030; baseline -0.012 0"><span class='ocrx_word' id='word_1_522' title='bbox 732 5968 1007 6030; x_wconf 66' lang='grc' dir='ltr'>Ρλτιιοι..</span> <span class='ocrx_word' id='word_1_523' title='bbox 1047 5970 1162 6028; x_wconf 77' lang='lat' dir='ltr'><strong><em>Gn.</em></strong></span> <span class='ocrx_word' id='word_1_524' title='bbox 1211 5964 1336 6027; x_wconf 89' lang='lat' dir='ltr'>CL.</span> 
     </span>
    </p>
   </div>
   <div class='ocr_carea' id='block_1_69' title="bbox 2024 1169 3604 1248">
    <p class='ocr_par' dir='ltr' id='par_1_69' title="bbox 2024 1169 3604 1248">
     <span class='ocr_line' id='line_1_69' title="bbox 2024 1169 3604 1248; baseline -0.001 -19"><span class='ocrx_word' id='word_1_525' title='bbox 2024 1176 2122 1231; x_wconf 74' lang='grc' dir='ltr'>καὶ</span> <span class='ocrx_word' id='word_1_526' title='bbox 2173 1176 2443 1246; x_wconf 84' lang='grc' dir='ltr'>πρότριτά</span> <span class='ocrx_word' id='word_1_527' title='bbox 2478 1174 2571 1244; x_wconf 86' lang='grc' dir='ltr'>μοί</span> <span class='ocrx_word' id='word_1_528' title='bbox 2623 1192 2708 1239; x_wconf 85' lang='grc' dir='ltr'>τις</span> <span class='ocrx_word' id='word_1_529' title='bbox 2745 1174 2854 1228; x_wconf 85' lang='grc' dir='ltr'>τῶν</span> <span class='ocrx_word' id='word_1_530' title='bbox 2890 1174 3141 1245; x_wconf 82' lang='grc' dir='ltr'>συνήθων</span> <span class='ocrx_word' id='word_1_531' title='bbox 3197 1174 3464 1243; x_wconf 79' lang='grc' dir='ltr'>ἀγγελίαν</span> <span class='ocrx_word' id='word_1_532' title='bbox 3499 1169 3604 1248; x_wconf 77' lang='grc' dir='ltr'>ἧκε</span> 
     </span>
    </p>
   </div>
   <div class='ocr_carea' id='block_1_70' title="bbox 2024 1266 2697 1339">
    <p class='ocr_par' dir='ltr' id='par_1_70' title="bbox 2024 1266 2697 1339">
     <span class='ocr_line' id='line_1_70' title="bbox 2024 1266 2697 1339; baseline -0.001 -15"><span class='ocrx_word' id='word_1_533' title='bbox 2024 1268 2268 1339; x_wconf 82' lang='grc' dir='ltr'>κομίζων</span> <span class='ocrx_word' id='word_1_534' title='bbox 2297 1277 2403 1323; x_wconf 85' lang='lat' dir='ltr'><strong><em>etc.</em></strong></span> <span class='ocrx_word' id='word_1_535' title='bbox 2428 1266 2544 1322; x_wconf 86' lang='lat' dir='ltr'><strong><em>Fol.</em></strong></span> <span class='ocrx_word' id='word_1_536' title='bbox 2570 1268 2697 1323; x_wconf 71' lang='lat'>257.</span> 
     </span>
    </p>
   </div>
   <div class='ocr_carea' id='block_1_71' title="bbox 2096 1359 3608 1431">
    <p class='ocr_par' dir='ltr' id='par_1_71' title="bbox 2096 1359 3608 1431">
     <span class='ocr_line' id='line_1_71' title="bbox 2096 1359 3608 1431; baseline 0 -16"><span class='ocrx_word' id='word_1_537' title='bbox 2096 1360 2204 1415; x_wconf 90' lang='grc' dir='ltr'>Τοῦ</span> <span class='ocrx_word' id='word_1_538' title='bbox 2235 1359 2402 1416; x_wconf 87' lang='grc' dir='ltr'>αὐτοῦ</span> <span class='ocrx_word' id='word_1_539' title='bbox 2425 1363 2538 1423; x_wconf 81' lang='grc' dir='ltr'>τοῖς</span> <span class='ocrx_word' id='word_1_540' title='bbox 2569 1360 2937 1426; x_wconf 73' lang='grc' dir='ltr'>ἐνδοξοτάτοις</span> <span class='ocrx_word' id='word_1_541' title='bbox 2972 1363 3067 1415; x_wconf 73' lang='grc' dir='ltr'>καὶ</span> <span class='ocrx_word' id='word_1_542' title='bbox 3113 1362 3608 1431; x_wconf 82' lang='grc' dir='ltr'>περιφανεστάτοις</span> 
     </span>
    </p>
   </div>
   <div class='ocr_carea' id='block_1_72' title="bbox 2029 1453 3610 1525">
    <p class='ocr_par' dir='ltr' id='par_1_72' title="bbox 2029 1453 3610 1525">
     <span class='ocr_line' id='line_1_72' title="bbox 2029 1453 3610 1525; baseline 0.001 -17"><span class='ocrx_word' id='word_1_543' title='bbox 2029 1454 2292 1525; x_wconf 77' lang='grc' dir='ltr'>μεγάλοις</span> <span class='ocrx_word' id='word_1_544' title='bbox 2327 1453 2672 1524; x_wconf 85' lang='grc' dir='ltr'>δομεστίκοις</span> <span class='ocrx_word' id='word_1_545' title='bbox 2714 1456 2845 1524; x_wconf 77' lang='grc' dir='ltr'>περὶ</span> <span class='ocrx_word' id='word_1_546' title='bbox 2889 1455 2989 1525; x_wconf 82' lang='grc' dir='ltr'>τῆς</span> <span class='ocrx_word' id='word_1_547' title='bbox 3029 1455 3268 1519; x_wconf 79' lang='grc' dir='ltr'>παλαιᾶς</span> <span class='ocrx_word' id='word_1_548' title='bbox 3300 1456 3610 1525; x_wconf 80' lang='grc' dir='ltr'>περιτομῆς</span> 
     </span>
    </p>
   </div>
   <div class='ocr_carea' id='block_1_73' title="bbox 2027 1546 3609 1618">
    <p class='ocr_par' dir='ltr' id='par_1_73' title="bbox 2027 1546 3609 1618">
     <span class='ocr_line' id='line_1_73' title="bbox 2027 1546 3609 1618; baseline 0.001 -19"><span class='ocrx_word' id='word_1_549' title='bbox 2027 1549 2389 1616; x_wconf 81' lang='grc' dir='ltr'>ὲρωτήσασιν.</span> <span class='ocrx_word' id='word_1_550' title='bbox 2424 1546 2674 1618; x_wconf 83' lang='lat' dir='ltr'><strong><em>Ejusdem</em></strong></span> <span class='ocrx_word' id='word_1_551' title='bbox 2717 1547 3117 1616; x_wconf 86' lang='lat' dir='ltr'><strong><em>glariosissimis</em></strong></span> <span class='ocrx_word' id='word_1_552' title='bbox 3148 1557 3197 1601; x_wconf 90' lang='lat' dir='ltr'>et</span> <span class='ocrx_word' id='word_1_553' title='bbox 3232 1547 3609 1602; x_wconf 86' lang='lat' dir='ltr'><strong><em>illustrissimis</em></strong></span> 
     </span>
    </p>
   </div>
   <div class='ocr_carea' id='block_1_74' title="bbox 2029 1643 3609 1712">
    <p class='ocr_par' dir='ltr' id='par_1_74' title="bbox 2029 1643 3609 1712">
     <span class='ocr_line' id='line_1_74' title="bbox 2029 1643 3609 1712; baseline 0.001 -17"><span class='ocrx_word' id='word_1_554' title='bbox 2029 1644 2234 1712; x_wconf 81' lang='lat' dir='ltr'><strong><em>magnis</em></strong></span> <span class='ocrx_word' id='word_1_555' title='bbox 2277 1643 2579 1698; x_wconf 83' lang='lat' dir='ltr'><strong><em>domesticis</em></strong></span> <span class='ocrx_word' id='word_1_556' title='bbox 2614 1644 2677 1697; x_wconf 90' lang='lat' dir='ltr'>de</span> <span class='ocrx_word' id='word_1_557' title='bbox 2709 1645 2868 1697; x_wconf 74' lang='lat' dir='ltr'><strong><em>veteri</em></strong></span> <span class='ocrx_word' id='word_1_558' title='bbox 2900 1643 3317 1698; x_wconf 80' lang='lat' dir='ltr'><strong><em>circumcisione.</em></strong></span> <span class='ocrx_word' id='word_1_559' title='bbox 3342 1644 3560 1699; x_wconf 84' lang='lat' dir='ltr'><strong><em>Initium</em></strong></span> <span class='ocrx_word' id='word_1_560' title='bbox 3593 1660 3609 1696; x_wconf 93' lang='lat'><strong>:</strong></span> 
     </span>
    </p>
   </div>
   <div class='ocr_carea' id='block_1_75' title="bbox 2043 1732 3609 1805">
    <p class='ocr_par' dir='ltr' id='par_1_75' title="bbox 2043 1732 3609 1805">
     <span class='ocr_line' id='line_1_75' title="bbox 2043 1732 3609 1805; baseline 0.003 -20"><span class='ocrx_word' id='word_1_561' title='bbox 2043 1732 2184 1801; x_wconf 78' lang='grc' dir='ltr'>Ἐγὼ</span> <span class='ocrx_word' id='word_1_562' title='bbox 2215 1733 2313 1803; x_wconf 80' lang='grc' dir='ltr'>μὲν</span> <span class='ocrx_word' id='word_1_563' title='bbox 2334 1734 2480 1804; x_wconf 80' lang='grc' dir='ltr'>ὑμᾶς</span> <span class='ocrx_word' id='word_1_564' title='bbox 2499 1732 2657 1804; x_wconf 73' lang='grc' dir='ltr'>ᾤμην</span> <span class='ocrx_word' id='word_1_565' title='bbox 2687 1735 2752 1786; x_wconf 85' lang='grc' dir='ltr'>ὲκ</span> <span class='ocrx_word' id='word_1_566' title='bbox 2774 1734 2875 1803; x_wconf 78' lang='grc' dir='ltr'>τῆς</span> <span class='ocrx_word' id='word_1_567' title='bbox 2909 1737 3133 1805; x_wconf 73' lang='grc' dir='ltr'>μακρᾶς</span> <span class='ocrx_word' id='word_1_568' title='bbox 3167 1733 3482 1804; x_wconf 76' lang='grc' dir='ltr'>ἀποδημίας</span> <span class='ocrx_word' id='word_1_569' title='bbox 3502 1742 3609 1789; x_wconf 81' lang='lat' dir='ltr'><strong><em>etc.</em></strong></span> 
     </span>
    </p>
   </div>
   <div class='ocr_carea' id='block_1_76' title="bbox 2030 1815 3177 1878">
    <p class='ocr_par' dir='ltr' id='par_1_76' title="bbox 2030 1815 3177 1878">
     <span class='ocr_line' id='line_1_76' title="bbox 2030 1815 3177 1878; baseline 0.006 -4"><span class='ocrx_word' id='word_1_570' title='bbox 2030 1819 2148 1875; x_wconf 86' lang='lat' dir='ltr'><strong><em>Fol.</em></strong></span> <span class='ocrx_word' id='word_1_571' title='bbox 2184 1821 2311 1878; x_wconf 71' lang='grc'>245.</span> <span class='ocrx_word' id='word_1_572' title='bbox 2341 1838 2522 1878; x_wconf 78' lang='lat' dir='ltr'><strong><em>verso.</em></strong></span> <span class='ocrx_word' id='word_1_573' title='bbox 3175 1815 3177 1818; x_wconf 6' lang='lat' dir='ltr'>i</span> 
     </span>
    </p>
   </div>
   <div class='ocr_carea' id='block_1_77' title="bbox 2102 1912 3617 1987">
    <p class='ocr_par' dir='ltr' id='par_1_77' title="bbox 2102 1912 3617 1987">
     <span class='ocr_line' id='line_1_77' title="bbox 2102 1912 3617 1987; baseline 0.004 -21"><span class='ocrx_word' id='word_1_574' title='bbox 2102 1914 2146 1966; x_wconf 87' lang='grc' dir='ltr'><strong>Τ</strong></span> <span class='ocrx_word' id='word_1_575' title='bbox 2151 1912 2185 1966; x_wconf 82' lang='grc' dir='ltr'>ὰ</span> <span class='ocrx_word' id='word_1_576' title='bbox 2220 1914 2493 1983; x_wconf 84' lang='grc' dir='ltr'>κεφάλαια</span> <span class='ocrx_word' id='word_1_577' title='bbox 2557 1915 2663 1987; x_wconf 83' lang='grc' dir='ltr'>(ιδ’)</span> <span class='ocrx_word' id='word_1_578' title='bbox 2707 1918 2810 1986; x_wconf 76' lang='grc' dir='ltr'>τῆς</span> <span class='ocrx_word' id='word_1_579' title='bbox 2861 1918 3129 1985; x_wconf 80' lang='grc' dir='ltr'>αἱρέσεως</span> <span class='ocrx_word' id='word_1_580' title='bbox 3178 1917 3492 1973; x_wconf 81' lang='grc' dir='ltr'>Ἀκινδῦνου</span> <span class='ocrx_word' id='word_1_581' title='bbox 3523 1920 3617 1973; x_wconf 78' lang='grc' dir='ltr'>καὶ</span> 
     </span>
    </p>
   </div>
   <div class='ocr_carea' id='block_1_78' title="bbox 2030 2005 3620 2081">
    <p class='ocr_par' dir='ltr' id='par_1_78' title="bbox 2030 2005 3620 2081">
     <span class='ocr_line' id='line_1_78' title="bbox 2030 2005 3620 2081; baseline 0.003 -21"><span class='ocrx_word' id='word_1_582' title='bbox 2030 2005 2301 2076; x_wconf 81' lang='grc' dir='ltr'>Βαρλαὰμ</span> <span class='ocrx_word' id='word_1_583' title='bbox 2348 2007 2445 2060; x_wconf 68' lang='grc' dir='ltr'>καὶ</span> <span class='ocrx_word' id='word_1_584' title='bbox 2476 2005 2588 2060; x_wconf 85' lang='grc' dir='ltr'>τῶν</span> <span class='ocrx_word' id='word_1_585' title='bbox 2643 2009 2963 2080; x_wconf 83' lang='grc' dir='ltr'>ὁμοφρόνων</span> <span class='ocrx_word' id='word_1_586' title='bbox 3014 2009 3223 2075; x_wconf 79' lang='grc' dir='ltr'>αὐτοῖς,</span> <span class='ocrx_word' id='word_1_587' title='bbox 3260 2011 3484 2067; x_wconf 81' lang='grc' dir='ltr'>τεθέντα</span> <span class='ocrx_word' id='word_1_588' title='bbox 3516 2011 3620 2081; x_wconf 83' lang='grc' dir='ltr'>μὲν</span> 
     </span>
    </p>
   </div>
   <div class='ocr_carea' id='block_1_79' title="bbox 2030 2098 3618 2175">
    <p class='ocr_par' dir='ltr' id='par_1_79' title="bbox 2030 2098 3618 2175">
     <span class='ocr_line' id='line_1_79' title="bbox 2030 2098 3618 2175; baseline 0.004 -23"><span class='ocrx_word' id='word_1_589' title='bbox 2030 2098 2105 2160; x_wconf 85' lang='grc' dir='ltr'>ὡς</span> <span class='ocrx_word' id='word_1_590' title='bbox 2154 2098 2310 2153; x_wconf 78' lang='grc' dir='ltr'>αὐτοὶ</span> <span class='ocrx_word' id='word_1_591' title='bbox 2371 2100 2809 2172; x_wconf 77' lang='grc' dir='ltr'>συνεγράψαντο,</span> <span class='ocrx_word' id='word_1_592' title='bbox 2847 2100 3049 2171; x_wconf 77' lang='grc' dir='ltr'>ἐφεξῆς</span> <span class='ocrx_word' id='word_1_593' title='bbox 3100 2101 3157 2155; x_wconf 82' lang='grc' dir='ltr'>δὲ</span> <span class='ocrx_word' id='word_1_594' title='bbox 3191 2103 3618 2175; x_wconf 69' lang='grc' dir='ltr'>ἀνατρεπόμενα</span> 
     </span>
    </p>
   </div>
   <div class='ocr_carea' id='block_1_80' title="bbox 2033 2190 3620 2267">
    <p class='ocr_par' dir='ltr' id='par_1_80' title="bbox 2033 2190 3620 2267">
     <span class='ocr_line' id='line_1_80' title="bbox 2033 2190 3620 2267; baseline 0.006 -24"><span class='ocrx_word' id='word_1_595' title='bbox 2033 2191 2187 2260; x_wconf 68' lang='grc' dir='ltr'>παρὰ</span> <span class='ocrx_word' id='word_1_596' title='bbox 2222 2190 2319 2244; x_wconf 87' lang='grc' dir='ltr'>τοῦ</span> <span class='ocrx_word' id='word_1_597' title='bbox 2372 2191 2538 2245; x_wconf 82' lang='grc' dir='ltr'>αὐτοῦ</span> <span class='ocrx_word' id='word_1_598' title='bbox 2592 2195 2959 2267; x_wconf 66' lang='grc' dir='ltr'>πατριάρχου.</span> <span class='ocrx_word' id='word_1_599' title='bbox 3010 2197 3073 2251; x_wconf 47' lang='lat' dir='ltr'>iri</span> <span class='ocrx_word' id='word_1_600' title='bbox 3126 2196 3320 2266; x_wconf 81' lang='lat' dir='ltr'><strong><em>Capita</em></strong></span> <span class='ocrx_word' id='word_1_601' title='bbox 3364 2197 3620 2253; x_wconf 78' lang='lat' dir='ltr'><strong><em>hwreseos</em></strong></span> 
     </span>
    </p>
   </div>
   <div class='ocr_carea' id='block_1_81' title="bbox 2033 2282 3624 2359">
    <p class='ocr_par' dir='ltr' id='par_1_81' title="bbox 2033 2282 3624 2359">
     <span class='ocr_line' id='line_1_81' title="bbox 2033 2282 3624 2359; baseline 0.006 -22"><span class='ocrx_word' id='word_1_602' title='bbox 2033 2283 2297 2353; x_wconf 82' lang='lat' dir='ltr'><strong><em>Acindyni</em></strong></span> <span class='ocrx_word' id='word_1_603' title='bbox 2353 2290 2403 2337; x_wconf 92' lang='lat' dir='ltr'>et</span> <span class='ocrx_word' id='word_1_604' title='bbox 2452 2282 2728 2339; x_wconf 83' lang='lat' dir='ltr'><strong><em>Barlaami</em></strong></span> <span class='ocrx_word' id='word_1_605' title='bbox 2763 2303 2827 2340; x_wconf 93' lang='lat' dir='ltr'>ac</span> <span class='ocrx_word' id='word_1_606' title='bbox 2877 2289 3182 2358; x_wconf 85' lang='lat' dir='ltr'><strong><em>sequacium</em></strong></span> <span class='ocrx_word' id='word_1_607' title='bbox 3220 2305 3422 2353; x_wconf 87' lang='lat' dir='ltr'><strong><em>eorum,</em></strong></span> <span class='ocrx_word' id='word_1_608' title='bbox 3448 2291 3624 2359; x_wconf 89' lang='lat' dir='ltr'><strong><em>posita</em></strong></span> 
     </span>
    </p>
   </div>
   <div class='ocr_carea' id='block_1_82' title="bbox 2033 2375 3623 2448">
    <p class='ocr_par' dir='ltr' id='par_1_82' title="bbox 2033 2375 3623 2448">
     <span class='ocr_line' id='line_1_82' title="bbox 2033 2375 3623 2448; baseline 0.006 -17"><span class='ocrx_word' id='word_1_609' title='bbox 2033 2375 2266 2447; x_wconf 81' lang='lat' dir='ltr'><strong><em>quidem,</em></strong></span> <span class='ocrx_word' id='word_1_610' title='bbox 2300 2384 2359 2430; x_wconf 89' lang='lat' dir='ltr'>ut</span> <span class='ocrx_word' id='word_1_611' title='bbox 2385 2376 2488 2445; x_wconf 82' lang='lat' dir='ltr'><strong><em>ipsi</em></strong></span> <span class='ocrx_word' id='word_1_612' title='bbox 2510 2378 2856 2448; x_wconf 71' lang='lat' dir='ltr'><strong><em>scripserunt,</em></strong></span> <span class='ocrx_word' id='word_1_613' title='bbox 2886 2382 3075 2436; x_wconf 86' lang='lat' dir='ltr'><strong><em>deinde</em></strong></span> <span class='ocrx_word' id='word_1_614' title='bbox 3101 2398 3220 2436; x_wconf 83' lang='lat' dir='ltr'><strong><em>vero</em></strong></span> <span class='ocrx_word' id='word_1_615' title='bbox 3240 2399 3420 2438; x_wconf 82' lang='lat' dir='ltr'><strong><em>eversa</em></strong></span> <span class='ocrx_word' id='word_1_616' title='bbox 3438 2386 3503 2439; x_wconf 90' lang='lat' dir='ltr'>ab</span> <span class='ocrx_word' id='word_1_617' title='bbox 3532 2402 3623 2440; x_wconf 82' lang='lat' dir='ltr'><strong><em>eo-</em></strong></span> 
     </span>
    </p>
   </div>
   <div class='ocr_carea' id='block_1_83' title="bbox 2030 2467 3622 2546">
    <p class='ocr_par' dir='ltr' id='par_1_83' title="bbox 2030 2467 3622 2546">
     <span class='ocr_line' id='line_1_83' title="bbox 2030 2467 3622 2546; baseline 0.005 -25"><span class='ocrx_word' id='word_1_618' title='bbox 2030 2468 2153 2521; x_wconf 77' lang='lat' dir='ltr'>dem</span> <span class='ocrx_word' id='word_1_619' title='bbox 2184 2468 2520 2537; x_wconf 82' lang='lat' dir='ltr'><strong><em>patriarcha.</em></strong></span> <span class='ocrx_word' id='word_1_620' title='bbox 2545 2467 2765 2525; x_wconf 80' lang='lat' dir='ltr'><strong><em>initium</em></strong></span> <span class='ocrx_word' id='word_1_621' title='bbox 2797 2490 2810 2524; x_wconf 90' lang='lat'><strong>:</strong></span> <span class='ocrx_word' id='word_1_622' title='bbox 2845 2470 3157 2542; x_wconf 83' lang='lat' dir='ltr'><strong><em>Propositio</em></strong></span> <span class='ocrx_word' id='word_1_623' title='bbox 3188 2474 3480 2546; x_wconf 73' lang='lat' dir='ltr'><strong><em>Aryndini.</em></strong></span> <span class='ocrx_word' id='word_1_624' title='bbox 3514 2476 3622 2530; x_wconf 79' lang='grc' dir='ltr'>Λέ-</span> 
     </span>
    </p>
   </div>
   <div class='ocr_carea' id='block_1_84' title="bbox 2038 2551 3622 2638">
    <p class='ocr_par' dir='ltr' id='par_1_84' title="bbox 2038 2551 3622 2638">
     <span class='ocr_line' id='line_1_84' title="bbox 2038 2551 3622 2638; baseline 0.009 -27"><span class='ocrx_word' id='word_1_625' title='bbox 2038 2576 2229 2629; x_wconf 87' lang='grc' dir='ltr'>γουσιν</span> <span class='ocrx_word' id='word_1_626' title='bbox 2260 2560 2668 2631; x_wconf 73' lang='grc' dir='ltr'>ἐναντιούμενοι</span> <span class='ocrx_word' id='word_1_627' title='bbox 2701 2565 2768 2635; x_wconf 80' lang='grc' dir='ltr'>τῇ</span> <span class='ocrx_word' id='word_1_628' title='bbox 2798 2564 2920 2635; x_wconf 81' lang='grc' dir='ltr'>θείᾳ</span> <span class='ocrx_word' id='word_1_629' title='bbox 2969 2565 3159 2638; x_wconf 72' lang='grc' dir='ltr'>Γραφῇ</span> <span class='ocrx_word' id='word_1_630' title='bbox 3197 2577 3304 2624; x_wconf 87' lang='lat' dir='ltr'><strong><em>etc.</em></strong></span> <span class='ocrx_word' id='word_1_631' title='bbox 3340 2568 3462 2624; x_wconf 87' lang='lat' dir='ltr'><strong><em>Fol.</em></strong></span> <span class='ocrx_word' id='word_1_632' title='bbox 3495 2551 3622 2626; x_wconf 67' lang='grc'><strong>249.</strong></span> 
     </span>
    </p>
   </div>
   <div class='ocr_carea' id='block_1_85' title="bbox 2109 2653 3629 2732">
    <p class='ocr_par' dir='ltr' id='par_1_85' title="bbox 2109 2653 3629 2732">
     <span class='ocr_line' id='line_1_85' title="bbox 2109 2653 3629 2732; baseline 0.007 -25"><span class='ocrx_word' id='word_1_633' title='bbox 2109 2653 2400 2718; x_wconf 80' lang='grc' dir='ltr'>Συνοδικὸς</span> <span class='ocrx_word' id='word_1_634' title='bbox 2432 2654 2603 2725; x_wconf 85' lang='grc' dir='ltr'>τόμος</span> <span class='ocrx_word' id='word_1_635' title='bbox 2628 2658 3028 2728; x_wconf 85' lang='grc' dir='ltr'>γεγραμμένος</span> <span class='ocrx_word' id='word_1_636' title='bbox 3061 2662 3155 2714; x_wconf 78' lang='grc' dir='ltr'>ἐπὶ</span> <span class='ocrx_word' id='word_1_637' title='bbox 3187 2663 3311 2725; x_wconf 82' lang='grc' dir='ltr'>ταῖς</span> <span class='ocrx_word' id='word_1_638' title='bbox 3338 2662 3629 2732; x_wconf 78' lang='grc' dir='ltr'>ἐξελεγξά-</span> 
     </span>
    </p>
   </div>
   <div class='ocr_carea' id='block_1_86' title="bbox 2043 2747 3630 2823">
    <p class='ocr_par' dir='ltr' id='par_1_86' title="bbox 2043 2747 3630 2823">
     <span class='ocr_line' id='line_1_86' title="bbox 2043 2747 3630 2823; baseline 0.005 -20"><span class='ocrx_word' id='word_1_639' title='bbox 2043 2765 2165 2811; x_wconf 89' lang='grc' dir='ltr'>σαις</span> <span class='ocrx_word' id='word_1_640' title='bbox 2186 2750 2281 2802; x_wconf 62' lang='grc' dir='ltr'>καὶ</span> <span class='ocrx_word' id='word_1_641' title='bbox 2305 2747 2750 2818; x_wconf 75' lang='grc' dir='ltr'>ἀποϐαλομέναις</span> <span class='ocrx_word' id='word_1_642' title='bbox 2779 2750 2879 2822; x_wconf 78' lang='grc' dir='ltr'>τὴν</span> <span class='ocrx_word' id='word_1_643' title='bbox 2911 2752 3005 2806; x_wconf 90' lang='grc' dir='ltr'>τοῦ</span> <span class='ocrx_word' id='word_1_644' title='bbox 3030 2754 3300 2823; x_wconf 87' lang='grc' dir='ltr'>Βαρλαὰμ</span> <span class='ocrx_word' id='word_1_645' title='bbox 3321 2757 3417 2809; x_wconf 70' lang='grc' dir='ltr'>καὶ</span> <span class='ocrx_word' id='word_1_646' title='bbox 3439 2756 3630 2811; x_wconf 81' lang='grc' dir='ltr'>Ἀκιν-</span> 
     </span>
    </p>
   </div>
   <div class='ocr_carea' id='block_1_87' title="bbox 2040 2838 3629 2920">
    <p class='ocr_par' dir='ltr' id='par_1_87' title="bbox 2040 2838 3629 2920">
     <span class='ocr_line' id='line_1_87' title="bbox 2040 2838 3629 2920; baseline 0.02 -30"><span class='ocrx_word' id='word_1_647' title='bbox 2040 2838 2199 2893; x_wconf 73' lang='grc' dir='ltr'>δύνου</span> <span class='ocrx_word' id='word_1_648' title='bbox 2232 2838 2561 2895; x_wconf 74' lang='grc' dir='ltr'>δυσσέϐειαν</span> <span class='ocrx_word' id='word_1_649' title='bbox 2616 2841 2886 2910; x_wconf 74' lang='grc' dir='ltr'>μεγάλαις</span> <span class='ocrx_word' id='word_1_650' title='bbox 2936 2843 3201 2909; x_wconf 56' lang='grc' dir='ltr'>συνόδοις,</span> <span class='ocrx_word' id='word_1_651' title='bbox 3245 2847 3304 2900; x_wconf 64' lang='grc' dir='ltr'>ἐν</span> <span class='ocrx_word' id='word_1_652' title='bbox 3325 2843 3414 2911; x_wconf 67' lang='grc' dir='ltr'>αἶς</span> <span class='ocrx_word' id='word_1_653' title='bbox 3462 2849 3562 2920; x_wconf 75' lang='grc' dir='ltr'>οὒκ</span> <span class='ocrx_word' id='word_1_654' title='bbox 3596 2851 3629 2919; x_wconf 73' lang='grc' dir='ltr'>’θ</span> 
     </span>
    </p>
   </div>
   <div class='ocr_carea' id='block_1_88' title="bbox 2054 2931 3634 3010">
    <p class='ocr_par' dir='ltr' id='par_1_88' title="bbox 2054 2931 3634 3010">
     <span class='ocr_line' id='line_1_88' title="bbox 2054 2931 3634 3010; baseline 0.006 -25"><span class='ocrx_word' id='word_1_655' title='bbox 2054 2931 2354 3003; x_wconf 83' lang='grc' dir='ltr'>Ἐκκλησία</span> <span class='ocrx_word' id='word_1_656' title='bbox 2399 2934 2551 2987; x_wconf 83' lang='grc' dir='ltr'>πᾶσα</span> <span class='ocrx_word' id='word_1_657' title='bbox 2589 2932 2773 3003; x_wconf 83' lang='grc' dir='ltr'>μόνον,</span> <span class='ocrx_word' id='word_1_658' title='bbox 2810 2934 2949 2989; x_wconf 82' lang='grc' dir='ltr'>ἀλλὰ</span> <span class='ocrx_word' id='word_1_659' title='bbox 2998 2936 3155 3008; x_wconf 76' lang='grc' dir='ltr'>καὶὴ</span> <span class='ocrx_word' id='word_1_660' title='bbox 3195 2938 3503 3010; x_wconf 83' lang='grc' dir='ltr'>σύγκλητος</span> <span class='ocrx_word' id='word_1_661' title='bbox 3539 2942 3634 2994; x_wconf 76' lang='grc' dir='ltr'>καὶ</span> 
     </span>
    </p>
   </div>
   <div class='ocr_carea' id='block_1_89' title="bbox 2046 3024 3635 3106">
    <p class='ocr_par' dir='ltr' id='par_1_89' title="bbox 2046 3024 3635 3106">
     <span class='ocr_line' id='line_1_89' title="bbox 2046 3024 3635 3106; baseline 0.006 -28"><span class='ocrx_word' id='word_1_662' title='bbox 2046 3024 2096 3078; x_wconf 76' lang='lat' dir='ltr'>oi</span> <span class='ocrx_word' id='word_1_663' title='bbox 2131 3024 2410 3080; x_wconf 79' lang='grc' dir='ltr'>καθολικοὶ</span> <span class='ocrx_word' id='word_1_664' title='bbox 2461 3028 2723 3097; x_wconf 79' lang='grc' dir='ltr'>παρῆσαν</span> <span class='ocrx_word' id='word_1_665' title='bbox 2753 3027 2864 3082; x_wconf 83' lang='grc' dir='ltr'>τῶν</span> <span class='ocrx_word' id='word_1_666' title='bbox 2910 3027 3202 3099; x_wconf 84' lang='grc' dir='ltr'>Ῥωμαίων</span> <span class='ocrx_word' id='word_1_667' title='bbox 3238 3033 3444 3103; x_wconf 68' lang='grc' dir='ltr'>κριταὶ.</span> <span class='ocrx_word' id='word_1_668' title='bbox 3499 3050 3635 3106; x_wconf 87' lang='grc' dir='ltr'>προ-</span> 
     </span>
    </p>
   </div>
   <div class='ocr_carea' id='block_1_90' title="bbox 2050 3115 3639 3189">
    <p class='ocr_par' dir='ltr' id='par_1_90' title="bbox 2050 3115 3639 3189">
     <span class='ocr_line' id='line_1_90' title="bbox 2050 3115 3639 3189; baseline 0.004 -19"><span class='ocrx_word' id='word_1_669' title='bbox 2050 3116 2363 3187; x_wconf 83' lang='grc' dir='ltr'>καθημένου</span> <span class='ocrx_word' id='word_1_670' title='bbox 2419 3117 2513 3172; x_wconf 77' lang='grc' dir='ltr'>καὶ</span> <span class='ocrx_word' id='word_1_671' title='bbox 2544 3116 2641 3171; x_wconf 90' lang='grc' dir='ltr'>τοῦ</span> <span class='ocrx_word' id='word_1_672' title='bbox 2693 3117 2972 3174; x_wconf 85' lang='grc' dir='ltr'>θειοτάτου</span> <span class='ocrx_word' id='word_1_673' title='bbox 3011 3119 3280 3189; x_wconf 87' lang='grc' dir='ltr'>βασιλέως</span> <span class='ocrx_word' id='word_1_674' title='bbox 3312 3122 3418 3187; x_wconf 75' lang='grc' dir='ltr'>ἓως</span> <span class='ocrx_word' id='word_1_675' title='bbox 3451 3115 3513 3176; x_wconf 80' lang='grc' dir='ltr'>οῦ</span> <span class='ocrx_word' id='word_1_676' title='bbox 3542 3142 3639 3176; x_wconf 89' lang='grc' dir='ltr'>πε-</span> 
     </span>
    </p>
   </div>
   <div class='ocr_carea' id='block_1_91' title="bbox 2051 3208 3635 3287">
    <p class='ocr_par' dir='ltr' id='par_1_91' title="bbox 2051 3208 3635 3287">
     <span class='ocr_line' id='line_1_91' title="bbox 2051 3208 3635 3287; baseline 0.005 -24"><span class='ocrx_word' id='word_1_677' title='bbox 2051 3209 2199 3282; x_wconf 84' lang='grc' dir='ltr'>ριῆν.</span> <span class='ocrx_word' id='word_1_678' title='bbox 2256 3208 2552 3281; x_wconf 84' lang='lat' dir='ltr'><strong><em>Synodicus</em></strong></span> <span class='ocrx_word' id='word_1_679' title='bbox 2607 3219 2780 3265; x_wconf 88' lang='lat' dir='ltr'><strong><em>tomus</em></strong></span> <span class='ocrx_word' id='word_1_680' title='bbox 2815 3212 3043 3281; x_wconf 85' lang='lat' dir='ltr'><strong><em>scriptus</em></strong></span> <span class='ocrx_word' id='word_1_681' title='bbox 3076 3215 3131 3267; x_wconf 89' lang='lat' dir='ltr'>in</span> <span class='ocrx_word' id='word_1_682' title='bbox 3163 3216 3375 3285; x_wconf 82' lang='lat' dir='ltr'><strong><em>magnis</em></strong></span> <span class='ocrx_word' id='word_1_683' title='bbox 3421 3218 3635 3287; x_wconf 84' lang='lat' dir='ltr'><strong><em>synodis</em></strong></span> 
     </span>
    </p>
   </div>
   <div class='ocr_carea' id='block_1_92' title="bbox 2048 3300 3636 3376">
    <p class='ocr_par' dir='ltr' id='par_1_92' title="bbox 2048 3300 3636 3376">
     <span class='ocr_line' id='line_1_92' title="bbox 2048 3300 3636 3376; baseline 0.004 -22"><span class='ocrx_word' id='word_1_684' title='bbox 2048 3316 2165 3370; x_wconf 70' lang='lat' dir='ltr'><strong><em>qua:</em></strong></span> <span class='ocrx_word' id='word_1_685' title='bbox 2207 3300 2485 3356; x_wconf 88' lang='lat' dir='ltr'><strong><em>Barlaami</em></strong></span> <span class='ocrx_word' id='word_1_686' title='bbox 2535 3312 2581 3356; x_wconf 89' lang='lat' dir='ltr'>et</span> <span class='ocrx_word' id='word_1_687' title='bbox 2629 3302 2896 3372; x_wconf 81' lang='lat' dir='ltr'><strong><em>Acimlyni</em></strong></span> <span class='ocrx_word' id='word_1_688' title='bbox 2935 3305 3257 3375; x_wconf 87' lang='lat' dir='ltr'><strong><em>impietatem</em></strong></span> <span class='ocrx_word' id='word_1_689' title='bbox 3294 3307 3636 3376; x_wconf 79' lang='lat' dir='ltr'><strong><em>confuturum</em></strong></span> 
     </span>
    </p>
   </div>
   <div class='ocr_carea' id='block_1_93' title="bbox 2049 3396 3640 3468">
    <p class='ocr_par' dir='ltr' id='par_1_93' title="bbox 2049 3396 3640 3468">
     <span class='ocr_line' id='line_1_93' title="bbox 2049 3396 3640 3468; baseline 0.004 -20"><span class='ocrx_word' id='word_1_690' title='bbox 2049 3402 2099 3448; x_wconf 91' lang='lat' dir='ltr'>et</span> <span class='ocrx_word' id='word_1_691' title='bbox 2146 3396 2595 3465; x_wconf 85' lang='lat' dir='ltr'><strong><em>proscripserunt,</em></strong></span> <span class='ocrx_word' id='word_1_692' title='bbox 2642 3396 2831 3464; x_wconf 81' lang='lat' dir='ltr'><strong><em>quibus</em></strong></span> <span class='ocrx_word' id='word_1_693' title='bbox 2865 3413 2968 3451; x_wconf 87' lang='lat' dir='ltr'>non</span> <span class='ocrx_word' id='word_1_694' title='bbox 3021 3405 3132 3451; x_wconf 90' lang='lat' dir='ltr'><strong><em>tota</em></strong></span> <span class='ocrx_word' id='word_1_695' title='bbox 3163 3397 3338 3452; x_wconf 88' lang='lat' dir='ltr'><strong><em>solum</em></strong></span> <span class='ocrx_word' id='word_1_696' title='bbox 3373 3398 3640 3468; x_wconf 85' lang='lat' dir='ltr'><strong><em>Ecclesia,</em></strong></span> 
     </span>
    </p>
   </div>
   <div class='ocr_carea' id='block_1_94' title="bbox 2050 3488 3642 3561">
    <p class='ocr_par' dir='ltr' id='par_1_94' title="bbox 2050 3488 3642 3561">
     <span class='ocr_line' id='line_1_94' title="bbox 2050 3488 3642 3561; baseline 0.004 -19"><span class='ocrx_word' id='word_1_697' title='bbox 2050 3489 2142 3542; x_wconf 84' lang='lat' dir='ltr'>sed</span> <span class='ocrx_word' id='word_1_698' title='bbox 2200 3488 2361 3541; x_wconf 88' lang='lat' dir='ltr'><strong><em>etiam</em></strong></span> <span class='ocrx_word' id='word_1_699' title='bbox 2396 3497 2613 3542; x_wconf 80' lang='lat' dir='ltr'><strong><em>senatus</em></strong></span> <span class='ocrx_word' id='word_1_700' title='bbox 2643 3499 2691 3542; x_wconf 89' lang='lat' dir='ltr'>et</span> <span class='ocrx_word' id='word_1_701' title='bbox 2731 3489 2984 3543; x_wconf 83' lang='lat' dir='ltr'><strong><em>catholici</em></strong></span> <span class='ocrx_word' id='word_1_702' title='bbox 3038 3489 3402 3545; x_wconf 84' lang='lat' dir='ltr'><strong><em>Romanorum</em></strong></span> <span class='ocrx_word' id='word_1_703' title='bbox 3426 3493 3642 3561; x_wconf 84' lang='lat' dir='ltr'><strong><em>judices</em></strong></span> 
     </span>
    </p>
   </div>
   <div class='ocr_carea' id='block_1_95' title="bbox 2053 3579 3641 3653">
    <p class='ocr_par' dir='ltr' id='par_1_95' title="bbox 2053 3579 3641 3653">
     <span class='ocr_line' id='line_1_95' title="bbox 2053 3579 3641 3653; baseline 0.004 -21"><span class='ocrx_word' id='word_1_704' title='bbox 2053 3580 2301 3642; x_wconf 84' lang='lat' dir='ltr'><strong><em>aderant,</em></strong></span> <span class='ocrx_word' id='word_1_705' title='bbox 2328 3579 2644 3646; x_wconf 81' lang='lat' dir='ltr'><strong><em>p&#39;rcesidente</em></strong></span> <span class='ocrx_word' id='word_1_706' title='bbox 2668 3580 3000 3634; x_wconf 68' lang='lat' dir='ltr'><strong><em>divinissimo</em></strong></span> <span class='ocrx_word' id='word_1_707' title='bbox 3032 3581 3368 3649; x_wconf 82' lang='lat' dir='ltr'><strong><em>imperatore,</em></strong></span> <span class='ocrx_word' id='word_1_708' title='bbox 3401 3587 3641 3653; x_wconf 83' lang='lat' dir='ltr'><strong><em>quamliu</em></strong></span> 
     </span>
    </p>
   </div>
   <div class='ocr_carea' id='block_1_96' title="bbox 2053 3669 3641 3746">
    <p class='ocr_par' dir='ltr' id='par_1_96' title="bbox 2053 3669 3641 3746">
     <span class='ocr_line' id='line_1_96' title="bbox 2053 3669 3641 3746; baseline 0.003 -24"><span class='ocrx_word' id='word_1_709' title='bbox 2053 3678 2315 3739; x_wconf 87' lang='lat' dir='ltr'><strong><em>superstes</em></strong></span> <span class='ocrx_word' id='word_1_710' title='bbox 2345 3669 2472 3741; x_wconf 75' lang='lat' dir='ltr'><strong><em>fuit.</em></strong></span> <span class='ocrx_word' id='word_1_711' title='bbox 2514 3670 2728 3725; x_wconf 79' lang='lat' dir='ltr'><strong><em>Initium</em></strong></span> <span class='ocrx_word' id='word_1_712' title='bbox 2757 3690 2770 3725; x_wconf 90' lang='lat'><strong>:</strong></span> <span class='ocrx_word' id='word_1_713' title='bbox 2820 3672 3133 3736; x_wconf 79' lang='grc' dir='ltr'>Ἐπαινετὸς</span> <span class='ocrx_word' id='word_1_714' title='bbox 3166 3673 3384 3746; x_wconf 82' lang='grc' dir='ltr'>ἀληθῶς</span> <span class='ocrx_word' id='word_1_715' title='bbox 3414 3677 3442 3729; x_wconf 90' lang='grc' dir='ltr'>ό</span> <span class='ocrx_word' id='word_1_716' title='bbox 3470 3675 3641 3730; x_wconf 75' lang='grc' dir='ltr'>είπὼν</span> 
     </span>
    </p>
   </div>
   <div class='ocr_carea' id='block_1_97' title="bbox 2053 3748 3641 3831">
    <p class='ocr_par' dir='ltr' id='par_1_97' title="bbox 2053 3748 3641 3831">
     <span class='ocr_line' id='line_1_97' title="bbox 2053 3748 3641 3831; baseline 0.004 -18"><span class='ocrx_word' id='word_1_717' title='bbox 2053 3760 2152 3830; x_wconf 78' lang='grc' dir='ltr'>τὴν</span> <span class='ocrx_word' id='word_1_718' title='bbox 2190 3760 2520 3815; x_wconf 80' lang='grc' dir='ltr'>ταπείνωσιν</span> <span class='ocrx_word' id='word_1_719' title='bbox 2542 3748 2807 3831; x_wconf 78' lang='grc' dir='ltr'>ἀληθείας</span> <span class='ocrx_word' id='word_1_720' title='bbox 2843 3754 2987 3815; x_wconf 79' lang='grc' dir='ltr'>εἶναι</span> <span class='ocrx_word' id='word_1_721' title='bbox 3044 3762 3347 3831; x_wconf 73' lang='grc' dir='ltr'>ἐπίγνωσιν</span> <span class='ocrx_word' id='word_1_722' title='bbox 3376 3776 3484 3820; x_wconf 88' lang='lat' dir='ltr'><strong><em>etc.</em></strong></span> <span class='ocrx_word' id='word_1_723' title='bbox 3521 3764 3641 3820; x_wconf 88' lang='lat' dir='ltr'><strong><em>Fol.</em></strong></span> 
     </span>
    </p>
   </div>
   <div class='ocr_carea' id='block_1_98' title="bbox 2054 3850 3644 3925">
    <p class='ocr_par' dir='ltr' id='par_1_98' title="bbox 2054 3850 3644 3925">
     <span class='ocr_line' id='line_1_98' title="bbox 2054 3850 3644 3925; baseline 0.006 -21"><span class='ocrx_word' id='word_1_724' title='bbox 2054 3850 2184 3906; x_wconf 76' lang='lat'>258.</span> <span class='ocrx_word' id='word_1_725' title='bbox 2221 3852 2354 3906; x_wconf 84' lang='lat' dir='ltr'><strong><em>Acta</em></strong></span> <span class='ocrx_word' id='word_1_726' title='bbox 2380 3859 2467 3907; x_wconf 88' lang='lat' dir='ltr'>est</span> <span class='ocrx_word' id='word_1_727' title='bbox 2518 3851 2633 3906; x_wconf 67' lang='lat' dir='ltr'><strong><em>haec</em></strong></span> <span class='ocrx_word' id='word_1_728' title='bbox 2668 3855 2910 3922; x_wconf 85' lang='lat' dir='ltr'><strong><em>synodus</em></strong></span> <span class='ocrx_word' id='word_1_729' title='bbox 2965 3868 3154 3911; x_wconf 86' lang='lat' dir='ltr'><strong><em>mense</em></strong></span> <span class='ocrx_word' id='word_1_730' title='bbox 3197 3856 3467 3925; x_wconf 80' lang='lat' dir='ltr'><strong><em>Augusto,</em></strong></span> <span class='ocrx_word' id='word_1_731' title='bbox 3501 3858 3644 3912; x_wconf 88' lang='lat' dir='ltr'><strong><em>indi-</em></strong></span> 
     </span>
    </p>
   </div>
   <div class='ocr_carea' id='block_1_99' title="bbox 2057 3944 3644 4011">
    <p class='ocr_par' dir='ltr' id='par_1_99' title="bbox 2057 3944 3644 4011">
     <span class='ocr_line' id='line_1_99' title="bbox 2057 3944 3644 4011; baseline 0.004 -14"><span class='ocrx_word' id='word_1_732' title='bbox 2057 3944 2240 3998; x_wconf 84' lang='lat' dir='ltr'><strong><em>ctione</em></strong></span> <span class='ocrx_word' id='word_1_733' title='bbox 2268 3944 2324 4009; x_wconf 91' lang='lat'><strong><em>9,</em></strong></span> <span class='ocrx_word' id='word_1_734' title='bbox 2360 3957 2506 3998; x_wconf 83' lang='lat' dir='ltr'><strong><em>anno</em></strong></span> <span class='ocrx_word' id='word_1_735' title='bbox 2557 3945 2746 3999; x_wconf 86' lang='lat' dir='ltr'><strong><em>mundi</em></strong></span> <span class='ocrx_word' id='word_1_736' title='bbox 2803 3944 2966 4011; x_wconf 64' lang='lat'><strong>6849,</strong></span> <span class='ocrx_word' id='word_1_737' title='bbox 3002 3945 3053 4000; x_wconf 84' lang='lat' dir='ltr'>id</span> <span class='ocrx_word' id='word_1_738' title='bbox 3102 3954 3188 4001; x_wconf 87' lang='lat' dir='ltr'>est</span> <span class='ocrx_word' id='word_1_739' title='bbox 3244 3946 3448 4005; x_wconf 86' lang='lat' dir='ltr'><strong><em>Christi</em></strong></span> <span class='ocrx_word' id='word_1_740' title='bbox 3485 3949 3644 4004; x_wconf 74' lang='lat' dir='ltr'><strong>15H.</strong></span> 
     </span>
    </p>
   </div>
   <div class='ocr_carea' id='block_1_100' title="bbox 2061 4034 3649 4112">
    <p class='ocr_par' dir='ltr' id='par_1_100' title="bbox 2061 4034 3649 4112">
     <span class='ocr_line' id='line_1_100' title="bbox 2061 4034 3649 4112; baseline 0.004 -22"><span class='ocrx_word' id='word_1_741' title='bbox 2061 4034 2372 4092; x_wconf 85' lang='lat' dir='ltr'><strong><em>Subscribit</em></strong></span> <span class='ocrx_word' id='word_1_742' title='bbox 2417 4035 2661 4093; x_wconf 80' lang='lat' dir='ltr'><strong><em>Joannes</em></strong></span> <span class='ocrx_word' id='word_1_743' title='bbox 2718 4046 2860 4107; x_wconf 84' lang='lat' dir='ltr'><strong><em>patr.</em></strong></span> <span class='ocrx_word' id='word_1_744' title='bbox 2920 4039 2978 4093; x_wconf 89' lang='lat' dir='ltr'><strong><em>C.</em></strong></span> <span class='ocrx_word' id='word_1_745' title='bbox 3019 4039 3083 4093; x_wconf 91' lang='lat' dir='ltr'><strong><em>P.</em></strong></span> <span class='ocrx_word' id='word_1_746' title='bbox 3120 4055 3247 4095; x_wconf 88' lang='lat' dir='ltr'>cum</span> <span class='ocrx_word' id='word_1_747' title='bbox 3282 4042 3649 4112; x_wconf 86' lang='lat' dir='ltr'><strong><em>melropolitis</em></strong></span> 
     </span>
    </p>
   </div>
   <div class='ocr_carea' id='block_1_101' title="bbox 2060 4127 3649 4203">
    <p class='ocr_par' dir='ltr' id='par_1_101' title="bbox 2060 4127 3649 4203">
     <span class='ocr_line' id='line_1_101' title="bbox 2060 4127 3649 4203; baseline 0.001 -19"><span class='ocrx_word' id='word_1_748' title='bbox 2060 4139 2209 4184; x_wconf 86' lang='lat' dir='ltr'><strong><em>octo.</em></strong></span> <span class='ocrx_word' id='word_1_749' title='bbox 2237 4127 2360 4184; x_wconf 64' lang='lat' dir='ltr'>Jan!</span> <span class='ocrx_word' id='word_1_750' title='bbox 2402 4130 2655 4201; x_wconf 81' lang='lat' dir='ltr'><strong><em>sequitur</em></strong></span> <span class='ocrx_word' id='word_1_751' title='bbox 2689 4130 2835 4183; x_wconf 83' lang='grc' dir='ltr'>Ἴσον</span> <span class='ocrx_word' id='word_1_752' title='bbox 2886 4129 2982 4183; x_wconf 90' lang='grc' dir='ltr'>τοῦ</span> <span class='ocrx_word' id='word_1_753' title='bbox 3015 4133 3167 4199; x_wconf 79' lang='grc' dir='ltr'>παρὰ</span> <span class='ocrx_word' id='word_1_754' title='bbox 3202 4133 3310 4185; x_wconf 84' lang='grc' dir='ltr'>τῶν</span> <span class='ocrx_word' id='word_1_755' title='bbox 3341 4132 3649 4203; x_wconf 77' lang='grc' dir='ltr'>ἀρχιερέων</span> 
     </span>
    </p>
   </div>
   <div class='ocr_carea' id='block_1_102' title="bbox 2065 4221 3651 4293">
    <p class='ocr_par' dir='ltr' id='par_1_102' title="bbox 2065 4221 3651 4293">
     <span class='ocr_line' id='line_1_102' title="bbox 2065 4221 3651 4293; baseline 0.001 -17"><span class='ocrx_word' id='word_1_756' title='bbox 2065 4221 2166 4291; x_wconf 83' lang='grc' dir='ltr'>(ς’)</span> <span class='ocrx_word' id='word_1_757' title='bbox 2196 4221 2483 4291; x_wconf 86' lang='grc' dir='ltr'>γεγονότος</span> <span class='ocrx_word' id='word_1_758' title='bbox 2516 4221 2848 4293; x_wconf 82' lang='grc' dir='ltr'>γράμματος</span> <span class='ocrx_word' id='word_1_759' title='bbox 2901 4222 3045 4276; x_wconf 77' lang='grc' dir='ltr'>κατᾶ</span> <span class='ocrx_word' id='word_1_760' title='bbox 3076 4223 3177 4291; x_wconf 77' lang='grc' dir='ltr'>τὴν</span> <span class='ocrx_word' id='word_1_761' title='bbox 3216 4223 3651 4278; x_wconf 80' lang='grc' dir='ltr'>πεντεκαιδεκά-</span> 
     </span>
    </p>
   </div>
   <div class='ocr_carea' id='block_1_103' title="bbox 2063 4314 3652 4387">
    <p class='ocr_par' dir='ltr' id='par_1_103' title="bbox 2063 4314 3652 4387">
     <span class='ocr_line' id='line_1_103' title="bbox 2063 4314 3652 4387; baseline 0.001 -16"><span class='ocrx_word' id='word_1_762' title='bbox 2063 4333 2166 4387; x_wconf 86' lang='grc' dir='ltr'>την</span> <span class='ocrx_word' id='word_1_763' title='bbox 2188 4315 2423 4371; x_wconf 81' lang='grc' dir='ltr'>ῑνδικτον</span> <span class='ocrx_word' id='word_1_764' title='bbox 2448 4315 2580 4387; x_wconf 74' lang='grc' dir='ltr'>περὶ</span> <span class='ocrx_word' id='word_1_765' title='bbox 2606 4314 2702 4368; x_wconf 90' lang='grc' dir='ltr'>τοῦ</span> <span class='ocrx_word' id='word_1_766' title='bbox 2739 4314 3022 4369; x_wconf 82' lang='grc' dir='ltr'>συνοδικοῦ</span> <span class='ocrx_word' id='word_1_767' title='bbox 3047 4316 3241 4369; x_wconf 88' lang='grc' dir='ltr'>τούτου</span> <span class='ocrx_word' id='word_1_768' title='bbox 3270 4315 3464 4386; x_wconf 86' lang='grc' dir='ltr'>τόμου.</span> <span class='ocrx_word' id='word_1_769' title='bbox 3497 4316 3652 4372; x_wconf 84' lang='lat' dir='ltr'><strong><em>Illum</em></strong></span> 
     </span>
    </p>
   </div>
   <div class='ocr_carea' id='block_1_104' title="bbox 2069 4405 3657 4480">
    <p class='ocr_par' dir='ltr' id='par_1_104' title="bbox 2069 4405 3657 4480">
     <span class='ocr_line' id='line_1_104' title="bbox 2069 4405 3657 4480; baseline 0.002 -19"><span class='ocrx_word' id='word_1_770' title='bbox 2069 4420 2270 4476; x_wconf 85' lang='lat' dir='ltr'><strong><em>nempe</em></strong></span> <span class='ocrx_word' id='word_1_771' title='bbox 2302 4407 2630 4477; x_wconf 80' lang='lat' dir='ltr'><strong><em>approbant,</em></strong></span> <span class='ocrx_word' id='word_1_772' title='bbox 2651 4405 3016 4477; x_wconf 85' lang='lat' dir='ltr'><strong><em>Barlaamque</em></strong></span> <span class='ocrx_word' id='word_1_773' title='bbox 3046 4407 3100 4462; x_wconf 90' lang='lat' dir='ltr'>in</span> <span class='ocrx_word' id='word_1_774' title='bbox 3136 4408 3237 4462; x_wconf 83' lang='lat' dir='ltr'>hac</span> <span class='ocrx_word' id='word_1_775' title='bbox 3262 4407 3476 4480; x_wconf 84' lang='lat' dir='ltr'><strong><em>synodo</em></strong></span> <span class='ocrx_word' id='word_1_776' title='bbox 3502 4409 3657 4464; x_wconf 84' lang='lat' dir='ltr'><strong><em>dam-</em></strong></span> 
     </span>
    </p>
   </div>
   <div class='ocr_carea' id='block_1_105' title="bbox 2071 4497 3301 4567">
    <p class='ocr_par' dir='ltr' id='par_1_105' title="bbox 2071 4497 3301 4567">
     <span class='ocr_line' id='line_1_105' title="bbox 2071 4497 3301 4567; baseline 0 -13"><span class='ocrx_word' id='word_1_777' title='bbox 2071 4504 2258 4554; x_wconf 87' lang='lat' dir='ltr'><strong><em>natum</em></strong></span> <span class='ocrx_word' id='word_1_778' title='bbox 2296 4511 2357 4553; x_wconf 88' lang='lat' dir='ltr'>se</span> <span class='ocrx_word' id='word_1_779' title='bbox 2386 4511 2606 4567; x_wconf 80' lang='lat' dir='ltr'><strong><em>quoque</em></strong></span> <span class='ocrx_word' id='word_1_780' title='bbox 2635 4502 2895 4553; x_wconf 85' lang='lat' dir='ltr'><strong><em>damnare</em></strong></span> <span class='ocrx_word' id='word_1_781' title='bbox 2949 4497 3301 4567; x_wconf 79' lang='lat' dir='ltr'><strong><em>proﬁtentur.</em></strong></span> 
     </span>
    </p>
   </div>
   <div class='ocr_carea' id='block_1_106' title="bbox 2144 4588 3660 4660">
    <p class='ocr_par' dir='ltr' id='par_1_106' title="bbox 2144 4588 3660 4660">
     <span class='ocr_line' id='line_1_106' title="bbox 2144 4588 3660 4660; baseline 0.001 -18"><span class='ocrx_word' id='word_1_782' title='bbox 2144 4588 2430 4653; x_wconf 81' lang='grc' dir='ltr'>Συνοδικδς</span> <span class='ocrx_word' id='word_1_783' title='bbox 2473 4588 2656 4659; x_wconf 89' lang='grc' dir='ltr'>τρίτος</span> <span class='ocrx_word' id='word_1_784' title='bbox 2689 4588 2859 4659; x_wconf 77' lang='grc' dir='ltr'>τόμος</span> <span class='ocrx_word' id='word_1_785' title='bbox 2914 4591 3057 4645; x_wconf 86' lang='grc' dir='ltr'>κατὰ</span> <span class='ocrx_word' id='word_1_786' title='bbox 3104 4591 3206 4660; x_wconf 84' lang='grc' dir='ltr'>τῆς</span> <span class='ocrx_word' id='word_1_787' title='bbox 3240 4589 3510 4660; x_wconf 75' lang='grc' dir='ltr'>Βαρλαὰμ</span> <span class='ocrx_word' id='word_1_788' title='bbox 3563 4592 3660 4644; x_wconf 77' lang='grc' dir='ltr'>καὶ</span> 
     </span>
    </p>
   </div>
   <div class='ocr_carea' id='block_1_107' title="bbox 2086 4681 3661 4757">
    <p class='ocr_par' dir='ltr' id='par_1_107' title="bbox 2086 4681 3661 4757">
     <span class='ocr_line' id='line_1_107' title="bbox 2086 4681 3661 4757; baseline -0.002 -20"><span class='ocrx_word' id='word_1_789' title='bbox 2086 4683 2399 4738; x_wconf 82' lang='grc' dir='ltr'>’Δκινδύνου</span> <span class='ocrx_word' id='word_1_790' title='bbox 2437 4682 2672 4752; x_wconf 83' lang='grc' dir='ltr'>πλάνης,</span> <span class='ocrx_word' id='word_1_791' title='bbox 2705 4684 2820 4745; x_wconf 84' lang='grc' dir='ltr'>τοῖς</span> <span class='ocrx_word' id='word_1_792' title='bbox 2848 4682 3140 4752; x_wconf 85' lang='grc' dir='ltr'>προτέροις</span> <span class='ocrx_word' id='word_1_793' title='bbox 3174 4682 3458 4757; x_wconf 75' lang='grc' dir='ltr'>όμόλογος.</span> <span class='ocrx_word' id='word_1_794' title='bbox 3502 4681 3661 4749; x_wconf 76' lang='grc' dir='ltr'>Ἐγέο</span> 
     </span>
    </p>
   </div>
   <div class='ocr_carea' id='block_1_108' title="bbox 2073 4769 3707 4846">
    <p class='ocr_par' dir='ltr' id='par_1_108' title="bbox 2073 4769 3707 4846">
     <span class='ocr_line' id='line_1_108' title="bbox 2073 4769 3707 4846; baseline -0.002 -14"><span class='ocrx_word' id='word_1_795' title='bbox 2073 4794 2198 4832; x_wconf 81' lang='grc' dir='ltr'>νετο</span> <span class='ocrx_word' id='word_1_796' title='bbox 2224 4778 2284 4832; x_wconf 81' lang='grc' dir='ltr'>δὲ</span> <span class='ocrx_word' id='word_1_797' title='bbox 2317 4776 2407 4830; x_wconf 80' lang='grc' dir='ltr'>διὰ</span> <span class='ocrx_word' id='word_1_798' title='bbox 2431 4776 2559 4839; x_wconf 79' lang='grc' dir='ltr'>τοὺς</span> <span class='ocrx_word' id='word_1_799' title='bbox 2583 4774 2817 4846; x_wconf 73' lang='grc' dir='ltr'>ὓστερον</span> <span class='ocrx_word' id='word_1_800' title='bbox 2847 4773 3331 4844; x_wconf 83' lang='grc' dir='ltr'>ἀκολουθήσαντας</span> <span class='ocrx_word' id='word_1_801' title='bbox 3356 4776 3423 4845; x_wconf 80' lang='grc' dir='ltr'>τῇ</span> <span class='ocrx_word' id='word_1_802' title='bbox 3450 4773 3662 4828; x_wconf 77' lang='grc' dir='ltr'>τούτων</span> <span class='ocrx_word' id='word_1_803' title='bbox 3702 4769 3707 4774; x_wconf 77' lang='grc'><strong>’</strong></span> 
     </span>
    </p>
   </div>
   <div class='ocr_carea' id='block_1_109' title="bbox 2075 4867 3667 4943">
    <p class='ocr_par' dir='ltr' id='par_1_109' title="bbox 2075 4867 3667 4943">
     <span class='ocr_line' id='line_1_109' title="bbox 2075 4867 3667 4943; baseline -0.002 -17"><span class='ocrx_word' id='word_1_804' title='bbox 2075 4871 2280 4943; x_wconf 83' lang='grc' dir='ltr'>πλάνῃ,</span> <span class='ocrx_word' id='word_1_805' title='bbox 2306 4870 2401 4925; x_wconf 87' lang='grc' dir='ltr'>τόν</span> <span class='ocrx_word' id='word_1_806' title='bbox 2431 4886 2491 4924; x_wconf 89' lang='grc' dir='ltr'>τε</span> <span class='ocrx_word' id='word_1_807' title='bbox 2532 4869 2958 4941; x_wconf 83' lang='grc' dir='ltr'>χρηματίσαντα</span> <span class='ocrx_word' id='word_1_808' title='bbox 3009 4867 3241 4938; x_wconf 82' lang='grc' dir='ltr'>Ἐφέσου</span> <span class='ocrx_word' id='word_1_809' title='bbox 3276 4868 3373 4922; x_wconf 67' lang='grc' dir='ltr'>καὶ</span> <span class='ocrx_word' id='word_1_810' title='bbox 3421 4871 3513 4922; x_wconf 51' lang='grc' dir='ltr'>τείν</span> <span class='ocrx_word' id='word_1_811' title='bbox 3556 4869 3667 4923; x_wconf 83' lang='grc' dir='ltr'>Γά·</span> 
     </span>
    </p>
   </div>
   <div class='ocr_carea' id='block_1_110' title="bbox 2077 4960 3666 5034">
    <p class='ocr_par' dir='ltr' id='par_1_110' title="bbox 2077 4960 3666 5034">
     <span class='ocr_line' id='line_1_110' title="bbox 2077 4960 3666 5034; baseline -0.001 -16"><span class='ocrx_word' id='word_1_812' title='bbox 2077 4982 2193 5028; x_wconf 84' lang='grc' dir='ltr'>νου,</span> <span class='ocrx_word' id='word_1_813' title='bbox 2232 4960 2523 5034; x_wconf 77' lang='grc' dir='ltr'>Γρηγορᾶν</span> <span class='ocrx_word' id='word_1_814' title='bbox 2556 4979 2618 5017; x_wconf 87' lang='grc' dir='ltr'>τε</span> <span class='ocrx_word' id='word_1_815' title='bbox 2664 4964 2760 5016; x_wconf 75' lang='grc' dir='ltr'>καὶ</span> <span class='ocrx_word' id='word_1_816' title='bbox 2793 4961 2981 5029; x_wconf 82' lang='grc' dir='ltr'>Δέξιον</span> <span class='ocrx_word' id='word_1_817' title='bbox 3037 4960 3135 5015; x_wconf 72' lang='grc' dir='ltr'>καὶ</span> <span class='ocrx_word' id='word_1_818' title='bbox 3194 4960 3381 5026; x_wconf 83' lang='grc' dir='ltr'>αὐτοῖς</span> <span class='ocrx_word' id='word_1_819' title='bbox 3420 4978 3666 5016; x_wconf 76' lang='grc' dir='ltr'>συνυπα-</span> 
     </span>
    </p>
   </div>
   <div class='ocr_carea' id='block_1_111' title="bbox 2077 5053 3668 5129">
    <p class='ocr_par' dir='ltr' id='par_1_111' title="bbox 2077 5053 3668 5129">
     <span class='ocr_line' id='line_1_111' title="bbox 2077 5053 3668 5129; baseline 0 -18"><span class='ocrx_word' id='word_1_820' title='bbox 2077 5058 2332 5129; x_wconf 84' lang='grc' dir='ltr'>χθέντας.</span> <span class='ocrx_word' id='word_1_821' title='bbox 2358 5055 2506 5112; x_wconf 89' lang='lat' dir='ltr'><strong><em>ldem</em></strong></span> <span class='ocrx_word' id='word_1_822' title='bbox 2540 5055 2837 5126; x_wconf 83' lang='lat' dir='ltr'><strong><em>synodicus</em></strong></span> <span class='ocrx_word' id='word_1_823' title='bbox 2877 5053 3014 5110; x_wconf 87' lang='lat' dir='ltr'><strong><em>liber</em></strong></span> <span class='ocrx_word' id='word_1_824' title='bbox 3037 5053 3151 5123; x_wconf 75' lang='lat' dir='ltr'>jam</span> <span class='ocrx_word' id='word_1_825' title='bbox 3188 5064 3411 5109; x_wconf 80' lang='lat' dir='ltr'><strong><em>notatus</em></strong></span> <span class='ocrx_word' id='word_1_826' title='bbox 3441 5054 3543 5109; x_wconf 83' lang='lat' dir='ltr'><strong><em>fuit</em></strong></span> <span class='ocrx_word' id='word_1_827' title='bbox 3572 5070 3668 5111; x_wconf 86' lang='lat' dir='ltr'><strong><em>co-</em></strong></span> 
     </span>
    </p>
   </div>
   <div class='ocr_carea' id='block_1_112' title="bbox 2079 5143 3670 5215">
    <p class='ocr_par' dir='ltr' id='par_1_112' title="bbox 2079 5143 3670 5215">
     <span class='ocr_line' id='line_1_112' title="bbox 2079 5143 3670 5215; baseline -0.004 -9"><span class='ocrx_word' id='word_1_828' title='bbox 2079 5152 2200 5206; x_wconf 84' lang='lat' dir='ltr'><strong><em>dice</em></strong></span> <span class='ocrx_word' id='word_1_829' title='bbox 2225 5150 2290 5206; x_wconf 93' lang='lat' dir='ltr'><strong><em>C.</em></strong></span> <span class='ocrx_word' id='word_1_830' title='bbox 2324 5149 2667 5205; x_wconf 80' lang='lat' dir='ltr'><strong><em>variantibus</em></strong></span> <span class='ocrx_word' id='word_1_831' title='bbox 2699 5155 2909 5203; x_wconf 86' lang='lat' dir='ltr'><strong><em>tantum</em></strong></span> <span class='ocrx_word' id='word_1_832' title='bbox 2967 5145 3487 5215; x_wconf 86' lang='lat' dir='ltr'><strong><em>snbscriptionibus.</em></strong></span> <span class='ocrx_word' id='word_1_833' title='bbox 3514 5143 3670 5200; x_wconf 89' lang='lat' dir='ltr'><strong><em>Insu-</em></strong></span> 
     </span>
    </p>
   </div>
   <div class='ocr_carea' id='block_1_113' title="bbox 2078 5234 3666 5313">
    <p class='ocr_par' dir='ltr' id='par_1_113' title="bbox 2078 5234 3666 5313">
     <span class='ocr_line' id='line_1_113' title="bbox 2078 5234 3666 5313; baseline -0.004 -18"><span class='ocrx_word' id='word_1_834' title='bbox 2078 5256 2178 5312; x_wconf 87' lang='lat' dir='ltr'>per</span> <span class='ocrx_word' id='word_1_835' title='bbox 2226 5248 2348 5310; x_wconf 82' lang='lat' dir='ltr'><strong><em>post</em></strong></span> <span class='ocrx_word' id='word_1_836' title='bbox 2400 5238 2836 5307; x_wconf 80' lang='lat' dir='ltr'><strong><em>subscriptiones</em></strong></span> <span class='ocrx_word' id='word_1_837' title='bbox 2868 5238 2943 5293; x_wconf 86' lang='lat' dir='ltr'>ita</span> <span class='ocrx_word' id='word_1_838' title='bbox 2976 5236 3027 5290; x_wconf 92' lang='lat' dir='ltr'>in</span> <span class='ocrx_word' id='word_1_839' title='bbox 3063 5237 3166 5291; x_wconf 85' lang='lat' dir='ltr'>hoc</span> <span class='ocrx_word' id='word_1_840' title='bbox 3216 5234 3403 5313; x_wconf 57' lang='lat' dir='ltr'><strong><em>codice</em></strong></span> <span class='ocrx_word' id='word_1_841' title='bbox 3447 5235 3666 5304; x_wconf 75' lang='lat' dir='ltr'><strong><em>legitur,</em></strong></span> 
     </span>
    </p>
   </div>
   <div class='ocr_carea' id='block_1_114' title="bbox 2081 5328 3672 5404">
    <p class='ocr_par' dir='ltr' id='par_1_114' title="bbox 2081 5328 3672 5404">
     <span class='ocr_line' id='line_1_114' title="bbox 2081 5328 3672 5404; baseline -0.004 -18"><span class='ocrx_word' id='word_1_842' title='bbox 2081 5329 2212 5404; x_wconf 80' lang='grc' dir='ltr'><strong>Εἶχε</strong></span> <span class='ocrx_word' id='word_1_843' title='bbox 2249 5334 2343 5388; x_wconf 63' lang='grc' dir='ltr'>καὶ⁸</span> <span class='ocrx_word' id='word_1_844' title='bbox 2381 5334 2581 5403; x_wconf 79' lang='grc' dir='ltr'>ἑτέραν</span> <span class='ocrx_word' id='word_1_845' title='bbox 2616 5332 2949 5404; x_wconf 74' lang='grc' dir='ltr'>ὑπογραφὴν</span> <span class='ocrx_word' id='word_1_846' title='bbox 2984 5329 3122 5402; x_wconf 79' lang='grc' dir='ltr'>μετὰ</span> <span class='ocrx_word' id='word_1_847' title='bbox 3159 5330 3258 5383; x_wconf 68' lang='grc' dir='ltr'>καὶ</span> <span class='ocrx_word' id='word_1_848' title='bbox 3293 5328 3672 5400; x_wconf 82' lang='grc' dir='ltr'>προγράμμα-</span> 
     </span>
    </p>
   </div>
   <div class='ocr_carea' id='block_1_115' title="bbox 2081 5418 3670 5488">
    <p class='ocr_par' dir='ltr' id='par_1_115' title="bbox 2081 5418 3670 5488">
     <span class='ocr_line' id='line_1_115' title="bbox 2081 5418 3670 5488; baseline -0.004 -11"><span class='ocrx_word' id='word_1_849' title='bbox 2081 5440 2173 5485; x_wconf 86' lang='grc' dir='ltr'>τος</span> <span class='ocrx_word' id='word_1_850' title='bbox 2197 5422 2353 5476; x_wconf 70' lang='grc' dir='ltr'>τοίδε</span> <span class='ocrx_word' id='word_1_851' title='bbox 2380 5423 2416 5478; x_wconf 91' lang='lat' dir='ltr'>i.</span> <span class='ocrx_word' id='word_1_852' title='bbox 2452 5421 2625 5477; x_wconf 85' lang='lat' dir='ltr'><strong><em>Habet</em></strong></span> <span class='ocrx_word' id='word_1_853' title='bbox 2660 5432 2708 5476; x_wconf 86' lang='lat' dir='ltr'>et</span> <span class='ocrx_word' id='word_1_854' title='bbox 2749 5421 2917 5475; x_wconf 88' lang='lat' dir='ltr'><strong><em>aliam</em></strong></span> <span class='ocrx_word' id='word_1_855' title='bbox 2961 5418 3399 5488; x_wconf 87' lang='lat' dir='ltr'><strong><em>subscriptionem</em></strong></span> <span class='ocrx_word' id='word_1_856' title='bbox 3428 5433 3551 5470; x_wconf 85' lang='lat' dir='ltr'>cum</span> <span class='ocrx_word' id='word_1_857' title='bbox 3573 5419 3670 5470; x_wconf 85' lang='lat' dir='ltr'>hoc</span> 
     </span>
    </p>
   </div>
   <div class='ocr_carea' id='block_1_116' title="bbox 2079 5515 2808 5584">
    <p class='ocr_par' dir='ltr' id='par_1_116' title="bbox 2079 5515 2808 5584">
     <span class='ocr_line' id='line_1_116' title="bbox 2079 5515 2808 5584; baseline -0.001 -16"><span class='ocrx_word' id='word_1_858' title='bbox 2079 5515 2351 5584; x_wconf 67' lang='lat' dir='ltr'><strong><em>prooemio.</em></strong></span> <span class='ocrx_word' id='word_1_859' title='bbox 2805 5547 2808 5551; x_wconf 96' lang='lat'><strong><em>-</em></strong></span> 
     </span>
    </p>
   </div>
   <div class='ocr_carea' id='block_1_117' title="bbox 2155 5600 3673 5676">
    <p class='ocr_par' dir='ltr' id='par_1_117' title="bbox 2155 5600 3673 5676">
     <span class='ocr_line' id='line_1_117' title="bbox 2155 5600 3673 5676; baseline -0.009 -13"><span class='ocrx_word' id='word_1_860' title='bbox 2155 5607 2420 5665; x_wconf 70' lang='lat' dir='ltr'><strong><em>Prommii</em></strong></span> <span class='ocrx_word' id='word_1_861' title='bbox 2472 5607 2737 5662; x_wconf 80' lang='lat' dir='ltr'><strong><em>initium:</em></strong></span> <span class='ocrx_word' id='word_1_862' title='bbox 2806 5604 2871 5660; x_wconf 84' lang='grc' dir='ltr'>Ἡ</span> <span class='ocrx_word' id='word_1_863' title='bbox 2928 5605 3179 5676; x_wconf 81' lang='grc' dir='ltr'>βασιλεία</span> <span class='ocrx_word' id='word_1_864' title='bbox 3240 5619 3342 5672; x_wconf 82' lang='grc' dir='ltr'>μου</span> <span class='ocrx_word' id='word_1_865' title='bbox 3400 5600 3673 5672; x_wconf 81' lang='grc' dir='ltr'>μέλλουσα</span> 
     </span>
    </p>
   </div>
   <div class='ocr_carea' id='block_1_118' title="bbox 2087 5683 3674 5771">
    <p class='ocr_par' dir='ltr' id='par_1_118' title="bbox 2087 5683 3674 5771">
     <span class='ocr_line' id='line_1_118' title="bbox 2087 5683 3674 5771; baseline -0.01 -17"><span class='ocrx_word' id='word_1_866' title='bbox 2087 5697 2430 5771; x_wconf 76' lang='grc' dir='ltr'>ὑπογράφειν</span> <span class='ocrx_word' id='word_1_867' title='bbox 2466 5699 2525 5750; x_wconf 84' lang='grc' dir='ltr'>ὲν</span> <span class='ocrx_word' id='word_1_868' title='bbox 2555 5696 2634 5768; x_wconf 83' lang='grc' dir='ltr'>τῷ</span> <span class='ocrx_word' id='word_1_869' title='bbox 2668 5695 2899 5766; x_wconf 68' lang='grc' dir='ltr'>παρόντι</span> <span class='ocrx_word' id='word_1_870' title='bbox 2933 5694 3110 5764; x_wconf 80' lang='grc' dir='ltr'>τόμῳ,</span> <span class='ocrx_word' id='word_1_871' title='bbox 3134 5683 3496 5761; x_wconf 78' lang='grc' dir='ltr'>προγεγονότι</span> <span class='ocrx_word' id='word_1_872' title='bbox 3521 5690 3674 5758; x_wconf 68' lang='grc' dir='ltr'>παρὰ</span> 
     </span>
    </p>
   </div>
   <div class='ocr_carea' id='block_1_119' title="bbox 2088 5779 3676 5860">
    <p class='ocr_par' dir='ltr' id='par_1_119' title="bbox 2088 5779 3676 5860">
     <span class='ocr_line' id='line_1_119' title="bbox 2088 5779 3676 5860; baseline -0.008 -18"><span class='ocrx_word' id='word_1_873' title='bbox 2088 5787 2185 5841; x_wconf 88' lang='grc' dir='ltr'>τοῦ</span> <span class='ocrx_word' id='word_1_874' title='bbox 2211 5787 2481 5860; x_wconf 87' lang='grc' dir='ltr'>κραταιοῦ</span> <span class='ocrx_word' id='word_1_875' title='bbox 2515 5787 2610 5839; x_wconf 83' lang='grc' dir='ltr'>καὶ</span> <span class='ocrx_word' id='word_1_876' title='bbox 2644 5786 2804 5854; x_wconf 85' lang='grc' dir='ltr'>ἁγίου</span> <span class='ocrx_word' id='word_1_877' title='bbox 2835 5801 2938 5854; x_wconf 88' lang='grc' dir='ltr'>μου</span> <span class='ocrx_word' id='word_1_878' title='bbox 2979 5784 3245 5837; x_wconf 77' lang='grc' dir='ltr'>αὐθέντου</span> <span class='ocrx_word' id='word_1_879' title='bbox 3278 5783 3372 5834; x_wconf 76' lang='grc' dir='ltr'>καὶ</span> <span class='ocrx_word' id='word_1_880' title='bbox 3410 5779 3676 5850; x_wconf 79' lang='grc' dir='ltr'>βασιλέως</span> 
     </span>
    </p>
   </div>
   <div class='ocr_carea' id='block_1_120' title="bbox 2085 5868 3675 5950">
    <p class='ocr_par' dir='ltr' id='par_1_120' title="bbox 2085 5868 3675 5950">
     <span class='ocr_line' id='line_1_120' title="bbox 2085 5868 3675 5950; baseline -0.007 -17"><span class='ocrx_word' id='word_1_881' title='bbox 2085 5879 2180 5936; x_wconf 88' lang='grc' dir='ltr'>τοῦ</span> <span class='ocrx_word' id='word_1_882' title='bbox 2213 5880 2424 5949; x_wconf 80' lang='grc' dir='ltr'>πατρὸς</span> <span class='ocrx_word' id='word_1_883' title='bbox 2456 5878 2556 5950; x_wconf 78' lang='grc' dir='ltr'>τῆς</span> <span class='ocrx_word' id='word_1_884' title='bbox 2592 5875 2873 5948; x_wconf 80' lang='grc' dir='ltr'>βασιλείας</span> <span class='ocrx_word' id='word_1_885' title='bbox 2911 5890 3043 5946; x_wconf 85' lang='grc' dir='ltr'>μου,</span> <span class='ocrx_word' id='word_1_886' title='bbox 3087 5873 3184 5928; x_wconf 77' lang='grc' dir='ltr'>καὶ</span> <span class='ocrx_word' id='word_1_887' title='bbox 3229 5877 3326 5942; x_wconf 82' lang='grc' dir='ltr'>τῆς</span> <span class='ocrx_word' id='word_1_888' title='bbox 3379 5871 3531 5934; x_wconf 90' lang='grc' dir='ltr'>θείας</span> <span class='ocrx_word' id='word_1_889' title='bbox 3574 5868 3675 5923; x_wconf 73' lang='grc' dir='ltr'>καὶ</span> 
     </span>
    </p>
   </div>
   <div class='ocr_carea' id='block_1_121' title="bbox 3223 5962 3300 6020">
    <p class='ocr_par' dir='ltr' id='par_1_121' title="bbox 3223 5962 3300 6020">
     <span class='ocr_line' id='line_1_121' title="bbox 3223 5962 3300 6020; baseline 0.026 -2"><span class='ocrx_word' id='word_1_890' title='bbox 3223 5962 3300 6020; x_wconf 68' lang='lat'>27</span> 
     </span>
    </p>
   </div>
  </div>
