4046 6452
382 512 500 575 849

392 628 453 680 Εἰ
479 627 589 698 γὰρ
618 629 790 698 μονάς
819 630 1088 700 πέφυκεν,
1122 634 1239 689 ἀλλ’
1263 636 1407 708 ὑπὲρ
1434 637 1623 707 φύσιν.
1726 703 1728 705 γ

383 720 494 773 Καὶ
528 719 639 790 γὰρ
664 724 824 793 τριάς
854 724 1123 795 πέφυκεν,
1154 729 1272 782 ἀλλ’
1304 728 1446 800 ὑπὲρ
1471 728 1659 798 φύσιν.

381 811 502 880 Ζωή
540 827 623 878 τε,
645 813 741 866 καὶ
774 800 922 881 νοῦς,
951 820 1052 872 καὶ
1070 819 1383 891 τρισόλϐιον
1415 820 1629 885 σθένος,

381 903 493 957 Καὶ
519 905 725 973 γνῶσις
757 907 919 980 αὑτὴ,
953 912 1048 966 καὶ
1074 915 1360 984 παναλκὴς
1390 915 1545 981 ἀξία.

380 996 523 1061 Φῶς,
551 998 775 1069 κάλλος,
803 1002 944 1056 αὐτὸ
972 1005 1236 1073 τάγαθὸν,
1260 1007 1408 1075 δόξα,
1441 1009 1667 1078 κράτος.

380 1091 492 1143 Καὶ
526 1093 635 1146 πᾶν
668 1093 696 1146 ὅ
717 1112 770 1147 τι
797 1097 1097 1165 φράζουσιν
1116 1101 1281 1154 αὑτὸν
1309 1104 1359 1156 οἱ
1388 1103 1558 1172 λόγοι.
1646 1120 1647 1123 ‘

383 1184 530 1255 Πλὴν
568 1186 685 1240 ἀλλ’
714 1189 1135 1261 άνεξάλλακτον,
1178 1197 1255 1260 ὡς
1275 1197 1335 1251 ἓν
1360 1200 1457 1253 καὶ
1489 1199 1674 1268 μόνον.

385 1277 756 1348 ῐῐαραλλαγῆς
794 1282 907 1353 γὰρ
930 1284 1171 1357 οὐδαμοῦ
1196 1289 1368 1360 δήπου
1389 1291 1558 1355 τόπος

393 1369 483 1422 Ἑν
514 1368 593 1439 τῷ
620 1376 913 1443 τριφεγγεί
938 1377 1037 1448 τῆς
1059 1380 1318 1451 έναρχίας
1350 1387 1566 1451 κράτει.

382 1459 553 1551 Τριὰς
600 1464 790 1532 μονὰς,
831 1467 1006 1524 σῶσόν
1048 1489 1140 1542 με,
1166 1474 1260 1527 σοῦ
1296 1477 1466 1546 μόνης
1497 1478 1710 1551 λάτριν,

381 1549 489 1618 Ἶῐς
504 1557 676 1611 τᾶλλα
712 1559 891 1614 πάντα
917 1563 1259 1637 δημιουργία
1291 1570 1493 1641 μόνης..
1602 1549 1614 1629 ἢ.

385 1650 493 1702 Καὶ
523 1651 735 1720 κτίσμα
764 1655 879 1718 πᾶν,
908 1655 968 1710 ὃν
996 1658 1096 1728 τῆς
1124 1661 1427 1733 ὑφειμένης
1457 1664 1642 1735 ἕδρας.

385 1742 495 1811 Οὐχ
526 1744 750 1812 ἥττονος
780 1746 888 1817 γὰρ
913 1748 1231 1815 δυσσεϐείας
1257 1754 1383 1809 ἐστί’
1408 1773 1512 1809 που

383 1834 489 1886 Τοῦ
514 1837 719 1904 κτίσμα
753 1840 985 1909 φάσκειν
1011 1843 1111 1911 τὴν
1143 1846 1409 1903 ἀνωτάτω
1440 1851 1627 1920 φύσιν,

383 1927 458 1980 Τό
486 1945 539 1981 τι
573 1933 790 1998 φρονεῖν
812 1933 1070 1987 ἄκτιστον
1113 1937 1521 2011 ἠλαττωμένον,

383 2019 452 2073 Ἥ
482 2023 534 2073 τὶ
564 2026 782 2093 φρονεῖν
809 2025 1031 2080 ἔλαττον
1060 2030 1162 2084 οὐκ
1191 2033 1538 2104 ἑκτισμένον.

380 2110 536 2182 Αὕτη
569 2116 670 2184 μὲν
698 2114 792 2169 οὖν
821 2117 1104 2190 ἄρρηκτος
1136 2123 1169 2192 ἡ
1200 2125 1424 2180 πάντων
1457 2127 1616 2197 βάσις

384 2207 522 2261 Καθ’
550 2208 618 2280 ἠν
650 2208 713 2263 τὸ
737 2210 893 2267 Θεῖον
922 2214 1264 2287 εὐσεὸοὖμεν
1288 2220 1607 2290 ἐμφρόνως,

382 2302 523 2364 Τοὑς
555 2305 862 2375 πατρικοὺς
899 2307 1186 2374 στέγοντες
1226 2312 1543 2384 εὑπήκτους
1573 2318 1758 2386 ὄρους.

387 2392 575 2462 Ἔχεις
597 2393 657 2446 τὸ
674 2396 855 2450 κοινὸν
881 2397 943 2463 ἐξ
978 2399 1292 2456 Ἀκινδὺνου
1323 2404 1504 2476 δόγμα

385 2481 495 2535 Καὶ
521 2484 708 2537 καινὸν
737 2485 913 2555 οὐδὲν,
945 2488 1059 2543 οὐδ’
1090 2491 1233 2562 ὑπὲρ
1258 2494 1329 2549 τά
1357 2496 1705 2568 ἐσκαμμένα.

387 2571 530 2640 Ὅρα
560 2574 621 2628 τὸ
636 2578 825 2632 καινὸν
850 2580 947 2632 τοῦ
972 2581 1328 2654 Παλαμναίου
1367 2586 1569 2659 βόθρου

385 2665 495 2718 Καὶ
525 2667 703 2723 κοινὸν
733 2670 908 2737 οὐδὲν,
938 2674 1059 2728 οὑδὲ
1090 2676 1201 2731 τῶν
1227 2681 1588 2751 ὲσκαμμένωι

398 2758 582 2830 ’Λπλῷ
605 2759 705 2827 μὲν
732 2765 929 2831 εἰπεῖν,
966 2768 1064 2820 καὶ
1095 2773 1429 2844 συνημμένῳ
1454 2777 1619 2849 λόγῳ,

383 2851 720 2908 Ἰὀὺναντίον
768 2858 876 2909 πᾶν
912 2860 1024 2920 τοῖς
1061 2860 1409 2931 λελεγμένοις
1434 2867 1605 2936 λέγει,

397 2945 863 3015 Ἀντιστρατεύων
894 2951 968 3020 τῷ
999 2952 1305 3010 καθεστῶτι
1344 2958 1562 3026 κράτει,

384 3035 566 3088 Κινῶν
591 3054 647 3090 τε
674 3039 870 3108 πάντα,
904 3044 1011 3096 καὶ
1035 3046 1241 3114 κυκῶν,
1273 3051 1324 3102 κ’
1349 3053 1739 3124 ἀναστρέφων,

398 3126 634 3196 ’Λφῆκεν
661 3130 816 3186 οὐδὲν
845 3133 1109 3201 εὐσταθὲς
1132 3139 1243 3193 τῶν
1267 3139 1585 3214 δογμάτων.

385 3218 459 3270 Τὸ
487 3219 543 3272 δὲ
565 3221 825 3294 φρόνημα
852 3226 949 3280 τοῦ
978 3229 1358 3302 πολυστρόφου
1384 3236 1593 3292 πλάνου

398 3308 709 3379 Ἑλληνικὸν
747 3317 1007 3386 μάλιστα,
1043 3323 1136 3377 καὶ
1156 3325 1350 3380 τούτου
1379 3329 1545 3400 πέρα.

382 3403 685 3472 Μερίζεται
719 3408 883 3482 γὰρὴ
911 3414 1080 3482 μονὰς
1112 3422 1486 3493 μετρουμένη,

381 3496 521 3571 Οὐχὶ
559 3504 876 3574 προσώποις
899 3509 1035 3565 ἀλλὰ
1063 3511 1293 3584 βαθμοῖς
1316 3520 1683 3588 πραγμάτων.

384 3686 500 3755 ipse
528 3690 673 3744 enim
702 3707 922 3748 onmem
956 3703 1209 3752 naturam
1249 3701 1515 3757 condidit.
1549 3704 1705 3771 Quod
1741 3706 1785 3762 si
1816 3726 1844 3764 a
1881 3709 1975 3766 Dei

382 3780 652 3836 ministris
704 3794 902 3840 natura
958 3788 1081 3856 ejus
1136 3792 1484 3861 praedicetur,
1533 3799 1849 3856 minime‘ut
1881 3817 1978 3858 na-

384 3880 533 3939 tura,
564 3872 660 3928 sed
691 3876 851 3932 veluti
886 3887 1095 3934 natura:
1139 3882 1426 3949 Conditor,
1462 3888 1682 3956 qualem
1719 3905 1845 3946 eum
1879 3908 1977 3948 no-

384 3964 566 4019 vimus
597 3974 653 4020 et
702 3968 926 4025 aliunde
988 3973 1190 4028 merito
1229 3988 1259 4027 a
1304 3976 1652 4046 sapientibus
1682 3981 1779 4037 Dei
1810 3984 1977 4040 mini-

387 4056 517 4111 stris
538 4060 909 4130 nuncupatur.
958 4062 1128 4134 Magis
1153 4074 1336 4120 autem
1359 4069 1604 4126 continet
1621 4072 1674 4126 in
1708 4088 1768 4129 se
1793 4075 1976 4131 omnia

382 4148 748 4231 coitiunctim,
783 4163 982 4209 cuncta
1030 4156 1234 4211 etenim
1288 4159 1533 4231 undique
1578 4163 1697 4233 ipse
1742 4165 1974 4239 colligit,

379 4241 520 4294 nihil
572 4256 701 4297 vero
732 4243 786 4297 in
823 4254 1090 4314 quantum
1119 4251 1391 4307 creaturis
1439 4255 1721 4316 convenit.
1781 4256 1980 4317 Unitas

379 4334 634 4403 quaedam
674 4345 835 4393 notas
866 4339 1023 4394 inter
1046 4356 1310 4411 personas
1332 4346 1574 4413 exsistit,
1595 4364 1763 4419 quam
1794 4353 1980 4410 nullus

381 4429 666 4498 superavit
720 4444 987 4501 unquam,
1032 4442 1224 4504 utpote
1263 4437 1509 4494 omnium
1549 4440 1821 4499 Conditor
1868 4461 1883 4500 :
1931 4446 1977 4503 si

379 4519 527 4576 enim
550 4520 735 4579 unitas
755 4523 992 4593 exsistit,
1017 4543 1187 4599 supra
1207 4540 1457 4587 naturam
1474 4534 1711 4592 exsistit.
1739 4535 1980 4594 Trinitas

378 4614 604 4687 insuper
641 4615 760 4686 ipsa
820 4631 983 4687 supra
1006 4623 1505 4679 naturam-exsistit
1534 4627 1686 4684 :vita
1733 4629 1976 4699 quidem,

378 4718 435 4762 et
459 4707 765 4765 intellectus
791 4719 848 4767 et
895 4720 979 4767 ter
1006 4712 1156 4768 felix:
1181 4714 1383 4780 virtus,
1442 4718 1643 4781 quibus
1672 4720 1815 4776 idem
1864 4721 1969 4777 ho-

380 4815 484 4856 nor
547 4818 612 4859 ac
673 4807 1022 4875 praestantior
1090 4807 1352 4877 dignitas,
1421 4809 1701 4881 splendor,
1774 4814 1970 4876 decus.

377 4911 542 4953 omne
561 4898 789 4966 bonum,
803 4898 995 4968 gloria,
1015 4907 1275 4968 potestas,
1302 4902 1610 4968 unoverbo,
1629 4919 1973 4978 quaecunque

378 4988 514 5057 ipsis
559 4989 739 5058 lingua
791 4991 1057 5046 concinit.
1137 4990 1372 5047 Aliunde
1418 5008 1572 5056 vero,
1624 4997 1789 5052 veluti
1835 5000 1967 5068 quid

379 5095 549 5135 unum
569 5091 625 5136 et
646 5083 851 5152 solum,
888 5083 1232 5138 immutabile
1255 5095 1558 5154 permanet.
1589 5086 1782 5146 Nullus
1815 5092 1960 5146 enim

378 5186 513 5226 sane
541 5174 861 5230 mutationis
892 5175 1049 5230 locus
1088 5175 1140 5229 in
1179 5176 1281 5230 hac
1310 5184 1394 5232 ter
1425 5179 1732 5248 splendenti
1762 5183 1963 5252 majes-

380 5267 510 5322 tatis
538 5268 760 5335 virtute,
779 5269 963 5330 datur.
990 5269 1255 5335 Trinitas,
1298 5286 1420 5341 quae
1459 5287 1519 5328 es
1557 5275 1719 5329 etiam
1757 5278 1963 5344 unitas,

380 5360 532 5414 salva
559 5375 667 5429 me,
709 5361 787 5416 tui
822 5363 994 5418 solius
1044 5363 1410 5430 adoratorem,
1438 5380 1468 5419 a
1493 5376 1547 5420 te
1566 5366 1681 5421 sola
1706 5368 1967 5425 universa

379 5450 526 5505 facta
552 5461 707 5516 sunt,
739 5459 794 5507 et
842 5455 1026 5508 Omnis
1073 5462 1326 5509 creatura
1354 5470 1464 5525 prae
1497 5466 1548 5511 te
1571 5456 1799 5513 humilis
1822 5462 1972 5519 sedis

380 5544 576 5599 instar.
613 5543 729 5599 Non
760 5557 942 5601 autem
995 5547 1182 5602 minus
1210 5546 1435 5616 impium
1480 5549 1668 5619 aliquo
1700 5549 1865 5604 modo
1890 5552 1973 5606 vi-

379 5635 604 5690 deretur
646 5651 917 5706 suprema:
966 5638 1195 5693 Deitatis
1245 5649 1500 5694 naturam
1532 5651 1770 5696 creatam
1805 5656 1970 5713 repn-

381 5727 524 5793 tari,‘
542 5728 658 5783 sive
690 5735 1033 5784 attenuatum
1062 5730 1331 5800 quoddam
1394 5731 1698 5788 increatum
1759 5734 1971 5801 haberi,

378 5818 497 5874 sive
520 5819 928 5876 imbecilliorem
973 5821 1211 5892 aliquam
1262 5834 1646 5879 cteaturat'um
1681 5825 1971 5880 inﬁrmita-

383 5921 492 5965 tem
524 5912 631 5982 ipsi
676 5913 864 5967 tribui.
897 5913 1017 5983 ipsa
1041 5918 1187 5969 enim
1222 5916 1439 5969 ﬁrmum
1471 5918 1717 5973 omnium
1766 5919 1970 5988 [uinci-

386 6002 537 6071 pium
573 6013 775 6071 manet,
814 6020 925 6078 quo
954 6005 1131 6079 salvo,
1164 6006 1230 6064 de
1253 6007 1457 6065 divinis
1489 6019 1638 6068 recte
1674 6012 1971 6083 sapientes,

1557 522 2003 586 GRIECOBUM
2044 523 2518 593 SENTENTML

3557 534 3685 598 856-

2007 639 2053 697 Δ
2085 643 2194 695 Καὶ
2222 643 2485 714 τέμνεται
2505 643 2570 715 δὴ
2588 644 2829 717 τάμερὲς
2865 644 3231 714 πολυτρόπως

2077 735 2192 787 Οὐκ
2218 736 2298 797 εἰς
2330 736 2470 807 μέρη
2502 736 2665 806 μόνον
2709 735 2790 802 δὲ,
2817 735 2959 791 ἀλλὰ
2986 737 3082 790 καί⁵
3110 736 3281 806 μέρη,

2086 825 2176 888 Ὠς
2197 825 2258 891 ἐξ
2293 826 2542 897 ἀπείρων
2575 828 3010 899 συντεθειμένων
3051 827 3245 893 ξένων.

2077 919 2422 989 Δημοκρίτου
2448 920 2508 973 τὸ
2533 920 2740 991 πλῆθος
2767 921 3003 976 ἐνταῦθα
3034 921 3238 993 βλέπω,

2077 1012 2187 1066 Καὶ
2219 1014 2398 1077 νεῖκος
2420 1012 2706 1084 ἐξάγιστον
2748 1015 3205 1086 Ἐμπεδοκλέους,

2079 1107 2366 1170 Πλάτωνος
2397 1107 2539 1179 εἴδη,
2576 1107 2675 1181 καὶ
2714 1108 2873 1173 θεοὺς
2915 1110 3018 1179 τῆς
3059 1108 3337 1171 Ἑλλάδος,

2080 1200 2303 1268 Ἀρειον
2327 1198 2518 1270 ἁδρὸν,
2544 1201 2643 1270 τὴν
2672 1200 2967 1254 Σαϐελλίω
2998 1201 3231 1271 πλάνην.

2081 1294 2287 1360 ’Λμφω
2340 1293 2608 1363 Παλαμᾶν
2641 1293 2701 1346 ἓν
2724 1310 2778 1347 τι
2812 1292 3070 1348 σύνθετον
3104 1293 3275 1363 τέρας

2091 1385 2182 1452 Ἐξ
2213 1388 2536 1458 ἀντιφώνων
2563 1387 2659 1442 καὶ
2680 1388 2961 1443 κακίστων
2993 1387 3303 1457 δογμάτων,

2078 1485 2163 1554 Ili}
2199 1484 2301 1554 μὲν
2329 1484 2466 1538 Θεοῦ
2501 1485 2771 1554 τέμνοντα
2805 1485 2907 1556 τὴν
2941 1487 3208 1554 ἀπειρίαν

2078 1578 2172 1640 Εἰς
2192 1577 2294 1630 οὐκ
2339 1577 2457 1640 ἴσας
2483 1576 2944 1645 πλάστιγγας,είς
2977 1577 3154 1646 ἄκραν
3183 1577 3367 1647 μάχην
3400 1592 3414 1608 ο

2079 1668 2164 1736 Πῆ
2202 1666 2343 1730 δἐἰς
2376 1665 2721 1730 ἀνουσίωσιν,
2747 1665 2857 1719 οὐδ’
2890 1665 3222 1727 ὑποστάσεις

2081 1759 2343 1825 Ἀγοντα,
2369 1759 2461 1811 καὶ
2500 1757 2737 1829 φέροντα
2770 1757 2872 1819 τὰς
2911 1756 3267 1823 ὑποστάσεις,

2077 1846 2175 1911 Δίς
2205 1852 2315 1904 πᾶν
2347 1850 2557 1919 ὑπέστη
2580 1850 2948 1921 δημιουργίας
2980 1851 3162 1916 γένος.

2005 1975 2049 2033 Β
2083 1944 2319 1996 Ἔπειτα
2332 1943 2431 2013 τὴν
2465 1943 2704 2014 ἄναρχον
2734 1942 2949 2012 ἡγεῖται
2984 1942 3169 2033 χάριν,

2084 2034 2186 2086 Ἦν
2207 2028 2349 2087 εἶδεν
2377 2032 2577 2099 οὐδεὶς,
2608 2031 2719 2087 οὐδ’
2747 2032 2875 2087 ἰδεῖν
2904 2031 3020 2100 ἔχει
3052 2031 3240 2102 φύσιν,

2078 2123 2198 2179 Κᾶν
2223 2125 2462 2194 ἀγγέλου
2497 2124 2748 2197 χάρισμα
2777 2126 3063 2199 προσλάϐῃ
3092 2124 3279 2194 φύσιν,

2087 2218 2253 2288 Ὀρᾷν
2279 2218 2499 2288 ἀληθῶς
2525 2222 2820 2290 σαρκικαϊς
2852 2220 3047 2286 ἁγναῖς
3077 2218 3274 2289 κόραις

2078 2310 2481 2376 Μασσαλιανοῖς
2517 2311 2781 2382 ἐμμανῶς
2811 2307 2883 2365 αὖ
2922 2311 3262 2383 συντρέχων.

2079 2404 2141 2456 Εἰ
2168 2402 2214 2456 δ’
2240 2403 2489 2471 ἀγγέλων
2530 2403 2814 2473 πέφευγεν
2848 2402 3137 2475 αἰσθήσεις
3177 2402 3364 2472 φύσις,

2078 2496 2205 2560 ῐιῶς
2233 2496 2295 2548 οὐ
2321 2495 2534 2568 πλάνης
2562 2495 2838 2550 δείκνυσιν
2857 2496 3097 2566 ἐσχάτης
3118 2494 3333 2563 γέμων,

2083 2590 2376 2643 ’Λκτιστον
2403 2587 2461 2651 ὃς
2492 2586 2632 2657 φῶς,
2659 2586 2850 2658 φησὶν,
2883 2586 3145 2658 αἰσθήσει
3180 2584 3429 2656 βλέπειν,

2078 2681 2153 2733 Τὸ
2180 2680 2537 2752 δημιουργὸν,
2571 2679 2670 2742 τὰς
2702 2678 3032 2749 ἀσωμάτους
3069 2678 3285 2748 φύσεις,

2085 2774 2153 2827 Ὃ
2193 2774 2268 2843 μὴ
2293 2772 2512 2843 βλέπειν
2535 2774 2778 2840 πέφυκεν
2818 2770 3126 2841 ἀνθρώπων
3155 2768 3338 2841 φύσις,

2080 2867 2143 2920 El
2182 2864 2257 2937 μὴ
2289 2864 2457 2936 θεατῇ
2481 2865 2549 2935 τῇ
2581 2862 2792 2934 βροτῶν
2821 2862 2981 2927 αὖθις
3012 2862 3174 2932 φύσει
3203 2879 3220 2929 ;

2080 2961 2192 3013 Καὶ
2219 2956 2541 3028 δογματίζει
2574 2956 2688 3017 τοῖς
2721 2954 3072 3025 πολυστίχοις
3103 2955 3283 3021 λόγοις

2082 3050 2191 3104 Καὶ
2228 3049 2515 3102 δυσσεϐεἴν
2550 3048 2795 3118 κέκραγε
2827 3050 2955 3110 τοὺς
2991 3047 3307 3116 σεϐασμίως

2094 3144 2183 3205 Ὠς
2214 3142 2416 3214 εὑσεόῆ
2452 3141 2608 3195 ταῦτ’
2642 3143 2795 3195 ἐστὶν
2826 3141 2888 3194 οὑ
2914 3142 3284 3213 κεκραγότας.

2086 3238 2209 3302 Πῶς
2247 3231 2405 3301 οὗτος
2435 3232 2598 3301 εἶδεν,
2632 3237 2693 3289 οὑ
2715 3235 2853 3289 Θεοῦ
2898 3236 3060 3302 δόξαν
3090 3236 3260 3304 λέγω,

2003 3317 2048 3375 (ἶ
2093 3331 2234 3386 Ἀλλ’
2261 3332 2423 3395 αὑτὸς
2445 3329 2610 3385 αὑτοῦ
2635 3329 2735 3400 τὴν
2765 3327 3060 3401 ἀσώματον
3091 3328 3292 3399 φύσινς

2079 3424 2267 3487 Οὐδεὶς
2301 3424 2430 3491 γὰρ,
2460 3421 2638 3483 οὐδεὶς
2665 3416 2808 3473 οἶδεν
2840 3420 3072 3488 ἀγγέλου
3101 3423 3294 3488 φύσιν,

2078 3516 2152 3570 ua
2192 3512 2657 3586 ψυχικὴν-ἔϐρεψε
2691 3513 2909 3583 γυμνὴν
2942 3512 3161 3576 οὐσίαν,

2078 3705 2302 3760 Patrum
2333 3701 2549 3770 regulas
2602 3699 2961 3753 inconcussas
2989 3706 3230 3752 tuemur.
3260 3698 3337 3751 En
3371 3713 3671 3756 commune

2077 3795 2326 3867 Gregorii
2393 3791 2665 3863 Acindyni
2732 3790 2975 3861 dogma,
3055 3788 3207 3876 nihil,
3261 3792 3362 3860 ipsi
3422 3807 3669 3859 norum,

2079 3903 2180 3945 nec
2213 3888 2351 3943 lines
2382 3883 2619 3941 excedit.
2654 3881 2822 3938 Juxta
2854 3897 3008 3949 vero,
3048 3897 3249 3938 novum
3300 3883 3484 3953 aspice
3510 3883 3670 3939 Pala-

2079 3996 2185 4036 ma:
2240 3978 2499 4050 abyssum
2551 3994 2567 4031 :
2629 3974 2772 4030 nihil
2832 3975 2936 4045 ipsi
3004 3988 3320 4041 commune,
3379 3990 3479 4030 nec
3530 3976 3673 4032 intra

2081 4070 2221 4127 lines
2275 4067 2576 4130 clauditur,
2644 4064 2744 4122 sed
2786 4073 2849 4120 ut
2898 4065 3049 4119 clara
3080 4075 3344 4121 accurate
3374 4064 3577 4132 dicam,
3606 4082 3676 4122 ex

2079 4163 2242 4220 dictis
2293 4159 2630 4218 contrarium
2681 4157 2907 4213 omnino
2934 4157 3126 4225 docet;
3165 4165 3385 4214 statutae
3415 4159 3674 4228 potestati

2080 4257 2260 4328 palam
2288 4268 2354 4309 ex
2386 4253 2625 4308 adverso
2662 4259 2793 4316 stat,
2814 4258 3013 4306 cuneta
3049 4259 3294 4314 mutans,
3322 4260 3520 4304 cuncta
3550 4264 3670 4303 mo-

2082 4365 2237 4414 vens,
2255 4355 2457 4412 cuncta
2484 4342 2836 4415 perturbans,
2856 4343 3063 4398 nullnm
3101 4344 3322 4399 demum
3353 4344 3672 4415 dogmatum

2083 4443 2410 4499 inviolatum
2460 4437 2706 4508 reliquit.
2761 4434 2993 4491 Etenim
3052 4437 3170 4491 sive
3220 4435 3443 4491 mobilis
3492 4434 3676 4490 Protei

2085 4533 2310 4597 formas,
2342 4531 2458 4586 sive
2489 4541 2830 4599 paganorum
2863 4527 3048 4597 potius
3099 4541 3282 4582 mores
3327 4526 3444 4597 ipse
3473 4526 3674 4593 induit,

2090 4623 2344 4696 personis
2382 4622 2600 4692 quidem
2637 4620 3064 4674 mensurandam
3098 4618 3380 4682 unitatem,
3417 4633 3523 4673 non
3552 4635 3679 4689 per-

2085 4720 2263 4780 sonis,
2313 4715 2415 4772 sed
2463 4726 2647 4769 rerum
2682 4710 2966 4781 gradibus,
3020 4719 3281 4767 metatur.
3335 4710 3678 4768 lndivisibile

2086 4815 2251 4869 etiam
2297 4809 2486 4865 multis
2531 4823 2600 4862 ex
2659 4805 2908 4875 partibus
2944 4803 3164 4870 dividit,
3197 4819 3304 4860 non
3337 4812 3545 4859 tantum
3582 4821 3678 4875 per

2090 4921 2295 4979 partes,
2349 4904 2444 4960 sed
2502 4903 2667 4958 etiam
2721 4908 2906 4971 partes
2953 4898 3168 4963 dividit,
3211 4900 3375 4954 veluti
3414 4908 3675 4955 extranea

2087 4998 2344 5071 quadam
2400 4993 2616 5049 inllnita
2680 4994 2827 5047 inter
2891 5005 2952 5047 se
3010 4990 3327 5055 commisra,
3384 4991 3677 5047 Ilemocrili

2089 5090 2462 5147 numeros-hic
2492 5086 2719 5159 aspicio,
2766 5084 3169 5155 infamiamque
3187 5084 3536 5156 Empedoclis
3571 5101 3676 5155 pu-

2088 5198 2273 5255 gnam,
2327 5181 2570 5237 Platonis
2634 5178 2810 5243 ideas,
2877 5192 3090 5232 necnon
3139 5176 3456 5234 Graecorum
3519 5178 3675 5240 deos,

2089 5275 2310 5331 mollem
2366 5274 2582 5338 Arium,
2635 5268 2973 5342 Sabelliique
3034 5285 3253 5326 errores
3309 5289 3323 5325 :
3377 5278 3678 5338 utrumque

2090 5368 2341 5425 Palamas
2373 5368 2426 5422 in
2458 5371 2768 5421 monstrum
2805 5364 3028 5433 aliquod
3075 5376 3437 5432 componens,
3480 5377 3545 5414 ex
3588 5376 3676 5415 re-

2088 5462 2459 5533 pugnantibus
2523 5456 2910 5529 pcrversisqne
2949 5454 3320 5526 dogmatibus,
3367 5453 3527 5507 modo
3584 5453 3677 5507 Dei

2088 5551 2540 5615 immensitatem,
2599 5566 2692 5618 per
2717 5549 3012 5619 inaequales
3062 5549 3268 5609 lances,
3320 5560 3441 5601 sese
3464 5543 3679 5599 fortiter

2092 5649 2506 5718 impugnantes,
2540 5646 2811 5712 partitur;
2866 5641 3031 5695 modo
3117 5642 3171 5694 in
3249 5639 3676 5694 insubstantiale

2089 5739 2333 5806 aliquod,
2382 5753 2490 5793 non
2545 5750 2813 5806 personas
2866 5749 3161 5804 generatis,
3224 5733 3318 5788 sed
3412 5745 3678 5802 personas

2092 5831 2297 5897 ferens,
2331 5830 2534 5900 quibus
2577 5837 2751 5884 totum
2780 5825 3085 5882 crcationis
3116 5842 3289 5895 genus
3320 5824 3670 5894 producitur.

2090 5922 2378 5979 {Etcrnam
2425 5918 2624 5976 deinde
2666 5919 2902 5973 aestimat
2945 5920 3217 5989 gratiam,
3284 5932 3448 5988 quam
3520 5931 3678 5967 ttetnt)

2092 6014 2249 6079 \idit,
2281 6027 2382 6071 nec
2413 6010 2597 6069 videre
2632 6008 2955 6067 naturaliter
2983 6019 3183 6079 potest,
3212 6008 3312 6064 etsi
3345 6004 3518 6075 angeli
3580 6017 3682 6057 ua-
