4046 6454
396 599 588 668 ’Λδρᾶς
623 595 908 668 μετασχὼν
949 597 1044 666 τῆς
1075 595 1330 649 ἁνουσίου
1357 595 1587 662 πλάνης,

387 691 494 741 Καὶ
532 689 631 756 τῆς
655 688 921 756 ταπεινῆς
951 686 1211 750 ὲσπακὼς
1243 688 1384 754 ἄγαν
1434 687 1607 750 ⁶Ῥέας,

383 777 488 831 Καὶ
518 777 626 848 γὰρ
657 778 955 848 καταρρεῖν
987 780 1085 840 τάς
1116 776 1417 846 ὗφειμένας
1443 777 1591 842 λέγει

395 870 488 922 Ἐκ
520 869 622 938 τῆς
657 869 888 940 ῥεούσης
911 867 1165 939 οὐδαμῶς
1193 869 1468 936 ἐξουσίας,

389 962 489 1024 "At;
535 960 806 1032 οὐσιώδης
839 964 934 1016 τοῦ
974 962 1109 1015 Θεοῦ
1146 962 1344 1032 μοίρας
1367 963 1543 1032 λέγει,

395 1049 657 1121 Ἐπείπερ
690 1051 791 1105 οὐκ
823 1051 1017 1105 ἄποιον
1047 1052 1234 1106 οὐσίαν
1257 1054 1408 1123 ἄγει,

382 1141 504 1196 (ὧδ’
531 1142 651 1196 αὖτ’
676 1143 878 1214 ἐνεργῆ
908 1143 1009 1214 τὴν
1032 1143 1350 1218 ὑπερτάτην
1383 1147 1567 1214 φύσιν.

389 1235 452 1286 '0
477 1234 522 1288 δ’
551 1234 715 1298 αὐτὸς
731 1235 895 1290 αὐτὸν
921 1238 1170 1306 ἐκφανῶς
1191 1238 1333 1293 οῦτω
1359 1241 1612 1310 γράφων,

388 1327 680 1379 Ἀκτιστον
708 1327 785 1391 ὡς
810 1327 857 1380 δ’
879 1329 1117 1400 ἄναρχον
1138 1330 1428 1399 ἀνθρώπου
1460 1333 1681 1401 σπόρον,

382 1415 489 1467 Καὶ
514 1415 737 1485 σπέρμα
771 1419 986 1481 νυκτὸς.
1023 1421 1114 1473 καὶ
1149 1421 1360 1492 φθορᾶς
1389 1421 1551 1491 ἔργον
1580 1421 1762 1489 φύσει,

386 1507 496 1559 Καὶ
531 1507 738 1576 βρῶσιν
777 1511 1006 1582 οἰκτρὰν
1035 1512 1145 1566 τῶν
1183 1514 1415 1568 ὀδόντων
1445 1513 1542 1566 τοῦ
1570 1514 1765 1584 χρόνου

385 1600 447 1652 Εἰ
479 1601 589 1654 κάκ
621 1599 825 1670 μέρους
861 1601 1062 1672 ἔσχηκε
1093 1604 1168 1675 μὴ
1198 1604 1542 1675 τεθνηκέναι,

383 1691 502 1743 Κᾶν
538 1689 809 1764 ἐξαναστῇ
846 1695 1026 1748 καὶτὸ
1056 1695 1151 1750 νῦν
1186 1696 1470 1769 διαρρέον,

383 1779 495 1849 Τῆς
523 1783 759 1854 ἐσχάτης
789 1784 1090 1854 σάλπιγγος
1113 1789 1528 1860 ἐκκαλουμένης

383 1871 584 1925 Τοῦτον
616 1872 702 1936 τίς
747 1873 918 1928 εἰπὼν
949 1877 1148 1946 εὐσεϐῆ
1181 1880 1388 1948 φρένας
1425 1883 1618 1954 φέρει;

384 1961 499 2015 υύκ
531 1961 650 2016 ἔστι
687 1965 868 2031 τοῦτο,
901 1967 1157 2040 πῶς’γάρ
1189 1971 1286 2024 οὐκ
1317 1972 1435 2026 ἐστι
1467 1994 1482 2040 ;
1521 1977 1721 2043 πόθεν;

383 2051 541 2105 Οὕτω
569 2054 842 2124 κατῆλθεν
876 2057 958 2119 είς
985 2057 1046 2110 τὸ
1089 2061 1201 2114 πᾶν
1233 2063 1407 2116 κακοῦ
1442 2064 1627 2133 βάθος.

387 2139 502 2194 Εἶθ’
531 2143 558 2193 ὁ
593 2145 869 2215 φρονήσας
913 2148 1012 2218 οὐχ
1041 2149 1335 2220 ἁμαρτεῖν,
1365 2154 1460 2206 καὶ
1490 2155 1730 2226 φράσας,

385 2235 522 2288 Θεὸν
552 2236 681 2306 παρ’
716 2237 866 2308 αὐτῷ
893 2241 1270 2314 προσκυνητδν
1299 2243 1399 2298 οὐκ
1427 2245 1566 2315 ἔχει,

397 2327 488 2388 Ὠς
525 2329 590 2381 ἂν
620 2329 680 2381 τὸ
706 2329 937 2400 βροντῆς
961 2333 1196 2404 ἐκραγὲν
1230 2336 1380 2406 ῥῆμα
1409 2339 1637 2407 φράσαι,

386 2421 579 2474 Καίτοι
611 2424 906 2494 καταρρεῖν
935 2442 1070 2495 φησι
1105 2427 1204 2490 τὰς
1244 2428 1548 2500 ὑφειμέναις

399 2507 636 2578 Ἀνδρῶν
662 2510 915 2582 θεαυγῶν
949 2517 1000 2568 ot
1037 2517 1296 2588 θεηγόροι
1334 2521 1508 2589 λόγοι,

396 2598 486 2663 Ὠς
525 2603 618 2654 καὶ
651 2603 921 2671 μεθεκτάς
950 2609 1011 2660 οὐ
1037 2611 1126 2662 τὸν
1158 2612 1324 2665 αὐτόν
1353 2629 1416 2680 γε
1445 2615 1666 2684 τρόπον,

386 2692 596 2760 Ὀνπερ
619 2695 890 2764 μεθεκτήν
916 2715 1050 2767 φασι
1080 2700 1180 2770 τὴν
1215 2702 1441 2772 πρώτην
1473 2705 1662 2773 φύσιν,

386 2774 508 2855 Thy.
523 2785 584 2838 οὐ
631 2786 924 2860 μεθεκτὴν,
957 2792 1086 2856 τοὺς
1112 2793 1442 2866 ὐφειμένους
1475 2797 1735 2868 τρόπους.

399 2875 538 2927 Ἀλλ’
560 2875 652 2930 οὖν
680 2881 913 2949 γενητάς
941 2900 1074 2951 φασι
1099 2885 1208 2940 τῶν
1237 2886 1428 2958 δώρων
1457 2889 1654 2954 δόσεις.

400 2966 542 3018 Ἀλλ’
577 2969 698 3040 οὐχὶ
723 2971 1008 3042 θειότητας
1042 2979 1359 3044 ἁκτίστους.
1384 2981 1552 3035 Πόθεν
1576 2999 1590 3047 ;

390 3058 468 3110 Οὐ
495 3059 602 3132 γάρ
630 3065 848 3134 κινητὸν
883 3067 960 3137 μὴ
999 3071 1201 3140 γενητὴ
1241 3069 1476 3142 θειότης.

387 3151 630 3248 Ποῦ-γὰρ
661 3158 858 3229 κινηθῇ
890 3175 905 3225 ;
941 3160 1043 3214 ποῦ
1075 3162 1188 3235 γὰρ
1224 3163 1324 3218 οὐκ
1345 3165 1460 3220 ἔστι
1498 3186 1511 3232 ;
1563 3169 1804 3248 Φράσον.

329 3293 354 3308 ,
387 3242 516 3296 Οὐδ’
542 3247 621 3308 είς
657 3245 778 3317 ἴσην
804 3249 1094 3320 ἄνθρωπος
1127 3253 1285 3318 ἀξίαν
1319 3257 1516 3324 φθάνει

388 3335 480 3405 Τῷ
509 3336 854 3412 δημιουργῷ,
895 3344 992 3395 καὶ
1021 3346 1294 3418 παναιτίφ
1325 3349 1539 3420 κράτει,

385 3527 681 3580 essentiam
715 3528 863 3590 dicit,
898 3531 1028 3585 illud
1058 3534 1276 3602 quidem
1303 3535 1490 3603 vitam,
1523 3539 1672 3598 istud
1715 3558 1844 3600 vero
1890 3558 1974 3600 es-

388 3619 581 3673 sentia:
609 3621 885 3689 virtutem,
910 3631 964 3678 et
997 3626 1216 3680 aliunde
1245 3629 1532 3686 scientiam
1561 3635 1976 3707 sapientemque

392 3711 484 3765 Dei
531 3715 850 3781 potentiam,
875 3715 991 3770 sive
1017 3717 1122 3773 alia
1148 3735 1379 3792 qumque
1411 3723 1504 3778 Dei
1537 3726 1802 3783 attributa
1835 3742 1966 3798 pro-

390 3801 594 3868 ferens,
633 3817 727 3872 per
767 3804 1063 3875 inaequales
1087 3809 1290 3878 gradus
1317 3810 1668 3870 Divinitatem
1697 3827 1971 3882 recenset,

390 3897 766 3960 promiscuum
817 3898 1046 3955 deorum
1096 3916 1299 3971 genus;
1330 3912 1388 3957 ut
1418 3920 1587 3976 supra
1623 3907 1760 3974 dixi,
1796 3910 1969 3979 parti-

391 3996 534 4055 tum,
564 4004 671 4043 non
705 3991 985 4059 partitum,
1010 4008 1174 4062 Opus,
1200 3997 1536 4064 operarium,
1567 4000 1802 4066 visibile,
1831 4002 1976 4056 invi-

390 4078 569 4142 sibile,
610 4093 676 4133 ac
701 4080 900 4136 deinde
935 4095 1328 4143 concurrentes
1397 4089 1562 4143 etiam
1632 4091 1973 4159 fundatores,

391 4177 798 4226 attenualorum
862 4187 1091 4242 quoque
1149 4191 1380 4233 numero
1437 4181 1620 4249 magni
1683 4181 1776 4237 Dei
1839 4199 1974 4253 prae-

391 4260 712 4313 stantiorem
777 4270 1029 4316 naturam
1081 4266 1305 4333 prabet,
1371 4276 1426 4322 et
1485 4269 1602 4325 haec
1669 4273 1972 4343 orbemque

392 4357 565 4401 totum
593 4351 810 4418 partim,
838 4354 1220 4420 praestantiora
1259 4358 1484 4428 insuper
1511 4360 1605 4415 Dei
1636 4376 1798 4430 opera
1827 4363 1976 4435 (heu,

389 4435 759 4493 lamentabilis
798 4438 1013 4509 error!)
1055 4441 1108 4495 in
1149 4449 1228 4497 tot
1256 4452 1311 4498 et
1342 4452 1522 4502 tantos
1566 4447 1796 4519 abyssos
1847 4466 1972 4520 gur-

391 4527 639 4594 gitesque
687 4527 980 4586 demersit!
1032 4531 1208 4587 virum
1260 4548 1321 4590 se
1367 4546 1560 4592 natura
1620 4539 1765 4594 haud
1799 4540 1977 4595 imbe-

1547 484 1998 546 GR.ECORUM
2035 483 2420 542 SENTENTI
2443 484 2510 540 Ε.
3543 480 3656 544 855

1989 608 2033 654 Α
2069 591 2188 644 Κᾶν
2217 593 2245 658 ἡ
2271 592 2505 660 Παλαμᾶ
2534 591 2944 663 δυσσεϐεστάτη
2979 592 3154 661 πλάνη

2067 685 2317 737 Μανείσα
2351 683 2539 746 δεινῶς
2564 684 2686 737 οὐδὲ
2713 684 2861 737 τοῦθ’
2894 685 3196 754 ὑπεστάλη.

2070 777 2362 830 ’Λκτιστον
2397 776 2432 846 ἢ
2474 775 2590 845 φῶς
2625 792 2791 844 φησιν
2823 776 2884 829 οὐ
2911 775 3131 846 βλέπειν
3167 779 3347 848 μόνον,

2081 867 2219 920 Ἀλλ’
2250 867 2414 918 αὐτὴν
2447 863 2587 919 εἶναι
2620 867 2714 920 καὶ
2752 868 2885 923 Θεὸν
2917 870 3071 938 παρὰ
3094 870 3294 924 κτίσιν.

2069 960 2132 1010 Εἰ
2153 958 2196 1011 δ’
2219 955 2286 1012 αὖ
2321 961 2618 1030 καταρρεῖν
2647 963 2803 1028 φασὶ,
2828 961 2921 1014 καὶ
2959 962 3174 1031 χεῖσθαι
3199 961 3351 1014 κάτω

2067 1049 2201 1102 Θεοῦ
2233 1049 2388 1118 λόγον
2413 1051 2748 1121 πάνταρχον,
2774 1052 2806 1121 ἢ
2840 1051 3059 1122 πνεῦμα
3091 1055 3356 1122 κράτους,

2069 1143 2142 1195 Οὐ
2176 1141 2470 1210 προσφυῶς
2507 1143 2779 1210 λέγουσιν,
2805 1143 2925 1196 οὐδὲ
2961 1145 3192 1213 κυρίως.

2081 1236 2218 1288 Ἀλλ’
2241 1237 2316 1300 ὡς
2354 1236 2474 1302 ἔθος
2505 1237 2719 1306 ἔχουσιν
2759 1240 2891 1309 ἠμϊν
2921 1240 3218 1308 πανσόφως

2083 1333 2176 1385 Ἐκ
2233 1336 2342 1386 τῶν
2371 1334 2500 1404 παρ’
2529 1335 2662 1404 ἡμῖν
2693 1337 2785 1386 καὶ
2818 1334 3071 1404 γενητῶν
3112 1335 3458 1405 πραγμάτιον

2070 1427 2190 1480 Τῶν
2225 1427 2287 1480 οὐ
2318 1427 2564 1499 γενητῶν
2586 1427 2898 1497 ὲξομιλοῦσι
2939 1429 3089 1501 πέρι.

2081 1515 2343 1585 Ἐπείπερ
2362 1517 2461 1570 οὐκ
2492 1512 2562 1587 ἦν
2595 1517 2847 1586 οὐδαμῶς
2870 1519 3046 1582 ἄλλως
3078 1522 3264 1590 λέγειν

2068 1606 2247 1676 Αὐτῆς
2277 1607 2496 1678 ἐκείνης
2519 1608 2616 1680 τῆς
2651 1608 2914 1680 θεαρχίας
2944 1612 3096 1682 πέρι.

2072 1697 2250 1760 Ὂλως
2280 1698 2387 1769 γάρ
2415 1717 2582 1768 φασιν
2621 1700 2794 1771 αὐτὴν
2821 1701 2990 1774 ὲξῃρη
3001 1704 3170 1771 μένην

2071 1785 2278 1850 Εἰδους,
2312 1787 2482 1856 ἁφῆς,
2508 1788 2626 1852 νοῦ,
2664 1793 3155 1860 μυσταγωγοῦντος
3187 1794 3370 1861 λόγου,

2071 1875 2144 1928 Τὸ
2172 1876 2302 1944 γοῦν
2330 1879 2454 1931 καθ’
2483 1879 2652 1950 αὐτὴν
2673 1882 2722 1934 oi
2749 1883 2904 1951 σοφοὶ
2941 1885 3296 1952 μυστοπόλοι,

2071 1967 2264 2020 Καίτοι
2294 1971 2547 2039 παρεῖναι
2575 1974 2855 2043 πανταχοῦ
2882 1975 3088 2044 ταύτην
3120 1976 3278 2044 λόγος

2069 2059 2184 2111 Οὐκ
2215 2059 2281 2111 ὲκ
2317 2060 2518 2130 μέρους
2544 2062 2836 2133 δήπουθεν,
2875 2067 3144 2136 atram
3183 2070 3348 2135 ὅλοις.

2073 2149 2262 2213 υῦτως
2290 2151 2755 2224 ὐπερθαύμαστον
2789 2157 2821 2226 ἡ
2857 2157 2978 2211 θεία
3006 2160 3193 2228 φύσις,

2072 2242 2183 2295 Καὶ
2212 2242 2373 2295 πάνθ’
2417 2244 2559 2316 ὑπὲρ
2591 2245 2740 2310 νοῦν,
2778 2251 2875 2301 καὶ
2906 2252 3194 2318 λογισμὸν,
3232 2255 3327 2308 καὶ
3357 2253 3540 2323 λόγον,

2071 2333 2291 2388 Μᾶλλον
2326 2339 2504 2408 σιωπῇ
2529 2337 2624 2390 τοῦ
2659 2338 2822 2407 λόγου
2853 2345 3166 2415 τιμωμένη,

2073 2427 2135 2478 Εἰ
2161 2427 2207 2480 δ’
2236 2427 2305 2482 αὖ
2327 2429 2480 2482 δοκεῖ
2509 2433 2654 2484 νοεῖν
2679 2449 2784 2496 τις,
2814 2435 2875 2488 οὐ
2905 2440 3196 2508 νοουμένη.

2073 2519 2279 2583 Γνῶσις
2305 2521 2415 2593 γὰρ
2448 2523 2619 2594 αὐτῆς
2666 2526 2818 2579 ἐστιν
2847 2529 3070 2593 ἀγνοίας
3099 2531 3283 2599 βάθος,

2081 2613 2182 2664 Ἢν
2213 2613 2476 2684 ἀκριϐοῦν
2515 2631 2599 2677 τις
2629 2615 2730 2686 τὴν
2759 2617 3018 2672 θεοπτίαν
3069 2620 3220 2691 θέλῃ.

2075 2702 2152 2755 Οὐ
2173 2701 2283 2772 γὰρ
2311 2703 2526 2757 δίδωσιν
2555 2705 2811 2774 οὐδαμῶς
2839 2707 3012 2772 οὔτως
3047 2708 3197 2778 ἴχνος

2087 2793 2176 2846 Ἐν
2196 2793 2272 2862 τῷ
2302 2795 2647 2868 νοεῖσθαιῖτῷ
2675 2799 2818 2852 νοεῖν
2850 2802 3198 2870 πειρωμένῳ.

2085 2885 2146 2936 '0
2178 2883 2272 2937 νῦν
2318 2884 2376 2938 δὲ
2401 2886 2611 2952 καινὸς,
2641 2889 2736 2941 καὶ
2771 2890 2926 2951 κενὸς
2964 2889 3230 2961 θεηγόρος

2088 2977 2182 3029 Ἐκ
2214 2977 2322 3030 τῶν
2359 2979 2479 3032 κατ’
2507 2979 2678 3050 αὐτὴν
2717 2983 2883 3052 φησὶν
2911 2983 3084 3054 αὐτὴν
3116 2985 3316 3038 εἰδέναι

2076 3068 2199 3120 Τῶν
2227 3069 2528 3136 οὐσιωδῶν,
2553 3071 2629 3136 ὡς
2654 3073 3029 3144 ὑπερκόμπως
3057 3076 3232 3144 λέγει,

2076 3161 2158 3214 Τὰ
2182 3162 2292 3231 γάρ
2325 3163 2446 3216 κατ’
2473 3163 2670 3234 αὐτὴν,
2700 3166 2816 3234 είγε
2842 3169 3002 3222 ταυτί
3029 3186 3119 3237 μοι
3151 3170 3338 3241 λέγῃς.

2078 3253 2145 3306 Τί
2171 3253 2324 3308 ταῦτ’
2355 3255 2502 3324 ἐρεῖς
2526 3273 2609 3320 τε,
2646 3259 2744 3312 καὶ
2778 3261 3122 3328 προσείποις,
3159 3264 3414 3329 γεννάδα,

2077 3344 2296 3411 Ταύτας
2317 3346 2364 3400 δ’
2401 3346 2681 3417 ὑφεῖσθαι,
2711 3350 2804 3403 καὶ
2828 3352 3130 3422 καταρρεῖν
3161 3356 3389 3424 κυρίως,

2077 3539 2182 3584 tem
2221 3529 2448 3585 minime
2480 3531 2703 3586 tribuat.
2738 3531 2840 3587 Hie
2873 3547 3024 3598 vero,
3059 3534 3174 3601 ipse
3208 3534 3446 3604 soipsum
3475 3549 3659 3605 aperte

2075 3621 2235 3676 talem
2267 3621 2596 3690 praedicans,
2629 3622 2932 3678 increatum
2973 3624 3196 3693 quidem
3237 3640 3304 3680 ac
3335 3627 3502 3682 veluti
3535 3631 3648 3696 pri-

2075 3727 2220 3767 mam
2259 3712 2498 3769 hominis
2527 3721 2866 3780 sementem;
2897 3721 2954 3770 et
2977 3715 3154 3770 noctis
3187 3714 3332 3781 fons,
3386 3725 3440 3770 ct
3468 3719 3657 3771 mortis

2077 3819 2213 3874 opus
2264 3812 2492 3871 naturae,
2536 3812 2590 3858 et
2615 3804 2771 3859 triste
2821 3805 3079 3874 pabulum
3153 3807 3413 3875 temporis
3471 3808 3655 3862 edacis

2076 3895 2332 3950 dentibus
2362 3894 2598 3959 videtur,
2647 3895 2746 3950 etsi
2791 3895 3225 3952 immortalitatis
3260 3898 3465 3952 donum
3501 3900 3661 3952 sorti.

2079 3993 2165 4038 tus
2203 3987 2296 4051 sit,
2344 3987 2448 4041 etsi
2496 3985 2782 4054 superbire
2829 3986 3027 4041 audeat
3081 4003 3206 4041 mox
3252 3988 3656 4051 dissolvendae,

2079 4076 2268 4130 ultima
2298 4084 2526 4132 vocante
2553 4076 2705 4131 tuba.
2742 4075 2876 4142 Quis
2908 4078 3035 4132 talia
3069 4077 3258 4132 dicens
3287 4088 3436 4133 recte
3464 4093 3658 4149 sapere

2077 4167 2362 4223 videatur?
2412 4166 2604 4222 Nonne
2665 4169 2736 4222 ita
2770 4169 2884 4224 hate
2914 4167 2938 4221 ?
2971 4169 3151 4236 Quare
3201 4186 3309 4224 non
3358 4171 3469 4224 ita?
3512 4171 3664 4236 Quo-

2079 4260 2282 4315 modo?
2313 4259 2384 4314 Ita
2412 4267 2734 4316 cunctorum
2765 4260 3031 4316 malorum
3061 4263 3114 4315 in
3145 4259 3476 4330 profundum
3503 4265 3659 4316 deve-

2079 4353 2194 4418 nit;
2228 4351 2360 4416 imo,
2387 4367 2446 4406 se
2475 4369 2584 4408 non
2620 4367 2848 4422 peccare
2882 4364 3084 4423 putans
3115 4369 3180 4409 ac
3225 4355 3435 4419 diecus,
3491 4355 3662 4409 Deum

2079 4459 2109 4497 a
2143 4443 2456 4498 se-adorari
2504 4443 2734 4498 minime
2780 4444 3047 4513 indigere,
3099 4446 3339 4500 tonitrua
3373 4461 3504 4500 voce
3552 4449 3663 4500 cla-

2081 4534 2276 4589 mitare
2326 4548 2496 4590 ausus
2539 4545 2644 4590 est.
2690 4535 2947 4591 Attamen
3011 4535 3214 4591 divinis
3266 4537 3682 4606 inspiratormn

391 4619 569 4672 cillettt
618 4631 837 4690 putans,
873 4637 1044 4692 seque
1068 4623 1182 4695 jam
1221 4640 1387 4697 supra
1422 4628 1648 4684 modum
1674 4631 1970 4697 extollens,
2001 4621 2054 4682 D
2081 4627 2364 4682 hominum
2387 4627 2734 4683 sermonibus
2755 4627 2986 4682 humiles
3010 4627 3202 4696 spiritu
3241 4627 3488 4682 madidos
3507 4629 3659 4690 dicit,

396 4713 604 4780 majora
667 4713 734 4767 de
764 4729 822 4770 se
872 4714 1138 4780 sentiens,
1191 4732 1315 4788 quae
1361 4733 1426 4774 ex
1477 4718 1594 4789 ipso
1625 4731 1834 4790 patent,
1879 4739 1978 4777 nec

395 4805 536 4858 intra
570 4805 782 4874 regulas
814 4807 1058 4863 inclusus
1083 4823 1334 4877 manens,
1367 4811 1592 4881 quibus,
1641 4813 1734 4868 Dei
1764 4815 1980 4884 placitis

395 4914 588 4952 omnes
638 4897 971 4969 diriguntur.
1006 4898 1099 4956 Sic
1141 4902 1344 4956 mentis
1389 4917 1545 4958 error
1592 4913 1751 4960 extra
1787 4907 1978 4962 modos

395 4990 661 5057 cogitare,
727 5005 790 5044 ac
849 4989 1021 5045 Nosce
1079 4993 1310 5062 leipsum
1361 5009 1466 5048 non
1528 4997 1764 5064 amplius
1815 5000 1980 5053 corde

398 5081 728 5148 recogitate,
776 5083 945 5146 unde,
995 5099 1092 5152 per
1135 5084 1404 5138 inﬁnitam
1464 5085 1733 5140 malorum
1776 5088 1975 5143 seriem

397 5173 674 5242 delapsus,
720 5188 780 5228 sc
813 5190 911 5228 nec
947 5184 1216 5238 creatum,
1268 5191 1368 5231 nec
1412 5177 1634 5234 initium
1685 5180 1978 5236 habentem

396 5264 569 5328 dicit,
618 5265 761 5332 quod
811 5280 944 5321 sane
998 5267 1098 5321 soli
1149 5268 1633 5337 superspiriluales
1689 5273 1974 5329 auderent.

398 5355 520 5423 Ipse
561 5370 688 5409 vero
713 5357 934 5412 Palama
965 5358 1047 5411 vir
1074 5361 1325 5414 mortalis
1355 5361 1601 5430 quidem,
1633 5366 1848 5420 tametsi
1881 5382 1980 5420 no-

399 5449 483 5514 lit,
544 5448 694 5517 impii
770 5449 976 5504 erroris
1027 5450 1299 5522 particeps
1369 5451 1614 5519 enectus,
1657 5469 1766 5524 quo
1817 5457 1980 5512 mise-

399 5541 625 5592 randam
671 5540 812 5592 hanc
852 5550 1054 5593 ter-ram
1096 5541 1207 5596 late
1248 5541 1470 5610 premit,
1513 5541 1559 5595 si
1621 5542 1840 5610 quidem
1895 5543 1980 5598 in-

398 5633 626 5688 feriores
659 5647 921 5702 personas
949 5649 1014 5686 ex
1045 5633 1413 5697 emanatione,
1473 5633 1696 5689 minime
1739 5649 1868 5691 vero
1913 5651 1979 5691 ex

399 5726 725 5791 substantia,
758 5727 1050 5794 procedere
1073 5726 1227 5792 dicit,
1262 5741 1402 5794 quas
1451 5734 1630 5780 tamen
1661 5728 1980 5782 essentiales

403 5815 495 5870 Dei
551 5825 728 5884 partes
766 5817 1076 5884 conﬁtetur,
1124 5817 1337 5872 tametsi
1374 5818 1569 5870 barum
1616 5818 1977 5872 substantiam

405 5908 718 5963 sensibilem
759 5910 945 5967 ducat.
978 5909 1217 5972 ipsisque
1248 5924 1518 5972 supreme
1552 5919 1758 5964 natura:
1809 5913 1978 5966 virtu~

2080 4729 2135 4774 et
2166 4719 2358 4774 borum
2389 4720 2553 4774 etiam
2584 4719 2875 4788 participes
2907 4719 3042 4781 fieri,
3069 4719 3293 4773 minime
3315 4735 3441 4772 vero
3471 4721 3662 4772 eodem

2083 4810 2244 4863 modo
2275 4824 2387 4879 quo
2420 4809 2654 4877 primam
2689 4820 2943 4862 naturam
2977 4807 3296 4876 participem
3329 4808 3554 4871 dicunt;
3601 4825 3662 4861 ea

2081 4900 2226 4956 enim
2265 4900 2488 4955 minime
2517 4900 2790 4970 particeps
2819 4900 3000 4969 quoad
3049 4899 3285 4952 humiles
3322 4909 3532 4968 partes.
3561 4902 3656 4953 Sin

2083 5000 2264 5045 autem
2319 4991 2620 5059 gratiarum
2683 4991 2826 5044 dona
2867 5000 3120 5057 generata
3181 4989 3386 5053 dicunt,
3442 4989 3665 5042 minime

2084 5098 2208 5136 vero
2240 5083 2536 5137 increatam
2572 5083 2854 5136 Deilatem.
2902 5081 3120 5147 Quare?
3159 5082 3386 5136 lmmola
3427 5097 3668 5150 namque

2083 5187 2358 5247 permanet
2390 5193 2497 5231 non
2533 5189 2790 5247 generata
2832 5176 3034 5232 Deitas.
3081 5176 3202 5242 Quo
3235 5178 3380 5231 enim
3415 5191 3662 5230 movere-

2085 5269 2212 5324 tur?
2247 5269 2478 5324 Ubinam
2513 5269 2691 5323 absit?
2717 5269 2980 5340 Loquere.
3016 5269 3134 5324 Non
3169 5270 3358 5324 eadem
3391 5283 3527 5323 sane
3573 5267 3660 5320 tli-
3728 5307 3734 5312 .

2083 5359 2291 5429 gnitate
2340 5365 2563 5427 prmstat
2616 5357 2801 5422 homo,
2872 5373 2981 5427 qua
3034 5367 3250 5411 creator
3313 5371 3376 5409 ac
3415 5355 3668 5409 omnium
3757 5427 3769 5436 .

2084 5449 2366 5504 fundatrix
2402 5449 2669 5518 potentia,
2721 5447 2823 5504 etsi
2853 5448 3086 5503 Palama:
3111 5446 3652 5503 seelestissimuscr-

2083 5557 2196 5603 ror,
2248 5541 2416 5596 rabiei
2469 5541 2647 5610 impar
2703 5540 2830 5595 illud
2893 5555 3143 5595 asserere
3196 5555 3304 5593 non
3363 5538 3663 5592 erubuerit.

2085 5633 2388 5688 lncreatum
2412 5633 2558 5686 enim
2585 5633 2763 5685 lumen
2797 5647 2901 5684 non
2932 5639 3142 5682 tantum
3170 5646 3228 5684 se
3250 5645 3474 5684 cernere
3507 5631 3669 5695 dicit,

2085 5726 2181 5788 sed
2231 5725 2393 5780 etiam
2451 5725 2626 5794 ipsum
2657 5737 2777 5777 esse
2819 5732 2872 5776 et
2926 5722 3091 5775 Deum
3123 5723 3277 5790 juxta
3319 5731 3666 5782 creaturam;

2087 5817 2130 5871 si
2168 5816 2386 5870 aliunde
2442 5814 2758 5883 procedere,
2791 5811 3309 5880 ittiraqucdeﬂuere
3353 5810 3542 5864 dicunt
3573 5811 3664 5863 Dei

2088 5910 2332 5976 verbum,
2373 5921 2691 5977 supremum
2728 5903 3191 5970 υυιιιὶιιυιη,-δὶι·υ
3241 5903 3463 5957 virtutis
3495 5903 3656 5971 spiti-
