4046 6484
444 493 552 556 855

444 604 555 657 Καὶ
583 603 743 657 πάντ’
782 604 1049 672 ἐνεργεῖν,
1089 583 1165 663 ὥς
1200 601 1474 673 μεθεκτὰς
1508 606 1620 666 τοῖς
1661 606 1817 658 κάτω

447 694 652 764 Ἔθηκε
681 695 965 763 θειότητας
992 696 1054 747 ἐν
1086 694 1281 764 πλήθει
1319 694 1518 765 λέγων,

447 785 601 849 ’ἱσας
625 786 747 839 κατ’
762 786 918 849 οὐδὲν
943 789 1007 859 τῇ
1032 788 1304 858 παναιτίῳ
1333 791 1521 858 φύσει,

455 874 773 946 Ἀπειράκις
802 875 847 929 δ’
880 876 1113 948 ἄπειρον
1146 877 1561 948 ἠλαττωμένας,

442 966 568 1029 Τοῖς
596 967 861 1037 κτίσμασι
897 969 958 1024 δὲ
986 971 1426 1042 συντεταγμένας
1450 972 1627 1026 κάτω.

444 1058 623 1121 (Οὕτω
648 1059 757 1130 γὰρ
794 1059 895 1115 οὖν.
913 1059 1139 1115 ὕπεστιν
1161 1062 1323 1133 ἐργρν
1349 1063 1586 1134 ἐργάτῃ,

440 1149 551 1201 Καὶ
579 1150 665 1218 ρεἶ
688 1150 824 1221 παρ’
853 1152 1004 1221 ἡμᾶς
1022 1152 1086 1205 οὐ
1116 1153 1285 1221 ρυτῆς
1319 1153 1591 1218 ἐξουσίας.

441 1239 518 1294 υύ
550 1240 664 1310 γὰρ
695 1246 953 1313 παρεῖναι
981 1245 1258 1314 πανταχοῦ
1279 1245 1368 1298 τὸν
1398 1246 1659 1316 ἠρμένον,

447 1333 545 1393 *ος
566 1334 745 1387 πάντα
774 1334 1019 1406 πληροῦν
1057 1339 1332 1408 μαρτυρεῖ
1362 1338 1484 1393 κατ’
1506 1338 1718 1393 οὐσίαν.

441 1422 565 1476 Ο)δ’
589 1427 933 1492 ἐγκατοικεῖν
970 1431 1084 1495 τοῖς
1119 1432 1434 1502 θεουμένοις
1465 1432 1609 1498 ὅλον,

438 1513 572 1568 Θεδν
599 1515 742 1580 θεοῖς
769 1520 1049 1590 άκτιστον,
1068 1521 1186 1578 ἀλλ’
1210 1522 1575 1594 ἐκτισμένοις.

450 1606 595 1659 Ἀλλ’
639 1608 758 1663 ἀντ’
774 1611 989 1666 ἐκείνου
1013 1615 1138 1678 τοὺς
1171 1615 1498 1686 ὑφειμένως
1538 1617 1735 1688 ὄχλους

437 1695 594 1759 Θεοῖς
630 1700 886 1772 ἀνάρχοις
911 1701 1048 1774 ἔργα
1070 1704 1167 1758 τοῦ
1185 1707 1629 1777 πρωτεργάτου.)

438 1785 597 1841 Οὕτω
614 1789 670 1842 δέ
697 1793 1058 1865 παμπόνηρόν
1085 1797 1238 1851 ἐστιν
1262 1800 1294 1869 ἡ
1325 1800 1529 1871 πλάνη,

455 1881 546 1943 Ὠς
575 1881 749 1936 ταῦτα
783 1884 1134 1955 κηρύττουσα
1160 1888 1432 1961 λαμπρῶς
1462 1895 1522 1946 ἐν
1543 1892 1747 1962 λόγοις,

437 1970 550 2025 Καὶ
591 1974 763 2027 πᾶσιν
789 1975 1077 2046 ἐξάγιστος
1111 1981 1528 2052 ἐκφωνοομένη,

437 2063 607 2125 Α’κας
639 2079 698 2116 τε
732 2064 797 2135 δὴ
818 2067 1016 2121 τίσασα
1049 2068 1336 2141 λαμπράς,
1360 2068 1444 2137 οἷς
1479 2074 1612 2140 ἔδει,

437 2151 624 2222 Ίόμὴν
655 2155 750 2207 ἀπ’
789 2157 965 2229 αὐτῆς
989 2160 1086 2233 τῆς
1111 2163 1281 2233 ἁγνῆς
1302 2162 1658 2234 Ἐκκλησίας,

438 2244 533 2305 Εἰς
556 2245 734 2318 ἥνπερ
761 2250 997 2319 ἠσέϐησε
1014 2252 1301 2325 δογμάτων
1336 2256 1516 2329 ὕϐρει,

436 2335 858 2404 Σπουεαστικῶς
896 2343 1099 2414 ἔσχηκε
1130 2348 1225 2401 τοῦ
1253 2350 1563 2421 λεληθέναι,

439 2425 714 2481 “ὶ“πουλον
739 2430 815 2494 ὡς
846 2433 1081 2503 νόσημα,
1111 2439 1206 2491 καὶ
1235 2443 1573 2510 χαμαιλέων.

438 2517 649 2605 [loicon
676 2522 805 2575 ὅταν
833 2525 934 2594 μὲν
965 2530 1065 2592 τὰς
1094 2530 1410 2599 ἁλωσίμους
1445 2534 1553 2605 ἴδῃς

435 2601 641 2663 ἿΙττον
668 2613 933 2670 καλύπτει
966 2620 1064 2689 τὴν
1104 2623 1443 2680 πολύπλοκον
1470 2628 1682 2700 πλάνην

438 2702 608 2758 Ὅταν
635 2707 689 2760 δὲ
722 2710 847 2773 τοὺς
876 2713 1082 2781 εἴδησιν
1110 2718 1550 2787 ἠκριϐωμένους.

437 2794 888 2866 οὐδἐὓαλώτους
916 2808 1030 2868 τοῖς
1069 2811 1454 2879 προκειμένοις
1495 2814 1736 2886 βρόχοις,

435 2887 692 2943 Μάλιστα
716 2895 983 2963 κρύπτειν
1026 2902 1340 2970 μηχανᾶται
1363 2904 1465 2975 τὴν
1510 2908 1745 2978 πλάνην,

449 2979 812 3068 ῘΑρνοὺμενος
835 2986 937 3054 μὲν
970 2988 1077 3052 τὰς
1094 2993 1399 3063 προδήλους
1426 2997 1697 3068 αἱρέσεις,

437 3064 537 3125 ’Ὧν
560 3070 613 3124 θ’
643 3076 692 3128 οε
713 3074 862 3144 λόγοι
893 3078 1152 3149 γέμουσιν
1175 3085 1360 3140 αὐτῶν
1393 3064 1677 3158 ῥημάτων,

438 3164 692 3229 Κύκλους
712 3169 768 3222 δὲ
797 3172 1023 3240 πάντας,
1050 3178 1143 3229 καὶ
1166 3172 1537 3250 περιδρόμους
1562 3184 1720 3249 ὅλους

439 3255 727 3327 Στρὲφων,
756 3261 994 3321 ἐλαύνων
1020 3267 1156 3337 πρὸς
1185 3268 1277 3322 τὸν
1306 3272 1471 3325 αὐτόν
1494 3289 1560 3343 γε
1591 3274 1806 3346 βρόχον.

438 3452 580 3508 tum,
604 3459 706 3499 nec
744 3449 970 3505 omnino
1025 3459 1175 3507 recte
1219 3467 1320 3509 nec
1349 3455 1536 3511 stricte
1563 3454 1888 3525 loquuntur,
1922 3460 2018 3514 sed

437 3547 505 3587 cx
535 3532 773 3602 quadam
806 3538 953 3607 apud
986 3553 1088 3596 nos
1117 3542 1536 3609 consuetudine,
1577 3559 1684 3615 qua
1722 3544 2041 3617 sapientis;

328 3649 330 3652 ν
437 3623 601 3689 sime,
638 3629 853 3685 cunctis
900 3632 1106 3688 nostris
1126 3641 1183 3688 et
1204 3632 1426 3690 aliunde
1457 3637 1660 3694 creatis
1695 3642 1881 3705 rebus,
1910 3655 2017 3696 non

437 3724 621 3773 creata
674 3719 843 3789 etiam
883 3736 1139 3779 sermone
1167 3738 1496 3795 componere
1543 3728 1744 3785 solent.
1786 3729 1847 3786 Si
1898 3733 2019 3803 qui-

436 3813 586 3878 dem,
607 3813 673 3875 de
697 3815 799 3872 hac
821 3833 1081 3887 suprema
1102 3819 1389 3890 majestate
1417 3822 1569 3878 nullo
1591 3824 1702 3881 alio
1724 3824 1891 3881 modo
1915 3827 2021 3884 rite

438 3904 621 3971 dicere
642 3907 923 3965 valeamus
951 3925 967 3965 :
986 3908 1081 3974 ita,
1104 3911 1329 3966 omnino
1351 3915 1555 3983 specie,
1582 3923 1748 3981 tactu,
1768 3928 2016 3986 aspectu,

344 4060 356 4072 .
439 3997 816 4069 sermonisque
845 4000 1116 4066 doctrina,
1146 4018 1267 4058 eam
1322 4019 1508 4060 carere
1550 4005 1742 4062 dicunt
1801 4010 2020 4080 sapien-

441 4098 543 4153 tes,
576 4094 835 4161 mysteria
877 4093 946 4149 de
977 4107 1042 4148 ea
1075 4102 1408 4161 tractantes;
1457 4109 1522 4150 ac
1556 4102 1736 4151 tamen
1767 4112 1885 4152 eam
1919 4115 2021 4155 un-

437 4178 605 4248 dique
632 4183 984 4243 sermonibus
1005 4199 1127 4249 nou
1147 4200 1213 4239 ex
1243 4195 1399 4255 parte
1431 4196 1663 4256 tantum,
1698 4191 1790 4248 sed
1827 4199 2018 4258 totam,

439 4270 644 4339 ubique
696 4286 929 4340 praeesse
968 4273 1229 4330 fatentur.
1262 4276 1415 4332 Adeo
1454 4279 1613 4335 nobis
1640 4280 1889 4335 miranda
1925 4281 2018 4336 Dei

440 4371 637 4415 natura
689 4377 854 4431 supra
893 4376 1152 4441 mentem,
1215 4376 1269 4422 et
1302 4369 1684 4440 cogitationes,
1721 4382 1777 4427 et
1805 4386 2021 4427 sermo-

442 4468 564 4508 nem
595 4454 760 4521 elata,
797 4457 969 4527 magis
994 4458 1213 4515 silentio
1242 4477 1407 4532 quam
1445 4479 1581 4520 voce
1600 4466 1825 4520 colitur.
1858 4462 2033 4530 Quod

439 4545 484 4599 si
503 4560 624 4601 eam
641 4548 769 4617 quis
795 4549 1026 4605 scrutari
1053 4551 1322 4622 videatur,
1351 4555 1577 4626 intelligi
1611 4555 1819 4624 nequit,
1856 4555 2020 4627 hujus

1624 493 1725 553 DE
1763 493 2166 558 GREGORIO
2215 498 2303 557 PA
2312 497 2525 555 LAMA.

2046 616 2087 670 Α
2121 609 2229 662 Καὶ
2255 606 2364 676 γὰρ
2400 607 2637 678 τελευτᾷ
2651 605 2790 677 πρδς
2811 603 2949 660 θεῶν
2969 604 3141 674 δῆμον
3165 602 3351 667 πάλιν,

3586 488 3690 554 850

2123 701 2232 754 Καὶ⁴
2266 701 2445 755 πάντα
2477 699 2546 754 τὰ
2572 700 2726 771 πρὶν,
2750 699 2827 763 ὡς
2856 698 3015 777 ἔφην,
3048 696 3317 773 εἰρημένα
3343 710 3362 729 ’

2122 791 2340 858 Μᾶλλον
2370 791 2425 845 δὲ
2458 791 2535 861 τῷ
2566 793 2698 862 πρὶν
2733 790 2990 845 δυσσεϐεῖ
3011 788 3122 843 τῶν
3161 788 3449 861 δογμάτων

2124 871 2425 954 Ἂεῖκακῷ
2456 883 2664 953 πέφηνε
2700 883 2883 959 χεῖρον
2920 880 3271 953 συμπλέκων.

2126 974 2310 1040 Ἀπαξ
2338 975 2450 1047 γὰρ
2470 975 2524 1029 ετ
2552 993 2638 1040 τις
2661 974 2981 1046 ἐμπεσεῖται
3006 991 3108 1028 που
3140 972 3380 1045 πλάνης,

2121 1066 2231 1131 Οὓς
2259 1066 2462 1137 φαῦλος
2486 1067 2610 1133 νοῦς
2629 1068 2830 1138 ἔφυσεν
2862 1067 2923 1132 ἐξ
2945 1066 3279 1139 οἰδημάτων,

2123 1163 2336 1234 Ὥσπερ
2367 1163 2664 1235 βαράθροις
2696 1165 2796 1216 οὐκ
2822 1160 3345 1230 ἐπισκοπουμένοις,

2121 1253 2212 1320 Τῷ
2233 1253 2343 1307 τῶν
2367 1254 2627 1307 ἁπάντων
2654 1250 2900 1322 ἀκριϐῶς
2935 1249 3252 1322 ἐπισκόπει),ι

2123 1345 2237 1398 οὐκ
2264 1343 2412 1398 ἐστιν
2448 1343 2601 1415 αὐτῷ
2635 1342 2947 1412 τάσφαλοῦς
2980 1335 3155 1415 ἧφθαι
3189 1338 3385 1392 πάλιν.

2123 1438 2237 1492 Οὐκ
2264 1439 2454 1503 οὐσίας
2484 1438 2614 1510 γὰρ,
2647 1436 2763 1490 ἀλλ’
2807 1432 3092 1505 ἐνεργείας
3128 1430 3330 1499 λέγων,

2122 1532 2197 1585 Τὸ
2224 1531 2428 1603 πλῆθος
2448 1530 2616 1586 αὐτοῦ
2640 1530 2750 1582 τῶν
2778 1527 3090 1599 δφειμένων
3122 1525 3291 1590 θεῶν,

2124 1623 2194 1675 Ἦ
2228 1620 2544 1692 θειοτήτων·
2567 1620 2629 1674 οὐ
2653 1619 2763 1691 γὰρ
2800 1614 2964 1690 ἦττον
2997 1617 3031 1688 ἡ
3062 1617 3267 1687 πλάνη,

2122 1713 2297 1781 Χάριν
2334 1728 2418 1775 τε,
2443 1709 2539 1763 καὶ
2567 1711 2700 1780 φῶς.
2753 1707 2850 1763 καὶ
2877 1705 3238 1777 χαρισμάτων
3268 1703 3433 1775 γένη,

2124 1801 2331 1855 Γνῶσιν
2354 1800 2513 1866 Θεοῦ,
2546 1801 2846 1871 μόρφωσιν,
2881 1798 3057 1869 ἰσχὺν,
3088 1795 3163 1857 ὡς
3184 1794 3348 1865 ἔφην,

2132 1886 2333 1948 Ἦττον
2364 1893 2576 1962 νομίζει
2615 1890 2907 1944 δυσσεΰεῖνη
2937 1893 2965 1943 ὁ
2995 1889 3281 1971 γεννάδας,

2050 1979 2090 2032 Β
2120 1986 2287 2040 Πάλιν
2317 1984 2568 2048 συνιστὰς
2597 1983 2824 2053 πλῆθος,
2845 1982 2922 2046 ὡς
2952 1979 3206 2051 προΰφην
3232 1978 3372 2044 ἄνω,

2129 2076 2458 2143 Ἑλληνικῶν
2488 2093 2566 2129 τοι
2589 2073 3180 2147 δεισιδαιμονημάτων.

2118 2168 2246 2220 Δέον
2276 2167 2385 2237 γὰρ
2406 2168 2486 2230 εἰς
2520 2167 2578 2219 ἓν
2612 2166 2853 2233 τάγαθὸν
2887 2165 3049 2234 μόνον
3072 2163 3321 2234 βλέπειν,

2117 2258 2461 2329 Τριλαμπὲς,
2490 2256 2718 2322 ἁπλοῦν,
2750 2258 2815 2310 οὗ
2846 2256 3128 2327 μεριστὸν,
3157 2255 3216 2307 οὐ
3256 2256 3466 2325 μίγμα,

2119 2352 2253 2405 Οὐδὲ
2287 2350 2620 2422 σταθμητδν,
2652 2350 2714 2401 οὐ
2754 2348 3024 2418 μετρητὸν
3059 2345 3350 2416 βαθμίσιν,

2119 2444 2245 2498 ()ὖτ’
2277 2443 2442 2509 ἔνδον,
2468 2441 2580 2496 οὒτ’
2612 2441 2814 2506 ἔξωθεν
2846 2440 3250 2511 ἐξηρτημένον,

2131 2534 2456 2604 Ἀνωμάλων
2488 2534 2766 2603 ἄθροισμα
2795 2532 3101 2603 τμημάτων
3139 2529 3332 2599 πέριξ,

2121 2630 2195 2681 Οὐ
2234 2627 2547 2696 θειοτήτων,
2580 2627 2642 2679 οὐ
2683 2625 2839 2687 θεῶν,
2868 2626 2926 2677 οὐ
2961 2622 3299 2693 συνδρόμων.

2120 2722 2234 2775 Οὐκ
2266 2719 2561 2784 οὑσιωδῶν,
2586 2719 2687 2772 οὐκ
2720 2716 2991 2771 ἀνουσίων
3023 2715 3204 2785 ὄχλον,

2122 2812 2245 2864 Οὐδ’
2272 2810 2546 2871 ὡντινοῦν,
2582 2811 2656 2872 ὡς
2674 2811 2821 2864 ἅπαν
2853 2809 3031 2863 εἰπεῖν
3053 2808 3204 2871 ἔπος.

2123 2904 2333 2973 Ὥσπερ
2356 2901 2793 2957 πεπαιδεύκασινε
2825 2901 2975 2971 ἡμᾶς
2997 2899 3049 2953 οἱ
3083 2899 3253 2952 πάλαι

2124 2996 2350 3066 Ἀνδρες
2384 2994 2586 3065 θεωροὶ
2607 2996 2718 3048 τῶν
2751 2992 2968 3063 ἀληθῶν
2991 2992 3284 3063 δογμάτων
3314 3006 3327 3020 ⁸

2132 3089 2192 3142 ’0
2231 3088 2276 3141 δ’
2309 3088 2391 3151 εἰς
2421 3088 2742 3142 ἐναντίωσιν
2773 3086 3138 3156 ἐξηνεγμένος

2119 3179 2340 3232 Τούτων
2362 3179 2580 3248 ὁρᾶται,
2604 3177 2697 3231 καὶ
2724 3177 3075 3247 σαφεστάτην
3107 3176 3317 3249 μάχην,

2043 3305 2087 3363 C
2116 3269 2402 3340 Μερισμδν
2429 3272 2508 3333 εἰς
2542 3269 2787 3339 ἄτμητον
2816 3270 3053 3338 εἰσάγων
3079 3268 3265 3338 φύσιν,

2126 3472 2251 3513 esse
2284 3468 2551 3521 creatum,
2584 3454 2733 3525 quod
2760 3465 2958 3509 cuncta
2990 3438 3297 3522 adimplere
3352 3460 3572 3508 testatur
3600 3466 3682 3507 sc-

2121 3548 2364 3605 cundum
2394 3547 2780 3613 substantiam,
2811 3560 2914 3601 nec
2944 3545 3261 3600 cohabitare
3289 3554 3680 3615 cttm\contem-

2119 3638 2401 3711 plantibus
2424 3637 2629 3697 omnia.
2660 3637 2827 3692 Deum
2861 3651 2971 3691 non
3002 3651 3032 3689 a
3063 3634 3191 3690 Deis
3223 3641 3493 3699 creatum,
3525 3630 3613 3688 sed
3656 3646 3683 3684 a

2120 3732 2412 3798 creaturis,
2445 3730 2540 3785 sed
2570 3727 2694 3799 eius
2724 3728 2846 3784 loco
2872 3726 3175 3784 submissas
3193 3727 3388 3782 turbas
3417 3726 3517 3780 diis
3539 3729 3683 3778 atter-

2121 3827 2208 3881 nis
2235 3839 2397 3895 opera
2426 3822 2587 3895 primi
2627 3821 2924 3893 operantis.
2953 3820 3103 3877 Adeo
3135 3835 3261 3875 vero
3287 3819 3543 3876 infandus
3575 3816 3686 3885 ejus

2122 3926 2209 3973 cst
2244 3932 2422 3983 error,
2462 3925 2524 3971 ut
2552 3917 2672 3972 haec
2705 3914 2852 3971 clare
2883 3916 2935 3969 in
2967 3913 3319 3970 sermonibus
3345 3925 3614 3983 spargere,
3639 3915 3695 3961 et

2122 4006 2351 4062 scelesta
2374 4022 2605 4078 quaeque
2626 4006 2803 4076 palam
2821 4005 3056 4075 proﬁteri
3104 4018 3215 4059 non
3268 4003 3545 4060 erubuerit
3568 4017 3581 4055 :
3605 3999 3687 4068 ju—

2120 4106 2235 4153 stas
2267 4108 2472 4162 autcm,
2511 4098 2834 4163 utdecebat,
2866 4097 3087 4153 sceleris
3119 4110 3314 4166 poenas
3343 4096 3508 4162 dedit,
3546 4105 3685 4161 sepa-

2121 4189 2388 4243 rationem
2444 4187 2567 4243 dico
2596 4188 2666 4243 ab
2696 4188 2812 4256 ipsa
2865 4187 3150 4257 impolluta
3215 4186 3481 4248 Ecclesia,
3533 4193 3685 4253 quam

2122 4276 2307 4347 impiis
2337 4276 2686 4348 dogmatibus
2705 4285 2813 4331 tam
2841 4276 3061 4347 indigne
3093 4276 3379 4330 laceravit.
3409 4272 3565 4330 Omni
3593 4280 3686 4337 ope

2125 4377 2305 4423 tamen
2338 4383 2555 4424 errores
2586 4369 2763 4424 celare
2786 4370 3032 4431 studens,
3067 4366 3231 4423 fallax
3257 4366 3423 4423 veluti
3467 4361 3685 4435 species,

2122 4458 2241 4513 sive
2306 4460 2639 4515 cameleonis
2672 4467 2809 4522 arte.
2847 4460 2890 4514 si
2931 4459 3079 4514 viros
3117 4459 3346 4533 decepto
3383 4455 3559 4511 faciles
3588 4448 3680 4521 ipsi

2123 4550 2340 4606 obviam
2362 4560 2680 4617 occurrunt,
2708 4551 2966 4606 callidum
2993 4565 3237 4605 errorem
3258 4551 3438 4603 minus
3464 4544 3682 4600 velatum

438 4637 583 4692 enim
630 4640 857 4697 scientia
910 4642 1228 4712 ignorantia
1270 4648 1547 4714 cumulus,
1600 4648 1646 4703 si
1698 4647 2009 4703 intuitivam
2046 4649 2089 4707 D
2119 4643 2346 4713 praebet,
2402 4657 2563 4698 secus
2622 4658 2772 4707 vero,
2818 4642 2861 4696 si
2899 4628 3458 4710 scientim'peritiores
3496 4633 3682 4693 adsint,

442 4726 833 4785 lieivisionem
888 4732 1089 4804 aliquis
1136 4738 1372 4791 scrutari
1426 4747 1756 4802 conaretur;
1806 4739 2014 4794 nullum

439 4819 585 4873 enim
604 4821 831 4879 omnino
861 4827 1144 4894 vestigium
1174 4828 1397 4896 praebet,
1432 4844 1542 4898 quo
1563 4842 1684 4882 eam
1718 4838 2015 4897 scrutetur,

345 4953 354 4962 .
438 4910 531 4979 qui
554 4914 1053 4984 scrutariivoluerit.
1079 4918 1172 4973 Ille
1198 4933 1324 4973 vero
1340 4933 1489 4973 nunc
1509 4934 1682 4975 novus
1706 4921 2014 4991 imperitus,

439 5018 547 5071 que
572 5004 881 5062 divinorum
919 5010 1209 5079 interpres,
1264 5025 1329 5065 ex
1381 5010 1498 5079 ipsa
1554 5012 1728 5082 ipsam
1761 5013 2020 5085 cognosci

439 5094 596 5165 dicit,
632 5099 886 5156 videlicet
916 5118 981 5158 ex
1028 5103 1148 5171 ejus
1201 5101 1679 5170 substantialibus,
1719 5092 1864 5174 quod
1926 5121 2021 5160 su-

424 5190 605 5262 .yerbe
649 5191 1018 5258 vociferatur;
1077 5209 1201 5263 quae
1249 5209 1382 5248 vero
1411 5195 1478 5249 ad
1535 5194 1708 5264 ipsam
1747 5205 2017 5267 spectant,

438 5298 565 5337 cum
613 5285 749 5341 mihi
809 5287 935 5341 talia
965 5286 1139 5351 dicas,
1177 5285 1266 5340 illa
1297 5286 1503 5342 nobilia
1535 5287 1697 5353 dicis,
1768 5303 2019 5361 voceque

439 5374 740 5442 conﬁteris,
778 5378 885 5432 ista
916 5392 1048 5433 vero
1105 5376 1347 5432 defluere
1379 5378 1593 5450 riteque
1626 5381 1938 5449 procedere,
1968 5391 2023 5437 et

440 5474 635 5522 cuncta
662 5483 854 5539 agere,
887 5469 1048 5521 veluti
1074 5467 1386 5522 mortalium
1414 5471 2019 5541 participem-deitatem

438 5561 706 5624 statuisti,
730 5561 784 5616 in
818 5561 1040 5631 vulgum
1072 5575 1335 5632 spargens
1366 5578 1484 5617 eam
1514 5573 1719 5620 natum
1742 5565 2022 5636 primaria:

444 5651 672 5707 minime
698 5652 994 5721 aequalem,
1030 5651 1217 5706 multis
1242 5653 1403 5708 etiam
1434 5655 1608 5712 modis
1640 5658 1813 5713 errori
1844 5658 2021 5713 obno-

438 5742 614 5810 xiam,
669 5744 940 5798 creaturis
987 5759 1115 5798 vero
1188 5744 1326 5800 infra
1367 5749 1731 5805 commislam.
1777 5750 1850 5805 Ita
1891 5765 2022 5820 ergo

441 5847 580 5902 opus
635 5836 882 5895 operanti
918 5837 1184 5905 sultjacct,
1239 5850 1401 5910 atque
1467 5844 1608 5914 apud
1636 5859 1737 5898 nos
1773 5860 1837 5899 ex
1871 5853 2021 5912 pote-

448 5934 593 5981 state
622 5941 732 5983 non
763 5928 1005 6000 subjecta
1036 5931 1294 5999 procedit.
1318 5935 1438 5993 Non
1473 5938 1616 5993 enim
1652 5936 1850 6003 ubique
1884 5949 2021 6003 pro:-

2127 4734 2218 4805 qui
2241 4735 2448 4804 paratis
2475 4733 2694 4790 insidiis
2726 4733 2871 4787 haud
2904 4730 3064 4788 facile
3093 4730 3406 4801 capiuntur,
3447 4733 3675 4782 errorem

2124 4837 2254 4882 tunc
2282 4826 2509 4882 omnino
2530 4825 2712 4881 velare
2758 4831 3007 4880 conatur.
3062 4822 3315 4892 Apertam
3346 4834 3476 4876 sane
3523 4822 3683 4870 bzcrc-

2125 4921 2225 4975 sim
2252 4918 2428 4990 palam
2459 4933 2567 4974 non
2600 4916 2920 4983 confitetur,
2953 4914 3059 4971 etsi
3093 4914 3322 4985 singulae
3359 4911 3469 4966 fere
3489 4919 3682 4964 sermo.

2124 5014 2210 5069 nis
2234 5026 2396 5068 voces
2423 5027 2540 5066 eam
2572 5011 2868 5075 redoleant,
2923 5017 2977 5063 at
3033 5007 3253 5062 nonnisi
3322 5001 3530 5060 cunctis
3560 4995 3680 5052 sini-

2124 5106 2247 5167 bus,
2287 5102 2613 5173 cunctisque
2646 5099 2985 5156 ’recessibus
3035 5095 3404 5168 perlustratis,
3441 5086 3677 5157 deceptos

2125 5197 2177 5250 in
2211 5193 2598 5265 ipsasiusidias
2624 5192 2910 5260 demergit.
2943 5189 3025 5244 Ad
3064 5189 3297 5244 deorum
3328 5182 3674 5265 pluralitatent

2125 5262 2290 5358 igitur
2319 5283 2618 5349 concludit,
2671 5290 2727 5337 et
2755 5283 2820 5337 ad
2845 5291 3042 5337 cuncta
3095 5280 3254 5351 prius
3302 5277 3489 5336 relata,
3529 5262 3674 5358 velli“

2125 5356 2258 5444 dixi,
2311 5377 2423 5431 imo
2454 5391 2600 5439 vero,
2635 5374 2820 5445 impiis
2863 5371 3218 5443 dogmatibus
3264 5381 3425 5438 supra
3457 5356 3674 5418 emissis.

2127 5469 2343 5524 tametsi
2383 5467 2644 5531 infandis,
2673 5466 2857 5536 peiora
2886 5465 3071 5519 adhuc
3113 5461 3413 5518 admiscere
3462 5450 3672 5506 videtur-

2124 5560 2260 5617 Cum
2304 5557 2507 5628 aliquis
2562 5558 2706 5612 enim
2728 5569 2970 5610 errorem
3037 5552 3211 5609 semel
3261 5548 3536 5618 amplexus
3578 5543 3671 5635 est.

2126 5667 2235 5725 quo
2284 5627 2529 5707 scelestae
2579 5648 2776 5704 mentis
2802 5656 2885 5703 est
2912 5645 3166 5716 superbia
3212 5643 3482 5711 delapsus,
3523 5627 3669 5725 ueluti

2125 5720 2223 5815 per
2256 5741 2630 5810 inexploratos
2688 5739 2941 5810 abyssos,
2979 5737 3227 5790 omnium
3259 5731 3419 5788 etiam
3446 5720 3671 5791 explora-

2127 5846 2309 5891 torum
2341 5833 2672 5902 peritissimo
2698 5833 2977 5901 abreptus,
3012 5828 3128 5897 ipse
3169 5842 3226 5883 se
3258 5818 3479 5877 vinculis
3499 5816 3669 5902 eruet?

2127 5943 2239 5985 non
2263 5926 2505 5999 amplius
2522 5924 2664 5982 valet
2688 5925 2931 5993 -,ctenint
2962 5936 3068 5978 nou
3087 5921 3197 5991 jam
3221 5908 3553 5976 substantias,
3584 5893 3671 5953 θεά
