4046 6456
329 474 435 540 857

337 592 449 646 Καὶ
474 590 749 655 συντιθεὶς
775 591 1019 663 πρόδηλα
1042 593 1143 665 τὴν
1177 595 1562 672 ἁπλουστάτην

334 683 406 734 'H
431 683 748 753 κτισμάτων
772 684 971 752 ἔξωθεν
1017 687 1442 760 ἀνειλημμένος,

334 770 408 824 Ἣ
438 772 638 843 μᾶλλον
665 774 834 843 ἄμφω
858 775 1198 846 ῥᾳδιουργῶν
1225 778 1484 849 εἰσάπαξ,

324 860 404 947 ξΓὸ
428 860 637 929 πλῆθος
666 863 957 931 εἰσήνεγκε
985 867 1095 920 τῶν
1128 869 1517 938 σεϐασμάτων,

343 950 675 1016 ’Υψιστικῶς
707 953 976 1025 ’Έλληνας
1010 956 1249 1026 ἐξαίρων
1276 960 1461 1027 πάλιν,

333 1045 482 1097 Ἀνω
508 1044 576 1097 τὰ
596 1047 743 1114 τῇδε,
768 1047 863 1100 καὶ
893 1048 955 1099 τὸ
978 1050 1088 1101 πᾶν
1113 1048 1247 1120 ὕψος
1270 1053 1446 1117 κάτω,

335 1135 599 1187 ’Δκτιστα
616 1135 811 1198 ταῦτα,
846 1139 940 1191 καὶ
967 1138 1027 1191 τὸ
1055 1140 1141 1215 μὴ.
1164 1141 1368 1210 κτίσμα
1399 1143 1631 1215 κτίσμα,

331 1225 441 1279 Καὶ
486 1226 740 1281 δυσσεϐεῖ
772 1230 902 1296 πᾶς,
940 1231 1130 1302 φησὶν,
1165 1232 1223 1297 ὃς
1255 1233 1413 1289 ταῦτ’
1443 1235 1506 1290 οὐ
1540 1236 1711 1291 σέϐει.

331 1321 406 1373 οὐ
433 1318 715 1374 δυσσεϐεῖν
756 1323 905 1393 μόνῳ
931 1323 987 1378 δὲ
1010 1324 1084 1395 τῷ
1109 1325 1253 1398 λόγῳ
1282 1328 1481 1399 λέγων,

343 1416 560 1486 Ἀρκεῖν
593 1415 805 1485 νομίζει
833 1419 969 1490 πρδς
992 1422 1051 1473 τὸ
1078 1420 1178 1491 τῆς
1223 1422 1407 1493 μάχης
1430 1423 1632 1493 κράτος
1655 1440 1669 1454 ·

343 1508 484 1563 Ἀλλ’
512 1508 699 1580 ὥσπερ
727 1511 914 1575 ὅπλοις
950 1514 1047 1567 καὶ
1072 1512 1242 1582 ξιφῶν
1273 1516 1481 1585 ἀκμαῖς
1505 1514 1656 1578 ὅλαις

330 1599 463 1653 Δέον
484 1598 754 1656 τελεῖσθαι
785 1603 886 1667 τὰς
921 1603 1062 1672 ὑπὲρ
1085 1605 1294 1659 τούτων
1321 1606 1555 1677 κρίσεις.

344 1691 518 1745 ’οκνῶ
535 1691 581 1745 δ’
610 1692 864 1763 ἀριθμεῖν
893 1697 992 1759 τὰς
1013 1697 1329 1768 ἀμυθήτους
1369 1697 1580 1769 ὕϐρεις.

330 1784 488 1840 Οὕτω
517 1788 880 1857 συνεκρότησε
906 1789 1100 1853 δεινῶς
1132 1791 1233 1862 τὴν
1262 1791 1446 1862 μάχην

332 1878 474 1943 Πρὸς
502 1879 628 1941 τοὺς
659 1879 903 1943 ἀπειθεῖς
925 1883 1038 1939 τοῖς
1073 1881 1214 1943 θεοῖς
1234 1883 1335 1953 τῆς
1379 1879 1635 1943 Ἑλλάδος

331 1969 517 2033 Οὕτως
549 1970 782 2041 ἄναρχός
811 1974 1055 2027 ἐστι-καὶ
1088 1974 1308 2029 πάντων
1336 1975 1472 2041 ἄνω,
1496 1988 1507 2041 ξ

332 2063 444 2116 Καὶ
469 2061 568 2134 τὴν
596 2063 968 2119 ἀνεικόνιστον
1002 2066 1164 2132 ἀξίαν
1187 2067 1374 2137 βλέπει

331 2152 534 2217 Αὐταῖς
560 2152 774 2223 ἀληθῶς
807 2157 927 2218 ταῖς
949 2155 1116 2224 ἁφαῖς
1149 2157 1258 2211 τῶν
1306 2158 1596 2228 ἀμμάτων.

332 2245 502 2300 Ὅθεν
534 2246 625 2299 τὸν
654 2247 812 2316 ὄχλον
843 2243 952 2303 εἶδε
971 2250 1078 2303 τῶν
1110 2251 1480 2321 σεϐασμάτων

343 2340 434 2392 Ἐν
469 2340 532 2410 τῇ
576 2342 811 2412 ταπεινῇ
837 2340 945 2394 τῶν
982 2343 1298 2412 ὑφειμένων
1335 2344 1518 2414 βάσει.

332 2423 438 2483 *Ων
459 2432 538 2495 είς
562 2430 623 2485 τὸ
655 2431 884 2503 πλῆθος,
914 2432 991 2496 ὡς
1016 2433 1188 2498 δοκεῖ,
1227 2435 1429 2505 βλέψας
1450 2438 1561 2501 ὅδε,

346 2524 499 2587 Ἐνὸς
535 2525 914 2597 κατεφρόνησε
944 2526 1039 2580 τοῦ
1084 2527 1302 2584 πάντων
1335 2528 1597 2600 κράτους.

343 2614 492 2669 Ἀλλ’
526 2614 587 2668 οὐ
615 2616 725 2687 γὰρ
751 2617 915 2669 αὑτὸν
940 2615 1218 2686 ὠφελήσει
1241 2617 1301 2672 τὸ
1328 2617 1548 2688 στέφος.

335 2706 617 2776 Ὂτανπερ
638 2705 872 2776 οἰκτρῶς
898 2708 963 2761 ὲκ
993 2708 1124 2777 μιᾶς
1149 2708 1417 2780 θεαρχίας

333 2795 495 2866 Τρισὶ
526 2797 815 2867 μοναπλῶς
848 2798 1291 2866 συγκαταθλᾶται
1322 2801 1516 2866 λίθοις,

334 2890 482 2961 Πρὸς
509 2891 709 2959 κέντρα
738 2890 794 2944 δὲ
825 2892 939 2961 γνῷ
969 2895 1405 2965 τραυματουργὰ
1426 2896 1711 2961 λακτίςεις1

336 2982 449 3034 Καὶ
487 2980 706 3035 κτιστὸν
736 2981 838 3045 οὐκ
863 2984 1123 3038 ᾶκτιστον
1157 2986 1320 3040 αὑτὸν
1355 2987 1628 3060 μανθάνῃ,

337 3169 568 3223 virtutes
619 3182 875 3224 sermone
918 3168 1138 3229 dicens.
1229 3179 1641 3227 attenuatorum
1691 3170 1918 3227 deorum

338 3264 454 3317 sive
482 3259 748 3315 deitatum
776 3273 1062 3313 numerum
1091 3260 1144 3313 in
1178 3259 1448 3316 intinitum
1470 3262 1661 3317 statuit
1687 3279 1703 3319 ;
1735 3264 1916 3316 minor
1951 3296 1981 3327 ,ε

336 3354 484 3408 enim
515 3366 625 3409 non
682 3351 1027 3422 relinquitur
1072 3353 1248 3408 errori
1287 3354 1461 3411 locus.
1494 3354 1559 3409 Et
1585 3356 1840 3426 gratiam,
1870 3364 1925 3410 et

338 3448 622 3513 lumt-n,-at
674 3442 1035 3499 cbrismatum
1057 3444 1222 3509 dona,
1252 3443 1344 3500 Dei
1368 3445 1923 3512 scieutiam,l‘ormas,

337 3539 624 3603 virtutem,
677 3536 845 3591 veluti
878 3536 1017 3602 dixi,
1076 3536 1275 3592 iterum
1331 3540 1480 3593 inter
1512 3554 1571 3594 se
1609 3539 1923 3607 promiscua

337 3633 612 3703 pra-hens,
675 3630 924 3699 inquam,
961 3630 1161 3685 minori
1210 3630 1487 3698 impietate
1525 3646 1629 3699 (μισ
1659 3631 1927 3700 supersti-

338 3718 469 3775 tiosi
501 3718 697 3780 Graeci,
723 3717 808 3772 vir
847 3716 937 3774 ille
975 3718 1249 3788 ingenuus
1298 3733 1421 3775 sese
1450 3720 1703 3775 laborare
1731 3720 1928 3790 praedi-

338 3821 454 3868 cat.
491 3810 670 3866 Unum
707 3817 892 3875 tamen
921 3818 978 3865 et
1006 3809 1186 3865 solum
1238 3810 1506 3880 optimum
1565 3810 1815 3866 conﬁteri
1834 3826 1929 3866 ne-

338 3918 501 3961 cesse
525 3910 631 3969 est,
656 3902 854 3972 triplici
892 3902 1016 3958 luce
1050 3902 1363 3973 splendens,
1392 3902 1645 3973 simplex,
1677 3902 1929 3959 indivisi-

335 3993 472 4060 bile,
495 4009 602 4049 non
645 3991 890 4058 mistum,
942 4006 1046 4046 nec
1090 3991 1475 4061 ponderatum,
1533 4006 1637 4048 nec
1671 3992 1929 4061 gradibus

340 4090 743 4149 mensuratum,
778 4094 880 4136 nec
912 4079 1082 4146 intra,
1110 4094 1209 4136 nec
1257 4091 1415 4136 extra
1450 4082 1701 4151 partibus
1723 4081 1929 4137 conﬂa-

341 4186 483 4240 tum,
516 4175 681 4230 veluti
714 4174 964 4245 quaedam
996 4173 1350 4243 inaequalium
1386 4174 1693 4232 sectionum
1725 4190 1932 4245 coagu-

337 4270 473 4323 latio
506 4267 740 4347 circum,
777 4281 881 4321 nec
920 4266 1203 4331 deitatum,
1233 4281 1334 4321 nec
1361 4266 1611 4332 deorum,
1640 4282 1743 4323 nec
1759 4283 1932 4322 aemu-

340 4361 602 4424 latorum,
647 4374 747 4414 nec
776 4358 1242 4421 substantialium,
1284 4371 1386 4413 nec
1426 4358 1931 4415 insubstantialium

340 4450 584 4515 turbam,
623 4464 724 4506 nec
782 4448 1018 4504 aliorum
1057 4450 1330 4516 omnium,
1388 4459 1446 4505 ut
1482 4462 1681 4506 cuncta
1739 4453 1932 4521 paucis

337 4542 647 4606 absolvam,
688 4541 851 4598 veluti
884 4555 987 4596 nos
1015 4541 1146 4595 olim
1195 4543 1504 4598 docuerunt
1537 4545 1786 4611 tnspirati
1831 4546 1935 4599 ho-

1484 476 1929 554 GR/ECORUM
1953 491 2431 561 summa.
3487 504 3600 568 sas

1942 612 1987 672 Α
2016 607 2294 682 Λαμπράν
2322 612 2447 667 καθ’
2477 613 2644 669 αὑτοῦ
2667 614 2851 687 ψῆφον
2877 615 3041 679 αὐτὸς
3060 615 3333 687 ἐκφέρων,

2019 701 2110 764 Εἰς
2141 702 2242 769 τὴν
2267 702 2526 759 ἁπάντων
2556 704 2934 779 ὲξηρνημὲνην
2965 709 3151 779 φύσιν,

2018 784 2125 855 ἾΙς
2155 794 2336 847 πάντα
2365 794 2550 859 δοῦλα.
2589 798 2682 851 καὶ
2718 800 2789 853 τὰ
2823 801 3058 872 κρείττω
3096 801 3448 873 βλεμμάτων,

2019 881 2128 933 Καὶ
2151 883 2243 935 νοῦ
2284 884 2423 955 πρὸς
2456 887 2743 956 ἀκρίϐειαν
2776 890 3186 962 ὲπτερωμὲνου,

2031 970 2216 1039 Ἀφεὶς
2244 974 2395 1028 κάτω
2413 977 2702 1032 πέπτωκεν
2732 982 2795 1034 ὲκ
2824 983 3240 1052 φαντασμάτων
3267 1002 3283 1052 ;

2021 1061 2115 1126 Εἰς
2139 1064 2232 1118 νοῦ
2262 1068 2633 1138 ματαιότητας
2661 1072 2741 1134 είς
2773 1071 2954 1141 ἔργων
2988 1074 3178 1142 σέϐας,

2020 1154 2087 1208 Ἣ
2124 1156 2324 1225 μᾶλλον
2349 1160 2545 1225 εἰπεῖν,
2579 1163 2661 1225 είς
2690 1164 2959 1218 ἀνουσίων
2991 1167 3177 1232 σέϐας.

2019 1245 2063 1296 Τ
2065 1249 2313 1303 ουτέστιν
2342 1250 2530 1316 ἁπλῶς
2573 1253 2823 1323 οὐδαμῶς
2846 1257 2983 1311 Θεοῦ
3019 1258 3205 1322 σέϐας.

2019 1337 2187 1392 Οὐδὲν
2215 1340 2346 1411 γὰρ,
2380 1343 2532 1397 οὐδὲν
2557 1346 2668 1397 τῶν
2698 1348 2962 1405 ἀνουσίων
2996 1351 3183 1416 σέϐας,

2023 1431 2309 1505 Ὄπουπερ
2339 1437 2461 1491 οὐδὲ
2495 1440 2604 1493 τῶν
2630 1440 2939 1511 ὗφειμένων
2974 1445 3134 1508 ὅλως,

2021 1525 2131 1595 Τῆς
2151 1528 2535 1599 παντανάσσης
2564 1533 2658 1586 καὶ
2689 1535 2921 1605 τριπλῆς
2951 1537 3209 1608 ἑναρχίας

2020 1616 2300 1688 Τελοῦμεν
2326 1620 2480 1674 οὐδὲν
2508 1621 2877 1677 ὁουλικόντινι
2904 1631 3107 1696 τρόπον

2022 1708 2168 1781 Πλήν
2199 1712 2252 1780 γ’
2277 1712 2351 1775 ὡς
2387 1714 2643 1779 ἐλάττους
2664 1718 2764 1779 τὰς
2795 1717 3107 1790 ὑπερτέρας
3137 1723 3356 1791 φύσεις,

2026 1800 2095 1854 Ἦ
2118 1801 2323 1870 τάξεις,
2362 1804 2430 1869 ἃς
2458 1806 2658 1861 ἔδωκεν
2685 1809 2946 1878 ἀνδράσιν
2976 1813 3159 1875 πόνος,

2020 1894 2132 1947 Καὶ
2164 1894 2273 1947 τῶν
2296 1897 2353 1958 ἐς
2381 1898 2530 1965 ἡμᾶς
2559 1900 2833 1953 συστικῶν
2868 1905 3229 1972 συνεργάτας,

1948 1963 1988 2021 θ
2018 1986 2279 2057 Τιμῶμεν
2316 1963 2684 2059 ὠςένθεσμον
2706 1993 2765 2045 ἐν
2799 1963 3190 2065 συμμετρίαις,

2030 2078 2172 2131 Ἀλλ’
2194 2079 2297 2133 οὐκ
2329 2080 2606 2153 ἀνάρχους
2630 2084 2707 2147 ὡς
2741 2084 2921 2150 θεοὺς,
2954 2088 3052 2140 καὶ
3074 2089 3363 2155 δεσπότας.

2020 2171 2084 2224 Ὦ
2105 2171 2222 2236 πῶς
2250 2173 2520 2245 τοσαύτην
2555 2174 2743 2231 εἰσιὼν
2769 2178 2976 2247 τόλμαν
3009 2179 3193 2247 μόνοεο

2020 2264 2262 2319 ’Ἥκιστα
2287 2267 2412 2320 νοῦν
2437 2268 2662 2338 εἴληφας
2690 2268 2725 2322 ἃ
2756 2271 3020 2339 πράττειν
3044 2271 3219 2337 θέλεις
3242 2274 3255 2324 l

2019 2356 2173 2410 Κατὰ
2203 2356 2396 2427 θρόνου
2433 2358 2495 2412 σὺ
2524 2359 2619 2413 τοῦ
2650 2359 2948 2433 θεοδμήτου
2984 2364 3184 2433 στόμα,

2033 2447 2150 2516 Ἐφ’
2176 2440 2347 2518 οὗπερ
2371 2448 2535 2513 αὐτὸς
2566 2450 2943 2522 ἐγκαθήμενος
2973 2453 3191 2524 θρόνου,

2022 2543 2248 2611 Κρινεῖν
2282 2543 2498 2597 ἀπειλεῖ
2525 2544 2652 2606 τοὺς
2683 2541 3243 2615 βεϐλασφημηκότας,

2024 2633 2215 2687 ιῐασῶν
2246 2633 2493 2686 ἀπαιτῶν
2525 2636 2625 2703 τὴν
2650 2637 2963 2709 ὑπερτάτην
2993 2640 3173 2710 δίκην,

2023 2725 2093 2776 Σὺ
2132 2726 2258 2787 τοὺς
2296 2726 2477 2792 ὅρους,
2509 2727 2793 2799 ἄνθρωπε,
2829 2732 2956 2792 τοὺς
2983 2734 3257 2799 αἰωνίους,

2023 2818 2208 2870 Κινείν
2248 2818 2520 2888 ἐπήρθης,
2561 2818 2655 2883 οὓς
2685 2820 2818 2885 Θεὸς
2855 2823 3031 2890 πήξας
3060 2824 3211 2893 ἔχεις

2023 2908 2095 2960 Σὺ
2127 2909 2220 2962 τοῦ
2254 2909 2515 2979 θεμέθλου
2540 2909 2638 2980 τὴν
2681 2910 3012 2983 βαθύρῤιζον
3046 2916 3279 2985 πέτραν,

2037 3001 2123 3064 Ὠς
2148 3003 2536 3072 ἐκμοχλεύσων
2577 3007 2857 3073 συγκινεῖς
2891 3007 3103 3070 πάντας
3136 3009 3357 3077 λίθους;

2025 3178 2314 3217 numerare
2340 3163 2637 3219 horresco:
2669 3165 2805 3221 adeo
2841 3166 3060 3223 funeste
3089 3183 3280 3239 pugna:
3308 3172 3602 3241 strepitum

2002 3268 2287 3325 resonare
2319 3269 2486 3310 ausus
2521 3267 2603 3310 est
2635 3258 2777 3326 apud
2809 3258 2960 3327 ipsos
2987 3259 3214 3317 Graecia:
3249 3263 3491 3320 numinis
3521 3264 3604 3319 in-

2029 3346 2316 3413 credulos;
2354 3347 2489 3402 adeo
2511 3360 2839 3405 cunctorum
2871 3352 3110 3421 desuper
3137 3369 3196 3408 se
3217 3366 3606 3425 praepotentem

2028 3438 2254 3507 prabet,
2324 3439 2761 3511 dignitatemque
2832 3445 3060 3499 omnino
3118 3445 3288 3517 ﬁgura
3341 3451 3604 3505 nudatam

2024 3529 2148 3600 ipso
2174 3532 2465 3587 oculorum
2510 3543 2685 3591 tractu
2715 3550 2842 3591 vere
2892 3540 3253 3608 contemplari
3301 3544 3606 3598 contendit.

2029 3620 2206 3689 Unde,
2231 3623 2491 3678 humilem
2516 3626 2657 3680 inter
2681 3626 2827 3681 hunc
2860 3635 3265 3685 attenuatorum
3293 3648 3609 3698 numerum,

2029 3716 2239 3772 inﬁnita
2274 3719 2710 3774 venerandorum
2747 3720 3093 3776 multitudine
3116 3724 3319 3794 agnita,
3356 3725 3500 3795 ipse,
3547 3737 3610 3783 ut

2030 3810 2165 3865 mihi
2189 3809 2422 3877 videtur,
2461 3814 2674 3865 turbam
2712 3814 3135 3883 contemplatus,
3180 3832 3348 3871 unum
3375 3827 3609 3885 tantum,

2031 3908 2357 3956 ceterorum
2380 3901 2622 3957 omnium
2660 3902 2936 3968 virtutem,
2970 3906 3282 3973 sprevit.At
3304 3921 3508 3963 corona
3535 3907 3613 3962 illi

2032 4006 2166 4048 sane
2195 3991 2420 4055 minime
2467 3992 2733 4062 proderit,
2809 4009 2936 4049 cum
2983 3995 3367 4052 miserandum
3404 3998 3457 4052 in
3493 4013 3616 4053 mo-

2031 4084 2185 4150 dum,
2225 4098 2331 4139 una
2392 4099 2649 4155 suprema
2699 4094 2960 4154 potestas,
3009 4088 3205 4157 triplici
3237 4089 3418 4159 lapide
3448 4089 3617 4145 mise-

2033 4174 2280 4230 rabiliter
2328 4174 2625 4244 frangitur,
2669 4189 2730 4230 se
2789 4177 3056 4232 adversus
3105 4177 3287 4233 calcar
3328 4177 3618 4233 calcitrare

2034 4278 2252 4334 noscat,
2285 4282 2350 4323 ac
2374 4266 2592 4323 tandem
2624 4282 2684 4323 se
2713 4278 2984 4334 creatum,
3013 4284 3120 4324 non
3153 4285 3285 4325 vero
3307 4270 3615 4326 incrcatum

2034 4361 2229 4424 discat,
2285 4360 2401 4430 ipse
2457 4360 2666 4415 clarum
2718 4360 2773 4415 in
2837 4375 2898 4415 se
2947 4361 3321 4415 testimonium
3376 4359 3618 4430 prml'ert,

2036 4466 2164 4522 erga
2184 4451 2695 4520 praestantissimam
2728 4451 2978 4505 omnium
3008 4458 3286 4513 naturam,
3316 4451 3404 4505 cui
3432 4452 3619 4506 omnia

2038 4543 2354 4606 subsunt,ct
2375 4542 2655 4596 oculorum
2676 4541 3125 4610 perspicaciorcs,
3145 4551 3199 4595 et
3217 4542 3282 4594 ad
3297 4541 3623 4596 sublimiora

338 4636 543 4701 mines,
580 4648 836 4691 verorum
881 4633 1198 4702 dogmatum
1257 4636 1516 4692 ministri.
1553 4638 1673 4705 Ipse
1722 4653 1848 4689 vero
1881 4637 1934 4690 in
1969 4649 2013 4703 ι)
2044 4642 2227 4686 mente
2257 4632 2430 4701 magis
2478 4632 2630 4697 elati,
2664 4632 2782 4699 ipse
2829 4634 2975 4689 enim
3006 4645 3222 4686 terrena
3262 4646 3529 4701 respuens
3556 4646 3627 4686 cx

340 4727 643 4782 adversum
726 4740 980 4796 surgere,
1039 4725 1620 4795 evidmttissimamque
1694 4741 1934 4795 pugnam

337 4817 690 4874 committere
723 4817 960 4881 videtur,
997 4816 1386 4872 iudivisibilem
1440 4828 1692 4872 naturam
1744 4817 1936 4886 partiri

341 4926 456 4965 non
479 4910 834 4974 erubescens,
871 4910 1344 4979 simplicissimum
1384 4912 1547 4963 ctiam
1580 4909 1684 4975 sub
1710 4924 1937 4980 compo-

341 5002 455 5058 sito
487 5011 672 5072 aperte
698 5002 968 5070 praebens,
989 5002 1071 5056 vel
1103 5001 1235 5054 illud
1268 5011 1425 5055 extra
1455 5008 1740 5055 creaturas
1770 5001 1939 5055 collo-

269 5078 283 5088 ’
344 5109 475 5149 care
502 5109 670 5150 ausus
692 5102 797 5158 est,
828 5094 945 5150 sive
994 5093 1201 5163 potius,
1232 5093 1510 5161 duplicem
1546 5093 1714 5146 semel
1741 5092 1936 5172 nequi-

352 5187 490 5242 tiam
517 5201 713 5257 agens,
766 5186 1209 5242 venerandorum
1255 5199 1541 5239 numerum
1576 5184 1628 5237 in
1661 5185 1936 5239 iutinitum

349 5280 526 5343 anxit,
553 5293 619 5333 ac
643 5278 725 5334 sic
749 5278 946 5333 iterum
979 5277 1186 5333 Graecis
1205 5276 1421 5346 longius
1443 5290 1789 5346 progressus,
1813 5291 1937 5345 quae

348 5367 493 5427 inira
527 5376 659 5424 sunt
718 5368 975 5435 desuper,
1038 5381 1160 5435 quae
1190 5379 1319 5420 vero
1370 5363 1608 5433 desuper
1660 5360 1825 5427 inira,
1857 5363 1940 5416 iu-

353 5468 543 5516 creata
566 5462 705 5525 haec,
735 5476 843 5516 non
870 5468 1055 5516 creata
1105 5474 1255 5523 vero,
1297 5466 1478 5513 creata
1522 5454 1939 5526 pradicat,im-

357 5552 555 5626 pieque
583 5570 643 5610 se
672 5568 882 5624 gerere.
922 5552 1078 5618 dicit,
1122 5553 1216 5624 qui
1250 5551 1349 5608 illa,
1373 5564 1483 5606 non
1511 5559 1824 5613 veneratur,
1844 5563 1941 5604 nec

353 5646 403 5703 si
434 5645 585 5701 illum
615 5658 751 5703 voce
780 5653 988 5703 tantum
1018 5645 1181 5713 impie
1202 5658 1263 5700 se
1291 5654 1479 5712 gerere
1498 5638 1705 5697 dixeris
1728 5639 1796 5695 ad
1825 5653 1946 5694 cer-

356 5738 587 5795 taminis
611 5736 896 5793 victoriam
920 5736 1054 5792 satis
1091 5750 1214 5792 esse
1248 5734 1480 5806 putabit,
1507 5734 1601 5789 sed
1641 5731 1811 5787 veluti
1850 5746 1942 5785 ar-

360 5830 470 5887 mis
499 5831 619 5886 sive
647 5828 798 5885 omni
826 5829 1132 5896 gladiorum
1164 5829 1417 5897 strepitu,
1456 5827 1525 5882 dc
1553 5826 1640 5882 his
1671 5824 1819 5879 litem
1848 5822 1942 5878 ab-

360 5924 497 5980 solvi
524 5930 820 5992 oponteret.
853 5921 969 5978 lam
998 5937 1127 5979 vero
1160 5921 1398 5977 inﬁnitas
1416 5920 1533 5991 ejus
1556 5917 1816 5976 stultitias
1834 5932 1935 5974 an‘

2040 4725 2347 4796 pbantasiis
2374 4725 2426 4780 in
2450 4724 2646 4780 tuentis
2666 4723 2955 4788 vanitates,
2989 4725 3044 4778 in
3076 4739 3300 4794 operum
3319 4726 3385 4779 ad
3417 4725 3627 4780 oratio-

2040 4832 2187 4882 nem,
2245 4817 2379 4880 sive,
2413 4826 2472 4871 ut
2504 4816 2818 4872 accuratius
2851 4815 3054 4881 dicam,
3104 4816 3158 4871 in
3225 4816 3626 4873 insultstantia-

2038 4908 2171 4963 lium
2198 4908 2570 4964 adorationem
2607 4909 2863 4977 delapsus
2891 4916 2995 4973 est,
3032 4909 3178 4978 quod
3212 4923 3345 4963 sane
3378 4924 3619 4978 unquam

2041 5002 2136 5056 Dei
2160 5003 2406 5057 adoratio
2436 5000 2553 5057 fuit.
2587 5000 2735 5057 Nihil
2760 5002 2926 5069 enim,
2948 5002 3084 5056 nihil
3110 5000 3629 5059 insubstantialium

2042 5094 2317 5159 adoratio,
2348 5094 2487 5149 nihil
2522 5094 2749 5162 pariter,
2779 5095 3006 5149 omnino
3047 5094 3184 5149 nihil
3212 5104 3625 5151 attenuatorum

2042 5191 2164 5258 ejus
2207 5190 2423 5253 cultus;
2465 5202 2737 5257 supremae
2790 5186 2938 5241 enim
2976 5203 3039 5242 ac
3065 5189 3294 5256 triplicis
3324 5186 3627 5255 maiestatis

2042 5281 2255 5337 debitos
2308 5280 2567 5346 honores,
2624 5279 2827 5333 nemini
2877 5279 3197 5335 tribuendos
3233 5279 3427 5333 merito
3460 5286 3625 5347 puta—

2046 5389 2188 5439 mus,
2236 5374 2367 5438 nisi,
2416 5373 2581 5428 veluti
2630 5371 2943 5441 inferiores,
2998 5381 3320 5441 praestantes
3376 5379 3633 5431 naturas,

2044 5470 2160 5524 sive
2190 5468 2434 5533 ordines,
2474 5482 2614 5538 quos
2651 5465 2754 5520 viri
2786 5464 2978 5520 labore
3004 5473 3349 5527 meruerunt,
3384 5462 3501 5517 sive
3529 5460 3622 5515 de-

2046 5577 2193 5616 mum
2217 5561 2360 5631 apud
2381 5576 2483 5616 nos
2508 5561 2711 5617 salutis
2733 5561 3035 5630 operarios,
3060 5557 3254 5638 merito
3280 5568 3633 5619 veneremur,

2045 5655 2278 5709 servatis
2312 5661 2490 5709 tamen
2504 5652 2810 5717 servandis,
2835 5666 2932 5706 eos
2949 5651 3095 5705 enim
3124 5656 3484 5717 praepotentes
3510 5646 3629 5702 vel-

2048 5747 2125 5804 uti
2167 5747 2309 5823 Deos
2343 5754 2398 5801 ct
2433 5745 2711 5811 Dominos,
2800 5759 2905 5798 non
2957 5742 3207 5799 colimus.
3256 5741 3393 5796 Cum
3442 5747 3635 5794 autem

2049 5841 2143 5896 tali
2170 5840 2427 5910 superbia
2449 5851 2504 5894 tu
2524 5837 2671 5893 solus
2684 5851 2972 5898 accensus,
2992 5849 3112 5905 qua:
3133 5849 3295 5904 agere
3321 5832 3479 5902 cupis
3510 5840 3631 5886 tam

2049 5941 2274 6006 repente
2304 5932 2581 5993 Statucris,
2642 5940 2792 5991 time,
2821 5928 2973 5995 juxta
3021 5927 3279 5982 thronum
3340 5927 3450 5984 Deo
3499 5937 3637 5980 ere-
