4046 6456
552 431 663 494 ίΞξ)

555 548 626 599 Σὺ
653 547 747 600 τοῦ
791 554 1098 624 φυτουργοῦ
1125 557 1214 612 τὸν
1238 564 1494 634 φραγμὸν
1535 567 1634 638 τῆς
1665 571 1940 641 ἀμπέλου,

552 640 713 702 Τίνος
753 647 1081 715 φυτουργοῦ,
1116 651 1214 704 καὶ
1247 655 1393 718 τίνος
1419 658 1516 727 τῆς
1538 640 1789 730 ἀμπέλου
1821 684 1836 731 ;

554 729 686 781 Τίνα
719 735 976 802 φραγμὸν
1006 737 1083 800 δὲ,
1115 742 1210 794 καὶ
1233 744 1318 807 τίς
1357 746 1522 813 αὐτὸς
1549 729 1625 805 ῶν
1649 729 1857 825 φράσον

567 821 978 895 ’Λνεπτερώθης
1007 827 1084 891 ὡς
1112 830 1432 890 διασπάσων
1460 840 1596 905 ὅλως
1625 860 1641 908 ;

549 907 816 979 Ὀκνηρὺν
846 914 1003 967 οὐδὲν
1030 919 1284 986 ἐμπιδὼν
1315 927 1453 996 πρὸς
1475 930 1535 982 τὸ
1567 934 1768 1002 θράσος

549 1003 612 1053 Εἰ
641 1005 735 1057 καὶ
761 1005 871 1076 γὰρ
897 1009 1058 1077 ἡμεῖς
1083 1013 1147 1066 ὲκ
1175 1015 1371 1082 γένους
1410 1027 1805 1097 κτηνοτρόφου,

547 1094 656 1146 Καὶ
681 1099 941 1169 χωρικῶς
973 1101 1190 1173 ἔχοντος
1223 1107 1300 1171 ὡς
1328 1094 1735 1187 κτηνοτρόφου,

557 1185 649 1248 Ὠς
675 1185 933 1259 λοιδορῶν
966 1195 1032 1248 σὺ
1062 1198 1156 1250 καὶ
1195 1185 1553 1273 καθυϐρίζωνί
1580 1185 1782 1280 λέγεις.

559 1275 748 1371 ςΗμῶν
769 1281 798 1332 ὁ
823 1282 1076 1354 λαμπρὸς
1106 1290 1206 1354 τὰς
1224 1293 1489 1371 ῥφορμὰς
1515 1298 1609 1353 τοῦ
1638 1275 1798 1371 γένου
1810 1327 1853 1370 ς,

546 1359 616 1436 *ῼ
645 1369 738 1420 καὶ
769 1370 863 1425 τὸν
887 1375 969 1437 εις
992 1359 1358 1444 Mforti-orbi
1383 1359 1764 1464 Παλαιστίνης

545 1459 802 1516 Ἐλθόντα
835 1467 1012 1536 τιμῶν
1041 1470 1333 1542 εὐπρεπῶς
1371 1459 1767 1554 κτηνοτρόφον,

544 1549 660 1602 Οὐκ
690 1551 831 1606 ἀλλὰ
860 1558 956 1609 καὶ
982 1560 1113 1630 πρὶν
1146 1561 1401 1638 ’Λϐραὰμ
1438 1571 1534 1624 καὶ
1563 1549 1667 1628 τὸν⁷
1685 1549 1865 1646 γόνον.

556 1639 698 1693 Ἀλλ’
732 1643 853 1698 οὐδὲ
890 1647 1099 1720 Μωσῆς
1134 1653 1362 1728 εὐκλεὴς
1401 1663 1574 1735 κτήνη
1607 1639 1849 1737 τρέφων,

544 1731 784 1804 Βόσκων,
815 1738 1094 1810 ἀμέλγων,
1131 1747 1370 1817 ἐξάγων,
1390 1731 1801 1827 καθνειργνύῶνξ

541 1825 649 1877 Καὶ
675 1829 834 1883 πάνθ’
855 1833 883 1885 ὁ
903 1836 1111 1908 ποιμὴν
1135 1840 1374 1900 ἐκτελῶν
1400 1850 1512 1913 τοῖς
1555 1825 1838 1924 θρέμμασι

537 1917 724 1984 Δαυῒδ,
771 1923 952 1994 Ἀμώς
977 1944 1037 1980 τε
1071 1932 1154 1984 σοὶ
1183 1931 1466 2001 βδελυκτοὶ
1495 1917 1776 2010 ποιμένες,

553 2010 642 2072 Ὠς
671 2013 794 2069 οὐδὲ
828 2020 938 2078 τοῖς
961 2020 1241 2091 Αἴγυπτον
1265 2029 1481 2085 οἰκοῦσι
1518 2035 1710 2102 πάλαι,

538 2105 600 2154 0i
629 2103 832 2172 ζῶντες
857 2110 931 2174 ὡς
956 2109 1024 2184 ἦν
1057 2120 1312 2187 χωρικῶς
1340 2123 1405 2177 ἐκ
1443 2125 1798 2199 θρεμμάτων.

536 2195 704 2248 Ταῦθ’
729 2199 1064 2275 ἡσυχαστὴς,
1091 2212 1188 2264 καὶ
1230 2213 1422 2268 παθῶν
1457 2219 1836 2296 αὐτοκράτωρ,

548 2282 605 2336 Ὀ
628 2286 738 2340 τῶν
771 2293 1048 2359 μεγίστων
1090 2299 1186 2352 τοῦ
1217 2301 1353 2356 Θεοῦ
1375 2282 1763 2378 χαρισμάτων.

534 2376 602 2428 Τί
632 2381 805 2434 ταῦτα
833 2385 1060 2452 φάσκων
1089 2391 1302 2459 ἀγνοεῖν
1335 2396 1490 2453 ἓοικά
1520 2417 1599 2465 σε,

543 2468 604 2523 ’0
629 2473 726 2540 τὴν
755 2475 893 2547 ὑπὲρ
920 2480 1044 2533 νοῦν
1072 2483 1332 2552 ἐμφανῶς
1363 2489 1521 2555 δόξαν
1543 2493 1760 2562 πων
1789 2517 1802 2561 ;

536 2563 602 2615 Τί
631 2565 740 2635 δρῶ
769 2567 826 2622 δὲ
859 2574 952 2624 καὶ
979 2573 1098 2638 νῦν,
1126 2578 1263 2632 ἀλλὰ
1292 2580 1368 2652 μὴ
1390 2581 1534 2650 λέγω
1562 2585 1622 2638 τὸ
1651 2591 1779 2658 πᾶν,

505 2661 513 2669 ’
543 2654 633 2718 Ὠς
660 2657 728 2710 ἂν
765 2660 984 2729 φθονῶν
1016 2683 1101 2729 σοι
1128 2669 1221 2722 τοῦ
1264 2671 1403 2728 Θεοῦ
1433 2676 1532 2745 τῆς
1565 2678 1744 2746 ἀξῖας.

545 2747 604 2798 '0
632 2747 709 2838 μη
738 2756 986 2824 γενητὸς,
1015 2758 1044 2809 ὁ
1076 2765 1309 2829 σπαρεὶς
1343 2764 1483 2838 ὐπὲρ
1513 2769 1698 2837 φύσιν,

533 2828 625 2902 Ἐξ
645 2833 707 2893 οὗ
726 2844 913 2912 φυγὼν
940 2828 1201 2921 γέννησιν
1223 2828 1465 2926 εὑρέθης.
1489 2828 1670 2930 μόνος,

537 2929 608 2983 Ἢ
635 2932 759 3001 μηδ’
789 2937 1046 2990 ὁπωσοῦν
1067 2941 1132 2994 ἐκ
1164 2949 1374 3015 σπορᾶς
1409 2949 1548 3014 ὅλως
1580 2929 1745 3023 ἔφυς;

532 3021 599 3074 Ἥ
625 3027 950 3081 πωσποτοῦν
971 3030 1225 3098 ἄκτιστος
1254 3038 1488 3110 εὑρέθης
1520 3021 1683 3111 μόνος
1714 3065 1729 3112 ;

526 3113 636 3168 Τοῦ
664 3118 774 3189 γὰρ
804 3123 1057 3190 γενέσθαι
1091 3130 1362 3202 μηδαμῶς
1387 3136 1554 3204 φάσις
1587 3141 1724 3196 τόδε.

521 3489 810 3568 ρωιιιιτυίη
875 3507 1122 3562 omnium
1167 3513 1604 3583 acerbissimatn,
1653 3529 1800 3588 tune,
1860 3528 2104 3598 inquam,

523 3591 608 3646 vir
654 3597 927 3664 mortalis,
982 3607 1220 3658 aeternas
1288 3604 1455 3675 leges,
1495 3625 1634 3678 quas
1697 3601 1898 3673 statuit
1951 3618 2116 3689 Deus,

519 3699 735 3742 mutare
771 3688 1062 3746 decrevisti
1089 3693 1112 3746 ?
1143 3692 1299 3751 Tune
1355 3698 1697 3761 fundamenti
1733 3707 2114 3769 inconcussam

522 3786 755 3843 pi-ttam,
826 3781 990 3836 veluti
1043 3793 1198 3839 vecte
1273 3789 1634 3858 sublevando,
1681 3811 1909 3856 cunctas
1976 3805 2115 3875 lapi-

517 3872 614 3925 iles
668 3889 771 3928 una
838 3877 1118 3932 movebis?
1152 3878 1228 3936 Tu
1248 3897 1430 3951 sepem
1496 3886 1666 3944 vinea:
1715 3892 1962 3962 cultoris,
2013 3913 2114 3953 cu-

511 3965 731 4033 jusnatu
763 3983 894 4022 vero
923 3969 1170 4035 cultoris,
1204 3989 1266 4029 ac
1305 3977 1590 4044 culusnam
1629 3982 1847 4040 viuere?
1879 3989 2111 4056 {Quam-

425 4103 434 4132 ι,
516 4070 640 4108 nam
677 4055 900 4112 demum
939 4075 1147 4128 sepem,
1177 4078 1242 4118 ac
1276 4067 1456 4133 qualis
1509 4068 1650 4138 ipse,
1687 4074 1854 4131 veluti
1882 4084 2110 4137 omnino

515 4149 807 4204 avulsurus
839 4153 1180 4207 occttrristi?
1235 4156 1524 4226 Responde
1586 4165 1744 4222 mihi.
1815 4168 2108 4229 Eﬂ‘renata:

518 4239 742 4292 tandem
791 4249 899 4296 tua).
936 4243 1180 4300 audaciae
1228 4248 1366 4302 nihil
1419 4253 1646 4311 obstare
1698 4259 1862 4324 valet,
1899 4263 1944 4316 si
1986 4265 2110 4332 qui-

515 4331 639 4385 dem
676 4347 779 4387 nos
805 4349 872 4388 ex
909 4351 1109 4404 genere
1155 4349 1439 4408 pastorum
1501 4348 1704 4418 gregis,
1769 4367 1833 4406 ac
1872 4356 2098 4420 rustice,

515 4423 684 4478 veluti
710 4426 890 4497 gregis
921 4435 1188 4497 pastores,
1211 4436 1580 4507 nosmetipsos
1609 4454 1804 4508 gerere
1843 4445 2105 4513 injuriose

516 4528 581 4568 ac
604 4514 891 4570 ludibriter
915 4519 1118 4586 passim
1147 4535 1395 4590 accusas,
1417 4528 1578 4583 nobis
1609 4546 1736 4586 vero
1756 4533 1958 4588 claram
1991 4538 2104 4591 ori-

1727 457 1828 518 DE
1867 461 2266 528 GREGORIO
2299 471 2603 539 PALAMA

3687 498 3780 572 8ὗο

2172 585 2215 641 Α
2250 586 2394 657 Πλὴν
2417 592 2539 645 οὐδὲ
2574 594 2683 649 τῶν
2715 595 2823 651 σῶν
2854 600 3088 667 εὐγενῶν
3117 597 3273 673 οἶμαι
3309 605 3535 675 σπόρων.

2249 679 2312 731 Ἥ
2345 682 2482 750 μηδὲ
2509 685 2604 755 τῆς
2649 688 2749 758 σῆς
2775 690 3070 760 δυστυχοῦς
3093 695 3350 761 ἂκτισίας

2244 773 2452 838 Κινεῖν,
2476 776 2737 849 διασπᾷν,
2765 783 3012 854 εὐχερῶς
3052 787 3380 858 ἀνατρέπειν

2242 866 2346 918 Τὸν
2381 868 2627 939 Θριγγὸν,
2665 872 2728 926 δν
2761 875 2883 945 χεὶρ
2912 877 2944 945 ἡ
2983 878 3268 948 παναλκὴς
3299 883 3353 934 ὲν
3381 883 3559 956 κύκλῳ

2245 955 2516 1028 Ἔστησεν
2545 960 2868 1033 ὲξείργουσα
2893 965 3100 1036 Θηρίων
3137 967 3364 1038 βλάϐας,

2240 1045 2337 1100 Ἐκ
2355 1049 2464 1102 τῶν
2485 1051 2764 1110 ἐκλεκτῶν
2791 1055 2883 1109 τοῦ
2915 1057 3052 1111 Θεοῦ
3083 1064 3466 1131 φυτευμὰτων,

2247 1141 2343 1200 ’ος
2370 1140 2405 1194 ἃ
2428 1145 2765 1213 προσάπτεις
2796 1151 2863 1219 τῇ
2894 1149 3030 1204 Θεοῦ
3069 1153 3232 1220 φύσει
3259 1157 3435 1224 μόνος,

2241 1228 2350 1281 Καὶ
2371 1231 2579 1298 πάντας
2615 1235 2804 1299 ἁπλῶς
2831 1238 2924 1292 τοῦ
2946 1239 3084 1294 Θεοῦ
3113 1246 3286 1306 κινεῖς
3326 1244 3544 1313 νόμους.

2239 1317 2574 1392 Ἐϐουλόμην
2599 1325 2698 1393 μὲν
2732 1327 2993 1398 ἒμδαλεῖν
3023 1333 3104 1396 εἰς
3131 1333 3383 1415 εὐθύνας,

2251 1407 2337 1471 Ὠς
2361 1409 2428 1463 ἄν
2457 1429 2523 1480 με
2558 1415 2750 1486 μηδεὶς
2775 1419 2885 1471 τῶν
2914 1422 3102 1475 κακῶν
3125 1429 3271 1495 φύγῃ
3291 1407 3483 1478 ’τόκων
3519 1443 3531 1455 ·

2251 1501 2391 1553 Ἀλλ’
2425 1505 2484 1557 οὐ
2511 1509 2618 1576 γὰρ
2657 1509 2912 1581 εὐχέρεια
2945 1515 3039 1567 τοῦ
3067 1516 3249 1572 πάντα
3277 1520 3530 1588 γράφειν.

2241 1594 2349 1647 Καὶ
2368 1597 2475 1667 γὰρ
2497 1599 2576 1651 ’τδ
2601 1599 2777 1654 δεινὸν
2813 1605 2896 1668 είς
2916 1607 3179 1677 ἀπειρίαν
3211 1610 3417 1680 τρέχει.

2239 1683 2406 1749 Φύσις
2435 1688 2542 1758 γὰρ
2581 1689 2722 1762 αὐτη
2751 1693 2826 1763 τῷ
2861 1697 3017 1766 κακῷ
3049 1698 3272 1764 πάντως
3308 1701 3438 1770 ἔφυ,

2240 1768 2309 1846 ᾮ
2339 1778 2416 1848 μὴ
2447 1780 2610 1848 φύσις
2640 1785 2908 1855 πάρεστιν
2953 1789 3145 1854 οὐσίας
3173 1792 3350 1862 ἴχνος,

2238 1867 2565 1924 Συνεκτικόν
2589 1888 2652 1940 γε
2674 1874 2773 1945 τῆς
2803 1878 2983 1947 κακῆς
3011 1880 3298 1952 ἀπειρίας,

2241 1914 2559 1924 -νν---η---ν
2600 1914 2652 1940 ιν
2683 1914 2770 1945 ἐιν
2805 1914 2980 1947 ’νυνι-ἰτ
3011 1914 3298 1952 *ιδεδιλδδθη

2164 1914 2210 1974 Β
2240 1963 2346 2015 Καὶ
2387 1966 2660 2036 τμητικῆς
2689 1967 2927 2037 μάλιστα
2960 1970 3068 2022 τῶν
3098 1973 3429 2041 ἡνωμένων.

2240 2053 2380 2122 Πρὸς
2417 2055 2476 2109 ἓν
2509 2058 2570 2110 τὸ
2596 2060 2809 2129 τριττὸν
2839 2062 2939 2132 τῆς
2975 2063 3231 2134 θεαρχίας
3272 2068 3498 2137 κράτος,

2238 2148 2297 2199 Εἰ
2327 2149 2434 2219 γὰρ
2471 2150 2729 2219 συνῆκτο,
2761 2151 2862 2207 κᾶν
2892 2156 3128 2209 τέτακτο
3157 2157 3295 2226 πρὸς
3327 2158 3488 2228 λόγον

2237 2239 2585 2310 Τεταγμένον
2611 2243 2668 2296 δὲ
2701 2247 2809 2298 πᾶν
2835 2252 3080 2316 πεφυκὸς
3110 2249 3395 2318 τυγχάνει.

2237 2337 2373 2404 (Οὐκ
2406 2337 2592 2390 ἔστιδ’
2617 2339 2768 2392 οὐδὲν
2796 2341 2857 2393 οὐ
2895 2342 3056 2394 καλὸν
3087 2343 3252 2411 φύσιν
3292 2344 3480 2414 φέρον,

2243 2429 2451 2492 ’Ἄλλως
2474 2448 2532 2484 τε
2559 2432 2650 2484 καὶ
2674 2433 2921 2503 πέφυκεν
2955 2437 2989 2505 ή
3021 2439 3282 2490 συνουσία

2236 2525 2414 2593 ’ἰσχύς
2447 2542 2532 2586 τις
2558 2521 2702 2580 εἶναι
2738 2527 2845 2598 τῷν
2866 2529 3004 2582 ὅλων
3029 2534 3427 2602 συνημμένων.

2237 2615 2381 2668 Ἀλλ’
2409 2617 2638 2685 ἀδρανὲς
2673 2619 2922 2688 πέφυκεν
2958 2621 2988 2690 ἡ
3021 2624 3280 2693 πονηρία,

2237 2707 2502 2780 Ἐπείπερ
2529 2711 2680 2763 ἐστὶν
2714 2712 2966 2784 οὐδαμῶς
2996 2718 3301 2787 ήνωμενον.

2237 2796 2394 2850 Οῦτω
2423 2799 2529 2868 γὰρ
2557 2797 2732 2864 οὕτως
2760 2803 2911 2856 ἐστὶν
2941 2807 3339 2878 ἐστερημένον,

2238 2892 2347 2960 Τῆς
2373 2892 2467 2945 τοῦ
2509 2893 2676 2946 καλοῦ
2701 2913 2760 2947 τε
2792 2897 3037 2965 κάγαθοῦ
3069 2903 3390 2969 μετουσίας.

2230 2984 2410 3052 ’ἰσχὺς
2436 2985 2546 3054 γὰρ
2577 2987 2728 3050 εῐτις
2762 2989 2840 3057 τῷ
2863 2989 3020 3057 κακῷ
3049 2991 3263 3061 προσῆν
3300 2995 3460 3058 ὅλως.

2233 3077 2391 3147 Αὐτῷ
2424 3077 2529 3147 πρὸ
2567 3079 2769 3143 παντὸς
2803 3081 2870 3134 ἂν
2903 3082 3095 3153 βοηθὸν
3119 3085 3392 3158 εὑρέθη.»

2234 3170 2345 3223 Καὶ
2387 3171 2567 3226 ταῦτα
2603 3173 2706 3243 μὲν
2729 3172 2794 3245 δὴ
2826 3176 2932 3227 τῶν
2953 3177 3269 3246 ἀναγκαίων
3300 3180 3464 3251 πέρα.

2136 3255 2178 3314 C

524 3325 693 3384 ctum,
714 3319 879 3391 'juxta
911 3323 1061 3382 hunc
1093 3328 1354 3386 thronum
1388 3332 1442 3388 in
1469 3351 1580 3405 quo
1607 3337 1721 3409 ipse
1752 3342 1972 3413 sedens,
2009 3347 2125 3404 bla-

523 3407 966 3501 sphematoribus
1009 3431 1249 3486 poenam,
1278 3421 1391 3491 jam
1432 3407 1679 3496 minaris,
1715 3446 1933 3501 poenam
1991 3454 2122 3494 vero

2231 3344 2345 3382 ram
2371 3329 2645 3397 sublatus,
2677 3334 2844 3398 unde,
2878 3337 3245 3405 generationis
3267 3354 3469 3411 expers
3493 3340 3632 3396 Solos
3657 3339 3774 3392 inre-

2227 3418 2385 3484 niris,
2450 3421 2566 3476 sive
2620 3423 2768 3477 nullo
2803 3426 3035 3481 omnino
3091 3443 3294 3497 genere
3352 3442 3508 3485 ortus
3557 3431 3648 3486 sis.
3682 3430 3779 3484 sire

2225 3512 2412 3580 aliquo
2445 3515 2608 3569 modo
2643 3515 2926 3572 iuereatus
2958 3519 3108 3573 solus
3143 3521 3390 3578 haberis.
3427 3523 3542 3578 Illic
3565 3523 3695 3577 enim
3723 3520 3777 3572 de

2221 3605 2572 3673 generatione
2624 3607 2766 3661 nulla
2823 3624 3061 3678 unquam
3102 3627 3204 3666 vox
3249 3613 3440 3670 habita
3491 3623 3591 3670 est.
3653 3610 3776 3668 Nihil

2229 3694 2452 3762 quidem
2487 3695 2554 3751 de
2583 3697 2733 3752 clara
2783 3707 2870 3753 tua
2907 3702 3144 3771 origine,
3208 3703 3354 3760 nihil
3390 3707 3458 3761 de
3492 3704 3678 3761 infelici
3701 3713 3774 3756 tua

2221 3787 2584 3852 generatione
2615 3803 2837 3844 movere
2864 3792 2949 3844 vel
2986 3793 3278 3849 detrahere
3317 3798 3520 3867 cogito,
3552 3796 3647 3852 etsi
3674 3808 3776 3848 mu-

2218 3878 2483 3933 nitionem
2521 3881 2679 3934 istam
2713 3882 2973 3951 perfacile
3004 3900 3196 3940 eruere
3218 3901 3417 3943 manus
3455 3889 3542 3944 illa
3571 3888 3769 3942 valeret.

2215 3986 2337 4038 quae
2372 3986 2542 4039 prope
2572 3980 2745 4039 stans,
2781 3974 3080 4030 bestiarum
3110 3993 3330 4035 morsus
3375 3981 3444 4035 ab
3492 3980 3668 4035 electis
3695 3976 3772 4031 Dei

2213 4061 2416 4130 plantis
2465 4063 2668 4131 saepius
2725 4067 2942 4120 avertit.
2980 4065 3062 4121 Ttt
3090 4069 3250 4124 solus
3299 4071 3393 4125 Dei
3437 4082 3772 4136 uaturamago

2211 4155 2361 4219 gredi
2394 4169 2564 4211 ausus
2586 4171 2644 4211 es
2670 4174 2687 4224 ;
2718 4167 2772 4212 tu
2800 4159 2954 4215 solus
2993 4171 3192 4216 cuncta
3225 4162 3319 4218 Dei
3346 4173 3549 4220 statuta
3576 4163 3772 4218 omnino

2208 4246 2502 4300 subvertis.
2567 4245 2833 4317 Equidem
2874 4253 3138 4306 rationem
3187 4254 3288 4310 abs
3343 4265 3395 4310 te
3444 4254 3768 4324 poposcerim,

2210 4349 2446 4404 namque
2483 4353 2648 4406 prava
2679 4342 2864 4397 omnia
2913 4343 3146 4398 consilia
3185 4356 3375 4415 aperte
3421 4361 3622 4411 nosco;
3659 4344 3769 4408 mihi

2209 4439 2336 4480 vero
2362 4427 2519 4484 deest
2559 4440 2798 4501 tempus,
2851 4449 2962 4504 quo
2993 4445 3191 4491 cuncta
3257 4438 3516 4494 referant.
3564 4435 3767 4502 Jamjam

2204 4520 2350 4572 enitu
2415 4536 2511 4590 per
2555 4523 2824 4580 inﬁnitum
2883 4528 3038 4583 ruina
3095 4528 3335 4586 festinat.
3394 4530 3592 4587 Natura
3642 4527 3766 4582 enim

515 4605 696 4674 ginem
749 4608 966 4677 tribuis,
1005 4626 1128 4665 cum
1180 4630 1402 4685 gregum
1441 4630 1714 4688 pastorem
1755 4639 1820 4677 εχ
1857 4625 2098 4682 palm“-
2134 4641 2176 4696 ο
2207 4609 2324 4680 ipsa
2385 4616 2532 4669 omni
2592 4617 2737 4672 malo
2776 4619 3003 4684 infecta,
3053 4621 3188 4676 heul
3243 4625 3450 4679 nullum
3497 4624 3604 4693 jam
3655 4620 3768 4675 sub-

512 4713 584 4751 na
630 4698 926 4772 IEgyptum
964 4713 1237 4774 petentem
1277 4708 1446 4778 digno
1478 4711 1689 4767 honore
1721 4720 1984 4785 prosequi
2015 4721 2100 4775 di-

513 4787 782 4846 dicimus:
817 4807 981 4848 seeus
1021 4795 1168 4850 enim
1203 4806 1258 4850 et
1309 4799 1588 4857 Abraham
1623 4814 1678 4858 et
1709 4807 1854 4875 ejus‘
1895 4815 2100 4879 posteri

501 4878 667 4945 olim,
711 4897 871 4938 secus
898 4885 1110 4958 Moyses
1141 4889 1327 4944 clarus
1357 4892 1487 4945 olim
1523 4909 1747 4963 gregum
1774 4909 1986 4968 pastor,
2008 4919 2100 4957 ar-

512 4979 692 5026 menta
714 4966 966 5043 pascens,
998 4981 1270 5049 mulgens,
1307 4983 1611 5052 deducens,
1638 4989 1759 5046 sive
1789 4992 1856 5045 ad
1887 4995 2099 5051 stabula

502 5067 822 5133 recludens,
856 5070 1045 5138 David,
1070 5084 1123 5128 et
1149 5074 1336 5138 Amos,
1367 5077 1625 5148 gregibus
1648 5085 1839 5138 omnia
1866 5090 2102 5155 pastoris

505 5156 690 5213 'oliicia
723 5163 1048 5233 prrebentes,
1077 5165 1350 5222 fastidiosi
1403 5179 1658 5238 pastores
1695 5174 1788 5230 tibi
1824 5179 2100 5235 videntur.

510 5247 630 5303 Non
663 5252 736 5305 ita
767 5256 941 5310 visum
979 5267 1062 5310 est
1093 5259 1220 5311 olim
1253 5259 1472 5331 ngypti
1498 5262 1717 5331 incolis,
1748 5269 1839 5336 qui
1877 5286 2100 5340 gregum

516 5339 946 5400 fruetihusutore
969 5348 1170 5415 agri-sti
1198 5352 1579 5419 vescebantur,
1593 5355 2006 5431 sictuouachus,
2023 5366 2102 5419 sic

515 5435 833 5499 passionum
879 5436 1164 5503 Dominus,
1202 5444 1710 5508 praestantissimum
1749 5457 2100 5519 praestantio-

517 5535 636 5576 rum
660 5523 752 5576 Dei
787 5529 1078 5580 donorum.
1099 5527 1174 5581 Te
1203 5529 1439 5583 vero'illa
1463 5532 1696 5600 dicente,
1717 5537 1768 5590 in
1795 5539 2102 5609 ignorantia

519 5618 713 5672 sedere
774 5631 842 5670 ac
885 5633 1018 5673 sane
1049 5621 1279 5689 gloriam
1321 5638 1486 5692 supra
1545 5639 1782 5684 mentem
1845 5637 2100 5706 prosequi

520 5709 651 5762 mihi
704 5708 928 5766 videris.
971 5713 1229 5770 Prmsenti
1279 5732 1534 5774 sermone
1562 5722 1766 5792 aliquid
1798 5741 1932 5782 sane
1965 5744 2092 5798 ege-

518 5813 644 5865 r.tn,
672 5802 772 5855 etsi
802 5813 998 5859 cuncta
1024 5806 1251 5863 dicenda
1286 5827 1392 5866 non
1430 5813 1632 5877 dicam,
1663 5817 1764 5870 etsi
1791 5827 1842 5873 tc
1873 5819 1962 5873 Dei
1995 5823 2103 5889 glo-

523 5890 615 5945 riae
655 5891 895 5949 invidere
947 5905 1179 5968 taceam,
1216 5911 1272 5956 tu
1310 5903 1609 5969 iucreattts,
1647 5917 1702 5963 tu
1738 5925 1899 5978 supra
1943 5922 2097 5964 uatu~

2205 4707 2422 4761 Stantia:
2459 4709 2746 4779 vestigium
2791 4711 2905 4780 ipsa
2963 4715 3192 4782 praebet,
3249 4717 3344 4771 sed
3402 4716 3566 4771 veluti
3620 4710 3766 4780 quod.

2203 4798 2326 4850 datu
2362 4801 2528 4854 totius
2585 4801 2839 4872 nequitia:
2897 4807 3279 4872 comtnistum,
3335 4808 3483 4877 quod
3531 4802 3765 4874 imprimis

2202 4888 2450 4944 ordinata
2470 4907 2700 4963 quazque
2747 4897 3053 4963 perturbat.
3075 4895 3130 4950 In
3167 4913 3334 4952 unum
3357 4901 3502 4953 enim
3528 4896 3762 4965 triplicem

2203 4997 2471 5052 Suprema:
2493 4986 2792 5056 maiestatis
2851 4989 3104 5044 virtutem
3125 4991 3490 5056 commiscuit,
3517 4989 3614 5044 etsi
3643 4982 3764 5038 ordi-

2206 5090 2302 5128 nes
2336 5078 2390 5130 iu
2417 5077 2532 5146 ipsa
2561 5081 3105 5145 ratioueserventur,
3124 5097 3189 5136 ac
3213 5083 3293 5136 sic
3325 5083 3571 5137 ordinata
3595 5083 3760 5133 cnllcla

2205 5182 2522 5235 procreasse
2552 5171 2827 5226 credatur.
2860 5172 2955 5226 Est
2997 5175 3170 5236 enim,
3201 5184 3281 5229 est
3305 5190 3440 5228 sane
3467 5175 3656 5226 bonum
3679 5164 3762 5219 ali-

2203 5259 2348 5327 quod
2374 5271 2624 5315 naturam
2652 5278 2963 5333 procreatis,
2989 5283 3169 5329 srcus,
3188 5282 3304 5322 eam
3329 5263 3630 5319 commistio
3652 5271 3760 5328 Pm‘

2203 5348 2396 5416 duxit;
2419 5360 2503 5406 est
2531 5353 2714 5422 aliqua
2767 5358 2942 5412 totius
2996 5359 3208 5413 ordinis
3237 5358 3434 5422 virtus,
3476 5369 3647 5416 secus,
3674 5352 3760 5449 im“

2209 5443 2415 5498 becillis
2445 5447 2688 5514 nequitia
2719 5449 3000 5517 produxit,
3043 5451 3177 5504 nihil
3207 5449 3352 5505 enim
3400 5449 3600 5515 absque
3629 5443 3758 5510 erit"

2206 5537 2350 5605 cipio
2383 5540 2613 5594 omnino
2643 5543 2986 5598 ordinatum.
3020 5547 3095 5598 Ita
3129 5560 3282 5606 vero,
3319 5545 3393 5597 ita
3427 5538 3632 5596 honesti
3668 5547 3756 5587 nec

2206 5644 2313 5682 non
2344 5631 2466 5686 boni
2503 5633 2926 5697 coadunatione,
2983 5637 3170 5694 omnia
3208 5635 3349 5690 haud
3380 5631 3592 5688 difficile
3619 5640 3754 5682 com-

2207 5733 2507 5789 ponuntur.
2539 5723 2696 5789 Quod
2721 5727 2765 5779 si
2789 5727 2934 5780 enim
2957 5728 3103 5782 malo
3127 5730 3298 5782 virtus
3327 5727 3570 5796 quaedam
3596 5721 3751 5818 reip-sil

2209 5815 2370 5879 foret,
2397 5815 2451 5870 in
2479 5816 2736 5871 omnibus
2760 5819 2860 5886 ipsi
2885 5820 3193 5873 auxilialrix
3229 5819 3421 5874 saltem
3452 5817 3669 5871 adesset.
3699 5808 3752 5860 Et

2210 5909 2328 5964 lure
2364 5909 2583 5978 quidem
2619 5909 2753 5966 satis
2785 5919 2839 5965 et
2863 5911 3006 5966 ultra
3041 5911 3176 5967 mihi
3219 5908 3491 5964 videntur.
3524 5904 3598 5959 Tu
3637 5913 3746 5954 vero
