4046 6484
337 532 441 600 861

338 650 414 702 Σὺ
434 646 480 701 δ’
498 645 683 712 ἐξελοῦ
709 665 786 734 ’με
821 648 919 719 τῆς
947 648 1306 720 Παλαμναίας
1329 619 1564 721 ⁴πλάνης.

340 741 604 793 Κάκεῖνον
634 739 802 792 αὐτοῦ
834 741 936 810 τῆς
970 742 1090 810 μεθ’
1119 742 1310 807 αὑτοῦ,
1337 741 1540 813 Χριστέ
1574 760 1698 812 μου,

340 827 512 898 Τριὰς
539 826 705 896 μονὰς
739 830 943 901 πράσου
974 846 1042 900 με
1082 829 1176 884 σοῦ
1210 833 1378 904 μόνης
1407 833 1634 904 λάτρην,

339 1015 409 1069 de
468 1009 703 1066 Palamaa
757 1025 944 1067 errore
990 1011 1131 1066 ednc
1201 1026 1311 1076 me,
1371 1011 1648 1066 Palamam
1709 1010 1913 1082 ipsum,

339 1104 553 1160 Christe
568 1105 663 1171 mi,
680 1118 713 1159 a
734 1105 976 1175 nequitia
1005 1119 1158 1161 erue.
1191 1104 1429 1160 Trinitas
1451 1105 1505 1159 in
1530 1103 1736 1159 unitate
1754 1105 1902 1160 salva

1498 538 1941 599 GRECORUM
1980 539 2456 603 SENTENTIIE.

3491 538 3611 613 862'

1943 662 1995 722 Α
2022 648 2100 726 ’ᾙ
2136 655 2286 707 πᾶσα
2319 654 2694 726 προσκύνησις
2725 655 2790 711 ἐκ
2817 654 3039 712 πάντων
3067 659 3204 732 μόνῃ

2021 746 2131 798 Καὶ
2157 744 2305 810 δόξα,
2334 748 2428 800 καὶ
2461 745 2748 818 λάτρευσις
2781 750 2862 812 εἰς
2920 749 3069 806 ἅπαν
3098 750 3301 821 πρέπει

2021 1026 2131 1077 nte,
2163 1011 2242 1066 tui
2273 1011 2446 1068 solius
2469 1012 2810 1067 adoratorem
2835 1029 2850 1067 :
2881 1021 2934 1067 te
2959 1014 3131 1068 solam
3161 1013 3338 1070 omnis
3357 1013 3603 1071 adoratio

2011 1103 2187 1170 decet,
2220 1113 2273 1159 et
2307 1101 2497 1173 gloria,
2521 1111 2571 1160 et
2605 1103 2852 1159 adoratio
2883 1104 2943 1159 in
2972 1105 3194 1161 saecula.

338 1295 3592 1328 t—-—-————-—-——‘—————-—--—-—————-———————————————————_

1238 1469 1425 1582 EX
1503 1464 2016 1581 LEONIS
2118 1468 2694 1628 ALLATlI

1587 1694 2230 1757 DISSERTATIONE
2261 1695 2317 1756 Il

1051 1873 1170 1934 DE
1231 1869 1514 1934 LIBRIS
1576 1867 2282 1933 ECCLESIASTICIS
2361 1870 2876 1935 GRAECORUM.

411 2192 570 2247 Plura
625 2189 680 2244 in
724 2188 833 2243 hoc
875 2184 1136 2258 synodico
1185 2183 1362 2238 notari
1395 2183 1702 2254 lpoterant.
1769 2183 1905 2250 Quia

2016 2201 2141 2243 nere
2167 2193 2532 2255 compactam,
2568 2183 2753 2255 πηγὴν
2781 2184 3054 2256 βρύουσαν
3081 2184 3346 2256 ξξαμάτων
3379 2189 3595 2258 νάματα

342 2293 524 2339 tamen
558 2280 743 2336 omnia
781 2293 846 2334 eo
877 2275 1198 2346 respiciunt,
1233 2283 1294 2329 ut
1334 2273 1482 2330 illius
1511 2273 1767 2330 Ecclesia
1798 2274 1916 2329 fau-

342 2388 495 2430 tores
545 2383 733 2428 contra
788 2369 1088 2423 Romanam
1124 2366 1442 2432 Ecclesiam,
1501 2373 1758 2435 tauquam
1813 2366 1915 2421 viri

342 2465 523 2537 probi,
558 2475 613 2520 et
656 2461 943 2517 orthodoxi
993 2442 1249 2516 omnibus
1293 2457 1497 2513 Christi
1540 2458 1810 2521 ﬁdelibus,
1861 2467 1916 2514 et

342 2556 622 2617 laudandi,
657 2562 712 2610 et
741 2551 989 2607 imitandi
1021 2559 1419 2620 proponantur,
1456 2563 1562 2602 non
1599 2557 1684 2602 est
1713 2552 1767 2602 in
1806 2548 1915 2606 illis

342 2645 694 2703 recensendis
724 2643 931 2697 diutius
959 2640 1362 2696 immorandum
1396 2657 1408 2692 :
1442 2653 1617 2707 eoque
1641 2639 1914 2709 praecipue

344 2737 489 2808 quod
535 2737 589 2791 in
621 2736 736 2790 haec
777 2749 968 2789 novem
998 2733 1174 2803 capita
1217 2732 1400 2788 omnia
1439 2731 1626 2788 referri
1660 2745 1912 2803 possunt.

341 2833 524 2896 Quare
555 2838 750 2884 caetera
777 2841 1197 2898 prosequamur.

421 2923 621 2977 Sextus
651 2921 836 2990 itaque
863 2933 1019 2974 error
1065 2925 1359 2985 est,.qucm
1397 2915 1716 2971 Philotheus
1744 2917 1916 2985 patri-

341 3013 510 3068 archa
539 3008 1203 3078 Constantinopolitanus,
1228 3017 1290 3061 ut
1318 3006 1574 3062 factionis
1605 3021 1716 3062 sua:
1744 3006 1917 3060 homi-

341 3117 470 3158 nem
514 3101 789 3156 laudando
828 3098 1181 3170 opinionibus
1227 3111 1446 3166 quoque
1474 3096 1612 3160 suis,
1653 3111 1719 3150 ac
1749 3097 1918 3150 haere—

342 3197 497 3250 sibus
520 3195 900 3248 auctoritatem
925 3191 1167 3253 adderet,
1193 3190 1246 3243 in
1271 3187 1571 3244 Ecclesiam
1599 3187 1912 3244 Graecorum

343 3285 582 3341 intrusit.
617 3285 736 3354 Ipse
775 3283 920 3338 enim
957 3281 1204 3350 exemplo
1235 3295 1376 3334 novo
1422 3279 1698 3334 hominem
1733 3279 1901 3332 haere-

344 3392 477 3432 εροη
552 3381 1055 3446 propugnatorem,
1131 3380 1528 3441 proptereaque
1599 3380 1912 3424 accusatum

343 3470 511 3523 etiam
563 3477 615 3521 et
661 3465 1080 3521 condemnatum
1125 3479 1153 3516 a
1202 3462 1498 3532 plerisque,
1541 3463 1595 3516 in
1648 3462 1909 3532 Spiritum

2022 2280 2232 2341 πιστοῖς
2275 2277 2481 2333 fontem
2519 2276 2906 2332 scaturientem
2954 2277 3254 2332 sanitatum
3302 2277 3506 2334 ﬂuenta
3547 2283 3602 2333 li-

2019 2367 2265 2435 delibus,
2328 2366 2656 2437 Ἑκκλησίας
2699 2367 3044 2436 διδάσκαλον,
3095 2369 3352 2426 Ecclesiae
3391 2371 3601 2441 magis-

2019 2466 2188 2525 trum,
2224 2457 2400 2526 φωτὸς
2425 2457 2572 2511 θείου
2604 2457 2845 2527 κήρυκα,
2877 2459 3101 2516 luminis
3131 2459 3302 2515 divini
3336 2461 3600 2516 buccina-

2021 2565 2216 2615 torem,
2251 2551 2664 2621 οὐρανομύστην
2688 2550 2790 2620 τῆς
2820 2551 3081 2621 Τριὰδος,
3124 2553 3402 2608 caelestem
3441 2552 3602 2608 Tria-

2019 2645 2104 2699 dis
2132 2651 2384 2715 mystem,
2404 2643 2670 2714 φωστῆρα
2697 2641 3038 2714 ὀρθοδοξίας,
3073 2655 3237 2698 rectae
3263 2644 3386 2699 lidei
3409 2645 3596 2714 splen-

2019 2737 2228 2800 dorem,
2277 2735 2604 2806 Ἐκκλησίας
2650 2735 2936 2805 στήριγμα
2976 2735 3073 2788 καὶ
3119 2735 3462 2802 διδάσκαλον,
3493 2737 3598 2792 Ec-

2019 2830 2199 2885 clesiae
2227 2827 2460 2882 fulcrum
2491 2834 2547 2883 ct.
2573 2826 2918 2895 magistrum,
2962 2826 3183 2894 κήρυκα
3218 2826 3317 2896 τῆς
3349 2827 3599 2898 χάριτος,

2018 2935 2326 2991 pneconem
2354 2918 2563 2988 gratiae,
2593 2917 2786 2972 στῦλον
2815 2917 2917 2987 τῆς
2943 2917 3211 2984 πίστεως,
3274 2917 3400 2972 ﬁdei
3447 2917 3601 2972 colu-

2018 3025 2224 3076 mnam,
2263 3010 2525 3078 καύχημα
2569 3010 2664 3063 καὶ
2709 3009 2990 3078 στήριγμα
3027 3009 3283 3077 μέγιστον
3313 3009 3423 3060 τῶν
3445 3010 3605 3078 ὀρθα-

2017 3103 2204 3168 δόξων,
2239 3101 2466 3170 gloriam
2516 3109 2572 3154 et
2605 3100 2905 3154 maximum
2937 3100 3371 3153 orthodoxorum
3410 3098 3598 3153 ﬁrma-

1997 3202 2286 3260 ,mentum,
2307 3191 2569 3258 Θεολόγον
2592 3190 2869 3261 δεύτερον,
2901 3190 3241 3260 Tlieologum
3273 3189 3598 3250 secundum,

2017 3281 2127 3335 τῶν
2178 3280 2516 3334 διδασκάλων
2572 3279 2870 3350 ἀκρότητα,
2923 3278 3311 3348 Magistrorum
3367 3279 3602 3347 apicem,

2021 3373 2288 3440 θεολόγων
2312 3372 2373 3425 τὸ
2403 3371 2598 3440 στόμα,
2629 3367 3040 3439 Theologorum
3068 3384 3153 3427 os.
3191 3369 3258 3422 Et
3285 3371 3416 3439 quid
3451 3387 3557 3424 non
3577 3369 3604 3424 2

2020 3464 2205 3518 omnia
2250 3462 2580 3517 laudationis
2626 3463 2830 3530 capita,
2864 3476 2988 3530 quae
3019 3461 3144 3516 aliis
3173 3460 3430 3517 Patrihus
3462 3463 3604 3516 divi-

344 3569 618 3619 sanctum,
672 3571 735 3611 ac
790 3554 1090 3610 Ecclesiam
1145 3553 1390 3607 Latinam
1448 3553 1727 3621 iniurium,
1788 3568 1910 3608 cum
1943 3545 1988 3603 (Σ
2021 3554 2124 3610 sim
2156 3555 2223 3608 ab
2249 3553 2370 3608 aliis
2400 3553 2739 3617 tribuuntur,
2775 3553 2828 3605 in
2881 3553 3026 3606 hunc
3062 3553 3240 3608 solum
3277 3553 3600 3608 Philotheus

343 3649 564 3719 scriptis
589 3646 749 3702 editis
783 3653 972 3701 contra
1001 3644 1299 3700 catholicos
1326 3644 1495 3707 viros,
1523 3644 1669 3697 illius
1707 3658 1771 3696 ex
1809 3643 1912 3696 Pa-

345 3752 428 3796 tre
480 3739 596 3794 solo
653 3738 1062 3808 processionem
1113 3734 1434 3797 defenderit,
1486 3743 1545 3787 ιιι
1573 3749 1637 3787 ex
1674 3733 1794 3802 ejus
1843 3732 1912 3787 ad

345 3831 510 3888 Vecci
536 3831 926 3901 inscriptiones
960 3826 1448 3885 coniutationibus,
1472 3825 1674 3895 quibus
1697 3824 1915 3878 abunde

340 3922 606 3979 satisfecit
649 3919 904 3975 Bessario
941 3917 1256 3981 cardinalis,
1284 3925 1340 3971 et
1374 3916 1496 3971 aliis
1539 3915 1749 3970 duabus
1780 3915 1913 3968 Ora-

340 4014 606 4074 tionibus,
657 4027 792 4081 quas
834 4011 949 4079 ipse
991 4009 1432 4069 Ἀποδεικτικοὺς
1478 4007 1663 4071 λόγους
1718 4015 1913 4060 contra

343 4105 568 4159 Latinos
599 4100 949 4166 nuncupavit,
982 4098 1210 4152 Londini
1236 4097 1420 4151 Graece
1447 4096 1754 4165 pulilicatis,
1790 4110 1907 4148 ma-

343 4195 603 4250 nifestum
630 4201 735 4258 est,
765 4193 906 4245 inter
934 4190 1085 4243 divos
1114 4187 1317 4251 retulit,
1347 4196 1402 4240 et
1429 4185 1549 4255 ejus
1581 4185 1903 4239 memoriam

338 4289 516 4343 ollicio
543 4290 608 4341 de
639 4272 780 4340 novo
818 4285 1153 4352 conscripto,
1187 4280 1334 4351 quod
1379 4281 1433 4335 in
1467 4280 1729 4336 Ecclesiis
1757 4279 1909 4346 cani,

338 4377 802 4448 quemadmodum
839 4385 892 4429 ct
926 4375 978 4428 in
1026 4375 1258 4428 aliorum
1291 4384 1604 4426 sanctorum
1656 4372 1912 4426 solemni-

336 4467 542 4521 tatibus
570 4464 763 4528 voluit,
792 4456 1114 4528 celebravit,
1132 4478 1254 4533 pag.
1281 4462 1350 4518 96
1372 4477 1424 4516 a.
1452 4475 1501 4516 c.
1528 4477 1603 4514 ni.
1630 4470 1680 4516 et
1703 4475 1780 4516 ss.
1800 4459 1907 4514 Pa-

336 4561 494 4612 lamae
521 4571 653 4612 vero
707 4555 895 4609 Iaudes
941 4555 1014 4608 ita
1051 4567 1371 4624 prosecutus
1415 4561 1523 4615 est,
1557 4562 1615 4606 nt
1656 4553 1768 4622 jam
1800 4552 1910 4606 Na-

333 4651 631 4704 zianzenus
651 4686 667 4709 ,
727 4644 1008 4716 Nysscnns
1030 4685 1045 4710 ,
1116 4645 1346 4699 Basilius
1368 4686 1384 4709 ,
1444 4643 1872 4714 Chrysostomus
1892 4681 1909 4706 ,

335 4738 691 4802 Athanasius,
733 4748 1034 4806 caateraque
1090 4737 1348 4792 Ecclesiae
1395 4735 1594 4791 Graecae
1642 4736 1906 4801 culmina,

333 4830 539 4898 quibus
581 4845 703 4884 cum
751 4838 961 4884 tantum
1010 4829 1187 4883 scelus
1222 4827 1536 4889 committit,
1582 4827 1718 4882 nihil
1771 4829 1904 4890 sint,
1941 4870 1988 4927 ι)

337 4920 476 4974 nihil
513 4921 566 4975 in
608 4920 860 4976 Ecclesiae
885 4919 1176 4974 utilitatem
1207 4919 1438 4988 egerint.
1475 4919 1606 4987 Pag.
1634 4920 1780 4973 enim
1809 4918 1900 4973 96.

331 5022 392 5065 ct
418 5011 558 5066 infra
586 5021 744 5066 vocat
773 5027 898 5067 eum
929 5011 1370 5080 Θαυματουργὸει,
1403 5010 1790 5064 miraculorum
1827 5008 1909 5064 ef-

331 5103 618 5166 fectarcm,
666 5102 946 5171 θεολογίας
977 5101 1290 5166 σάλπιγγα.
1338 5098 1646 5168 Τῑιθυιοείιιξ
1697 5100 1907 5164 tubam,

334 5192 642 5262 πυρίπνουν
693 5191 868 5260 στόμα
907 5191 1008 5258 τῆς
1055 5191 1279 5258 χάριτος
1333 5189 1508 5258 ignem
1562 5189 1780 5257 spirans
1845 5203 1908 5243 os

331 5285 546 5352 gratiae,
604 5282 916 5352 πνεύματος
962 5281 1190 5351 δοχεῖον,
1225 5280 1449 5346 spiritus
1476 5280 1909 5348 receptaculum,

332 5371 527 5425 στῦλον
552 5372 651 5439 τῆς
703 5369 1032 5440 Ἐκκλησίας
1071 5369 1428 5439 ἀχράδαντον,
1457 5367 1769 5422 columnam
1806 5367 1908 5423 Ec-

327 5463 510 5518 cirsiae
571 5463 988 5520 inconcussam.
1049 5459 1335 5521 εὐσεϐείας
1392 5457 1744 5527 ὑπέρμαχον,
1812 5461 1906 5512 καὶ

327 5554 586 5616 ἀσεϐείας
609 5553 923 5617 ἀντίπαλον,
955 5552 1172 5619 pietatis
1201 5560 1684 5620 propugnatorem,
1713 5550 1909 5620 impie-

329 5644 460 5699 tatis
485 5650 940 5712 oppugnatorem,
979 5641 1215 5704 πίστεως
1263 5641 1600 5710 προστάτην,
1643 5640 1766 5694 ﬁdei
1809 5641 1903 5696 de-

329 5736 626 5795 fensorem,
669 5734 843 5803 μέγαν
890 5733 1244 5804 καθηγεμόνα
1291 5731 1381 5785 καὶ
1415 5731 1758 5800 διδάσκαλον,
1791 5747 1906 5786 ina-

329 5843 500 5898 gnuni
557 5828 748 5883 ducem
803 5836 859 5882 et
912 5827 1252 5896 magistrum,
1304 5827 1475 5895 λύραν
1527 5826 1898 5895 παναρμόνιον

334 5919 645 5987 πνεύματος
685 5918 910 5989 Spiritus
946 5920 1112 5989 lyram
1163 5917 1313 6001 omni
1365 5918 1776 5975 liarmoniarum
1811 5935 1904 5991 ge-

2020 3645 2122 3700 iste
2153 3643 2448 3714 congessit.
2476 3643 2542 3697 Et
2576 3658 2645 3697 ne
2694 3644 2971 3698 videretur
3000 3644 3168 3698 etiam
3215 3643 3354 3698 divae
3389 3645 3603 3714 Virgini

2018 3733 2266 3798 inferior,
2300 3735 2562 3800 hymnum
2599 3733 2675 3787 illi
2725 3749 2980 3799 sacrum,
3024 3744 3078 3788 et
3113 3734 3329 3788 recitari
3376 3735 3598 3788 solitum

2017 3825 2073 3881 in
2117 3823 2294 3879 ofﬁcio
2324 3823 2590 3879 Acathisti
2643 3824 2723 3878 sic
2753 3823 2914 3890 dicti,
2955 3824 3099 3890 quod
3131 3840 3404 3894 nunquam
3443 3825 3496 3878 in
3533 3839 3602 3879 eo

2017 3916 2290 3980 sedeatur,
2322 3916 2392 3970 ob
2420 3917 2775 3970 reverentiam
2810 3915 3074 3985 Deiparae,
3100 3916 3258 3986 cujus
3283 3916 3472 3972 laudes
3503 3932 3606 3986 pro

2019 4003 2301 4060 beneﬁciis
2349 4005 2587 4074 acceptis
2627 4005 2954 4067 recitantur.
2994 4021 3120 4075 pag.
3173 4007 3362 4071 1581),
3395 4022 3442 4060 c.
3477 4021 3517 4069 I,
3556 4008 3597 4062 f.

2018 4093 2145 4149 inde
2174 4094 2444 4160 avulsum,
2485 4105 2539 4150 et
2576 4095 2765 4165 paucis
2799 4095 3126 4158 immutatis,
3158 4111 3254 4165 per
3287 4095 3598 4164 parodiam,

2019 4184 2074 4239 in
2118 4187 2265 4241 hunc
2296 4184 2597 4248 Palamam,
2648 4202 2754 4242 non
2809 4189 2928 4241 sine
2973 4187 3214 4242 maxima
3270 4187 3594 4242 temeritatis

2019 4289 2158 4336 nota
2200 4281 2523 4336 transvexit.
2561 4280 2830 4336 Prieterea
2871 4282 2926 4336 in
2973 4283 3093 4352 ejus
3120 4280 3444 4352 Synaxario,
3494 4282 3589 4336 ubi

2018 4371 2254 4426 Palamze
2282 4372 2449 4426 vitam
2482 4373 2873 4441 compendiose
2903 4373 3244 4442 exsequitur,
3279 4373 3422 4425 inter
3456 4371 3592 4436 alia,

2019 4463 2149 4517 dum
2192 4463 2310 4532 ejus
2344 4464 2399 4518 in
2449 4463 2752 4520 hicresibus
2792 4465 3195 4534 oppugnandis,
3247 4479 3312 4518 ac
3349 4464 3454 4518 fide
3503 4479 3600 4518 ca-

2017 4554 2220 4608 tholica
2263 4558 2608 4625 propaganda
2660 4557 2901 4610 studium
2950 4564 3175 4620 narrat,
3229 4557 3368 4609 nihil
3417 4555 3594 4619 aliud,

1969 4704 1974 4709 ,
2015 4647 2120 4700 nisi
2179 4647 2322 4701 illius
2364 4650 2416 4700 in
2463 4646 2764 4701 Romanam
2810 4645 3114 4702 Ecclesiam
3174 4647 3486 4713 machinas,
3536 4647 3595 4702 iu

2016 4737 2242 4793 Latinos
2273 4739 2418 4801 odia,
2449 4753 2548 4808 pro
2578 4739 2891 4793 asserendis
2919 4737 3231 4792 Graecorum
3268 4741 3551 4793 erroribus
3577 4780 3594 4805 ,

2015 4844 2079 4884 ac
2111 4827 2218 4883 illis
2251 4827 2664 4889 confirmandis,
2701 4827 3012 4882 evertendis
3045 4827 3367 4882 Latinorum
3395 4828 3600 4880 verita-

2016 4917 2182 4980 tilius,
2217 4927 2272 4971 et
2313 4917 2586 4985 praecipue
2619 4915 2688 4970 de
2734 4917 3086 4984 proccssione
3128 4916 3365 4985 Spiritus
3417 4916 3596 4970 sancti

2015 5023 2081 5061 ex
2110 5006 2269 5060 Patre
2311 5016 2367 5061 et
2395 5006 2534 5060 Filio
2565 5022 2809 5076 operam,
2856 5008 2959 5062 etsi
3014 5008 3240 5062 subdole
3270 5010 3492 5061 nomina
3543 5018 3598 5062 et

2016 5097 2462 5152 circumstantias
2485 5106 2681 5163 taceat,
2705 5098 2962 5167 proponit
2994 5113 3114 5168 pag.
3145 5098 3213 5154 98
3233 5141 3246 5164 ,
3279 5115 3374 5167 per
3407 5107 3596 5152 totam.

2018 5187 2250 5243 Palatiiae
2276 5198 2574 5260 praeterea,
2601 5205 2722 5258 qua:
2755 5189 2875 5258 ipse
2905 5189 2960 5242 in
3011 5189 3231 5243 Latinos
3262 5190 3328 5244 de
3360 5189 3598 5256 Spiritus

2020 5281 2192 5336 sancti
2238 5280 2628 5350 proccssioune
2652 5280 2870 5345 eﬂ‘utiit,
2918 5281 3052 5334 alias
3084 5279 3443 5348 inThcologia
3486 5289 3600 5330 Iuv-

2021 5386 2171 5425 reses
2222 5381 2278 5426 et
2322 5371 2577 5440 ineptias,
2627 5387 2832 5440 easque
2881 5372 3316 5441 quamplurimas
3363 5385 3427 5422 ex
3478 5371 3600 5436 ejus

2019 5461 2239 5528 scriptis
2275 5461 2532 5515 collectas
2563 5461 2671 5515 late
2701 5462 3056 5532 prosequitur
3089 5462 3268 5515 libello
3300 5458 3366 5512 de
3400 5459 3504 5512 hac
3537 5475 3594 5512 re

2017 5556 2160 5609 edito
2189 5555 2494 5609 Demetrius
2523 5554 2820 5626 Cydonius.
2867 5556 3047 5621 Quare
3080 5555 3167 5607 hic
3196 5553 3350 5622 plura
3385 5549 3598 5603 reici-re

2014 5647 2366 5715 supersedeo.
2401 5648 2652 5701 Andreas
2680 5649 2842 5702 etiam
2887 5645 3233 5700 (Iolosscnsis
3276 5643 3502 5711 DiaIOgo
3537 5658 3592 5695 in

2013 5738 2180 5793 Marci
2213 5737 2473 5808 Epliesini
2505 5739 2815 5808 epistolam,
2860 5748 3053 5791 contra
3088 5737 3226 5790 ritus
3257 5735 3583 5790 Latinorum

2009 5831 2298 5886 nonnullas
2333 5830 2563 5900 hujusce
2589 5831 2823 5884 Palatina:
2854 5832 2906 5882 in
2938 5845 3106 5882 unum
3134 5827 3354 5897 collcgit
3381 5842 3592 5895 pravas

2017 5931 2070 5978 ct
2095 5938 2123 5977 a
2150 5922 2251 5978 lidc
2274 5920 2541 5977 catholica
2565 5921 2767 5976 alienas
2787 5921 3110 5986 sententias,
3135 5934 3274 5988 quas
3300 5918 3388 5973 hic
3418 5924 3598 5970 traus~
