4046 6486
471 499 581 563 863

1657 497 1757 560 DE
1790 495 2194 560 GBEGORIO
2230 497 2547 564 PALAMA

3610 522 3613 523 '
3642 500 3751 566 864

472 615 708 682 cribam,
739 612 866 687 quia
904 612 1045 671 liber
1074 626 1187 670 non
1224 611 1492 671 clunibus.
1522 620 1691 681 patet.
1729 629 1749 665 ι
1780 610 2053 672 Praeterea

2177 609 2525 683 ρήοἸωάννης
2545 610 2691 681 ἐλέῳ
2702 609 2841 665 Θεοῦ
2860 611 3018 683 ἀρχιε
3026 609 3294 676 πίακοπος
3310 613 3604 668 Κωνσταντ
3612 632 3751 671 ινου-

417 776 429 788 Ἰ
477 722 602 762 cum
638 706 830 763 Patres
862 707 947 762 tui
975 716 1029 762 te
1061 703 1318 776 Ephesiis
1351 704 1404 761 in
1436 702 1737 773 [inmunem~
1779 703 2060 774 νεῦσαι-ο

421 801 424 805 ’
478 801 712 866 vellent,
763 816 874 856 non
911 800 1064 872 prius
1087 798 1365 870 pontiﬁcis
1403 796 1668 868 dignitate
1704 804 2058 862 ornaverunt,

477 908 643 958 quam
674 890 1032 963 jurejurando
1063 890 1345 963 pollicitus
1372 888 1566 951 lueris.
1599 899 1661 943 ut
1691 900 1814 958 quae
1847 885 2061 957 Grego-

481 985 596 1040 rius
628 983 851 1039 Palama
902 984 956 1038 in
987 998 1088 1039 sua
1131 982 1374 1039 editione
1417 996 1585 1051 quam
1616 979 1828 1036 Tomon
1877 980 2061 1037 noni-

478 1078 648 1141 uavit,
701 1076 896 1132 edocet
934 1076 1236 1131 indubitata
1272 1076 1374 1129 ﬁde
1408 1073 1749 1143 susciperes,
1780 1087 1847 1128 ac
1869 1072 2063 1131 defen-

478 1184 653 1225 sares.
689 1168 786 1224 llle
811 1178 995 1224 autem
1035 1169 1179 1224 inter
1223 1178 1452 1223 caeteras
1499 1167 1847 1236 blasphemas
1901 1165 2063 1221 diﬁc-

478 1260 705 1326 rentias,
734 1276 871 1331 quas
908 1265 1165 1318 essentia:
1193 1262 1417 1327 divinae,
1449 1270 1503 1316 et
1543 1262 1659 1317 suis
1693 1260 1936 1331 energiis
1977 1259 2060 1314 fa-

481 1351 736 1420 bricavit,
763 1353 862 1408 has
894 1352 1058 1408 etiam
1085 1353 1318 1419 addidit,
1346 1361 1407 1409 ut
1433 1353 1621 1408 divina
1646 1354 1881 1408 essentia
1909 1368 2066 1408 crea-

482 1455 621 1501 turae
671 1447 916 1501 minimae
957 1448 1383 1517 appropinquet,
1438 1445 1586 1516 quod
1639 1422 1858 1516 cneréia
1909 1445 2061 1501 facit.

481 1539 616 1595 Nam
662 1540 710 1597 si
761 1541 944 1595 divina
990 1539 1275 1611 majestas,
1326 1549 1386 1596 ιιι
1413 1540 1509 1605 ait,
1558 1549 1827 1594 creaturae
1866 1538 2063 1609 junge-

482 1642 654 1696 retur,
686 1633 860 1701 ipsam
894 1632 1122 1687 omnino
1152 1633 1487 1687 absumeret.
1515 1632 1749 1700 Energia
1777 1645 1910 1685 vero
1934 1644 2066 1700 pro-

482 1724 629 1778 xime
653 1723 795 1779 facta
827 1722 1100 1793 quoddam
1127 1730 1622 1792 temperamentum
1650 1720 1806 1786 facit,
1841 1730 2063 1792 propte-

488 1830 578 1872 rea
602 1823 658 1871 et
681 1816 856 1885 ipsam
878 1815 1168 1878 inhabitat,
1194 1814 1673 1880 illuminakdecet
1689 1853 1708 1880 ,
1736 1814 2063 1883 sanctiﬁcat,

485 1918 651 1978 atque
681 1907 922 1977 deiﬁcat,
961 1923 1083 1978 qua:
1114 1921 1145 1961 a
1181 1907 1369 1963 divina
1402 1906 1668 1971 essentia,
1720 1915 1779 1961 ut
1812 1907 1929 1978 ipse
1959 1907 2064 1961 ﬁn-

486 1999 585 2067 git,
620 1998 889 2067 proﬁcisci
914 1998 1142 2052 minime
1166 2005 1420 2068 possunt.
1447 1997 1582 2051 ltem
1605 1996 1882 2067 energiam
1906 1997 2062 2069 dicit,

482 2100 790 2146 extremum
824 2089 1060 2145 hominis
1088 2090 1272 2155 ﬁnem,
1302 2088 1674 2145 haereditatem
1705 2088 2061 2153 Sanctorum,

484 2196 873 2251 summamque
925 2181 1267 2237 felicitatem.
1323 2180 1448 2236 Haec
1494 2194 1526 2235 a
1579 2179 1765 2234 divina
1820 2180 2061 2235 essentia

486 2273 957 2340 prorsus'adimit.
993 2271 1184 2327 Solum
1230 2272 1459 2329 Deitatis
1506 2289 1706 2329 nomen
1741 2272 1876 2328 dicit
1926 2272 2063 2343 ipsis

485 2382 609 2421 esse
643 2381 956 2421 commune.
999 2365 1053 2422 Si
1090 2366 1255 2438 igitur
1295 2368 1389 2422 illa
1417 2382 1630 2422 summa
1681 2365 1864 2422 Deitas
1905 2382 1973 2422 ex
2007 2379 2068 2422 se

485 2461 629 2513 inter
657 2473 766 2514 non
806 2460 951 2515 entia
985 2469 1347 2515 numeratur:
1371 2461 1419 2515 si
1454 2476 1671 2515 omnem
1695 2459 1983 2516 entitatem
2011 2467 2070 2514 et

485 2548 861 2603 excellentiam
891 2547 961 2604 ab
995 2549 1120 2606 aliis
1150 2550 1384 2619 accipit;
1415 2550 1463 2606 si
1497 2560 1766 2605 creaturae
1806 2549 2064 2606 inacccs-

487 2643 683 2707 sibilis,
736 2643 783 2700 si
832 2645 1206 2715 propinquare
1239 2644 1400 2701 nobis
1446 2645 1566 2701 sine
1610 2654 1796 2700 nostro
1837 2644 2065 2699 interitu

487 2744 755 2802 nequeat;
779 2734 824 2789 si
852 2749 961 2789 non
984 2733 1165 2799 docet,
1191 2750 1292 2790 nec
1310 2734 1603 2801 illuminat,
1627 2747 1719 2790 aut
1737 2735 2067 2801 sanctiﬁcat,

487 2828 531 2878 si
568 2826 694 2882 linis
727 2841 839 2881 non
870 2835 977 2891 est,
1015 2841 1182 2896 quem
1214 2827 1474 2883 omnibus
1504 2826 1825 2882 hominibus
1870 2837 2067 2882 natura

488 2917 704 2982 indixit,
742 2931 882 2971 vana
914 2926 1042 2973 sunt
1081 2917 1245 2989 igitur
1280 2920 1576 2986 sacriﬁcia,
1629 2936 1751 2991 quae
1780 2921 1854 2975 illi
1888 2920 2071 2976 oll‘eri-

486 3025 632 3074 mus,
670 3008 745 3064 nil
778 3019 1007 3079 prosunt
1045 3026 1259 3082 preces,
1308 3012 1387 3066 nil
1418 3013 1691 3083 lacrymaa,
1740 3012 1906 3066 nulla:
1938 3012 2070 3067 reli-

488 3103 659 3172 giosae
716 3102 1079 3156 observantiae
1135 3103 1468 3159 Christianis
1527 3103 1745 3173 populis
1802 3102 2072 3173 proﬁcere

487 3199 744 3259 possunt.
794 3188 951 3246 Unde
999 3200 1050 3245 et
1084 3191 1248 3245 aliam
1284 3192 1440 3247 Iidem
1477 3206 1725 3262 quaerere
1771 3192 2068 3262 oportebit,

2163 703 2376 768 πόλεως
2394 704 2523 768 νέας
2555 703 2803 775 Ῥώμης,
2820 706 2917 761 καὶ
2951 704 3342 776 οῑιιουμενικδς
3378 707 3750 779 πατριάρχης.

2168 816 2188 852 ι
2230 796 2510 857 Palamatn
2564 804 2627 853 et
2651 796 2804 853 illius
2850 806 3181 864 sectatores,
3235 807 3295 853 et
3322 799 3507 854 omnia
3558 814 3752 856 eorum

2165 890 2338 962 impia
2372 888 2648 963 dogmata,
2678 888 2765 943 vel
2799 889 2987 946 verius
3017 899 3373 961 nugamenta,
3408 906 3625 948 necnon
3655 893 3755 948 de—

2166 983 2451 1048 fensores,
2504 990 2985 1053 propugnatores,
3041 992 3490 1055 exceptaresque.
3537 1000 3755 1050 eorm,

2165 1092 2291 1147 qum
2319 1076 2372 1131 in
2416 1085 2567 1131 torno
2596 1075 2944 1145 digeruntur,
2976 1077 3287 1130 secundum
3314 1090 3506 1130 eorum
3533 1077 3758 1146 exposi-

2167 1171 2413 1236 tionem,
2466 1169 2580 1223 imo
2635 1168 3101 1236 vaniloquentiam
3132 1207 3148 1231 ,
3194 1176 3250 1223 et
3299 1184 3407 1222 non
3452 1169 3755 1224 secundum

2166 1276 2388 1318 sensum
2421 1261 2689 1325 divinum,
2736 1269 2792 1316 et
2835 1260 3233 1328 orthodoxum,
3295 1268 3354 1314 et
3396 1268 3459 1316 ut
3504 1259 3763 1315 Ecclesia

2166 1351 2399 1420 lumina,
2426 1361 2481 1408 et
2506 1351 2775 1423 magistri,
2808 1365 3045 1421 quorum
3082 1365 3183 1407 nos
3212 1350 3466 1422 vestigiis
3495 1350 3758 1406 insisten-

2170 1454 2271 1509 tes,
2320 1453 2377 1499 et
2422 1444 2730 1505 sententias
2782 1452 3096 1514 sequentes,
3145 1452 3464 1498 sanctorum
3501 1443 3645 1497 dicta
3695 1444 3753 1496 in

2167 1546 2316 1592 tomo
2345 1536 2682 1609 digessimus
2709 1553 2722 1590 :
2754 1545 2810 1591 et
2839 1551 3034 1591 omnes
3059 1547 3280 1607 propter
3315 1536 3442 1600 hoc,
3478 1535 3623 1605 quod
3661 1551 3758 1590 eo-

2165 1645 2285 1685 rum
2327 1637 2656 1700 nugamenta
2696 1643 2805 1684 non
2841 1636 3218 1698 acceptamtts,
3265 1642 3501 1697 quorum
3540 1638 3751 1695 partem

2168 1726 2271 1797 ipsi
2300 1725 2462 1781 nobis
2490 1724 2940 1787 transmiserunt,
2970 1738 3098 1792 pars
3130 1721 3198 1777 ab
3229 1722 3351 1777 aliis
3375 1724 3623 1775 nuntiata
3644 1731 3749 1783 est,

2169 1817 2261 1888 qui
2298 1818 2421 1874 ausi
2446 1828 2581 1874 sunt
2603 1824 2795 1872 contra
2832 1830 3097 1876 canones,
3130 1822 3184 1867 et
3215 1815 3333 1870 sine
3369 1814 3577 1881 judicio
3604 1828 3753 1869 com-

2170 1912 2618 1967 memorationem
2679 1924 2857 1964 meam
2911 1908 3255 1969 exscindere,
3291 1906 3538 1969 viviﬁcaa,
3578 1915 3634 1961 et
3671 1907 3755 1961 di-

2167 2005 2309 2059 vinas
2356 2002 2576 2060 Triadls
2629 2002 2852 2057 vinculo
2905 2000 3254 2071 subjicimus,
3298 2009 3355 2056 et
3404 2001 3753 2055 anathemate
3830 2028 3834 2032 -

2169 2096 2418 2151 ferimus.
2468 2094 2851 2165 Subscriptio:
2890 2091 3133 2149 Joannes
3168 2092 3524 2148 miseratione
3575 2091 3755 2147 divina

2170 2186 2613 2256 archiepiscopus
2641 2183 3322 2254 ConstantinOpnlilanus.
3356 2199 3515 2239 novae
3543 2180 3753 2244 Romae,

2170 2290 2225 2337 et
2284 2279 2660 2335 oceumcnicus
2717 2277 3047 2347 patriarcha.
3083 2293 3107 2328 ι
3153 2275 3217 2329 Et
3252 2276 3366 2330 hrcc
3411 2275 3544 2330 satis
3584 2274 3754 2329 videri

2173 2380 2431 2443 poterunt
2467 2372 2533 2425 ad
2566 2384 2664 2425 eos
2714 2369 2866 2439 ipsos
2904 2368 3254 2430 refellendos,
3292 2366 3386 2433 qui
3436 2365 3573 2420 adeo
3603 2367 3758 2420 inve-

2173 2464 2411 2519 recunde
2454 2460 2730 2517 Palamam
2776 2459 2921 2514 inter
2961 2466 3184 2513 sanctos
3214 2457 3509 2519 collocant,
3552 2462 3608 2511 et
3638 2454 3761 2525 ejus

2174 2557 2361 2614 laudes
2405 2557 2474 2612 ab
2503 2555 2749 2626 ejusdem
2791 2560 2936 2607 notae
2975 2550 3319 2614 hominibus,
3352 2562 3571 2603 summo
3613 2548 3760 2603 fastu

2174 2649 2572 2719 mendacioque
2627 2646 2995 2715 conscriptas,
3068 2645 3123 2698 in
3187 2642 3432 2698 Ecclesia
3505 2641 3759 2697 rccilanl.

2173 2743 2310 2797 Cum
2343 2755 2475 2812 vero
2502 2740 2620 2811 ejus
2643 2739 2905 2798 iucreses,
2932 2734 3080 2805 quod
3112 2734 3259 2789 illius
3320 2742 3372 2787 et
3398 2732 3761 2788 scctariorum

2174 2836 2296 2890 lihri
2332 2850 2442 2905 pra:
2476 2833 2731 2887 manibus
2764 2845 2872 2884 non
2903 2829 3037 2893 sint,
3079 2842 3185 2882 non
3224 2826 3487 2882 omnibus
3516 2832 3768 2895 pateant,

2175 2944 2244 2983 ne
2272 2943 2373 2984 nos
2395 2926 2486 2981 tali
2521 2926 2637 2980 viro
2657 2922 2860 2994 injuste
2880 2924 3116 2977 haereses
3141 2919 3433 2989 appingere
3453 2919 3765 2984 videamur,

2174 3035 2365 3075 earum
2397 3028 2632 3089 partem,
2663 3032 2729 3073 cx
2760 3016 2909 3071 illius
2955 3014 3053 3067 aevi
3083 3012 3467 3082 scriptoribus,
3511 3008 3763 3064 nondum

2174 3109 2353 3173 editis,
2388 3122 2488 3163 nec
2520 3108 2594 3162 ita
2626 3107 2681 3160 in
2716 3115 2996 3176 promptu,
3025 3102 3115 3158 hic
3144 3116 3503 3171 apponemus.
3526 3099 3765 3155 Nomina

2176 3201 2416 3256 nondum
2449 3200 2625 3269 reperi
2655 3215 2670 3253 ε
2702 3198 2854 3254 acuti
2888 3206 3071 3252 tamen
3108 3202 3281 3261 sunt,
3328 3204 3384 3250 et
3423 3194 3766 3264 argumentis

490 3294 543 3337 et
566 3298 760 3337 nomm
786 3284 1103 3351 religionem
1130 3285 1337 3340 videre.
1366 3284 1499 3350 Quae
1522 3284 1706 3338 omnia
1730 3285 1894 3339 etiam
1922 3286 2073 3355 ipsos
2100 3294 2144 3353 ο
2178 3284 2245 3347 ad
2295 3288 2641 3361 probandum
2677 3288 3013 3344 ﬁrmissimis
3062 3286 3439 3341 adversarium
3482 3285 3762 3354 jugulaut.

489 3377 766 3429 dmmoues
817 3384 1038 3443 terrent,
1075 3392 1199 3429 cum
1231 3375 1332 3445 ipsi
1386 3376 1556 3429 illum"
1580 3374 1751 3429 Deum
1795 3390 1966 3430 unum
2019 3383 2075 3430 et

488 3467 666 3520 solum
695 3468 942 3531 credant,
984 3478 1039 3523 et
1068 3468 1519 3523 contremiscam.
1555 3486 1575 3521 ι
1620 3466 1910 3533 Quomodo
1943 3483 2075 3538 ergo

490 3562 763 3615 hominem
799 3561 1092 3629 nefarium,
1141 3562 1393 3631 impium,
1436 3562 1780 3620 hmreticum.
1821 3561 2075 3617 Turcica’.

490 3651 700 3707 libidini
720 3653 1052 3721 expositum.
1076 3650 1409 3722 iul‘audaque
1431 3667 1676 3722 passum,
1700 3653 1747 3709 si
1769 3670 1895 3709 vera
1917 3655 2076 3709 nobis

490 3754 676 3800 narrat
721 3744 1016 3814 Gregoras,
1060 3754 1115 3800 et
1151 3744 1221 3800 ab
1268 3745 1567 3801 universali
1615 3746 1934 3802 Graecorum
1977 3746 2078 3804 Εε-

489 3837 678 3903 clesia,
728 3839 895 3892 etiam
940 3838 1069 3892 dum
1110 3838 1333 3902 viveret,
1371 3837 1575 3895 l‘rustra
1609 3841 1934 3896 conantibus
1976 3841 2079 3895 im-

493 3930 844 3996 peratoribus
879 3929 1538 4001 Constantinopolitanis,
1577 3943 1766 3987 coacta
1799 3935 2013 4006 synodo
2046 3936 2077 3989 a

491 4022 823 4090 patriarchis
849 4022 1195 4077 Antiochcno
1230 4022 1460 4095 lguatio,
1493 4033 1548 4079 et
1578 4024 2079 4097 Constantinopoli-

475 4124 618 4171 ‘tano
669 4115 902 4181 Joanne,
955 4131 1064 4171 non
1112 4126 1333 4187 propter
1380 4117 1435 4171 in
1490 4116 1718 4174 Latinos
1763 4119 1933 4183 dicta,
1983 4118 2078 4174 sed

491 4207 930 4278 quamplurimos
972 4209 1109 4262 alios
1145 4207 1200 4261 in
1247 4208 1349 4263 ﬁde
1383 4223 1603 4266 errores
1646 4210 1981 4266 anathemati
2029 4219 2084 4266 ct

492 4299 1049 4355 excommunicationi
1105 4299 1457 4370 subjectum,
1513 4303 1652 4359 adeo
1707 4306 1860 4374 pium
1920 4301 2083 4359 nobis

494 4392 642 4447 illius
670 4399 972 4448 sectatores
1004 4403 1337 4462 proponunt.
1361 4395 1591 4452 Tomum
1618 4394 1811 4466 lgnatii
1838 4398 1891 4451 in
1918 4396 2085 4451 Pala-

480 4484 665 4550 mam,
728 4483 853 4553 quia
918 4484 1184 4555 prolixior
1241 4498 1346 4548 est.
1404 4499 1667 4559 praetereo
1706 4505 1722 4543 :
1763 4488 2074 4543 breviorem

493 4578 722 4634 Joannis
783 4578 875 4633 hic
931 4579 1169 4633 habeto:
1205 4580 1308 4632 Τὸν
1352 4581 1620 4650 Παλαμᾶν
1649 4580 1743 4632 καὶ
1786 4581 1913 4642 τοὺς
1953 4578 2082 4647 ὁμό-

496 4687 701 4739 φρονας
724 4669 922 4731 αὑτοῦ..
948 4671 1041 4724 καὶ
1074 4672 1250 4727 πάντα
1268 4670 1339 4723 τὰ
1374 4672 1547 4739 ἀσεϐῆ
1570 4669 1750 4723 αὐτῶν
1802 4670 2077 4740 δόγματα,

497 4765 829 4835 οἰκειότερον
854 4762 912 4817 δὲ
944 4765 1120 4818 εἰπεῖν
1150 4765 1625 4835 παραληρήματα.
1657 4761 1782 4824 τούς
1829 4780 1886 4816 τε
1935 4763 2082 4817 ὲκδι·

497 4855 752 4918 κοῦντας,
783 4856 878 4909 καὶ
919 4856 1394 4926 ἐκλαμϐάνοντας,
1440 4856 1537 4909 καὶ
1577 4854 1974 4927 ἐκδεχομένους
2015 4859 2085 4913 τὰ

498 4946 656 5016 ἐντῷ
693 4946 858 5016 Τόμῳ
882 4946 1023 4999 κατὰ
1056 4946 1155 5017 τὴν
1207 4945 1390 4999 αὐτῶν
1452 4944 1743 5014 ἐξήγησιν,
1791 4944 1993 5014 μᾶλλον
2027 4947 2084 5001 δὲ

500 5037 794 5107 φλυαρίαν,
837 5042 931 5091 καὶ
963 5039 1022 5090 οὐ
1042 5040 1163 5091 κατ’
1188 5038 1401 5092 ἔννοιαν
1445 5035 1754 5107 θεοπρεπῆ,
1796 5036 1894 5092 καὶ
1932 5037 2088 5106 ὀρθό-

495 5128 669 5194 δοξον,
705 5130 799 5182 καὶ
827 5129 1011 5192 καθὼς
1038 5133 1087 5184 οἱ
1134 5131 1234 5198 τῆς
1268 5129 1603 5198 Ἐκκλησίας
1665 5132 1954 5202 φωστῆρες
1992 5134 2088 5186 καὶ

501 5222 838 5289 διδάσκαλοι,
866 5222 950 5288 οἷς
973 5225 1066 5282 καὶ
1088 5226 1251 5295 ἡμεῖς
1291 5223 1574 5292 ἑπόμενοι,
1598 5223 1695 5277 καὶ
1731 5223 2090 5278 ἀκολουθοῦν-

502 5329 594 5375 τες
620 5312 690 5366 τὰ
711 5313 820 5367 τῶν
849 5314 1019 5384 ἁγίων
1055 5316 1196 5386 ῥητὰ
1239 5313 1626 5385 ὲνεγράιζκαμεν
1668 5316 1726 5367 ὲν
1775 5315 1854 5386 τῷ
1898 5315 2086 5386 Τὸμῳ,

504 5406 600 5458 καὶ
626 5407 839 5471 πάντας
866 5409 993 5470 τοὺς
1027 5407 1095 5461 δι’
1119 5406 1252 5461 αὐτὸ
1281 5407 1461 5472 τοῦτο,
1489 5407 1660 5475 ἤγουν
1680 5408 1763 5461 ὅτι
1807 5409 1881 5479 μὴ
1906 5426 2089 5479 rapa-

502 5498 776 5566 δεχόμεθα
804 5499 874 5552 τά
895 5498 1124 5552 τοιαῦτα
1175 5498 1360 5552 αὐτῶν
1400 5499 1877 5572 παραληρήματα,
1908 5494 1984 5555 ὧν
2020 5502 2090 5555 τὰ

510 5594 611 5659 μὲν
633 5590 1028 5659 ἀπεστάλησαν
1052 5592 1187 5660 ἡμῖν
1216 5590 1347 5661 παρ’
1382 5592 1584 5657 αὐτῶν,
1636 5593 1704 5647 τά
1729 5593 1786 5647 δὲ
1833 5593 1929 5648 καὶ
1958 5590 2092 5664 παρ’

509 5682 716 5753 ἑτέρων
766 5684 1200 5754 ἐνεφανίσθησαν
1232 5727 1248 5752 ,
1295 5684 1678 5755 τολμήσαντας
1717 5686 2093 5750 ἀκανονίστως

512 5773 610 5826 καὶ
644 5773 886 5845 ἀκρίτως
916 5775 1195 5843 dim-4642a:
1219 5776 1278 5829 τό
1304 5778 1655 5848 μνημόσυνόν
1684 5796 1810 5850 μου,
1849 5777 1929 5848 τῷ
1985 5779 2093 5832 ἀπὸ

516 5865 613 5933 τῆς
635 5868 746 5929 {tua
757 5866 946 5937 ρχικῆς
977 5870 1071 5922 καὶ
1096 5869 1258 5937 ἁγίας
1287 5868 1517 5940 Τριάδος
1537 5872 1722 5941 δεσμῷ
1746 5871 2095 5925 καθυποόάλ-

519 5955 708 6037 λομεν,
738 5957 829 6009 καὶ
848 5958 923 6027 τῷ
941 5958 1250 6030 ἁναθέματι
1270 5962 1742 6035 παραπέμπομεν.
1764 5960 1825 6015 Ἠ
1850 5963 2092 6032 ὑπογρα-

2182 3382 2397 3437 Primus
2427 3388 2545 3435 est:
2594 3378 2842 3443 Διάλεξίς
2885 3392 3036 3439 τινος
3089 3377 3273 3445 λογίου
3320 3377 3417 3429 καὶ
3469 3370 3765 3444 φιλοσόφου

2178 3475 2287 3529 ἀπὸ
2315 3473 2425 3525 τῶν
2455 3470 2612 3524 θείων
2644 3470 2903 3541 Γραφῶν.
2942 3465 3096 3532 Εἶδες
3126 3467 3227 3539 τὴν
3262 3466 3624 3522 ἀνταπόδοσιν
3665 3467 3764 3520 τῖιῦ

2179 3565 2447 3637 πολέμου,
2484 3564 2579 3618 καὶ
2613 3562 2721 3616 τῶν
2751 3560 3004 3630 ἀγώνων.
3036 3554 3193 3625 Εἶδες
3219 3561 3438 3624 καὶτὰς
3476 3554 3576 3613 ὦδε
3614 3576 3765 3627 γινο-

2167 3653 2351 3732 ’μένας
2382 3659 2658 3740 ἐμφάσεις
2695 3658 2759 3709 ὲκ
2795 3657 2894 3726 τῆς
2932 3654 3212 3725 μακαρίας
3255 3653 3508 3724 Τριάδος,
3562 3652 3661 3706 οὐκ
3698 3652 3763 3704 ἐκ

2168 3754 2277 3833 τῆς
2300 3751 2608 3823 ἐνεργείας.
2657 3748 2808 3819 Αὕτη
2854 3748 2888 3819 ἡ
2920 3747 3045 3814 δόξα
3070 3749 3173 3819 τῆς
3198 3746 3554 3819 Ἐκκλησίας,
3617 3744 3763 3815 αὕτη

2180 3846 2213 3917 ἡ
2245 3843 2568 3918 πίστις’,τῶν
2597 3841 2922 3912 ὀρθοδόξων,
2961 3841 3071 3894 τῶν
3106 3839 3427 3895 ἀποστόλων
3454 3840 3516 3894 τὸ
3549 3838 3763 3910 κήρυγο

2183 3956 2281 4008 μα,
2314 3936 2424 3990 τῶν
2465 3936 2728 4004 Πατέρων
2758 3933 2827 3987 τά
2859 3933 3137 4003 δόγματα,
3192 3933 3303 3986 τῶν
3353 3931 3645 4003 μαρτύρων
3694 3932 3763 3984 τά

2184 4030 2415 4100 σφάγια,
2448 4029 2556 4081 τῶν
2585 4028 2751 4081 ὁσίων
2778 4026 2848 4080 τά
2917 4025 3344 4097 κατορθώματα,
3384 4024 3493 4080 τῶν
3531 4023 3691 4094 ἱερῶν
3727 4024 3759 4093 ἡ

2183 4122 2512 4192 εὐπρέπεια,
2545 4120 2652 4175 τῶν
2684 4118 3027 4174 διδασκάλων
3063 4120 3091 4188 ἡ
3143 4116 3417 4186 θεολογία.
3480 4116 3762 4170 Κατέπεσε

2182 4215 2292 4267 τῶν
2334 4215 2442 4268 σῶν
2481 4212 2769 4284 δογμάτων
2805 4214 2832 4266 ὁ
2871 4211 3089 4283 ὄροφος.
3169 4209 3469 4282 Συνετρίὸη
3516 4211 3548 4280 ἡ
3601 4208 3762 4261 οἰκία.

2198 4306 2258 4360 Ὀ
2290 4305 2545 4375 θεμέλιος
2568 4305 2876 4375 ἀνετράπη.
2923 4305 2984 4358 '0
3009 4302 3270 4374 φραγμδς
3304 4300 3640 4371 κατεκαύθη.
3679 4299 3763 4363 Ὦς

2184 4398 2336 4468 χοὺς,
2367 4396 2451 4451 ὡσ
2470 4398 2624 4460 κόνις
2661 4396 2769 4450 ὑπὸ
2804 4395 3072 4458 λαίλαπος
3122 4394 3190 4449 τά
3227 4393 3294 4447 σά
3344 4393 3537 4462 γέγονε
3601 4408 3765 4444 κατα-

2187 4492 2377 4561 φύγια.
2409 4491 2491 4543 Τά
2522 4491 2678 4560 τείχη
2721 4486 3238 4559 κατεχαλάσθησαν.
3269 4486 3336 4539 Al
3373 4484 3630 4552 ἐπάλξεις
3665 4484 3766 4553 ἡφ-

2186 4583 2508 4654 ανίσθησαν.
2546 4581 2639 4646 El;
2663 4581 2817 4644 τέλος
2852 4578 3159 4632 ἀπώλοντο.
3212 4577 3278 4631 Τί
3329 4576 3511 4641 λέγεις
3551 4575 3763 4640 λοιπόνς

2187 4673 2460 4741 Πείθομεν
2487 4674 2600 4736 τοῖς
2630 4672 2812 4739 λόγοις
2845 4671 3082 4736 τούτοις,
3117 4670 3213 4724 καὶ
3241 4671 3363 4733 ταῖς
3415 4670 3481 4722 ἐκ
3506 4669 3604 4738 τῆς
3634 4668 3768 4735 Γραο

2175 4761 2295 4836 ’φῆς
2325 4764 2703 4835 μαρτυρίαις;
2743 4764 2804 4816 Εἰ
2842 4763 2941 4833 μὲν
2983 4761 3270 4831 πείθομεν,
3309 4761 3392 4832 τῷ
3424 4761 3543 4832 Θεῷ
3588 4761 3764 4831 χάρις,

2184 4856 2263 4928 τῷ
2295 4856 2421 4920 τοὺς
2466 4852 2933 4923 ἀπεγνωσμένους
2986 4853 3051 4906 ὲκ
3101 4851 3314 4922 πλάνης
3367 4853 3764 4921 ἐπιστρέφοντι,

2188 4950 2281 5002 καὶ
2319 4946 2394 5018 μὴ
2423 4946 2741 5016 βουλομένῳ
2776 4944 2869 4999 τὸν
2891 4945 3122 4999 θάνατον
3150 4942 3246 4997 τοῦ
3299 4941 3650 5013 ἀμαρτωλοῦ,
3694 4942 3766 5004 ὡς

2185 5042 2246 5095 τὸ
2277 5038 2605 5111 ἐπιστρέψαι
2635 5038 2730 5091 καὶ
2764 5038 2865 5108 ζῇν
2891 5037 3073 5091 αὐτόν.
3111 5037 3171 5090 Ei
3202 5035 3248 5089 δ’
3271 5036 3331 5088 οὐ
3369 5034 3650 5105 πείθομεν,
3673 5034 3769 5104 δρα

2187 5130 2372 5183 λοιπδν
2404 5130 2461 5181 ὲν
2483 5129 2606 5180 ὅσαι
2616 5146 2636 5186 ;
2669 5127 2764 5180 καὶ
2784 5127 2926 5190 οἵαις
2953 5125 3254 5196 ἐμπίπτεις
3280 5125 3581 5196 αἱρέσεσιν,
3605 5125 3633 5178 ὁ
3674 5123 3771 5194 ψυ-

2190 5220 2302 5293 χῶν
2368 5219 2683 5292 προστάτης
2744 5219 2837 5272 καὶ
2910 5216 3243 5288 Ἐκκλησίας
3299 5216 3437 5269 Θεοῦ
3485 5217 3769 5285 γενόμενος

2191 5312 2478 5384 κρίμασιν,
2502 5304 2584 5374 οἷς
2608 5305 2751 5362 οἶδεν
2782 5309 2994 5372 ἐκεῖνος
3024 5309 3051 5360 ό
3083 5308 3412 5379 ἀπόρρητος,
3452 5305 3553 5359 κᾶν
3575 5304 3669 5359 καὶ
3700 5304 3773 5374 μὴ

2192 5406 2467 5477 παρεδόθη
2491 5422 2575 5457 σοι
2596 5401 2684 5456 διά
2716 5401 2919 5469 πολλὴν
2954 5400 3124 5456 αὐτοῦ
3157 5399 3548 5471 μακροθυμίαν
3574 5399 3607 5469 ἠ
3653 5398 3773 5449 Ἐκ-

2170 5498 2417 5571 ἶκλησία,
2452 5495 2546 5550 καὶ
2586 5495 2644 5548 al
2673 5494 2861 5565 ψυχαί.
2906 5494 3085 5546 Πᾶσαι
3135 5492 3233 5559 μὲν
3272 5486 3365 5545 οὖν
3416 5491 3473 5543 αἱ
3534 5489 3772 5559 αἱρέσεις

2195 5588 2346 5657 παρὰ
2374 5584 2483 5638 τῶν
2525 5583 2697 5652 ἁγίων
2740 5583 3160 5643 θανατωθείσαι,
3215 5582 3309 5634 καὶ⁵
3365 5578 3771 5649 διαφθαρεῖσαι,

2197 5680 2339 5750 ξηρά
2397 5679 2691 5747 γεγόνασιν
2749 5677 2914 5729 ὀστέα
2972 5671 3193 5743 σαρκῶν
3232 5672 3385 5738 ἀνευ,
3431 5672 3659 5741 νεύρων,
3683 5670 3773 5723 καὶ

2202 5770 2504 5845 ἁρμονιῶν.
2550 5770 2621 5824 Σὺ
2643 5768 2699 5823 δὲ
2730 5768 2936 5831 ταύτας
2973 5767 3374 5836 ἀναγεννήσας,
3409 5763 3503 5817 καὶ
3531 5761 3769 5816 ἀναπλά-

2202 5881 2322 5932 σας,
2354 5863 2448 5915 καὶ
2478 5863 2547 5916 τὰ
2580 5862 2781 5933 μάταια
2807 5860 3078 5930 δόγματα,
3110 5856 3346 5925 πνεῦμα,
3390 5853 3548 5926 σάρξ,
3598 5855 3770 5925 ἀρμο⁶

2204 5959 2336 6026 νίαι,
2375 5956 2472 6010 καὶ
2504 5955 2670 6025 νεῦρα
2696 5957 2923 6018 ταύταις
2954 5954 3220 6021 γενόμενα
3261 5950 3367 6020 ζῶν
3394 5949 3640 6022 ἔμψυχον
3682 5949 3772 6003 καὶ
