4046 6460
487 347 594 411 867

1705 349 1800 409 DE
1845 342 2251 409 GREGORIO
2295 345 2601 407 PALAMA

3664 343 3772 409 868

493 466 734 535 μάλιστα
762 462 816 515 δὲ
856 462 950 514 καὶ
977 461 1154 523 καλῶς
1182 459 1321 523 οἰδα,
1360 458 1454 512 καὶ
1501 457 1842 530 τεθάρῤηκα,
1869 461 1963 513 καὶ
1989 473 2077 510 πε-

2187 453 2559 523 estiul‘ragilis
2590 453 2796 509 Christi
2830 452 3045 520 Petrus,
3068 461 3124 508 et
3157 451 3552 523 discipulorum
3587 468 3720 523 apex
3751 475 3764 519 ;

492 559 790 619 πίστευκα,
821 556 937 616 ταῖς
968 553 1060 606 τοῦ
1090 554 1345 622 Σωτῆρος
1380 552 1736 619 ἐπαγγελίαις
1780 551 2080 620 πιστούμεη

495 668 608 712 νος.
657 651 852 716 Ἡμεῖς
880 647 936 698 δὲ
965 646 1043 714 τῷ
1073 645 1398 714 κηρύγματι
1445 645 1554 696 τῶν
1590 645 1927 706 ἀποστόλων,
1986 644 2078 698 καὶ

401 781 410 800 η
492 746 605 804 τοῖς
639 743 873 810 δόγμασι
897 739 1007 792 τῶν
1065 739 1327 808 Πατέρων
1389 737 1671 806 ἑπόμενοι,
1710 740 1805 792 καὶ
1863 737 2081 791 πάντων

413 837 417 858 ¹
493 836 686 902 ἁγίων,
752 835 811 885 οὐ
869 830 1257 900 Οεολογοῦμεν,
1323 829 1437 882 ἀλλ’
1485 829 1958 893 ἀνασκευάζοντες
2010 827 2080 901 τά

493 929 727 996 βδελυρὰ
755 927 1026 995 δῦγματα,
1059 924 1410 993 κηρύττωμεν
1441 925 1536 975 καὶ
1592 923 1826 993 λέγομεν
1880 921 2075 986 οὕτως’

492 1019 938 1086 Πιστεύομενεξς
973 1015 1217 1085 Πατέρα,
1277 1014 1426 1076 Υἱόν,
1474 1014 1568 1066 καὶ
1623 1012 1778 1076 ἅγιον
1829 1011 2078 1081 Πνεῦμα,

490 1111 639 1180 τρεῖς
681 1109 970 1180 ἰδιότητας.
1007 1109 1135 1177 μίαν
1194 1107 1460 1175 Θεότητα,
1522 1107 1669 1175 τρεῖς
1729 1105 2076 1168 ὑποστάσεις,

495 1204 627 1272 μίαν
655 1203 906 1272 θεότητα,
943 1201 1069 1271 τρία
1115 1200 1408 1269 πρόσωπα,
1453 1199 1583 1269 μίαν
1641 1196 1892 1268 θεότητα,
1952 1198 2080 1260 μίαν

489 1295 701 1356 οὐσίαν,
742 1296 871 1362 μίαν
903 1294 1067 1364 φύσιν
1095 1292 1293 1362 ἁπλῆν,
1353 1293 1498 1362 ῐσην,
1536 1289 1859 1363 ἀδιαίρετον,
1913 1290 2081 1360 ἀσύγ-

489 1401 677 1454 χυτον,
711 1383 942 1448 ἑνιαίαν,
974 1383 1184 1454 Τριάδα
1230 1383 1288 1434 ὲν
1339 1381 1556 1451 μονάδι,
1612 1380 1709 1434 καὶ
1772 1380 1975 1450 μονάδα
2019 1382 2080 1432 ὲν

491 1475 683 1543 Τριάδε
715 1474 1225 1545 προσκυνουμένην.
1257 1474 1353 1526 καὶ
1417 1473 1742 1543 σεϐομένην.
1789 1473 2080 1543 Ἀλλοτρίῳ

492 1570 548 1621 δὲ
576 1570 634 1619 οὐ
673 1568 748 1636 μὴ
775 1567 1247 1635 άκολουθήσομεν.
1285 1566 1419 1619 Οὐδὲ
1453 1567 1562 1636 γὰρ
1587 1566 1814 1636 οῖδαμεν
1844 1565 1940 1636 τὴν
1964 1583 2080 1632 φω-

493 1665 590 1733 νὴν
642 1663 748 1714 τῶν
783 1663 1078 1727 ἀλλοτρίων
1109 1662 1430 1715 ἀκολουθεῖν
1465 1679 1477 1692 ·
1557 1661 1679 1715 οὐδὲ
1743 1662 1828 1714 σοὶ
1865 1662 1939 1730 τῷ
1986 1661 2081 1732 λῃ-

495 1750 738 1819 στρικῶς
774 1749 1073 1818 ἀλλαχόθεν
1109 1749 1481 1814 ἀναϐαίνοντι,
1515 1751 1608 1805 καὶ
1643 1749 1720 1822 μὴ
1737 1751 1822 1804 διὰ
1851 1751 1950 1820 τῆς
1982 1751 2080 1804 θύ-

494 1857 598 1910 ρας
659 1842 738 1902 εἷς
798 1839 896 1910 τὴν
962 1840 1131 1912 αὐλὴν
1184 1843 1552 1912 εἰσερχομένῳ
1612 1843 1722 1897 τῶν
1767 1843 2079 1914 προϐάτων.

492 1932 651 1987 Οὕτω
675 1932 732 1985 δὲ
767 1933 1231 2003 προσκυνοῦντες,
1264 1932 1408 1988 οὕτω
1452 1933 1792 2002 δοξάζοντες,
1823 1937 1920 1990 καὶ
1940 1937 2082 1991 οὔτω

495 2025 782 2095 σεϐόμενοι
813 2026 912 2095 τὴν
945 2027 1076 2096 μῖαν
1102 2027 1160 2077 ἐν
1217 2027 1369 2096 τρισὶ
1433 2027 1756 2098 προσώποις
1815 2028 2078 2100 Θεότητα,

493 2119 590 2171 καὶ
614 2119 712 2182 τὰς
740 2119 1078 2188 ἐπαγγελίας
1114 2125 1317 2182 πιστὰς
1358 2121 1579 2191 ἔχομεν,
1614 2120 1844 2189 ὀψεσθαι
1877 2121 2084 2192 ταύτην

490 2209 826 2280 τελεώτερόν
854 2228 913 2264 τε
948 2212 1044 2264 καὶ
1073 2211 1487 2284 καθαρώτερον,
1519 2212 1618 2266 οὐκ
1653 2215 1711 2267 ὲν
1762 2213 2080 2284 αἰνίγμασι,

490 2303 786 2371 πρόσωπον
813 2303 870 2357 δὲ
906 2305 1042 2373 πρὸς
1074 2304 1367 2375 πρόςωπον
1393 2307 1450 2359 ἐν
1488 2307 1674 2379 ἐκείνῃ
1728 2309 1792 2376 τῇ
1829 2307 2084 2380 ἀθανάτῳ

491 2396 763 2469 βασιλείᾳ,
832 2399 923 2451 καὶ
961 2397 1261 2452 ἀπολαύσει
1311 2398 1420 2452 τῶν
1507 2399 1753 2465 δικαίων,
1801 2395 1867 2472 ἦς
1905 2401 2083 2472 ὅψεως

493 2491 712 2556 γένοιτο
744 2490 954 2552 πάντας
988 2492 1134 2559 ἡμᾶς
1192 2491 1494 2560 ἐπιτυχεῖν,
1551 2492 1646 2546 καὶ
1709 2493 1768 2546 σὲ
1808 2495 2079 2566 μετανοή-

478 2571 694 2646 ίσαντα,
729 2583 918 2654 χάριτι
946 2585 1041 2638 καὶ
1077 2585 1410 2656 οἰκτιρμοῐς,
1435 2586 1532 2639 καὶ
1573 2587 1958 2660 φιλανθρωπίᾳ
1990 2590 2082 2644 τοῦ

488 2677 690 2743 Κυρίου
721 2676 880 2746 ἡμῶν
920 2677 1098 2747 Ἰησοῦ
1129 2675 1396 2744 Χριστοῦ,
1426 2697 1471 2748 ῳ
1511 2681 1714 2750 πρέπει
1748 2683 1899 2734 πᾶσα
1929 2682 2077 2747 δόξα,

485 2769 642 2837 τιμὴ,
667 2768 764 2820 καὶ
795 2767 1184 2838 προσκύνησις,
1230 2768 1328 2820 σὺν
1350 2767 1428 2839 τῷ
1456 2768 1679 2839 ἀνάρχῳ
1717 2770 1881 2824 αὐτοῦ
1908 2774 2083 2842 [largi

483 2862 564 2932 τῷ
600 2862 746 2932 μόνῳ
791 2861 974 2930 αἰτίῳ,
1004 2861 1100 2914 καὶ
1143 2859 1224 2929 τῷ
1283 2860 1560 2930 παναγίῳ,
1596 2861 1693 2914 καὶ
1745 2861 1958 2931 ἀγαθῷ,
1989 2865 2084 2916 καὶ

483 2955 736 3027 ζωογονῷ
754 2955 916 3009 αὐτοῦ
938 2953 1302 3023 Πνεύματι,τῇ
1319 2952 1821 3024 μιᾷμαὶάδιᾱιρέτῳ
1836 2954 2080 3023 Θεότητι,

483 3047 1023 3111 νῦνκαὶάεἱ,καὶείς
1059 3045 1185 3108 τοὺς
1224 3043 1428 3108 αἰῶνας
1477 3043 1583 3096 τῶν
1612 3045 1846 3100 αἰώνων.
1881 3047 2077 3117 Ἀμήν.

491 3157 512 3191 ι
547 3137 877 3206 Disceptatio
903 3136 1188 3205 cujusdam
1223 3135 1322 3188 viri
1357 3135 1578 3199 eruditi,
1611 3147 1665 3190 et
1701 3137 2008 3207 philosophi
2052 3153 2081 3192 e
2109 3153 2154 3215 ο

485 3229 662 3284 sacris
688 3228 904 3282 litteris.
937 3225 1135 3282 Vidisti
1175 3243 1370 3298 pugna:
1400 3242 1464 3282 ac
1492 3229 1856 3283 certaminum
1893 3245 2076 3286 remu-

486 3321 849 3376 nerationem.
889 3319 1084 3376 Vidisti
1135 3337 1258 3391 quae
1309 3321 1396 3376 hic
1431 3319 1586 3376 facta:
1635 3334 1764 3378 sunt
1817 3339 1882 3378 cx
1917 3324 2076 3378 beata

486 3413 708 3480 Triade,
754 3429 859 3468 non
907 3430 971 3468 ex
1021 3414 1340 3484 operatione
1392 3413 1918 3472 demonstrationes.
1978 3416 2078 3473 llic

484 3519 570 3562 est
615 3525 812 3563 sensus
856 3507 1140 3572 Ecclesiae,
1187 3509 1302 3563 hmc
1351 3518 1496 3564 recte
1524 3510 1881 3565 sentientium
1918 3510 2074 3578 lides,

489 3602 875 3671 Apostolorum
930 3601 1282 3672 prtetlieatiof,
1330 3601 1554 3657 Patrum
1597 3604 1883 3674 _d0gmata,
1930 3619 2077 3657 mar-

489 3705 668 3762 tyrum
713 3693 920 3756 caedes,
970 3693 1347 3748 eonfessmum
1407 3693 1678 3759 facinora,
1725 3696 2074 3748 sacerdotum

489 3789 676 3850 decor,
713 3795 1105 3855 prmceptorum
1139 3787 1204 3842 tle
1250 3786 1359 3840 Deo
1413 3786 1670 3841 scientia.
1703 3785 1912 3841 Cecidit
1955 3799 2076 3841 tuo-

491 3896 612 3933 rum
645 3881 962 3948 dogmatum
991 3878 1233 3941 culmen,
1261 3878 1460 3933 domus
1491 3879 1709 3942 collisa,
1749 3876 2076 3933 fundamen-

488 3987 603 4026 tum
643 3987 918 4034 eversum,
975 3984 1134 4039 sepcs
1163 3978 1382 4030 exusta,
1416 3969 1584 4024 veluti
1612 3970 1780 4038 ciuis,
1818 3977 1873 4023 et
1899 3971 2076 4040 pulvis

487 4075 518 4112 a
546 4059 764 4113 turbine
797 4068 886 4110 tua
938 4054 1282 4127 subterltigia
1315 4055 1607 4126 dissipata,
1654 4057 1798 4111 muri
1834 4057 2073 4127 disjecti,

487 4149 895 4218 propugnacula
931 4146 1158 4208 abolita,
1216 4145 1573 4218 l‘unditusque
1622 4149 1886 4205 convulsa
1921 4159 2074 4207 sunt.

487 4239 629 4306 Quid
680 4249 735 4292 tu
781 4238 1098 4294 interimis!
1149 4253 1278 4293 num
1311 4240 1492 4296 verbis
1541 4240 1714 4307 hisce,
1780 4251 1836 4297 et
1875 4243 2076 4298 divina:

489 4332 788 4400 Scriptura:
826 4331 1156 4387 testimoniis
1200 4331 1496 4388 suaderis?
1528 4336 1574 4388 si
1607 4334 1930 4402 suademus,
1966 4336 2074 4392 Deo

486 4423 678 4491 gratia:
726 4420 990 4477 habendae
1046 4431 1200 4490 sunt,
1252 4421 1346 4492 qui
1396 4422 1720 4493 desperatos
1767 4425 1838 4480 ab
1883 4442 2072 4482 errore

2185 547 2276 600 sed
2309 559 2416 599 non
2460 545 2818 600 obliviscetur
2865 545 2919 600 in
2967 546 3126 600 linem
3174 545 3453 615 pauperis,
3504 560 3770 615 pauperes

2182 639 2327 694 enim
2357 639 2483 694 lacti
2508 654 2724 704 sumus,
2745 648 2800 694 et
2821 638 3021 694 divinae
3048 640 3254 709 gratiae,
3280 640 3325 694 si
3349 655 3582 709 usquam
3610 641 3765 702 alias,

2182 741 2402 802 propter
2424 741 2609 788 nostra
2634 741 2878 801 peccata,
2903 731 3094 802 indigi.
3120 733 3260 787 Audi
3290 733 3473 802 itaque
3500 749 3516 787 :
3547 733 3593 786 l.
3625 733 3764 787 Cum

2185 822 2600 880 dicis'l)eitates
2643 825 2855 879 inlinite
2885 825 3145 883 inlinitas.
3177 841 3302 879 cum
3335 822 3628 892 gentilibus
3651 842 3768 880 om-

2185 915 2345 970 nibus
2378 916 2741 971 consociaris.
2798 916 2856 970 2.
2891 917 3024 970 Cum
3054 917 3212 980 dicis,
3249 917 3385 973 duas
3419 919 3650 974 Deitates
3679 921 3766 973 vi-

2183 1007 2397 1062 sibilem
2428 1018 2481 1062 et
2511 1008 2866 1076 invisibilem,
2897 1009 3442 1078 comprehensibilem
3470 1022 3522 1066 et
3553 1011 3763 1067 incom-

2185 1100 2610 1168 prehensibilem
2640 1101 2830 1166 Deum,
2861 1103 2912 1156 in
2939 1103 3127 1158 eadem
3155 1119 3276 1157 cum
3300 1103 3523 1158 Platone
3549 1115 3767 1160 senten-

2184 1193 2254 1244 tia
2283 1206 2364 1258 es,
2388 1193 2480 1262 qui
2505 1195 2699 1248 asserit
2720 1195 2859 1250 duos
2879 1194 3034 1262 deos,
3072 1194 3296 1250 laudum
3339 1197 3763 1273 uelandumque,

2181 1283 2452 1339 visibilem
2477 1293 2532 1340 et
2570 1285 2920 1340 invisibile-tt.
2945 1288 2998 1342 5.
3027 1287 3158 1342 Cum
3184 1288 3324 1344 dicis
3343 1291 3480 1344 duas
3503 1290 3761 1355 Deitates.

2183 1376 2695 1432 communicabilem
2715 1419 2730 1442 ,
2761 1387 2814 1433 et
2848 1365 3420 1434 incommunicabilem
3444 1424 3460 1447 ,
3487 1381 3543 1435 in
3574 1383 3760 1437 eadem

2183 1484 2307 1522 cum
2340 1467 2656 1525 Manichteis
2689 1472 2948 1540 opinione
2973 1488 3054 1538 es,
3091 1473 3186 1542 qui
3216 1472 3354 1528 duas
3383 1473 3640 1542 Deitates,
3671 1474 3763 1529 bo-

2183 1574 2309 1613 nam
2351 1571 2404 1616 ct
2454 1562 2652 1616 malam
2703 1562 3018 1618 adstruunt.
3073 1565 3127 1618 Α.
3178 1565 3313 1619 Cum
3364 1565 3416 1620 in
3477 1565 3762 1623 Divinitate

2184 1663 2421 1720 quatuor
2450 1667 2644 1722 ponas,
2674 1652 2914 1717 Patrem,
2950 1653 3169 1718 Filiutn,
3194 1657 3482 1726 Spiritum,
3504 1670 3762 1729 etopera-

2188 1744 2414 1809 tionem,
2459 1761 2582 1800 cum
2631 1745 2934 1817 Pythagora
2969 1749 3160 1809 sentis.
3189 1748 3281 1818 qui
3319 1762 3555 1818 quatuor
3593 1749 3760 1805 Deum

2183 1851 2306 1890 esse
2338 1847 2639 1901 asseverat,
2665 1839 3034 1910 enunciatque
3060 1842 3476 1910 quaternionem
3504 1844 3755 1910 perennis

2183 1938 2392 1984 natura:
2423 1930 2650 1986 fontem.
2683 1931 2736 1987 5.
2769 1931 2904 1986 Cum
2938 1935 3020 1987 ais
3047 1933 3326 1988 hominem
3361 1934 3683 2000 increatum,
3709 1946 3762 1992 et

2183 2021 2302 2075 sine
2346 2022 2616 2092 principio
2653 2033 2705 2076 et
2737 2023 2861 2088 line,
2892 2025 3242 2080 Aristotelem
3273 2041 3385 2095 pra:
3415 2037 3466 2081 te
3501 2027 3632 2095 lers,
3671 2029 3762 2098 qui

2185 2111 2450 2165 mundum
2477 2113 2665 2168 statuit
2687 2114 2804 2168 sine
2829 2114 3098 2184 principio
3115 2125 3169 2170 et
3209 2115 3335 2171 line.
3360 2115 3413 2171 6.
3441 2115 3574 2171 Dum
3602 2134 3759 2172 unam

2189 2201 2450 2258 Deitatcm
2489 2205 2540 2258 in
2579 2207 2915 2274 superiorem
2949 2217 3002 2262 et
3033 2205 3351 2263 inferiorem
3386 2209 3607 2275 dividis,
3637 2226 3757 2267 cum

2193 2293 2473 2348 insensato
2504 2297 2634 2350 Ario
2667 2296 2927 2362 aliirmas,
2959 2313 3186 2367 compar
3214 2299 3542 2370 principiqu
3581 2303 3759 2366 unius,

2186 2387 2524 2457 aequalisque
2577 2389 2819 2454 Deitatis,
2866 2390 2918 2443 in
2971 2391 3225 2459 superius
3273 2392 3609 2463 inferiusque
3649 2393 3762 2449 dis-

2185 2481 2384 2549 cerpis.
2415 2481 2467 2538 7.
2499 2481 2634 2536 Cum
2663 2497 2851 2538 omnes
2879 2483 3121 2553 Spiritus
3151 2485 3524 2555 operationes.
3556 2487 3609 2541 in
3635 2501 3762 2559 Ope-

2186 2571 2454 2626 rationem
2495 2572 2828 2639 inferiorem,
2879 2591 3072 2646 nempe
3119 2575 3383 2632 Deitatem
3432 2580 3660 2649 accipis,
3710 2590 3761 2636 et

2189 2663 2453 2734 Spiritum
2498 2666 2842 2736 Operatione,
2895 2683 3047 2738 mque
3092 2684 3156 2724 ac
3202 2680 3507 2725 creaturam
3559 2672 3762 2741 privas,

2192 2773 2298 2812 non
2349 2758 2617 2813 absimilis
2665 2775 2721 2814 es
2777 2759 3014 2829 Spiritus
3058 2763 3200 2817 hosti
3258 2762 3571 2819 Macedonio
3618 2763 3764 2819 afﬁr-

2190 2850 2383 2916 manti,
2411 2851 2825 2908 sanctissimum
2862 2853 3126 2924 Spiritum
3158 2857 3276 2910 sine
3302 2858 3618 2926 operatione
3644 2874 3763 2914 esse

2189 2955 2408 2995 servum
2445 2942 2692 3012 ejusdem
2751 2961 2873 3000 ctnn
2934 2944 3095 3000 Patre
3150 2956 3207 3002 et
3266 2946 3407 3002 Filio
3469 2951 3760 3006 facultatis.

2191 3031 2246 3087 8.
2289 3032 2424 3086 Cum
2456 3033 2744 3090 dissimilia
2776 3037 2830 3090 in
2867 3037 3124 3107 simplici,
3160 3055 3289 3104 una,
3315 3054 3379 3094 ac
3412 3042 3524 3094 sola
3559 3043 3763 3098 Deitatc

2187 3126 2492 3181 inttoducis
2519 3166 2536 3192 ,
2573 3127 2790 3184 visibile
2832 3140 2885 3184 et
2929 3130 3232 3196 invisibile,
3268 3135 3761 3202 comprehensibile

2184 3229 2239 3274 et
2271 3218 2844 3290 incomprehensibiie,
2881 3223 3338 3281 communicabile
3371 3237 3423 3280 et
3458 3227 3762 3284 incommu-

2183 3310 2437 3377 nieabile,
2490 3312 2664 3383 magis
2713 3324 2769 3370 et
2817 3315 3023 3378 minus,
3073 3319 3276 3373 asseris
3325 3304 3446 3374 cum
3491 3321 3758 3376 Eunomio

2183 3419 2352 3458 unum
2389 3401 2608 3460 Triadis
2653 3404 2934 3463 Christum
2989 3407 3280 3464 Dominum
3330 3411 3478 3468 Patri
3522 3413 3760 3486 inaequa-

2185 3495 2310 3549 lem.
2341 3494 2392 3551 9.
2427 3495 2563 3550 Cum
2597 3499 2905 3567 conti-altis,
2945 3509 2998 3554 et
3031 3501 3289 3558 decurtas
3344 3503 3396 3558 in
3435 3520 3600 3559 unam
3650 3513 3760 3560 tres

2183 3586 2496 3645 Divinitatis
2517 3605 2803 3660 personas,
2833 3593 2900 3646 ab
2924 3593 3112 3662 eisque
3138 3597 3342 3650 asseris
3365 3598 3755 3666 operationem,

2181 3696 2286 3734 non
2319 3682 2530 3737 alienus
2567 3699 2625 3738 es
2659 3699 2688 3738 a
2736 3685 2971 3741 Sabellio
3002 3688 3094 3756 qui
3145 3698 3254 3742 tres
3285 3688 3482 3754 Patris,
3519 3688 3672 3756 Filii,
3707 3702 3758 3746 ct

2181 3771 2420 3842 Spiritus
2453 3778 2627 3830 sancti
2679 3793 2966 3846 personas,
3004 3779 3056 3832 in
3093 3795 3254 3834 unam
3294 3780 3456 3849 impie
3495 3791 3753 3837 coarctat.

2180 3867 2266 3922 10.
2299 3869 2437 3924 Cum
2469 3870 2732 3940 majorem
2772 3875 3148 3941 minoremquc
3200 3873 3489 3938 Deitatem,
3528 3878 3754 3945 primam

2177 3974 2243 4014 ac
2267 3961 2564 4016 secundam
2600 3963 2894 4032 proﬁteris,
2929 3979 3054 4018 cum
3085 3965 3424 4034 Apollinario
3443 3982 3521 4030 es,
3558 3968 3648 4037 qui
3680 3968 3758 4020 in-

2178 4051 2490 4117 conlusam,
2525 4061 2690 4123 atque
2721 4055 3190 4125 incorruptibilem
3216 4066 3509 4124 ,naturam,
3550 4060 3600 4112 in
3646 4060 3752 4128 pri-

2180 4158 2352 4206 mam,
2382 4153 2437 4198 et
2466 4147 2791 4213 secundam,
2813 4155 2868 4200 et
2892 4147 3105 4201 tertiam
3135 4163 3448 4218 personam,
3473 4152 3749 4222 majorem,

2180 4237 2475 4301 minorem,
2509 4247 2562 4292 et
2605 4238 2786 4294 adhuc
2825 4241 3091 4294 mino:em
3137 4241 3456 4300 subdividit.
3496 4243 3580 4297 ll.
3621 4246 3750 4298 (lum

2179 4326 2347 4382 Deum
2377 4343 2444 4382 ex
2479 4330 2773 4384 contrariis
2805 4331 3134 4400 quibusdam
3171 4332 3482 4388 visibilibus
3524 4343 3578 4388 et
3615 4334 3752 4388 imi-

2183 4419 2464 4484 siLiIibus,
2493 4422 3082 4490 comprehensibilibns
3103 4433 3156 4478 et
3188 4423 3756 4493 incomprehensibili-

487 4514 778 4578 convertit,
821 4525 876 4569 et
926 4530 1034 4569 non
1065 4514 1180 4568 vult
1225 4525 1456 4570 mortem
1504 4517 1830 4585 peccatoris,
1878 4519 1972 4576 sed
2016 4530 2073 4574 ut
2105 4510 2151 4570 D
2181 4512 2303 4572 bus,
2339 4513 2894 4568 commtn.caoilibus
2920 4523 2974 4570 et
3005 4517 3640 4579 incommunicabilibus,
3667 4532 3755 4570 su-

486 4615 861 4668 convertatur,
896 4613 951 4659 et
990 4604 1174 4658 vivat:
1210 4609 1255 4662 si
1299 4619 1407 4659 non
1457 4608 1734 4670 suatleris,
1789 4621 1939 4664 tuum
1969 4610 2074 4665 erit

487 4695 670 4748 animo
701 4695 944 4760 volvere,
1003 4695 1057 4748 in
1102 4705 1256 4765 quot,
1289 4707 1344 4750 et
1393 4708 1628 4765 quantas
1662 4699 1896 4754 haereses
1937 4699 2072 4754 inci-

483 4790 604 4849 das,
630 4787 724 4856 qui
751 4786 1048 4843 animabus
1077 4799 1131 4842 et
1164 4786 1257 4842 Dei
1290 4787 1548 4844 Ecclesia:
1594 4804 1830 4857 prwesse
1861 4789 2075 4845 institu-

486 4894 575 4934 tus
623 4895 718 4945 es,
759 4880 1008 4950 judiciis,
1057 4896 1180 4950 qum
1245 4881 1536 4936 ineli'abilis
1585 4881 1674 4935 ille
1708 4883 1897 4948 novit,
1949 4883 2074 4938 licet

485 4981 706 5040 propter
751 4973 898 5028 illius
948 4974 1172 5027 nimiam
1209 4974 1583 5037 tolerantiam,
1634 4973 1904 5040 Ecclesia,
1955 4975 2075 5030 ani-

482 5078 696 5132 mmque
722 5065 820 5118 tibi
852 5050 1186 5119 concredita:
1214 5081 1320 5119 non
1351 5066 1483 5120 sint.
1515 5065 1718 5122 Omnes
1749 5067 1933 5135 itaque
1963 5067 2073 5121 ha:-

484 5169 635 5210 rescs
664 5171 756 5212 Der
786 5165 1008 5211 sanctos
1039 5155 1228 5210 Patres
1259 5157 1423 5210 morti
1450 5156 1682 5220 traditae,
1719 5159 2068 5232 abolittnque,

482 5249 629 5302 sicca
670 5262 799 5302 ossa
846 5247 1069 5301 redditae
1106 5258 1257 5315 sunt,
1303 5248 1513 5318 absque
1547 5249 1829 5312 carnibus.
1865 5251 2072 5316 nervis,

484 5339 805 5408 reliquaque
847 5353 1133 5408 compage,
1171 5355 1300 5394 ecce
1335 5350 1390 5394 tu
1435 5340 1551 5410 ipse
1583 5343 1941 5412 regeneratis,
1985 5343 2069 5395 in-

483 5432 852 5502 stauratisque
919 5431 1106 5486 stultis
1165 5432 1274 5486 tuis
1328 5433 1702 5504 dogmatibus,
1761 5436 2065 5504 Spiritum,

481 5540 745 5588 carnem,
796 5533 961 5595 atque
1009 5525 1390 5594 eompaginem
1448 5526 1806 5596 impertiens,
1856 5528 2069 5594 virtus,

486 5621 824 5684 animatum,
877 5627 930 5673 et
987 5633 1046 5672 se
1096 5606 1323 5674 movens
1375 5633 1580 5690 corpus
1629 5619 1916 5677 elfeeisti:
1975 5636 2073 5690 pro

486 5713 670 5764 anima
732 5711 960 5765 deorum
1013 5711 1421 5767 multitudinem
1479 5713 1731 5780 habens,
1782 5721 1836 5768 et
1893 5713 2070 5783 ignem

486 5804 746 5858 adversus
775 5802 866 5857 Dei
891 5801 1188 5859 Ecclesiam
1210 5804 1449 5876 spirans,
1475 5804 1632 5874 cujus
1651 5804 2070 5862 fundamentum

2178 4605 2485 4674 perioribus
2535 4615 2589 4659 et
2628 4606 2984 4663 inferioribus
3044 4610 3356 4678 componis.
3413 4625 3538 4664 eum
3589 4607 3753 4662 Paulo

2179 4698 2542 4751 Samosatcno
2589 4700 2888 4763 convenis,
2933 4699 3100 4754 Deum
3149 4700 3514 4770 compositum
3577 4709 3754 4754 astru-

2179 4799 2325 4842 cntc.
2365 4787 2453 4840 12.
2491 4787 2626 4842 Cum
2662 4789 2744 4843 ais
2779 4787 2869 4842 Dei
2907 4788 3205 4845 Ecclesium
3242 4790 3294 4844 in
3337 4789 3538 4844 Christi
3571 4790 3754 4844 lucar-

2179 4877 2403 4934 natione
2450 4881 2749 4950 perfectam
2791 4899 2972 4937 rerum
3020 4885 3449 4953 theoIOgicarum
3491 4883 3754 4953 cognitio-

2181 4986 2303 5024 nem
2337 4986 2443 5024 non
2487 4973 2767 5040 habuisse,
2793 4973 2888 5028 sed
2929 4990 3074 5029 nunc
3098 4977 3440 5046 postmodum
3465 4985 3555 5030 tua
3578 4986 3754 5036 attate,

2180 5079 2305 5117 eum
2341 5062 2552 5118 Manete
2583 5067 2914 5132 concortlas,
2948 5067 3190 5135 soipsum
3219 5067 3556 5121 Paraeletum
3607 5081 3752 5124 asse-

2181 5163 2375 5220 rente;
2409 5157 2612 5209 etenim
2660 5157 2704 5210 si
2742 5154 2964 5212 Christo
3001 5158 3286 5213 inearnato
3331 5175 3424 5229 per
3464 5175 3590 5213 eum
3642 5174 3756 5228 per-

2179 5245 2318 5300 fecte
2358 5245 2657 5317 theologica
2702 5262 2809 5301 non
2853 5264 3046 5304 sumus
3091 5249 3350 5314 assecuti,
3397 5251 3491 5304 sed
3529 5261 3620 5306 tuo
3655 5251 3756 5308 hoc

2177 5351 2317 5401 aevo,
2359 5337 2713 5392 manifestum
2759 5349 2986 5410 apparet
3017 5356 3186 5394 unum
3222 5339 3506 5398 Trinitatis
3538 5357 3589 5398 te
3615 5360 3752 5409 esse,

2177 5429 2517 5486 Paracletum
2541 5431 2845 5497 scilicet,et
2865 5447 2988 5502 qua:
3009 5433 3234 5488 deerant
3255 5431 3391 5488 Filio
3409 5433 3755 5506 adimplesse.

2179 5523 2267 5579 l3.
2289 5523 2425 5578 Cum
2452 5523 2727 5579 hominem
2757 5525 3060 5579 increatum
3085 5541 3208 5581 esse
3233 5527 3540 5592 contendis,
3568 5531 3754 5583 eadem

2177 5630 2296 5686 quae
2324 5613 2782 5670 et-Monmhelita:
2825 5617 3007 5673 dicis:
3058 5617 3332 5692 siquidem
3361 5619 3408 5674 si
3457 5619 3619 5672 homo
3674 5623 3755 5672 in-

2177 5719 2398 5764 ereatus
2432 5720 2540 5773 est,
2571 5719 2624 5762 et
2650 5724 2781 5764 caro
2809 5709 3027 5764 Domini
3069 5711 3338 5778 increata,
3372 5723 3425 5768 et
3456 5713 3755 5766 secundum

2179 5809 2479 5872 utrumque
2521 5801 2826 5873 increalus,
2877 5811 2930 5859 et
2984 5803 3198 5876 eadem,
3256 5815 3309 5862 ct
3346 5820 3449 5862 una
3486 5806 3756 5862 voluntas.
