4046 6464
333 356 449 423 £th

1499 361 1945 421 GRz’ECOllUM
1977 360 2456 421 SENTENTIAE.

3502 361 3606 423 80

336 478 424 530 14.
460 477 513 529 In
547 490 614 528 co
643 490 772 528 sane
801 475 1155 532 concorditer
1181 477 1439 544 congruis
1467 491 1587 530 cum
1623 475 1920 544 Menepby—
1953 478 1999 534 Ατ
2029 483 2078 528 ta
2112 479 2447 536 refellentes,
2507 477 2649 529 hunc
2683 475 2735 528 in
2762 475 2982 529 modum
3009 473 3384 544 prartlicamus.
3413 475 3506 528 sed
3554 486 3608 527 et

335 569 495 631 sitis;
532 582 657 620 nam
708 567 752 619 si
805 568 965 620 homo
999 568 1298 632 increatus,
1331 576 1384 621 ct
1433 568 1698 622 Dominus
1745 567 1911 620 veluti

339 659 504 710 homo
563 657 876 719 increatus,
946 665 1001 710 et
1065 655 1208 712 Deus
1275 658 1550 712 inereatus
1615 659 1914 712 secundum

339 757 636 814 utrumque
687 749 850 802 unius
912 756 1122 802 natum
1156 749 1429 802 increatae.
1472 748 1649 803 15.111
1705 749 1808 804 hoc
1851 750 1916 802 ad

339 838 666 893 sententiam
706 836 1232 906 Theolraschitarum
1265 839 1520 904 act-edis;
1568 855 1695 893 nam
1747 842 1790 894 si
1837 841 1918 893 in-

342 941 561 985 creatus
592 930 862 983 Dominus
895 939 954 983 ιιι
987 931 1169 993 Ιιοιιιο,
1199 941 1251 985 et
1293 947 1397 984 una
1430 939 1624 985 natura
1652 932 1705 985 in
1737 947 1802 986 eo
1835 933 1919 984 in-

341 1029 546 1086 creata,
589 1021 705 1090 ipsa
760 1030 951 1074 natura
990 1021 1229 1076 increata
1272 1022 1327 1076 in
1383 1038 1547 1078 cruce
1598 1037 1757 1088 passa
1814 1032 1918 1078 est.

344 1111 434 1166 l6.
470 1110 540 1166 Es
575 1121 628 1165 et
651 1112 702 1164 in
729 1112 1341 1181 Aphthartudocitarutu
1372 1114 1562 1169 ltreresi
1593 1130 1609 1179 ;
1637 1116 1841 1168 etenim
1874 1115 1919 1168 si

341 1205 531 1258 cadem
563 1214 781 1267 natura,
815 1212 870 1258 et
921 1220 1026 1257 una
1064 1205 1118 1258 in
1159 1204 1384 1258 Domino
1434 1206 1699 1268 increata,
1738 1214 1792 1259 ct
1837 1205 1923 1258 in-

344 1300 718 1370 corruptibilis
749 1302 801 1353 in
833 1300 1089 1368 passione
1129 1309 1183 1354 et
1209 1315 1393 1354 cruce.
1429 1301 1518 1354 l7.
1550 1298 1734 1370 Neque
1762 1299 1814 1353 in
1861 1315 1925 1354 eo

345 1393 534 1448 ditl'ers
579 1393 647 1445 ab
694 1390 1084 1458 lc'onoclastis;
1143 1408 1268 1447 nam
1305 1393 1349 1448 si
1397 1393 1673 1448 increatus
1710 1403 1792 1448 est
1822 1393 1926 1446 Do-

348 1486 552 1547 minus,
591 1491 650 1538 ut
679 1485 863 1551 homo,
889 1492 942 1538 et
969 1485 1500 1554 incircumscriptus,
1530 1494 1924 1555 proptereaque

355 1591 453 1644 per
489 1584 541 1628 te
577 1589 756 1645 neque
801 1575 1038 1644 imagine
1085 1575 1470 1643 exprimendus
1497 1587 1600 1638 est,
1631 1577 1733 1630 hoc
1767 1592 1927 1630 venr—

349 1667 640 1720 randarum
695 1667 998 1736 imaginum
1056 1668 1262 1722 cultum
1319 1669 1580 1724 destruis.
1628 1669 1718 1723 l8.
1771 1669 1926 1723 Facis

348 1776 471 1814 cum
525 1759 869 1816 Massalianis
916 1761 970 1815 in
1003 1764 1201 1831 seipsis
1235 1763 1551 1816 universam
1601 1762 1694 1818 Dei
1742 1777 1929 1817 esseu-

2018 565 2354 635 prolitemur.
2379 567 2664 621 Credimus
2687 568 2739 621 in
2763 567 3000 629 Patrem,
3023 564 3242 627 Filium,
3269 579 3317 618 et
3343 565 3454 634 Spit
3473 568 3604 619 itum

2022 666 2297 722 sanctum,
2330 668 2440 714 tres
2465 660 2844 728 proprietates,
2879 675 3044 712 unam
3097 660 3361 713 Deitatem
3395 675 3410 722 ;
3501 668 3605 710 tres

2021 751 2366 823 hypostases,
2401 767 2563 805 unam
2604 751 2909 817 Deitatem;
2954 763 3064 806 tres
3097 767 3380 821 personas,
3443 766 3605 803 unam

2020 842 2305 903 Dcitatcm.
2342 859 2503 897 unam
2542 846 2860 910 essentiam,
2897 861 3059 898 ttnam
3088 855 3363 908 naturam,
3389 843 3600 909 simpli-

2024 949 2164 996 cem,
2196 935 2489 1004 aequalem,
2551 936 2866 1001 indiviSam,
2918 935 3284 999 iuconl‘usam,
3360 936 3603 990 uniraan,

2022 1025 2341 1081 Trinitatem
2379 1027 2431 1080 in
2466 1029 2698 1092 unitate,
2744 1029 3076 1083 ctunitatem
3112 1029 3164 1081 in
3192 1027 3458 1082 Trinitate
3481 1028 3609 1079 adu-

2023 1123 2223 1183 ratam,
2252 1129 2305 1172 et
2331 1118 2554 1173 cultam.
2579 1120 2771 1174 Alieno
2801 1135 2930 1174 vero
2956 1135 3062 1173 non
3084 1121 3327 1173 animum
3349 1119 3591 1173 intende-

2025 1225 2146 1264 mus
2175 1232 2192 1283 ;
2230 1213 2566 1282 nequeenim
2600 1227 2786 1266 vocem
2817 1213 3116 1267 alienorum
3147 1215 3299 1282 sequi
3326 1215 3604 1280 norimus;

2028 1319 2206 1377 neque
2243 1316 2315 1370 te,
2349 1307 2441 1376 qui
2500 1304 2815 1374 pratdonum
2849 1305 3023 1359 instar
3053 1304 3606 1368 aliundcintruderis,

2021 1410 2076 1455 et
2107 1416 2214 1454 non
2249 1413 2343 1468 per
2375 1407 2589 1467 porlam
2633 1396 2686 1449 in
2727 1396 2910 1449 oviu'n
2945 1395 3156 1448 caulam
3179 1395 3606 1465 ingrederis.Sic

2025 1506 2188 1560 porro
2233 1490 2544 1548 adorantes.
2603 1487 2683 1543 sic
2730 1498 2999 1552 tenentes,
3051 1496 3105 1542 et
3158 1490 3238 1543 s'c
3287 1496 3610 1541 venerantes

2028 1583 2243 1636 unicam
2284 1581 2341 1634 in
2377 1580 2546 1633 tribus
2565 1578 2816 1648 personis
2838 1577 3127 1641 Deitatem,
3148 1578 3436 1647 promissis
3491 1594 3611 1631 cer-

2027 1675 2098 1728 tis
2128 1673 2574 1735 constabilimur,
2605 1687 2724 1726 eam
2760 1687 2862 1727 nos
2925 1669 3238 1738 perfectius,
3303 1681 3356 1724 et
3415 1671 3609 1741 purius

2029 1766 2267 1828 visuros,
2296 1779 2404 1819 non
2438 1764 2490 1817 in
2524 1763 2836 1833 amigmate,
2863 1761 2956 1814 sed
3001 1759 3140 1815 facie
3170 1761 3235 1813 ad
3265 1759 3485 1818 faciem,
3552 1761 3606 1810 in

350 1852 479 1905 tiam
508 1853 709 1906 habere
733 1852 1178 1920 clamitantibus;
1211 1855 1433 1918 etenim,
1467 1855 1510 1909 si
1547 1855 1822 1909 increatus
1846 1865 1926 1908 est
1955 1833 2001 1893 Β
2030 1858 2123 1914 illo
2155 1855 2449 1912 immortali
2486 1869 2675 1924 regno,
2708 1854 3056 1923 etjustorum
3093 1853 3350 1907 I'ruitione
3397 1869 3413 1907 :
3452 1852 3608 1922 cujus

351 1943 516 1998 homo
543 1954 594 1997 et
624 1959 968 2014 quaecunque
1020 1945 1257 1998 divinam
1291 1956 1540 1999 naturam
1579 1960 1924 2014 consequun-

350 2046 462 2101 tur,
499 2037 681 2088 omnia
718 2051 812 2104 per
853 2036 1085 2104 gratiam
1139 2037 1381 2091 increato
1417 2037 1714 2100 accedunt,
1766 2039 1825 2091 lit
1873 2047 1928 2092 et

350 2143 446 2197 per
476 2138 526 2182 te
559 2121 795 2182 essentia
831 2127 947 2182 Dei.
982 2130 1065 2186 l9.
1104 2129 1238 2184 Cum
1282 2133 1334 2184 in
1373 2130 1582 2186 Deitate
1616 2129 1756 2186 duas
1801 2145 1930 2185 cau-

349 2234 463 2285 sas,
501 2227 554 2273 et
586 2219 695 2273 duo
722 2221 984 2290 principia
1015 2221 1294 2286 adstruas,
1337 2237 1558 2276 causam
1607 2222 1827 2293 quidem
1875 2227 1928 2274 et

351 2312 642 2383 pricipium
679 2311 827 2374 Filii,
857 2323 911 2365 et
937 2311 1174 2382 Spiritus
1217 2311 1457 2372 Patrem,
1505 2315 1605 2366 tria
1639 2326 1766 2366 vero
1797 2326 1929 2366 cau-

349 2418 467 2458 sam
515 2410 569 2456 et
627 2401 960 2471 principium
1003 2402 1365 2470 Operationis,
1419 2417 1527 2455 non
1587 2403 1848 2457 abhorres
1898 2417 1927 2456 a

348 2493 584 2558 Latinis,
618 2493 670 2546 in
711 2493 1006 2547 Divinitatc
1032 2493 1168 2546 duas
1196 2507 1414 2558 causas,
1445 2503 1498 2547 ct
1525 2493 1633 2547 duo
1666 2494 1927 2564 principia

349 2583 720 2654 ponentibus;
770 2598 935 2636 unam
986 2596 1208 2636 causam
1254 2581 1411 2647 Filii,
1462 2593 1516 2637 et
1557 2574 1793 2651 Spiritus
1835 2583 1933 2638 Pa~

353 2683 514 2733 tretn,
544 2679 599 2724 et
635 2670 796 2724 aliam
828 2687 1052 2725 causam
1086 2669 1322 2740 Spiritus
1353 2670 1594 2735 Patrem,
1625 2682 1677 2726 et
1711 2671 1930 2738 Filium,

351 2776 577 2816 causam
613 2770 667 2815 et
716 2761 1072 2831 principium,
1107 2759 1345 2825 Patrem,
1381 2747 1601 2816 causam
1636 2771 1688 2816 et
1736 2763 1934 2833 princi-

351 2857 500 2925 pium
555 2855 768 2910 Patrem
827 2869 881 2911 et
925 2855 1144 2912 Filium.
1209 2855 1332 2912 Haec
1387 2857 1569 2927 itaque
1602 2857 1784 2923 Neluti
1835 2858 1934 2913 do-

350 2957 532 3020 gmata
561 2957 843 3011 astruens,
893 2958 946 3002 et
984 2951 1163 3017 palam
1209 2947 1445 3003 edocens
1495 2936 1588 3005 Dei
1638 2950 1932 3004 Ecelesiam

351 3037 642 3108 perturbas
702 3039 964 3107 paciﬁcus
1010 3038 1205 3108 praesul
1248 3048 1300 3092 et
1338 3037 1548 3108 pacifici
1587 3041 1936 3095 auditorne-

353 3141 659 3183 rumtameu
680 3129 922 3184 funditus
939 3145 1043 3182 non
1061 3138 1294 3184 evertes.
1320 3128 1451 3184 Fide
1464 3130 1606 3184 enim
1627 3132 1935 3200 dignusest,

353 3223 444 3293 qui
465 3221 739 3291 promisit,
766 3237 943 3292 neque
963 3231 1143 3291 portas
1163 3221 1321 3276 ittlut‘i
1347 3223 1723 3291 prmvalituras
1747 3223 1938 3277 adver-

353 3330 451 3370 sus
477 3329 620 3376 eam,
655 3329 826 3383 neque
850 3315 1223 3369 haereticorum
1251 3328 1346 3368 ora
1371 3313 1669 3368 etl‘raenata.
1697 3313 1775 3368 Ne
1792 3314 1938 3370 exal-

352 3408 607 3464 teuturin
628 3407 962 3476 semetipsis,
993 3407 1086 3476 qui
1114 3417 1459 3477 exasperant.
1489 3407 1741 3462 Aliorum
1775 3407 1941 3462 infor-

355 3500 500 3554 tunis
514 3499 742 3566 discant,
760 3509 1098 3566 necutortem
1113 3502 1360 3563 subeant,
1379 3499 1581 3554 dictum
1600 3500 1939 3572 cstGregorii

354 3589 638 3659 Thcologi;
663 3605 839 3660 neque
853 3589 995 3644 enim
1013 3603 1195 3643 moras
1209 3590 1442 3658 ponetad
1457 3591 1819 3647 abscindenda
1835 3594 1941 3648 hae-

355 3684 648 3737 reticorum
675 3683 878 3752 capita,
915 3680 1188 3736 Ecclesias
1210 3680 1304 3735 Dei
1338 3681 1852 3748 interturbantium,
1887 3693 1941 3739 et

358 3791 519 3828 Itttattt
539 3775 802 3830 Deitatetn
825 3775 882 3830 in
906 3775 1043 3829 duas
1065 3770 1445 3838 dividentium,
1463 3773 1704 3828 abscissa
1722 3773 1904 3830 Deitas
1921 3815 1937 3838 ,

358 3865 703 3935 pessimeque
724 3865 896 3920 divisa
919 3865 972 3918 in
1001 3863 1182 3934 majus
1199 3872 1254 3918 et
1280 3865 1480 3928 minus,
1502 3861 1715 3918 visibile
1730 3873 1784 3918 et
1801 3864 1939 3918 invi-

359 3957 552 4021 sibile,
609 3956 1065 4011 communicabile
1113 3964 1167 4009 et
1205 3952 1742 4009 incommunicabile.
1789 3953 1940 4008 Lidet

359 4051 503 4104 enim
543 4059 762 4121 prepter
791 4049 1103 4116 iniquitates
1132 4055 1347 4102 nostras
1378 4046 1678 4110 tradantur,
1709 4060 1942 4114 namque

363 4141 821 4210 quemadmodum
853 4141 1016 4194 rebus
1056 4139 1220 4192 etiam
1250 4137 1302 4191 in
1338 4136 1462 4191 aliis
1505 4135 1686 4191 traditi
1727 4152 1938 4202 sumus,

365 4233 720 4289 nihitominus
744 4245 848 4286 non
863 4229 927 4284 ad
946 4231 1103 4284 tinem
1133 4243 1304 4298 usque
1329 4242 1464 4283 nova
1492 4228 1620 4282 Sion
1641 4229 1941 4295 deseretur,

365 4324 571 4380 Cbrisd
601 4339 822 4393 sponsa,
851 4322 942 4376 Dei
968 4318 1396 4384 Ecclesia,illius
1424 4320 1691 4389 sanguine
1721 4321 1943 4376 rubefa-

369 4429 480 4479 cta,
509 4426 563 4470 et
593 4424 953 4484 expurgatau
997 4411 1138 4467 Ecce
1173 4412 1349 4484 enim,
1379 4416 1477 4484 ait,
1497 4427 1598 4483 ego
1631 4413 1834 4468 tradidi
1866 4425 1938 4478 te,

2030 1948 2257 2004 visionis
2288 1948 2492 2002 utinam
2527 1946 2629 2015 ipsi
2667 1946 2961 2019 participes
2985 1944 3305 2008 efﬁciamur,
3333 1952 3386 1998 et
3410 1951 3460 1996 te
3503 1943 3606 1996 ali-

2030 2042 2249 2111 quando
2278 2041 2563 2111 pteniteat,
2591 2039 2784 2109 gratia,
2815 2047 2867 2092 et
2894 2037 3287 2094 misericordia.
3322 2044 3375 2090 et
3403 2037 3602 2088 ltuma~

2029 2135 2198 2189 nitate
2229 2132 2439 2186 Domini
2466 2130 2634 2185 nostri
2694 2128 2821 2184 Jesu
2862 2129 3088 2189 Christi,
3125 2129 3212 2182 cui
3238 2128 3463 2182 addecet
3490 2143 3610 2180 om-

2028 2226 2114 2282 nis
2151 2225 2344 2295 gloria,
2377 2225 2572 2287 honor,
2596 2232 2648 2278 et
2676 2223 2945 2287 adoratio,
3002 2238 3124 2275 cum
3191 2221 3432 2288 ejusdem
3487 2219 3608 2272 sine

2028 2318 2296 2387 principio
2329 2314 2513 2380 Patre,
2545 2315 2660 2369 sola
2695 2315 2942 2375 causa,et
2978 2314 3352 2379 sanctissimo,
3383 2321 3434 2367 et
3492 2313 3595 2365 bo-

2031 2426 2121 2473 no,
2148 2418 2202 2464 et
2230 2409 2444 2464 viviﬁco
2473 2409 2618 2462 illius
2641 2409 2871 2476 Spiritu,
2893 2408 2984 2460 uni
3017 2416 3070 2461 et
3094 2408 3341 2462 inrliviste
3379 2409 3601 2473 Deitati,

2033 2518 2204 2570 nunc,
2239 2512 2293 2557 ct
2326 2517 2561 2570 semper,
2597 2511 2650 2555 et
2685 2502 2736 2554 in
2769 2500 2965 2554 saecula
2993 2501 3337 2554 servulorum.
3372 2502 3601 2558 Amen.’

2031 2592 2183 2648 Alter
2216 2602 2344 2648 est:
2413 2592 2477 2645 Ἦ
2511 2591 2611 2660 μὲν
2664 2591 2818 2662 παρά
2850 2590 2944 2644 τοῦ
2976 2591 3179 2660 Κυρίου
3237 2592 3396 2660 ἡμῶν
3436 2593 3612 2660 Ἰησοῦ

2031 2684 2290 2756 Χριστοῦ,
2324 2684 2418 2736 καὶ
2449 2683 2554 2736 τῶν
2587 2683 2758 2750 ἁγίων
2799 2681 3078 2752 μαθητῶν,
3143 2683 3240 2734 καὶ
3294 2682 3610 2736 ἀποστόλων

2033 2776 2222 2842 αὐτοῦ,
2256 2775 2478 2828 καὶτῶν
2506 2775 2665 2845 ἱερῶν
2693 2772 3014 2842 προφητῶν,
3039 2773 3131 2825 καὶ
3159 2773 3267 2826 τῶν
3292 2773 3455 2826 θείων
3484 2792 3612 2827 συν-

2035 2866 2191 2924 όδων,
2224 2867 2318 2918 καὶ
2345 2866 2564 2918 πάντων
2595 2864 2702 2917 τῶν
2739 2863 3015 2933 θεοφόρων
3045 2863 3323 2932 Πατέροον,
3355 2867 3446 2916 καὶ
3471 2865 3618 2918 6th-

2039 2957 2254 3009 σκὰλων
2290 2956 2662 3026 παραδοθεῖσα
2692 2954 2880 3018 πίστις
2918 2957 3052 3023 ἡμῖν
3083 2956 3177 3007 καὶ
3212 2953 3464 3008 εὐσέϐεια
3505 2957 3612 3008 eti-

2038 3049 2122 3101 σίν
2147 3051 2264 3102 ἐστι
2294 3048 2560 3119 πρόδηλος
2581 3050 2678 3103 καὶ
2695 3048 2906 3117 φανερά
2931 3049 3046 3108 τοῖς
3076 3045 3396 3117 μετέχουσιν
3421 3048 3610 3115 αὐτῖς.

2041 3141 2460 3227 Πανταχοῦογάρ
2494 3139 2837 3223 δμολογεῖται
2880 3135 2958 3202 εἷς
2990 3139 3124 3202 Θεὸς
3155 3140 3614 3204 τρισυπόστατο·,

2001 3224 2008 3248 ³
2040 3234 2133 3286 καὶ
2164 3224 2392 3304 ποιητὴς
2422 3231 2633 3302 ὁρατῶν
2667 3247 2724 3284 τε
2760 3229 2981 3284 πάντων
3016 3230 3110 3283 καὶ
3141 3229 3410 3298 ἀοράτων,
3443 3231 3518 3292 ὡς
3560 3233 3617 3282 ἐν

2038 3325 2117 3393 τῷ
2143 3327 2282 3395 ἁγίῳ
2315 3325 2417 3392 τῆς
2449 3323 2686 3385 πίστεως
2723 3321 2978 3393 συμϐόλῳ
3007 3321 3381 3391 ὁμολογεῖται.
3403 3323 3614 3393 Πατὴρ,

2040 3416 2190 3482 Υἱὸς,
2230 3414 2325 3468 καὶ
2353 3415 2577 3484 Πνεῦμα
2612 3415 2788 3482 ἆγιον,
2809 3414 2959 3480 τρεῖς
2992 3413 3338 3477 ὑποστάσεις,
3370 3411 3470 3480 μία
3495 3413 3614 3464 Oed-

2039 3526 2136 3578 της
2170 3507 2338 3575 ἁπλῆ,
2381 3506 2633 3574 ἀόρατος,
2689 3503 2947 3564 ἀνείδεος,
2985 3503 3418 3570 ἀσχημάτιστος,
3481 3503 3618 3567 ἀμέ-

2043 3613 2245 3670 ριστος,
2303 3597 2630 3665 ἀδιαίρετος,
2696 3591 2975 3661 πανταχοῦ
3038 3607 3096 3643 τε
3147 3591 3398 3660 παροῦσα
3427 3592 3517 3644 καὶ
3550 3594 3614 3642 τὰ

2041 3690 2220 3741 πάντα
2247 3685 2557 3756 πληροῦσα,
2604 3684 2696 3737 καὶ
2727 3685 2906 3736 πάντα
2932 3683 3256 3753 ὲνεργοῦσα.
3304 3684 3381 3736 Οὐ
3415 3685 3612 3753 μικρὸν

2040 3781 2099 3832 ὲν
2131 3779 2318 3848 ἐκείνῃ
2357 3779 2449 3830 καὶ
2482 3775 2647 3847 μέγα,
2677 3776 2797 3828 οὑδὲ
2840 3775 3095 3843 ἀνισότης
3131 3777 3223 3826 καὶ
3265 3777 3613 3845 ἀνομοιότηε.

2042 3872 2177 3926 ἀλλά
2211 3871 2360 3923 πᾶσα
2394 3867 2575 3938 ἰσότης
2605 3867 2698 3921 καὶ
2748 3869 3024 3937 ὁμοιότης.
3055 3865 3206 3935 Αὕτη
3228 3865 3319 3918 οῦν
3350 3867 3382 3937 ὴ
3434 3868 3613 3926 πῖστις

2040 3965 2138 4034 τῆς
2169 3963 2332 4031 ἁγίας
2355 3961 2448 4013 τοῦ
2487 3956 2623 4012 Θεοῦ
2657 3957 2956 4026 καθολικῆς
2985 3958 3080 4010 καὶ
3109 3958 3476 4025 ἀποστολικῆς
3500 3960 3620 4010 Ἑκ-

2043 4054 2274 4126 κληοίας
2311 4051 2398 4105 διὰ
2430 4052 2529 4122 μὲν
2565 4049 2625 4103 τὸ
2654 4049 3087 4120 τρισυπόστατον
3137 4052 3234 4119 τῆς
3273 4049 3528 4118 Bedente;
3559 4051 3619 4100 τὸ

2044 4147 2302 4218 φρόνημα
2330 4146 2440 4199 τῶν
2493 4145 2762 4198 Ἰουδαίων
2795 4143 3117 4208 κατέϐαλεν,
3149 4144 3346 4207 οἵτινες
3390 4159 3618 4196 πιστευο

2044 4257 2161 4296 auct
2185 4242 2281 4293 καὶ
2297 4237 2621 4307 ὁμολογοῦσι
2650 4236 2805 4300 Θεδν,
2835 4236 2896 4289 οὐ
2928 4235 3361 4306 τρισυπόστατον
3377 4235 3455 4299 δὲ,
3481 4235 3619 4287 ἀλλά

2047 4333 2492 4404 μονοπρόσωπον·
2520 4331 2608 4384 διὰ
2632 4329 2690 4383 δὲ
2713 4328 2772 4383 τὸ
2795 4327 3084 4399 μοναδικὸν
3112 4329 3279 4394 αὐτῆς
3304 4329 3397 4382 καὶ
3422 4329 3621 4398 ἀμέριο

2047 4443 2172 4479 στον
2198 4425 2296 4496 τὴν
2330 4422 2439 4478 τῶν
2477 4421 2749 4492 Ἐλλήνων
2781 4419 3075 4475 πολυθεῖαν
3095 4419 3370 4490 ἀπήλασε,
3408 4423 3502 4475 καὶ
3524 4424 3622 4488 τὴν

368 4520 424 4565 et
445 4523 544 4578 ego
573 4522 730 4576 opem
769 4505 936 4561 feram
967 4507 1100 4575 tibi;
1129 4511 1182 4562 in
1203 4525 1367 4579 parvo
1404 4509 1586 4565 furore
1616 4509 1933 4579 percusiste,

2057 4515 2291 4587 Ἀρείου,
2344 4514 2439 4568 καὶ
2478 4511 2749 4582 Εὐνομίαν
2783 4514 2890 4566 τῶν
2917 4512 3096 4567 ἀθέων
3126 4512 3420 4581 αίρετικῶν
3451 4528 3620 4564 κατεν-

367 4613 422 4659 et
476 4603 527 4656 in
564 4599 893 4668 sempiterna
939 4600 1315 4656 misericordia
1349 4602 1663 4672 gloriﬁcabo
1698 4611 1769 4656 te.
1810 4620 1828 4654 ι
1861 4599 1944 4654 ιιι.

367 4695 629 4751 credibile
655 4703 760 4764 est,
789 4700 994 4764 quanto
1041 4695 1343 4764 punitionis
1384 4708 1694 4749 mensuram
1730 4700 1943 4747 anteeat

370 4793 704 4848 humanitas.
730 4811 750 4845 ι
771 4791 1039 4846 Modicum
1068 4789 1234 4851 enim,
1263 4788 1359 4852 ait,
1385 4785 1773 4842 beareditabitis
1792 4799 1947 4839 mon-

370 4893 478 4939 tem
519 4893 772 4941 sanctum
802 4898 981 4938 meum
1027 4879 1346 4946 ;tnodicutn
1402 4878 1544 4948 apud
1608 4877 1944 4946 alienigenas

368 4992 496 5033 arca
526 4993 542 5032 :
578 4992 725 5032 nunc
763 4973 1042 5045 paululum
1073 4973 1127 5027 in
1149 4972 1326 5026 aliena
1355 4970 1682 5026 insolentius
1714 4977 1768 5024 te
1792 4984 1942 5038 gere,

369 5079 424 5124 et
447 5068 642 5139 placita
665 5062 1345 5144 e'xple;quetnadmodum
1388 5060 1535 5115 enim
1590 5074 1678 5114 me
1746 5059 1945 5129 ejicere

369 5161 552 5216 conati
574 5159 729 5224 estis,
754 5159 828 5212 ita
851 5167 904 5213 et
935 5157 1050 5227 ipse
1077 5154 1291 5223 ejiciatn
1319 5166 1438 5218 vos,
1468 5151 1600 5205 dicit
1668 5150 1932 5205 Dominus

370 5250 768 5313 ontnipotensa
805 5247 879 5303 De
911 5249 1021 5302 tuis
1047 5246 1226 5314 itaque
1249 5242 1617 5314 dogmatibus,
1658 5250 1944 5296 etsuuuno

371 5351 638 5410 occupato
668 5340 974 5398 sacerdotio
1011 5337 1083 5392 ita
1117 5338 1231 5408 ipse
1253 5337 1514 5397 sentio,et
1547 5347 1671 5403 spes
1694 5347 1779 5386 mc
1799 5342 1945 5386 tenet

375 5433 453 5489 ita
484 5431 747 5486 futurum.
777 5429 920 5496 Quin
955 5429 1067 5483 imo
1091 5427 1337 5497 apprime
1371 5423 1522 5489 novi,
1555 5435 1608 5477 et
1632 5421 1946 5485 contido,et

377 5523 820 5586 ilrntiterteneo,
849 5520 1153 5575 Salvatoris
1198 5515 1660 5590 promissionibus
1720 5513 1946 5568 iudubie

378 5617 751 5672 sontirmatus.
784 5611 892 5668 Nos
923 5628 1052 5668 vero
1074 5611 1450 5681 apostolorum
1475 5606 1944 5679 pt'azdicatiOnem,

373 5713 424 5761 et
452 5711 707 5776 dogmata
729 5705 973 5771 Patrum,
997 5713 1425 5772 sanctorumque
1448 5702 1692 5755 omnium
1716 5713 1950 5768 sequen-

379 5799 490 5866 ICS,
517 5809 626 5851 non
652 5797 716 5852 de
750 5796 854 5850 Deo
882 5797 1246 5866 decernimus,
1277 5797 1368 5851 sed
1390 5791 1696 5853 execranda
1720 5791 1944 5863 dogma-

2046 4609 2220 4680 τομὴν
2249 4607 2348 4676 τῆς
2373 4605 2663 4677 Θεότητος.
2703 4605 2763 4658 ’0
2795 4604 2853 4659 δὲ
2887 4604 2980 4658 νῦν
3018 4603 3379 4673 αἱρεσιάρχης
3401 4605 3430 4656 ὁ
3461 4603 3624 4672 λεγόν

2048 4713 2206 4768 μενος
2255 4695 2523 4762 Παλαμᾶς
2558 4694 2738 4748 πάντα
2792 4694 2860 4746 τὰ
2909 4691 3156 4760 δόγματα
3213 4691 3314 4760 τῆς
3342 4692 3501 4760 ἁγίας
3527 4691 3622 4744 τοῦ

2046 4786 2183 4840 Θεοῦ
2219 4785 2567 4854 Ἑκκλησίας,
2593 4782 2689 4838 καὶ
2721 4783 2903 4836 πᾶσαν
2936 4785 3035 4850 τὴν
3055 4781 3236 4835 πίστιν
3264 4783 3422 4853 ἡμῶν
3450 4800 3623 4835 κατα-

2045 4877 2163 4932 λύει
2189 4878 2301 4938 τοῖς
2330 4873 2529 4928 ἑαυτοῦ
2561 4875 2778 4944 μιαροῖς
2827 4872 2921 4926 καὶ
2953 4870 3346 4932 ἀσεϐεστάτοις
3383 4871 3620 4941 δόγμασι

2046 4973 2140 5025 καὶ
2165 4969 2482 5037 διδάγμασι,
2519 4969 2614 5019 καὶ
2647 4966 2866 5020 πάντων
2913 4967 3064 5017 ἐστὶν
3097 4964 3393 5033 αἱρετικῶν
3422 4963 3618 5016 ἀσεὸἑ-

2049 5078 2266 5124 στατος.
2315 5061 2400 5122 Ὠς
2431 5058 2671 5126 ἀνεφάνη
2703 5056 2802 5126 μὲν
2855 5055 3140 5127 προδήλως
3193 5054 3427 5108 ἐνταῦθα
3470 5055 3620 5123 πάσῃ

2044 5157 2111 5224 τῇ
2155 5149 2453 5220 Ἐκκλησία
2482 5149 2574 5201 τοῦ
2611 5147 2771 5212 Θεοῦ,
2808 5147 2900 5198 καὶ
2933 5144 3217 5215 ἀπερρίφη
3265 5144 3369 5213 πρὸ
3400 5143 3630 5226 sta-905,.

2047 5245 2121 5306 ὡς
2141 5243 2298 5314 μέλος
2329 5239 2588 5309 σεσηπὸς,
2614 5239 2708 5292 καὶ
2725 5237 2945 5289 ἀνίατον
2973 5235 3064 5288 ὑπ’
3097 5235 3265 5305 αὐτῆς
3289 5252 3304 5267 ⁸
3335 5234 3618 5301 ὲξεκίνησε

2045 5336 2104 5390 δὲ
2137 5335 2232 5387 νῦν
2260 5333 2349 5388 διὰ
2403 5333 2500 5395 τὰς
2539 5329 2816 5401 ἁμαρτίας
2873 5324 3051 5400 ἡμῶν,
3116 5329 3316 5399 μᾶλλον
3363 5327 3420 5381 δὲ
3456 5327 3542 5380 ἵνα
3572 5329 3622 5379 οἱ

2045 5426 2260 5490 δόκιμοι
2294 5424 2518 5494 φανεροὶ⁹
2545 5424 2836 5490 γένωνται,
2856 5419 2931 5485 ὥς
2955 5437 3120 5489 φησιν
3140 5421 3167 5472 ὁ
3195 5419 3336 5482 θεῖος
3368 5417 3624 5470 ’Λπόστο-

2047 5517 2157 5579 λος.
2192 5517 2339 5580 Μιᾶς
2382 5517 2513 5583 γὰρ,
2541 5515 2617 5578 ὡς
2675 5514 2916 5584 εἴρηται,
2949 5529 3182 5582 τρισυπο
3197 5512 3386 5563 πάτου
3416 5511 3620 5577 856:1}-

2049 5627 2141 5671 τος
2201 5609 2645 5678 ὁμολογουμένης
2673 5609 2808 5677 ἡμῖν
2855 5607 3036 5675 ἁπλῆς
3084 5621 3141 5656 τε
3177 5607 3271 5657 καὶ
3301 5604 3621 5672 ἀμερίστου,

2051 5700 2212 5763 abii;
2246 5701 2449 5764 πολλὰς
2487 5699 2750 5770 κηρύττει
2775 5700 3034 5768 θεότητα,
3084 5697 3286 5768 μικρὰς
3323 5697 3416 5747 καὶ
3450 5697 3623 5761 μεγά-

2050 5794 2170 5861 λας,
2227 5796 2319 5848 καὶ
2372 5794 2572 5862 διαιρεί
2617 5791 2716 5863 τὴν
2754 5794 2881 5862 μίαν
2911 5792 3116 5860 τλὺτην
3152 5791 3229 5853 εἰς
3266 5787 3361 5851 τὰς
3401 5786 3624 5854 πολλάς.
