4046 6462
355 493 423 568 t3
1483 498 1924 573 euaconmu
1967 504 2440 580 SENTENTl/E.

3487 526 3595 593 871

315 618 486 690 pnus,
514 627 566 674 et
610 618 872 690 apostolis
901 620 1069 689 illius,
1104 638 1319 679 necnon
1363 627 1542 682 sacris
1594 628 1899 698 prophetis,
1931 632 1979 688 Α
2004 638 2059 684 et
2089 628 2394 688 Macedonii
2421 684 2436 708 ,
2470 644 2526 690 et
2553 634 3004 697 Massalianorum
3030 683 3044 708 ,
3093 652 3148 700 et
3183 644 3592 717 Bogomilornm

314 711 635 781 divinisque
683 712 932 782 synodis,
960 723 1015 768 et
1061 715 1322 772 omnibus
1350 717 1574 775 deiferis
1621 719 1901 785 Patribus,

311 811 374 855 et
420 802 699 870 magistris
728 804 886 859 nobis
914 805 1118 861 tradita
1156 806 1311 873 ﬁdes,
1342 817 1399 864 et
1430 810 1610 879 pietas
1643 812 1902 867 omnibus

268 922 273 929 ς
311 903 435 942 eam
469 889 901 959 possidentibus,
931 894 1220 951 manifesta
1272 908 1433 953 estet
1458 908 1664 970 aperta.
1686 900 1902 971 Ubi-lue

310 981 462 1036 enim
493 996 686 1039 omnes
718 986 1045 1054 proﬁtentur
1094 987 1258 1045 Deum
1291 1008 1459 1047 unum
1485 992 1541 1048 in
1576 996 1751 1051 tribus
1784 1011 1905 1065 per-

309 1070 489 1135 sonis,
521 1070 816 1126 visibilium
848 1076 1093 1129 omuium
1131 1088 1186 1132 et
1216 1080 1579 1137 invisibilium
1613 1084 1900 1151 factorem,

307 1163 778 1229 quemadmodum
816 1165 872 1219 in
909 1181 1071 1221 sacro
1106 1168 1227 1225 ﬁdei
1280 1174 1533 1242 symbolo
1587 1179 1899 1232 astruitur:

308 1251 500 1319 Pater,
528 1253 728 1319 Filius,
760 1267 817 1312 et
847 1257 1089 1328 Spiritus
1119 1272 1368 1330 sanctus,
1400 1274 1510 1322 tres
1550 1269 1897 1339 bypostases,

308 1360 421 1398 una
461 1346 663 1413 Deitas,
694 1347 929 1416 simplex
954 1391 970 1412 ,
1014 1353 1327 1421 invisibilis,
1379 1358 1654 1426 informis,
1690 1363 1896 1417 nullam

274 1416 277 1419 Ἴ
309 1436 542 1506 ﬁguram
577 1439 870 1510 recipiens,
905 1441 1208 1508 individua,
1243 1416 1496 1515 indivisa,
1528 1416 1731 1522 ubique
1762 1468 1899 1524 pra:-

304 1546 458 1596 sens,
490 1532 677 1587 omnia
733 1535 983 1606 explens,
1039 1549 1102 1592 et
1148 1542 1331 1595 omnia
1390 1541 1631 1600 eﬁieiens
1667 1561 1682 1596 :
1723 1548 1776 1601 in
1832 1562 1895 1603 ea

307 1638 489 1693 neque
529 1639 789 1695 magnum
823 1635 926 1689 est,
958 1643 1138 1699 neque
1165 1646 1393 1702 parvum
1416 1675 1435 1700 ,
1462 1635 1806 1707 inaequalitas
1839 1650 1896 1697 et

304 1716 701 1773 dissimilitudo
756 1720 901 1776 nulla
932 1763 948 1786 ,
1003 1723 1099 1778 sed
1133 1741 1294 1796 aequa
1326 1729 1514 1784 omnia
1565 1742 1620 1787 et
1667 1733 1889 1792 similia.

305 1809 436 1865 Hac
486 1810 673 1881 itaque
707 1822 914 1868 saneta:
959 1812 1056 1870 Dei
1130 1820 1418 1876 catholica:
1469 1831 1525 1877 et
1579 1827 1893 1895 apostolica:

2008 723 2227 779 decreta
2257 726 2518 782 stabiliat.
2570 728 2738 786 Plane
2777 735 2924 788 enim
2967 735 3200 792 Satanas
3240 741 3406 794 menti
3440 739 3591 797 illius

2008 816 2263 873 tenebras
2291 818 2508 887 offudit,
2543 831 2598 876 et
2620 825 2786 880 variis
2818 826 3155 899 imaginibus
3187 831 3423 898 obsedit,
3448 845 3499 891 et
3534 834 3589 888 in

2006 910 2230 972 multas,
2285 926 2423 980 quas
2467 911 2715 970 intuetur
2755 916 3015 987 Deitates,
3047 931 3102 975 et
3134 922 3322 991 plures
3365 926 3590 995 spiritus
3628 950 3631 955 ν

2005 999 2328 1070 dispartitus
2359 1015 2464 1059 est.
2490 1006 2554 1059 Et
2589 1006 2794 1074 lumen,
2828 1014 2974 1080 quod
3002 1014 3120 1083 ipse
3151 1015 3318 1082 videt,
3351 1019 3591 1072 tenebras

2005 1102 2150 1157 sunt,
2186 1109 2310 1148 cum
2344 1094 2577 1152 Satanas
2623 1101 2765 1166 apud
2814 1103 2992 1171 ipsum
3044 1107 3098 1160 in
3140 1112 3391 1179 angelum
3447 1111 3589 1166 lucis

1962 1258 1965 1267 ⁵
2006 1184 2456 1253 transformatur,
2490 1198 2551 1245 ut
2596 1192 2673 1247 ait
2703 1193 3019 1263 Apostolus.
3057 1198 3119 1254 Et
3150 1210 3273 1270 qua:
3303 1201 3420 1270 ipse
3452 1218 3589 1258 eon-

2003 1277 2166 1345 spicit
2193 1282 2480 1349 corporeis
2506 1284 2725 1351 oculis;
2765 1288 3083 1360 fateturque
3128 1306 3250 1348 esse
3295 1290 3409 1349 Deo
3452 1294 3592 1349 infc-

1951 1411 1958 1418 .
2002 1369 2149 1426 riora
2182 1372 2395 1429 inﬁnite
2425 1374 2705 1439 inﬁnities.
2740 1382 3201 1448 quemadmodum
3240 1388 3296 1439 et
3325 1397 3590 1443 creaturae

2001 1463 2098 1519 Dei
2128 1466 2340 1533 tribuit,
2379 1478 2646 1540 vocatque
2672 1472 3006 1536 essentialia,
3040 1484 3096 1531 et
3128 1476 3401 1533 naturalia
3448 1477 3542 1534 Dei
3568 1520 3583 1543 ,

2000 1558 2354 1629 praecipitque
2392 1562 2570 1626 nobis,
2609 1570 2666 1617 ut
2687 1579 2752 1619 ea
2784 1577 3132 1635 veneremur,
3163 1578 3423 1641 tanquam
3452 1574 3587 1628 deos

1998 1649 2299 1718 increatos,
2333 1665 2388 1708 et
2435 1653 2674 1713 Deitates
2721 1672 2737 1711 :
2775 1669 2830 1713 et
2868 1659 2950 1715 sic
2983 1668 3097 1717 non
3139 1667 3350 1720 tantum
3394 1666 3449 1721 in
3485 1667 3588 1721 im-

1998 1760 2216 1800 manem
2250 1746 2657 1804 multitudinem
2688 1791 2705 1819 ,
2735 1759 2792 1808 et
2824 1755 3201 1826 prodigiosam
3232 1761 3585 1828 partitionem

1997 1835 2211 1895 Numen
2241 1838 2403 1894 dictis
2436 1840 2555 1896 suis
2588 1839 2871 1913 discerpit,
2903 1861 3095 1904 verum
3130 1850 3294 1906 etiam
3327 1854 3584 1924 simplex,

304 1902 569 1958 Ecclesia!
603 1902 759 1971 ﬁdes,
796 1921 896 1975 per
922 1913 1037 1975 tres
1064 1907 1289 1967 Deitatis
1318 1914 1640 1986 hypostases
1673 1917 1876 1975 Iudaeo-

1996 1933 2318 1996 indivisum,
2351 1934 2578 2002 aequale
2606 1944 2770 2005 atque
2802 1935 3058 2002 informe.
3094 1946 3488 2014 compositum,
3526 1962 3586 2004 nt

310 2009 434 2048 rum
470 1995 813 2063 opinationes
863 1998 1143 2066 convellit,
1175 2003 1267 2071 qui
1290 2009 1521 2061 credunt
1552 2008 1893 2083 fatenturque

307 2080 500 2145 Deum,
541 2091 597 2138 at
634 2100 746 2139 non
783 2087 837 2140 in
888 2088 1065 2144 tribus
1114 2091 1534 2163 bypostasibus,
1588 2100 1687 2156 sed
1742 2080 1888 2172 una;

302 2189 405 2243 per
432 2177 692 2231 unitatem
729 2178 902 2248 ipsius
954 2181 1329 2253 individuam,
1387 2189 1547 2259 plura
1601 2194 1888 2261 gentilium

301 2268 535 2320 numina
591 2269 886 2341 proﬂigat:
934 2288 1145 2330 necnon
1181 2276 1335 2345 Arii,
1376 2279 1744 2355 Eunomiique
1788 2288 1890 2342 im-

300 2357 520 2426 piorum
573 2359 954 2418 haereticorum
987 2364 1220 2424 Deitatis
1251 2372 1647 2431 concisionem.
1676 2373 1888 2436 Recens

306 2464 437 2504 vero
460 2450 825 2508 bseresiarcba
857 2457 1080 2512 nomine
1105 2459 1377 2531 Palamas,
1404 2465 1659 2523 universa
1687 2483 1888 2541 sancta

305 2541 399 2596 Dei
454 2540 717 2599 Ecclesia:
752 2545 1006 2615 dogmata
1027 2590 1043 2616 ,
1083 2561 1159 2607 et.
1183 2553 1343 2609 ﬁdem
1385 2566 1631 2614 nostram
1666 2561 1887 2618 univer-

299 2646 444 2693 sam,
474 2634 593 2690 suis
616 2640 969 2697 exsecrandis
1023 2656 1088 2697 ac
1127 2644 1471 2716 impiissimis
1521 2649 1870 2723 dogmatibus

296 2734 356 2780 et
401 2726 667 2782 doctrinis
699 2728 1025 2801 confundit,
1071 2734 1454 2794 haereticorum
1489 2744 1733 2799 omnium
1787 2762 1883 2802 ne-

297 2818 618 2888 quissimus.
659 2820 764 2888 Qui
810 2824 989 2892 palam
1021 2825 1113 2883 hic
1151 2829 1207 2883 in
1243 2829 1484 2888 Ecclesia
1518 2832 1610 2890 Dei
1660 2852 1884 2908 compa-

298 2924 450 2973 rens,
489 2911 650 2980 paulo
686 2925 813 2969 ante
845 2928 1106 2987 tanquam
1138 2922 1443 2979 membrum
1474 2929 1803 2994 marcidum,
1829 2943 1882 2986 et

298 3003 628 3058 medicinam
679 3020 789 3060 non
829 3009 1149 3077 admittens,
1188 3012 1256 3068 ab
1292 3016 1485 3071 eadem
1516 3018 1726 3088 ejectus
1770 3034 1878 3079 est.

297 3092 614 3150 Con-movit
645 3106 828 3153 autem
883 3100 1000 3170 ipse
1031 3105 1200 3160 multa
1239 3115 1463 3177 propter
1516 3124 1738 3182 peccata
1783 3131 1881 3170 no-

290 3195 437 3254 stra,
469 3190 600 3257 quin
632 3190 765 3256 imo,
796 3202 854 3247 ut
882 3194 1093 3263 probati
1130 3200 1406 3257 manifesti
1438 3202 1591 3272 ﬁant,
1616 3209 1879 3277 quemad-

291 3278 520 3340 modum
547 3281 770 3339 divinus
808 3285 883 3340 ait
912 3288 1229 3356 Apostolus.
1258 3292 1392 3349 Nam
1426 3311 1549 3351 cum
1583 3314 1746 3355 unam
1767 3300 1872 3373 ipsi
1901 3297 1946 3357 C

293 3366 562 3426 Deitatem
605 3373 661 3427 in
713 3375 890 3432 tribus
935 3378 1325 3449 bypostasibus
1350 3387 1710 3445 conﬁteamur
1741 3366 1877 3448 siin-

288 3461 487 3532 plicem
524 3474 687 3534 atque
716 3466 1033 3538 indivisatn,
1066 3473 1157 3528 ille
1189 3477 1388 3532 multas
1423 3480 1662 3537 Deitates
1695 3483 1874 3554 palam

285 3553 553 3623 praedicat
578 3571 775 3626 parvas
801 3569 855 3615 et
886 3578 1135 3631 magnas,
1167 3578 1219 3620 et
1265 3569 1407 3626 hanc
1433 3587 1598 3627 unam
1630 3575 1684 3629 in
1730 3561 1876 3632 mul-

290 3651 376 3697 tas
407 3644 687 3715 tlisccrpit,
727 3659 781 3703 et
805 3666 967 3706 unam
993 3657 1212 3721 quidem
1244 3661 1606 3727 superiorem,
1633 3667 1874 3737 reliquas

285 3732 597 3811 inferiores,
631 3738 747 3795 sive
780 3756 843 3796 ea
880 3743 1146 3810 minores,
1185 3746 1349 3806 sicuti
1380 3763 1663 3814 creaturas
1718 3758 1871 3829 facit,

282 3835 341 3880 et
379 3827 714 3897 superiorem
772 3837 1068 3890 essentiam
1108 3839 1202 3894 Dei
1258 3844 1517 3912 appellat,
1568 3827 1871 3907 inferiores

280 3920 612 3975 essentiales
644 3925 1018 3993 operationes,
1056 3943 1109 3984 et
1142 3931 1431 3990 laeultates
1464 3939 1630 4005 illius,
1656 3926 1714 3994 et
1742 3946 1873 3999 eba-

281 4010 537 4075 risinata,
574 4028 696 4081 quae
743 4027 1024 4084 operatur,
1075 4034 1259 4078 creata
1307 4041 1525 4098 nempe,
1572 4042 1626 4085 et
1677 4050 1870 4092 rursus

278 4103 551 4168 inercata,
583 4113 864 4181 quodnon
904 4122 1116 4169 tantum
1149 4118 1432 4187 gentilium
1461 4133 1563 4190 est,
1590 4129 1869 4185 etmultos

276 4193 419 4250 deos
471 4198 679 4254 inducit
724 4219 738 4254 :
780 4204 994 4258 unicam
1049 4209 1194 4264 enim
1246 4209 1511 4269 Deitatem
1561 4219 1614 4271 in
1666 4222 1869 4278 multos

276 4293 413 4349 deos
447 4296 719 4352 concidit:
749 4300 843 4354 sed
879 4303 1045 4356 etiam
1077 4307 1379 4364 vanitatum
1423 4313 1641 4381 plenum
1673 4329 1779 4383 est,
1817 4326 1871 4374 et

276 4400 306 4437 a
340 4392 522 4440 mente
572 4390 804 4445 consilio
826 4409 911 4460 lue
941 4395 1101 4463 plane
1128 4397 1431 4457 diductum.
1459 4406 1548 4460 Ait
1577 4424 1869 4480 corporeo-

276 4489 403 4529 rum
446 4480 732 4534 oculorum
769 4486 985 4540 obtutui
1035 4489 1234 4558 subjici
1268 4496 1574 4552 naturalem
1610 4500 1703 4556 Dei
1750 4503 1866 4558 for-

275 4586 445 4633 mam,
475 4582 528 4626 et
558 4572 846 4641 Deitatem,
867 4594 1034 4648 quam
1064 4581 1383 4641 inferiorem
1409 4587 1672 4649 Deitatem
1697 4611 1865 4651 enun-

1994 2035 2124 2081 sunt
2157 2025 2278 2080 aliae
2317 2035 2606 2092 creaturae,
2641 2027 2793 2084 facit.
2826 2031 2891 2085 Et
2919 2035 3121 2090 cultum
3154 2038 3405 2096 exhibuit
3434 2056 3587 2098 crea-

1993 2126 2148 2184 turae,
2173 2125 2227 2172 et
2256 2131 2366 2173 non
2400 2118 2674 2184 Creatori,
2709 2125 2881 2179 multo
2916 2114 3234 2197 immanius,
3266 2147 3428 2202 quam
3453 2150 3586 2207 geu-

1994 2208 2116 2263 tiles
2153 2207 2277 2276 lpsi,
2303 2208 2600 2265 insaniens.
2635 2211 2817 2283 Neque
2839 2218 2986 2272 enim
3016 2236 3082 2274 eo
3112 2222 3409 2292 impietatis
3441 2229 3580 2284 ada-

1992 2302 2064 2356 cti
2105 2310 2236 2356 sunt
2280 2303 2570 2358 numinum
2603 2304 2977 2377 multitudine,
3012 2323 3072 2369 ut
3106 2310 3274 2371 Deum
3313 2327 3583 2378 creatura:

1991 2392 2380 2458 assimilarent,
2409 2404 2464 2451 et
2500 2397 2841 2468 angelorum,
2888 2417 3228 2478 sanctorum,
3259 2421 3424 2484 atque
3456 2412 3581 2472 ani-

1992 2499 2205 2539 tuarum
2228 2488 2468 2542 essentia
2501 2488 2821 2548 inferiorem
2863 2497 3215 2570 pejoremque
3249 2510 3574 2565 statuerent.

1987 2570 2233 2644 Namque
2258 2585 2452 2632 natura
2477 2581 2798 2650 angelorum
2825 2588 3033 2656 perpici
3059 2604 3168 2646 non
3192 2596 3357 2661 valet,
3382 2612 3578 2666 quem-

1986 2664 2281 2721 admodum
2319 2684 2498 2741 neque
2530 2671 2750 2729 animm.
2793 2677 3044 2736 Palamas
3083 2693 3211 2740 vero
3246 2686 3360 2757 ait,
3401 2682 3574 2750 Deum

1986 2759 2223 2828 speciem
2247 2762 2449 2818 habere
2479 2764 2772 2836 visibilem,
2798 2774 3100 2830 naturalem
3137 2779 3239 2849 ipsi
3287 2793 3341 2837 et
3384 2799 3574 2842 essen-

1988 2849 2193 2906 tialem.
2234 2851 2515 2913 lnvisibile
2556 2873 2721 2928 porro
2759 2865 2930 2919 multo
2979 2878 3064 2923 est
3114 2866 3318 2928 visibili
3376 2878 3573 2935 melids

1985 2956 2050 2996 ac
2080 2946 2470 3012 praestabilius.
2502 2949 2688 3021 Neque
2726 2954 2829 3011 bac
2858 2958 3068 3016 ratione
3096 2963 3272 3020 solum
3316 2966 3370 3023 in
3403 2964 3573 3027 Deum

1984 3034 2187 3104 impius
2218 3037 2344 3105 fuit,
2375 3042 2470 3097 sed
2524 3053 2580 3099 et
2629 3047 2869 3117 seipsum
2923 3052 3089 3109 Deum
3131 3056 3468 3128 inereatum,
3517 3073 3577 3120 et

1982 3127 2501 3202 absqueprincipio
2533 3150 2657 3191 esse
2690 3138 2975 3210 decrevit;
3008 3152 3134 3202 nam
3172 3152 3392 3219 asserit,
3425 3127 3571 3213 infe~

1982 3217 2148 3275 rloris
2180 3219 2408 3280 Deitatis
2442 3226 2694 3286 homines
2723 3235 3032 3303 participes,
3060 3245 3182 3312 quae
3205 3258 3301 3301 eos
3329 3217 3570 3312 deiﬁcat.
3631 3244 3637 3249 ’

1978 3322 2267 3371 cernentes
2294 3316 2479 3375 lumen
2508 3321 2640 3379 illud
2677 3323 2846 3382 Deum
2878 3328 3198 3392 inferiorem
3229 3340 3409 3399 oculis
3437 3359 3566 3401 cor~

1982 3408 2187 3474 porcis.
2216 3409 2328 3463 ﬁeri
2362 3411 2492 3468 deos
2552 3414 2823 3475 increatos
2857 3433 2911 3477 et
2958 3426 3080 3483 sine
3129 3431 3420 3503 principio.
3454 3436 3571 3496 Hoc

1980 3503 2160 3549 autem
2192 3511 2300 3551 non
2334 3500 2494 3571 longe
2523 3505 2677 3560 abest
2703 3509 2772 3562 ab
2803 3525 2889 3573 eo,
2918 3517 3065 3583 Quod
3114 3500 3411 3591 aliquando
3443 3526 3570 3588 dia-

1979 3585 2139 3642 bolus
2174 3605 2345 3648 ausus
2380 3601 2486 3658 est,
2518 3611 2643 3652 cum
2678 3599 2853 3658 dixit:
2882 3621 2902 3655 ε
2943 3605 3149 3665 Ponam
3173 3615 3357 3672 sedem
3386 3634 3565 3678 meum

1979 3692 2146 3745 super
2181 3682 2353 3737 nubes
2375 3724 2389 3747 ,
2423 3694 2479 3740 et
2510 3702 2607 3746 ero
2641 3692 2840 3750 similis
2870 3697 3181 3758 Altissimo.
3231 3722 3250 3758 ι
3288 3704 3431 3766 Sane
3464 3713 3569 3772 hac

1979 3765 2261 3837 impietate
2313 3776 2459 3832 nulla
2514 3791 2692 3848 potest
2753 3790 3055 3851 excogitari
3104 3800 3369 3865 atrocior,
3403 3819 3564 3873 quam

1983 3875 2108 3914 cum
2160 3878 2218 3917 se
2281 3866 2444 3923 homo
2480 3870 2646 3928 Deum
2685 3875 2985 3937 ineteatum
3028 3895 3083 3939 et
3130 3888 3249 3945 sine
3293 3895 3563 3965 principio

1977 3951 2095 4006 ﬁeri
2118 3955 2308 4024 jactat.
2342 3959 2407 4015 Et
2446 3956 2497 4018 id
2529 3977 2616 4022 est
2644 3972 2787 4038 quod
2830 3973 2958 4029 olim
2994 3972 3263 4038 Dominus
3294 3951 3564 4056 prmdiitee
3635 3970 3638 3973 ν

1974 4058 2080 4111 rat,
2123 4068 2141 4099 ‹
2184 4050 2415 4109 Venient
2466 4062 2871 4127 pseudocltristi
2919 4078 2973 4123 et
3024 4050 3515 4150 pseudoproplteue
3543 4126 3559 4152 ,

1972 4149 2026 4194 et
2060 4141 2263 4198 dabunt
2312 4146 2470 4217 signa
2502 4160 2556 4206 et
2585 4156 2832 4224 prodigia
2862 4160 2914 4214 in
2944 4168 3143 4234 popqu
3178 4185 3193 4222 :
3231 4141 3285 4225 et
3324 4141 3562 4235 s-i'vobis

1971 4232 2233 4300 dixerint,
2266 4233 2404 4295 Ecce
2436 4242 2526 4298 hic
2548 4246 2799 4306 Christus
2827 4260 2932 4319 est,
2959 4232 3041 4311 vel
3074 4274 3201 4316 ecce
3227 4263 3321 4329 ibi,
3348 4283 3417 4324 ne
3442 4287 3564 4328 crc-

1970 4323 2111 4381 datis
2150 4326 2280 4382 illis.
2314 4349 2332 4380 ι
2368 4331 2435 4386 Hi
2471 4334 2659 4406 itaque
2685 4350 2898 4397 tantum
2937 4362 3045 4401 non
3076 4351 3178 4407 hoc
3207 4323 3561 4424 dieutttpve~

1969 4433 2091 4471 rum
2137 4417 2398 4478 Deitatem
2430 4439 2555 4482 esse
2589 4433 2730 4499 apud
2765 4433 3225 4513 ipsoscorporeis
3269 4451 3446 4507 oculis
3476 4456 3560 4509 vl-

1971 4525 2115 4576 sam,
2144 4528 2313 4583 seque
2356 4516 2508 4586 ipsos
2567 4538 2685 4578 esse
2737 4524 2870 4582 deos
2921 4531 3215 4592 inereatos.
3269 4538 3382 4597 lloc
3432 4560 3559 4600 vero

1971 4597 2175 4655 Paulus
2233 4603 2302 4659 de
2355 4606 2700 4667 Anticltristo
2747 4619 3077 4679 enuntiavit.
3138 4644 3156 4677 ι
3204 4627 3339 4684 Cum
3400 4650 3557 4690 reve-

2164 4654 2167 4655 ,
2240 4654 2297 4659 ν-
2355 4654 2698 4667 ---η--.ηυην
2747 4654 3077 4679 uua-luunt.
3138 4654 3156 4677 ι
3204 4654 3339 4684 Ulli"
3400 4654 3550 4690 Γονα-

273 4663 396 4724 tiat,
431 4671 483 4716 et
510 4654 675 4719 Deum
706 4669 1033 4737 secundum,
1066 4683 1118 4727 et
1145 4690 1397 4744 parvum,
1431 4682 1495 4733 ad
1536 4700 1640 4740 nos
1682 4704 1857 4757 usque
1892 4696 1932 4748 0
1965 4691 2167 4747 labitur
2198 4695 2375 4760 exlex,
2411 4701 2653 4771 seipsum
2687 4720 2854 4777 super
2876 4724 3093 4768 omnem
3130 4719 3341 4775 cultum
3371 4726 3550 4781 extol-

271 4754 702 4822 pervenientem,
749 4769 803 4814 et
852 4763 1012 4821 nobis
1059 4766 1348 4825 visibilem.
1397 4772 1550 4839 Quod
1583 4780 1855 4848 superior,

269 4842 475 4912 inquit,
506 4849 758 4906 excelsus
785 4861 889 4918 est,
924 4871 1022 4911 nec
1055 4858 1194 4913 visui
1234 4872 1403 4931 patet.
1435 4863 1535 4921 llic
1566 4886 1696 4927 vero
1723 4875 1858 4928 infe-

269 4936 390 4990 rior
436 4936 603 5008 Deus,
646 4943 739 5011 qui
790 4947 1028 5017 videtur,
1062 4958 1118 5005 et
1159 4953 1280 5009 alia:
1325 4956 1584 5026 Deitates,
1629 4967 1858 5031 aequalis

266 5045 396 5083 cum
433 5045 500 5085 eo
528 5032 835 5104 facultatis,
862 5056 1004 5109 quas
1039 5057 1343 5115 nuncupat,
1373 5060 1424 5104 et
1455 5051 1694 5122 Spiritus
1725 5075 1854 5112 sau-

201 5190 217 5197 _
264 5133 408 5186 etos,
436 5126 754 5183 etinereata
809 5132 915 5187 alia
962 5148 1167 5191 sancta:
1198 5137 1439 5208 Triadis,
1485 5160 1663 5216 caque
1712 5151 1853 5206 infe:

260 5213 415 5269 riora
444 5216 660 5274 inﬁnite
692 5221 933 5291 inﬁnita,
967 5224 1069 5282 hoc
1099 5241 1184 5284 est
1227 5233 1437 5303 absque
1477 5238 1585 5292 ulla
1623 5256 1852 5312 compa-

260 5307 476 5363 ratione
505 5310 571 5365 ad
610 5327 694 5381 ea,
729 5319 1192 5385 quemadmodum
1225 5335 1281 5379 et
1328 5327 1553 5397 reliquae
1586 5345 1852 5392 creaturae

261 5399 653 5460 desciscentia.
686 5407 797 5464 llas
838 5409 1025 5481 itaque
1064 5415 1326 5482 Deitatcs,
1361 5431 1417 5474 et
1448 5421 1549 5476 bos
1582 5423 1846 5494 Spiritus,

258 5500 317 5546 et
343 5492 611 5550 visibilem
648 5497 914 5559 Deitatem
954 5505 1030 5559 ait
1062 5506 1118 5560 in
1178 5510 1450 5567 creaturis
1483 5528 1639 5583 aeque
1684 5526 1849 5587 atque

255 5584 439 5653 ipsum
479 5586 649 5643 Deum
701 5598 941 5663 operari,
974 5598 1135 5653 aliam
1180 5601 1513 5671 illuminare,
1554 5609 1717 5663 aliam
1747 5628 1847 5666 ex-

252 5693 507 5748 purgare,
542 5683 704 5738 aliam
745 5686 1048 5756 viviﬁcare,
1081 5694 1243 5749 aliam
1296 5698 1407 5753 alio
1458 5705 1621 5758 modo
1656 5719 1842 5760 rerum

250 5783 444 5823 curam
473 5787 683 5841 gerere,
709 5787 763 5830 et
800 5794 1241 5856 unamquamque
1269 5790 1551 5860 proprium
1575 5809 1714 5864 opus
1741 5798 1845 5853 sibi

250 5864 572 5933 vindicare,
624 5880 678 5923 et
730 5876 943 5950 operari
981 5895 994 5930 :
1028 5888 1085 5931 ut
1140 5896 1249 5934 non
1303 5892 1512 5939 tantum
1563 5890 1842 5954 gentilium

246 5956 488 6028 plurima
512 5966 738 6019 numina
772 5966 1106 6036 introdttcat,
1132 5972 1225 6028 sed
1253 5984 1304 6029 et
1327 5975 1461 6046 Arii,
1489 5987 1544 6035 et
1567 5978 1844 6049 Eunomii,

504 6057 774 6121 PA't‘uoL.
816 6060 931 6121 Gtt.
966 6062 1059 6125 CL
1082 6102 1096 6118 .

1817 6164 1843 6175 ..ι

1963 4781 2102 4848 lens,
2129 4797 2184 4840 et
2211 4789 2423 4843 sedebit
2450 4792 2505 4847 in
2543 4799 2763 4865 templo,
2799 4799 2991 4858 dicens
3018 4819 3078 4859 se
3101 4806 3280 4875 ipsum
3316 4809 3540 4872 Deum.)

1960 4874 2103 4940 Quid
2128 4879 2275 4934 enim
2314 4883 2491 4954 magis
2517 4886 2771 4955 jactabit,
2805 4908 2925 4948 cum
2960 4895 3049 4952 ille
3070 4874 3323 4956 venerit?
3344 4913 3549 4978 etquid

1960 4972 2013 5026 in
2045 4975 2440 5033 Sublimitatetn
2478 4979 2574 5036 Dei
2607 4984 2866 5053 iusattiet,
2893 4999 2944 5063 et
2970 4991 3375 5063 blasphemabit
3397 5013 3550 5059 atro-

1958 5065 2099 5129 eius,
2145 5083 2309 5135 quam
2350 5087 2473 5125 eum
2505 5090 2564 5129 se
2605 5075 2737 5131 dicit
2788 5078 2956 5135 Deum
3005 5085 3309 5144 inc-reatum
3343 5102 3397 5147 et
3430 5096 3552 5151 sine

1958 5157 2272 5227 principio?
2308 5164 2455 5231 quod
2483 5182 2630 5221 nunc
2659 5167 2910 5229 Palamas
2938 5175 3250 5243 afﬁrmavit,
3278 5193 3332 5237 et
3358 5200 3546 5241 coram

1955 5250 2212 5306 Omnibus
2267 5253 2475 5309 dotuit.
2514 5256 2693 5322 Quare
2742 5273 2836 5316 aut
2883 5265 2976 5320 hic
3026 5268 3257 5328 Satanas
3300 5284 3401 5339 est,
3452 5286 3549 5332 aut

1954 5357 2266 5410 preacursor
2298 5345 2466 5414 illius,
2503 5364 2626 5404 cum
2655 5353 2768 5422 jam
2801 5367 2855 5410 et
2906 5360 3031 5416 linis
3083 5365 3266 5419 saeculi
3296 5404 3314 5429 ,
3366 5378 3440 5431 et,
3489 5381 3547 5424 ut

1953 5431 2071 5499 ipse
2111 5436 2330 5502 opinor,
2377 5439 2689 5498 immutatio
2723 5448 2965 5504 universi
2999 5469 3165 5522 prope
3193 5456 3282 5521 sit,
3313 5467 3366 5513 et
3410 5459 3545 5515 bea~

1955 5532 2064 5588 tus,
2099 5526 2194 5592 qui
2228 5530 2485 5585 mandata
2525 5534 2749 5603 Christi,
2777 5549 2831 5592 et
2865 5540 3010 5597 illius
3042 5543 3458 5615 discipulorum,
3486 5564 3541 5607 et

1954 5614 2178 5671 Patrum
2216 5622 2436 5678 decreta
2475 5638 2623 5681 sarta
2669 5639 2809 5685 tecta
2843 5638 3126 5702 servabit,
3157 5614 3210 5693 et
3257 5642 3326 5695 ab
3354 5658 3542 5701 errore

1949 5707 2365 5777 Palamilarum,
2396 5727 2453 5768 ut
2489 5719 2557 5773 ab
2590 5719 2712 5790 igne
2765 5731 2818 5776 et
2861 5726 3086 5782 colubra
3120 5729 3325 5787 intacta
3361 5737 3540 5790 tuebi-

1951 5810 2060 5861 tur,
2113 5808 2257 5872 quod
2304 5805 2420 5862 huc
2456 5809 2527 5864 sit
2559 5813 2792 5880 pessima
2830 5816 3088 5874 Ecclesiae
3121 5838 3259 5877 noxa
3282 5865 3298 5886 ,
3333 5836 3388 5882 et
3423 5847 3541 5887 om-

1948 5893 2104 5949 nium
2144 5896 2236 5964 qui
2269 5912 2510 5967 unquam
2534 5915 2694 5958 antea
2728 5905 2950 5974 fuerint,
2974 5927 3131 5967 error
3159 5916 3538 5985 impiissimum

1950 5985 2122 6055 ldq‘ue
2160 5997 2262 6056 est,
2307 6000 2367 6045 ut
2399 6007 2543 6062 reor,
2572 5999 2714 6065 quod
2750 5999 2800 6053 in
2841 6016 3083 6055 errorem
3117 6004 3332 6062 induce:
3367 6012 3535 6065 etiam

2914 6095 3051 6174 es
