4046 6474
312 489 416 554 εει

1468 481 1914 543 GRIECORUM
1961 478 2436 542 SENTENTLﬁ.

3466 480 3597 545 882?

307 601 488 671 τούτῳ
527 599 635 654 τῶν
688 596 1031 668 πραγμάτων
1085 594 1491 679 ἡσυχαζόντων,
1548 596 1754 668 σφοδρά
1799 613 1885 659 τις
1921 600 1963 656 Α
1992 598 2168 663 δάξειε
2203 597 2440 668 χρηστὸν
2466 597 2493 649 ὁ
2530 594 2812 659 παντελῶς
2851 595 3124 668 ἀγνοήσας
3153 595 3407 667 νηστείας
3451 616 3574 653 και⁶

311 694 571 749 ἀντέπνει
602 689 803 759 λαίλαψ
830 692 894 743 ἐκ
923 689 1034 742 τῶν
1071 688 1165 743 τοῦ
1190 688 1407 742 Σατανᾶ
1440 688 1767 749 πνευμάτων
1791 690 1893 758 ἐμ-

310 784 644 855 φνσηθεῖσα,
668 780 944 837 καὶπάντ⁸
972 781 1289 851 ἀνατρέπει,
1307 783 1403 836 καὶ⁸
1423 781 1780 852 μετατίθησιν
1814 783 1894 845 είς

312 875 564 932 κλύδωνα
583 872 842 944 χαλεπὸν,
879 873 976 926 καὶ
1001 872 1127 935 τοὺς
1146 870 1289 925 οὕτω
1313 871 1664 944 βλασφήμους
1683 874 1894 942 ἀναφα-

310 968 527 1031 νέντας,
550 965 675 1028 τοὺς
698 962 874 1027 οῦτως
897 963 1155 1033 ἀληθείας
1173 963 1401 1035 ἐχθροὺς
1420 964 1516 1018 ἐπὶ
1536 965 1643 1018 τῶν
1662 965 1895 1035 πρώτων

313 1058 521 1113 οτάκων
566 1056 802 1121 καθίζει,
834 1055 929 1109 καὶ
952 1057 1271 1125 ίερουργοῦς
1300 1058 1428 1120 τοὺς
1480 1058 1894 1130 ἀρρητουργοὺς

309 1150 683 1212 ἀναδείκνυσι,
713 1148 807 1201 καὶ
832 1146 1122 1217 δογμάτων
1152 1150 1468 1217 προστάτας
1496 1152 1623 1214 τοὺς
1654 1151 1895 1205 ἀποστά.

309 1261 436 1305 τας,
478 1243 571 1295 καὶ
609 1240 798 1311 ψυχῶν
821 1241 1143 1309 οἰκονόμους
1177 1240 1306 1304 τοὺς
1339 1242 1692 1312 αὐτονόμους.
1727 1243 1893 1314 Ἔσχε

310 1332 363 1387 δ’
417 1331 562 1386 οὕτω
608 1332 709 1395 τὰς
770 1331 974 1394 αίτίας.
1007 1331 1117 1387 Τοῦ
1168 1333 1266 1388 νῦν
1315 1335 1414 1405 τῆς
1463 1333 1893 1405 αὐτοκρατορίας

324 1423 620 1494 Ῥωμαίων
682 1425 936 1478 Ἰωάννου
983 1424 1077 1479 τοῦ
1113 1425 1576 1497 Καντακουζηνοῦ
1625 1426 1751 1496 ἄρτι
1794 1427 1893 1499 τὴν

316 1517 584 1586 μεγίστην
612 1515 722 1570 τῶν
766 1515 980 1571 πόλεων
1008 1519 1398 1590 κατασχόντος,
1427 1520 1521 1577 καὶ
1559 1518 1891 1589 τελεώτερον

311 1609 658 1679 δραξαμένου
702 1613 800 1681 τῆς
835 1610 1143 1681 βασιλείας,
1174 1613 1373 1683 ἐπειδὴ
1405 1613 1500 1666 καὶ
1545 1612 1894 1683 πατριάρχην

315 1695 430 1747 ἔδει
467 1694 818 1765 ἐνιδρυθῆναι
849 1697 928 1767 τῷ
963 1699 1185 1768 μεγάλῳ
1215 1700 1392 1771 θρόνῳ
1425 1701 1532 1755 τῶν
1562 1701 1772 1773 ίερέων,
1803 1701 1892 1755 διὰ

316 1789 412 1837 τὸν
457 1787 763 1856 τηνικαῦτα
806 1789 937 1845 ὄντα
973 1794 1037 1844 ἐκ
1070 1793 1238 1861 μέσου
1286 1794 1566 1862 γενέσθαι,
1600 1795 1811 1864 γίνεταί
1839 1814 1892 1851 τι

318 1878 676 1949 καινοτομίας
705 1882 939 1951 πρᾶγμα
969 1883 1160 1955 πόρρω
1189 1884 1407 1953 θεσμῶν
1445 1887 1771 1958 Ἐκκλησίας
1800 1889 1893 1942 καὶ

2000 690 2150 762 ροὺς,
2208 690 2302 743 καὶ
2355 688 2665 759 βρωμάτων
2736 687 2948 757 ἀποχὰς
2999 688 3095 742 καὶ
3143 689 3429 758 πομάτων,
3486 690 3575 744 ὅτε

1995 781 2156 834 τοῦτο
2212 780 2508 852 προσήκει,
2558 779 2651 831 καὶ
2715 778 2919 841 πάσαις
2977 779 3216 849 ἡμέραις
3263 779 3577 848 ἀδιαφόρως

1996 870 2300 943 χρώμενος,
2329 864 2442 923 οἷον
2460 868 2706 926 ποιοῦσιν
2733 871 2782 922 οί
2801 869 2891 923 τὸν
2923 868 3197 939 βάρϐαρον
3231 870 3580 939 πολιτευόμε-

1997 979 2078 1016 νοι
2102 963 2327 1033 τρόπον,
2349 961 2409 1014 ού
2442 959 2720 1029 δυνάμεθα
2750 960 2893 1029 λόγῳ
2926 959 3182 1027 διεξιέναι
3203 961 3379 1013 ὁπόσα
3413 960 3577 1028 φασὶν

1995 1055 2159 1124 ἐτερα
2192 1053 2242 1108 οί
2279 1053 2347 1106 τὰ
2391 1051 2559 1105 αὑτοῦ
2592 1049 3093 1121 διακωμῳδοῦντες.
3137 1049 3299 1103 Ἀλλά
3348 1051 3456 1123 γάρ
3501 1049 3578 1120 τῷ

1996 1144 2225 1215 τοιούτῳ
2270 1142 2469 1214 σαθρῷ,
2508 1142 2743 1214 θεμελίῳ
2779 1142 2874 1197 καὶ
2915 1142 3102 1213 ἕτερον
3151 1143 3320 1198 κακὸν
3362 1144 3576 1197 ἐποικοο

1994 1234 2266 1304 δομεῖται,
2300 1235 2391 1290 καὶ
2421 1234 2622 1303 ἀνομία
2654 1234 3011 1304 προστίθεται
3052 1235 3258 1306 ἀνομίᾳ
3296 1235 3440 1289 κατά
3487 1235 3579 1288 τδν

1995 1324 2135 1379 θεῖον
2158 1325 2337 1380 Δαϐίδ.
2354 1327 2411 1379 ὐ
2433 1324 2668 1397 ἀρχηγὸς
2692 1326 2788 1396 τῆς
2804 1327 3000 1389 κακίας
3017 1327 3381 1393 ἐξωλέστατος
3402 1327 3581 1380 Παλα-

1998 1422 2122 1488 μᾶς,
2179 1418 2441 1489 Παλαμᾶς
2470 1418 2527 1471 ὃν
2559 1419 2651 1472 καὶ
2690 1419 2850 1488 μόνον
2892 1419 3291 1489 ἐνθυμηθέντες
3317 1418 3580 1486 καθαγνί-

2000 1511 2200 1564 σασθαι
2234 1511 2341 1580 χρὴ
2390 1510 2568 1581 ψυχὴν
2602 1510 2737 1580 ὁμοῦ
2770 1510 2863 1563 καὶ
2905 1510 3168 1575 διάνοιαν,
3198 1515 3293 1563 καὶ
3324 1512 3352 1563 ὁ
3399 1509 3579 1564 τοιοῦ-

1995 1620 2087 1667 τος
2147 1603 2395 1673 ἔχθιστος
2448 1603 2734 1672 ἄνθρωπος
2787 1602 2886 1672 τῆς
2945 1601 3056 1655 τῶν
3124 1601 3409 1655 Θετταλῶν
3444 1620 3578 1673 προ-

1996 1692 2377 1765 καθεζομὲντος
2414 1699 2804 1765 χειροτονεῖται
2840 1694 3152 1764 ἀρχιερεὺς,
3180 1695 3208 1746 ὁ
3248 1695 3341 1747 καὶ
3383 1695 3577 1766 πρώην

2004 1786 2106 1857 μὲν
2151 1786 2525 1855 καθαιρεθεὶς,
2560 1784 2646 1855 ἐφ’
2674 1780 2756 1847 οἷς
2802 1784 3109 1857 καθῃρέθη,
3142 1782 3262 1839 εῖτα
3310 1787 3403 1838 καὶ
3432 1786 3580 1857 ’χθὲς

2002 1878 2316 1947 ἱεροσυλίας
2346 1878 2662 1948 περιπεσὼν
2700 1876 3029 1948 ἐγκλήματι,
3060 1876 3203 1931 κατά
3245 1895 3310 1947 γε
3342 1878 3439 1947 τὴν
3479 1880 3578 1950 τῆς

321 1970 507 2038 νόμων
532 1948 638 2025 τῶν
670 1948 1056 2047 καθεστώτων,
1082 1948 1185 2040 ὀὓς
1232 1948 1455 2032 οίτθεῖοι
1485 1948 1775 2035 ἀπόστολοι
1802 1983 1897 2035 καὶ
1930 1948 1973 2005 Β
2009 1969 2378 2038 περιϐλέπτου
2412 1969 2602 2040 μονὴν.
2644 1970 2859 2033 εἰκόνας
2902 1968 3219 2041 λωποδύτης
3244 1948 3581 2041 ἀπογυμνῶ·

325 2063 723 2131 ποιμένεςτῶν
742 2067 1053 2136 ἐκκλησιῶν
1075 2065 1187 2122 οἷόν
1217 2087 1368 2133 τινας
1395 2074 1714 2142 πεπηγότας
1741 2074 1901 2143 ὅρους
1936 2132 1939 2135 λ

323 2157 821 2223 προκατεϐάλοντο.
867 2161 977 2214 Καὶ
1020 2162 1129 2235 γὰρ
1180 2164 1594 2235 προτραπέντες
1644 2167 1903 2236 ἀρχαιρε-

324 2247 454 2300 σίαν
503 2249 839 2320 ποιήσασθαι
897 2253 1261 2325 ἐξειργόμεθα
1320 2257 1424 2310 ὑπὸ
1475 2258 1573 2327 τῆς
1632 2261 1902 2328 κοσμικῆς

323 2340 583 2406 ἐξουσίας
622 2343 696 2413 μὴ
746 2343 811 2397 ἄν
843 2363 973 2399 ποτε
1011 2349 1261 2418 ποιῆσαι,
1291 2348 1351 2402 δν
1403 2342 1469 2404 ἂν
1505 2351 1537 2421 ἡ
1592 2352 1710 2404 θεία
1741 2351 1903 2421 χάρις

332 2434 471 2501 μετά
516 2434 616 2502 τῆς
662 2434 958 2505 ἀδελφικῆς
1009 2441 1318 2509 συμπορίας
1357 2442 1668 2512 ἐκλέξηται,
1700 2442 1817 2495 ἀλλ’
1845 2441 1904 2494 ὃν

324 2525 391 2576 ἂν
424 2526 899 2598 προτραπείημεν.
933 2528 1075 2600 Πρὸς
1101 2529 1275 2586 ταῦτα
1303 2533 1682 2603 ἀντιϐαίνομεν
1718 2550 1905 2603 μονον-

325 2618 450 2682 ουχὶ
510 2616 733 2683 πάντες,
763 2620 856 2673 καὶ
881 2620 1253 2692 ἀνθιστάμεθα
1274 2627 1341 2694 τῇ
1372 2626 1711 2695 ἀκανονίστῳ
1732 2625 1906 2696 ταύτῃ

328 2706 425 2758 καὶ
454 2711 844 2780 ἀπερισκέπτῳ
880 2712 1128 2766 κελεύσει
1164 2716 1304 2785 πλὴν
1355 2716 1553 2782 ὀλίγων
1596 2718 1706 2771 τῶν
1746 2718 1906 2786 θερα-

328 2798 630 2864 πευτικῶν,
660 2802 753 2854 καὶ
788 2804 929 2856 κατὰ
963 2806 1031 2858 τά
1054 2806 1362 2876 ἀνδράποδα
1391 2809 1719 2878 ἑλκομένων.
1765 2811 1821 2863 Ὀ
1849 2811 1905 2863 δὲ

328 2892 522 2959 ὥσπερ
573 2892 844 2965 δόγματος
895 2897 1079 2967 ἔχεται
1109 2897 1201 2952 τοῦ
1252 2903 1624 2971 φρονήματος,
1671 2901 1765 2954 νῦν
1808 2904 1906 2972 μὲν

324 2980 523 3037 τοῦτον
575 2984 877 3055 σχεδιάζων
921 2988 1002 3049 είς
1046 2988 1145 3057 τὴν
1193 2990 1674 3063 τοῦκπατριάρχου
1728 2990 1903 3056 ἀξίαν,

329 3074 431 3128 νῦν
461 3075 506 3129 δ’
538 3077 766 3130 ἐκεῖνον.
805 3079 915 3132 Καὶ
949 3079 1001 3132 τί
1024 3079 1105 3134 δεῖ
1133 3082 1200 3135 τὰ
1231 3081 1404 3135 πλείω
1442 3083 1622 3151 λέγειν
1650 3086 1749 3153 τῆς
1773 3085 1874 3137 στά
1893 3115 1904 3124 -

334 3168 829 3234 σεωςςτελευτῶν
875 3170 953 3234 είς
1018 3172 1287 3242 Παλαμᾶν
1333 3176 1427 3228 καὶ
1481 3175 1749 3246 Ἰσίδωρον
1781 3177 1907 3239 τοὺς

2007 2078 2127 2123 σας,
2163 2061 2462 2131 συντρίψας
2481 2063 2538 2116 δέ
2561 2063 2654 2116 καὶ
2671 2063 2739 2116 τά
2761 2064 3039 2136 ἐλαιοδόχα
3063 2065 3171 2117 τῶν
3196 2065 3359 2133 ἱερῶν
3383 2055 3579 2136 σκεύη,

2006 2155 2071 2206 ἵν’
2096 2153 2171 2217 ὡς
2211 2152 2415 2217 Ἰούδας
2449 2155 2716 2227 ἀργύριον
2748 2157 3041 2227 κτήσηται,
3075 2157 3168 2212 καὶ
3194 2157 3304 2210 οὐδ’
3337 2159 3364 2211 ὁ
3386 2158 3581 2227 τρισάα

2006 2247 2151 2309 θλιος
2182 2247 2452 2313 αἰδεσθεὶς
2487 2248 2587 2318 τὴν
2635 2248 2729 2302 τοῦ
2787 2250 3058 2320 σωτηρίου
3092 2248 3299 2315 πάθους
3342 2251 3578 2321 ἡμέραν,

2004 2340 2103 2409 τῆς
2134 2340 2403 2411 μεγίστης
2431 2340 2541 2397 τῶν
2569 2342 2832 2411 νηστειῶν
2861 2342 3180 2414 ἑϐδομάδος,
3210 2343 3455 2413 λουτροῖς
3492 2343 3584 2396 θε-

2011 2431 2271 2503 ραπεύειν
2316 2434 2378 2486 τὸ
2424 2434 2606 2503 σῶμα,
2644 2435 2739 2489 καὶ
2786 2437 3039 2506 τροφαῖς,
3093 2436 3185 2489 καὶ
3229 2435 3470 2501 πόσεσιν,
3505 2437 3585 2497 είς

2006 2525 2301 2579 κατάλυσιν
2328 2525 2428 2596 μὲν
2454 2525 2547 2579 τοῦ
2579 2526 2824 2593 κανόνος,
2855 2533 3187 2599 πρόσκομμα
3212 2528 3269 2581 δὲ
3299 2527 3393 2582 καὶ
3420 2528 3585 2581 σκάν·
3608 2512 3609 2515 η

2006 2619 2165 2671 δαλον
2195 2621 2295 2688 τῆς
2326 2619 2435 2673 τῶν
2467 2622 2716 2693 μοναχῶν
2743 2622 3126 2692 συνειδήσεως,
3161 2624 3256 2676 καὶ
3285 2624 3393 2675 τῶν
3416 2624 3584 2675 ἀκου-

2005 2711 2174 2764 όντων
2208 2713 2307 2781 μὲν
2343 2714 2495 2778 ἴσως,
2523 2716 2631 2767 τῶν
2660 2715 2716 2768 δὲ
2749 2715 3030 2784 παρόντων
3068 2715 3162 2768 καὶ
3192 2715 3447 2786 ὁρώντων
3478 2715 3585 2780 μάο

2006 2800 2165 2854 λιστα
2195 2804 2253 2855 ἐν
2277 2806 2343 2874 τῇ
2375 2805 2473 2873 τῆς
2509 2805 2882 2867 Ἀναστάσεως
2911 2804 3149 2872 Χριστοῦ
3178 2805 3272 2859 τοῦ
3300 2805 3436 2859 Θεοῦ
3464 2805 3586 2876 θείᾳ

2012 2898 2168 2966 μονῇ.
2207 2897 2380 2951 Αὐτοῦ
2407 2899 2519 2969 γάρ
2546 2900 2643 2954 καὶ
2666 2901 2780 2963 τοῖς
2808 2899 3359 2969 καταποντιστηρίοις
3382 2899 3587 2970 μᾶλλον

2008 2986 2042 3056 ἦ
2104 2986 2501 3060 καθαρτηρίοις
2557 2988 2781 3060 θερμοῖς
2849 2990 3143 3061 ἐχρήσατο.
3194 2982 3357 3043 Οὗτοι
3405 2989 3587 3044 τοίνυν

2011 3076 2159 3130 ὥσπε
2169 3097 2200 3148 ρ
2226 3079 2457 3150 ἀνομίας
2488 3081 2754 3151 κρηπῖδες
2794 3081 3194 3150 ύποϐληθέντες
3218 3083 3284 3151 τῇ
3327 3081 3421 3135 τοῦ
3450 3081 3495 3133 Χ
3506 3097 3588 3151 ριο

2014 3171 2145 3224 στοῦ
2184 3172 2564 3247 Ἐκκλησίᾳ,ἢ
2605 3175 2818 3247 φαύλης
2850 3177 3162 3247 συμμορίας
3190 3175 3589 3248 προϐληθέντες

330 3259 708 3350 ἐκκηρύκτους
791 3264 880 3317 καὶ
957 3264 1303 3335 ἀποϐλήτους
1376 3266 1436 3320 τὸ
1506 3271 1907 3341 πατριαρχικδν
1938 3288 1979 3344 C
2013 3268 2078 3337 τῇ
2130 3265 2240 3350 τοῦ.
2287 3267 2526 3338 Χριστοῦ
2591 3268 2903 3341 Ἐκκλησίᾳ-
2944 3269 3217 3340 ἡγεμόνες
3265 3269 3589 3339 φαυλότεροι

331 3349 552 3421 ἀξίωμα
589 3355 928 3425 περιίστησι.
976 3358 1085 3411 Καὶ
1125 3359 1319 3429 χρόνος
1353 3362 1444 3413 ἐπὶ
1495 3364 1606 3424 τοῖς
1648 3364 1910 3428 τοιούτοις

332 3443 604 3513 ἐτρίϐετο,
635 3446 730 3500 τοῦ
761 3447 860 3517 μὲν
890 3449 1228 3515 αὑθεντικῶς
1263 3452 1358 3506 τοῦ
1391 3455 1716 3526 πράγματος
1747 3459 1915 3510 ἀπτο-

331 3534 530 3604 μένου,
563 3535 721 3606 ήμῶν
766 3537 823 3592 δὲ
858 3534 923 3593 αὗ
965 3541 1340 3611 ἐνισταμένων
1383 3544 1627 3614 σφοδρῶς
1663 3546 1738 3610 ὡς
1765 3549 1909 3618 εἰχο-

337 3642 459 3693 μεν,
480 3627 584 3679 ’καὶ
615 3628 926 3685 ἀδικεῖσθαι
958 3634 1276 3700 φασκόντων
1306 3636 1541 3707 θεσμοὺς
1577 3639 1910 3709 Ἐκκλησίας

336 3715 429 3768 καὶ
460 3718 642 3787 νόμων
685 3719 997 3790 ἀκρίϐειαν.
1035 3723 1228 3791 Ὅμως
1262 3726 1390 3795 νικᾷ
1433 3726 1666 3797 θέλημα,
1704 3730 1909 3800 σαρκός

329 3826 395 3862 τε
437 3810 530 3862 καὶ
563 3811 815 3881 αἵματος,
848 3814 947 3869 καὶ
974 3811 1063 3869 οἷα
1098 3817 1164 3870 τὰ
1195 3816 1331 3870 Θεοῦ
1374 3820 1641 3890 κρίματα,
1681 3826 1775 3878 καὶ
1798 3824 1907 3876 τῶν

330 3902 602 3958 πλειόνων
623 3907 1075 3978 ἀπορραγέντων,
1101 3913 1194 3965 καὶ
1220 3912 1552 3968 διαστάντων
1578 3916 1907 3986 ἀρχιερέων,

330 3997 546 4064 γίνεται
580 4000 950 4071 πατριάρχης,
983 4000 1030 4055 ὣ
1059 4003 1194 4056 Θεοῦ
1224 4005 1379 4074 νόμοι
1411 4007 1503 4059 καὶ
1534 4008 1863 4079 δικαστήρια
1890 4010 1903 4060 !

346 4087 640 4159 Ἰσίδωρος,
674 4091 702 4144 ὁ
730 4092 934 4157 πάσαις
965 4093 1171 4164 ψήφοις
1205 4099 1566 4169 πατριαρχῶν
1602 4100 1698 4154 καὶ
1722 4103 1912 4172 ἀρχιε-

334 4181 484 4248 ρέων
531 4180 900 4253 καθαιρεθεὶς,
954 4186 1047 4238 καὶ
1097 4186 1315 4254 καθίζει
1376 4191 1470 4243 ἐπὶ
1515 4191 1610 4245 τοῦ
1669 4193 1906 4263 μεγάλου

329 4268 525 4338 θρόνου
567 4271 595 4323 ὁ
629 4273 763 4343 μηδὲ
799 4275 1035 4345 σμικροῦ
1068 4276 1201 4344 γοῦν
1233 4281 1444 4349 κριθεὶς
1503 4283 1650 4346 ἄξιος
1701 4285 1909 4357 ἄνθρω·

258 4384 268 4391 ο
328 4381 457 4429 πος,
503 4365 578 4424 ὡς
608 4367 657 4419 οἱ
687 4366 878 4420 τοῦτον
933 4371 1177 4440 ἀκριϐῶς
1202 4372 1428 4438 ειδότες,
1477 4377 1570 4428 καὶ
1617 4377 1784 4431 πάλαι
1813 4381 1909 4432 καὶ

328 4455 433 4507 νῦν
476 4456 748 4526 λέγουσιν,
782 4461 1072 4532 ἀϐέλτερος
1108 4464 1244 4535 πρὸς
1294 4469 1406 4529 τοῖς
1440 4467 1641 4532 ἄλλοις,
1682 4469 1907 4540 κοῦφος,

326 4545 536 4618 ἀφελὴς
565 4546 623 4600 τὸ
646 4549 922 4621 φρόνημα.
946 4551 1043 4621 οὐχ
1073 4553 1331 4624 ὁμιλῆσαι
1348 4556 1599 4622 εἰδὼς,ού
1632 4559 1825 4613 διελεῖν
1850 4561 1909 4614 τὸ

2014 3361 2416 3431 παρεισάγουσι
2447 3364 2574 3426 τοὺς
2622 3364 2694 3416 τὰ
2724 3363 2904 3416 αὐτῶν
2943 3364 3113 3418 πάλαι
3162 3362 3516 3434 φρονοῦντας,
3555 3363 3588 3430 ἢ

2015 3456 2114 3506 καὶ
2165 3452 2260 3507 νῦν
2308 3455 2527 3523 φρονεῖν
2567 3453 3076 3524 ἐπαγγελλομένους
3125 3458 3236 3517 τοῖς
3288 3457 3453 3525 ἱεροῖς
3478 3454 3588 3507 τῶν

2027 3543 2366 3614 Ἐκκλησιῶν
2419 3544 2656 3614 θρόνοις,
2696 3544 3026 3616 ’ἀνθρώπους
3091 3546 3222 3616 μήθ’
3267 3547 3390 3600 ὅθεν
3457 3547 3586 3609 εἰσὶ,

2017 3636 2142 3707 μήθ’
2181 3637 2268 3690 ὅτι
2320 3639 2728 3708 προεστήσαντο
2760 3637 3103 3708 ἐπιτήδευμα
3157 3638 3312 3708 παρὰ
3339 3639 3431 3692 τὸν
3471 3637 3589 3708 βίον

2013 3731 2457 3797 γινωσκομένους
2487 3731 2601 3793 τοῖς
2644 3730 2872 3784 πλείοσι.
2912 3732 3021 3783 Καὶ
3060 3729 3368 3801 πληροῦται
3401 3731 3588 3784 λοιπὸν

2013 3823 2044 3891 ή
2096 3820 2192 3875 τοῦ
2236 3820 2373 3874 Θεοῦ
2411 3821 2711 3891 Ἐκκλησία
2754 3821 3018 3892 αἰσχύνης
3062 3824 3158 3875 καὶ
3204 3822 3444 3886 ἀδοξίας,
3485 3824 3590 3875 οὐκ

2015 3912 2163 3966 ἔστιν
2226 3913 2424 3978 εἰπεῖν,
2455 3914 2663 3984 ὁπόσης
2706 3914 2804 3965 καλ⁸
2831 3913 2972 3976 οἵας.
3007 3914 3117 3968 Καὶ
3164 3914 3213 3965 οἱ
3259 3913 3361 3981 μὲν
3390 3914 3585 3974 οὕτως.

2026 4004 2218 4075 Ἡμεῖς
2252 4004 2310 4059 δὲ
2341 4005 2488 4068 ἆπαξ
2515 4003 2615 4073 τῆς
2648 4005 2829 4058 αὐτῶν
2862 4004 3151 4069 κοινωνίας
3181 4005 3588 4077 ἀπορραγέντες

2017 4098 2254 4168 μένομεν
2284 4099 2649 4171 ἡσυχάζοντες
2681 4098 2766 4167 ἐφ’
2797 4098 3029 4166 ἑαυτῶν,
3053 4097 3174 4167 Θεῷ
3208 4099 3353 4168 μόνῳ
3383 4100 3449 4151 τὰ
3491 4098 3588 4162 τῆς

2014 4190 2231 4252 ἀδικίας
2256 4188 2626 4252 ἀνατιθέντες,
2663 4189 2921 4242 κάκεῖθεν
2949 4189 3047 4262 τὴν
3096 4190 3282 4259 κρίσιν
3307 4188 3415 4242 τῶν
3438 4205 3591 4255 γινορ

2017 4284 2194 4352 μένων
2238 4282 2390 4354 ἥξειν
2436 4281 2773 4346 ἐλπίζοντες.
2819 4273 2961 4337 Ἀλλ’
3007 4280 3129 4352 οὐχὶ
3182 4282 3276 4335 καὶ
3310 4282 3360 4334 οί
3413 4281 3590 4343 οὕτως

2016 4375 2160 4442 ἡμᾶς
2211 4374 2595 4447 ἀδικήσαντες.
2629 4374 2863 4443 ήρεμεῖν
2916 4372 3231 4442 ἀγαπῶσιν,
3277 4371 3394 4427 ἀλλ’
3431 4374 3480 4426 εί
3513 4374 3588 4443 μὴ

2016 4468 2110 4519 καὶ
2138 4467 2285 4536 ἡμᾶς
2341 4467 2423 4526 είς
2455 4468 2513 4518 τὸ
2549 4465 2663 4517 ίσον
2710 4466 2927 4529 ἑαυτοῖς
2976 4454 3250 4535 βάραθρον
3309 4481 3590 4533 συγκατα-

2020 4558 2313 4623 σπάσαιεν,
2364 4557 2762 4626 ἐπιτιθέμενοι,
2814 4555 2910 4609 καὶ
2962 4556 3321 4618 καθέλκοντες
3376 4558 3589 4617 ἑαυτοῖς

328 4638 582 4705 κρεῖττον
613 4636 721 4690 ἀπὸ
764 4637 860 4691 τοῦ
906 4639 1170 4710 χείρονος,
1201 4640 1316 4698 οἷον
1354 4649 1620 4717 προσήκει
1655 4650 1766 4711 τοῖς
1806 4649 1907 4719 άρ-
1941 4630 1986 4688 Ι)
2016 4648 2320 4708 κοινωνεῖν,
2366 4645 2471 4698 οὐκ
2521 4644 2749 4698 ἀνεκτὸν
2796 4642 3053 4714 ἥγηνται.
3096 4643 3305 4696 Οὐκοῦν
3359 4643 3453 4695 νῦν
3489 4645 3590 4712 μὲν

325 4747 512 4802 χουσι,
542 4731 798 4785 τοσοῦτον
826 4732 1136 4799 ἁπτόμενος
1159 4736 1266 4789 τῶν
1294 4740 1660 4808 πραγμάτων,
1687 4743 1789 4796 ὅσα
1816 4742 1910 4797 καὶ

333 4823 654 4895 μύρμηκες,
704 4825 850 4879 κατά
877 4826 976 4898 τῆς
1007 4828 1110 4898 γῆς
1154 4828 1441 4900 ἐρποντες,
1476 4835 1667 4895 παιδιά
1705 4852 1789 4898 τις
1818 4835 1910 4888 ἀν-

327 4933 529 4983 τικρυς
581 4917 735 4988 κοινὴ
768 4921 879 4982 τοῖς
924 4921 1285 4988 καταπαίζειν
1335 4924 1498 4979 αὐτὸν
1540 4926 1905 4998 βουλομένοις.

338 5007 411 5064 ⁶Ο
441 5008 497 5062 δὲ
528 5009 718 5063 τούτου
762 5012 969 5082 χεῖρον,
998 5010 1109 5066 οὐδ’
1148 5013 1426 5085 ὑποταγῆς
1470 5017 1667 5084 νόμους
1700 5018 1906 5087 μαθὼν,

333 5103 447 5157 οὐδ’
474 5105 533 5155 ἐν
561 5103 816 5174 κοινοϐίῳ
844 5104 1097 5175 τραφεὶς,
1127 5106 1242 5159 ἀλλ’
1269 5108 1458 5162 ἄστεσι
1490 5111 1586 5163 καὶ
1614 5111 1911 5179 πολιτείαις

339 5193 830 5265 συμπεφυρμένος,
856 5199 952 5248 καὶ
987 5195 1360 5264 παιδαγωγεῖν
1415 5200 1506 5250 καὶ
1538 5200 1908 5269 παιδοτριϐεῖν

338 5290 604 5360 παιδάρια
648 5291 922 5361 ἐλόμενος,
952 5291 1082 5346 ἔνθα
1127 5292 1224 5345 καὶ
1270 5291 1583 5362 ἀποστῆσαί
1617 5309 1804 5359 φασιν,
1835 5295 1910 5358 ὼς

337 5382 577 5455 εἴρηται,
607 5383 832 5451 γύναιον
878 5384 973 5437 τοῦ
1007 5383 1199 5455 ἀνδρὸς
1249 5384 1340 5436 καὶ
1379 5383 1486 5436 τῶν
1522 5383 1724 5436 παίδων
1766 5385 1823 5438 ἐν
1850 5403 1910 5439 τε

334 5476 731 5548 Θεσσαλονίκῃ,
770 5477 960 5547 ὥσπερ
1003 5480 1100 5532 καὶ
1143 5480 1200 5531 ἐν
1252 5477 1528 5548 Βυζαντίῳ
1565 5477 1780 5548 ἕτερον,
1822 5478 1911 5531 οἵα

336 5568 375 5636 ἡ
415 5566 509 5620 τοῦ
542 5567 822 5621 κυδωνίου
850 5567 1122 5639 θυγάτηρ,
1159 5568 1301 5638 οῖαή
1330 5566 1422 5621 τοῦ
1449 5568 1733 5639 Τξυράκη.
1767 5569 1910 5625 Ὅσα

339 5660 400 5713 δὲ
449 5662 545 5715 καὶ
576 5661 852 5714 διδάσκειν
903 5662 1094 5725 αὐταῖς
1148 5678 1286 5724 φασι
1333 5659 1623 5733 λαθραίαις
1672 5661 1911 5730 ὁμιλίαις

339 5753 694 5825 ἀπορρήτους
729 5753 880 5817 τινάς
921 5755 1018 5807 καὶ
1050 5755 1284 5818 ἀτόπους
1314 5754 1685 5821 διδασκαλίας,
1715 5755 1911 5824 παρεί-

343 5846 460 5898 σθω
489 5849 602 5908 τοῖς
648 5845 1034 5916 πνευματικῶς
1058 5848 1198 5901 αύτά
1226 5847 1536 5914 ἐξετάσασι,
1573 5849 1647 5917 μὴ
1693 5849 1786 5901 καὶ
1820 5848 1909 5902 τὸν

342 5938 483 6008 ἀέρα
510 5938 879 6011 ἐμπλήσωμεν
932 5940 1299 6011 βλασφημίας.
1338 5938 1402 5992 Τί
1438 5942 1544 6011 γὰρ
1578 5940 1643 5993 ἂν
1694 5944 1786 5996 καὶ
1827 5942 1905 5995 δι-

2015 4735 2412 4807 πρεσϐεύουσι,
2464 4738 2557 4789 καὶ
2590 4733 3086 4806 καθυπισχνοῦνται
3120 4735 3354 4805 μεγάλα,
3406 4735 3501 4787 νῦν
3533 4737 3590 4793 δὲ

2017 4830 2441 4902 μεταϐαλόντες,
2486 4828 2704 4882 ποιοῦσι
2758 4827 2826 4881 τὰ
2874 4827 3117 4881 διωκτῶν
3148 4827 3243 4880 καὶ
3286 4828 3585 4898 τυράννων,

2010 4924 2109 4976 καὶ
2171 4921 2621 4992 καθειργνύουσιν
2670 4918 2945 4988 ἀσφαλῶς,
2972 4917 3102 4980 ὥστ’
3132 4918 3396 4983 ἀθεάτους
3445 4918 3585 4983 εἶναι

2010 5016 2104 5069 καὶ
2136 5016 2453 5088 ἀπροῖτους,
2499 5017 2658 5068 ὁποῖα
2688 5016 2783 5068 καὶ
2826 5013 3027 5087 λῃσταὶ
3072 5012 3289 5071 ποιοῦσι
3334 5014 3462 5078 τοὺς
3507 5017 3587 5077 εἰς

2013 5110 2207 5179 χεῖρας
2248 5107 2449 5172 ἰόντας,
2486 5107 2583 5162 καὶ
2633 5106 2913 5169 πιέζουσιν
2948 5103 3125 5158 ὁπόσα
3157 5104 3438 5159 δύνανται.
3471 5105 3587 5157 Νῦν

2012 5199 2057 5254 δ’
2089 5199 2404 5254 ἀπειλοῦσιν
2434 5198 2693 5259 ἐπιπλέον
2712 5197 2929 5266 ἐξάγειν
2954 5197 3023 5251 τά
3039 5197 3139 5268 τῆς
3168 5196 3586 5266 ἀπανθρωπίας.
3668 5219 3673 5224 ·

2013 5290 2148 5348 Εἶτα
2177 5295 2271 5346 καὶ
2298 5290 2522 5363 Γραφάς
2552 5289 2677 5351 καθ’
2710 5288 2868 5361 ὴμῶν
2907 5289 3294 5360 σκαιωροῦσιν,
3327 5288 3579 5358 ἔγκλημα

2013 5387 2329 5455 ποιούμενοι
2360 5385 2457 5454 τὴν
2487 5380 2910 5451 ἀκοινωνησίαν,
2935 5381 3066 5441 ἀλλο
3092 5381 3137 5433 δ’
3182 5379 3355 5440 οὐδέν.
3399 5380 3588 5449 Ἀφαια

2018 5477 2240 5549 ροῦνται
2272 5476 2409 5546 πρὸς
2461 5476 2673 5537 τούτοις
2716 5474 2816 5538 τὰς
2868 5472 3165 5543 ἐκκλησίας
3195 5471 3292 5527 καὶ
3337 5472 3461 5536 τοὺς
3491 5471 3587 5525 τοῦ

2022 5570 2123 5640 ζῇν
2149 5571 2299 5639 ἡμᾶς
2333 5568 2560 5641 πόρους,
2595 5568 2685 5621 ἵνα
2725 5565 2952 5629 θάνατος
2983 5566 3114 5634 ἡμῖν
3157 5563 3332 5633 βίαιος
3362 5564 3585 5631 ἐπιστῇ.

2027 5664 2172 5719 Ἀλλ’
2205 5667 2367 5735 ἡμεῖς
2395 5663 2559 5734 μέχρι
2584 5659 2736 5723 τινὸς
2773 5658 3091 5728 ἀνεχόμενοι
3120 5657 3220 5725 τῆς
3245 5656 3451 5709 τούτων
3480 5672 3587 5707 πα-

1990 5757 2359 5829 ’ραπληξίας,
2420 5755 2497 5819 ὡς
2547 5754 2699 5808 οὐδὲν
2758 5751 3165 5828 ἐπιεικέστερον
3224 5749 3442 5811 εἴδομεν
3491 5750 3588 5801 αύ-

1990 5910 1993 5913 _
2019 5848 2144 5911 τοὺς
2172 5845 2599 5916 διατιθεμένους,
2631 5838 2850 5912 δρῶμεν
2879 5842 2906 5895 ὃ
2938 5843 3030 5895 καὶ
3055 5840 3144 5894 τοῦ
3175 5842 3359 5904 κακῶς
3389 5842 3589 5902 αὐτοὺς

2020 5940 2288 6009 ἄρξασθαι
2338 5939 2509 5991 ποιεῖν
2536 5936 2683 6006 ημᾶς
2714 5935 2840 6000 ἔδει,
2868 5934 2960 5987 καὶ
2996 5934 3180 6006 κοινὴν
3223 5932 3358 6003 πρὸς
3390 5932 3586 5995 αὐτοὺς
