4046 6462
374 521 498 588 ὅρια
527 509 667 566 Πατὲ
679 526 785 580 ρων
814 507 887 577 μὴ
914 501 1176 574 μεταίρεικ
1246 494 1700 569 τροαιρουμὲνοις.

377 582 450 678 (pq
483 609 511 658 ὁ
555 600 747 671 παρὼν
790 599 970 666 Τόμος
1023 592 1151 662 μηνὶ
1194 586 1417 656 Ἰουλίῳ,
1464 582 1815 642 Ἰνδικτιῶνος
1857 584 1938 630 ιε’.

387 696 640 758 «Audite,
677 691 852 744 tribus
881 694 1036 739 terrae
1062 690 1115 736 ct
1140 682 1359 749 linguas,
1392 682 1582 746 gentes
1605 685 1796 725 omnes
1826 683 1946 745 quae

795 738 849 742 ρ-
888 738 896 739 ,
1221 738 1249 749 ν
1348 738 1353 741 ,
1393 738 1419 746 ν

382 787 645 845 habitatis
672 768 955 839 sub‘coelo.
984 776 1297 847 quicunque
1324 770 1530 831 scilicet
1556 765 1724 818 Deum
1757 738 1945 816 verum

383 882 594 940 colunt,
619 886 672 931 et
707 887 870 928 unam
897 868 1161 924 Deitatem
1188 865 1243 919 in
1279 862 1452 917 tribus
1485 855 1736 928 personis
1781 850 1945 921 glori-

388 975 629 1028 ﬁcutam.
658 966 877 1024 Audite,
912 961 1003 1031 qui
1037 965 1225 1013 sancto
1252 951 1499 1023 peruncti
1528 948 1661 1004 estis
1688 942 1955 1014 sanguine

385 1061 609 1134 pretiosi
637 1057 794 1125 Agni.
819 1055 912 1123 qui
954 1049 1182 1106 ethnicze
1213 1042 1493 1115 religionis
1519 1052 1784 1101 errorem,
1819 1033 1959 1089 mul-

391 1167 469 1210 los
508 1155 637 1205 deos
686 1153 1039 1206 astrucntem,
1071 1138 1339 1200 dissolvit,
1386 1144 1445 1189 ut
1471 1146 1612 1187 unus
1646 1129 1787 1184 Deus
1821 1140 1962 1181 una-

390 1262 497 1314 que
522 1245 691 1297 deitas
722 1240 993 1294 coleretur
1025 1234 1091 1287 ab
1131 1232 1201 1287 iis
1239 1229 1333 1299 qui
1371 1228 1424 1281 in
1457 1225 1736 1280 ChriStum
1773 1217 1960 1274 Domi-

397 1350 528 1389 num
569 1341 815 1386 nostrum
865 1324 1166 1382 credidere.
1219 1320 1440 1381 Audite,
1488 1330 1609 1383 quin
1642 1319 1963 1381 tempestas,

394 1423 518 1492 quis
547 1422 730 1479 turbo.
759 1431 878 1486 qua:
904 1413 1138 1468 tenebrae
1163 1450 1178 1474 ,
1218 1408 1388 1461 multo
1427 1403 1694 1474 Egyptiis
1727 1400 1833 1454 illis
1858 1398 1958 1451 im-

401 1514 695 1572 maniores,
727 1506 1038 1561 Graecorum
1071 1501 1369 1556 Ecclesium
1406 1500 1820 1565 oppresserunt.
1863 1488 1965 1542 Ne-

400 1619 506 1671 que
536 1603 680 1655 enim
711 1595 927 1655 suffecit
979 1592 1197 1649 diabolo
1230 1588 1446 1658 generis
1500 1583 1674 1639 nostri
1710 1580 1775 1635 ad
1804 1581 1972 1633 inter-

403 1692 685 1748 necionem
744 1685 979 1746 eversio,
1014 1696 1201 1753 quam,
1247 1692 1367 1732 cum
1428 1670 1695 1728 homicida
1735 1673 1882 1722 esset
1904 1664 1972 1716 ab

402 1786 581 1840 initio.
630 1778 949 1852 procuravit
982 1788 1076 1845 per
1113 1768 1472 1827 defectionem
1526 1772 1581 1818 et
1618 1758 1971 1816 rebellionem

404 1877 750 1947 propriorum
800 1870 1334 1924 instrumentorum;
1384 1870 1485 1911 nec
1506 1853 1641 1908 satis
1685 1850 1761 1906 illi
1793 1848 1972 1902 visum

411 1979 516 2031 est,
555 1974 636 2017 tot
682 1960 900 2015 urbium
968 1964 1024 2009 et
1057 1951 1340 2020 regionum
1395 1943 1653 2014 proditio,
1722 1953 1824 1992 nec
1864 1950 1976 1989 non

411 2055 842 2111 Christianorum
907 2047 1083 2102 caedes
1136 2053 1190 2096 et
1240 2038 1603 2109 captivitates,
1664 2037 1720 2085 et
1766 2026 1982 2100 generis

412 2144 653 2199 universi
684 2158 751 2195 ac
781 2140 953 2195 aetatis
1011 2133 1370 2201 direptiones,
1431 2125 1538 2181 nisi
1570 2122 1737 2178 etiam
1784 2115 1982 2171 ferreis

408 2239 658 2291 vectibus
694 2232 993 2287 Ecelcsiam
1038 2225 1132 2281 Dei
1190 2227 1524 2281 concuteret,
1562 2213 1699 2269 adeo
1724 2219 1785 2266 ut
1824 2207 1985 2263 simul

409 2326 593 2381 omnia
626 2324 681 2378 in
712 2319 1058 2392 preeipitium
1117 2321 1324 2385 ageret,
1358 2320 1411 2366 et
1442 2310 1497 2363 in
1530 2303 1859 2378 profundum
1893 2301 1988 2355 de-

416 2427 710 2488 mergeret,
746 2410 1184 2482 dogmata,leges
1215 2418 1401 2460 sacras
1434 2410 1490 2457 et
1513 2401 1729 2454 Patrum
1754 2394 1990 2457 sancita,

414 2526 610 2585 parum
645 2510 770 2581 quid
821 2507 889 2561 ad
920 2502 1271 2569 tantas‘fvires
1297 2499 1452 2553 dirus
1513 2494 1616 2549 iste
1647 2489 1902 2558 Sophista
1936 2495 1991 2539 et

426 2604 602 2659 hostis
631 2601 927 2656 existimat.
977 2596 1114 2662 Quid
1152 2593 1297 2648 enim
1343 2588 1511 2643 facit?
1543 2585 1709 2641 Paulo
1756 2588 1901 2643 ante,
1934 2585 1994 2632 ut

422 2711 619 2750 omnes
646 2692 843 2756 nostis,
879 2689 1181 2745 exsuscitat
1200 2682 1456 2739 homines
1482 2676 1775 2749 quosdam.
1810 2684 1997 2725 mona-

423 2787 654 2839 chorum
694 2797 782 2838 rcs
809 2779 1104 2836 ementitos
1134 2785 1189 2831 et
1222 2779 1410 2828 mutuo
1464 2771 1828 2829 decertantes,
1861 2772 1915 2817 et
1939 2770 1999 2814 ut

406 2868 610 2947 'aptius
638 2877 840 2936 dicam,
903 2873 958 2929 in
992 2868 1156 2925 rectis
1184 2865 1404 2937 pietatis
1438 2858 1800 2932 dogmatibus,
1830 2852 1999 2907 veluti

427 2969 663 3034 zizania,
703 2974 918 3026 enatos,
950 2971 1005 3016 et
1052 2960 1282 3030 probum
1322 2953 1445 3009 lidei
1491 2965 1677 3006 semen
1711 2948 2000 3009 laedentes;

426 3062 523 3131 qui
547 3061 671 3115 licet
697 3055 1053 3124 sibimetipsis
1088 3047 1454 3117 discrepantia
1497 3053 1550 3099 et
1573 3044 1736 3111 longe
1763 3040 1999 3099 diversa,

428 3144 1185 3208 consonantia‘nihilnminus
1225 3154 1415 3203 eorum
1463 3136 1660 3207 motori
1696 3132 1865 3202 impio
1893 3130 2004 3185 da:-

1522 369 1963 439 onazconun
2006 320 2526 426 SENTENTLEJ

1739 487 1937 558 Ἐ’ίρά-
1966 491 2011 547 Α
2041 481 2147 536 illis
2168 461 2347 532 inesse
2371 489 2400 527 a
2428 468 2629 525 deitate
2649 463 2768 525 Dei,
2795 457 2887 530 qui
2917 468 3014 528 per
3037 449 3267 526 gratiam
3294 460 3423 503 suas
3453 459 3607 499 crea-

2045 583 2197 629 turas
2223 567 2327 623 sibi
2358 559 2713 632 cognomines
2742 552 2893 615 facit,
2922 560 3096 616 neque
3118 549 3411 613 propterea
3443 534 3600 590 multi

2049 664 2142 727 dii,
2181 672 2354 727 neque
2383 631 2623 708 Domini.
2659 658 2834 713 neque
2882 638 3112 695 deitates
3146 631 3373 687 inﬁnitae,
3421 640 3614 680 secun-

2002 742 2009 746 δ
2050 756 2176 809 dum
2206 753 2354 822 ipsos
2392 736 2805 813 operationibus
2834 734 3308 788 commensuratm,
3338 719 3433 777 sed
3472 730 3616 772 unus

3498 329 3629 395 886‘

2056 847 2218 902 Deus,
2250 854 2392 894 unus
2426 832 2710 892 Dominus,
2747 841 2852 881 una
2904 822 3110 883 Deitas,
3137 825 3196 872 ut
3228 813 3446 870 divinus
3475 808 3615 862 Pau-

2056 939 2142 991 lus
2178 931 2373 1004 inquit,
2407 923 2770 997 pluralitatem
2804 917 3023 976 vitans;
3061 926 3126 965 ne
3157 910 3210 962 in
3244 902 3616 977 gentilismum

2058 1029 2339 1083 abeamus.
2371 1019 2464 1074 Sic
2482 1033 2547 1072 ex
2582 1010 2869 1084 supposito
2904 1005 3044 1058 lutili
3075 999 3228 1063 meti,
3258 995 3439 1067 Statim
3475 1006 3624 1045 com-

2060 1116 2402 1187 parationum
2446 1081 2793 1165 eminentias,
2827 1105 2882 1152 et
2907 1094 3177 1153 delectus,
3212 1098 3265 1142 et
3293 1081 3624 1155 suppositio-

2051 1199 2180 1268 ncs,
2214 1210 2268 1255 et
2287 1194 2688 1267 depressiones,
2712 1188 2832 1245 sine
2850 1186 2958 1240 ulla
2988 1181 3218 1242 ratione,
3254 1175 3622 1230 recentiorum

2064 1296 2256 1350 barum
2300 1288 2569 1343 Deitatum
2606 1277 2961 1337 concludunt,
3017 1269 3317 1326 referentes
3350 1265 3414 1317 ad
3449 1263 3626 1317 Deita-

2044 1396 2196 1449 ‘tem,
2227 1396 2348 1452 qua:
2379 1375 2625 1446 analogia
2659 1370 2807 1427 omni
2844 1376 2894 1423 et
2922 1362 3241 1429 habitudine
3263 1369 3314 1412 ct
3342 1369 3630 1424 compara-

2069 1479 2217 1532 tione
2243 1470 2511 1541 superior-
2531 1474 2617 1521 est
2642 1481 2656 1531 ;
2695 1455 3163 1532 quemadmodum
3198 1461 3435 1514 superne
3462 1442 3631 1499 divini

2071 1578 2354 1625 sermones
2383 1564 2674 1622 intonant;
2706 1566 2881 1620 neque
2914 1548 3030 1604 ﬁeri
3058 1543 3252 1617 potuit,
3282 1557 3349 1596 ex
3380 1552 3489 1608 quo
3512 1544 3636 1590 nata

2072 1668 2202 1717 sunt
2233 1656 2428 1712 srecula
2466 1652 2642 1706 donec
2686 1647 2801 1715 ipsa
2836 1653 3031 1696 rursus
3062 1638 3381 1705 depereant,
3413 1616 3518 1682 a'lia
3548 1639 3639 1678 ra-

2075 1756 2224 1808 tione
2242 1747 2464 1805 sentire.
2490 1743 2731 1802 Necnon,
2757 1734 2899 1805 quod
2921 1729 3164 1786 omnium
3189 1718 3640 1779 absurdissimum

2003 1825 2046 1881 Β
2076 1853 2180 1909 est,
2198 1835 2657 1911 quemadmodum
2678 1827 3066 1907 prophetarum
3090 1817 3303 1885 eloquia
3323 1809 3642 1868 enuntiant:

2084 1934 2255 1997 «Dixit
2288 1931 2453 1995 Deus,
2509 1898 2843 1980 locutus‘est
2872 1913 3151 1974 Dominus,
3180 1918 3236 1963 et
3280 1906 3386 1960 hoc
3429 1909 3483 1955 et
3515 1898 3644 1953 illud

2078 2025 2321 2098 praecipit
2358 2018 2734 2088 Omnipotens,
2767 2029 2786 2063 ι
2824 2017 2878 2071 et
2905 2019 3093 2060 vocem
3125 2012 3287 2069 atque
3315 2006 3650 2055 sermonem,

2081 2118 2172 2186 qui
2204 2127 2369 2182 supra
2402 2116 2712 2165 sermonem
2748 2106 2856 2161 est,
2892 2096 3005 2151 Deo
3037 2105 3265 2163 prorsus
3316 2085 3644 2153 appingunt.

2084 2176 2157 2259 ila
2183 2212 2234 2257 et
2266 2176 2321 2255 bi
2346 2210 2609 2269 personas
2638 2191 2928 2259 efﬁngunt,
2989 2193 3043 2239 et
3069 2183 3126 2237 in
3155 2176 3518 2235 substantiam
3556 2185 3655 2239 pa-

2088 2299 2193 2350 lam
2229 2268 2398 2363 agunt
2422 2284 2702 2344 naturales
2727 2283 2825 2336 has
2854 2276 2946 2333 Dei
2968 2271 3337 2344 operationes,
3357 2279 3479 2336 quae
3507 2268 3658 2316 extra

2092 2382 2453 2461 suhStantiam
2511 2377 2814 2433 secundum
2854 2384 2914 2425 se
2945 2374 3096 2430 sunt,
3151 2371 3205 2417 et
3237 2357 3409 2428 loqui,
3443 2364 3496 2411 et
3528 2367 3663 2407 con-

2092 2490 2364 2538 suescere,
2397 2487 2461 2527 ac
2496 2470 2542 2525 si
2578 2468 2690 2541 vita
2722 2462 2962 2535 praeditas
3016 2466 3221 2520 essent,
3253 2466 3377 2509 cum
3411 2449 3518 2503 illis
3548 2447 3645 2516 qui

2092 2581 2279 2623 eorum
2319 2563 2493 2620 sacris
2527 2540 2723 2614 initiati
2759 2562 2893 2610 sunt
2928 2546 3222 2623 spondent,
3270 2549 3324 2597 et
3353 2542 3407 2594 in
3454 2539 3667 2593 increa-

2096 2670 2207 2714 tum
2261 2663 2516 2709 naturam
2558 2661 2750 2704 eorum
2802 2640 3101 2714 participes
3160 2618 3470 2689 immutare.
3521 2626 3666 2694 Quin

2096 2751 2206 2805 imo
2223 2757 2276 2803 et
2302 2743 2696 2802 benefactrices
2723 2743 2916 2791 vocant
2946 2730 3154 2787 similes
3178 2726 3437 2786 deitates,
3466 2720 3670 2776 benefl-

2099 2854 2213 2906 cas,
2246 2837 2556 2903 cuicunque
2586 2830 2691 2884 illae
2720 2822 3017 2883 voluerint,
3040 2815 3261 2887 proprio
3290 2808 3526 2880 quodam
3559 2818 3672 2857 mo-

2101 2934 2192 2989 do.
2225 2919 2819 2998 Supersubstantialém
2853 2928 2983 2970 vero
3020 2910 3287 2965 Deitatem
3339 2915 3531 2972 parum
3573 2904 3675 2950 aut

2104 3022 2243 3078 nihil
2276 2992 2344 3075 ad
2373 3014 2575 3074 similia
2605 3011 2796 3067 dicunt
2837 3002 3111 3060 conferre.
3173 2997 3298 3050 Hasc
3333 3001 3389 3047 et
3416 2992 3674 3056 pleraque

2107 3114 2213 3170 alia
2267 3108 2463 3183 partim
2500 3104 2674 3175 palam
2725 3097 2961 3154 recitant
2992 3100 3048 3146 et
3078 3081 3490 3145 commentariis
3519 3092 3677 3135 man-

433 3169 788 3208 consonantta
823 3169 1185 3203 Πιηιιυιιιιιιυδ
1225 3169 1415 3203 υυιυιιι
1466 3169 1659 3207 ιηυιυιθι
1698 3169 1864 3202 ηυγ-υ
1895 3169 1976 3185 υυυ
2113 3169 2134 3170 κν
2271 3169 2284 3183 .
2502 3169 2516 3175 -

433 3261 585 3299 mont
624 3241 994 3313 praedicabant
1023 3251 1087 3291 ac
1119 3231 1449 3289 sentiebant.
1479 3225 1730 3294 Namque
1760 3237 1825 3277 ex
1869 3220 2002 3287 ipsis
2030 3218 2073 3276 C
2106 3207 2256 3266 dant.
2285 3202 2482 3274 partim
2517 3193 2825 3254 εῖυηοιιῖυῐη
2879 3189 3204 3257 loquuntur.
3233 3191 3356 3235 cum
3390 3173 3589 3245 quibus
3621 3169 3681 3224 in

1930 3311 1938 3313 Α
2184 3298 2216 3313 ³·
2272 3312 2287 3313 η
2316 3295 2442 3313 νἈ---
2468 3289 2690 3313 und-m-
2750 3275 3214 3313 |mmimninnihne
3235 3277 3287 3313 et
3317 3262 3678 3313 mulierculis_

434 3337 660 3405 quidam
695 3334 814 3387 ausi
844 3339 993 3393 sunt,
1022 3327 1163 3381 idem
1193 3323 1487 3380 essentiam
1519 3317 1610 3373 Dei
1643 3327 1699 3371 et
1733 3311 2009 3384 operatio-

435 3446 559 3486 nem
585 3427 924 3490 existimare,
950 3430 1065 3488 aut,
1097 3420 1145 3475 si
1188 3415 1560 3487 operationem
1594 3409 1741 3465 aliud
1782 3419 1904 3462 esse
1933 3413 2011 3458 te-

436 3522 676 3576 nendum
711 3529 816 3583 est,
848 3530 959 3570 non
1013 3521 1344 3568 coaeternam
1386 3504 1537 3561 illam
1590 3502 1794 3562 dicere,
1836 3506 2011 3564 neotte

437 3615 683 3683 ejusdem
725 3606 978 3680 principii
1014 3619 1137 3661 cum
1179 3601 1511 3670 sempiterno
1541 3604 1594 3649 et
1621 3590 1890 3663 principio
1918 3601 2010 3641 ca-

441 3712 598 3757 rente
647 3700 780 3765 Deo,
837 3696 932 3753 sed
979 3701 1219 3749 creatam
1274 3697 1329 3744 et
1353 3684 1789 3755 cerruptibilem,
1842 3687 1905 3733 ut
1928 3692 2014 3730 res

440 3807 634 3847 onmes
665 3799 861 3845 creatre
891 3785 1072 3857 qualis
1101 3783 1156 3837 in
1187 3778 1458 3835 Thaborio
1512 3772 1810 3831 divinitatis
1837 3769 2017 3838 splen-

446 3890 548 3941 dor
593 3884 870 3955 apparuit,
896 3891 1003 3935 aut
1032 3879 1146 3942 illa,
1180 3889 1305 3946 quae
1346 3868 1662 3942 pastoribus
1698 3863 1898 3926 illuxit,
1931 3861 2016 3914 vel

444 3954 782 4048 quzecunqne
837 3974 944 4029 alia
979 3971 1071 4025 Dei
1120 3966 1385 4039 apparitio
1420 3963 1543 4017 fuit.
1592 3957 1662 4013 Et
1708 3956 1765 4012 hi
1799 3954 2015 4025 quidem

449 4074 553 4127 hac
592 4070 822 4125 ratione.
848 4065 952 4119 Alii
987 4076 1144 4133 aequo
1199 4072 1389 4114 errore
1426 4049 1713 4122 implicati,
1771 4048 1883 4099 imo
1906 4041 2022 4112 pri-

452 4180 574 4221 mos
597 4173 856 4231 superare
887 4155 1301 4213 contendentes,
1343 4163 1377 4204 ο
1415 4147 1657 4202 animam
1689 4148 1744 4195 et
1776 4139 2019 4207 linguam

451 4269 508 4312 et
544 4270 762 4311 manum
802 4246 1140 4319 iutemperiis
1180 4243 1390 4300 aetaml
1443 4238 1650 4308 scripto
1680 4231 1866 4289 miseri
1912 4238 2027 4284 tra-

451 4351 610 4412 dunt,
644 4362 751 4401 non
782 4359 813 4400 e
841 4342 981 4399 creto
1000 4339 1341 4401 fabulantes,
1383 4333 1481 4389 sed
1509 4345 1576 4386 ex
1602 4337 1770 4389 terra,
1803 4332 1864 4378 ut
1892 4335 2028 4374 ven-

376 4465 387 4473 -
458 4436 922 4507 triloquae,-velut
972 4430 1147 4488 lsaias
1176 4426 1365 4490 tradit,
1415 4421 1601 4493 spuria
1632 4416 1883 4489 quaedam
1927 4423 2028 4466 nec

459 4543 717 4603 germana
751 4528 1027 4595 dogmata,
1057 4535 1180 4592 quae
1231 4530 1409 4587 neque
1436 4506 1625 4568 Patres
1654 4507 1828 4565 nostri
1862 4518 2028 4559 nove-

460 4632 606 4687 runt,
639 4630 697 4675 ut
721 4619 905 4674 divino
938 4614 1158 4684 eloquio
1222 4619 1467 4671 utamur,
1520 4616 1697 4674 neque
1723 4599 1881 4654 nobis
1914 4605 2029 4655 tra-

463 4715 754 4768 diderunt:
802 4723 906 4763 nec
953 4706 1187 4761 audiunt
1220 4711 1475 4769 magnum
1509 4693 1736 4748 Paulum
1773 4686 2034 4759 profanas

465 4819 663 4860 vocum
690 4801 955 4856 novitates
1000 4794 1239 4865 abjieere
1276 4788 1703 4860 praecipientem,
1739 4793 1914 4849 neque
1942 4791 2035 4832 sa-

468 4899 706 4968 pientem
748 4891 1140 4947 Salomonem:
1183 4880 1336 4937 «Noli
1387 4891 1581 4948 sapere
1632 4879 2039 4943 supervacanea

469 5002 523 5047 et
551 4997 746 5060 praeter
763 4999 944 5041 usum.
961 4999 981 5033 ι
1005 4979 1255 5047 Namque
1275 4965 1855 5042 supersubstantialem
1874 4972 2039 5024 unam

472 5083 759 5145 Deitatem,
788 5079 906 5132 sive
922 5086 1092 5129 unum
1125 5068 1293 5122 Deum
1314 5066 1368 5118 in
1399 5060 1596 5115 Triade
1628 5058 1746 5113 sine
1775 5054 2044 5109 divisione

471 5174 733 5236 divisum,
772 5181 911 5222 nova
936 5162 1201 5219 divisione
1231 5152 1643 5212 subdividentes
1671 5146 1908 5201 audaces
1931 5141 2043 5203 isti,

476 5266 675 5321 multas
701 5260 966 5333 quasdam
1007 5254 1240 5310 deitatcs
1259 5261 1399 5310 esse,
1425 5252 1476 5296 et
1504 5240 1704 5294 multos
1730 5238 1884 5299 deos,
1912 5240 2051 5301 pra!-

479 5370 562 5423 ter
581 5371 703 5411 vera
719 5326 1011 5422 dogmata,
1032 5341 1373 5413 impudenter
1386 5346 1439 5390 et
1464 5329 1752 5388 temerarie
1776 5326 2048 5382 sanciunt.

479 5452 646 5505 Aiunt
672 5417 894 5518 quippe,
919 5439 1194 5497 naturales
1221 5443 1278 5489 et
1307 5425 1624 5486 essentiaies
1656 5422 1748 5476 Dei
1773 5417 2053 5489 operatio-

484 5557 582 5597 nes
636 5539 947 5594 divinorum
986 5534 1180 5587 horum
1213 5537 1265 5580 et
1294 5518 1741 5580 admirandorum
1771 5511 2053 5583 nominum

488 5642 593 5689 neu
626 5633 811 5685 minus
830 5626 1124 5699 participes
1152 5634 1293 5676 esse.
1316 5614 1423 5669 Nec
1453 5610 1582 5665 illud
1609 5624 1639 5663 a
1670 5606 1852 5661 divina
1874 5602 2060 5669 Scrip-

490 5735 612 5778 tura
640 5690 1051 5779 intellcaerunt,
1105 5720 1202 5767 aut
1234 5706 1409 5764 edocti
1459 5712 1607 5766 sunt,
1651 5700 1784 5753 deos
1812 5690 2065 5749 etdomi-

496 5831 621 5882 nos,
667 5811 891 5883 angelos
920 5808 1080 5865 simul
1111 5813 1166 5858 et
1200 5801 1446 5857 homines
1486 5796 1615 5859 dici,
1653 5801 1703 5846 et
1740 5795 2064 5860 potestatem

2114 3295 2448 3366 colloquium
2468 3289 2716 3348 veniunt,
2750 3275 3215 3338 homuncionibus
3235 3277 3289 3325 et
3316 3262 3678 3326 mulierculis,

2111 3388 2315 3447 temere
2350 3385 2482 3440 hinc
2507 3380 2635 3436 inde
2666 3374 2929 3432 collectis.
2989 3362 3390 3422 Testimonium
3427 3354 3685 3411 exhibent

2113 3495 2224 3552 non
2258 3476 2418 3548 pauci
2446 3485 2635 3529 eorum
2659 3468 2752 3538 qui
2779 3460 3123 3535 spiritualem
3149 3466 3338 3512 curam
3363 3450 3669 3504 animarum

2115 3549 2334 3643 gerunt,
2368 3585 2396 3621 a
2428 3563 2631 3620 deiusis
2655 3575 2751 3631 per
2787 3558 2937 3627 ipsos
2966 3566 3080 3607 rem
3115 3551 3528 3614 extorquentes,
3560 3547 3678 3592 tum

2115 3666 2335 3719 demum
2364 3659 2429 3714 ad
2458 3671 2561 3710 nos
2613 3628 2942 3708 referentes.
3000 3640 3107 3696 Sed
3150 3636 3311 3709 primi
3357 3632 3458 3697 illi,
3493 3628 3684 3699 quales

2119 3760 2277 3811 erant
2309 3744 2583 3802 Barlaami
2615 3753 2906 3812 sequaces,
2962 3734 3059 3804 qui
3098 3730 3166 3786 ad
3202 3728 3365 3783 [talos
3395 3730 3565 3795 genus
3596 3734 3686 3773 rev

2124 3842 2359 3904 ferebat,
2396 3847 2469 3901 et,
2511 3849 2635 3905 quae
2655 3808 2917 3886 Italorum
2939 3832 3091 3886 sunt,
3116 3818 3357 3882 fovebat,
3409 3808 3690 3879 congressi

2119 3948 2243 3990 cum
2280 3930 2403 3985 istis
2436 3928 2492 3983 in
2518 3921 2730 3994 judicio
2761 3931 2943 3981 sacro,
2980 3913 3061 3968 uti
3108 3925 3207 3981 par
3238 3903 3378 3971 erat,
3418 3902 3545 3958 victi
3579 3901 3692 3955 dis-

2121 4028 2426 4083 cesserunt.
2479 4014 2716 4072 Secundi
2780 4018 2962 4064 autem
3020 4003 3076 4058 hi
3140 4005 3403 4059 victores,
3460 4006 3589 4048 cum
3622 3990 3688 4043 ad

2125 4128 2339 4186 tempus
2390 4125 2581 4168 eorum
2628 4117 2860 4162 examen
2909 4095 3240 4157 diﬁ‘erretur,
3304 4088 3516 4149 interim
3576 4100 3696 4137 sese

2125 4207 2455 4270 retinebant,
2489 4215 2588 4257 nec
2616 4199 2671 4253 in
2689 4195 2965 4268 publicum
2994 4202 3216 4247 suarum
3237 4177 3701 4252 blasphemiarum

2126 4308 2343 4373 partum
2383 4293 2636 4354 edebant;
2672 4302 2742 4344 ne
2769 4283 3056 4356 gentilium
3111 4275 3523 4347 superstitione,
3574 4282 3696 4334 qua:

2130 4357 2337 4449 multos
2374 4387 2510 4442 deos
2531 4381 2766 4444 colebat,
2820 4374 3010 4431 inlecti
3047 4385 3113 4424 ac
3151 4365 3403 4434 judicati,
3441 4357 3705 4429 lapidibus

2134 4500 2232 4542 ora
2254 4483 2695 4538 obstruerentur.
2722 4468 2863 4536 Quid
2892 4477 3061 4536 porro
3079 4461 3205 4516 inde
3229 4458 3581 4513 subsecutum
3602 4446 3707 4502 est?
3759 4488 3765 4492 .

2065 4546 2108 4603 Β
2137 4578 2275 4634 Cum
2333 4580 2543 4642 partem
2601 4563 2978 4618 adversantem
3011 4550 3286 4610 debellare
3328 4544 3433 4607 nisi
3458 4542 3708 4600 fuissent,

2133 4636 2372 4736 etsigna
2427 4658 2668 4714 victoriae
2723 4647 3016 4723 synodales
3051 4645 3260 4699 litteras
3305 4636 3711 4703 deportassem,

2138 4726 2325 4816 statim
2360 4752 2587 4810 victoria
2635 4745 2789 4809 elati,
2820 4739 3058 4811 primum
3093 4732 3315 4803 quidem
3348 4726 3511 4787 clam,
3558 4729 3711 4789 post-

2140 4853 2363 4910 modum
2393 4842 2697 4918 propalam,
2724 4837 3082 4907 praaceptores
3105 4838 3202 4895 per
3241 4836 3302 4877 se
3334 4816 3501 4889 creati
3529 4814 3717 4868 civita-

2143 4949 2216 5003 tis
2253 4938 2638 5000 ostenduntur,
2691 4939 2748 4986 et
2781 4938 2953 4982 novos
2985 4931 3224 4979 errores,
3274 4911 3444 4970 veluti
3506 4905 3713 4962 sentina

2146 5053 2336 5113 prava,
2369 5035 2698 5091 miserorum
2730 5018 3014 5077 hominum
3039 5009 3238 5067 animis
3269 5004 3617 5062 inseminant.
3649 4996 3721 5051 Et

2149 5103 2285 5197 inec,
2316 5135 2607 5200 postquam
2642 5119 2710 5174 ab
2740 5110 2981 5170 Ecclesia
3005 5106 3115 5163 illis
3170 5103 3504 5172 iniunctum,
3540 5105 3720 5158 neque

2151 5230 2205 5284 iu
2227 5230 2505 5295 posterum
2536 5214 2788 5283 dogmata
2814 5203 2981 5266 ferre,
3016 5210 3195 5267 neque
3227 5194 3464 5252 docere;
3502 5185 3587 5242 sin
3621 5181 3723 5237 mi-

3396 5281 3408 5292 '
3482 5275 3722 5295 -5A-—'.L---

2153 5275 2205 5284 ”“
2230 5275 2254 5295 Ι·
2269 5275 2283 5279 ‘
2302 5275 2321 5277 “
2336 5275 2345 5277 ⁷
2366 5275 2371 5276 ⁷
2612 5275 2639 5283 ν

2153 5332 2282 5379 nus,
2336 5302 2817 5367 exsecrationibus
2845 5308 3006 5365 atque
3063 5275 3726 5346 excommunicationibus

2157 5406 2326 5463 futuri
2351 5408 2534 5457 essent
2555 5391 2801 5451 obnoxii.
2831 5388 2967 5441 Tum
2989 5382 3160 5452 ntagis
3177 5393 3242 5433 ac
3258 5371 3429 5440 magis
3448 5368 3503 5422 in
3522 5363 3731 5421 malitia

2164 5496 2508 5570 proﬁcientes
2534 5532 2548 5554 ,
2583 5503 2617 5543 ο
2645 5475 3117 5540 inverecundiaml
3183 5466 3388 5535 nuptiis
3439 5459 3731 5517 hominum

3085 5564 3117 5570 ·“
3158 5560 3177 5569 ’⁸
3395 5552 3487 5570 ⁸γὲ-
3527 5557 3569 5570 -ι
3607 5544 3731 5570 lilii-

2168 5544 2503 5570 ,ι-ν--η-ηη
2535 5544 2548 5554 .

2168 5603 2369 5647 manus
2409 5581 2697 5653 injiciunt;
2730 5577 2959 5645 juvenes
2988 5560 3243 5621 mulieres
3282 5573 3313 5612 a
3357 5552 3492 5611 viris
3521 5557 3577 5604 et
3606 5544 3733 5609 tiliis

2181 5640 2788 5751 intrepide,'peregrinis
2819 5665 2939 5727 suis
2961 5669 3121 5728 atque
3145 5647 3400 5708 absurdis
3438 5640 3734 5702 doctrinis,

2179 5778 2497 5843 scparantcs
2520 5808 2536 5833 ,
2565 5757 2794 5818 facinori
2824 5754 3029 5851 addunt
3060 5757 3317 5801 tonsuras
3350 5734 3667 5795 temerarias
3685 5739 3739 5785 et
