4046 6540
398 409 507 475 ξὸτ

1592 417 1692 477 DE
1729 418 2133 479 GREGORIO
2175 422 2479 483 PALAMA

3602 419 3707 486 888

400 521 861 583 ineonsideratas.
899 540 960 578 ex
998 539 1174 592 prono
1208 538 1397 585 nostro
1454 546 1651 599 genere
1688 531 1969 600 iuvenum.
2003 532 2048 588 Α
2078 533 2432 598 inhaererent.
2459 537 2718 592 audacter
2760 537 2990 608 mystica
3038 535 3328 593 sacriﬁcia
3378 535 3438 591 in
3467 536 3705 595 latebris

400 615 680 685 l’eraguttl
701 631 829 671 vero
861 616 996 678 haec,
1032 633 1095 673 ac
1129 620 1173 672 si
1208 631 1455 688 pastores
1483 622 1604 677 orbi
1642 633 1967 692 praeessent,

326 775 331 781 μ
403 707 704 778 liceretque
730 709 883 780 ipsis,
926 712 1189 780 quidquid
1237 713 1449 769 libitum
1493 714 1676 781 fuerit,
1723 716 1975 771 commit-

408 812 542 856 tere.
602 800 1011 869 Verumtamen,
1054 807 1147 875 qui
1212 816 1341 862 tunc
1372 817 1600 877 praeerat
1642 808 1973 876 patriarcha,

406 897 639 966 primum
661 897 881 967 quidem
913 913 1008 954 eos
1032 900 1229 954 similia
1252 900 1390 959 clam
1416 900 1595 956 facere
1620 899 1973 971 perspiciens,

404 997 592 1057 postea
631 990 684 1047 in
720 991 900 1053 lucem
949 1006 1225 1056 exserere,
1258 994 1600 1059 adhortatur,
1632 1004 1685 1049 et
1716 997 1977 1061 consulit,

406 1089 465 1133 ut
498 1095 618 1136 sese
647 1082 985 1147 contineant,
1032 1084 1268 1137 absurda
1302 1084 1417 1138 haec
1464 1099 1587 1139 esse
1617 1083 1830 1147 dicens,
1864 1095 1918 1141 et
1947 1101 1979 1140 a

408 1173 677 1228 canonico
735 1175 926 1229 ordine
960 1176 1160 1239 aliena,
1222 1185 1277 1230 et
1303 1175 1648 1233 confusionis
1680 1192 1743 1231 ac
1776 1177 1980 1233 tumul-

413 1277 566 1319 tuum
627 1282 826 1324 causas
881 1268 1139 1325 Ecclesiae
1190 1270 1575 1332 communiter,
1636 1280 1689 1324 et
1728 1269 1980 1340 privatim

408 1359 690 1415 omnibus.
732 1358 866 1415 Cum
927 1376 1055 1416 vero
1098 1362 1259 1416 enixe
1291 1363 1601 1432 saep'usque
1631 1363 1688 1419 id
1731 1372 1985 1432 repetens

412 1453 564 1505 nullo
601 1453 760 1507 modo
788 1452 1039 1509 homines
1066 1454 1120 1507 in
1153 1463 1386 1513 mentem
1435 1455 1617 1510 redire
1657 1454 1984 1519 intueretur,

415 1561 592 1615 neque
622 1531 690 1599 ab
722 1545 855 1601 inita
881 1546 984 1600 sibi
1015 1546 1306 1603 inscientia
1343 1547 1641 1611 removeri,
1673 1561 1772 1601 nec
1800 1546 1867 1601 de
1899 1561 1986 1600 re-

417 1642 533 1693 dim
575 1639 641 1697 ad
695 1639 917 1709 pr0pria
971 1640 1327 1718 monasteria,
1390 1638 1481 1694 ubi
1509 1653 1722 1693 comam
1775 1636 1987 1701 detousi

418 1744 745 1801 permanere
779 1728 1166 1797 promiserant,
1195 1727 1457 1796 cogitare,
1482 1735 1737 1794 tanquam
1759 1723 1993 1785 circula-

2074 629 2386 684 oﬂerentes.
2412 628 2518 684 Sed
2542 644 2664 686 cum
2687 629 2800 697 jam
2824 636 3015 699 pacata
3044 637 3195 684 esset
3226 627 3523 690 Ecclesia,
3544 637 3599 681 et
3621 643 3709 682 res

2077 722 2457 792 tranquillatae,
2494 720 2979 791 immanisquidam
3000 722 3158 776 turbo
3174 721 3470 779 exoritur.
3497 733 3529 773 a
3550 718 3711 773 Sata-

2078 829 2162 867 nae
2182 814 2358 867 ventis
2386 811 2679 877 excitatus,
2706 813 2799 881 qui
2825 813 3019 867 evertit
3047 811 3264 874 omnia,
3323 810 3708 877 immutatqoe

2082 906 2136 959 in
2172 906 2461 960 immanem
2513 906 2833 974 procellam,
2858 912 2912 960 et
2959 919 3057 960 eos
3074 903 3163 973 qui
3194 898 3352 956 adeo
3380 900 3704 970 blasphemi

2081 999 2331 1061 fuerunt,
2362 997 2499 1052 adeo
2522 997 2765 1052 veritatis
2791 997 2998 1064 hostes,
3028 995 3093 1050 ad
3115 996 3302 1065 prima
3325 992 3711 1065 gubernacula

2083 1089 2274 1145 sedere
2296 1088 2444 1153 facit,
2470 1105 2860 1159 sacrorumque
2877 1085 3404 1150 adminiétratores,
3435 1083 3709 1139 nefando-

2083 1196 2202 1234 rum
2224 1196 2448 1251 operum
2474 1182 2698 1250 opiﬁces
2716 1223 2729 1239 .
2756 1190 2810 1236 et
2836 1181 3082 1241 rebelles,
3118 1180 3469 1248 dogmatum
3497 1192 3705 1248 propu-

2086 1283 2341 1344 gnatores
2364 1313 2380 1338 ,
2412 1288 2475 1328 ac
2510 1272 2855 1329 adversarios
2914 1273 3115 1343 legum,
3141 1272 3481 1325 animarum
3520 1269 3709 1324 mode-

2087 1376 2320 1420 ratores.
2352 1364 2529 1419 Causa
2549 1380 2612 1419 ea
2645 1364 2776 1419 fuit:
2803 1366 2893 1435 qui
2922 1380 3066 1420 nunc
3096 1362 3346 1433 imperio
3371 1360 3706 1415 Graecorum

2090 1458 2315 1528 potitur,
2338 1460 2578 1513 Joannes
2625 1455 3066 1519 Cantacuzeuus,
3119 1470 3240 1525 1am
3285 1452 3548 1506 maxima
3619 1468 3710 1506 ur-

2090 1548 2240 1603 bium
2293 1556 2586 1617 occupata,
2637 1556 2692 1601 et
2763 1545 2995 1615 imperio
3049 1543 3385 1599 absolutius
3449 1551 3704 1613 arrepto,

2092 1656 2217 1696 cum
2253 1641 2557 1710 patriarcha
2591 1640 2646 1695 in
2679 1653 2934 1710 magnum
2956 1635 3316 1693 sacerdotum
3343 1635 3560 1690 solium
3589 1650 3710 1706 pro—

2096 1735 2399 1789 movendos
2423 1741 2591 1795 esset,
2621 1731 2789 1800 quod,
2823 1731 2916 1801 qui
2942 1739 3054 1786 tum
3072 1742 3214 1795 erat,
3246 1744 3283 1787 e
3318 1731 3517 1786 medio
3546 1746 3702 1786 exes-

420 1835 588 1891 tores,
625 1830 682 1878 et
714 1821 1024 1888 seditiosos,
1061 1830 1114 1874 et
1132 1819 1429 1890 dogmatun
1462 1834 1523 1880 ac
1551 1832 1780 1888 operum
1829 1830 1994 1871 nova.

2106 1835 2265 1891 serat,
2297 1840 2439 1881 nova
2474 1841 2564 1882 res
2596 1826 2851 1889 audetur,
2874 1832 3071 1894 praeter
3116 1824 3461 1879 sanctiones
3521 1828 3701 1879 eccle—

416 1925 585 1975 torcs.
619 1913 757 1972 urbe
786 1911 984 1981 pellere
1008 1919 1259 1966 conatur.
1290 1910 1395 1965 Sed
1430 1910 1483 1966 lii
1510 1909 1992 1979 persentiscentes,

417 2022 537 2077 qum
555 2015 712 2065 erant
731 2004 1062 2074 perpessuri,
1083 2005 1148 2058 ad
1167 2018 1420 2073 magnum
1446 2003 1703 2070 templum
1725 2000 1813 2055 Dei
1839 1999 1999 2053 Verbi

416 2097 708 2166 Sapientiae
735 2094 1081 2166 confugiunt,
1103 2093 1194 2149 ubi
1218 2110 1407 2163 parum
1441 2092 1613 2148 abfuit
1654 2092 1784 2160 quin
1808 2082 2003 2159 lapidi-

418 2193 519 2248 bus
547 2191 949 2253 obruerentur;
980 2196 1035 2243 et
1064 2187 1243 2248 obruti
1271 2186 1522 2249 fuissent,
1554 2184 1660 2239 nisi
1699 2198 1855 2237 sacer
1913 2181 2003 2234 ille

418 2276 576 2344 locus
621 2292 853 2341 conatus
908 2283 1306 2352 interrupisset.
1339 2281 1414 2336 lbi
1467 2280 1532 2335 ad
1576 2288 1810 2347 tempus.
1835 2278 1996 2333 veluti

418 2381 473 2437 in
500 2374 1341 2448 custodia,permanserunt.sed
1381 2372 1504 2427 inde
1535 2380 1722 2442 postea
1745 2369 2000 2433 extracti,

417 2475 513 2543 qui
551 2475 757 2545 primas
785 2471 837 2525 in
869 2470 1163 2528 novatione
1190 2467 1507 2521 obtinebant
1543 2465 1751 2519 carceri
1786 2461 2001 2517 manci-

419 2578 622 2638 pantur
652 2582 667 2631 ;
701 2564 791 2621 alii
820 2564 924 2621 hac
954 2570 1117 2632 atque
1147 2560 1271 2614 illac
1313 2558 1677 2627 dissipantur.
1733 2554 2001 2622 Deinceps

422 2659 695 2733 professio
723 2657 874 2722 ﬁdei,
926 2665 1041 2712 tum
1074 2652 1144 2708 ab
1175 2649 1587 2715 ecclesiasticis,
1627 2658 1742 2702 tum
1782 2648 1851 2702 ab
1878 2645 2001 2701 aliis

424 2751 596 2819 quiin
624 2749 890 2819 dignitate
915 2753 1092 2809 erant,
1120 2742 1460 2812 exposcitur.
1498 2737 1565 2794 Hi
1586 2748 1795 2794 tantum
1824 2753 1856 2795 a
1886 2736 1999 2807 pie-

419 2850 531 2896 tate
562 2837 857 2895 asserenda
890 2833 1228 2904 refugerunt,
1252 2841 1513 2902 quantum
1540 2829 1873 2899 impietatem
1899 2828 1990 2883 alii

419 2934 679 2993 oderunt.
712 2930 826 2986 lmo
859 2942 1077 2983 rursum
1112 2938 1167 2997 et
1201 2925 1401 2995 saepius
1450 2925 1504 2979 in
1536 2923 1639 2983 hoc
1666 2923 1805 2979 idem
1834 2935 2003 2977 com-

422 3026 593 3096 pulsi,
623 3039 746 3079 cum
778 3022 846 3078 de
906 3020 1052 3076 fastu
1105 3034 1212 3074 non
1249 3018 1614 3077 remitterent,
1652 3015 1718 3069 ad
1763 3011 2000 3068 tribunal

2103 1917 2371 1983 siastiras,
2403 1926 2455 1973 et
2488 1917 2637 1988 leges
2685 1914 2846 1979 alias,
2882 1929 3018 1983 quas
3081 1913 3262 1969 divini
3317 1914 3583 1983 Apostoli
3643 1922 3696 1969 et

2103 2010 2471 2064 Eeclcsiarum
2503 2015 2776 2077 pastores,
2801 2007 2960 2077 quasi
2982 2006 3210 2064 stabiles
3256 2005 3544 2076 quosdam
3596 2014 3702 2060 ter-

2101 2101 2283 2156 minos
2302 2101 2650 2170 prrclixerunt
2674 2117 2689 2165 ;
2722 2113 2983 2170 namque,
3007 2099 3074 2153 ad
3097 2099 3435 2169 eligendum
3464 2098 3696 2169 patriar-

2101 2195 2257 2248 cham
2291 2194 2488 2257 vocati,
2517 2208 2545 2247 a
2582 2193 2833 2250 saeculari
2896 2191 3153 2248 facultate
3211 2191 3691 2262 impediebamur,

2103 2302 2169 2340 ne
2195 2300 2319 2341 eum
2373 2300 2823 2356 promoveremus
2882 2298 3045 2353 quem
3099 2284 3296 2338 divina
3351 2285 3535 2355 gratia
3589 2298 3691 2337 una

2101 2395 2224 2435 cum
2257 2393 2527 2434 consensu
2559 2375 2803 2431 fraterno
2842 2375 3121 2444 elegisset,
3144 2374 3247 2430 sed
3299 2390 3474 2445 quem
3538 2374 3693 2429 nobis

2101 2470 2542 2542 proposuissent.
2563 2468 2675 2525 Nos
2696 2483 2890 2524 omnes
2911 2467 3060 2522 hisce
3080 2467 3451 2537 opponimur,
3477 2469 3534 2520 et
3558 2480 3692 2535 prae-

2102 2576 2184 2621 ter
2210 2580 2469 2627 canones,
2499 2572 2554 2617 et
2586 2561 3004 2618 inconsideratae
3032 2560 3303 2630 iussioni,
3365 2561 3562 2630 paucis
3610 2573 3695 2613 as-

2103 2659 2474 2715 sentatoribus
2502 2655 2765 2725 exceptis,
2802 2664 2858 2710 et
2907 2669 3056 2708 more
3084 2653 3507 2723 mancipiorum
3565 2666 3688 2720 per-

2105 2751 2316 2815 traetis,
2351 2750 2728 2805 adversamur.
2758 2747 2872 2813 Ille,
2928 2755 3188 2817 tanquam
3220 2744 3504 2816 dogmati,
3565 2758 3691 2797 sen-

2103 2842 2285 2900 tentiae
2314 2858 2428 2898 suae
2454 2840 2680 2906 insistit,
2709 2854 2857 2894 nunc
2879 2839 3050 2901 hunc,
3085 2853 3239 2892 nunc
3259 2837 3417 2892 illum
3440 2836 3495 2889 in
3530 2831 3689 2903 patri-

2103 2931 2380 2988 archicam
2404 2930 2725 3002 dignitatem
2762 2927 3071 2983 immediate
3100 2936 3154 2982 et
3182 2925 3451 2981 insubide
3476 2935 3690 2994 promo-

2101 3039 2255 3080 vens.
2288 3022 2352 3078 Et
2381 3021 2512 3094 quid
2532 3036 2671 3091 Opus
2686 3029 2769 3076 est
2789 3021 2942 3089 plura
2975 3019 3041 3074 de
3069 3018 3311 3075 dissidio
3342 3019 3438 3073 illo
3462 3013 3681 3071 dicere?

423 3128 715 3183 vocentur,
749 3124 809 3171 ut
837 3115 904 3170 de
934 3114 1002 3169 iis
1033 3128 1266 3183 quorum
1300 3109 1706 3166 insimulantur.
1730 3106 1995 3165 rationem

2106 3116 2341 3171 Tandem
2374 3115 2440 3170 ad
2483 3114 2758 3169 Palamam
2805 3123 2967 3183 atque
3006 3111 3316 3189 lsidormn,
3344 3108 3684 3181 proscriptos

426 3210 685 3267 reddant.
728 3206 835 3263 Sed
870 3222 1047 3276 neque
1094 3205 1198 3260 hac
1242 3204 1457 3261 ratione
1506 3200 1788 3261 obediunt,
1822 3211 2000 3265 neque

427 3317 747 3375 comparere
768 3301 987 3356 audent.
1021 3298 1176 3365 Quod
1200 3292 1381 3364 itaque
1414 3292 1720 3347 faciendum
1749 3296 2002 3360 propter-

428 3415 491 3455 ea
521 3406 643 3455 erat
692 3393 933 3451 Ecclesia
977 3407 1102 3450 cum
1140 3386 1411 3460 spirituali
1464 3384 1790 3438 auctoritate
1819 3378 2001 3440 efficit,

427 3501 484 3549 et
511 3491 747 3562 primum
783 3488 997 3553 statim,
1027 3485 1120 3556 qui
1154 3479 1562 3555 hypopscphius
1612 3485 1731 3530 erat
1766 3472 2004 3530 sanctis-

433 3587 588 3641 sima:
610 3581 978 3652 metropoleos
994 3573 1402 3633 Monembasiee,
1422 3569 1718 3634 lsidorum,
1735 3574 2006 3647 conantur

431 3693 461 3731 a
492 3675 716 3734 Palama
756 3684 813 3729 et
847 3672 995 3727 illius
1045 3667 1298 3724 factionis
1341 3662 1709 3734 dogmatibus
1744 3658 1999 3714 avellere.

429 3769 679 3839 Namque
733 3750 1019 3822 dicebatur
1070 3771 1123 3813 ct
1160 3761 1275 3827 ipse
1320 3774 1463 3813 unus
1508 3770 1631 3812 esse
1683 3768 1749 3809 ex
1801 3751 1868 3806 iis
1907 3747 2000 3820 qui

430 3863 620 3917 eadem
660 3876 724 3916 ac
755 3858 845 3914 ille
893 3856 1179 3917 sentirent,
1211 3854 1337 3911 licet
1379 3848 1755 3920 imprudenter
1790 3843 2005 3899 antisti-

433 3970 545 4012 tum
575 3956 800 4013 calculis
823 3951 1095 4009 obnoxius
1128 3946 1335 4013 fuerit;
1369 3958 1585 4009 verum,
1623 3941 1713 3997 ubi
1749 3937 2005 3997 eumdem

432 4049 744 4117 praedurum
778 4054 835 4100 ct
865 4043 1023 4114 plane
1057 4018 1399 4096 obstinatum
1429 4034 1789 4094 invenissent,
1815 4035 2007 4084 sancto

437 4142 657 4195 bemate
706 4137 941 4207 pellunt,
970 4139 1342 4202 praeparatum
1375 4127 1486 4197 jam
1527 4124 1595 4181 ad
1623 4137 1840 4178 sacrum
1880 4132 2007 4175 cum

434 4230 743 4303 patriarcha
797 4224 1107 4283 faciendum
1149 4238 1166 4289 ;
1204 4230 1315 4275 tom
1372 4221 1425 4273 in
1464 4216 1733 4289 judicium
1788 4219 2009 4274 vocant,

433 4326 528 4396 qui
561 4325 743 4394 palam
774 4319 1044 4383 enuntiat,
1071 4329 1349 4384 nunquam
1388 4326 1448 4368 se
1480 4326 1543 4367 ea
1580 4309 2004 4377 abnegaturum,

434 4419 531 4476 sed
564 4416 803 4472 animam
823 4406 1004 4482 potius
1036 4408 1363 4464 traditurum
1392 4421 1513 4461 cum
1548 4401 1819 4467 Ecclesia,
1843 4412 2011 4468 quam

2110 3220 2276 3278 atque
2303 3209 2528 3278 eiectos,
2558 3204 2973 3276 patriarchicam
2992 3202 3165 3258 defert
3229 3203 3584 3270 dignitatem.
3625 3196 3682 3248 fit

2111 3310 2325 3371 tempus
2386 3300 2440 3355 in
2492 3301 2579 3355 bis
2635 3297 3082 3358 consumebatur,
3135 3310 3204 3352 eo
3272 3296 3500 3366 quidem
3568 3304 3683 3345 cum

2110 3394 2438 3450 auctoritate
2494 3408 2609 3449 rem
2666 3399 3064 3463 pertractante,
3118 3389 3287 3445 nobis
3336 3396 3525 3440 contra
3590 3394 3682 3452 pro

2111 3488 2323 3544 viribus
2365 3485 2769 3554 resistentibus,
2821 3482 3371 3554 oppenentibusque,
3427 3476 3677 3546 injuriam

2112 3580 2228 3635 fieri
2258 3577 2636 3635 sanctionibus
2655 3574 3045 3632 ecclesiasticis
3065 3580 3123 3628 et
3150 3573 3340 3641 legum
3364 3568 3564 3627 sinceri
3573 3564 3679 3620 tati.

2115 3671 2261 3727 Vicit
2290 3670 2511 3726 tandem
2532 3669 2789 3725 voluntas
2808 3666 2995 3723 carnis
3024 3673 3080 3721 et
3107 3664 3429 3734 sanguinis,
3460 3669 3535 3724 et,
3557 3669 3681 3727 qua.

2118 3767 2189 3822 lia
2213 3766 2387 3822 solent
2439 3777 2562 3819 esse
2588 3759 2804 3831 ljndicia
2859 3758 2977 3825 Dei,
3020 3757 3278 3828 pluribus
3334 3751 3590 3810 ahscissis
3633 3755 3682 3801 et

2116 3861 2384 3931 separatis
2413 3855 2763 3928 praesulibus.
2792 3851 3101 3921 patriarcha
3134 3850 3211 3914 fit,
3246 3866 3281 3905 o
3317 3848 3413 3902 Dei
3438 3848 3579 3916 leges
3632 3848 3683 3893 et

2117 3951 2440 4008 tribunalial
2492 3947 2756 4018 Isidorus,
2810 3942 3070 3998 omnibus
3123 3940 3570 4011 patriarcharum
3630 3938 3679 3984 et

2117 4045 2420 4104 antistitum
2459 4039 2685 4097 calculis
2716 4037 2999 4109 depositus
3029 4054 3045 4103 ;
3082 4043 3137 4091 et
3164 4037 3323 4090 sedet
3385 4034 3441 4087 in
3493 4037 3678 4097 magno

2118 4141 2338 4199 throno,
2373 4134 2466 4206 qui
2488 4147 2590 4188 nec
2612 4129 2795 4201 pusilli
2831 4127 3119 4201 cujusdam
3151 4126 3354 4197 dignus
3410 4121 3677 4193 judicatus

2118 4239 2204 4288 est
2233 4229 2421 4291 homo,
2442 4220 2904 4295 quemadmodum
2933 4220 3025 4288 qui
3060 4218 3202 4273 bene
3247 4232 3374 4272 eum
3399 4221 3455 4268 et
3486 4208 3609 4266 olim
3632 4218 3680 4257 ct

2119 4336 2267 4379 nunc
2284 4327 2511 4382 norunt,
2542 4331 2655 4388 prae
2677 4315 2800 4371 aliis
2828 4312 3073 4377 stultior,
3103 4325 3307 4374 vanus,
3339 4314 3520 4363 mente
3540 4296 3676 4388 nulla

2120 4430 2248 4471 cum
2276 4413 2398 4468 aliis
2427 4421 2791 4466 consuescere
2822 4404 3071 4471 nescius,
3095 4416 3201 4457 non
3228 4400 3426 4458 melius
3448 4412 3478 4451 a
3518 4384 3677 4460 peiuri

440 4524 548 4565 non
574 4521 698 4563 eum
728 4502 948 4558 Palama
983 4502 1359 4572 opinaturum.
1394 4496 1451 4551 Si
1482 4496 1608 4566 quis
1648 4494 1756 4548 vim
1792 4488 2015 4553 inferat,
2043 4498 2096 4557 ι)
2122 4508 2461 4567 discernere,
2497 4509 2558 4556 ut
2581 4500 2813 4555 aliorum
2859 4495 3145 4567 pm“,ch
3168 4495 3432 4549 ,ααεοειε
3478 4490 3548 4539 ηε
3597 4492 3675 4533 res

437 4599 722 4662 renuntiat
770 4594 1090 4668 prwsulatui
1149 4601 1203 4648 et
1256 4590 1537 4653 Ecclesiae,
1586 4587 1748 4657 cujus
1800 4583 2014 4638 electus

438 4692 619 4748 fuerat
654 4688 968 4759 episcopus.
996 4686 1227 4755 Propter
1254 4683 1306 4739 id
1337 4679 1584 4753 synodali
1624 4674 1894 4735 sententia
1921 4675 2015 4728 de-

439 4782 685 4854 ponitur,
721 4791 776 4838 et
800 4780 944 4836 alius
984 4793 1093 4834 non
1135 4777 1366 4832 multum
1392 4783 1517 4844 post
1548 4781 1766 4840 tempus
1798 4766 1878 4823 illt
1911 4764 2016 4821 Ec-

441 4881 624 4937 clesia
655 4876 973 4950 praeﬁcitur.
1003 4878 1208 4931 Auctor
1228 4886 1358 4928 vero
1375 4880 1429 4927 et
1465 4873 1841 4940 propugnator
1872 4861 2019 4917 blasa

440 4973 783 5045 phemiarum
836 4968 1108 5031 Palamas,
1162 4964 1327 5022 simili
1375 4971 1429 5018 et
1454 4961 1572 5032 ipse
1621 4955 1836 5012 calculo
1886 4969 2010 5010 cum

441 5065 702 5123 universa
755 5075 857 5118 sua
890 5059 1130 5115 factione
1186 5056 1584 5113 condemnatus
1622 5064 1840 5119 ;neque
1868 5046 2013 5103 enim

442 5162 512 5216 de
548 5156 898 5213 contentione
952 5151 1156 5222 aliquid
1193 5146 1527 5210 remittebat,
1579 5158 1756 5213 neque
1783 5142 1842 5197 in
1876 5157 2019 5211 quo-

442 5266 608 5323 quam
641 5264 670 5302 a
697 5246 981 5302 temeraria
1016 5244 1107 5298 illa
1141 5239 1473 5310 loquacitate
1497 5237 1760 5297 cedebat;
1790 5236 1861 5292 ab
1896 5237 2006 5293 Ec-

444 5343 609 5398 clesia
632 5338 727 5394 Dei
765 5336 1154 5409 proscribitur,
1191 5341 1246 5386 et
1274 5328 1583 5385 sacerdotio
1638 5330 1928 5398 spoliatur,
1957 5337 2019 5386 ut

443 5435 580 5491 Acta
607 5433 675 5488 de
699 5431 803 5486 hac
832 5443 890 5484 re
926 5436 1075 5499 gesta
1127 5429 1582 5485 commemorant,
1640 5436 1669 5475 a
1707 5422 2016 5490 patriarcha

444 5539 577 5582 tunc
639 5522 902 5593 temporis
958 5519 1157 5587 reg’nae
1210 5514 1427 5569 urbium
1482 5500 1792 5582 obsignata,
1853 5521 1908 5569 et
1950 5514 2019 5573 ab

444 5617 810 5679 Antiocheno,
878 5622 933 5668 et
979 5608 1236 5664 omnibus
1297 5605 1635 5663 antistitibus
1705 5617 1817 5662 tum
1872 5625 2018 5664 nunc

446 5707 535 5762 hic
597 5702 980 5776 praesentibus,
1033 5708 1148 5754 tum
1188 5700 1253 5761 in
1320 5697 1568 5767 proprias
1606 5699 1764 5755 sedes
1798 5716 2015 5771 regres-

445 5800 543 5854 sis.
597 5797 666 5853 Et
716 5796 798 5853 sic
855 5795 996 5849 facta
1059 5801 1147 5848 est
1215 5806 1405 5846 eorum
1468 5792 1697 5864 privatio
1759 5802 1812 5847 et
1853 5795 2020 5862 depo.

447 5892 597 5959 sitio,
627 5891 756 5946 licet
804 5889 909 5967 ipsi
944 5889 1097 5954 nihili
1130 5886 1394 5951 facientes
1424 5901 1661 5969 poenam,
1695 5888 2002 5955 sacerdotio

2123 4605 2495 4669 pertractans,
2512 4590 2681 4648 veluti
2703 4597 2759 4646 et
2779 4586 3021 4642 foruicas
3059 4599 3157 4654 per
3183 4592 3383 4639 terram
3414 4577 3672 4645 repentes.

2122 4664 2367 4746 ludicros
2395 4684 2556 4755 plane
2585 4678 2886 4745 universis,
2915 4677 3010 4748 qui
3067 4675 3137 4734 de
3176 4689 3243 4731 eo
3313 4671 3475 4730 ludos
3510 4664 3671 4719 facere

2122 4781 2350 4853 cupiunt
2374 4796 2389 4845 ;
2416 4791 2472 4833 et
2492 4775 2639 4847 quod
2663 4772 2818 4845 pejus
2839 4779 2946 4837 est,
2965 4784 3142 4841 neque
3165 4761 3488 4822 obedientiae
3505 4758 3667 4853 legum

2122 4846 2348 4948 gnarus,
2376 4885 2553 4947 neque
2576 4869 2630 4923 in
2662 4864 2916 4923 cmuobio
2936 4863 3232 4925 enutritus,
3262 4859 3358 4915 sed
3387 4856 3440 4911 in
3465 4846 3689 4920 urbibus

2122 4941 2176 5023 et
2205 4967 2372 5022 rebus
2425 4941 2662 5035 publicis
2719 4956 3068 5020 commistus,
3128 4964 3183 5009 et
3235 4950 3569 5023 paedagogus.
3620 4941 3670 5035 ei

2122 5073 2416 5132 puerorum
2443 5052 2777 5125 padotriba;
2809 5050 3007 5118 hincjet
3055 5059 3345 5117 separasse
3398 5039 3566 5095 aiunt,
3616 5034 3666 5132 ut

2123 5114 2384 5214 diximus,
2434 5114 2810 5203 mulierculam
2876 5158 2907 5196 a
2938 5114 3203 5196 consorte
3258 5146 3313 5192 et
3360 5130 3482 5187 filiis
3535 5114 3662 5193 apud

2123 5241 2598 5302 Thessalonicam,
2626 5234 3092 5309 quemadmodum
3124 5228 3340 5300 etapud
3368 5216 3658 5294 Byzantium

2123 5337 2313 5401 aliam,
2348 5331 2527 5404 qualis
2551 5328 2731 5384 fuerat
2753 5323 2984 5397 Cydonii
3017 5320 3147 5385 ﬁlia,
3179 5318 3358 5391 qualis
3388 5311 3654 5404 Tzvracail

2122 5400 2521 5501 quantasvvero
2544 5421 2764 5477 easdem
2792 5417 2988 5472 doceat
3027 5414 3083 5469 in
3131 5410 3363 5468 occultis
3398 5400 3661 5501 colloql'fff

2123 5489 2390 5578 nefandas
2412 5526 2469 5573 et
2505 5515 2773 5571 absurdas
2837 5507 3143 5574 doctrinas,
3212 5495 3556 5568 relinquimus
3598 5489 3658 5533 its

2124 5615 2217 5685 qui
2246 5609 2608 5682 spiritualiter
2627 5620 2694 5662 ea
2753 5602 3161 5664 examinarunt,
3191 5612 3259 5653 ne
3286 5601 3459 5648 aerem
3497 5579 3655 5685 ξβευηδ

2123 5672 2479 5773 blasphemiis
2527 5698 2871 5769 impleamus.
2919 5693 3057 5760 Quid
3111 5691 3254 5745 enim
3310 5678 3439 5740 recti
3484 5672 3655 5773 decet-6‘

2125 5757 2341 5868 poterit,
2375 5794 2468 5863 qui
2502 5793 2718 5863 penitus
2737 5789 2937 5861 jejuuii
2966 5788 3083 5843 dies
3137 5799 3244 5839 non
3299 5761 3583 5868 discerni}:

2114 5846 2156 5958 av
2173 5887 2310 5945 cibis
2338 5846 2406 5947 ecl
2432 5846 2647 5944 noiibus
2671 5846 3058 5948 abstinentias,
3099 5892 3227 5932 cum
3255 5846 3395 5945 opus
3424 5850 3585 5917 fuerit:
3613 5846 3657 5904 ει

3942 1472 3943 1545 ἰ

3941 1662 3943 1713 Α

3941 1952 3943 2037 4

3941 2150 3943 2189 ι
