4046 6470
349 418 461 506 889

1504 443 1959 506 GB/ECORUM
2000 443 2483 507 SENTENTI/E.

3500 444 3609 509 890

348 568 541 607 omnes
567 551 684 607 dies
713 539 1080 610 indiderentes
1109 565 1358 624 usurpat,
1399 568 1457 612 ut
1491 557 1678 632 facere
1709 564 1915 617 amant,
1943 560 1996 621 Λ
2021 558 2325 628 praepediti,
2355 560 2426 613 ab
2490 573 2679 614 eorum
2714 555 3101 614 communione
3127 554 3502 624 abstinemus;
3557 552 3618 614 id

348 646 444 711 qui
479 643 769 699 barbaram
801 638 965 699 vitam
995 646 1226 702 ducunt.
1255 647 1373 703 Non
1412 664 1704 719 possumus
1750 649 1922 704 verbo

348 731 677 796 exprimere,
743 748 1083 804 quaecunque
1118 736 1212 792 alii
1260 737 1314 792 in
1361 738 1601 797 medium
1663 738 1919 805 afferunt,

350 823 443 889 qui
478 836 567 877 res
595 822 741 879 illius
768 825 1082 882 traducunt.
1110 826 1218 882 Sed
1273 843 1439 899 super
1491 830 1599 884 hoc
1647 830 1922 899 putridum

353 912 793 975 lundamentum,
829 917 1033 970 malum
1074 918 1219 972 aliud
1263 920 1654 985 exaedificatur,
1716 929 1770 975 et
1818 920 1926 974 iui-

353 1004 539 1069 qttilas
569 1004 787 1058 additur
809 1006 1102 1076 iniquitati,
1133 1011 1435 1065 secundum
1457 1013 1700 1067 divinum
1734 1011 1926 1067 David.

354 1098 560 1149 Auctor
581 1095 1385 1167 improbitatisperditissl’mus
1434 1100 1686 1156 Palamas
1722 1118 1738 1164 ;
1773 1102 1928 1155 Pala-

358 1199 499 1248 tuas,
529 1185 689 1249 cujus
722 1186 804 1239 vel
832 1187 944 1240 sola
1002 1188 1378 1244 recordatione
1401 1191 1619 1246 animus
1652 1191 1816 1246 simul
1875 1200 1930 1254 et

357 1288 513 1327 turns
561 1275 826 1342 expianda
881 1285 985 1331 est.
1042 1275 1139 1332 llic
1197 1280 1573 1350 nequissimus
1626 1281 1930 1349 hominum,

359 1364 660 1419 Thessalia:
693 1368 1016 1437 metropolis
1046 1370 1275 1426 antistes
1331 1382 1569 1440 creatur,
1623 1375 1715 1443 qui
1780 1375 1932 1442 prius

358 1458 640 1526 ili-positus
667 1457 843 1514 fuerat
866 1469 1087 1531 propter
1122 1478 1206 1526 ea,
1249 1479 1488 1533 quorum
1525 1478 1692 1519 causa
1762 1465 1933 1534 depo-

357 1553 500 1607 situs
530 1563 612 1607 est
644 1569 750 1607 non
795 1555 1024 1610 multum
1062 1566 1208 1621 ante,
1267 1559 1540 1629 sacrilegii
1600 1558 1829 1613 crimine
1878 1558 1935 1613 in

362 1642 653 1713 Periblepti
718 1649 1054 1703 monasterio
1087 1648 1413 1714 obstrictus,
1484 1665 1606 1705 cum
1668 1648 1937 1717 imagines

361 1749 644 1804 grassator
676 1737 1056 1807 exspoliasset,
1111 1748 1167 1794 et
1197 1733 1353 1795 sacra
1383 1756 1540 1806 vasa,
1566 1755 1687 1812 quae
1748 1740 1932 1795 oleum

364 1829 725 1897 recipiebant,
771 1830 1141 1897 contrivisset,
1173 1831 1339 1888 veluti
1393 1830 1587 1898 ludas,
1649 1841 1935 1903 argentum

2026 664 2250 720 quoque
2276 658 2666 718 protestantes,
2709 650 2813 705 uisi
2850 648 3129 717 exquisito
3175 647 3381 717 judicio
3432 662 3603 719 perop

2026 753 2376 814 portunoque
2405 745 2647 799 remedio
2678 742 2843 798 rebus
2867 742 3147 812 provisum
3191 741 3406 805 fuisset,
3473 758 3615 794 nun-

2026 850 2191 905 quam
2221 851 2323 892 nos
2363 850 2486 890 cum
2546 835 2654 889 illis
2706 835 3231 897 communicaturos,
3290 834 3404 896 sed,
3455 834 3616 903 juxta

2026 927 2371 998 praescriptos
2450 940 2689 981 canones
2739 924 3108 994 apostolorum
3170 930 3226 978 et
3293 934 3610 977 sanctarum

2031 1028 2205 1086 atque
2237 1016 2716 1072 tecumenicarum
2754 1014 3116 1086 synodorum,
3159 1014 3333 1083 poenis
3388 1016 3610 1068 eosdem

2030 1110 2397 1179 subjecturos,
2416 1108 2658 1177 deponet]
2667 1116 2747 1161 tes
2764 1115 2819 1160 et
2835 1105 3394 1166 excommunicantcs,
3416 1120 3615 1172 quem-

2032 1201 2322 1255 admodum
2366 1199 2444 1253 illi
2491 1199 2810 1253 decernunt.
2843 1197 2907 1252 Et
2962 1211 3061 1251 nos
3120 1197 3221 1250 ista
3280 1195 3637 1263 perteutavi-‘

2032 1307 2178 1348 mus.
2204 1290 2285 1346 llli
2314 1305 2466 1357 vero,
2496 1305 2619 1346 cum
2652 1290 2820 1345 semel
2850 1304 2882 1343 a
2912 1298 3065 1342 recta
3114 1288 3198 1342 via
3232 1288 3611 1351 aberrasseut,

2032 1384 2085 1436 vi
2109 1381 2211 1436 soli
2237 1388 2291 1435 et
2323 1378 2575 1450 potestati
2602 1378 2860 1433 exteriori
2917 1377 3272 1442 confidentes,
3315 1376 3463 1445 leges
3525 1391 3619 1430 re-

2034 1480 2241 1541 spuunt
2275 1481 2329 1527 et
2353 1472 2625 1538 justitiam
2663 1470 2776 1537 Dei,
2810 1480 2864 1525 et
2896 1480 3104 1524 armata
3139 1483 3301 1522 manu
3355 1468 3621 1522 adversus

2033 1578 2135 1618 nos
2199 1562 2430 1632 singulis
2491 1562 2687 1618 diebus
2735 1564 3074 1630 irrumpunt,
3110 1560 3295 1615 omnia
3337 1567 3619 1619 conantes,

2035 1668 2155 1724 quae
2179 1651 2289 1708 illis
2311 1653 2376 1708 ad
2414 1652 2674 1723 injuriam
2693 1659 2748 1705 et
2766 1648 3048 1703 infamiam
3077 1662 3233 1703 mens
3249 1646 3579 1715 suggesserit
3601 1661 3617 1710 ;

2037 1746 2345 1800 nescientes
2377 1742 2584 1808 miseri,
2620 1742 2802 1810 qualis
2829 1749 2884 1795 et
2919 1740 3087 1809 cujus
3117 1738 3344 1808 spiritus
3400 1736 3621 1804 utrique

2039 1836 2228 1901 simus,
2266 1850 2444 1905 neque
2480 1834 2569 1889 vix
2601 1835 2787 1889 animo
2818 1834 3108 1887 volventes
3148 1830 3376 1899 iustitiae
3408 1828 3620 1890 lances,

365 1919 467 1973 sibi
500 1934 825 1988 conparans
854 1939 868 1975 :
907 1935 1034 1977 eum
1083 1937 1261 1992 neque
1286 1923 1369 1978 his
1394 1934 1475 1979 ter
1506 1924 1693 1978 miser-
1733 1924 1940 1978 reveri-
1970 1901 2010 1956 Β
2038 1927 2255 1981 et'utin
2286 1926 2518 1996 singulis
2548 1936 2944 1981 mensurautur
2965 1937 3148 1977 rerum
3192 1929 3472 1992 gestarum
3523 1919 3623 1973 ho-

370 2021 457 2064 tus
480 2008 673 2065 fuisset
710 2012 968 2068 salutaris
997 2010 1280 2070 Passionis
1323 2015 1462 2078 dies,
1492 2015 1743 2069 maxima:
1791 2014 1937 2084 jeju-

369 2104 583 2156 niorum
613 2104 989 2173 hebdomadis,
1025 2108 1262 2163 lavacris
1293 2117 1350 2163 et
1395 2109 1671 2165 alimentis
1700 2117 1754 2163 et
1795 2108 1938 2177 poti.

368 2196 471 2249 hus
501 2211 703 2265 corpus
726 2195 932 2261 fovere,
960 2198 1026 2253 ad
1057 2199 1487 2254 destructionem
1520 2200 1738 2270 regulas,
1766 2198 1940 2254 offen-

363 2286 573 2340 sionem
629 2295 686 2340 et
750 2289 1069 2343 scandalum
1108 2290 1459 2347 conscientiae
1520 2292 1938 2357 monachorum,

364 2390 418 2431 et
442 2379 783 2435 audientium
816 2395 1035 2453 quoque
1054 2382 1307 2449 fortasse,
1333 2399 1433 2439 nec
1454 2399 1561 2438 non
1586 2383 1939 2453 praesentium

367 2487 428 2522 ac
462 2472 791 2527 intuentium
821 2473 876 2529 in
913 2472 1363 2531 Resurrectionis
1390 2474 1596 2531 Christi
1621 2474 1712 2529 Dei
1755 2475 1941 2530 divino

369 2564 752 2625 monasterio;
791 2563 865 2618 ibi
889 2567 1034 2620 enim
1079 2565 1447 2621 sutfocatoriis
1502 2566 1712 2639 potius,
1774 2581 1940 2635 quam

334 2655 770 2724 'cxpttrgatoriis
806 2657 1044 2717 lavacris
1110 2673 1244 2713 usus
1273 2667 1378 2713 est.
1407 2655 1472 2711 Hi
1539 2659 1723 2726 itaque
1775 2657 1942 2711 veluti

369 2745 665 2814 impietatis
696 2746 1046 2803 fundamenta
1114 2748 1319 2805 Christi
1362 2748 1623 2805 Ecclesiae
1679 2748 1941 2804 subtuissi

366 2848 465 2892 aut
497 2838 758 2907 improba:
788 2839 1046 2896 factionis
1099 2841 1304 2898 Christi
1347 2841 1603 2898 Ecclesiae
1641 2840 1940 2912 praepositi

368 2932 536 2986 duces
567 2932 961 2997 improbissimi
997 2933 1353 2990 introducunt
1397 2949 1492 2990 eos
1522 2937 1614 3006 qui
1647 2935 1776 2989 olim
1845 2951 1943 2989 ea-

367 3022 492 3076 dem
515 3037 578 3077 ac
599 3026 696 3094 ipsi
719 3026 1049 3091 sentiebant,
1075 3037 1169 3083 aut
1195 3043 1342 3083 nunc
1371 3028 1577 3084 sentire
1595 3029 1942 3098 profitentur,

368 3118 423 3171 in
460 3132 646 3172 sacras
675 3117 932 3175 Ecclesiae
984 3122 1170 3187 sedes;
1233 3122 1504 3185 homines,
1569 3137 1712 3192 quos
1767 3136 1943 3192 neque

372 3210 515 3262 unde
534 3210 799 3280 originem
828 3211 1066 3277 trahant,
1088 3229 1266 3282 neque
1292 3214 1434 3281 quod
1462 3214 1585 3269 vitae
1633 3214 1939 3270 institutum

368 3309 665 3365 sectentur,
696 3303 1004 3371 complures
1033 3273 1250 3358 norunt.
1289 3273 1352 3358 lit
1381 3304 1637 3374 impletur
1690 3311 1945 3375 propter-
1969 3273 2015 3336 θ

369 3409 433 3444 ea
497 3390 584 3446 Dei
615 3390 856 3449 Ecclesia
883 3394 1147 3451 dedecore
1196 3405 1252 3451 et
1312 3396 1558 3461 infamia,
1628 3396 1787 3464 cujus
1846 3411 1945 3450 nec

273 3506 294 3520 -
372 3484 594 3538 modum
621 3500 721 3539 nec
746 3487 1064 3556 qualitatem
1097 3488 1282 3543 dicere
1322 3488 1598 3543 novimus.
1662 3486 1727 3541 Et
1758 3485 1827 3541 de
1859 3487 1945 3542 his

371 3574 593 3642 quidem
628 3591 715 3632 res
743 3578 819 3632 ita
858 3592 917 3633 se
939 3576 1120 3637 habet.
1158 3580 1266 3636 Nos
1302 3595 1431 3635 vero
1463 3578 1631 3634 semel
1658 3579 1727 3634 ab
1753 3593 1942 3633 eorum

375 3667 706 3721 commercio
739 3668 999 3738 separati,
1063 3668 1244 3739 quiete
1286 3670 1518 3740 egimus,
1577 3678 1631 3724 et
1677 3669 1783 3724 nisi
1845 3682 1946 3722 nos

375 3758 699 3826 impetentes
747 3762 800 3814 in
857 3774 1047 3815 eorum
1109 3760 1370 3816 unionem
1401 3760 1751 3823 attraxerint,
1799 3759 1943 3814 haud

371 3849 717 3904 tolerandum
789 3866 912 3906 esse
966 3851 1196 3907 ducunt.
1272 3856 1479 3920 Quare,
1538 3867 1686 3907 nunc
1737 3852 1945 3922 legatos

374 3942 625 4009 mittunt,
653 3953 706 3997 et
733 3945 969 3999 maxima
1017 3946 1326 4015 spondent;
1359 3960 1526 4010 nunc,
1590 3952 1799 4000 mutato
1863 3946 1946 3999 in—

372 4035 594 4101 SlllUlO,
651 4050 774 4104 quae
816 4046 1231 4105 persecutorum
1285 4046 1415 4092 sunt
1436 4051 1501 4091 ac
1561 4046 1947 4108 tyrannorum,

371 4127 636 4195 efﬁciunt,
667 4138 721 4183 et
750 4129 1228 4185 carceribus'tutis
1281 4128 1591 4195 includunt,
1661 4138 1722 4184 ut
1774 4144 1949 4200 neque

369 4219 547 4274 videri
575 4234 751 4287 neque
780 4221 992 4277 visitari
1020 4222 1089 4278 ab
1121 4222 1232 4278 ullo
1288 4223 1569 4292 possimus
1601 4241 1616 4278 :
1685 4223 1952 4293 quemad-

371 4315 597 4368 modum
630 4314 875 4372 latrones
929 4330 1027 4372 eos
1060 4325 1316 4383 tractant,
1364 4316 1455 4387 qui
1482 4315 1549 4372 ad
1583 4330 1772 4372 eorum
1828 4332 1948 4372 ma-

371 4419 481 4460 nus
504 4408 870 4477 pervenerint,
895 4417 949 4463 et
974 4409 1309 4477 deprimunt,
1339 4399 1609 4479 quantum
1668 4415 1901 4478 possunt
1930 4424 1946 4462 :

373 4509 522 4548 nunc
551 4494 829 4552 minantur
865 4509 1154 4571 augmenta
1201 4498 1659 4565 inhumanitatis;
1719 4507 1832 4553 tum
1894 4506 1951 4552 et

2041 2020 2322 2075 stimenta.
2364 2018 2549 2072 Visum
2580 2018 2762 2087 itaque
2787 2016 2948 2072 nobis
2999 2014 3124 2078 fuit,
3150 2029 3240 2071 res
3299 2013 3619 2068 earumdem

2040 2112 2357 2167 temerarias
2400 2120 2456 2165 et
2511 2123 2797 2165 sermones
2823 2107 3034 2164 clarius
3065 2106 3435 2178 proscribere.
3467 2103 3618 2170 Qua-

2038 2218 2119 2267 re,
2148 2218 2272 2257 cum
2298 2203 2710 2266 convenissent,
2739 2201 2834 2271 qui
2861 2201 2914 2254 in
2946 2201 3047 2255 hac
3101 2199 3249 2270 regia
3301 2197 3440 2253 urbe
3484 2197 3621 2251 ade-

2039 2303 2164 2348 rant
2188 2293 2488 2357 antistites,
2515 2306 2749 2346 nmnero
2772 2291 2986 2351 decem,
3026 2296 3081 2344 et
3111 2291 3202 2359 qui
3241 2289 3403 2359 longe
3441 2295 3621 2350 erant,

2041 2403 2137 2458 per
2157 2390 2373 2441 decreta
2406 2399 2472 2439 ac
2494 2385 2724 2449 litteras,
2760 2382 2951 2453 viginti
2974 2392 3029 2438 et
3059 2381 3347 2452 amplius;
3380 2380 3623 2449 accepis-

2041 2488 2273 2549 sentqne
2306 2475 2664 2545 depositionis
2717 2473 3042 2531 sententiam
3092 2473 3473 2544 pradictorum
3523 2486 3622 2539 pa-

2045 2571 2433 2636 triarcharum,
2461 2578 2518 2623 et
2574 2576 2702 2623 ante
2760 2567 2947 2622 omnia
3008 2565 3339 2634 apostolicas
3362 2573 3416 2619 ct
3445 2574 3624 2633 pater-

2044 2677 2142 2719 uas
2189 2663 2633 2725 constitutiones,
2678 2673 2874 2728 nempe
2910 2657 2979 2713 de
3034 2657 3383 2712 ordinatione
3428 2665 3619 2731 contra

2042 2769 2287 2810 canones
2337 2753 2499 2818 facta,
2553 2751 2928 2821 apostolorum
2981 2748 3344 2813 tricesimum,
3391 2746 3622 2801 Nicaeus:

2043 2848 2234 2920 prima:
2267 2845 2459 2918 synodi
2493 2851 2773 2914 quartum,
2836 2847 2891 2896 et
2919 2839 3153 2894 Nica'na‘.
3204 2837 3458 2892 sectrudae
3515 2847 3624 2890 ter-

2045 2938 2476 3008 tiutn;deillis,
2515 2938 2631 3007 qui,
2684 2935 2754 2990 ab
2815 2931 3061 2989 Ecclesia
3115 2930 3371 3000 depositi,
3428 2943 3627 2983 rursus

2046 3032 2313 3089 audacter
2342 3029 2409 3084 ad
2430 3024 2854 3083 miuistrandum
2886 3034 3082 3077 manus
3105 3019 3411 3088 imponunt,
3438 3017 3628 3068 Antio-

2046 3126 2235 3182 cht'nte
2258 3107 2511 3194 quartum
2538 3129 2592 3174 et
2620 3126 2857 3180 sextum,
2895 3121 3220 3171 sanctorum
3254 3112 3625 3180 apostolorum

2047 3218 2370 3273 vicesimum
2401 3221 2652 3270 octavum
2676 3218 2730 3265 et
2751 3208 3024 3269 decimum
3062 3223 3075 3260 :
3099 3205 3168 3261 de
3196 3219 3303 3259 non
3325 3199 3629 3256 alienandis

2047 3310 2288 3383 propriis
2316 3307 2498 3362 liliisa
2544 3305 2816 3375 patribus,
2872 3309 3098 3372 propter
3151 3296 3625 3357 exercitationem,

2047 3399 2381 3470 Gangrensis
2411 3396 2683 3452 decimum
2733 3392 3023 3462 quintum;
3069 3389 3136 3442 de
3183 3400 3320 3440 nova
3372 3384 3626 3450 dagmata

2046 3491 2426 3554 inferentibus,
2456 3500 2556 3541 nec
2586 3499 2693 3539 non
2720 3496 2884 3537 sacra
2917 3495 3048 3535 vasa
3069 3478 3282 3548 aliaque
3314 3474 3424 3529 Deo
3448 3475 3625 3525 dicata

2046 3580 2489 3654 profanantibus,
2522 3576 2754 3631 Merena
2811 3573 3065 3628 secundae
3089 3581 3391 3625 extremum
3435 3566 3625 3619 decre-

2050 3674 2290 3738 tum;a;|
2338 3667 2811 3738 haec,quasdivini
2872 3667 3066 3721 Patres
3117 3678 3306 3732 pmnas
3337 3660 3628 3727 imponunt

2049 3765 2117 3820 iis
2147 3763 2240 3833 qui
2269 3760 2583 3833 praescripta
2601 3758 2811 3828 jejttnia
2844 3756 3010 3825 impie
3040 3755 3268 3817 violant,
3315 3752 3398 3805 his
3448 3751 3627 3805 sacris

2051 3855 2308 3918 decretis,
2333 3855 2772 3909 velutarmatura
2827 3848 3024 3910 valida,
3087 3847 3232 3907 fulti,
3257 3846 3329 3899 ita
3382 3855 3627 3913 pronun-

2053 3950 2254 4005 tiamus
2286 3961 2413 4002 cum
2435 3954 2629 4002 sancto
2653 3940 2883 4012 Spiritu,
2915 3954 2968 3996 et
2997 3940 3067 3995 ab
3091 3953 3158 3995 eo
3180 3937 3396 3994 etloi-tis
3450 3934 3629 3991 sacris

2048 4039 2310 4111 apostolis
2343 4037 2626 4106 sacrisque
2660 4034 2908 4104 synodis,
2941 4031 3233 4091 lsidorum,
3287 4041 3626 4100 cognomen-

2051 4142 2106 4187 to
2125 4131 2444 4195 Buchiram,
2474 4127 2570 4198 qui
2619 4125 2843 4197 indigne
2902 4124 2969 4179 ad
3026 4122 3389 4194 patriarehale
3428 4118 3625 4176 solium

2050 4224 2316 4291 ascendit,
2349 4235 2526 4291 neque
2557 4218 2974 4290 depositionem,
3018 4217 3292 4272 adversus
3345 4230 3405 4268 se
3456 4227 3487 4267 a
3543 4226 3632 4282 sy-

2050 4315 2219 4377 nodo,
2254 4312 2404 4384 quod
2439 4311 2602 4381 impia
2625 4309 2873 4375 sentiret,
2912 4307 3202 4378 prolatam,
3229 4303 3497 4360 reveritus
3521 4311 3628 4363 est,

2053 4424 2229 4480 neque
2257 4406 2515 4473 crimina,
2553 4403 2757 4475 quibus
2782 4417 2906 4458 sese
2963 4402 3329 4464 immerserat,
3380 4395 3626 4452 conside-

2051 4503 2215 4567 ravit,
2248 4501 2341 4558 sed
2360 4498 2611 4556 saeculari
2636 4495 2881 4567 potentia
2913 4501 3159 4549 armatus
3199 4490 3627 4561 patriarchatum

374 4583 589 4640 litteras
617 4585 885 4643 adversus
925 4604 1025 4643 nos
1058 4587 1329 4643 malitiose
1349 4595 1711 4658 componunt,
1738 4587 1946 4641 crimen
1982 4634 2026 4686 ι)
2054 4595 2361 4666 occupavit,
2397 4601 2453 4647 et
2503 4599 2692 4660 postea
2740 4585 3179 4656 depositionibus
3236 4592 3292 4637 et
3351 4580 3529 4651 poenis
3576 4587 3632 4632 et

369 4677 530 4732 nobis
545 4686 901 4747 opponentes,
920 4679 1063 4748 quod
1082 4694 1204 4734 cum
1232 4679 1339 4737 illis
1358 4694 1464 4734 non
1482 4677 1949 4734 communicamus

371 4785 475 4822 nec
502 4770 653 4824 aliud
674 4780 960 4840 prmterea.
993 4770 1261 4827 Praeterea
1297 4772 1549 4826 adimunt
1575 4772 1732 4827 nobis
1777 4770 1952 4826 eccle-

372 4862 585 4926 sias,et
621 4865 686 4917 ad
752 4866 915 4919 vitam
966 4865 1344 4921 sustinendam
1395 4864 1643 4930 reditus,
1682 4872 1744 4918 ut
1799 4876 1950 4919 mors

375 4958 616 5026 violenta
648 4952 904 5026 abripiat.
934 4957 1047 5014 Nos
1074 4971 1259 5027 porro,
1316 4972 1415 5026 per
1441 4955 1660 5026 aliquod
1710 4966 1950 5024 tempus,

374 5063 567 5103 eorum
601 5048 869 5105 insaniam
895 5050 1248 5114 sustinentes,
1282 5063 1409 5104 cum
1467 5049 1642 5103 nihilo
1704 5048 1953 5102 modera-

377 5145 547 5198 tiores
576 5143 749 5200 factos
779 5145 1082 5209 videamus,
1112 5142 1366 5201 facimus.
1387 5142 1556 5211 quod,
1582 5156 1707 5196 cum
1736 5141 1809 5195 illi
1834 5155 1955 5194 ma—

376 5238 428 5293 le
450 5254 613 5308 agere
641 5253 944 5310 cmpcrant,
979 5256 1078 5293 nos
1128 5236 1311 5293 facere
1341 5236 1696 5303 debebamus,
1723 5244 1777 5291 et
1799 5251 1952 5291 com-

379 5347 601 5386 munem
634 5332 702 5388 ad
727 5334 874 5403 ipsos
899 5332 1187 5400 diriginms
1244 5327 1697 5394 admonitionem,
1752 5330 1950 5400 partim

378 5433 658 5494 rogantes,
679 5427 877 5494 partim
906 5425 1178 5496 synodum
1230 5421 1349 5492 cogi
1376 5419 1750 5488 consiliantes,
1784 5429 1842 5476 et‘
1903 5422 1950 5477 si

380 5532 491 5571 non
526 5517 794 5581 omnium,
818 5517 1015 5572 saltem
1054 5531 1243 5571 eorum
1290 5514 1381 5585 qui
1430 5513 1679 5573 aderant,
1745 5527 1953 5584 praesu-

377 5609 519 5668 lum,
550 5614 609 5659 ut
643 5608 784 5661 male
838 5606 1134 5663 constituta
1188 5606 1441 5676 factaque
1481 5604 1947 5671 examinarentur,

379 5700 572 5769 sicque
583 5699 781 5755 divinae
803 5698 1056 5773 Ecclesiae
1077 5706 1258 5768 partes
1287 5698 1339 5752 in
1369 5712 1537 5754 unum
1557 5697 1954 5769 coalescerent.

378 5790 709 5845 Addidimus
743 5790 1134 5851 adhortationi,
1169 5788 1339 5854 deQiis
1372 5805 1494 5858 quae
1552 5787 1653 5856 ipsi
1703 5796 1948 5855 agerent,

383 5891 683 5947 tractantes
710 5899 898 5943 sacros
914 5884 1237 5957 divinosque
1264 5898 1502 5938 canones
1523 5922 1537 5948 ,
1591 5881 1792 5952 quibus
1848 5897 1951 5943 nos

2054 4684 2534 4759 persecutiouibus
2558 4678 3001 4737 communionem
3026 4675 3398 4737 sacerdotum,
3433 4685 3629 4724 mona—

2052 4782 2310 4843 chorum,
2338 4793 2439 4833 nec
2467 4791 2574 4832 non
2613 4773 2946 4838 antistitum,
2974 4785 3067 4840 per
3102 4770 3208 4822 vim
3244 4773 3629 4837 procurantem

2052 4882 2107 4928 et
2131 4870 2525 4943 depositiones,
2570 4868 2669 4922 has
2696 4865 2916 4935 quidem
2944 4863 3064 4919 sine
3086 4858 3298 4929 judicio
3334 4865 3390 4913 et
3430 4854 3633 4927 proba-

2055 4963 2202 5018 tione
2234 4961 2602 5025 intimantem,
2656 4959 2755 5012 has
2812 4971 2941 5009 veto
2985 4954 3434 5016 machinantem;
3481 4950 3630 5004 hunc

2053 5053 2385 5110 Christianis
2447 5051 2707 5107 omnibus
2776 5047 3173 5104 offendiculum
3235 5043 3464 5108 factum,
3534 5056 3630 5111 per

2054 5163 2217 5218 quem
2246 5145 2631 5201 communione
2671 5142 3057 5213 mysteriorum
3097 5138 3192 5195 Dei
3222 5147 3277 5194 et
3318 5135 3633 5194 sanctiﬁca-

2057 5243 2225 5303 tione,
2261 5238 2544 5307 praesules,
2574 5236 2918 5298 sacerdotes,
2966 5232 3246 5298 monachi,
3276 5240 3331 5286 et
3386 5227 3508 5283 laici
3569 5240 3630 5281 se

2056 5333 2357 5403 privarunt,
2390 5339 2502 5385 toto
2530 5341 2716 5384 animo
2741 5336 2794 5381 et
2814 5338 3015 5382 conatu
3069 5324 3392 5394 deponimus
3416 5360 3430 5385 ,
3455 5328 3510 5375 et
3532 5332 3629 5386 pa-

2058 5425 2332 5481 triarchali
2352 5431 2618 5495 potestate
2635 5421 2853 5490 indigne
2882 5435 2913 5476 a
2936 5419 3108 5476 laicali
3128 5416 3363 5490 potentia
3388 5416 3628 5469 cireum-

2053 5520 2333 5584 vestitum,
2356 5515 3008 5591 spoliamuszsimulque
3065 5527 3189 5568 eum
3236 5524 3302 5565 eo
3351 5507 3627 5562 Palamam

2055 5623 2353 5679 pravorum
2385 5606 2703 5678 dogmatum
2729 5613 3036 5668 auctorem,
3067 5603 3161 5672 qui
3182 5600 3384 5656 multas
3422 5598 3632 5653 oratio-

2058 5716 2159 5756 nes
2189 5701 2253 5755 ad
2287 5699 2867 5770 putridosinauesque
2926 5696 3159 5766 propriae
3213 5695 3408 5750 mentis
3459 5693 3628 5750 fretus

2057 5793 2520 5858 corroborandos,
2543 5803 2595 5848 et
2629 5790 2723 5847 Dei
2775 5791 3072 5845 Ecclesiam
3098 5788 3391 5845 deitatibus
3438 5802 3634 5856 super-

2060 5882 2424 5939 eminentibus
2478 5890 2533 5938 et
2584 5881 2814 5952 deiectis
2889 5878 3236 5935 evertetnlam
3304 5877 3628 5948 composuit,
