4046 6484
448 454 765 539 εικιί

1595 475 2044 537 Gll/ECORUM
2077 473 2222 535 SEN
2230 477 2549 540 ΤΕΝΤΙίἘ..

3580 482 3691 543 ὅθί

446 588 627 651 ϐολον,
655 585 731 649 ὡς
767 585 1064 656 ὁμολογίαν
1112 585 1393 655 ἔγγραφον
1424 584 1718 640 δεδωκέναι
1755 588 1830 657 μὴ
1860 588 2020 659 θελή-
2054 588 2096 643 Α
2128 591 2265 644 ἀλλά
2295 592 2389 644 καὶ
2428 592 2727 661 αὐτονομίᾳ
2771 592 3010 661 χρῶνται
3045 593 3136 647 καὶ
3163 596 3436 664 ἀνήκοντα
3486 596 3689 665 ἑτέροις

449 697 646 740 σαντα,
681 679 757 741 ὡς
783 681 1149 748 ἁπειθῆ.·καὶ
1190 679 1561 734 ἀνυπότακτον
1595 683 1660 749 τῇ
1720 681 2015 751 Ἐκκλησία

409 804 417 808 -
448 771 540 822 τοῦ
573 768 732 835 Θεοῦ,
767 771 841 833 ὡς
884 770 1117 840 θορύϐου
1158 771 1251 824 καὶ
1291 772 1539 842 ταραχῆς
1585 776 1721 843 αὐτῇ
1759 775 2019 827 αἰτιώτα-

449 876 564 922 τον,
587 859 664 922 ὡς
699 860 938 928 νεοφανῆ
969 862 1067 914 καὶ
1106 861 1232 927 ξένα
1259 862 1508 929 δόγματα
1534 866 1897 935 παρεισάγειν
1929 884 2018 933 φι-

450 950 827 1018 λονεικοῦντα,
851 952 1160 1021 ἀπόϐλητον
1182 955 1271 1007 διὰ
1298 954 1469 1008 ταῦτα
1496 956 1696 1025 ἑαυτῆς
1724 958 2020 1024 ἐποιήσατο

452 1047 486 1111 ή
547 1043 844 1114 Ἐκκλησία
894 1045 989 1099 τοῦ
1040 1046 1197 1112 Θεοῦ,
1256 1045 1440 1101 δίκαιοι
1496 1047 1716 1110 πάντως
1764 1047 2018 1112 ποιοῦσα,

455 1139 580 1199 τοὺς
617 1138 717 1207 μὲν
752 1141 1035 1204 νεοφανεῖς
1069 1139 1458 1207 δογματιστάς,
1494 1140 1696 1210 μᾶλλον
1717 1140 1773 1194 δὲ
1809 1157 2020 1211 παρερ-

453 1228 731 1295 μηνευτάς
771 1226 1229 1295 καταισχύνουσα,
1262 1230 1427 1299 ἐαυτῇ
1481 1230 1544 1298 δὴ
1588 1234 2018 1302 περιποιουμένη

448 1302 549 1388 τὴν
564 1320 624 1371 ἐν
649 1320 771 1379 ταῖς
796 1319 1184 1383 ἀποστολικαῖς
1216 1322 1313 1374 καὶ
1352 1325 1652 1392 πατρικαῖς
1681 1323 2020 1393 παραδόσεσι

453 1408 678 1473 βαθεῖαν
704 1407 949 1481 γαλήνην
978 1412 1075 1464 καὶ
1103 1411 1450 1476 εὐστάθειαν,
1485 1415 1615 1482 περὶ
1637 1409 1703 1486 ἧς
1734 1415 1902 1487 πολλὴ
1928 1417 2022 1471 καὶ
2054 1410 2075 1423 ”“

463 1500 669 1569 μεγάλη
701 1500 923 1568 γέγονεν
956 1504 988 1570 ή
1021 1505 1242 1570 φροντὶς
1273 1505 1369 1563 καὶ
1405 1507 1472 1575 τῇ
1497 1506 1797 1574 θεοστεφεῖ,
1828 1507 2021 1576 κρατί·

451 1608 553 1661 στῃ
605 1591 698 1644 καὶ
761 1593 892 1662 ἁγίᾳ
937 1610 1037 1660 μου
1088 1595 1370 1667 δεσποίνῃ,
1425 1597 1519 1650 καὶ
1564 1597 1641 1665 τῷ
1701 1597 2020 1669 θεοδωρήτῳ

453 1686 550 1736 καὶ
579 1685 858 1752 κοτμοποθ
870 1689 977 1754 ήτῳ
1005 1686 1210 1755 ταύτης
1249 1688 1482 1758 βλαστῷ,
1515 1689 1593 1758 τῷ
1622 1692 1902 1759 κρατίστῳ
1925 1693 2020 1744 καὶ

452 1772 592 1839 ἀγίῳ
629 1788 731 1839 μου
759 1774 1143 1844 αὐτοκράτορι,
1172 1778 1249 1840 ὡς
1287 1777 1385 1831 καὶ
1416 1780 1589 1833 σεπτά
1635 1779 1826 1834 τούτου
1856 1783 2019 1852 χάριν

448 1852 791 1932 ἀπολυθῆναι
832 1869 1236 1938 προστάγματα
1281 1872 1380 1941 τῆς
1411 1873 1574 1939 ἁγίας
1608 1872 1885 1943 βασιλείας
1915 1876 2016 1927 αὐ·

448 1957 576 2009 τῶν.
617 1959 728 2011 Καὶ
766 1961 927 2030 χάρις
978 1962 1056 2032 τῷ
1086 1964 1226 2034 Θεῷ,
1257 1964 1334 2035 τῷ
1367 1966 1637 2029 τοιούτους
1682 1968 1813 2041 ἡμῖν
1841 1968 2018 2039 δωρη-

452 2050 674 2119 σαμένῳ
722 2051 1040 2118 ὀρθοδόξους
1086 2054 1349 2122 ἄνακτας,
1399 2058 1494 2111 καὶ
1546 2061 1887 2129 προμάχους,
1922 2061 2018 2115 καὶ

449 2140 829 2205 προασπιστάς
895 2142 995 2213 τῆς
1038 2144 1365 2215 Ἐκκλησίας
1410 2148 1607 2202 αὐτοῦ.
1665 2151 1886 2203 Τούτων
1924 2153 2018 2206 καὶ

451 2233 614 2299 ἡμεῖς
643 2235 734 2288 τὸν
765 2235 989 2308 θεοφιλῆ
1021 2238 1184 2309 ζῆλον
1219 2242 1317 2295 καὶ
1338 2243 1440 2314 τὴν
1472 2244 1757 2298 εὐσέϐειαν
1791 2248 2015 2312 εἰδότες,

448 2326 640 2393 χεῖρας
670 2327 758 2380 ἀεὶ
807 2330 945 2398 πρὸς
998 2332 1133 2386 Θεὸν
1165 2333 1404 2398 ἱκέτιδας
1448 2335 1699 2406 αἰρομεν,
1729 2337 1823 2391 καὶ
1859 2338 2017 2407 εὐχά-

450 2416 597 2484 μεθα
643 2419 904 2486 γαλήνιον
947 2423 1135 2488 αὐτοῖς
1191 2428 1285 2480 καὶ
1317 2426 1556 2496 εὔθυμον
1603 2428 1706 2500 τὴν
1739 2429 2017 2498 βασιλείαν

446 2510 796 2577 χαρίσασθαι,
820 2514 913 2567 ἐπὶ
940 2515 1129 2584 χρόνον
1163 2520 1446 2586 μήκιστον.
1482 2521 1747 2574 Λείπεται
1786 2541 2017 2595 τοιγαρ-

443 2602 541 2661 οῦν
602 2607 864 2674 αἰσχύνης
897 2607 990 2661 καὶ
1036 2611 1306 2680 ἐντροπῆς
1358 2614 1817 2685 ἀναπίμπλασθαι
1855 2619 2020 2672 αὐτόν

442 2711 505 2745 τε
540 2695 634 2748 καί
680 2699 806 2759 τοὺς
854 2699 1022 2752 αὐτοῦ
1055 2699 1309 2768 ὀπαδοὺς,
1358 2703 1870 2773 καὶοσπουδαστάς,
1923 2712 2018 2763 καὶ

443 2787 776 2853 δειόφρονας,
834 2790 909 2854 ὡς
963 2791 1025 2859 δή
1066 2808 1120 2844 τι
1179 2794 1398 2863 σεμνὸν,
1452 2797 1548 2849 καὶ
1597 2800 1664 2868 τῇ
1722 2800 2019 2873 Ἐκκλησία

445 2878 741 2937 ἀναγκαῖον
791 2881 888 2942 τὰς
916 2883 1130 2935 ἐκείνου
1183 2888 1512 2957 συγγραφὰς
1546 2889 1639 2942 καὶ
1687 2892 1890 2959 φωνάς,
1929 2893 2018 2946 ἵνα

450 2971 524 3032 μὴ
563 2969 812 3036 λέγωμεν
858 2975 1228 3040 καινοφωνίας
1264 2979 1745 3047 προϐαλλομένους
1777 2984 1873 3036 ἐπὶ
1903 2988 2018 3046 τοῖς

408 3099 423 3115 .
446 3062 788 3131 πτοοήκουσι
826 3064 1086 3134 λαχόντος
1117 3071 1218 3138 τὴν
1248 3069 1405 3141 δίκην
1440 3071 1529 3138 ἐφ’
1559 3074 1775 3140 ἑαυτὸν,
1803 3078 1895 3129 καὶ
1923 3078 2017 3132 τοῦ

446 3154 761 3221 ὐτοψηφίου
803 3158 1218 3226 Μονεμϐασίας,
1259 3163 1333 3226 ὡς
1379 3165 1447 3217 τά
1490 3166 1632 3219 αὐτά
1663 3167 1738 3236 τῷ
1784 3168 2020 3242 Παλαμᾷ

445 3246 543 3297 καὶ
587 3246 779 3300 τούτου
814 3251 1139 3318 φρονοῦντος
1174 3255 1267 3307 ἐπὶ
1292 3257 1412 3317 ταῖς
1447 3263 1751 3327 γραφικαῖς
1776 3260 2008 3332 παρεξη·
2040 3277 2089 3341 C

445 3340 663 3401 γήσεσι,
694 3340 788 3394 καὶ
818 3341 1147 3411 καθαιρέσει
1175 3344 1707 3416 καθυποϐληθέντος,
1734 3350 1824 3404 διὰ
1851 3353 1912 3404 τὸ
1942 3354 2016 3425 μὴ

445 3427 730 3483 πείθεσθαι
752 3432 1087 3501 ἀποσχέσθαι
1109 3434 1322 3501 τούτου,
1348 3439 1482 3507 μηδὲ
1501 3438 1793 3508 ὁμολογίαν
1812 3442 2019 3509 δοῦναι,

443 3523 513 3592 ἣν
534 3525 793 3593 ἀπῃτεῖτο
808 3528 900 3580 τοῦ
919 3527 1124 3581 οἰκείου
1151 3530 1500 3601 φρονήματος
1532 3533 1627 3586 καὶ
1645 3534 2013 3605 σεϐάσματος.

458 3613 601 3664 Ἀλλ’
638 3615 934 3687 ἐπειδήπερ
961 3613 1042 3680 οἷς
1069 3618 1219 3682 ὅπως
1257 3620 1323 3673 ἂν
1354 3620 1648 3691 τηρηθεῖεν
1676 3623 1907 3693 ἄτρωτοι
1936 3626 2014 3696 τῷ

444 3708 740 3778 ἀρχεκάκῳ
765 3710 981 3779 δαίμονι
1025 3710 1197 3779 μέλει,
1227 3704 1372 3766 οὗτοι
1401 3713 1551 3784 πάσῃ
1583 3717 1802 3787 φυλακῇ
1828 3721 2016 3786 τηρεῖν

441 3799 721 3852 ὀρείλουσι
772 3802 1115 3871 πανταχόθεν
1176 3803 1427 3864 ἑαυτούς.
1481 3807 1695 3874 Τρόπος
1753 3809 1810 3862 δέ
1862 3802 2017 3874 οὗτος

444 3892 633 3954 gito-3.
667 3895 762 3947 καὶ
790 3895 942 3961 ἀγὼν
993 3895 1273 3964 μέγιστος,
1314 3896 1616 3967 ἐξεγείρειν
1656 3899 1743 3952 ἀεὶ
1788 3901 2019 3955 σκανδα-

445 3984 697 4047 λ-ιττοιοὺς
738 3985 1059 4054 ἀνθρώπους
1080 3989 1147 4056 τῇ
1199 3985 1517 4059 Ἐκκλησία.
1565 3988 1708 4041 Ἀλλ’
1754 3991 1912 4058 ὑμεῖς
1940 3991 2019 4054 ὡς

446 4076 560 4127 τῶν
600 4077 996 4144 εὐαγγελικῶν,
1038 4077 1137 4130 καί⁹
1174 4078 1551 4133 ἀποστολικῶν
1594 4080 1690 4133 καὶ
1733 4083 2017 4153 πατρικῶν

450 4167 803 4234 παραδόσεων
841 4166 1031 4232 ἐθάδες
1076 4170 1172 4222 καὶ
1205 4171 1483 4240 τρόφιμοι,
1533 4171 1630 4225 καὶ
1662 4174 1877 4242 γνήσιοι
1916 4177 2017 4245 τῆς

460 4257 787 4327 Ἐκκλησίας
841 4260 948 4312 υίοὶ
1002 4262 1070 4331 τῇ
1112 4261 1369 4314 παντελεῖ
1412 4261 1524 4314 τῶν
1573 4263 1894 4332 ὁμοφρόνων
1938 4265 2019 4335 τῷ

445 4350 684 4420 “ﬂagitii
716 4351 895 4420 ἀποχῇ
937 4352 1034 4404 καὶ
1079 4351 1428 4424 ἀνεπιμιξίᾳ,
1474 4352 1735 4416 ἀϐλαϐεῖς
1789 4357 2017 4423 ἑαυτοὺς

442 4459 475 4492 τ
522 4441 689 4508 ρῆσαι
718 4444 1080 4497 σπουδάσατε.
1128 4445 1226 4507 Τίς
1256 4446 1367 4515 γὰρ
1396 4447 1493 4499 καὶ
1520 4447 1683 4515 χρεία
1711 4448 1813 4516 τῆξ
1837 4449 2019 4502 αὐτῶν

440 4534 470 4585 ό
522 4534 656 4597 ιλίας
698 4534 797 4587 καὶ
827 4535 1179 4604 ἀκροάσεως;
1212 4535 1369 4599 Τίνος
1394 4537 1452 4589 δὲ
1488 4538 1585 4590 καὶ
1619 4538 1782 4608 χάριν
1811 4543 1862 4592 οἱ
1902 4541 2017 4609 φῶ-

445 4642 538 4687 βες
562 4626 658 4694 τῆς
692 4626 791 4693 μὲν
830 4626 1159 4695 Ἐκκλησίας
1189 4627 1606 4697 ἀφηνιάζουσιν,
1638 4631 2016 4699 ἀρχιερατικῷ

438 4715 497 4766 δε
536 4714 681 4784 ἔργῳ
735 4716 1096 4779 ἐπιτίθενται,
1138 4719 1235 4770 καὶ
1296 4718 1517 4788 φιλοῦσι
1573 4720 1870 4786 διδάσκειν,
1923 4727 2017 4778 καὶ

440 4802 758 4861 ἀναπείθειν
794 4808 1218 4875 φιλονεικοῦσιν,
1248 4810 1323 4872 ὡς
1362 4810 1426 4880 δὴ
1460 4812 1645 4875 καλῶς
1675 4814 1805 4884 παρ’
1837 4815 2017 4868 αὐτῶν

437 4900 741 4968 ).εγ6μενα;
777 4898 943 4969 Ἡμῖν
970 4901 1027 4952 δὲ
1059 4901 1151 4955 καὶ
1190 4898 1465 4972 δακρῦσαι
1496 4902 1756 4967 πολλάκις
1796 4904 1883 4957 ἐπ’
1916 4906 2017 4958 αὐ·-

437 4994 551 5053 τοῖς
593 4993 830 5056 ἐγένετο,
863 4992 1217 5053 πιστεύσατε,
1251 4993 1686 5062 ἐνθυμουμένοις
1722 4995 1842 5047 οῖαν
1886 4996 2017 5066 ἀρεο

437 5081 541 5147 τῆς
564 5082 679 5132 ὁδόν
704 5080 980 5143 λιπόντες,
1010 5080 1091 5142 εἰς
1118 5081 1243 5133 ὅσον
1276 5080 1707 5150 ἐξεκυλίσθησαν
1735 5081 2018 5153 βάραθρον

438 5174 673 5243 φιλέριδι
703 5172 867 5226 πάθει
902 5171 1253 5240 ἡττηθέντες,
1290 5171 1541 5235 λιπόντες
1587 5189 1648 5225 τε
1694 5174 1794 5241 τὴν
1835 5175 1894 5227 ἐν
1925 5191 2018 5242 γα-

442 5267 579 5336 λήνῃ
611 5266 720 5318 τῶν
746 5265 1027 5335 λογισμῶν
1051 5264 1411 5333 κυϐέρνησιν,
1438 5263 1533 5317 καί
1557 5281 1621 5332 γε
1655 5264 1887 5334 θορύϐου
1918 5265 2016 5334 μὲν

441 5356 656 5409 ἑαυτῶν
688 5357 789 5426 τὴν
819 5354 1073 5427 καρδίαν,
1113 5353 1352 5425 θυρύϐου
1379 5353 1436 5406 δὲ
1472 5354 1568 5406 καὶ
1598 5353 1768 5424 αὐτὴν
1800 5353 2016 5423 ἔχοντες

436 5447 541 5515 τὴν
580 5445 779 5517 ψυχὴν,
812 5444 1121 5515 φιλέχθρως
1160 5460 1219 5497 τε
1259 5445 1353 5496 καὶ
1398 5441 1718 5509 φιλονείκως
1741 5430 2017 5507 διακείμε-

440 5553 520 5590 vo;
549 5538 644 5591 ἐπὶ
671 5538 732 5590 τὸ
766 5538 1035 5601 συστῆσαι
1081 5536 1142 5589 τὸ
1190 5534 1605 5604 παριστάμενον
1648 5533 1855 5593 αὐτοῖς.
1905 5533 2015 5587 Καὶ

439 5633 560 5685 οὐδέ
585 5635 759 5686 ἐκεῖνο
788 5632 1022 5686 συνιδεῖν
1042 5631 1281 5700 ἔχουσιν,
1306 5631 1380 5693 ὡς
1401 5631 1462 5683 οὐ
1492 5630 1673 5687 καλὸν,
1696 5628 1816 5681 οὐδὲ
1844 5629 2013 5688 ὅσιον,

443 5722 575 5790 ὅρια
628 5722 889 5791 Πατέρων
935 5722 1131 5784 κινεῖν,
1191 5721 1287 5774 καὶ
1344 5717 1755 5789 ἀντιφέρεσθαι,
1794 5717 1887 5769 καὶ
1941 5712 2016 5785 μὴ

445 5816 716 5877 ὑπείκειν,
771 5815 908 5884 μηδὲ
963 5815 1284 5884 πειθαρχεῖν
1320 5814 1386 5883 τῇ
1430 5810 1733 5882 Ἐκκλησία
1782 5808 1873 5866 ἐπὶ
1903 5810 2016 5868 τοῖς

440 5906 782 5977 δνδογμένοις
809 5908 945 5976 αὐτῇ
976 5905 1155 5968 καλῶς
1185 5903 1320 5957 Θεοῦ
1349 5903 1532 5974 χάριτι
1562 5901 1653 5954 καὶ
1686 5896 2009 5958 κανονικῶς·

2122 682 2571 752 ἀνερυθριάστως
2629 684 2954 753 πράττουσι,
3007 686 3100 737 καὶ
3157 688 3422 755 μοναχοὺς
3475 686 3694 740 ἀποκεί-

2121 790 2296 842 ρουσι,
2334 773 2499 842 μηδὲν
2521 773 2581 827 ὃν
2615 775 2796 837 αὐτοῖς
2829 776 3193 844 ὲνδεδομένον.
3224 777 3610 845 Τετολμήκασι
3633 778 3690 829 δὲ

2116 863 2275 917 τοῦτο
2327 867 2420 917 καὶ
2474 866 2555 929 εἰς
2597 866 2762 919 παῖδα
2790 867 2984 937 εὐγενῆ
3035 867 3200 937 πολλῇ
3257 870 3323 938 τῇ
3361 867 3499 936 πρὸς
3527 869 3691 920 αὐτὸν

2118 957 2302 1028 ἀπάτῃ
2333 958 2690 1026 χρησάμενοι.
2738 957 3032 1026 Ἀπέχεσθε
3064 960 3244 1011 τοίνυν
3280 960 3392 1011 τῶν
3432 961 3692 1013 τοιούτων

2118 1045 2226 1109 ἀπὸ
2252 1044 2793 1116 ψυχῆς,“ἐξεχόμενοι
2819 1046 2929 1101 τῶν
2949 1048 3246 1117 όρθοδόξων
3271 1050 3562 1118 δογμάτων
3588 1052 3692 1118 τῆς

2131 1131 2479 1201 Ἐκκλησίας.
2525 1133 2679 1186 Ἐπεὶ
2714 1134 2824 1204 γάρ
2875 1136 2965 1188 διὰ
3011 1137 3109 1199 τάς
3164 1138 3466 1208 εἰρημένας
3509 1140 3692 1203 αἰτίας

2119 1223 2341 1284 ᾶδεκτός
2372 1225 2489 1277 ἐστι
2526 1225 2823 1295 προφανῶς
2853 1228 2949 1280 καὶ
2984 1229 3295 1298 ἀπόϐλητος
3342 1234 3407 1300 τῇ
3455 1231 3692 1300 Ἐκκληο

2123 1312 2215 1381 σία
2246 1314 2273 1364 ὁ
2328 1300 2616 1383 Παλαμᾶς,
2669 1315 2761 1368 τὸν
2795 1316 2960 1370 αὐτὸν
3011 1318 3214 1388 τρόπον
3245 1321 3340 1373 καὶ
3391 1320 3692 1389 άπόϐλητοί

2122 1404 2259 1457 εἰσιν
2287 1403 2436 1473 αὐτῷ
2460 1405 2556 1457 καὶ
2579 1405 2628 1457 oi
2658 1405 2725 1460 τὰ
2751 1406 2916 1461 αὐτοῦ
2938 1408 3286 1479 φρονοῦντες,
3321 1415 3415 1465 καὶ
3444 1414 3493 1466 οἱ
3517 1414 3690 1484 τούτῳ

2121 1496 2459 1565 πειθόμενοι,
2507 1499 2603 1551 καὶ
2631 1496 2729 1551 οὐκ
2759 1498 2877 1551 ἔστι
2908 1502 3022 1563 τοῖς
3071 1502 3340 1566 τοιούτοις
3391 1506 3550 1575 μερίς
3605 1522 3693 1569 τις

2120 1589 2240 1641 οὐδὲ
2270 1589 2494 1659 κλῆρος,
2528 1590 2634 1654 ἕως
2662 1591 2761 1660 τῆς
2791 1594 2962 1662 αὐτῆς
2989 1591 3206 1664 ἔχονται
3238 1595 3482 1663 γνώμης.
3529 1597 3691 1651 Ἀπέ-

2121 1680 2285 1749 χεσθε
2314 1681 2497 1735 τοίνυν
2538 1682 2744 1737 τούτων
2782 1683 3211 1754 πειθαρχοῦντες
3261 1687 3328 1756 τῇ
3370 1686 3689 1759 Ἐκκλησία,

2121 1774 2216 1826 καὶ
2255 1773 2597 1843 στέργοντες,
2639 1776 2736 1830 καὶ
2768 1776 3105 1847 ἐμμένοντες
3137 1778 3195 1831 ἐν
3237 1780 3358 1840 ταῖς
3389 1779 3691 1847 εὐαγγελι-

2123 1865 2245 1926 καῖς
2269 1865 2365 1917 καὶ
2409 1865 2798 1930 ἀποστολικαῖς
2837 1867 3224 1937 παραδόσεσιν.
3276 1869 3431 1923 Ἐπεὶ
3463 1870 3572 1937 γὰρ
3601 1870 3709 1931 ὅτε,

2122 1956 2217 2007 καὶ
2256 1956 2331 2025 μὴ
2362 1956 2594 2011 τοιοῦτοι
2617 1952 2757 2024 ἦσαν
2787 1960 2850 2012 τὸ
2882 1959 3072 2023 σέϐας,
3102 1959 3344 2029 δηλονότι
3372 1961 3685 2030 ἀμφίϐολοι,

2121 2049 2217 2100 καὶ
2261 2048 2547 2116 προδήλως
2596 2049 2785 2119 ἐχθροὶ
2840 2036 2938 2104 καὶ
2984 2052 3253 2122 πολέμιοι,
3287 2054 3381 2106 καὶ
3420 2054 3518 2122 τῆς
3561 2055 3689 2109 Ἐκ-

2118 2138 2353 2207 κλησίας
2401 2139 2723 2208 ἀπόϐλητοι,
2775 2141 2886 2194 οὐδ’
2915 2140 3089 2206 οὕτως
3133 2143 3227 2196 ἐπὶ
3286 2145 3399 2208 τοῖς
3452 2145 3691 2214 δόγμασι

2120 2231 2217 2282 καὶ
2241 2232 2307 2296 τῇ
2343 2231 2443 2299 τῆς
2474 2229 2786 2294 θεοσεϐείας
2824 2231 3148 2303 διδασκαλίᾳ
3180 2233 3480 2287 ὑπακούειν
3509 2236 3692 2289 αὐτῶν

2118 2318 2387 2387 ὀφείλετε,
2421 2321 2495 2384 ὡς
2543 2324 2659 2383 τοῖς
2688 2322 3029 2393 ἀρχιερεῦσι,
3070 2324 3213 2378 καθά
3255 2325 3350 2378 καὶ
3380 2326 3691 2394 φθάσαντες

2120 2410 2369 2482 εῐπομεν,
2422 2412 2519 2467 τοῦ
2577 2413 2821 2487 τοιούτου
2880 2414 3045 2485 ἔργου
3093 2417 3410 2488 ἀνήκοντος,
3464 2416 3545 2483 οἷς
3595 2420 3694 2474 καὶ

2119 2504 2514 2575 ἀπαραιτήτως
2569 2506 2891 2577 πειθαρχεῖν
2948 2509 3220 2578 ὀφείλετε,
3278 2513 3374 2565 καὶ
3423 2513 3691 2581 μηδαμῶς

2119 2595 2453 2649 ἀντιτείνειν.
2501 2590 2603 2649 Οἷα
2636 2596 2793 2667 παρὰ
2836 2597 2972 2672 Θεοῦ
3020 2601 3331 2669 οίκονόμοις
3380 2601 3691 2673 δεδομένοις

2119 2689 2246 2760 ὑμῖν
2278 2689 2376 2758 τῆς
2408 2689 2681 2760 σωτηρίας
2722 2691 2820 2743 καὶ
2870 2691 3032 2761 λόγον
3068 2692 3290 2761 ὑφέξειν
3341 2694 3484 2768 ὑπὲρ
3534 2693 3691 2763 ὑμῶν

2124 2781 2372 2849 μέλουσι.
2408 2780 2504 2844 Τίς
2532 2783 2560 2834 ὁ
2601 2781 2760 2850 λόγος
2791 2782 2952 2854 δοχὴν
2991 2785 3117 2848 τοὺς
3143 2785 3423 2850 τοιούτους
3454 2786 3694 2857 ἀμφιϐό-

2117 2870 2243 2934 λους
2273 2875 2330 2925 ἐν
2359 2872 2487 2942 ὑμῖν
2509 2872 2817 2944 εὑρίσκειν,
2855 2875 2952 2928 καὶ
2981 2875 3228 2930 κίνδυνον
3262 2876 3409 2947 ὑμᾶς
3439 2877 3692 2931 ἐντεῦθεν

2120 2963 2264 3033 ἔχειν
2314 2964 2501 3034 ψυχῆς
2529 2965 2624 3018 καὶ
2663 2964 2970 3029 ἀπιῦλειανς
3013 2967 3122 3020 Καί
3159 2984 3224 3034 γε
3255 2967 3446 3037 μηδεὶς
3491 2967 3692 3022 οἰέσθω

2117 3054 2190 3106 δι’·
2234 3053 2364 3109 ἄλλο
2414 3072 2466 3107 τι
2505 3054 2614 3108 τῶν
2643 3055 2900 3110 ἁπάντων
2932 3057 3023 3110 τόν
3053 3074 3113 3110 τε
3142 3059 3403 3128 Παλαμᾶν
3444 3060 3692 3124 καὶτοὺς

2118 3145 2211 3199 τοῦ
2270 3144 2507 3215 Παλαμᾶ
2537 3146 2636 3217 τῆς
2672 3146 3003 3217 Ἐκκλησίας
3045 3148 3376 3203 ἀποϐαλεῖνο
3420 3150 3515 3203 τοῦ
3568 3151 3695 3204 ἀκι-

2120 3237 2315 3310 δδήλου
2338 3238 2395 3292 δὲ
2445 3239 2607 3310 χάριν
2640 3239 2812 3310 αὐτῆς
2846 3240 2953 3294 τῶν
3006 3241 3318 3311 δογμάτων,
3361 3242 3486 3296 ἐπεὶ
3520 3242 3694 3295 ἑάλω-

2125 3346 2222 3382 σαν
2270 3320 2417 3383 οῦτοι
2470 3330 2565 3384 καὶ
2594 3329 2683 3384 ἐπ’
2732 3332 2893 3396 ἐνίοις
2927 3332 3035 3385 τῶν
3091 3335 3184 3385 τοῦ
3216 3333 3422 3402 Τόμου,
3463 3332 3539 3394 ὡς
3591 3334 3694 3404 ήδη

2123 3421 2375 3492 εἴρηται,
2435 3423 2985 3493 παραχαράττοντες,
3048 3426 3144 3477 καί⁹
3186 3425 3694 3496 μεθερμηνεύοντες

2121 3513 2283 3579 αὐτὰ,
2330 3515 2425 3568 καὶ
2451 3514 2508 3566 εί
2551 3531 2614 3581 γε
2646 3515 2749 3583 τῆς
2798 3516 3008 3569 ἑαυτῶν
3051 3517 3181 3586 ὑμῖν
3231 3517 3383 3584 μέλει
3423 3518 3693 3585 ὡφελείας

2121 3603 2218 3655 καί.
2253 3602 2570 3671 ἀσφαλείας,
2598 3604 2794 3668 τελέως
2828 3604 3030 3659 τούτων
3060 3606 3355 3675 ἀπέχεσθε,
3401 3608 3694 3677 εἰρηνικῶς

2122 3694 2217 3747 καὶ
2236 3694 2527 3766 ἀταράχως
2550 3697 2685 3767 πρὸς
2731 3697 2959 3760 ἑαυτοὺς
2983 3697 3079 3751 καὶ
3102 3700 3239 3768 πρὸς
3261 3697 3523 3767 ἀλλήλους
3548 3697 3693 3767 ἔχειν

2126 3784 2545 3850 σπουδάζοντες,
2576 3787 2672 3839 καὶ
2700 3786 3134 3856 κατεργάζεσθαι
3160 3789 3258 3851 τάς
3289 3787 3423 3858 πρὸς
3450 3789 3551 3855 τὴν
3573 3789 3696 3839 ἐαυ-

2120 3876 2230 3929 τῶν
2261 3877 2559 3947 σωτηρίαν’
2579 3871 2647 3947 ἦς
2670 3877 2767 3930 καὶ
2794 3877 2994 3941 πάντας
3018 3878 3160 3947 ὑμᾶς
3183 3880 3457 3947 ἐπιτυχεῖν
3479 3878 3692 3945 γένοιτο

2122 3972 2180 4023 ἐν
2223 3971 2468 4041 Χριστῷ,
2497 3965 2558 4024 οῦ
2587 3973 2680 4025 καὶ
2720 3973 2753 4041 ἡ
2784 3973 2941 4042 χάρις
2980 3972 3067 4040 εἴη
3093 3973 3230 4041 μετά
3260 3973 3480 4026 πάντων
3511 3972 3688 4040 ὑμῶν.

2131 4082 2151 4117 ι
2187 4063 2380 4119 Sermo
2409 4048 2804 4133 patriarchalis,
2837 4079 2947 4133 quo
2976 4064 3392 4133 proscribuutur
3417 4061 3694 4129 Palamas,

2120 4168 2177 4213 et
2206 4158 2350 4213 illius
2381 4157 2645 4223 fautores,
2674 4159 2998 4223 concordes,
3023 4158 3322 4221 auditores,
3359 4167 3410 4211 ct
3439 4172 3470 4210 a
3500 4164 3693 4211 sancta

2124 4246 2219 4305 Dei
2258 4246 2523 4311 Ecclesia,
2548 4257 2804 4320 tauquam
2832 4250 2958 4303 ﬁdei
2991 4248 3369 4311 innovatores,
3387 4246 3695 4303 extrudun-

2125 4348 2238 4394 tur.
2278 4339 2622 4395 Mediocritas
2668 4350 2880 4403 nostra,
2920 4339 3009 4394 cui
3039 4337 3441 4394 administratio
3466 4352 3531 4393 ac
3561 4352 3695 4391 cura

2124 4433 2431 4485 animarum
2462 4437 2769 4486 vestrarum
2811 4444 2842 4484 a
2892 4431 3001 4483 Deo
3049 4428 3364 4485 concredita
3409 4436 3511 4489 est,
3565 4441 3693 4479 cum

2127 4521 2304 4576 modis
2332 4521 2592 4576 omnibus
2621 4529 2857 4575 vestram
2893 4519 3124 4574 salutem
3155 4533 3452 4586 procurare
3479 4515 3692 4577 debeat,

2048 4622 2092 4678 ι)
2121 4626 2174 4668 et
2202 4615 2316 4683 jam
2360 4612 2655 4677 audiverit,
2705 4609 2999 4664 nonnullos
3027 4624 3093 4662 ex
3128 4608 3279 4662 vobis
3318 4607 3629 4677 perturbari
3663 4618 3696 4657 a

2122 4704 2361 4759 Palamae
2405 4701 2765 4771 sequacibus,
2821 4696 3156 4762 fautoribus,
3207 4703 3261 4749 et
3307 4693 3693 4757 concordibus,

2124 4787 2498 4843 necessarium
2522 4798 2646 4839 esse
2666 4784 2837 4845 duxit,
2870 4782 2968 4835 has
2995 4781 3060 4834 ad
3092 4794 3189 4834 vos
3213 4778 3420 4833 litteras
3439 4793 3694 4843 exarare,

2126 4890 2192 4928 ue
2244 4873 2355 4928 veri
2404 4870 2747 4943 ignoratione
2795 4868 2965 4938 aliqui
3014 4883 3079 4922 ex
3133 4868 3288 4922 vobis
3329 4865 3692 4936 abripiautur.

2124 4964 2304 5030 Quare
2350 4963 2637 5024 attendite.
2681 4977 2805 5030 qua:
2843 4959 3131 5014 dicemus:
3162 4958 3334 5012 multa
3377 4959 3520 5012 enim
3570 4958 3695 5011 inde

2123 5063 2422 5126 sequentur
2464 5053 2793 5117 commoda;
2845 5058 2899 5104 et
2951 5047 3367 5104 insidiatoribus
3424 5047 3596 5109 hisce.
3642 5042 3697 5100 et

2121 5151 2394 5209 sententia
2437 5163 2493 5205 et
2522 5149 2674 5204 cultu
2720 5145 3010 5217 ambiguis,
3046 5160 3144 5200 uec
3176 5160 3285 5200 nou
3330 5141 3693 5207 rcfractariis,
3790 5190 3797 5197 .

2124 5239 2564 5304 contumacibus,
2594 5246 2649 5291 et
2674 5234 2866 5291 alienis
2890 5245 3175 5305 propterea
3202 5232 3271 5288 ab
3295 5230 3533 5286 Ecclesia
3560 5246 3574 5295 ;
3601 5230 3694 5296 qui

2122 5332 2267 5386 enim
2301 5329 2582 5386 vobiscum
2614 5342 2723 5381 non
2748 5335 2853 5389 est,
2887 5337 3077 5380 contra
3113 5339 3208 5378 vos
3235 5334 3318 5377 cst
3342 5338 3357 5389 ;
3385 5329 3438 5376 et
3470 5321 3565 5389 qui
3600 5337 3696 5374 vo.~

2123 5425 2337 5480 hiscum
2368 5437 2476 5477 non
2509 5418 2731 5489 colligit,
2764 5416 3094 5487 dispergeuli
3125 5414 3323 5469 similis
3349 5422 3466 5479 est;
3494 5412 3580 5466 his
3611 5411 3695 5465 in-

2122 5530 2311 5586 quam,
2358 5511 2754 5575 insolentibus,
2807 5525 2872 5564 ac
2923 5507 3195 5578 superbis,
3244 5513 3297 5559 et
3353 5505 3534 5558 omnia
3588 5505 3693 5560 sibi

2116 5603 2586 5676 promittentibus,
2613 5616 2700 5656 res
2727 5612 2940 5665 vestrae,
2976 5598 3121 5666 quod
3160 5611 3283 5651 cum
3322 5594 3428 5650 Deo
3458 5595 3691 5662 dicatur,

2080 5758 2087 5767 ,
2122 5719 2233 5759 non
2266 5702 2339 5755 ita
2375 5700 2566 5755 invasa
2598 5697 2786 5753 faciles
2815 5704 2996 5750 erunt.
3027 5694 3218 5748 Sermo
3258 5692 3328 5747 ab
3359 5691 3464 5749 hoc
3500 5694 3692 5748 eodem

2114 5800 2384 5866 ordietur,
2410 5797 2500 5852 cui
2533 5797 2639 5866 ipsi
2680 5796 2981 5857 adhaerent,
3020 5804 3076 5847 et
3107 5807 3207 5862 pro
3237 5806 3345 5860 quo
3383 5787 3555 5842 multa
3587 5785 3693 5840 sibi

2121 5894 2351 5961 iuet-aut,
2396 5900 2856 5961 propugnatorem
2902 5885 3106 5956 proprii
3158 5896 3333 5943 coctus
3389 5883 3573 5955 nacti:
3624 5896 3691 5953 co
