4046 6466
408 459 527 523 .rtn
1611 456 1712 517 DE
1750 453 2150 517 GltEtJORlO
2189 455 2491 517 I‘ALAMA
3238 414 3247 417 ⁷
3565 453 3660 517 B96

419 588 657 642 namque
681 574 953 629 conc‘usso
989 581 1042 625 ct
1089 570 1434 641 perturbato,
1483 571 1641 625 cadet
1675 570 1900 624 omnino
1943 575 1998 621 ct
2027 570 2068 624 Α
2108 571 2289 624 randaa
2320 578 2605 640 propterea
2647 565 2817 619 sancti
2867 577 3056 617 eorum
3095 563 3307 633 imperii
3363 577 3530 619 sacra:
3577 581 3663 620 cx-

421 667 676 720 nuiversa
712 666 859 720 illius
894 663 1267 734 congregatio.
1301 662 1369 716 Et
1395 663 1506 731 jam
1543 660 1852 730 iutelligite.
1893 660 1996 714 Pa-

423 760 597 813 lamas
641 759 723 811 hic
771 765 932 825 atque
978 755 1252 821 Barlaam,
1285 763 1477 809 mutuo
1524 756 1895 817 decertantes,
1944 761 2000 805 et

424 865 491 903 ue
542 848 844 918 impietatis
891 848 1122 902 crimine
1169 847 1310 901 alius
1361 847 1526 900 alium
1576 845 1995 903 insimulantes.

424 940 793 1009 disquisitioni
822 940 1079 1012 synodali
1112 939 1423 993 demandati
1476 945 1625 993 sunt.
1662 935 1846 992 Nostis
1889 934 2000 989 fere

423 1048 636 1093 omnes.
673 1047 849 1101 neque
876 1030 1143 1102 ignoratis
1165 1030 1467 1084 maximum
1496 1028 1649 1083 illum
1675 1026 1728 1081 in
1754 1025 1997 1081 Ecclesia

425 1138 806 1190 congressum,
837 1122 890 1175 in
923 1136 1053 1191 quo,
1084 1119 1252 1175 stellae
1282 1120 1475 1184 instar,
1508 1116 1864 1189 praafulgebat
1887 1117 2000 1186 pie-

427 1215 552 1268 tatis
609 1225 985 1284 propugnator
1040 1214 1338 1278 imperator
1388 1221 1588 1276 noster,
1650 1208 1885 1265 celebris
1937 1223 2002 1263 ac

426 1305 597 1358 licataz
645 1305 952 1368 memoriae,
991 1312 1148 1373 pater
1185 1301 1544 1371 potentissimi
1577 1310 1629 1354 et
1676 1300 1849 1353 sancti
1897 1296 2001 1351 ιιιρί

428 1394 800 1458 imperatoris,
855 1407 979 1447 cum
1027 1399 1250 1445 senatus
1281 1389 1646 1460 principibus.
1684 1387 1749 1442 Et
1794 1387 2005 1456 primus

426 1484 646 1549 quidem
684 1481 958 1546 Barlaam,
1009 1490 1267 1549 tanquam
1303 1496 1468 1551 prava
1502 1479 1742 1536 sentiens
1791 1486 1845 1533 et
1891 1478 2005 1531 elo-

428 1588 625 1643 quens.
669 1583 784 1627 tum
825 1572 892 1628 de
939 1571 1303 1627 inaccessibili
1350 1569 1872 1641 Transtigurationis
1928 1569 2009 1621 lu-

429 1663 597 1725 mine,
630 1673 743 1717 tum
772 1662 839 1716 de
868 1662 1117 1718 oratione
1145 1663 1232 1716 illa
1259 1679 1273 1715 :
1306 1680 1325 1715 ι
1357 1661 1585 1716 Domine
1611 1659 1737 1715 Iesu
1765 1659 2004 1726 Christe,

430 1755 530 1809 Fili
579 1755 694 1819 Dei,
741 1756 1003 1809 miserere
1056 1753 1250 1819 nostri,
1281 1771 1302 1804 ι
1357 1753 1780 1817 condemnatur,
1829 1760 1881 1805 et
1927 1751 2007 1806 sic

429 1847 731 1903 secundum
759 1861 1002 1901 canones
1034 1848 1099 1899 ad
1128 1845 1507 1899 accusandum
1536 1844 1753 1912 ineptus
1788 1842 2005 1911 iudiea-

431 1948 540 1992 tur.
573 1936 708 1992 Cum
746 1951 871 1991 vero
914 1936 1098 1991 statim
1135 1949 1236 1988 nos
1277 1934 1330 1989 in
1357 1936 1541 1989 varias
1578 1934 1741 1987 etiam
1784 1941 2005 1987 senten-
2036 1914 2076 1967 Β

432 2030 536 2083 tias
562 2020 953 2090 dividerentur,
988 2026 1054 2080 de
1080 2025 1327 2091 Palama,
1362 2036 1619 2093 tanquam
1653 2024 1747 2094 qui
1781 2024 1918 2078 forte
1948 2023 2003 2077 iu

433 2119 555 2171 aliis
583 2131 797 2171 errasse
820 2131 1040 2186 qttoque
1061 2115 1590 2183 deprehenderetur,
1624 2115 1677 2167 in
1710 2115 1811 2167 hoc
1838 2115 2002 2167 etiam

434 2222 622 2262 sacras
660 2206 992 2274 divinasque
1033 2205 1180 2276 leges
1203 2205 1512 2270 audientes,
1539 2219 1661 2275 quae
1697 2205 1814 2260 sine
1843 2218 2005 2257 accu-

434 2311 618 2355 satore
648 2309 701 2354 et
741 2299 1066 2370 probatione
1102 2299 1377 2354 neminem
1410 2300 1777 2354 condemnare
1811 2297 2006 2367 praeci—

434 2396 623 2464 piunt.
648 2395 756 2448 alio
781 2393 946 2449 modo
975 2407 1088 2449 rem
1117 2407 1238 2448 esse
1269 2393 1609 2462 dirigendam
1638 2394 2004 2449 decrevimus.

433 2485 617 2551 Quare
652 2485 799 2540 illius
838 2499 1065 2540 examen
1113 2484 1166 2538 in
1212 2484 1360 2539 aliud
1396 2493 1610 2552 tempus
1655 2483 2004 2545 distulimus;

439 2593 548 2631 non
574 2576 646 2631 ita
682 2584 886 2641 tamen,
916 2584 975 2630 ut
1003 2576 1093 2631 ille
1130 2576 1266 2631 liber
1295 2583 1463 2640 esset,
1496 2574 1798 2644 iisdemque
1829 2583 2009 2630 uterc-

439 2679 567 2735 tur;
591 2683 769 2736 neque
794 2668 940 2723 enim
973 2667 1205 2738 probum
1237 2682 1418 2739 neque
1448 2667 1582 2722 utile
1604 2667 1878 2721 universae
1909 2666 2009 2719 Ec-

435 2761 619 2816 clesiae
645 2763 823 2814 visum
854 2768 960 2826 est,
988 2760 1153 2816 licere
1186 2760 1263 2814 illi
1294 2759 1480 2815 eadem
1513 2759 1753 2830 aggredi,
1790 2758 1857 2813 de
1887 2760 2008 2829 qui-

436 2855 537 2909 lms
576 2854 952 2918 dubitabatur,
990 2869 1112 2909 cum
1147 2869 1323 2924 neque
1353 2870 1381 2909 a
1422 2854 1727 2942 canpnibus
1768 2863 2009 2923 potesta-

433 2958 541 3001 tum
567 2946 870 3001 habuisset.
900 2944 1044 3001 Solis
1067 2944 1208 3000 enim
1238 2961 1477 3001 canones
1522 2947 1847 3015 prtesulihus
1892 2947 2006 3011 illa,

433 3054 555 3106 qua:
588 3036 804 3107 pietatis
829 3044 980 3102 sunt,
1022 3035 1287 3106 populum
1331 3036 1608 3093 instruere
1641 3037 2005 3108 permittunt:

337 3207 340 3210 .
431 3132 535 3186 etsi
560 3132 614 3185 in
639 3130 933 3199 Scriptura:
965 3129 1144 3184 verbis
1175 3129 1553 3185 controversia
1581 3130 1848 3205 quaepiam
1882 3138 2006 3183 nata

2106 663 2305 731 peditze
2345 663 2475 715 sint.
2530 658 2592 711 Et
2624 658 2813 727 gratiae
2853 656 2965 711 siut
3015 654 3145 720 Deo,
3191 656 3282 726 qui
3318 656 3476 710 nobis
3509 658 3666 726 impe-

2104 761 2317 807 ratores
2347 751 2702 814 orthodoxos,
2752 760 2805 804 et
2838 748 3100 804 Ecclesia:
3146 757 3576 818 propugnatores
3610 768 3666 807 ac

2104 844 2441 906 defensores.
2492 842 2773 911 elargitur.
2828 841 3033 896 Hoi-um
3086 842 3245 894 etiam
3285 857 3386 896 nos
3434 841 3662 896 divinum

2105 936 2281 990 zelum
2317 946 2373 989 et
2401 935 2654 1004 pietatem
2686 932 3117 997 considerantes,
3149 948 3346 987 manus
3371 950 3584 1002 semper
3607 935 3663 987 ad

2103 1026 2276 1081 Deum
2318 1024 2593 1094 supplices
2622 1023 2924 1083 tendimus.
2962 1038 3385 1091 precamur-que.
3433 1025 3663 1090 quietum

2106 1117 2218 1170 illis
2244 1126 2294 1170 et
2329 1124 2582 1180 pacatum
2615 1115 2905 1183 imperium
2935 1114 3001 1167 ad
3038 1129 3211 1169 annos
3247 1113 3511 1183 plurimos
3546 1129 3639 1167 con

2112 1209 2253 1262 cedi.
2287 1208 2580 1276 Reliquum
2612 1206 2799 1276 itaque
2820 1216 2925 1271 cst,
2959 1218 3018 1260 ut
3052 1207 3378 1261 verecundia
3404 1216 3455 1260 ct
3484 1207 3665 1260 conlu-

2112 1299 2267 1353 sione
2295 1298 2413 1366 ipse
2440 1307 2494 1351 et
2521 1312 2787 1366 sequaces
2814 1305 2867 1351 et
2890 1296 3135 1351 fautores
3164 1305 3215 1350 et
3246 1298 3546 1350 concordes
3579 1296 3668 1348 im-

2108 1391 2381 1462 pleantur,
2430 1389 2521 1459 qui
2564 1397 2824 1457 tanquam
2868 1388 3243 1442 venerandum
3279 1387 3575 1456 quidpiam,
3620 1398 3667 1440 et

2108 1482 2368 1537 Ecclesia:
2407 1480 2815 1543 necessarium,
2853 1479 3026 1540 illius,
3067 1481 3159 1549 qui
3195 1479 3531 1532 commcritis
3559 1494 3664 1546 pm-

2110 1567 2214 1631 nis,
2237 1577 2291 1622 et
2321 1568 2389 1623 iis
2421 1584 2557 1636 quas
2579 1568 2683 1623 sibi
2711 1569 2813 1637 ipsi
2844 1577 3004 1622 antea
3038 1568 3331 1625 indixerat.
3364 1567 3665 1628 mulctatus,

2107 1670 2162 1715 et
2187 1672 2411 1727 propter
2436 1661 2546 1728 jam
2583 1661 2726 1714 dicta
2761 1661 2812 1713 in
2837 1659 3105 1727 judicium
3132 1668 3357 1713 vocatus
3380 1658 3667 1713 fuerat‘nna

2107 1767 2233 1808 cum
2286 1753 2660 1822 hypopsephio
2713 1751 3129 1809 Monembasiae.
3188 1753 3581 1806 commentaria
3620 1759 3667 1803 ct

2110 1859 2293 1905 voces.
2331 1861 2401 1898 ne
2428 1844 2678 1898 dicamus
2710 1858 2903 1897 recens
2938 1851 3061 1897 nata
3100 1843 3377 1909 dogmata,
3410 1842 3527 1895 aliis
3558 1856 3670 1909 pro.

2106 1945 2339 2007 ponunt.
2376 1934 2672 1989 Damnatus
2695 1943 2956 2000 praeterea
2982 1943 3062 1988 est
3088 1934 3270 1989 dictus
3294 1932 3665 1988 Moncmbasiae

2110 2026 2513 2098 hypopsephius
2546 2065 2562 2089 ,
2593 2026 2685 2096 qui
2729 2029 2919 2080 eadem
2953 2042 3016 2080 ac
3043 2023 3301 2080 Palamas
3329 2025 3590 2079 sentiebat
3618 2023 3664 2075 iu

2108 2119 2291 2189 pravis
2341 2117 2649 2171 divinorum
2712 2116 3068 2186 Eloquiorum
3119 2116 3572 2184 expositionibus.
3620 2124 3661 2166 et

2108 2212 2251 2281 quod
2287 2210 2356 2264 ab
2377 2224 2442 2265 eo
2467 2225 2526 2264 se
2550 2208 2882 2279 disiungere.
2912 2220 2967 2264 et
3002 2208 3400 2279 professionem
3455 2208 3665 2276 propr-im

2108 2304 2391 2362 sententia:
2426 2313 2481 2359 et
2526 2305 2709 2359 cultus
2753 2302 2968 2359 tradere
3015 2304 3209 2358 nollet.
3265 2302 3659 2361 Verumtamen,

2112 2397 2316 2466 quibus
2347 2395 2400 2449 id
2433 2395 2486 2449 in
2518 2396 2703 2450 animo
2733 2404 2840 2459 est,
2874 2403 2935 2449 ut
2967 2393 3238 2448 malorum
3280 2393 3520 2448 omnium
3579 2406 3666 2444 au-

2108 2487 2280 2542 ctoris
2317 2486 2581 2541 daemonis
2612 2485 3187 2555 telisimpenetrabiles
3220 2486 3370 2550 tiant,
3396 2484 3539 2538 omni
3564 2490 3667 2535 stu-

2108 2582 2199 2636 dio
2236 2595 2294 2635 se
2327 2593 2657 2648 quacunque
2682 2592 2746 2631 ex
2784 2586 2942 2647 parte
2975 2575 3269 2632 defendere
3301 2576 3526 2631 debent.
3563 2572 3663 2626 ido-

2110 2672 2214 2726 dus
2244 2672 2445 2740 quippe
2495 2669 2643 2723 illius
2680 2676 2786 2731 est,
2821 2677 2875 2724 et
2909 2668 3101 2740 ingens
3138 2678 3440 2733 certamen,
3468 2680 3664 2733 semper

2110 2761 2363 2817 scandala
2420 2769 2668 2817 serentes
2725 2760 2779 2813 iu
2832 2758 3075 2815 Ecclesia
3127 2759 3380 2815 homines
3422 2757 3659 2811 excitare.

2112 2854 2219 2910 Sed
2252 2870 2350 2908 vos
2399 2855 2453 2908 in
2500 2853 2832 2924 evangelicis
2878 2861 2933 2907 et
2977 2851 3305 2922 apostolicis
3346 2859 3399 2904 ct
3443 2847 3663 2918 paternis

2114 2945 2505 3001 traditionibus
2536 2945 2767 3007 assueti,
2799 2952 2854 2998 et.
2889 2942 3116 3006 exculti,
3151 2952 3207 2997 et
3233 2942 3459 3012 legitimi
3493 2938 3663 2991 Eccle-

2110 3037 2206 3091 size
2230 3036 2347 3099 ﬁlii,
2376 3035 2695 3090 omuimoda
2726 3035 2795 3089 ab
2823 3034 2891 3089 iis
2916 3035 3009 3104 qui
3034 3031 3321 3089 Palamam
3352 3038 3659 3101 sequuntur,
3690 3062 3699 3075 .

2110 3128 2477 3198 separatione,
2513 3128 2786 3182 immunes
2818 3126 3193 3198 vosmetipsos
3216 3139 3540 3182 conservare
3561 3135 3663 3176 stu-

431 3225 525 3284 sit,
558 3220 1015 3291 quemadmodum
1057 3235 1085 3274 a
1137 3219 1359 3275 deiferis
1392 3218 1650 3276 Patribus
1679 3229 2005 3289 exponatur.
2038 3243 2080 3300 ο
2114 3220 2257 3274 dcte.
2319 3218 2454 3284 Quis
2507 3217 2652 3272 enim
2703 3233 2893 3272 eorum
2953 3218 3274 3273 commercii
3330 3225 3385 3271 et
3432 3209 3662 3268 auditorii

434 3312 538 3364 Pro
566 3309 791 3380 quibus,
823 3317 969 3363 tomo
996 3309 1207 3380 digesto
1235 3325 1298 3364 ex
1324 3309 1567 3381 synodali
1592 3312 1888 3375 sententia,
1922 3326 2009 3365 ero

432 3401 859 3456 communicatio
904 3401 1013 3456 lata
1046 3411 1306 3472 est;qua
1352 3400 1442 3458 ille
1487 3402 1755 3471 neglecta,
1802 3405 2005 3455 malum

434 3494 675 3559 adauxit,
707 3493 1030 3563 scriptiones
1060 3509 1251 3549 rursus
1275 3495 1496 3550 easdem
1526 3505 1580 3549 et
1610 3495 2008 3563 disputationes

433 3601 730 3655 usurpans,
772 3602 799 3640 a
827 3586 1048 3656 quibus,
1084 3597 1145 3640 ut
1184 3586 1411 3641 omnino
1442 3586 1756 3652 abstineret,
1787 3586 2000 3657 iussum

433 3667 631 3731 fuerat.
667 3676 1070 3747 Propter-caque
1095 3693 1158 3732 ex
1187 3692 1254 3732 eo
1281 3686 1532 3746 tempore
1565 3676 1618 3731 in
1642 3677 1898 3747 ambiguo
1923 3692 2011 3732 res

434 3772 572 3825 crat,
616 3772 670 3816 et
700 3761 1027 3816 succedente
1060 3768 1302 3830 tempore
1338 3760 1513 3831 magis
1556 3775 1621 3814 ac
1660 3761 1831 3830 magis
1862 3762 2009 3815 circa

435 3854 694 3924 piet..tem
746 3852 996 3907 Palamas
1049 3853 1342 3920 ambiguus
1391 3851 1702 3917 videbatur,
1748 3866 1873 3908 cum
1908 3866 2012 3908 nec

438 3945 837 4015 professionem
860 3944 982 3999 ﬁdei
1001 3944 1303 4014 inscriptis,
1318 3943 1381 3999 ab
1399 3943 1639 3999 Ecclesia
1659 3944 2009 4014 postulatam,

434 4038 736 4092 exhiberet.
760 4035 1043 4102 Quomodo
1061 4035 1242 4104 itaque
1265 4034 1510 4091 resillius
1529 4036 1724 4108 negligi
1739 4043 2012 4105 poterant,

433 4131 562 4184 dum
590 4129 680 4184 ille
710 4127 1051 4199 pervicacius
1081 4127 1369 4183 inhaereret
1402 4130 1709 4199 proposito,
1744 4143 1847 4184 nec
1882 4124 1917 4183 ἔ
1942 4128 2017 4183 si-

436 4219 658 4274 milibus
683 4217 1096 4272 commentariis
1142 4217 1463 4282 abstineret,
1493 4225 1549 4272 et
1572 4218 1775 4274 multos
1801 4225 2017 4287 pertur-

438 4313 595 4372 bans.
626 4308 694 4363 ad
727 4308 1101 4379 expositiones
1146 4324 1275 4365 suas
1319 4309 1726 4378 amplectendas
1769 4307 2014 4378 compel-

438 4403 593 4464 leret,
630 4399 769 4454 male
791 4401 957 4455 etiam
987 4400 1142 4454 Tomi
1171 4401 1435 4455 nonnulla
1472 4408 1799 4470 exponeret.
1831 4413 2013 4469 neque

440 4491 695 4546 Ecclesiae
725 4506 786 4546 se
809 4491 1153 4546 submitteret
1179 4492 1451 4560 iideoque
1474 4509 1581 4547 non
1606 4492 1888 4564 neglectus
1908 4499 2010 4552 est,

2114 3312 2290 3367 usus?
2334 3308 2505 3377 Cujus
2550 3325 2681 3365 vero
2724 3310 2913 3380 gratia:
2959 3309 3109 3364 fures
3159 3309 3421 3365 Ecclesiae
3465 3306 3660 3376 quidem

2111 3403 2402 3473 imperium
2435 3404 2765 3469 detrectant,
2818 3402 3181 3457 arehieratica
3216 3417 3346 3457 vero
3392 3413 3550 3467 opera
3586 3410 3664 3461 ag-

2109 3495 2453 3566 grediuntur,
2484 3503 2787 3564 amantque
2834 3494 3057 3561 docere,
3091 3502 3147 3549 et
3177 3493 3505 3563 persuadere
3543 3502 3661 3541 cou-

2111 3585 2364 3648 tendunt,
2394 3585 2535 3640 bona
2574 3600 2696 3641 esse
2723 3600 2847 3652 quae
2882 3584 2952 3639 ab
2984 3583 3119 3654 ipsis
3147 3578 3542 3639 enuntiantur?
3570 3575 3662 3629 Nu—

2111 3677 2195 3733 bis
2239 3693 2403 3748 porro
2459 3679 2662 3747 saepius
2714 3692 2812 3733 eos
2862 3677 3207 3747 illacrymare
3250 3674 3492 3744 contigit,
3543 3666 3660 3723 mihi

2111 3768 2337 3831 credite,
2362 3768 2859 3833 considerantibus,
2895 3768 3042 3837 quali
3081 3767 3332 3823 veritatis
3359 3767 3441 3820 via
3473 3762 3661 3819 relicta,

2112 3860 2168 3915 in
2216 3869 2481 3930 quantum
2532 3873 2592 3914 se
2634 3858 2954 3914 barathrum
3001 3859 3412 3927 praecipitarint.
3459 3862 3660 3910 conten-

2113 3951 2249 4004 tioni
2271 3948 2521 4013 obnoxii,
2541 3949 2635 4018 qui
2665 3948 3004 4021 negligentes
3035 3944 3087 4001 in
3120 3946 3507 4018 tranquillitate
3529 3937 3660 4007 cogi-

2114 4040 2383 4096 tationum
2419 4040 2899 4112 gubernationem,
2941 4039 3070 4094 licet
3104 4039 3345 4093 tumultu
3384 4048 3534 4092 suum
3558 4044 3659 4090 cor.

2116 4130 2354 4185 tumultu
2389 4145 2547 4186 suam
2587 4130 2825 4184 animam
2856 4128 3133 4198 oppletam
3165 4129 3467 4190 obtineant,
3495 4121 3661 4177 odiose

2115 4233 2279 4292 atque
2299 4222 2667 4289 contentiose,
2696 4222 2840 4291 quod
2873 4221 2975 4291 ipsi
3004 4230 3338 4291 proponunt,
3355 4214 3660 4276 confirmare

2113 4322 2387 4383 satagunt,
2439 4327 2541 4368 nec
2575 4312 2705 4367 illud
2760 4313 2948 4368 animo
2977 4327 3173 4382 capere
3213 4320 3464 4382 possunt,
3501 4314 3658 4370 neque

2116 4405 2359 4476 probum.
2384 4420 2560 4475 neque
2602 4404 2810 4473 justum
2839 4420 2983 4469 esse,
3030 4404 3253 4459 Patrum
3291 4400 3544 4459 terminos
3585 4390 3658 4445 di-

2116 4514 2357 4566 movere,
2385 4508 2440 4555 et
2469 4498 2768 4562 adversari,
2801 4507 2855 4553 et
2886 4512 2996 4553 non
3029 4496 3227 4552 cedere
3255 4507 3430 4563 neque
3458 4482 3658 4542 obedire

439 4586 531 4640 sed
552 4596 607 4638 ut
626 4586 896 4641 sententia
916 4587 1184 4656 etpietate
1199 4585 1599 4657 ambiguum,et
1616 4583 2012 4656 professionem
2047 4580 2091 4637 D
2118 4591 2376 4647 Ecclesiae
2400 4591 2453 4645 in
2485 4591 2549 4646 iis
2579 4605 2701 4661 qum
2728 4590 2798 4645 ab
2825 4589 2941 4659 ipsa
2969 4588 3139 4659 probe
3168 4596 3224 4643 et
3265 4581 3554 4643 secundum
3578 4586 3656 4626 ca-

437 4677 696 4745 scriptam
727 4672 940 4731 tradere
972 4685 1293 4731 renuentem
1318 4715 1334 4740 ,
1362 4687 1423 4731 ut
1450 4676 1790 4746 pervicacem
1820 4682 1874 4728 et
1911 4671 2016 4727 Ec—

441 4769 627 4823 clesizn
661 4768 754 4824 Dei
790 4767 950 4824 subdi
988 4769 1257 4832 nescium,
1303 4775 1363 4821 ut
1394 4767 1661 4822 tumultus
1692 4772 1747 4820 et
1790 4774 2016 4820 conten-

442 4860 608 4914 tionis
647 4860 985 4930 potissimam
1017 4873 1267 4923 causam,
1296 4867 1358 4913 ut
1405 4870 1671 4911 novorum
1704 4853 2017 4924 peregrino-

442 4968 675 5023 rumque
700 4951 1016 5024 dogmatum
1049 4959 1404 5017 assertorem,
1437 4948 1529 5003 Dei
1564 4946 1808 5001 Ecclesia
1838 4946 2013 5001 virum

441 5061 471 5099 a
499 5060 556 5099 se
580 5046 696 5111 ipsa
717 5043 1080 5114 proscripsit;
1101 5042 1250 5110 juste
1270 5040 1557 5110 equidem,
1598 5051 1861 5093 novorum
1886 5038 2019 5109 dog-

442 5146 648 5189 matum
677 5145 955 5201 auctores,
988 5134 1098 5188 imo
1124 5133 1177 5188 in
1205 5131 1343 5187 alias
1369 5140 1535 5201 atque
1559 5128 1693 5184 alias
1713 5129 2017 5185 sententias

444 5228 645 5297 scripta
682 5229 939 5284 Ecclesiae
961 5227 1372 5296 detorquentes,
1405 5222 1738 5277 contumelia
1784 5223 2018 5293 probro-

443 5334 549 5389 que
582 5317 842 5385 aﬂiciens,
870 5328 924 5373 et
951 5316 1055 5374 sibi
1086 5316 1195 5387 ipsi
1225 5314 1278 5368 in
1319 5314 1636 5383 apostolicis
1677 5322 1732 5368 et
1770 5315 2016 5383 paternis

445 5411 831 5467 traditionibus
863 5408 1191 5491 profundam
1229 5405 1680 5475 tranquillitatem
1711 5421 1774 5461 ac
1806 5408 2018 5462 stabili-

444 5509 608 5557 tatem
638 5515 960 5571 procurans.
1011 5497 1087 5553 De
1121 5512 1225 5567 qua
1269 5513 1463 5569 magna
1506 5508 1557 5552 et
1587 5500 1779 5570 ingens
1810 5500 2017 5557 sollici-

448 5591 577 5646 tudo
609 5592 909 5655 invaserat,
951 5604 981 5643 a
1012 5587 1121 5644 Deo
1144 5578 1460 5644 coronatam
1495 5591 1930 5661 potentissimam
1961 5599 2018 5646 et

451 5693 693 5737 sanctam
748 5696 925 5735 meam
987 5681 1293 5745 dominam,
1350 5690 1408 5737 et
1459 5697 1490 5737 a
1543 5682 1654 5739 Deo
1706 5684 1894 5745 datum
1952 5698 2017 5739 ac

454 5773 656 5827 mundo
688 5772 1108 5829 desiderabilem
1147 5772 1295 5828 illius
1346 5777 1652 5840 surculum,
1698 5774 2017 5845 potentissi-

454 5877 600 5926 mum
634 5872 687 5920 et
716 5872 969 5920 sanctum
1000 5880 1179 5922 meum
1218 5866 1598 5934 imperatorem
1627 5882 1640 5932 ;
1677 5877 1734 5921 ut
1763 5875 1818 5924 et
1849 5872 2016 5921 ven'c-

2117 4697 2291 4740 noncs
2336 4682 2521 4738 divina
2556 4681 2732 4753 gratia
2775 4679 2995 4736 decreta
3035 4687 3203 4746 sunt;
3236 4678 3330 4735 sed
3372 4686 3425 4732 et
3455 4671 3655 4725 liberta-

2117 4787 2250 4840 tem,
2283 4790 2348 4830 ac
2383 4776 2432 4831 si
2472 4774 2556 4830 sui
2581 4782 2766 4830 essent
2789 4772 2957 4843 juris.
2999 4779 3274 4843 usurpant
3298 4782 3418 4840 quae
3452 4762 3514 4817 ad
3540 4755 3655 4811 alios

2115 4868 2415 4941 pertinent,
2448 4867 2554 4936 ipsi
2592 4865 2964 4922 inverecunde
2995 4873 3316 4937 operantur,
3351 4866 3404 4915 et
3433 4867 3547 4911 cum
3581 4846 3652 4900 fa-

2117 4960 2377 5017 cultatem
2430 4959 2639 5014 nullam
2692 4959 2952 5023 habeant,
3010 4958 3311 5013 monachos
3359 4943 3651 5007 detondent,

2100 5053 2283 5123 idque
2312 5052 2478 5107 etiam
2515 5050 2569 5104 in
2598 5049 2853 5120 juvenem
2886 5049 3146 5116 nobilem,
3180 5046 3364 5104 multis
3390 5037 3650 5123 ρυΙΙθεΨξη

2116 5118 2425 5209 fraudibus,
2458 5156 2567 5198 non
2601 5118 2739 5198 sine
2785 5141 3015 5197 audacia
3063 5142 3445 5210 praestiterunt.
3478 5125 3551 5182 Ab
3580 5118 3653 5210 his

2116 5239 2301 5307 itaque
2330 5244 2446 5290 toto
2479 5248 2575 5289 vos
2611 5233 2795 5287 animo
2835 5242 3131 5294 semovete,
3161 5222 3468 5285 orthodoxis
3490 5209 3650 5310 chle‘

2115 5332 2210 5384 sia:
2231 5326 2582 5405 dogmatibus
2603 5325 2965 5380 adhmrentes.
2988 5325 3121 5379 Cum
3149 5323 3326 5390 itaque
3340 5309 3646 5405 pruplm’lam

2116 5401 2528 5478 dictas-Causas
2563 5417 2902 5490 proscriptus
2931 5417 3005 5472 sit
3035 5416 3104 5471 ah
3132 5410 3367 5468 Ecclesia
3405 5401 3643 5485 Palamaat

2117 5514 2308 5572 eodem
2343 5528 2408 5569 ac
2456 5512 2549 5567 ille
2595 5510 2757 5565 modo
2806 5507 3101 5580 proscripti
3152 5514 3277 5561 sunt
3320 5504 3517 5554 omnes.
3565 5491 3642 5546 ⁴1¹¹¹

2116 5621 2272 5677 aeque
2302 5620 2364 5661 ac
2393 5605 2484 5659 ille
2514 5602 2799 5668 sentiunt;
2835 5600 3037 5671 quippe
3068 5599 3179 5654 illis
3211 5593 3462 5652 credunt;
3494 5580 3643 5677 ηοξιιξίξ

2117 5666 2199 5753 (ξεί
2222 5697 2495 5753 similibus
2513 5711 2637 5767 pars
2657 5697 2761 5752 ulla
2781 5666 2897 5751 sive
2921 5666 3224 5756 haereditas,
3244 5680 3410 5759 quoad
3426 5666 3639 5770 castri-fl“

2119 5789 2447 5844 Sententiam
2482 5764 2784 5842 sectantur.
2808 5780 3072 5856 Separate
3102 5784 3287 5852 itaque
3311 5788 3403 5829 vos
3427 5765 3486 5818 ab
3513 5764 3634 5863 is‘llfv

2120 5881 2377 5939 Ecclesiae
2409 5879 2727 5937 obcdicntcs
2748 5920 2763 5948 ,
2798 5855 3208 5950 acquiescentes
3241 5855 3637 5945 perseverantes-
