4046 6462
352 459 362 469 ’
455 445 565 510 837

1339 383 1356 430 !

1602 447 2047 509 GRECURUM
2080 442 2552 505 SENTENTIE.

3585 446 3690 509 898

454 580 560 632 qm:
586 564 638 616 in
667 562 1003 632 Evangelicis
1025 571 1072 616 et
1101 561 1417 631 apostolicis
1461 561 1872 617 traditionibus.
1899 561 2026 615 Ete—
2056 568 2098 621 Α
2131 563 2185 608 ει
2217 553 2694 622 ριόοπὶεδὶιηυηῑν
2735 553 2826 623 qui
2864 567 3080 623 semper
3111 554 3437 625 scriptorum
3469 558 3612 611 mole
3641 569 3698 611 et

456 659 593 720 nim,
627 655 751 710 licet
777 670 882 709 non
914 655 1048 712 tales
1079 666 1268 712 essent
1301 657 1514 726 pietate.
1548 657 1790 714 ambigui
1811 654 2024 709 scilicet

457 757 510 798 et
541 746 719 813 palam
753 746 934 800 hostes
955 755 1009 800 et
1031 747 1356 810 adversarii,
1380 758 1434 802 et
1460 749 1530 802 ab
1560 747 1806 802 Ecclesia
1838 748 2020 815 ejecti,

456 837 816 892 nihilominus
849 852 1026 907 neque
1071 841 1175 894 hac
1221 841 1430 895 ratione
1478 841 1530 894 in
1563 841 1915 912 dogmatibus
1970 846 2024 892 et

457 929 708 982 doctrina
744 931 811 982 de
854 931 1052 999 pietate
1095 931 1203 985 illis
1249 935 1472 987 credere
1521 933 1751 998 debetis,
1805 947 1930 987 cum
1972 930 2025 984 id

462 1019 775 1083 ministerii,
808 1029 866 1074 ut
893 1021 1004 1090 jam
1035 1021 1298 1086 diximus,
1332 1024 1396 1078 ad
1423 1024 1697 1080 antistites
1727 1025 2021 1094 pertineat,

459 1114 660 1182 quibus
701 1111 822 1165 sine
863 1113 970 1165 ttlla
1012 1115 1330 1183 exceptione
1374 1116 1599 1170 obedire
1647 1115 1882 1182 debetis,
1929 1131 2028 1170 nec

465 1204 575 1257 ullo
631 1205 794 1258 modo
828 1205 1152 1270 adversari;
1201 1221 1328 1260 eum
1377 1205 1487 1261 sint
1527 1223 1558 1262 a
1602 1207 1712 1262 Deo
1766 1219 2026 1276 tanquam

463 1295 734 1350 oeconomi
769 1295 923 1349 vobis
948 1296 1132 1350 traditi
1162 1298 1378 1360 salutis,
1415 1306 1470 1353 et
1499 1299 1768 1353 rationem
1803 1314 1901 1367 pro
1936 1315 2030 1352 vo-

465 1388 549 1441 bis
595 1386 878 1441 reddituri.
923 1385 1055 1451 Qute
1099 1389 1240 1441 ratio
1288 1389 1476 1455 fuerit,
1530 1389 1694 1445 hosce
1743 1391 2028 1460 ambiguos

465 1480 642 1533 locum
689 1481 828 1548 apud
863 1495 958 1533 vos
1006 1483 1303 1550 possidere,
1350 1498 1460 1553 quo
1501 1483 1804 1553 periculum
1835 1485 2028 1538 anima:

465 1572 706 1626 subeatis
762 1583 811 1626 et
863 1574 1197 1628 excidium?
1253 1574 1422 1631 Nemo
1471 1575 1687 1631 interim
1731 1577 2024 1640 existimet,

465 1674 687 1733 propter
720 1665 881 1718 aliam
919 1681 1142 1720 causam
1191 1665 1491 1733 Palamam,
1542 1669 1798 1738 illiusque
1845 1669 2027 1724 socios

465 1761 531 1811 ab
564 1760 804 1814 Ecclesia
836 1762 1062 1831 cjectos,
1093 1779 1257 1833 quam
1283 1765 1353 1817 ob
1387 1764 1688 1818 adulterata
1716 1761 1889 1824 ipsius
1922 1762 2026 1815 Ec-

465 1851 642 1905 clesia:
688 1851 980 1922 dogmata:
1039 1869 1164 1908 cum
1210 1863 1266 1908 et
1293 1854 1394 1922 ipsi
1441 1854 1763 1924 deprehensi
1812 1852 1922 1906 sint
1972 1852 2024 1903 in

2126 646 2590 715 multiloquentia,
2623 662 2729 700 non
2760 656 3202 716 argumentorum
3247 651 3464 713 robore,
3497 649 3694 704 adver-

2124 739 2298 794 sarios
2349 739 2654 807 opprimere
2695 751 2967 793 conatur:
3023 740 3200 795 nullas
3237 740 3402 794 habet
3447 756 3694 805 veneres,

2128 829 2334 884 nullum
2379 829 2583 898 ingenii
2615 843 2845 883 acumen
2875 846 2890 883 :
2936 831 3070 884 satis
3100 831 3173 884 illi
3205 841 3306 894 est,
3342 831 3408 896 si,
3459 847 3578 898 qua:
3607 833 3698 886 alii

2127 931 2251 974 ante
2278 922 2452 988 ipsam
2476 921 2746 983 dixerant,
2775 922 3127 977 lutulentiore
3150 924 3361 978 calamo
3386 935 3695 993 petcurrat,

2126 1023 2179 1066 et
2208 1011 2413 1066 chartis
2439 1010 2647 1076 illinat;
2683 1011 2788 1065 sub
2823 1013 3041 1080 pietatis
3073 1015 3276 1082 specie,
3308 1015 3510 1086 ubique
3539 1033 3703 1074 vene-

2130 1119 2258 1156 nunt
2304 1102 2505 1171 spirat.
2544 1101 2609 1155 Et
2639 1111 2818 1156 tamen
2845 1104 2990 1156 hunc
3022 1104 3492 1174 improbissimum
3525 1110 3700 1162 homi-

2129 1207 2276 1256 nem,
2304 1207 2368 1246 ac
2397 1193 2442 1246 si
2476 1208 2615 1248 unus
2644 1203 2694 1245 et
2725 1192 3031 1262 praecipuus
3059 1181 3122 1248 ex
3157 1197 3362 1251 sanctis
3389 1209 3443 1251 et
3468 1199 3703 1252 doctori-

2130 1287 2232 1338 bus
2263 1283 2426 1351 foret,
2455 1284 2702 1339 nonnulli
2738 1299 2804 1338 ex
2836 1283 3041 1339 Graacis
3086 1285 3228 1340 inter
3274 1298 3496 1343 sanctos
3531 1291 3701 1344 collo-

2129 1386 2340 1443 carunt,
2387 1387 2460 1441 et,
2493 1378 2710 1450 hymnis
2741 1393 2804 1434 ac
2837 1379 2960 1433 aliis
3009 1380 3243 1435 canticis
3291 1381 3474 1444 editis,
3507 1384 3558 1435 in
3603 1381 3703 1435 Ec-

2131 1470 2297 1525 clesia
2327 1470 2697 1533 celebrarunt,
2729 1479 2782 1524 et
2812 1486 2957 1525 nunc
2989 1487 3208 1540 quoque
3239 1473 3536 1526 celebrant.
3568 1474 3700 1538 Qua:

2129 1562 2183 1616 in
2216 1561 2438 1616 Triodio
2469 1561 2536 1616 de
2567 1563 2657 1616 illo
2691 1562 3020 1627 alferuntur,
3066 1579 3096 1617 a
3129 1565 3416 1622 Philotheo
3462 1567 3694 1636 patriar-

2129 1653 2233 1709 cha
2262 1653 2867 1721 Constantinopolitano
2899 1656 3041 1710 male
3072 1665 3284 1722 assuta,
3316 1657 3450 1711 alibi
3485 1659 3700 1711 exami-

2129 1745 2406 1800 navimus.
2428 1745 2751 1801 Collectoris
2781 1747 2972 1810 etiam,
3003 1747 3119 1800 sive
3144 1748 3371 1802 editoris
3396 1749 3701 1818 incogitan-

2132 1839 2203 1891 tia
2229 1837 2430 1891 factum
2460 1846 2564 1902 est,
2598 1843 2658 1890 ut
2699 1837 2754 1891 in
2791 1837 2962 1894 Tomo
2991 1837 3057 1892 IX
3095 1818 3427 1895 Bibliotheca:
3457 1839 3699 1908 Patrum,

602 1902 636 1905 η
695 1902 979 1922 νηοί-ψη,
1045 1902 1164 1908 -____
1215 1902 1394 1922 --τῇ
1445 1902 1763 1924 *Ἴρην--
1813 1902 1920 1906 ---,-

466 1943 759 2010 nonnullis,
803 1946 931 1998 tomi
967 1945 1150 2010 verba,
1181 1956 1239 1999 ut
1267 1945 1376 2015 jam
1417 1945 1677 2008 diximus,
1711 1944 2025 1998 adulteran-

2132 1927 2186 1980 in
2233 1928 2464 1982 duarum
2501 1929 2814 1982 orationum
2859 1929 3044 1996 titulo,
3079 1945 3311 2014 quarum
3348 1931 3466 2014 ipse
3511 1941 3700 1986 auctor

468 2043 570 2095 tes,
607 2045 660 2087 et
704 2035 756 2087 itt
793 2051 1014 2105 pravam
1048 2039 1444 2107 expositionem
1487 2039 1789 2092 trahentes.
1823 2035 2024 2101 Quare,

466 2127 509 2178 si
545 2125 700 2180 nobis
745 2137 921 2180 vestra
952 2129 1158 2184 utilitas
1195 2140 1246 2184 et
1288 2129 1553 2184 securitas
1582 2128 1734 2184 cordi
1774 2138 1877 2191 est,
1906 2141 2029 2181 om-

466 2217 595 2272 nino
630 2234 724 2272 eos
759 2221 945 2283 vitate,
979 2221 1205 2290 paciﬁce
1233 2229 1286 2276 et
1325 2220 1618 2292 tranquille
1649 2222 1792 2274 inter
1819 2235 1912 2273 vos
1947 2220 2029 2288 ip-

463 2325 571 2376 sos,
625 2325 723 2364 nec
766 2327 873 2366 non
906 2324 959 2367 et
1006 2315 1166 2379 alios,
1214 2314 1480 2380 viventes,
1524 2314 1789 2383 complete
1841 2327 2027 2381 opera,

462 2419 584 2470 qua:
607 2407 672 2457 ad
700 2414 934 2460 vestram
960 2407 1189 2460 salutem
1217 2407 1529 2462 necessaria
1548 2418 1676 2460 sunt
1701 2423 1715 2458 :
1743 2405 1903 2474 cujus
1929 2404 2033 2457 uti-

467 2511 590 2548 nam
620 2505 896 2564 compotes
927 2497 1070 2552 ﬁalis
1095 2498 1146 2552 in
1168 2498 1412 2563 Christo,
1433 2500 1588 2568 cujus
1612 2502 1783 2570 gratia
1808 2498 1880 2553 sit
1906 2514 2030 2554 cum

471 2587 632 2641 vobis
662 2589 941 2644 omnibus.
974 2608 992 2640 ι
1035 2590 1099 2644 Et
1131 2592 1245 2647 haec
1275 2591 1341 2646 de
1375 2592 1599 2647 Palama
1635 2591 1888 2661 illiusque
1919 2593 2029 2645 haz-

470 2680 681 2735 resibus
735 2681 788 2734 itt
831 2684 1124 2752 praesentia
1153 2685 1287 2739 satis
1333 2686 1480 2751 sint;
1526 2685 1735 2754 reliqua
1772 2692 2033 2752 opportu-

470 2775 623 2829 niore
661 2785 905 2844 tempore
945 2793 1358 2846 prosequemur.
1397 2777 1649 2832 Palamas
1683 2779 1867 2845 itaque
1897 2775 2034 2830 Gre-

466 2867 674 2936 gorius,
704 2878 761 2923 ut
790 2869 960 2932 vides,
989 2885 1095 2922 non
1141 2868 1390 2939 proprias
1425 2870 1660 2924 haareses
1693 2879 1928 2933 tantum,
1959 2869 2031 2922 ob

462 2973 602 3028 quas
645 2958 810 3013 etiam
842 2961 910 3014 ab
946 2961 1079 3031 ipsis
1110 2960 1335 3026 Grmcis,
1380 2962 1740 3030 plurimarutn
1787 2963 2030 3030 synodo-

463 3066 583 3104 rum
616 3051 848 3119 calculo,
873 3051 1162 3108 damnatus
1187 3064 1292 3118 est,
1319 3055 1452 3108 lovit
1475 3066 1526 3108 et
1551 3055 1866 3123 propagavit
1892 3071 1905 3116 ;
1934 3053 2028 3107 sed

459 3141 774 3196 Gratcorum
803 3144 966 3197 etiam
996 3159 1212 3199 errores
1243 3145 1506 3200 adversus
1538 3144 1785 3208 Latinos,
1814 3145 2032 3213 scriptis

2130 2018 2327 2083 fuerat,
2381 2020 2742 2075 sanctissimus
2771 2031 3134 2090 nuncupetur.
3163 2019 3313 2087 Quod
3342 2022 3578 2077 maxime
3604 2023 3703 2074 inn.

2132 2112 2382 2183 probavit
2423 2113 2741 2169 Gennadius
2793 2113 3129 2184 patriarcha,
3167 2115 3384 2181 Graecos
3413 2107 3698 2184 altequens

2131 2219 2230 2273 pro
2269 2205 2504 2259 concilio
2533 2205 2854 2260 Florentino
2888 2225 2903 2261 :
2945 2226 2964 2258 ι
3016 2204 3144 2270 Vos,
3174 2205 3416 2271 Graecos,
3445 2207 3698 2276 quamvis

2132 2294 2594 2364 ﬂagitiosissimos
2633 2307 2685 2352 et
2721 2299 3094 2362 stultissimos,
3145 2299 3190 2354 si
3229 2299 3404 2354 solum
3441 2299 3704 2353 adversus

2133 2387 2356 2444 Latinos
2391 2391 2594 2454 dicant,
2630 2390 2874 2444 omnium
2905 2391 3286 2460 sanctissimos
3317 2391 3658 2445 arbitramini
3685 2406 3700 2454 ;

2134 2478 2273 2532 inter
2307 2478 2447 2534 alios
2484 2479 2702 2548 quidem
2737 2481 2962 2544 multos,
3005 2479 3297 2549 quemdam
3334 2480 3423 2548 qui
3477 2488 3704 2533 vocatur

2134 2569 2404 2632 Palamas,
2454 2579 2509 2623 et
2549 2569 2753 2638 Ephesi
2786 2571 3054 2633 Marcum,
3105 2570 3379 2625 hominem
3429 2585 3528 2623 nec.
3569 2569 3706 2624 satis

2134 2663 2331 2716 mentis
2359 2671 2687 2730 compotem,
2718 2661 2813 2715 sed
2850 2661 3116 2715 tumidum
3149 2662 3432 2731 sapientiae
3465 2670 3704 2714 ostenta-

2137 2765 2318 2808 torem
2349 2771 2363 2818 ;
2399 2755 2547 2808 ttulla
2588 2755 2785 2809 virtute
2813 2755 2892 2809 vel
2931 2755 3221 2810 sanctitate
3261 2753 3546 2816 subnixos,
3579 2753 3705 2822 quia

2135 2847 2432 2916 loquuntur
2469 2857 2524 2901 et
2572 2848 2819 2902 scribunt
2844 2848 3021 2902 solum
3049 2857 3238 2902 contra
3265 2845 3512 2910 Latinos,
3536 2847 3707 2898 cxtol-

2136 2938 2246 2990 litis
2291 2947 2345 2991 et
2389 2937 2698 3000 celebratis,
2746 2953 3049 3007 eorumque
3098 2938 3362 3007 imagines
3395 2935 3698 3001 exornatis,

2137 3029 2444 3097 festumque
2484 3041 2705 3097 agentes
2746 3029 2886 3084 diem
2923 3030 3125 3093 colitis,
3169 3042 3223 3084 et
3267 3031 3433 3084 veluti
3483 3039 3702 3084 sanctos

2134 3120 2390 3174 adoratis.
2420 3139 2438 3171 ι
2464 3121 2644 3186 Quod,
2683 3138 2816 3192 pace
2853 3124 2987 3177 tanti
3021 3122 3122 3176 viri
3159 3125 3318 3177 liceat
3349 3123 3572 3186 dixisse,
3609 3122 3707 3175 fal-

459 3233 648 3297 editis.
699 3242 904 3290 tutatus
935 3245 1036 3291 est.
1073 3236 1245 3290 Editte
1295 3246 1422 3292 sunt
1467 3236 1698 3291 Londini
1745 3211 2031 3291 Orationes

2134 3227 2254 3266 sum
2290 3221 2392 3268 est.
2427 3211 2665 3283 Excepta
2696 3215 2841 3269 enim
2876 3214 3290 3291 Thessalonica,
3323 3226 3377 3270 et
3413 3215 3693 3269 nonnullis

462 3325 906 3393 demonstrativae
934 3326 1075 3392 dum,
1110 3326 1181 3380 Dc
1210 3328 1540 3396 processione
1586 3327 1816 3395 Spiritus
1864 3329 2034 3381 sancti

459 3422 651 3465 contra
685 3411 933 3477 Latinos,
965 3413 1151 3469 Graece
1192 3424 1425 3468 tantum.
1473 3415 1707 3484 Scripsit
1740 3417 1905 3470 etiam
1937 3415 2036 3469 Re-

459 3504 749 3573 futationes
789 3507 857 3557 ad
891 3504 1120 3560 Joannis
1157 3505 1306 3560 Vacci
1341 3506 1708 3576 EpigMphas,
1742 3509 1808 3562 de
1840 3507 2031 3561 eodem

460 3604 810 3663 argumento,
847 3596 1023 3650 editas
1061 3596 1246 3652 Gratce
1279 3608 1331 3652 ct
1364 3596 1578 3663 Latine,
1612 3598 1909 3667 interprete
1936 3599 2034 3651 Ar-

458 3687 646 3750 cudio,
683 3702 806 3741 cum
837 3687 1309 3757 ResponsiOnibus
1345 3689 1706 3744 Bessarionis.
1739 3689 1853 3742 Alia
1892 3703 2031 3758 quo-

459 3794 568 3848 que
614 3781 901 3852 scripsisse
932 3796 1040 3835 non
1076 3781 1266 3837 dubito
1296 3781 1572 3837 hominem
1601 3783 2028 3854 nugacissimum

2135 3305 2188 3357 in
2236 3314 2418 3359 monte
2454 3305 2602 3359 Atho
2633 3308 3002 3370 monasteriis,
3051 3308 3233 3361 nullus
3254 3323 3316 3362 es
3350 3306 3553 3362 Graecis
3602 3309 3706 3362 hoc

2133 3394 2256 3457 navi,
2281 3394 2398 3472 jam
2439 3395 2729 3463 praedictos
2759 3397 2952 3464 dignos
2984 3407 3131 3451 tanta
3180 3399 3706 3454 commemoratione

2131 3485 2451 3550 existimat;
2487 3489 2597 3541 imo
2627 3487 2792 3540 etiam
2826 3489 3046 3542 decreto
3085 3490 3305 3542 vetitum
3337 3500 3441 3552 est,
3483 3504 3550 3543 ne
3579 3489 3705 3556 quis

2131 3575 2187 3627 in
2221 3585 2495 3642 posterum
2531 3578 2596 3630 de
2628 3577 2697 3630 iis
2725 3571 2899 3632 bﬂicia
2928 3579 2981 3631 itt
3015 3579 3257 3633 Ecclesia
3289 3579 3547 3643 celebret,
3577 3579 3702 3632 licet

2129 3670 2196 3719 de
2233 3666 2451 3720 Palama
2486 3666 2720 3721 ollicium
2748 3669 2817 3721 ab
2842 3668 2988 3721 illius
3025 3678 3187 3723 secta:
3216 3669 3399 3738 aliquo
3431 3685 3526 3738 per
3555 3683 3708 3735 sutu-

2134 3775 2282 3813 mum
2323 3770 2472 3815 uetas
2501 3760 2553 3814 in
2589 3761 2790 3815 Triodo
2820 3760 3028 3814 editum
3055 3759 3239 3815 fuerit.

1482 4147 1627 4233 DE
1707 4145 2115 4237 EODEM
2217 4145 2678 4232 PALAMA

702 4359 790 4416 Ex
846 4354 1134 4431 ejusdem
1192 4352 1397 4414 Allatii
1451 4369 1645 4430 opere
1701 4352 1782 4409 De
1832 4348 2126 4410 Ecclesia:
2172 4348 2596 4411 Occidentalis
2646 4359 2704 4410 et
2743 4349 3090 4413 Orientalis
3120 4359 3436 4430 perpetua

1297 4453 1722 4527 consensione,
1760 4451 1956 4527 lib.u,
1991 4468 2128 4531 cap.
2169 4454 2267 4525 17,
2305 4468 2483 4513 num.
2510 4453 2570 4527 2,
2599 4470 2739 4532 pag.
2784 4453 2924 4515 828.

501 4838 506 4840 _
536 4780 602 4836 ll.
647 4780 753 4836 Sed
785 4796 909 4836 cum
939 4779 1168 4845 videam,
1207 4778 1258 4832 in
1293 4779 1484 4833 harum
1511 4794 1694 4832 rerum
1723 4775 2038 4831 narratione
2070 4775 2114 4831 ι)
2143 4777 2364 4846 scriptis
2395 4775 2560 4832 etiam
2609 4773 2795 4839 editis,
2835 4787 3024 4828 eorum
3061 4775 3405 4844 aliorumque
3456 4777 3714 4846 plurimo-

470 4890 577 4928 non
610 4886 802 4926 omnes
827 4871 1146 4935 convenire,
1174 4883 1374 4937 neque,
1398 4867 1529 4937 quid
1562 4867 1796 4929 senserit
1826 4866 2044 4919 Barlaa-

469 4982 609 5028 ntus,
652 4964 781 5035 quid
815 4963 1154 5032 Acindynus,
1206 4970 1262 5016 et
1302 4959 1432 5028 quid
1479 4960 1714 5029 denique
1761 4957 2034 5023 Palamas,

465 5067 650 5126 aperte
685 5056 891 5118 dicere,
939 5053 1033 5108 sed
1079 5051 1359 5106 veritatem
1417 5051 1722 5105 mendaciis
1759 5049 2033 5104 contami-

466 5164 616 5212 nare,
650 5145 1048 5201 immorandum
1076 5153 1161 5198 est
1182 5143 1460 5212 paululum
1487 5143 1773 5198 referendo
1797 5143 2034 5211 negotio,
2085 5159 2094 5168 -·

467 5242 692 5294 minimc
717 5239 1013 5299 incurioso,
1040 5250 1140 5290 nec
1172 5234 1425 5288 omnibus
1452 5234 1634 5289 obvio.
1658 5235 1905 5290 Accessit
1935 5236 2034 5288 ita-

465 5348 569 5401 que
599 5331 914 5401 Byzantium
952 5329 1272 5384 Barlaamus
1303 5326 1554 5390 Calaber,
1592 5343 1698 5380 non
1753 5328 1914 5382 rebus
1945 5341 2034 5381 ec-

465 5424 786 5480 clesiasticis
825 5431 1060 5486 tantum,
1095 5421 1190 5477 sed
1215 5417 1612 5490 pltilosOpbicis
1645 5420 1809 5473 etiam
1846 5420 2030 5473 scicn-

464 5519 553 5572 tiis
583 5516 818 5581 nobilis;
855 5515 1080 5583 inquirit
1105 5514 1160 5568 in
1193 5513 1607 5575 monachorum,
1638 5527 1829 5566 eorum
1859 5513 2031 5580 potis-

465 5611 687 5669 simum,
723 5605 815 5676 qui
850 5621 909 5659 se
951 5605 1293 5673 Ἦσυχαστὰς
1327 5618 1357 5656 a
1394 5608 1596 5671 quiete,
1623 5612 1677 5656 et
1705 5602 1890 5656 animo
1923 5603 2030 5656 im-

464 5699 781 5770 perturbata
803 5695 1214 5763 nuncupabant,
1241 5694 1430 5755 vitam,
1459 5692 1706 5746 instituta
1731 5690 2030 5753 examinat,

461 5791 653 5848 orandi
689 5790 853 5843 etiam
889 5787 1109 5841 modum
1143 5787 1469 5856 "perpendit,
1515 5794 1589 5847 et,
1625 5783 1748 5838 c‘um
1783 5784 2028 5852 qua-dant

463 5884 826 5949 observasset,
871 5895 992 5950 qua:
1042 5879 1146 5948 ipsi
1180 5893 1286 5932 non
1330 5891 1502 5948 usque
1559 5876 1695 5931 adeo
1733 5876 2027 5945 placerent,

2141 4883 2264 4922 rum
2288 4868 2590 4923 insimulat.
2631 4864 2878 4932 Namque
2909 4881 3026 4931 eos,
3062 4875 3121 4920 ut
3151 4867 3407 4922 Euchitas
3434 4879 3486 4921 et
3509 4867 3714 4923 Massa-

2139 4960 2338 5027 lianos,
2366 4969 2612 5014 veterum
2644 4957 3029 5013 hatreticorum
3064 4959 3448 5028 appellatione,
3490 4970 3544 5014 et
3577 4975 3711 5014 nova

2096 5035 2104 5043 ’
2151 5049 2623 5120 Ὀμφαλοψύχους,
2657 5048 3114 5106 Umbilicanimos.
3146 5051 3544 5103 condemnavit.
3575 5049 3713 5114 Quid

2139 5141 2384 5196 Euchitas
2415 5140 2842 5209 Massalianique
2857 5137 3341 5201 fuerint,veterum
3389 5141 3712 5207 scriptorum

2135 5232 2258 5286 libri
2287 5232 2420 5288 satis
2449 5233 2542 5287 tibi
2574 5241 2886 5301 suggerent.
2923 5233 2994 5285 De
3025 5231 3534 5300 Omphalopsycltis,
3565 5232 3709 5298 quo=l

2143 5339 2248 5377 non
2279 5324 2351 5377 ita
2392 5339 2452 5378 se
2495 5324 2676 5386 habet,
2711 5321 3226 5392 aliquiddicemus.
3266 5323 3448 5389 Neque
3472 5323 3613 5375 enim
3643 5323 3714 5374 ita

2141 5431 2236 5470 eos
2259 5418 2474 5471 vocavit
2494 5413 2834 5478 Barlaamus,
2854 5415 3017 5468 veluti
3037 5413 3213 5494 ventri
3235 5411 3464 5474 deditos,
3486 5419 3540 5464 et
3557 5409 3710 5478 quasi

2138 5512 2375 5566 animam
2413 5511 2466 5563 in
2489 5520 2676 5564 ventre
2718 5508 2978 5571 ferentes,
3020 5523 3084 5560 eo
3112 5507 3270 5560 modo
3294 5520 3402 5572 quo
3423 5504 3550 5556 olim
3587 5501 3712 5554 Ter-

2141 5604 2426 5664 tullianus,
2449 5604 2513 5656 ad
2534 5603 2850 5656 Montanum
2877 5611 3274 5673 transgressus,
3293 5597 3558 5667 appellare
3575 5595 3713 5650 sole-

2138 5695 2232 5749 bat
2264 5696 2604 5749 orthodoxos
2654 5695 2942 5762 psyclticos,
2997 5691 3282 5755 animales,
3320 5687 3706 5758 voluptnarios,

2135 5797 2241 5840 etc.
2262 5795 2318 5840 ut
2356 5783 2735 5854 ὀμφαλόψυχοι
2767 5784 2878 5838 sittt
2905 5782 3270 5852 gastrimargi,
3310 5792 3360 5832 et
3395 5779 3536 5847 quod
3571 5777 3711 5843 Apo-

2135 5877 2308 5932 stolus
2336 5877 2432 5943 ait,
2478 5874 2686 5931 l’etttrcs
2720 5877 2876 5946 pigri.
2912 5875 3062 5932 Licet
3107 5875 3248 5930 enim
3296 5872 3562 5944 Grcgoras
3587 5883 3710 5922 eos-
