4046 6524
201 867 232 884 ν

335 342 440 404 9οΞ

1488 333 1936 398 (ὶΒΑΞΕῡΒυΜ
1980 330 2451 396 SENTENTUE.

3506 328 3608 396 006

336 457 725 526 promiserant.
764 456 842 508 An
868 456 1155 525 propterea
1182 450 1344 506 etiam
1389 450 1571 521 aliquo
1593 451 1756 506 modo
1785 464 1911 505 sua-
1948 448 1992 507 Δ
2019 447 2134 501 lmo
2171 444 2434 501 adversus
2466 440 2851 497 Monembasiae
2882 437 3329 511 Hypopsephium
3362 440 3604 512 synoda-

330 549 448 602 deri
500 547 603 602 sibi
655 561 849 617 passus
905 555 983 601 est
1028 543 1319 599 Palamas?
1374 540 1754 614 Nequaquam.
1812 540 1919 597 Sed

330 639 501 703 idem,
531 637 623 707 qui
681 637 834 707 prius
901 646 1042 702 erat,
1082 632 1419 706 permansit;
1471 647 1645 702 neque
1700 631 1767 683 ad
1821 643 1924 684 nos

330 732 593 787 accedere
647 730 837 794 voluit,
897 730 1024 785 licet
1075 728 1400 792 accersitus,
1458 741 1635 796 neque
1696 724 1765 780 de
1814 724 1921 778 do-

330 825 610 897 gmatibus
646 823 951 878 disserendi
981 822 1142 877 ﬁnem
1187 821 1367 875 facere
1402 837 1417 887 ;
1477 820 1733 875 detentus
1796 832 1926 871 vero

325 934 393 971 ea
415 919 649 982 ratione,
679 932 786 986 qua
815 915 931 969 ﬁeri
966 913 1164 984 potuit,
1191 927 1291 968 nec
1315 913 1388 967 ita
1425 910 1654 982 quievit.
1697 909 1793 964 sed
1825 905 1924 961 ad-

330 1007 442 1061 huc
482 1005 656 1073 magis
683 1018 746 1058 ac
776 1003 948 1073 magis
980 1002 1233 1073 proprias
1263 1001 1565 1058 sententias
1593 997 1926 1070 promulgat-

330 1100 398 1155 de
428 1098 610 1169 ptenis
639 1096 743 1151 sibi
776 1096 1041 1166 injunctis
1073 1109 1268 1165 parum
1305 1093 1685 1154 sollicitus,-ut
1707 1106 1773 1145 ex
1805 1105 1928 1144 om-

330 1192 493 1246 nibus
531 1189 775 1260 conSpici
809 1187 1100 1258 colligique
1131 1194 1309 1255 potest
1330 1201 1361 1240 a
1389 1185 1632 1240 veritatis
1663 1191 1929 1251 amatore,

331 1298 360 1337 a
392 1282 688 1353 principio.
725 1281 960 1351 propriae
1000 1278 1288 1337 electionis
1309 1288 1364 1334 et
1398 1277 1642 1333 audacizc
1668 1286 1722 1332 et
1739 1284 1932 1332 contu-

335 1373 525 1427 maciae
559 1374 833 1439 morbum,
866 1372 1149 1427 Palamam
1183 1372 1235 1426 in
1272 1371 1471 1428 similia
1492 1371 1760 1425 excitasse
1802 1382 1928 1423 cum

336 1464 522 1519 omnia
571 1464 657 1517 vir
703 1467 930 1531 audeat,
959 1464 1054 1533 qui
1105 1464 1304 1518 nedum
1344 1463 1671 1525 sententiam
1710 1476 1931 1532 permu-

335 1557 492 1623 tarit,
538 1559 632 1614 sed
666 1557 946 1613 mmdicus
978 1556 1084 1612 sibi
1116 1555 1250 1613 visis
1271 1554 1577 1621 adhaerens,
1601 1555 1666 1610 ad
1690 1556 1928 1624 seipsum

337 1648 667 1719 compellere
729 1649 1061 1718 trahereque
1123 1656 1359 1704 conatur
1415 1659 1777 1717 quoscunque
1829 1644 1931 1700 hac

340 1759 439 1798 sua
469 1743 729 1812 opinione
765 1741 1007 1797 irretitos
1033 1740 1500 1797 animadverterit.
1545 1740 1620 1795 De
1679 1754 1789 1809 quo
1855 1736 1933 1791 nil

342 1833 545 1889 mirum
584 1840 690 1896 est,
733 1832 779 1887 si
815 1832 983 1888 homo
1015 1833 1138 1888 talis
1174 1833 1514 1903 pervicaciaa,
1539 1832 1658 1887 sine
1695 1830 1808 1886 ullo
1839 1844 1925 1884 re-

343 1927 544 1988 medio,
578 1916 1052 1992 perseveretzsed
1100 1940 1353 1996 magnum
1419 1933 1476 1980 et
1536 1922 1651 1981 fere
1709 1928 1925 1979 ostento

344 2020 455 2071 neu
481 2015 763 2083 dissimile,
796 2016 840 2070 si
869 2017 1019 2086 quis,
1074 2017 1248 2072 donec
1279 2014 1368 2071 ille
1419 2017 1493 2070 ita
1524 2014 1710 2078 sentit,
1765 2029 1923 2085 opem

347 2105 489 2161 ferre
542 2107 794 2175 voluerit,
850 2123 1067 2177 unaque
1116 2122 1181 2162 ac
1245 2106 1335 2163 ille
1383 2108 1609 2171 sentire,
1668 2104 1927 2161 Ecclesia:

347 2197 441 2254 Dei
471 2199 789 2253 adversans.
824 2196 935 2253 Nos
960 2198 1129 2263 enim,
1171 2207 1294 2253 utut
1322 2211 1381 2263 se
1410 2195 1670 2259 habeant,
1698 2210 1820 2266 qua:
1856 2195 1926 2251 ab

343 2292 534 2347 eodem
563 2306 689 2346 cum
721 2290 1012 2347 Barlaamo
1043 2292 1360 2347 decertante
1392 2297 1519 2346 ante
1540 2288 1773 2345 Tomum
1796 2301 1928 2343 con-

348 2384 553 2455 scripta
581 2382 819 2452 fuerant,
847 2391 904 2439 et
933 2391 1057 2454 post
1083 2382 1343 2449 Tomum,
1390 2390 1590 2453 pra:ter
1611 2381 1726 2453 jam
1781 2378 1926 2435 dicta

351 2479 458 2534 duo
482 2478 661 2548 capita
703 2478 1040 2542 examinata,
1066 2491 1248 2547 neque
1277 2475 1532 2532 volumus
1558 2488 1730 2544 neque
1755 2471 1927 2529 susti-

346 2585 545 2626 nemus
577 2569 808 2636 audire,_
839 2568 933 2623 sed
984 2567 1197 2623 abunde
1248 2566 1407 2621 nobis
1450 2563 1729 2622 sulﬁciunt
1781 2562 1927 2619 dicta

345 2661 592 2727 Patrum,
625 2670 684 2716 ut
709 2667 985 2726 tenentur,
1036 2658 1183 2714 etab
1222 2657 1473 2714 Ecclesia
1516 2655 1613 2711 Dei
1644 2669 1926 2724 exponun-

348 2763 460 2819 tur,
486 2752 781 2809 schismata
820 2750 1063 2815 reveriti,
1105 2749 1291 2820 qualia
1341 2749 1395 2804 in
1438 2746 1712 2803 similibus
1775 2745 1926 2801 nasci

344 2849 740 2901 consuescunt.
770 2841 1016 2897 Breviter
1036 2856 1165 2910 ergo
1197 2854 1297 2895 nos
1351 2837 1707 2909 exposuimus
1772 2850 1928 2891 sum-

347 2953 497 2993 mam
531 2937 587 2992 in
618 2936 722 2991 hac
751 2935 1001 2993 veritatis
1032 2948 1198 2990 causa
1226 2931 1294 2987 de
1330 2930 1545 2987 duobus
1579 2928 1930 2987 solummodo

345 3030 644 3100 capitibus,
668 3029 847 3099 neede
870 3027 981 3081 ullo
1007 3026 1115 3081 alio
1143 3024 1405 3088 svnodale
1431 3038 1663 3079 examen
1687 3021 1932 3087 ﬁnitum,

2027 538 2096 594 lis
2129 536 2272 593 actio
2308 534 2687 591 haesitantibus
2728 536 2861 590 satis
2897 534 3076 599 fuerit,
3106 535 3194 589 illa
3223 537 3387 591 etiam
3417 550 3612 606 praeter
3642 582 3643 589 η

2030 629 2134 683 alia
2159 629 2214 683 in
2245 626 2698 682 condemnatioue
2725 624 3041 694 praeferens,
3110 625 3385 695 maiestati
3435 629 3609 699 impeb

2029 723 2148 778 riali
2182 720 2457 776 infensum
2483 719 2677 782 fuisse,
2708 726 2763 772 ct
2795 720 3035 788 gaudere
3065 728 3119 773 et
3167 720 3611 778 addictissimnm

1984 850 1989 853 μ
2030 828 2150 869 esse
2175 812 2456 867 sententiis
2487 811 2715 865 Palamaa
2736 822 2859 881 post
2888 809 3119 865 Tomum
3142 811 3374 879 editum,
3406 822 3461 869 et
3492 831 3613 885 poe-

2033 924 2131 966 nas
2163 923 2256 978 per
2278 923 2400 962 eum
2429 913 2615 962 contra
2652 906 2819 963 hosce
2858 902 3183 977 publicatas.
3212 927 3230 958 ι
3266 904 3382 975 His,
3417 918 3475 962 ut
3499 909 3614 979 jam

2033 1000 2203 1065 vides,
2244 999 2436 1063 lector,
2486 998 2802 1053 Barlaamus
2833 1000 3227 1054 condemnatus
3255 1000 3518 1057 asseritur
3552 1005 3618 1057 de

2033 1092 2248 1146 duobus
2278 1091 2570 1160 capitibus.
2608 1090 2858 1145 Palamas
2891 1091 3177 1147 absolutus
3209 1108 3315 1147 non
3348 1103 3450 1158 est,
3500 1103 3613 1150 tum

2035 1182 2316 1257 Barlaamo
2366 1191 2478 1236 tum
2530 1182 2768 1237 Pal-tnta:
2812 1183 3088 1238 silentium
3159 1186 3225 1238 de
3271 1186 3618 1258 dogmatibus

2035 1275 2358 1344 imponitur.
2389 1275 2789 1331 Condemnatio
2820 1276 2909 1331 illa
2941 1278 3216 1348 quomodo
3245 1295 3301 1335 se
3339 1280 3618 1345 habuerit,

2035 1386 2141 1424 non
2174 1371 2362 1439 liquet.
2413 1370 2551 1436 Quid
2584 1385 2712 1439 ergo
2737 1370 2897 1426 nobis
2932 1372 3354 1429 Cantacuzenus
3409 1385 3516 1429 tam
3550 1376 3619 1429 tio

2037 1463 2317 1519 Barlaamo
2340 1479 2501 1535 quam
2533 1464 2600 1519 de
2640 1464 2859 1519 Palama
2905 1466 3041 1521 adeo
3069 1468 3279 1522 diversa
3352 1469 3615 1524 obtrudit.

2038 1556 2375 1627 Nicephorus
2409 1555 2702 1626 Gregoras,
2736 1557 2987 1613 oculatus
3038 1559 3203 1613 etiam
3274 1558 3389 1629 ipse
3440 1561 3615 1625 testis,

2039 1647 2226 1711 refert,
2254 1647 2321 1701 de
2341 1648 2592 1717 degmate
2618 1649 2752 1703 nihil
2786 1660 2968 1704 actum
2999 1665 3144 1714 esse,
3176 1651 3245 1706 ob
3275 1653 3617 1720 praesentiant

2040 1741 2306 1810 imperitae
2332 1740 2733 1809 multitudinis;
2784 1752 2920 1809 tum,
2970 1757 3038 1797 ne
3068 1742 3356 1813 theologia:
3414 1758 3620 1815 mystc-

2039 1833 2120 1886 ria
2143 1831 2391 1902 profanis
2430 1833 2576 1903 vulgi
2612 1834 2841 1889 auribus
2897 1836 3323 1906 ingererentur;
3370 1847 3508 1899 tum,
3555 1856 3621 1891 ne

2033 1919 2304 1985 Palamas,
2329 1931 2525 1977 contra
2553 1922 2870 1993 disputante
2908 1925 3220 1987 Barlaamo,
3281 1926 3619 1997 bla~phenne

2034 2018 2297 2072 doctrinae
2327 2015 2786 2081 convinceretur;
2816 2018 3086 2088 synodum
3142 2033 3292 2079 vero.
3335 2020 3515 2073 lumen
3564 2020 3617 2072 in

2031 2098 2326 2169 Thaborio,
2376 2107 2707 2170 increatum,
2740 2119 2794 2162 et
2817 2108 2994 2177 ipsum
3023 2112 3271 2164 naturate
3301 2110 3392 2164 Dei
3433 2111 3619 2165 lumen

2030 2196 2221 2262 fuisse,
2247 2198 2464 2253 dilhcile
2484 2199 2727 2253 adducor
2750 2208 2808 2254 ut
2828 2201 3069 2264 credam,
3123 2202 3448 2265 decrevisse,
3498 2218 3622 2256 cum

2029 2288 2229 2344 falsum
2248 2289 2472 2344 omnino
2495 2290 2848 2346 decrevisset.
2868 2290 3141 2361 Quidquid
3166 2292 3309 2347 enim
3327 2291 3625 2348 adversarii

2030 2390 2301 2447 asserant,
2333 2380 2478 2452 quod
2503 2383 2784 2451 corporeis
2817 2383 2992 2439 oculis
3032 2384 3268 2449 videtur,
3321 2384 3624 2439 increatun.

2028 2488 2138 2529 non
2156 2483 2269 2529 est:
2289 2472 2474 2529 iumen
2494 2470 2830 2528 Thaborium
2853 2473 3134 2544 corporeis
3152 2474 3326 2530 oculis
3342 2489 3372 2527 a
3389 2473 3629 2544 diseipu‘

2031 2567 2099 2621 lis
2122 2566 2300 2623 visum
2329 2575 2412 2624 est
2432 2585 2446 2623 :
2471 2578 2610 2634 tum,
2633 2567 2898 2639 quidquid
2928 2568 3204 2636 corporeis
3223 2569 3396 2624 oculis
3415 2568 3575 2623 videte
3603 2582 3628 2619 r

2030 2668 2275 2716 creatum
2291 2669 2395 2727 est,
2421 2662 2601 2715 lumen
2620 2659 2954 2717 Thaborinm
2978 2661 3157 2716 visum
3190 2669 3292 2728 est,
3319 2677 3448 2732 ergo
3474 2678 3631 2717 crea-

2035 2764 2151 2811 tum
2173 2762 2276 2820 est,
2311 2763 2367 2810 et
2392 2754 2543 2809 nullo
2570 2754 2732 2810 modo
2760 2755 3088 2810 iucrcalum.
3122 2753 3286 2810 Plura
3311 2755 3631 2810 Philothens

2033 2846 2371 2917 patriarcha,
2400 2855 2458 2903 et
2491 2846 2671 2901 aliide
2697 2849 2799 2901 hoc
2824 2844 3055 2911 lumine,
3110 2861 3208 2916 pro
3236 2847 3471 2902 Palamae
3507 2864 3632 2902 sen-

2042 2937 2232 3002 tentia,
2260 2937 2426 2994 editis
2451 2937 2615 2993 etiam
2660 2937 2836 3003 libris,
2866 2936 3243 2994 disseruerunt
3271 2953 3285 2992 :
3315 2938 3412 2994 sed
3457 2954 3635 3009 neque

2039 3030 2199 3086 dictis
2216 3029 2563 3099 argumentis
2593 3030 2928 3099 respondent
2953 3048 2967 3097 ;
2996 3030 3328 3100 ﬁrmumque
3358 3040 3413 3086 et
3442 3033 3634 3087 incon-

343 3134 405 3181 et
447 3133 665 3194 propter
694 3122 813 3177 haec
843 3121 961 3177 sola
995 3121 1230 3192 ejectum
1260 3121 1688 3189 damnatumque
1734 3116 1935 3173 absur-
1966 3127 2010 3186 ς.
2043 3136 2265 3178 cussum
2289 3129 2416 3177 stat.
2443 3119 2723 3195 Quidquid
2750 3130 2853 3188 est,
2895 3130 2989 3176 aut
3018 3122 3158 3178 Deus
3209 3130 3313 3190 est,
3357 3130 3452 3178 aut
3479 3138 3569 3178 cre
3609 3153 3635 3166 ι-

350 3203 648 3271 dissimum
678 3214 1054 3279 Barlaamum,
1081 3222 1135 3268 et
1175 3220 1383 3267 tantam
1429 3226 1651 3283 paruam
1676 3211 1757 3265 illi
1805 3226 1836 3265 a
1859 3209 1938 3265 De

346 3308 597 3363 Ecclesia
632 3306 896 3362 inﬁictam
955 3305 1147 3361 fuiSSe.
1181 3307 1293 3361 Hos
1333 3313 1594 3361 autemet
1631 3305 1768 3359 alios
1807 3318 1935 3359 cum

343 3400 718 3467 vehementia,
741 3399 1135 3470 increpatione,
1186 3408 1243 3454 et
1266 3398 1589 3454 austeritate
1642 3398 1937 3469 spirituali,

348 3493 756 3565 impedivimus,
785 3508 854 3548 ne
878 3492 1012 3563 quid
1047 3490 1273 3546 omnino
1299 3500 1602 3558 moverent,
1630 3499 1727 3545 aut
1753 3489 1940 3561 loque-

350 3598 541 3646 rentur
569 3588 636 3643 de
655 3587 1025 3658 dogmatibus,
1060 3596 1114 3641 et
1134 3585 1326 3640 turbas
1383 3598 1450 3638 ac
1485 3582 1779 3647 tumultus,
1838 3597 1943 3638 nec

353 3697 462 3737 non
486 3681 785 3737 schismata
817 3678 913 3734 Dei
943 3678 1202 3734 Ecclesiae
1227 3675 1623 3743 conciliarent;
1665 3685 1721 3731 et
1749 3689 1938 3732 eorum

353 3788 475 3844 quae
507 3773 659 3844 prius
678 3774 744 3827 ab
762 3771 918 3843 ipsis,
954 3771 1083 3827 dum
1117 3786 1243 3827 cum
1266 3771 1552 3827 Barlaamo
1576 3770 1941 3842 disputarem,

350 3874 661 3933 autgpostea
698 3864 1168 3933 conscripserunt,
1200 3860 1413 3917 nullum
1455 3876 1687 3915 examen
1735 3859 1940 3915 factum

351 3955 529 4009 fuisse
580 3954 905 4010 asserimus.
958 3952 1073 4007 lmo
1130 3951 1322 4007 sedulo
1388 3951 1593 4007 similia
1642 3950 1943 4020 postulata,

356 4058 572 4102 tantum
603 4045 799 4114 abfuit,
825 4056 886 4101 ut
920 4044 1118 4102 tradita
1146 4044 1374 4112 fuerint,
1404 4052 1466 4099 ut
1488 4043 1654 4099 etiam
1683 4056 1809 4114 pOSt
1834 4041 1944 4097 To-

363 4156 515 4196 mum
551 4140 658 4194 alia
687 4138 1051 4194 inverecunde
1099 4137 1437 4195 sanciverint
1472 4145 1528 4192 et
1573 4134 1936 4192 decreverint.

355 4232 513 4288 Dicta
560 4249 727 4303 porro
778 4230 1002 4286 Patrqu
1056 4246 1165 4288 non
1216 4230 1521 4286 adulterata
1565 4229 1632 4284 ad
1672 4227 1945 4284 dictorum

355 4330 591 4383 duorum
611 4327 854 4397 capitum
878 4324 1196 4381 ﬁrmitatem
1226 4325 1437 4395 absque
1464 4324 1572 4379 ulla
1595 4323 1949 4378 enarratione
1986 4330 1991 4333 '

357 4432 411 4478 et
444 4420 790 4491 expositione
805 4419 1102 4488 amplexati
1128 4433 1344 4472 sumus.
1374 4415 1534 4484 Quod
1565 4416 1611 4471 si
1638 4418 1763 4487 quis
1786 4432 1848 4471 ea
1876 4417 1944 4470 ad

362 4513 642 4583 proprium
679 4526 905 4580 scopum
948 4508 1226 4564 attrahere
1281 4508 1532 4575 voluerit,
1590 4519 1646 4563 et
1685 4507 1947 4577 interpre-

362 4607 488 4673 tari,
522 4614 577 4660 et
604 4619 770 4674 super
803 4602 909 4659 illis
933 4603 1161 4669 ﬁrmari,
1189 4601 1422 4672 aliisque
1481 4602 1549 4657 de
1597 4601 1798 4671 quibus
1866 4599 1949 4653 di-

361 4708 512 4754 ctum
564 4707 671 4762 est,
722 4713 833 4754 non
882 4706 1169 4767 propterea
1223 4697 1453 4751 omnino
1500 4693 1631 4749 mali
1689 4691 1949 4747 censendi

357 4804 511 4862 sunt,
541 4794 634 4865 qui
664 4809 727 4849 ea
756 4796 831 4850 ita
871 4796 990 4850 sine
1039 4794 1146 4849 alio
1174 4794 1429 4848 examine
1471 4800 1825 4861 acceperunt.
1860 4790 1952 4845 Di-

356 4897 450 4945 cta
481 4872 628 4945 enim
660 4901 977 4945 sanctorum
1009 4888 1077 4943 iis
1106 4888 1201 4958 qui
1232 4896 1421 4942 sancte
1479 4895 1534 4942 et
1597 4886 1686 4955 pie
1747 4884 1953 4940 intelli-

358 4987 499 5050 gunt
520 4987 579 5047 et
621 4977 1037 5045 exosculantur,
1087 4978 1273 5031 lumen
1328 4985 1459 5031 sunt
1514 4976 1762 5032 veritatis
1818 4989 1948 5046 erga

356 5070 580 5139 Deum;
616 5071 709 5141 qui
731 5070 840 5125 alio
873 5070 1039 5125 modo
1068 5068 1366 5138 accipiunt,
1397 5069 1465 5125 iis
1500 5078 1629 5124 sunt
1651 5068 1948 5139 reprehen-

355 5164 449 5220 sio
476 5173 530 5219 et
550 5165 957 5219 condemnatio.
986 5160 1097 5218 Nec
1127 5162 1292 5217 etiam
1351 5161 1625 5217 obstinate
1683 5162 1947 5233 prohibe-

357 5269 511 5321 mus,
539 5269 605 5309 ne
632 5269 798 5324 super
821 5253 956 5324 ipsis
980 5262 1312 5307 sanctorum
1356 5251 1520 5306 dictis
1552 5250 1761 5329 aliquid
1792 5251 1951 5323 quis-

356 5347 510 5418 piam
536 5346 706 5413 dicat,
734 5362 857 5417 qua
890 5346 1213 5416 simpliciter
1233 5355 1286 5400 et
1307 5343 1425 5399 sine
1447 5344 1653 5415 praevio
1679 5346 1952 5412 examine,

359 5451 624 5509 tanquam
691 5449 1034 5503 sanctorum,
1101 5438 1504 5509 amplectimur.
1564 5435 1750 5493 Unum
1807 5439 1953 5494 enim

357 5539 470 5609 est,
502 5530 647 5598 quod
676 5545 705 5583 a
741 5531 902 5585 nobis
931 5539 1285 5600 procuratur,
1322 5529 1424 5585 Dei.
1444 5529 1703 5586 Ecclesia:
1729 5531 1953 5601 propria

359 5625 622 5691 dogmata
655 5632 804 5678 sarta
832 5632 974 5678 tecta
1001 5623 1339 5689 conservari,
1373 5631 1448 5689 et,
1489 5622 1952 5693 quemadmodum

358 5732 469 5773 nos
499 5731 620 5770 eam
654 5717 991 5784 accepimus,
1042 5716 1112 5769 ita
1143 5723 1198 5769 et
1246 5717 1313 5771 ad
1376 5725 1626 5787 posteros
1684 5717 1755 5771 ab
1803 5716 1953 5772 omni

363 5808 639 5866 adulterio
669 5819 723 5864 et
755 5809 931 5863 alieno
948 5808 1198 5878 dogmate
1220 5810 1519 5866 immunem
1549 5809 1943 5867 transmittere.

688 5910 957 5967 l’aruon.
1003 5908 1121 5968 Gn.
1180 5907 1295 5975 CL.

2043 3222 2202 3280 tura;
2233 3212 2279 3269 si
2299 3211 2466 3279 Deus,
2492 3227 2629 3284 ergo
2653 3226 2761 3268 non
2782 3212 3115 3284 conspicitur
3130 3213 3303 3269 oculis
3321 3214 3634 3283 corporeis:

2043 3307 2089 3363 si
2118 3317 2391 3370 creatura,
2426 3322 2533 3361 non
2571 3320 2702 3376 ergo
2747 3306 3071 3362 increatum.
3105 3304 3172 3361 Et
3209 3307 3357 3363 dicta
3387 3306 3633 3375 Patrum,

2044 3416 2168 3472 qua:
2191 3415 2287 3469 pro
2323 3401 2560 3455 Palatinae
2604 3400 2863 3470 opinione
2920 3401 3321 3472 agglomerant,
3376 3402 3628 3457 Barlaam

2045 3495 2226 3565 potius
2276 3493 2604 3548 sententiam
2640 3491 2884 3556 ﬁrmare,
2911 3492 3177 3549 latissime
3228 3492 3421 3562 probat
3470 3492 3637 3548 Joan-

2046 3601 2142 3641 nes
2164 3584 2555 3655 Cyparissiata,
2591 3598 2714 3655 cap.
2739 3584 2774 3638 ι
2805 3591 2861 3639 et
2882 3583 2917 3638 5
2949 3583 3181 3639 Decadis
3211 3591 3398 3640 sextae.
3435 3583 3639 3652 Quem-

2044 3678 2337 3732 admodum
2371 3692 2434 3731 ex
2460 3676 2567 3730 alia
2621 3683 2774 3744 parte
2803 3673 3081 3746 Iosephus
3116 3675 3445 3745 Bryennius,
3493 3686 3634 3732 orat.

2047 3768 2113 3823 de
2139 3764 2639 3838 Transtiguratione
2668 3763 2906 3829 Domini,
2935 3765 3254 3820 eorumdem
3313 3765 3474 3822 dictis
3531 3765 3635 3819 Pa-

2046 3858 2205 3914 lamae
2228 3858 2550 3915 sententiam
2583 3855 2929 3912 corroborat.
2986 3854 3127 3922 Quid
3183 3869 3314 3926 ergo
3346 3857 3636 3911 dicendum

2047 3951 2460 4008 est?Patresne
2516 3949 2620 4005 sibi
2670 3948 2903 4004 invicem
2972 3948 3245 4004 contraria
3310 3947 3640 4002 tradidisse?

2045 4046 2429 4117 Nequaquam.
2456 4042 2660 4111 Quare,
2703 4045 2780 4099 uti
2810 4043 2862 4099 in
2889 4043 3057 4099 rebus
3092 4043 3236 4109 aliis,
3288 4043 3364 4099 ita
3421 4040 3476 4095 in
3534 4040 3640 4094 hac

2045 4153 2287 4209 quoque,
2331 4138 2502 4192 media
2526 4137 2612 4191 via
2638 4135 3095 4207 progrediendum
3132 4145 3238 4200 est,
3268 4151 3335 4189 ne
3359 4150 3390 4190 a
3411 4135 3641 4190 veritate

2048 4234 2391 4295 aberremus.
2454 4229 2509 4286 ld
2537 4246 2661 4286 cum
2723 4245 2836 4287 non
2894 4231 3130 4288 assecuti
3182 4228 3418 4286 fuissent
3462 4243 3641 4298 neque

2047 4324 2872 4395 Barlaamusneque'Palamas,
2912 4324 2969 4380 in
2999 4324 3181 4382 varios
3232 4338 3453 4380 errores
3504 4323 3643 4394 lapsi

2050 4428 2198 4472 sunt.
2228 4414 2398 4471 Error
2417 4416 2605 4487 itaque
2631 4416 2820 4481 fuerit.
2863 4433 3128 4484 asserere,
3192 4417 3376 4475 lumen
3425 4417 3643 4474 illud‘in

2053 4517 2238 4565 monte
2260 4507 2535 4566 Thaborio
2564 4526 2674 4566 non
2704 4510 2878 4568 fuisse
2917 4512 3138 4567 deitatis
3187 4511 3333 4571 illius
3384 4512 3640 4582 gloriam,

2049 4615 2103 4660 et
2132 4607 2316 4663 lumen
2346 4609 2657 4679 proprium,
2700 4610 2997 4682 lumenque
3048 4614 3118 4667 ab
3167 4614 3407 4669 essentia
3456 4614 3644 4670 divina

2050 4711 2338 4767 emanans,
2387 4700 2533 4771 quod
2558 4716 2723 4757 unum
2751 4711 2806 4758 et
2855 4703 2993 4759 idem
3022 4719 3147 4760 cum
3199 4706 3438 4762 essentia
3461 4707 3647 4761 divina

2050 4800 2168 4846 erat
2229 4805 2334 4847 nec
2388 4792 2559 4860 aliud,
2609 4802 2669 4848 ut
2725 4805 2983 4851 asserunt
3032 4796 3374 4866 apertisstme
3432 4800 3644 4869 Patres,
3740 4862 3741 4865 η

2051 4881 2301 4953 Ephraem
2348 4884 2541 4957 Syrus,
2607 4885 2846 4945 Joannes
2907 4889 3298 4955 Damascenus,
3360 4894 3647 4965 Dionysius
3738 4880 3744 4889 ”

2055 4976 2413 5047 Areopagita,
2480 4979 2729 5034 Andreas
2762 4979 3067 5040 Cretensis.
3113 4984 3343 5041 Cosmas
3378 4984 3645 5052 Melodus,
3734 5008 3739 5013 ·

2056 5066 2328 5125 Maximus
2357 5070 2662 5137 confessor,
2691 5072 2928 5142 Cyridus
2955 5073 3379 5141 Alexandrinus,
3407 5077 3647 5133 Joamn-s
3724 5067 3733 5075 ’

2053 5160 2503 5233 Ctn-ysostomus,
2577 5162 2879 5235 Gregorius
2941 5163 3351 5237 Nazianzenus,
3410 5171 3647 5227 Basilms

2056 5254 2285 5325 Magnus
2312 5265 2367 5314 et
2391 5258 2730 5314 Athanasius
2779 5256 3124 5330 Synadenus.
3176 5264 3445 5335 Splendor
3498 5266 3645 5321 enim

2055 5348 2172 5415 ille,
2214 5359 2269 5407 et
2316 5354 2523 5421 lumen,
2552 5353 2673 5424 ipsa
2712 5356 2913 5414 Christi
2946 5358 3117 5415 deitas
3151 5358 3297 5415 beati
3343 5359 3466 5424 fuit,
3526 5375 3648 5431 qua:

2055 5452 2153 5508 per
2181 5441 2506 5497 miraculum
2538 5444 2607 5499 ad
2633 5443 2767 5502 illud
2802 5457 3018 5518 tempus
3040 5458 3201 5514 tecta,
3237 5464 3304 5506 ne
3335 5451 3509 5506 oculis
3541 5456 3644 5505 bu-

2056 5534 2241 5591 manis
2275 5550 2375 5589 sua
2409 5537 2697 5607 majestate
2729 5539 2989 5606 olﬁceret,
3031 5557 3094 5598 eo
3145 5543 3234 5597 die
3276 5553 3528 5601 cessante
3567 5549 3651 5601 dt-

2057 5633 2146 5679 cto
2195 5625 2462 5682 miraculo
2501 5633 2775 5700 apparuit,
2813 5643 2867 5690 et
2916 5635 3287 5705 apostolorum
3319 5637 3507 5694 oculos
3535 5642 3650 5693 cir-

2057 5718 2364 5775 cumfulsit.
2406 5719 2472 5775 Et
2517 5736 2897 5793 argumentum
2948 5729 3017 5783 de
3057 5739 3243 5785 creato
3286 5741 3339 5787 et
3403 5734 3648 5789 increato

1988 5808 2196 5905 nihil
2231 5814 2530 5871 concludit.
2565 5815 2766 5876 Verum
2811 5822 2956 5879 enim
3010 5832 3115 5893 est,
3157 5827 3333 5884 oculis
3366 5829 3647 5900 corporeis

3183 5920 3263 5981 29
