4046 6474
457 322 561 384 907

1719 315 2101 379 GREGORII
2139 318 2460 384 PALAMA!

3601 341 3692 402 9‘01

458 444 761 499 increatum
793 442 1034 513 conspici
1059 456 1164 498 nou
1196 455 1378 513 posse,
1408 451 1464 498 at
1499 440 1624 496 dum
1643 439 1786 496 oculi
1808 443 1861 495 in
1886 445 2031 495 statu
2061 438 2107 497 Δ
2134 439 2335 494 stantia
2363 440 2417 496 in
2446 455 2663 500 sanctos
2695 448 2916 506 missus.
2952 454 3149 509 Omnes
3184 455 3328 510 enim
3350 456 3536 521 sancti,
3593 467 3691 514 tam

457 548 515 595 et
551 539 865 595 conditiOne
907 546 1115 591 naturae
1162 544 1407 601 manent,
1449 533 1543 590 sed
1581 535 1651 599 si,
1679 532 1948 588 diviniore
1984 533 2035 588 vi

459 632 823 697 corroborati,
849 630 911 685 ad
942 629 1133 685 altiora
1155 631 1455 693 eleveutur,
1480 629 1554 683 nil
1572 626 1822 699 impedit,
1845 641 2040 697 corpo-

461 729 571 783 reis
604 728 753 782 hisce
785 726 959 781 oculis
992 726 1045 780 in
1077 725 1493 779 eminentiorem
1526 731 1727 776 statum
1788 720 2041 776 subleva-

463 822 554 885 tis,
586 821 842 875 deitatem
862 812 1066 888 ipsam,
1096 829 1147 873 et
1196 816 1423 887 gloriam
1474 815 1714 877 deitatis,
1756 830 1879 883 quae
1933 827 2039 866 una

461 936 586 978 cum
622 919 731 972 Deo
776 927 880 980 est,
928 914 1120 968 videri.
1171 908 1340 979 quue
1390 908 1769 978 espertissima
1830 907 2042 961 ratione

462 1012 841 1068 conﬁrmatur.
878 1008 1012 1063 Nam
1045 1007 1201 1062 beata
1234 1003 1421 1071 Virgo,
1455 1018 1617 1070 quam
1640 1001 1799 1054 modo
1831 1006 2043 1053 assitm-

460 1118 606 1177 ptam
642 1106 791 1159 canit
853 1100 1090 1156 Ecclesia
1140 1114 1265 1153 cum
1308 1111 1535 1164 cupere
1559 1094 1697 1163 ipso,
1759 1092 1926 1146 Deum
1988 1101 2044 1145 et

461 1198 799 1254 divinitatem
835 1192 1129 1265 ipsissimls
1158 1191 1333 1245 oculis
1383 1188 1684 1257 corpori-is,
1749 1185 2045 1240 sublevatis

461 1302 643 1347 tamen
685 1299 741 1345 et
778 1287 960 1342 divina
990 1285 1041 1338 vi
1068 1281 1425 1344 conﬁrmatis,
1461 1279 1717 1331 intuetur.
1780 1275 1870 1339 Et,
1924 1282 2049 1342 post

456 1386 724 1459 judicium
749 1379 1078 1459 universale,
1125 1377 1290 1440 beati,
1355 1374 1653 1443 resumptis
1701 1371 2045 1439 corporibus,

462 1480 739 1549 corporeis
765 1476 940 1532 oculis
971 1474 1197 1542 gloriam
1225 1470 1445 1525 deitatis
1483 1467 1851 1535 dz-itatemqne
1875 1466 2044 1531 ipsam

462 1574 825 1646 conspicieut.
854 1568 945 1626 Sic
964 1579 1018 1624 et
1049 1568 1137 1622 die
1164 1560 1688 1633 Trausligurationis
1711 1559 1906 1627 duplex
1942 1558 2047 1611 mi—

463 1668 707 1723 rarulum
732 1662 1048 1725 cernimus;
1100 1658 1356 1718 alterum,
1414 1671 1534 1709 cum
1578 1662 1758 1709 cessat
1822 1666 1944 1705 esse
1996 1650 2048 1703 in

463 1777 694 1831 corpore
724 1756 926 1815 Christi
959 1772 975 1822 ;
1009 1754 1268 1816 alterum,
1300 1747 1441 1819 quod
1478 1736 1875 1815 'apostolorum
1918 1757 2049 1796 ocu-

465 1855 546 1909 los
574 1852 640 1907 ad
692 1849 1016 1906 diviniorem
1036 1853 1317 1914 aspectum
1344 1840 1567 1897 excitat.
1604 1837 1678 1893 De
1704 1837 1828 1892 aliis
1847 1833 2048 1890 divinis

471 1943 781 2001 visi0nihus
808 1949 865 1996 et
920 1935 1305 2010 sptendoribus
1356 1933 1486 2003 quid
1551 1931 1905 1987 asserendum
1956 1926 2048 1993 sit,

465 2037 594 2093 alibi
642 2036 908 2090 dicemus.
959 2031 1256 2083 Damnatus
1325 2025 1514 2093 itaque
1567 2032 1650 2077 est
1692 2018 2050 2081 Barlaamus,

466 2128 612 2199 quod
644 2127 829 2180 lumen
864 2119 995 2175 illud
1047 2132 1223 2188 neque
1247 2131 1311 2171 ex
1364 2114 1546 2168 divina
1597 2110 1834 2166 essentia
1874 2124 2051 2178 neque

466 2221 709 2276 divinam
737 2213 1033 2271 essentiam
1063 2225 1187 2266 esse
1208 2206 1533 2265 allirmabat,
1560 2212 1613 2258 et
1638 2213 1897 2273 praeterea
1930 2216 2053 2256 cor-

466 2327 665 2385 porros
731 2308 919 2364 oculos
958 2319 1052 2374 per
1111 2299 1313 2356 nullam
1373 2297 1695 2352 diriuiorem
1752 2294 2050 2364 petentiam

468 2407 603 2462 adeo
629 2401 830 2459 elevari
862 2412 1045 2470 posse,
1075 2405 1134 2449 ut
1161 2394 1414 2448 deitatem
1448 2388 1815 2457 conspiciant.
1840 2386 1915 2441 Ex
1941 2401 2050 2455 quo

470 2501 642 2554 multa
680 2491 918 2550 absurda
944 2489 1098 2558 sequi
1126 2489 1178 2541 in
1211 2485 1460 2539 doctrina
1486 2478 1880 2544 ecclesiastica,
1934 2495 2051 2532 ma-

468 2589 860 2646 nifestumest.
910 2582 1003 2639 Sic
1057 2580 1206 2635 enim
1266 2576 1552 2632 tolleretur
1608 2574 1749 2629 visio
1804 2570 2055 2625 beatilica

471 2679 899 2751 postjudicium,
944 2682 1001 2730 et
1045 2672 1274 2727 aliorum
1325 2678 1641 2725 sanctorum
1713 2666 1906 2735 gloria,
1961 2663 2054 2731 qui

470 2797 621 2838 nunc
654 2779 708 2833 in
750 2773 889 2830 crelo
916 2769 1178 2824 dicuntur
1206 2766 1424 2835 degere,
1458 2766 1699 2820 divinam
1761 2763 1851 2817 Dei
1900 2772 2058 2816 natu-

472 2882 591 2924 ram
647 2859 930 2930 corporeis
986 2854 1162 2911 oculis
1204 2851 1557 2923 aspicientes.
1623 2848 1921 2901 Damnatus
1975 2853 2061 2898 est

471 2960 640 3016 etiam
669 2971 733 3010 ex
766 2955 871 3009 alia
905 2959 1076 3018 parte,
1104 2958 1159 3004 et
1194 2947 1319 3017 jure
1348 2944 1567 3009 merito,
1600 2940 1872 3006 Palamas,
1927 2938 2055 2990 dum

2140 527 2390 588 homines
2428 546 2591 605 Quam
2627 540 2824 607 angeli,
2858 542 3043 598 vident
3071 545 3291 616 quidem
3325 546 3415 602 Dei
3460 547 3689 619 gloriam.

2140 620 2406 694 temporis
2459 640 2760 698 expertem,
2821 635 3182 691 substantiam
3234 652 3360 693 vero
3385 638 3477 693 Det
3529 638 3693 694 nullus

2139 731 2325 821 neque.
2339 719 2501 775 homo
2538 739 2714 795 neque
2734 729 2961 794 angelus
2996 730 3148 795 vilit,
3172 741 3267 786 aut
3290 732 3465 787 videre
3483 739 3690 802 p"lesl.i

2142 807 2277 874 Quis
2313 810 2364 865 in
2398 823 2505 867 tam
2538 817 2726 884 paucis
2763 820 2942 875 verbis
2973 830 3049 876 tot
3080 834 3281 888 errata,
3311 835 3502 892 praeter
3546 839 3698 876 unum

2146 902 2442 970 Palamam,
2471 923 2766 979 congerere
2811 913 3113 979 potuisset?
3161 915 3365 970 Similia
3402 926 3542 981 sunt,
3589 932 3698 987 qua:

2145 1007 2390 1062 narrant,
2433 998 2773 1069 Philotheus,
2810 1006 3119 1073 patriarcha
3170 1006 3703 1078 Constantinopolita-

2145 1102 2270 1149 nns,
2296 1086 2550 1144 Callistus
2583 1094 2937 1160 Angelicndes
2968 1095 3037 1151 de
3071 1097 3338 1167 sp'rituali
3365 1100 3706 1169 participatio-

2147 1193 2236 1235 ne.
2274 1176 2641 1237 Damascenus
2672 1183 3172 1244 Thessalonicensis
3222 1190 3275 1244 in
3306 1190 3409 1246 line
3453 1193 3707 1247 concionis

2148 1272 2213 1325 de
2243 1269 2744 1344 Transtiguratioue
2773 1276 3004 1334 Domini.
3041 1280 3103 1333 Et
3137 1291 3284 1347 nota,
3317 1281 3409 1339 Dei
3435 1283 3709 1339 essentiam

2149 1362 2323 1419 beatis
2370 1380 2477 1419 non
2535 1368 2726 1438 videri,
2788 1373 2881 1425 sed
2934 1373 3120 1428 nescio
3172 1389 3337 1445 quam
3390 1376 3710 1438 claritatem;

2150 1472 2335 1511 errore
2360 1461 2587 1530 antiquo
2626 1460 3014 1530 Armenorum,
3054 1466 3213 1537 cujus
3241 1467 3485 1522 meminit
3508 1478 3712 1523 sanctus

2152 1548 2468 1619 Gregorius,
2496 1552 2592 1608 lib.
2622 1569 2754 1608 xvttt
2792 1553 3098 1620 Moralium,
3153 1570 3268 1626 cap.
3298 1557 3389 1614 57.
3436 1556 3712 1611 Datnnatur

2155 1641 2341 1710 itaque
2360 1640 2698 1731 Barlaamus,
2728 1645 3018 1700 damnatur
3050 1655 3104 1699 et
3129 1644 3398 1703 Palamas.
3436 1646 3571 1719 Ergo
3599 1657 3713 1702 tunc

2153 1737 2418 1801 temporis
2470 1734 2639 1791 (ἓνωυὶ
2675 1736 2778 1793 alia
2841 1738 2925 1793 via
2973 1735 3342 1792 ditllcultatem
3412 1748 3712 1803 evaserunt;

2158 1841 2336 1896 neque
2387 1827 2532 1881 enim
2575 1829 2881 1898 approbare
2925 1838 3182 1900 poterant
3222 1828 3372 1900 quod
3414 1833 3716 1884 condemna-

2156 1928 2300 1973 rant.
2330 1922 2511 1986 Quare
2545 1937 2768 1978 necesse
2785 1932 2887 1989 est,
2926 1938 3020 1979 eos
3047 1923 3327 1991 definisse,
3376 1919 3605 1977 divinam
3637 1933 3718 1973 es-

2155 2014 2408 2079 sentiam,
2434 2015 2557 2070 licet
2581 2016 2898 2079 iucreatam,
2931 2025 2985 2072 et
3016 2016 3207 2081 Deum,
3239 2012 3415 2071 oculis
3443 2009 3717 2081 corporeis.
3749 2014 3755 2019 ’

2158 2104 2207 2159 vi
2241 2114 2422 2161 tamen
2451 2107 2634 2163 divina
2656 2109 2974 2174 sublevatis,
3006 2119 3064 2164 ut
3110 2108 3221 2179 jam
3249 2107 3511 2170 diximus,
3564 2098 3718 2156 videri

2159 2214 2358 2271 posse;
2393 2199 2540 2271 quod
2583 2201 2637 2257 in
2679 2203 2880 2257 montis
2930 2200 3191 2273 Thaborii
3248 2199 3458 2255 lumine
3506 2194 3716 2255 arcidit;

2159 2293 2288 2347 illud
2313 2294 2456 2347 enim
2484 2294 2786 2350 increatum
2809 2310 2933 2349 cum
2967 2303 3134 2359 esset,
3157 2292 3334 2344 visum
3364 2298 3541 2343 tamen
3562 2294 3637 2340 est
3660 2283 3720 2338 ab

2161 2389 2446 2456 apostolis.
2503 2388 2604 2443 Hic
2666 2389 2941 2443 immerito
3000 2386 3411 2456 redarguuntur
3478 2392 3721 2434 annune-

2166 2483 2335 2547 mine,
2384 2498 2447 2537 ac
2502 2483 2547 2535 si
2603 2483 2978 2550 opt-rationem
3039 2479 3132 2534 Dei
3191 2492 3317 2533 esse
3355 2474 3481 2543 quid
3541 2487 3569 2526 a
3614 2472 3723 2526 sui»

2163 2574 2362 2629 stantia
2404 2573 2493 2626 Dei
2550 2572 2823 2626 diversum
2878 2570 3299 2625 existimassem.
3364 2565 3546 2636 Neque
3595 2561 3722 2617 enim

2163 2666 2615 2723 Considerandum
2646 2672 2727 2719 est
2775 2663 2829 2718 in
2861 2677 2922 2718 ea
2960 2662 3203 2726 natione,
3253 2660 3392 2732 quid
3456 2674 3591 2713 unus
3644 2659 3727 2709 aut

2162 2758 2298 2813 alter
2338 2757 2594 2836 tenuerit,
2639 2757 2731 2811 sed
2774 2755 2905 2826 quid
2937 2768 3130 2808 omnes
3162 2768 3269 2806 uno
3302 2766 3401 2806 ore
3448 2748 3723 2819 proﬁtean-

2167 2855 2273 2900 tur.
2311 2845 2375 2901 Et
2413 2862 2545 2902 sane
2578 2846 2910 2917 proﬁtentur
2952 2858 3099 2898 nunc
3131 2857 3351 2909 omnes,
3386 2841 3431 2896 si
3458 2838 3725 2894 Palamitas

2167 2941 2235 2995 ah
2266 2941 2333 2997 iis
2356 2943 2457 2995 lem
2489 2939 2713 3003 Grzncis,
2746 2928 2912 2992 veluti
2944 2935 3228 2991 hazretiros
3256 2935 3568 2992 damnatos.
3599 2925 3728 2983 eici-

472 3054 653 3108 lutnen
687 3048 843 3111 illud,
898 3055 953 3101 et
978 3041 1352 3114 operationem
1428 3036 1546 3097 Dei,
1590 3034 1867 3089 diversum
1926 3029 2056 3100 quid
2094 3054 2137 3112 α
2171 3035 2308 3104 pias,
2338 3034 2550 3096 beatos,
2584 3041 2706 3102 post
2757 3029 3053 3098 judicium,
3113 3028 3281 3081 Deum
3348 3027 3524 3094 ipsum
3577 3017 3733 3075 oculis

474 3147 544 3200 ab
569 3145 686 3212 ipso
718 3142 850 3205 Deo,
879 3134 1134 3209 quamvis
1176 3138 1510 3193 increatum,
1542 3126 1940 3188 constitueret;
1988 3131 2061 3187 et,

470 3249 596 3293 cum
631 3233 706 3287 illi
751 3232 859 3286 duo
894 3230 1160 3288 increata,
1195 3232 1249 3277 et
1287 3221 1409 3276 dua:
1465 3218 1699 3274 deitates
1758 3214 2067 3285 obiiceren-

469 3340 581 3393 tur,
609 3322 992 3395 respondebat,
1053 3317 1108 3372 id
1170 3315 1397 3370 minime
1438 3311 1695 3375 obstare;
1739 3307 1858 3362 dari
1920 3305 2065 3359 enim

470 3423 623 3496 plura
672 3420 939 3477 increata,
985 3421 1039 3469 et
1075 3409 1262 3481 plures
1310 3405 1565 3467 deitates,
1598 3403 1712 3456 imo
1773 3399 2069 3468 ἁπείρακις

471 3514 759 3585 ἀπείρους,
786 3506 942 3579 quasi
992 3504 1223 3561 diceres,
1284 3498 1536 3569 infinities
1592 3493 1854 3564 inﬁnitas,
1908 3489 2069 3543 n.odo

469 3576 815 3676 superiores.
851 3594 1014 3650 modo
1041 3591 1358 3652 inferiores,
1386 3595 1447 3641 et
1476 3599 1598 3652 quae
1625 3581 1800 3636 oculis
1852 3576 2072 3646 conspi-

470 3670 764 3758 cerentur;
797 3688 939 3760 quod
987 3686 1147 3756 plane
1187 3679 1380 3751 nugari
1421 3686 1507 3733 est
1560 3684 1615 3730 et
1667 3674 1733 3729 ad
1783 3670 2064 3744 gentilium

472 3788 731 3857 ineptias,
768 3778 961 3851 majori
993 3780 1157 3832 etiam
1191 3788 1468 3833 mensura,
1514 3769 1568 3822 in
1629 3774 1775 3820 tanta
1822 3761 2072 3817 veritatis

470 3883 614 3943 luce,
644 3874 858 3932 referri.
893 3872 1071 3939 Quare
1097 3869 1220 3939 jure
1247 3866 1414 3922 etiam
1468 3866 1605 3932 ipse,
1640 3868 1898 3928 tauquam
1959 3857 2068 3909 hae.

473 3973 682 4029 reticus
738 3976 793 4022 et
848 3965 1074 4020 deorum
1130 3958 1493 4029 plurimorum
1544 3952 1752 4006 cultum
1821 3948 2072 4001 introdu-

472 4078 623 4124 cens.
648 4060 1062 4116 condemnatur.
1090 4050 1197 4118 Qui
1226 4065 1354 4104 vero
1387 4046 1561 4102 media
1593 4042 1798 4099 insistit
1854 4042 1962 4105 via,
2018 4049 2077 4093 ut

472 4170 636 4226 supra
658 4154 924 4216 diximus,
981 4160 1105 4203 cum
1157 4142 1402 4199 Ecclesia
1458 4150 1513 4196 et
1565 4139 1776 4196 sanctis
1826 4135 2076 4190 Patribus

472 4247 662 4304 sentit.
695 4243 787 4298 Sic
810 4242 959 4296 enim
990 4238 1167 4294 deitas
1191 4236 1329 4306 ipsa,
1368 4233 1626 4303 illiusque
1650 4231 1833 4286 lumen
1864 4231 2078 4285 increaa

476 4349 616 4400 tum,
654 4334 933 4403 corporeis
964 4328 1162 4394 oculis,
1190 4326 1491 4383 sublevatis
1513 4333 1722 4389 tamen,
1769 4321 1938 4375 videri
1981 4334 2075 4387 po-

2168 3126 2444 3194 corporeis
2474 3127 2712 3181 visuros.
2764 3123 2890 3178 ideo
2934 3121 3103 3177 multa
3156 3119 3209 3173 in
3269 3118 3526 3175 Prateolo
3581 3111 3732 3170 corri-

2168 3230 2303 3290 gunt
2345 3235 2359 3273 :
2401 3217 2678 3273 Adversus
2706 3216 3051 3272 Barlaamum
3089 3225 3143 3272 et
3180 3214 3525 3286 Acindynum
3550 3219 3733 3265 nonum

2170 3314 2423 3385 generale
2460 3312 2757 3369 concilium
2794 3322 3048 3368 coactum
3083 3310 3205 3376 luit,
3233 3318 3288 3366 et
3324 3309 3649 3385 celebratum
3687 3301 3734 3353 in

2172 3407 2460 3479 praesentia
2529 3405 2675 3461 illius
2723 3404 2867 3459 beati
2912 3412 2966 3458 et
3026 3380 3741 3469 celeberrimi‘imperatoris

2171 3499 2453 3554 Michaelis
2480 3495 2804 3561 Andronici,
2848 3506 3210 3565 cognomento
3239 3490 3554 3563 Palmologi,
3586 3490 3740 3555 imps-

2173 3592 2371 3647 ratoris
2401 3589 2741 3657 Graecorum,
2770 3598 2822 3643 et
2862 3586 3092 3642 Joannis
3117 3586 3258 3655 iejus
3309 3585 3436 3640 lilii.
3472 3604 3491 3638 ι
3545 3581 3739 3637 Nullum

2174 3700 2239 3739 ex
2268 3682 2428 3738 dictis
2451 3680 2703 3737 conciliis
2738 3678 2990 3750 generale
3053 3677 3192 3747 initi;
3237 3677 3453 3732 nullum
3508 3674 3605 3731 sub
3652 3670 3741 3725 Mi-

2174 3776 2361 3833 chaele
2388 3775 2656 3829 habitum.
2684 3771 2925 3827 Jonnnes
2957 3769 3313 3839 Palaeologus,
3375 3768 3469 3841 qui
3525 3761 3745 3822 subscri-

2178 3871 2304 3942 psit,
2334 3884 2445 3925 uon
2472 3867 2749 3923 Michaelis
2793 3864 3103 3934 Pal:eol0gi,
3161 3863 3255 3920 sed
3298 3861 3593 3917 Andronici
3662 3857 3744 3925 ju-

2180 3964 2348 4021 uioris
2381 3961 2526 4019 ﬁlius
2562 3961 2665 4016 fuit
2696 3979 2708 4015 :
2734 3959 2827 4029 qui
2868 3975 2991 4013 cum
3021 3957 3074 4011 in
3123 3956 3423 4013 schismate
3471 3950 3661 4009 vixerit
3697 3953 3745 4001 et

2178 4058 2395 4120 obierit,
2433 4054 2633 4111 frustra
2663 4053 2851 4108 beatus
2874 4052 3207 4105 nominatur.
3235 4048 3521 4105 Prateolus
3547 4063 3561 4100 :
3587 4041 3744 4097 «Cen-

2181 4152 2377 4207 sebant
2402 4151 2516 4214 isti,
2560 4148 2746 4212 modo,
2782 4147 2992 4201 nullum
3022 4161 3143 4201 esse
3176 4144 3476 4199 discrimen
3500 4144 3553 4197 in
3579 4138 3740 4194 divina

2182 4249 2399 4304 natura,
2426 4237 2758 4302 substantia,
2789 4245 2842 4289 et
2870 4234 3108 4302 eﬂ'ertu;
3151 4234 3245 4291 sed
3292 4233 3437 4289 idem
3470 4247 3611 4293 esse,
3660 4239 3745 4281 nec

2183 4331 2462 4385 diversum
2501 4327 2707 4384 :modo
2741 4326 3105 4382 diﬂ‘erentiam
3170 4340 3297 4381 esse
3346 4321 3743 4396 proﬁtebantur,

482 4430 608 4485 terit
643 4428 811 4496 quue
842 4438 966 4480 cum
1020 4421 1122 4492 ipsi
1177 4436 1283 4475 non
1315 4420 1677 4490 perciperent.
1712 4431 1820 4472 non
1858 4422 2061 4466 tantum

2185 4424 2549 4479 substantiam
2585 4433 2770 4478 tamen
2804 4422 3143 4486 incrcatam;
3192 4419 3313 4487 ejus
3348 4394 3546 4473 tantem
3579 4426 3721 4469 essen

478 4524 733 4581 Palamas
762 4519 896 4590 ipse,
929 4517 1021 4571 sed
1039 4512 1133 4570 alii
1162 4521 1421 4585 praeterea
1449 4510 1543 4582 qui
1572 4524 1699 4565 eum
1729 4507 1900 4563 secuti
1927 4511 2077 4565 sunt,

478 4618 608 4673 dum
636 4614 847 4683 scipsos
879 4624 911 4665 a
964 4607 1284 4665 diﬂicultate
1330 4606 1606 4661 extricare
1654 4607 1949 4661 conantur,
2013 4593 2068 4649 in

475 4710 615 4765 alios
639 4718 802 4779 atque
834 4705 973 4761 alios
1021 4717 1236 4760 errores
1301 4697 1541 4771 prolapsi
1607 4700 1758 4750 sunt.
1804 4689 2075 4746 Audiatur

484 4800 657 4856 David
679 4799 1010 4863 monachus,
1043 4796 1097 4850 in
1129 4794 1418 4850 Relatione
1442 4792 1511 4845 de
1541 4786 1771 4844 dissidio
1803 4783 2073 4840 Barlaami

477 4905 533 4948 et
556 4891 983 4947 Palam-.ez”t)n
1016 4889 1161 4942 θεῖον
1216 4887 1319 4956 μὲν
1378 4883 1495 4937 ἔστι
1556 4880 1653 4935 καὶ
1702 4878 1961 4933 ἀκτιστον
2011 4875 2075 4929 τὸ

480 4984 597 5056 φῶς
627 4984 807 5037 ἐκεῖνο
831 4982 927 5037 καὶ
954 4980 1146 5048 Oed-cn;
1174 4978 1326 5048 παρὰ
1358 4975 1471 5029 τῶν
1502 4973 1675 5042 ἁγίων
1721 4969 2073 5042 ὀνομάζεται,

485 5078 588 5132 οὐκ
630 5075 748 5129 ἐστι
778 5077 874 5129 καὶ
897 5074 1057 5128 οὐσία
1090 5070 1250 5134 Θεοῦ,
1302 5067 1419 5124 ἀλλ’
1441 5067 1717 5136 ἐνέργεια,
1768 5065 1862 5118 καὶ
1891 5063 2074 5133 χάρις,

483 5170 582 5224 καὶ
611 5168 760 5234 δόξα,
794 5167 890 5222 καὶ
918 5164 1244 5236 λαμπρότης
1290 5163 1357 5214 ὲκ
1408 5159 1511 5229 τῆς
1551 5157 1701 5220 θείοις
1752 5155 1945 5218 οὐσίας
1995 5155 2076 5217 εἰς

482 5262 613 5326 τοὺς
653 5261 846 5331 ἁγίους
882 5257 1237 5328 πεμπομένη.
1264 5256 1330 5308 Ol
1372 5253 1482 5323 γὰρ
1511 5254 1657 5322 ἇγιοι
1716 5252 1919 5319 πάντες
1980 5248 2073 5303 καὶ

483 5355 797 5427 ἄνθρωποι,
835 5353 933 5408 καὶ
970 5351 1195 5421 ἄγγελοι
1253 5349 1413 5417 δόξαν
1473 5348 1575 5418 μὲν
1631 5348 1862 5418 ἄχρονον
1910 5344 2072 5416 ὁρῶσι

440 5490 445 5495 .
483 5449 581 5503 τοῦ
606 5448 766 5510 Θεοῦ,
792 5446 887 5501 καὶ
917 5445 1080 5516 χάριν
1114 5442 1283 5496 ἀΐδιον
1343 5440 1618 5511 δέχονται,
1684 5440 1780 5493 καὶ
1830 5436 2069 5507 δωρεὰν,

486 5542 677 5596 οὐσίαν
707 5541 764 5595 δὲ
798 5537 934 5593 Θευῦ
982 5534 1159 5598 οὐδείς
1200 5550 1330 5589 ποτε
1378 5533 1688 5604 ἄνθρωπος,
1721 5531 1846 5585 οὔτε
1907 5530 2082 5597 ἄγγε-

486 5635 599 5703 λος,
627 5634 752 5690 οὔτε
777 5630 907 5698 εἶδε,
950 5629 1074 5685 οὔτε
1114 5629 1244 5683 ἰδεῖν
1268 5628 1517 5683 δύναται.
1553 5644 1572 5678 ι
1637 5625 1702 5679 Et
1730 5625 1952 5696 quidem
1995 5622 2085 5677 lu—

492 5746 614 5785 men
644 5730 794 5795 illud,
830 5726 1075 5782 divinum
1095 5733 1143 5779 et
1177 5724 1478 5778 increatum
1505 5730 1558 5776 ct
1611 5719 1787 5775 deitas
1826 5734 1856 5772 a
1878 5715 2085 5773 sanctis

494 5826 831 5889 nominatur,
870 5824 965 5878 sed
993 5837 1099 5876 non
1135 5831 1218 5876 est
1248 5820 1553 5875 substantia
1589 5816 1704 5883 Dei,
1742 5816 1838 5871 sed
1887 5829 2081 5882 opera-

496 5918 569 5974 tio
601 5929 654 5975 et
693 5919 864 5988 gratia
890 5926 942 5972 et
972 5915 1164 5988 gloria,
1194 5922 1246 5971 ct
1273 5912 1530 5985 splendor
1578 5928 1643 5967 ex
1699 5909 1886 5965 divina
1947 5923 1971 5963 s

2186 4518 2346 4572 tiales
2368 4516 2642 4577 actiones,
2694 4523 2746 4569 et
2770 4513 3070 4575 naturales,
3107 4511 3419 4567 sentiebant
3449 4522 3571 4563 esse
3590 4504 3750 4560 diver-

2174 4619 2286 4667 sas,
2315 4619 2423 4659 non
2452 4612 2632 4658 tamen
2663 4604 2959 4666 inrreatas,
2980 4601 3072 4657 sed
3090 4610 3325 4656 creatas.
3353 4618 3372 4652 ι
3395 4597 3539 4653 Nihil
3574 4595 3751 4650 horum

2177 4697 2464 4752 Barlaamo
2489 4707 2541 4752 et
2576 4695 2863 4766 Acindyno
2917 4695 2971 4749 in
3004 4703 3242 4749 mentem
3301 4691 3475 4755 venit,
3522 4696 3576 4744 et
3620 4678 3749 4739 aliud

2177 4791 2299 4846 illos
2335 4788 2658 4853 aﬂirmasse,
2710 4801 2776 4841 ex
2830 4800 3022 4840 eorum
3083 4780 3512 4840 Commentariis
3549 4777 3749 4847 planum

2177 4891 2286 4939 est.
2329 4881 2605 4952 Quidquid
2640 4888 2820 4935 tamen
2847 4878 2940 4944 sit,
2972 4879 3130 4947 pulso
3170 4875 3385 4931 Joanne
3434 4865 3748 4944 patriarcha,

2180 4977 2597 5046 subrogatoque
2636 4972 2869 5033 Isidoro,
2897 4969 3180 5026 Palamitis
3241 4965 3639 5025 addictissitno,
3678 4955 3751 5009 fa-

2185 5084 2315 5121 vore
2339 5068 2502 5122 etiam
2528 5064 2878 5134 imperatoris
2909 5059 3311 5121 Cantacuzeni.
3363 5056 3458 5127 qui
3487 5047 3752 5122 imperium

2183 5158 2627 5222 administrabat,
2665 5157 2801 5212 adeo
2856 5155 3103 5227 Byzantii
3162 5151 3555 5207 Palamitarum
3608 5136 3753 5198 tactio

2186 5253 2436 5320 invaluit,
2468 5261 2529 5306 ut
2576 5250 2710 5305 nihil
2742 5249 2808 5303 ad
2850 5249 3179 5303 corroboran
3206 5248 3285 5300 tos
3325 5238 3581 5312 proprios
3617 5242 3739 5288 erro

2186 5365 2273 5404 res
2298 5348 2630 5403 intentarum
2686 5344 3043 5414 reliquerint,
3098 5350 3154 5395 et
3185 5335 3393 5395 coactis
3432 5327 3668 5404 synodis,
3709 5326 3756 5373 ει

2185 5438 2375 5495 Tomis
2408 5438 2594 5502 editis,
2620 5412 2895 5491 Barlaami
2922 5441 2976 5487 et
3022 5426 3289 5500 Acindyni
3316 5423 3502 5480 omnia
3547 5412 3756 5473 anathe-

2190 5533 2321 5588 mati
2360 5529 2717 5598 subiecerint,
2750 5542 2869 5591 sua,
2930 5524 3009 5580 uti
3067 5523 3153 5593 pia
3206 5529 3261 5576 et
3304 5514 3600 5575 catholica,
3644 5514 3756 5598 ptu-

2192 5593 2507 5698 mulgarint,
2546 5639 2671 5693 qua:
2707 5630 2890 5692 postea
2939 5618 3105 5674 etiam
3160 5613 3572 5698 propugnarent
3610 5593 3756 5698 Galli-

2193 5730 2311 5776 stus
2345 5728 2401 5773 et
2471 5691 2793 5770 Philmheus
2841 5710 3187 5782 patriarchae,
3244 5702 3489 5777 ejusdem
3541 5691 3753 5750 instituti

2190 5829 2316 5868 cum
2350 5810 2593 5867 Palama.
2630 5808 2694 5862 Et
2732 5808 2848 5862 haec
2881 5821 2981 5876 pro
3037 5798 3330 5865 Barlaami,
3381 5784 3661 5859 Acindyniv
3710 5789 3755 5833 ⁸⁸

2188 5907 2423 5963 I>alamce
2451 5904 2671 5970 hmresi,
2700 5903 2832 5959 satis
2870 5904 3002 5956 sint.

3946 5548 3950 5775 f
