4046 6468
399 288 519 367 ’911

416 508 909 576 centissimumque
971 502 1106 558 mihi
1154 500 1493 572 colloquium
1559 500 1707 570 quod
1745 514 1833 553 me
1866 506 2018 553 tanto

419 595 680 651 liberavit
711 594 927 649 errore?
945 608 1152 657 errore,
1170 592 1421 662 inquam,
1437 606 1599 662 quem
1620 590 1829 662 peperit
1850 589 2020 645 Italus

418 687 522 741 iste
553 685 804 740 Barlaam
834 694 888 740 ct
933 694 1154 755 propter
1206 699 1369 754 quem
1410 684 1574 752 periit
1616 684 1668 737 in
1717 682 1937 748 exsilio,
1967 692 2021 737 ct

418 779 536 848 ipse
573 778 723 832 illius
745 776 932 831 nescio
963 774 1241 843 quomodo
1271 775 1458 829 socius
1489 773 2020 847 factusAcindynus,

419 871 522 924 sibi
589 869 817 939 suisque
862 869 1225 924 sectatoribus
1273 867 1647 922 certissimum
1714 866 2022 937 periculum

419 964 473 1031 (κ
483 961 593 1013 ῖνδυ
603 963 715 1025 νος)
726 1002 740 1016 .

493 1055 719 1122 Theoph.
755 1052 882 1109 Scio
916 1062 972 1109 te
997 1052 1185 1107 multis
1208 1052 1533 1123 implicitum
1558 1051 1814 1122 negotiis,
1837 1058 1891 1104 et
1922 1065 2025 1103 nu-

418 1156 513 1209 per
535 1142 782 1210 illapsam
815 1141 1073 1197 omnibus
1094 1136 1587 1210 perturbationem,
1609 1149 1830 1211 propter
1854 1155 2019 1212 quam

424 1246 548 1287 tuos
583 1236 794 1287 amicos
840 1250 984 1288 nunc
1019 1234 1089 1288 im
1105 1234 1298 1303 primis
1346 1242 1437 1288 tua
1472 1234 1714 1303 indigere
1741 1232 1857 1288 scio
1887 1247 2020 1303 pru-

417 1327 599 1380 dentia
641 1344 655 1380 :
698 1325 884 1396 itaque
926 1326 1052 1380 huic
1086 1327 1178 1379 illa
1217 1326 1655 1380 accommodavi.

494 1418 684 1473 Theot.
720 1417 924 1474 Verum
971 1434 1073 1491 ego
1102 1420 1320 1475 cunctis
1354 1419 1613 1490 negotiis,
1647 1419 1807 1484 scito,
1839 1427 2021 1472 tanta-

418 1530 542 1568 rum
578 1529 761 1569 rerum
802 1513 1092 1584 anteposui
1134 1513 1654 1579 considerationem,
1690 1512 1765 1567 ita
1793 1520 1853 1566 ut
1886 1512 2010 1576 ilhc,

419 1607 491 1659 ob
514 1606 795 1662 assiduam
850 1605 1284 1673 meditationem,
1327 1605 1486 1672 quasi
1533 1604 1911 1659 characterem
1962 1603 2018 1656 in

419 1699 603 1751 anima
632 1712 751 1751 mea
776 1697 1179 1765 imprimerent,
1208 1711 1309 1749 nec
1331 1710 1418 1749 me
1445 1693 1807 1749 dormientem
1836 1693 2022 1748 diruit-

1719 288 2104 352 GtiEGOBII
2140 284 2468 351 ΡᾹιᾹΜλἙ

415 415 541 470 eine
555 419 718 485 putas
733 424 851 468 mea
870 407 1135 468 memoria
1148 406 1419 464 excidisse
1441 405 1645 463 bonum
1663 403 1795 460 illud
1814 404 2020 461 beneti-
2049 440 2092 497 Α

3599 286 3692 352 912

2126 403 2311 469 Οὕτως
2340 404 2443 459 οἴει
2477 419 2543 475 με
2576 401 2778 473 ῥᾳδίως
2808 400 2908 473 τῆς
2952 400 3174 472 μνήμης
3210 398 3468 455 ἐκϐαλεῖν
3491 400 3692 471 ὁμιλίαν

2126 498 2370 568 ἐκείνην,
2401 495 2502 568 τὴν
2529 495 2701 567 καλὴν
2729 494 2856 565 ἐμοὶ
2896 499 2993 549 καὶ
3025 494 3136 549 τῶν
3163 493 3469 548 καλλίστων
3509 494 3690 564 πρόξε-

2123 606 2213 643 νον
2238 628 2254 657 ,
2305 589 2373 643 δι’
2404 582 2473 660 ἧς
2517 586 2791 655 τοσαύτης
2823 585 3033 658 πλάνης
3067 586 3433 658 ἀπηλλάγηνς
3476 586 3690 656 πλάνης,

2124 683 2191 757 ἢν
2224 682 2383 737 ἔτεκε
2418 681 2518 754 μέν
2566 684 2594 735 ό
2637 680 2840 742 Ἰταλὸς
2897 681 3104 744 ἐκεῖνος
3142 679 3432 752 Βαρλαάμ,
3472 679 3563 734 καὶ
3612 682 3693 749 ὑφ’

2120 773 2190 850 ἧς
2218 775 2442 833 διόλωλε
2470 774 2865 845 φυγαδευθεὶς,
2894 773 3360 844 εἰσποιησάμενος
3394 773 3450 827 δέ
3483 774 3579 827 οὐκ
3603 771 3693 827 οἶδ’

2125 869 2328 933 ὅπωςὸ
2374 869 2692 932 ’Δκίνδυνος
2742 868 2990 930 κίνδυνος
3020 867 3197 935 σαφὴς
3247 867 3426 938 ἐαυτῷ
3470 867 3561 920 καὶ
3595 869 3695 932 τοῖς

2124 962 2277 1033 αύτῷ
2311 961 2660 1032 πειθομένοις
2694 964 2889 1028 γέγονε
2926 958 3167 1030 μάλιστα
3199 957 3490 1029 ἀγύρταις.

2202 1057 2382 1125 Θεοφ.
2420 1049 2554 1107 Οἶδα
2600 1050 2818 1115 πολλοῖς
2859 1047 3399 1121 περιστοιχιζόμενόν
3430 1066 3487 1101 σε
3529 1049 3697 1118 πράγ-

2128 1165 2285 1221 μασι.
2323 1146 2419 1202 καὶ
2449 1146 2539 1199 τὸν
2571 1144 2908 1216 περισχόντα
2964 1128 3198 1211 θόρυΰον
3225 1142 3432 1213 ἀρτίως
3480 1140 3695 1207 πάντας,

2122 1241 2191 1297 δι’
2224 1241 2283 1295 δν
2316 1241 2476 1311 εἴπερ
2518 1238 2653 1292 ποτὲ
2685 1236 2813 1300 τοὺς
2843 1235 3031 1306 φίλους
3062 1234 3273 1288 δεῖσθαί
3307 1252 3401 1288 σου
3432 1234 3529 1304 τῆς
3553 1233 3698 1304 ἀγχι-

2124 1335 2274 1398 νοίας
2307 1328 2485 1403 οἶμαι.
2522 1330 2692 1385 Ταῦτ’
2724 1331 2833 1399 ἀρα
2857 1328 3031 1400 ταύτῃ
3065 1330 3306 1399 ἠρόμην.

2130 1484 2137 1489 ,
2205 1427 2374 1481 Θεότ.
2411 1424 2556 1478 Ἀλλ’
2580 1423 2692 1494 ἐγὼ
2723 1425 2817 1477 καὶ
2843 1422 3099 1494 ἀσχολίας
3128 1420 3349 1491 ἁπάσης
3386 1419 3698 1489 ὑπερτέραν,

2125 1514 2185 1569 εὖ
2217 1512 2353 1581 ῐσθι,
2392 1515 2706 1585 πεποίημαι
2759 1512 2861 1584 τὴν
2902 1512 3036 1583 περὶ
3095 1512 3441 1582 τηλικούτων
3498 1509 3695 1579 σκέψιν,

2125 1610 2269 1664 ὥστε
2301 1628 2393 1677 μοι
2424 1610 2520 1664 καὶ
2558 1608 2667 1663 ἀπὸ
2711 1607 2814 1676 τῆς
2847 1606 3106 1677 συνεχοῦς
3166 1605 3404 1676 μελέτης
3457 1601 3567 1657 οἷόν
3591 1619 3703 1657 τινα

2126 1704 2299 1759 τύπον
2332 1704 2551 1758 ἐνδῦναι
2581 1705 2660 1767 είς
2694 1701 2795 1774 τὴν
2828 1700 3033 1771 ψυχὴν,
3067 1700 3161 1753 καὶ
3203 1699 3343 1767 μήδέ
3387 1696 3702 1752 καθεύδοντα

418 1797 621 1859 terent,
649 1798 704 1843 et
744 1786 1132 1858 expergefacto
1191 1787 1379 1843 statim
1439 1787 1627 1857 quales
1660 1793 1821 1841 erant
1851 1800 2021 1855 appa-

2131 1797 2357 1863 ἀνιέναι,
2409 1794 2815 1866 ἐξεγειρομένῳ
2860 1810 2920 1847 τε
2954 1791 3119 1856 εὐθὺς
3174 1792 3437 1861 παρεῖναι
3490 1791 3565 1853 ὠς
3590 1789 3702 1857 ἐνῆν

423 1890 613 1936 νει-ραι
644 1880 814 1935 menti
870 1879 1118 1950 singulas
1143 1879 1506 1943 examinanti,
1540 1877 1786 1947 mihique
1804 1876 2019 1930 viderer

422 1976 480 2030 in
522 1977 760 2046 quodam
813 1974 999 2029 lucido
1060 1973 1359 2028 veritatum
1411 1972 1726 2027 divinarum
1769 1972 2018 2026 contnizn

422 2068 658 2124 ﬁrmiter
707 2078 884 2131 stans,
950 2068 1042 2135 ubi
1106 2065 1457 2121 sermonibus
1513 2064 1621 2119 tuis
1686 2065 2023 2120 constitutus

423 2176 601 2230 eram,
637 2168 693 2217 et
730 2159 875 2214 unde
922 2160 1069 2212 velut
1104 2174 1170 2212 ex
1219 2157 1405 2226 aliquo
1447 2163 1743 2226 prospectu
1792 2154 2025 2223 aspicie-

423 2253 550 2307 bam
582 2250 724 2307 infra
753 2252 1026 2321 iacentem
1058 2246 1392 2320 profundum
1422 2248 1719 2319 quemdam
1760 2249 2022 2301 vorticem

425 2347 838 2416 obscuramque
878 2346 1136 2415 abyssum
1169 2342 1405 2411 caligine
1438 2341 1680 2412 plenam,
1728 2341 2025 2409 voragino-

424 2454 548 2494 sum
598 2437 807 2492 scilicet
847 2450 1092 2491 errorem
1139 2435 1363 2489 illorum
1417 2434 1537 2502 qui,
1582 2447 1734 2503 spem
1771 2433 1825 2486 in
1868 2446 2026 2487 men-

423 2533 585 2589 dacio
641 2538 992 2602 reponentes,
1025 2544 1093 2585 eo
1136 2538 1349 2583 tantum
1405 2526 1754 2582 delectantur
1800 2538 2026 2598 tamque

430 2626 715 2698 copiosam
754 2625 1051 2696 prodigum
1083 2622 1382 2688 fallaciam,
1413 2630 1472 2677 ut
1500 2620 1723 2676 sibimet
1757 2621 2029 2675 mentian-

427 2729 518 2775 tur
543 2731 597 2774 et
630 2719 842 2790 seipsos
866 2718 1164 2787 decipiant.
1198 2715 1358 2771 Modo
1386 2713 1535 2770 enim
1573 2712 1821 2768 deiﬁcam
1852 2711 2022 2784 Spiri-

425 2823 518 2867 tus
539 2812 794 2882 gratiam,
833 2827 942 2883 qua
990 2810 1165 2866 sancti
1208 2807 1505 2881 participes
1572 2807 1668 2863 Dei
1720 2806 1804 2862 vel
1845 2809 2027 2878 potius

426 2922 576 2960 unus
606 2920 731 2960 cum
768 2905 879 2959 Deo
917 2905 1149 2974 spiritus
1208 2904 1363 2966 lium,
1397 2915 1521 2957 esse
1541 2910 1785 2956 creatam
1827 2900 2030 2956 audac-

426 3009 514 3055 ter
541 2998 836 3064 aiiirmant,
871 3009 925 3053 et
956 2997 1294 3069 argumentis
1327 2994 1741 3067 Scripturaeque
1773 2995 2026 3050 testimo-

429 3093 540 3147 niis
566 3107 758 3145 omncs
791 3091 1124 3145 convincere
1154 3088 1391 3142 maxima
1422 3097 1703 3142 conantur
1730 3085 2025 3147 industria;

2126 1893 2342 1945 ἐκαστα
2394 1889 2747 1960 βασανίζοντι
2797 1886 2873 1959 τῷ
2914 1886 3186 1957 λογισμῷ.
3234 1883 3347 1939 Καί
3401 1902 3491 1955 μοι
3539 1882 3702 1936 ἐδόκει

2128 1982 2382 2052 καθάπερ
2413 1982 2504 2035 ἐπὶ
2545 1981 2781 2044 σκοπιᾶς
2807 1996 2956 2043 τινος
2986 1976 3313 2047 ἀμφιφαοῦς
3341 1978 3439 2045 τῆς
3463 1960 3703 2045 ἀληθείας

2124 2072 2234 2128 τῶν
2260 2075 2392 2144 περὶ
2424 2073 2562 2127 Θεοῦ
2592 2073 2888 2143 δογμάτων
2920 2070 3182 2142 ἑστηκότι
3226 2069 3488 2139 βεϐαίως,
3522 2068 3605 2137 ἐφ’
3641 2067 3701 2137 ῆν

2128 2162 2429 2234 ἐτύγχανον
2462 2163 2569 2217 ὑπὸ
2598 2163 2707 2218 τῶν
2744 2163 2855 2216 σῶν
2901 2160 3081 2231 λόγων
3114 2158 3529 2224 ἀναϐιδασθεὶς,
3571 2159 3702 2211 ἐκεῖ·

2129 2255 2221 2311 θεν
2254 2257 2331 2321 ὡς
2387 2256 2449 2323 ἐξ
2505 2257 2757 2311 ἀπόπτου
2817 2256 2964 2321 τινὸς
2995 2258 3151 2309 κάτω
3196 2271 3305 2308 που
3366 2252 3701 2322 διακειμένην

2129 2350 2399 2421 φάραγγά
2446 2368 2568 2404 τινα
2604 2349 2830 2420 βαθεῖαν
2863 2348 2962 2404 καὶ
3009 2347 3298 2417 διασφάγα
3336 2346 3578 2400 ἐπίσκιον
3604 2345 3702 2399 διὰ-

2129 2443 2309 2498 πλεων
2327 2442 2782 2513 ζόφου,.δηλονότι
2812 2440 3043 2513 ψεύδους
3070 2439 3458 2510 ἀμφιλαφοῦς,
3489 2439 3555 2492 τὰ
3576 2436 3702 2490 ἐκεί-

2128 2553 2236 2589 νων
2261 2535 2422 2607 όρᾷν,
2475 2535 2524 2589 οἳ
2555 2533 2756 2605 ψεῦδος
2800 2534 3066 2602 ἄντικρυς
3101 2530 3329 2602 θέμενοι
3359 2529 3458 2602 τὴν
3502 2528 3699 2589 ἐλπίδα,

2129 2626 2387 2682 τοσοῦτον
2416 2626 2840 2700 ἐπεντρυφῶσιν
2873 2627 3048 2694 αὐτῷ,
3076 2629 3175 2680 καὶ
3210 2625 3491 2694 τοσαύτην
3527 2621 3702 2677 ἐπιδαι

2128 2719 2449 2791 ψιλεύονται
2477 2719 2577 2790 τὴν
2612 2720 2858 2790 ἀπάτην,
2888 2717 2964 2782 ῶς
2995 2717 3091 2773 καλ⁵
3123 2716 3278 2786 σφῶν
3305 2717 3485 2771 αὐτῶν
3518 2714 3706 2770 ἐθελον-

2130 2812 2231 2875 τὰς
2265 2812 2728 2882 καταψεύδεσθαι,
2759 2814 2855 2867 καὶ
2897 2811 3181 2882 ἐξαπατᾷν
3212 2810 3471 2874 ἑαυτούς.
3509 2809 3573 2863 Oi
3606 2806 3704 2877 γὰρ

2131 2905 2230 2960 νῦν
2262 2906 2361 2976 μέν
2391 2906 2491 2977 τὴν
2524 2904 2777 2959 θεοποιὸν
2807 2904 3018 2975 δωρεὰν
3063 2900 3161 2957 τοῦ
3201 2902 3520 2973 Πνεύματος
3550 2900 3613 2955 δι’
3644 2892 3702 2971 ἧς

2136 2997 2358 3068 μέτοχοι
2387 2996 2548 3061 Θεοῦ,
2584 2998 2788 3068 μᾶλλον
2822 2995 2879 3049 δέ
2925 2995 2984 3050 ἓν
3016 2994 3242 3066 πνεῦμα
3293 2995 3430 3067 μετά
3462 2993 3553 3049 τοῦ
3585 2990 3703 3048 Θεοῦ

2132 3091 2378 3160 γίνονται
2408 3093 2457 3146 οἱ
2491 3092 2666 3161 ἆγιοι,
2695 3091 2905 3159 κτίσμα
2927 3090 3233 3162 διαρρήδην
3256 3090 3512 3159 λέγοντες
3537 3089 3622 3142 καὶ
3645 3084 3703 3139 δι’

430 3185 599 3239 modo
638 3199 766 3238 vero
791 3184 981 3238 dicunt
1004 3198 1107 3238 nos
1136 3182 1311 3253 ipsius
1339 3182 1598 3236 essentia:
1629 3179 1725 3236 Dei
1756 3195 1878 3235 esse
1902 3194 2027 3250 par-

2136 3185 2592 3255 ἐπιχειρημάτων
2640 3172 2740 3240 καὶ
2786 3184 3083 3255 Γραφικῶν
3139 3184 3462 3254 μαρτυριῶν
3513 3182 3701 3237 πάντας

433 3276 657 3345 ticipcs.
713 3274 909 3330 Nonne
949 3276 1030 3330 sic
1060 3276 1115 3330 in
1162 3275 1301 3329 duas
1362 3281 1550 3345 partes
1607 3272 1939 3339 claudicant,
1973 3282 2028 3327 el.

429 3369 535 3423 sibi
568 3369 798 3439 suisque
859 3368 1212 3423 sermonibus
1265 3366 1715 3422 contradicentes
1765 3366 2024 3434 utrinque

429 3461 779 3516 mentiuntur
813 3471 865 3516 et
921 3460 1248 3529 semetipsos
1282 3455 1524 3512 fallunt?
1570 3455 1705 3512 Nam
1743 3446 2023 3527 quoniodo

429 3554 523 3622 qui
554 3552 809 3607 essentia:
840 3551 1040 3606 divinae
1071 3553 1249 3621 (juxta
1280 3547 1455 3621 ipsos)
1491 3549 1550 3603 iit
1584 3548 1883 3619 particeps,
1918 3564 2024 3602 non

431 3648 762 3711 increatum,
788 3645 885 3701 sed
917 3655 1162 3700 creatum
1199 3642 1531 3715 participat?
1581 3641 1873 3710 Quomodo
1899 3657 2026 3698 vero

432 3740 526 3811 qui
584 3749 768 3795 creata
814 3740 989 3807 (juxta
1039 3736 1210 3809 ipsos)
1257 3736 1431 3808 gratia
1483 3735 1796 3805 deiﬁcatur,
1831 3737 2028 3792 divinae

432 3834 712 3905 particeps
741 3841 825 3886 est
847 3829 1136 3886 essentne?

514 4104 555 4159 Τ
558 4104 745 4175 heoph.
770 4100 1083 4166 Tbeorime,
1120 4114 1233 4155 non
1263 4098 1554 4154 dissonent
1592 4112 1783 4154 eorum
1819 4113 2031 4154 sermo-

436 4214 537 4253 rn-s
588 4194 875 4267 cupiditati
918 4192 1117 4247 animae
1176 4192 1315 4248 istos
1372 4190 1662 4262 parientis,
1711 4208 1776 4248 ex
1818 4207 1930 4263 quo
1971 4193 2028 4247 in

434 4298 549 4343 tam
584 4284 826 4341 absurda
856 4283 985 4338 elati
1021 4290 1152 4337 sunt
1184 4296 1203 4339 :
1236 4282 1368 4338 talia
1405 4284 1792 4351 enim'invidis
1823 4285 2029 4341 invidia

437 4394 733 4452 suggerere
765 4378 925 4434 solet.
963 4377 1185 4433 Illorum
1223 4378 1446 4449 quidem
1486 4381 1698 4449 toqnela
1752 4379 2026 4447 loquenti—

436 4475 544 4529 bus
572 4470 925 4535 contradicit,
983 4470 1279 4527 ostendens
1330 4484 1426 4527 eos
1456 4487 1485 4526 a
1517 4473 1718 4542 quibus
1753 4471 2030 4541 profertur

438 4582 552 4622 non
603 4564 1068 4637 semiimprobos,
1126 4563 1221 4620 sed
1272 4564 1652 4635 nequissimos
1712 4581 1836 4620 esse
1891 4567 2026 4634 :qui

438 4661 586 4715 enim
629 4657 1065 4715 omninomalus
1094 4666 1203 4722 est,
1234 4671 1301 4712 ne
1329 4656 1431 4712 sibi
1458 4657 1680 4726 quidem
1712 4666 1798 4711 est
1827 4657 2035 4712 bonus,

438 4755 708 4810 Caeterum
745 4752 835 4807 isti
867 4760 1039 4808 semet
1068 4750 1374 4806 destruant.
1408 4749 1489 4805 Tu
1532 4764 1685 4817 vero,
1713 4750 1757 4804 si
1788 4750 2028 4805 nondum

440 4846 591 4900 omni
619 4844 920 4900 extricatus
965 4861 1026 4899 cs
1070 4842 1415 4909 difﬁcultate,
1462 4842 1797 4898 conﬁdenter
1833 4841 2028 4896 scisci-

442 4949 562 4995 tare
592 4937 859 5010 quidquid
890 4936 1128 4991 volueris
1154 4953 1169 4990 :
1226 4950 1356 4990 nam
1396 4950 1519 4989 cum
1551 4948 1618 4990 eo
1640 4934 1733 5004 qui
1760 4949 1868 4990 non
1895 4949 2027 4990 con-

442 5030 741 5095 tentionis,
801 5029 893 5085 sed
924 5029 1172 5084 veritatis
1224 5027 1411 5083 studio
1457 5033 1836 5096 percontatur,
1908 5040 2033 5081 amo

443 5123 702 5194 colloqui.

520 5216 705 5271 Tlteot.
740 5214 838 5270 Dic
879 5216 1037 5278 mihi,
1075 5228 1285 5285 quaeso,
1320 5225 1446 5269 ante
1490 5214 1693 5280 omnia,
1740 5213 2034 5286 Theopha-

447 5324 570 5376 nes,
606 5311 731 5380 quis
756 5309 1052 5365 absurdam
1090 5309 1231 5363 hanc
1258 5309 1579 5377 auspicatus
1605 5306 1677 5362 sit
1699 5307 2031 5372 doctrinam,

447 5418 555 5475 qua
603 5401 863 5471 deceptus
895 5399 1147 5453 Barlaam
1187 5407 1451 5469 perpetuo
1483 5412 1542 5453 se
1588 5398 1853 5467 probrose
1896 5400 2038 5455 mul-

448 5494 586 5549 tavit
624 5491 842 5549 exsilio.
875 5489 1102 5545 Dicebat
1131 5489 1280 5544 enim
1305 5504 1364 5544 se
1389 5489 1633 5560 quaedam
1666 5502 1886 5548 nactum
1916 5508 2038 5549 esse

448 5587 677 5657 scripta,
711 5600 742 5641 e
782 5583 986 5655 quibus
1035 5582 1267 5638 selectos
1327 5583 1653 5639 osrendebat
1705 5586 2037 5657 multiplices

451 5687 654 5745 textus,
690 5692 834 5748 quos
870 5691 1018 5746 αιςνο
1056 5691 1084 5729 a
1116 5690 1176 5731 se
1209 5676 1395 5731 animo
1420 5676 1548 5733 ferri
1581 5679 1879 5735 asserebat.
1919 5678 2037 5733 Non

456 5777 600 5844 ipse,
651 5771 853 5834 aiebat,
926 5770 1098 5825 ullum
1157 5770 1400 5826 subierat
1468 5771 1761 5841 damnum;
1829 5772 1923 5828 sed
1982 5771 2037 5826 in

2134 3277 2347 3330 πείθειν
2395 3277 2483 3332 διά
2547 3278 2816 3350 μεγίστης
2865 3276 3186 3346 ποιούμενοι
3244 3277 3500 3347 σπουδῆς,
3547 3268 3698 3329 νῦνδ⁹

2132 3365 2289 3433 αὖθις
2324 3369 2400 3433 ὡς
2431 3370 2606 3440 αὐτῆς
2636 3371 2735 3440 τῆς
2762 3369 2951 3434 οὐσίας
2978 3369 3075 3423 τοῦ
3103 3369 3243 3423 Θεοῦ
3284 3369 3694 3440 μέτοχοί“ἐσμεν,

2133 3458 2223 3533 ἆρ’
2252 3461 2374 3534 οὐχὶ
2412 3463 2551 3534 πρὸς
2598 3462 2708 3515 τῶν
2749 3461 2868 3516 κατ’
2898 3463 3186 3533 ἀμφότερα
3231 3465 3413 3526 ταυτὶ.
3464 3462 3553 3517 καὶ
3593 3456 3699 3511 καθ’

2133 3552 2347 3605 ἑαυτῶν
2378 3554 2475 3607 καὶ
2505 3553 2616 3605 τῶν
2651 3551 2869 3606 οἰκείων
2897 3552 3074 3621 λόγων
3099 3553 3185 3622 ἐφ’
3221 3553 3486 3624 ἐκατέρου
3515 3550 3698 3620 μέρους

2132 3645 2446 3716 ψεύδονται,
2484 3645 2580 3699 xui.
2611 3644 2703 3713 ὑφ’
2731 3645 2941 3698 ἑαυτῶν
2972 3644 3340 3712 ἀπατῶντας
3373 3644 3495 3706 Πῶς
3520 3643 3618 3713 γάρ
3639 3639 3697 3694 ἂν

2133 3741 2160 3793 ό
2188 3740 2290 3809 τῆς
2341 3738 2532 3801 οὐσίας
2583 3736 2677 3790 τοῦ
2734 3735 2871 3790 Θεοῦ
2905 3732 3151 3808 μετέχων
3198 3738 3326 3791 κατ’
3378 3734 3566 3798 αὐτοὺς
3608 3730 3699 3784 οὐκ

2133 3832 2394 3886 ἀκτίστου
2450 3830 2587 3883 ἀλλά
2621 3827 2843 3882 κτιστοῦ
2881 3829 3126 3899 μετέχων
3160 3828 3246 3899 εἴη
3276 3846 3292 3895 ;
3328 3829 3451 3893 Πῶς
3493 3825 3536 3880 δ’
3564 3822 3698 3882 αὖθις

2132 3925 2163 3975 ὁ
2197 3925 2390 3993 κτιοτῇ
2426 3921 2548 3975 κατ’
2584 3921 2783 3984 αὐτοὺς
2825 3920 3008 3991 χάριτι
3050 3919 3472 3991 θεοποιούμενος
3501 3917 3596 3986 τῆς
3623 3912 3701 3968 οὺ-

2135 4014 2259 4077 σίας
2293 4014 2518 4083 μετέχει
2556 4011 2653 4065 τοῦ
2684 4010 2822 4065 Θεοῦ
2851 4030 2865 4080 ;
3355 4022 3363 4030 ‘

2208 4110 2386 4175 Θεοφ.
2420 4104 2673 4173 Θεότιμε,
2708 4103 2810 4156 οὐκ
2841 4102 3150 4161 ἀπεικότως
3184 4104 3233 4157 οἱ
3283 4102 3433 4174 σφῶν
3466 4094 3698 4169 λόγοιτῴ

2135 4199 2301 4254 πάθει
2336 4199 2434 4269 τῆς
2465 4196 2666 4261 αὐτοὺς
2696 4195 2991 4263 τικτούσης
3039 4197 3253 4249 ἐοίκασι
3284 4196 3484 4267 ψυχῆς,
3533 4190 3618 4261 ἀφ’
3645 4180 3697 4242 οὗ

2136 4292 2273 4365 πρὸς
2299 4291 2398 4362 τὴν
2430 4290 2785 4361 λογολεσχίαν
2808 4287 3017 4359 ταύτην
3040 4287 3366 4359 ἐπήρθησαν
3390 4304 3404 4318 ο
3438 4284 3585 4355 σφίσι
3602 4282 3696 4349 γὰρ

2136 4387 2390 4454 ἐμποιεῖν
2425 4386 2540 4449 τοῖς
2584 4381 2872 4454 φθονοῦσιν
2910 4384 2940 4435 ό
2980 4381 3175 4450 φθόνος
3224 4381 3441 4450 πέφυκε
3465 4395 3481 4411 ο
3531 4374 3619 4431 καὶ
3654 4372 3695 4425 ei

2136 4478 2346 4533 τούτων
2391 4477 2542 4547 λόγοι
2580 4478 2694 4541 τοῖς
2726 4476 2979 4545 λέγουσιν
3028 4474 3425 4545 ἀντιλέγουσιν,
3459 4473 3556 4527 οὐκ
3584 4470 3693 4541 fw-

2141 4570 2451 4643 μοχθηρούς
2490 4570 2645 4634 τινὰς
2687 4570 2814 4633 τοὺς
2843 4569 3228 4639 προϊεμένους,
3261 4567 3399 4622 ἀλλὰ
3427 4560 3694 4634 παμπονή-

2141 4679 2265 4733 ρους
2323 4661 2673 4724 δεικνύντες*
2731 4664 2759 4714 ὀ
2802 4660 2913 4730 γὰρ
2945 4660 3146 4723 τελέως
3192 4659 3361 4723 κακὸς
3403 4656 3508 4711 οὐδ’
3534 4649 3694 4716 ἐαυτῷ

2136 4756 2285 4807 ἐστιν
2311 4754 2538 4824 ἀγαθός.
2589 4753 2732 4811 ‘AD.’
2767 4754 2969 4808 ἐκεῖνοι
3023 4752 3126 4823 μέν
3159 4752 3387 4814 ἑαυτοὺς
3424 4759 3693 4814 καταστρε-

2138 4847 2351 4916 φόντων
2372 4863 2386 4878 ο
2418 4846 2484 4899 σὺ
2517 4847 2562 4899 δ’
2595 4849 2644 4900 εί
2691 4844 2768 4916 μὴ
2798 4845 2910 4898 τῶν
2958 4843 3204 4914 ἀποριῶν
3256 4841 3575 4899 ἀπολέλυσαι
3615 4850 3692 4886 τε·

2138 4938 2300 5004 λέως,
2327 4936 2601 4992 πυνθάνου
2630 4937 2823 5003 ἀδεῶς,
2846 4937 2984 5009 ὅπερ
3015 4932 3136 5009 ἂνῇ
3170 4953 3251 4991 σοι
3277 4933 3572 5004 βουλομένῳ
3595 4944 3609 4959 ⁹
3627 4923 3691 4991 τῷ

2138 5031 2247 5100 γὰρ
2286 5032 2363 5102 μὴ
2410 5030 2551 5102 πρὸς
2599 5030 2738 5099 ἔριν,
2773 5029 2914 5085 ἀλλὰ
2947 5030 3084 5100 πρὸς
3132 5028 3393 5099 ἀλήθειαν
3440 5014 3691 5093 ζητητικῷ

2138 5122 2529 5194 διαφερόντως,
2567 5120 2626 5175 εὖ
2664 5122 2797 5186 ίσθι,
2833 5121 3011 5193 χαίρω
3039 5120 3441 5190 διαλεγόμενος.

2214 5220 2379 5272 Θεότ.
2417 5215 2591 5270 Τοῦτό
2623 5233 2715 5286 μοι
2742 5216 2881 5287 πρὸς
2911 5213 3049 5268 Θεοῦ
3092 5214 3199 5286 πρὸ
3224 5212 3332 5269 τῶν
3371 5210 3538 5265 ἄλλων
3565 5198 3689 5270 φρά·

2143 5326 2256 5375 σον,
2290 5308 2590 5377 Θεόφανες,
2630 5309 2715 5371 τίς
2757 5305 2875 5360 ποτ’
2909 5308 3017 5377 ἄρα
3050 5305 3151 5375 τῆς
3179 5301 3478 5371 ἀντιλογίας
3508 5293 3688 5354 ταύτης

2139 5398 2299 5473 ἦρξε,
2350 5400 2473 5455 καθ’
2525 5400 2592 5471 ἣν
2628 5399 2884 5471 ἡττηθεὶς
2912 5404 2940 5453 ὁ
2974 5399 3241 5470 Βαρλαάμ
3290 5390 3565 5463 ἀειφυγίαν
3608 5381 3688 5434 ὑπ’

2141 5494 2406 5566 αἰσχύνης
2446 5494 2643 5548 ἐαυτοῦ
2685 5493 3136 5564 κατεψηφίσατο;
3174 5491 3461 5563 Γράμμασι
3491 5479 3588 5549 γὰρ
3619 5476 3689 5526 ἐν’

2141 5590 2329 5659 τυχεῖν
2360 5586 2548 5655 ἔλεγεν
2581 5588 2814 5653 ἐκεῖνος,
2851 5587 2943 5656 ἀφ’
2979 5579 3056 5641 ὧν
3088 5586 3181 5639 καὶ
3212 5568 3549 5645 πολυστίχους
3577 5567 3690 5659 ῧῖτε”

2142 5656 2329 5734 δείκνυ
2354 5681 2544 5751 ῥήσεις
2566 5679 2952 5747 ἐκλεξάμενος,
2976 5678 3044 5731 δι’
3065 5677 3129 5741 ἂς
3148 5674 3337 5730 παθεῖν
3352 5656 3687 5753 διεδεόαιοὺμτο

2142 5773 2243 5845 τὴν
2296 5749 2635 5843 νήτη-οὐκ
2697 5771 2861 5835 αὐτός
2914 5788 2968 5824 τι
3021 5769 3219 5841 βλάϐος
3271 5759 3534 5820 ὑποστάςο
3569 5749 3686 5805 ἀλλὰ
