4046 6492
480 563 589 626 913

1837 566 2364 643 TlIEOPllA-XES.

3629 584 3733 648 9H

482 679 625 733 κατὰ
654 677 763 733 τῶν
813 679 1286 749 συγγραψαμένων
1330 681 1585 735 ὑπόνοιαν
1622 682 1914 751 δεξάμενος
1955 681 2052 735 οὐκ

2161 682 2453 752 scriptores
2490 683 2863 756 suspicionem
2889 700 3213 759 conceperat
3249 707 3356 747 non
3385 692 3605 764 bonam,
3637 701 3732 754 sel

481 770 715 838 ἀγαθὴν,
767 769 967 839 μᾶλλον
997 771 1053 824 δέ
1104 773 1201 825 καὶ
1239 772 1360 826 λίαν
1412 776 1612 845 κακήν.
1646 774 1896 843 Δυσσεὸἧ
1944 775 2054 846 γὰρ

479 864 628 933 ἔχειν
657 863 816 930 δόξαν
851 863 1124 917 ὑπέλαϐεν
1155 864 1373 929 αὐτοὺς,
1410 866 1478 936 ἢν
1508 865 1574 937 δὴ
1625 867 1721 921 καὶ
1750 866 2059 920 ἀνασκευά-

481 958 609 1021 Cum,
640 957 1067 1029 ἀντιρῤητικοὺς
1092 957 1285 1026 λόγους
1316 959 1723 1030 συνεγράψατο.
1751 959 2059 1032 Τοιγαροῦν

479 1055 583 1106 οὐκ
612 1052 678 1106 ἂν
700 1053 815 1124 ἔχοι
850 1072 935 1118 τις
987 1056 1162 1107 εἰπεῖν
1197 1054 1360 1108 αὐτὸν
1388 1059 1489 1127 τῆς
1532 1056 1845 1126 ἀντιλογίας
1892 1071 2059 1110 κατα-

480 1143 743 1198 ϐαλέσθαι
774 1145 872 1214 τὴν
902 1147 1098 1217 ἀρχήν.

554 1237 732 1305 θεοφ.
765 1236 963 1302 Καλῶς
996 1234 1119 1294 εἶπέ
1154 1258 1235 1304 τις
1280 1242 1386 1294 τῶν
1436 1241 1682 1295 παλαιῶν
1732 1241 2055 1313 Καισάρων,

479 1327 554 1389 ὡς
580 1327 678 1396 οὐχ
710 1328 933 1397 ὑπέχειν
951 1329 1118 1399 ἄμφω
1146 1332 1226 1385 δεῖ
1257 1334 1324 1386 τὰ
1347 1325 1459 1386 ὦτα
1481 1337 1594 1397 τοῖς
1624 1332 2052 1403 κατηγοροῦσιν,

478 1420 615 1472 ἀλλὰ
649 1418 727 1487 τῷ
776 1420 1239 1494 ἀπολογησομένῳ
1283 1423 1510 1495 θάτερον
1539 1425 1816 1496 ἀκήρατον
1858 1424 2061 1495 φυλάτ-

480 1529 595 1564 τειν
643 1509 759 1576 οὖς,
794 1512 935 1566 ὥστε
974 1515 1200 1585 μηδαμῆ
1236 1516 1404 1586 μηδὲν
1440 1517 1694 1588 στέργειν
1746 1517 1884 1587 μηδὲ
1913 1519 2057 1572 ἀπο-

482 1605 772 1673 φαίνεσθαι
800 1608 929 1676 πρὶν
956 1606 1022 1661 ἂν
1052 1608 1316 1681 διακούσῃ
1340 1610 1688 1682 ἀμφοτέρων.
1726 1612 1912 1665 Ταῦτα
1946 1612 2057 1682 γὰρ
2078 1626 2091 1639 κ

479 1695 623 1749 αὐτά
653 1697 792 1751 κάπὶ
829 1697 932 1768 τῆς
990 1700 1216 1754 συνόδου
1267 1700 1515 1772 διεξῆλθε
1561 1702 1760 1773 μικροῦ
1810 1703 1904 1756 καὶ
1961 1705 2058 1757 ἐπὶ

478 1788 683 1854 λέξεως
720 1793 747 1842 ὁ
794 1791 1102 1864 Βαρλαάμο
1144 1795 1239 1849 καὶ
1274 1794 1412 1848 πολὺ
1467 1795 1577 1849 τῶν
1623 1797 1833 1849 ἐκείνου
1881 1796 2056 1873 λόγος)

484 1882 686 1951 μεταξὺ
715 1881 796 1947 τὸ,
822 1881 1314 1957 Τετραυμάτισμαι
1342 1886 1437 1940 καὶ
1462 1888 1708 1941 πέπονθα
1731 1888 1828 1959 τὴν
1853 1889 2056 1961 ψυχὴν,

483 1976 573 2044 ὑφ’
601 1970 676 2029 ὧν
705 1976 841 2047 ἔφης
866 1980 1319 2051 συγγραμμάτων
1352 1979 1576 2052 δηλαδή.
1611 1972 1755 2054 Πρὸς
1800 1982 1972 2036 ταῦτα
1998 1984 2056 2037 δὲ

481 2074 613 2141 ἡμῖν
644 2071 840 2142 ὀλίγων
888 2074 1075 2145 ἐδέησε
1122 2075 1300 2144 λόγων
1333 2093 1348 2109 σ
1380 2075 1602 2147 εἴχομεν
1652 2077 1762 2146 γὰρ
1794 2078 1895 2150 τὴν
1946 2079 2057 2132 ἀπὸ

477 2159 589 2210 τῶν
619 2163 963 2228 πραγμάτων
984 2161 1338 2229 ἀνεξέλεκτον
1363 2164 1664 2220 ἀντίθεσιν.
1711 2166 2059 2237 Ἐξενεγκόνο

480 2265 574 2311 τες
604 2249 712 2319 γὰρ
745 2250 1112 2322 ὑπεδείξαμεν
1157 2256 1578 2326 συγγράμματα
1616 2257 1826 2311 ἐκείνου
1877 2258 2057 2328 πολλῷ

476 2339 724 2408 πρότερα
755 2340 866 2394 τῶν
895 2342 1206 2414 ἡμετέρων,
1240 2346 1486 2399 τείνοντα
1529 2348 1758 2401 κάκεῖνα
1794 2349 1932 2420 πρὸς
1958 2351 2058 2421 τὴν

478 2432 865 2503 προκειμένην
894 2433 1078 2507 δίκην,
1122 2438 1258 2506 πρὸς
1293 2435 1328 2490 ἃ
1358 2438 1451 2490 καὶ
1502 2438 1780 2492 ἀντέκειτο
1816 2440 1884 2493 τὰ
1915 2443 2056 2512 ἡμέ-

477 2540 632 2591 τερα.
668 2525 855 2579 Ταῦτα
878 2526 935 2579 δὲ
983 2528 1190 2590 ἐκεῖνος
1231 2528 1329 2598 τῆς
1355 2529 1753 2600 Θεσσαλονίκης
1805 2532 2056 2604 ἀπαίρων

479 2615 772 2685 ἀφανίσας,
805 2618 880 2680 ὥς
905 2634 970 2687 γε
1003 2619 1156 2689 ᾤετο,
1192 2620 1369 2673 καὶτὰ
1416 2623 1535 2691 μετ’
1567 2624 1812 2678 ἐνιαυτὸν
1847 2641 2055 2692 συγγεο

478 2708 780 2778 γραμμένα
823 2711 875 2763 οἱ
915 2711 1053 2781 πρὸς
1087 2711 1185 2775 τὰς
1219 2712 1309 2782 ὑφ’
1348 2713 1507 2782 ήμῶν
1538 2712 1827 2783 γεγονυίας
1874 2718 2059 2790 ἀντιρ-

480 2803 670 2872 ρήσεις
701 2804 1029 2872 προδεικνὺς
1057 2804 1269 2870 ἐνθάδε,
1300 2805 1428 2874 τοὺς
1455 2806 1556 2860 οὐκ
1579 2809 1810 2873 εἰδότας,
1849 2810 1926 2873 ὡς
1954 2809 2057 2865 οὐκ

475 2889 634 2965 ἦρξε,
662 2897 792 2966 ῥᾷον
839 2895 1077 2950 ἔπειθεν.
1124 2896 1287 2950 Ἀλλὰ
1321 2898 1431 2969 γὰρ
1468 2900 1880 2970 ἀναπεφηνότος
1913 2901 2058 2956 οὕτω

480 2982 657 3053 ῥᾷστα
709 2983 887 3037 δολίου
924 2985 1066 3039 κατὰ
1122 2987 1285 3041 τοῦτο
1328 2989 1423 3042 καὶ
1477 2990 1728 3059 ψευδοῦς,
1779 2991 1903 3045 ἐπεὶ
1961 2993 2058 3046 καὶ

478 3073 895 3139 Θεσσαλονικεῖς
934 3076 1128 3148 ἄνδρες
1160 3080 1416 3151 παρῆσαν
1444 3081 1494 3135 οἱ
1523 3083 1826 3144 συνειδότες
1862 3085 2052 3150 ἐξετα-

479 3162 715 3235 ζομένης
744 3164 846 3235 τῆς
876 3166 1055 3236 ἀρχῆς
1084 3168 1210 3222 ὅθεν
1229 3170 1475 3243 ἀνεφάνη
1504 3173 1610 3243 πρὸ
1641 3176 1906 3230 ἐνιαυτῶν
1934 3195 2057 3232 τετ-

476 3256 681 3326 τάρων,
719 3259 809 3311 ὅτε
848 3261 984 3330 μηδὲ
1010 3261 1128 3333 ᾔδει
1183 3282 1302 3327 πως
1348 3266 1557 3336 σχεδὸν,
1592 3267 1695 3320 ποῦ
1741 3270 1843 3340 γῆς
1891 3272 2057 3343 ἡμεῖς

481 3351 668 3419 ἐσμεν,
721 3351 856 3420 μηδέ
887 3353 974 3407 διὰ
1010 3356 1356 3425 γραμμάτων
1405 3358 1705 3431 ἐτύγχανεν
1755 3362 2054 3435 ὡμιληκὼς

478 3441 634 3509 ἡμῖν,
674 3442 799 3495 τότε
846 3443 953 3514 πρὸ
981 3445 1240 3498 τοσούτου
1269 3448 1463 3517 χρόνου
1520 3453 1658 3520 πρός
1687 3471 1808 3507 τινα
1858 3454 1966 3508 τῶν
1995 3457 2052 3509 ὲν

472 3533 746 3602 ἁπλότητι
779 3536 1125 3603 μοναζόντων
1163 3538 1412 3611 ὑπακοὴν
1451 3541 1614 3596 αὐτὸν
1671 3543 2051 3614 ὑποκρινάμε-

475 3643 587 3694 νον,
627 3631 690 3680 ἐκ
721 3628 915 3681 τούτου
943 3630 1042 3693 τὰς
1073 3629 1246 3694 λαϐὰς
1283 3633 1546 3704 εὑρέσθαι
1571 3634 1703 3688 ’τῶν
1733 3652 2051 3709 κατηγορη-

477 3720 688 3789 μάτων,
716 3721 790 3783 ὠς
820 3721 915 3775 καὶ
945 3723 973 3776 6
1004 3722 1284 3787 συνοδικὸς
1311 3724 1481 3795 τόμος
1504 3725 1814 3796 καταφανὲς
1841 3727 2054 3783 τίθεται

471 3814 587 3875 τοῖς
618 3812 992 3885 βουλομένοις.
1020 3814 1167 3887 Πρὸς
1206 3815 1264 3869 δέ
1291 3818 1406 3881 τοῖς
1438 3819 1755 3888 εἰρημένοις
1780 3819 1861 3884 τίς
1889 3820 1919 3874 ὁ
1944 3822 2053 3876 τῶν

471 3901 647 3970 λόγων
678 3903 899 3975 ἄρχων;
930 3905 1029 3976 οὐχ
1063 3906 1091 3959 6
1120 3906 1466 3977 κατηγορῶν,
1502 3908 1600 3979 οὐχ
1629 3908 1658 3962 6
1693 3909 1966 3977 ἐγκαλῶν,
1994 3910 2054 3976 δς

470 3990 540 4065 ἦν
567 3996 818 4065 φανερῶς
843 3996 1007 4061 αὐτός
1032 4014 1049 4064 ;
1076 3998 1274 4070 Ἡμεῖς
1301 4000 1344 4053 δ’
1366 4001 1429 4055 οὐ
1464 4003 1604 4071 μετά
1635 4002 1812 4074 μῆνας
1839 4006 2051 4077 ἥκομεν

470 4088 633 4154 ἑπτὰ,
676 4093 1103 4162 πατριαρχικοῖς
1135 4094 1432 4164 γράμμασι
1469 4096 1895 4166 μετάπεμπτοι;
1928 4099 2053 4164 Πῶς

469 4174 564 4233 οὖν
600 4180 661 4233 οὐ
699 4182 898 4243 παντὸς
938 4182 1141 4254 μᾶλλον
1167 4184 1428 4253 ἐκφανὲς,
1455 4186 1531 4250 ὡς
1559 4187 1662 4259 οὐχ
1687 4188 1846 4258 ἡμεῖς
1875 4190 1924 4244 oi
1951 4189 2052 4261 τὴν

474 4271 651 4343 ἀρχὴν
679 4273 782 4343 τῆς
820 4273 958 4343 πρὸς
993 4274 1159 4328 αὐτὸν
1193 4274 1504 4344 ἀντιλογίας
1557 4276 2046 4347 καταὸαλλόμενοι,

2160 774 2343 843 potius
2373 774 2530 831 valde
2561 778 2758 833 malam
2792 797 2808 839 :
2848 783 3165 854 suspicatus
3207 795 3293 841 est
3320 788 3465 841 enim
3496 802 3593 846 eos
3627 791 3730 845 im-

2160 861 2305 930 piam
2359 865 2604 933 profiteri
2656 868 2986 937 doctrinam,
3037 874 3102 928 ad
3159 890 3323 945 quam
3375 876 3732 937 refellendum

2159 953 2541 1010 refutationem
2568 961 2896 1029 composuit.
2927 963 3121 1034 Itaque
3148 980 3177 1019 a
3207 968 3422 1022 nemine
3449 970 3556 1026 dici
3610 986 3737 1043 pos-

2160 1052 2243 1100 set
2274 1048 2387 1116 ipse
2418 1047 2812 1120 disputationis
2841 1051 3197 1110 fundamenta
3221 1056 3449 1128 iecisse.

2237 1227 2467 1295 aneoph.
2506 1219 2672 1284 Recte
2704 1229 2843 1285 dixit
2884 1232 3108 1303 quidam
3155 1244 3404 1293 veterum
3454 1236 3734 1296 Cmsarum

2163 1332 2269 1372 non
2309 1321 2629 1389 praebendas
2680 1337 2801 1379 esse
2849 1325 3040 1381 ambas
3079 1341 3241 1383 aures
3291 1333 3734 1400 accusatoribus,

2161 1411 2255 1465 sed
2291 1420 2344 1465 et
2399 1426 2457 1465 se
2493 1412 2787 1470 defensura
2842 1431 3006 1472 unam
3060 1434 3249 1473 aurem
3299 1420 3568 1492 inlegsam
3616 1439 3740 1480 esse

2162 1502 2506 1566 servandam,
2544 1504 2614 1558 ita
2661 1516 2716 1558 ut
2770 1507 2906 1561 nihil
2941 1508 3260 1564 admittatur
3317 1522 3413 1566 aut
3461 1512 3742 1583 rejiciatur

2164 1596 2296 1664 quin
2328 1605 2567 1665 utraque
2594 1612 2724 1667 pars
2772 1599 2958 1653 audita
3002 1600 3188 1655 fuerit.
3221 1599 3339 1654 Non
3387 1601 3575 1657 eadem
3623 1601 3741 1659 fere

2161 1689 2228 1744 ad
2250 1692 2478 1745 verbum
2525 1691 2578 1744 in
2619 1691 2832 1762 synodo
2860 1693 3137 1748 enarravit
3171 1694 3418 1748 Barlaam
3445 1711 3461 1761 ;
3504 1706 3557 1749 et
3590 1696 3737 1750 'dum

2163 1782 2502 1850 loqueretur,
2552 1785 2720 1839 multa
2771 1785 2963 1839 saucio
3017 1799 3213 1855 passus
3256 1801 3378 1841 sum
3420 1788 3606 1842 animo
3637 1802 3738 1859 pro

2161 1872 2268 1927 illis
2303 1873 2558 1930 videlicet
2583 1889 2705 1944 quae
2730 1874 2951 1930 dicebas
2975 1876 3216 1946 scriptis.
3249 1875 3355 1932 Sed
3389 1879 3455 1932 ad
3486 1878 3740 1933 refellen-

2163 1965 2292 2020 dum
2323 1982 2446 2036 quae
2470 1968 2749 2024 asserebat
2771 1983 2946 2038 pauco
2977 1970 3136 2025 nobis
3160 1984 3413 2026 sermone
3432 1986 3571 2041 opus
3599 1971 3696 2025 fuit
3719 1987 3734 2027 :

2164 2073 2288 2112 nam
2327 2074 2418 2115 res
2449 2059 2582 2127 ipsae
2604 2059 2998 2116 irrefutabilem
3023 2061 3182 2117 nobis
3203 2063 3622 2133 suppeditabant
3655 2079 3743 2118 re-

2158 2151 2506 2208 futationem.
2527 2152 2894 2208 Produximus
2925 2152 3072 2208 enim
3097 2161 3151 2208 et
3171 2154 3516 2211 ostendimus
3529 2155 3739 2225 scripta

2160 2242 2309 2297 illius
2347 2243 2556 2298 nostris
2597 2246 2772 2300 multo
2818 2245 3118 2310 anteriora,
3155 2262 3277 2317 quae
3314 2247 3380 2301 ad
3411 2256 3736 2316 praesentem

2159 2330 2310 2387 litem
2347 2334 2675 2402 attinebant,
2709 2343 2763 2390 et
2809 2335 3014 2406 quibus
3058 2348 3247 2393 nostra
3284 2337 3734 2393 obluctabantur.

2162 2424 2267 2481 Sed
2300 2426 2410 2481 illis
2442 2442 2472 2480 a
2516 2425 2908 2484 Thessalonica
2943 2429 3143 2484 ablatis
3174 2439 3229 2484 et
3262 2444 3293 2484 e
3331 2441 3645 2500 conspectu,
3678 2441 3737 2485 ut

2158 2520 2408 2591 putabat,
2446 2519 2754 2587 subductis,
2783 2521 2892 2575 alia
2927 2520 3130 2576 ibidem
3160 2521 3444 2579 substituit
3478 2537 3597 2593 qua:
3623 2538 3733 2579 uno

2157 2622 2283 2681 post
2336 2626 2480 2665 anno
2539 2620 2731 2665 contra
2794 2612 3182 2668 refutationem
3237 2623 3476 2669 nostram
3512 2629 3736 2683 compo-

2159 2712 2361 2767 suerat,
2401 2716 2454 2759 et
2488 2703 2694 2773 ignaris
2735 2702 2893 2759 facile
2912 2706 3183 2774 persuasit
3206 2721 3265 2761 se
3301 2706 3735 2762 controversiam

2160 2812 2269 2852 non
2293 2811 2549 2852 exorsum
2571 2810 2715 2853 esse.
2745 2796 2851 2852 Sed
2874 2812 2984 2852 non
3015 2798 3199 2854 minus
3225 2799 3381 2853 facile
3406 2800 3619 2855 detecta
3645 2809 3734 2856 est

2159 2890 2311 2945 fraus
2340 2897 2394 2945 et
2411 2889 2652 2955 fallacia,
2672 2888 2799 2959 quia
2829 2888 3354 2947 Thessalonicenses
3383 2892 3611 2948 aderant
3634 2895 3737 2949 viri

2158 2983 2396 3038 scientes
2433 2983 2717 3052 quaesitam
2759 2982 3027 3054 originem
3052 2984 3292 3049 patuisse
3347 2995 3583 3053 quatuor
3608 2995 3737 3040 ante

2157 3075 2340 3142 annis,
2371 3075 2595 3146 quando
2617 3076 2709 3130 ille
2740 3075 2925 3132 forsan
2950 3076 3230 3132 nesciebat
3254 3077 3343 3131 ubi
3364 3092 3465 3133 nos
3483 3093 3735 3134 essemus

2158 3183 2259 3223 nec
2286 3167 2482 3223 litteris
2506 3183 2750 3238 unquam
2775 3169 3062 3225 nobiscum
3077 3170 3386 3225 collocutus
3415 3180 3537 3229 erat
3563 3187 3578 3224 :
3604 3181 3738 3227 tunc

2160 3262 2329 3329 enim,
2359 3270 2467 3315 tam
2492 3261 2654 3332 longe
2676 3261 2947 3327 anterius,
2972 3261 3239 3318 simulans
3269 3277 3329 3317 se
3359 3263 3594 3333 simplici
3616 3266 3740 3320 cui-

2081 3366 2124 3426 ο
2160 3354 2285 3407 dam
2312 3351 2594 3417 monacho
2615 3366 2824 3409 morem
2859 3368 3067 3423 gerere,
3092 3369 3156 3411 ea
3202 3354 3479 3411 inchoavit
3500 3373 3736 3428 quorttm

2158 3455 2474 3508 accusatur,
2501 3452 2562 3499 ut
2594 3445 2648 3499 in
2675 3444 2829 3500 Actis
2860 3447 3053 3516 synodi
3078 3446 3227 3502 clare
3254 3448 3460 3503 videbit
3484 3451 3735 3521 quisquis

2122 3536 2127 3541 ⁴
2158 3536 2412 3591 voluerit.
2431 3534 2718 3602 Praeterea,
2738 3535 2862 3605 quis
2879 3536 3267 3593 controversiae
3290 3546 3482 3594 auctor
3507 3541 3526 3594 ἶ
3557 3556 3738 3598 nonne

2157 3637 2466 3694 accusator,
2498 3642 2680 3683 nonne
2713 3628 3100 3684 insimulator?
3133 3631 3280 3701 quod
3305 3632 3420 3703 ipse
3457 3635 3738 3693 evidenter

2159 3728 2296 3775 erat.
2328 3718 2437 3774 Nos
2469 3735 2599 3774 vero
2629 3734 2812 3775 nonne
2835 3730 3182 3790 postseptem
3211 3739 3431 3780 menses
3460 3727 3734 3794 venimus,

2155 3812 2483 3883 patriarcha:
2500 3811 2698 3867 litteris
2717 3811 2998 3867 accersiti?
3022 3810 3214 3869 Nonne
3236 3814 3401 3886 igitur
3431 3818 3737 3876 clarissime

2153 3916 2281 3960 ante
2297 3903 2480 3959 omnia
2508 3904 2675 3973 liquet
2693 3918 2800 3958 non
2823 3901 3347 3961 nobi’s’tribuendnm
3373 3922 3493 3962 esse
3515 3909 3732 3965 initium

2157 4000 2552 4071 disputationis
2572 4001 2639 4056 ad
2669 3999 2821 4054 illum
2863 4002 3199 4071 spectantis?
3229 4002 3583 4073 Ceteroquin,
3617 4006 3734 4062 sive

2156 4096 2224 4151 ab
2258 4110 2343 4160 eo,
2379 4092 2495 4147 sive
2529 4106 2557 4145 a
2594 4090 2753 4145 nobis
2776 4098 2964 4145 exorta
2993 4092 3085 4155 sit,
3114 4108 3296 4147 nonne
3321 4091 3414 4146 ille
3440 4095 3615 4166 magis
3649 4097 3734 4149 in-

2161 4184 2470 4255 culpandns
2492 4191 2578 4238 est
2607 4181 2692 4237 vel
2728 4182 2912 4251 potius
2945 4181 3319 4237 exsecrandus
3341 4183 3434 4253 qui
3460 4183 3628 4255 impia
3654 4186 3728 4242 lu-

2165 4254 2354 4350 quitur
2381 4291 2544 4346 quam
2575 4274 2667 4346 qui
2699 4275 2966 4329 duntaxat
2997 4273 3316 4329 inchoavit?

467 4363 530 4415 οὗ
561 4363 667 4434 μὴν
694 4364 811 4418 ἀλλ’
854 4364 953 4418 εἶτ’
986 4368 1198 4430 ἐκεῖνος
1242 4362 1411 4440 ἧρξεν
1442 4368 1541 4423 εἴθ’
1571 4370 1759 4441 ἡμεῖς,
1785 4372 1813 4425 6
1842 4371 2123 4439 δυσσεὸὦς
2186 4375 2361 4443 λέγων
2402 4371 2637 4442 μάλιστα
2706 4367 3010 4438 μεμπτέος,
3052 4366 3258 4438 μᾶλλον
3332 4366 3390 4422 δέ
3456 4369 3551 4423 καὶ
3596 4371 3734 4425 ἀπο-

467 4458 750 4528 τρόπαιος,
785 4458 904 4521 ἀλλ’
937 4460 1035 4532 οὐχ
1062 4460 1253 4526 ἁπλῶς
1279 4463 1308 4514 6
1333 4462 1503 4533 ἄρξας
1531 4483 1547 4533 ;

543 4557 711 4609 Θεότ.
743 4550 819 4609 Εὖ
844 4556 1050 4625 λέγεις.
1081 4557 1256 4611 Τοῦτο
1291 4559 1389 4630 μὲν
1431 4559 1496 4631 δὴ
1531 4563 1624 4617 καὶ
1659 4563 2041 4636 προύργιαίτεο

2229 4563 2412 4620 Theot.
2439 4561 2583 4614 Bene
2624 4558 2884 4628 loqueris.
2921 4556 2973 4613 ld
3010 4558 3228 4627 quidem
3262 4557 3457 4613 melius
3491 4568 3634 4613 esset
3665 4575 3732 4615 ac

469 4664 563 4716 ρον
591 4647 659 4701 ἂν
690 4646 777 4717 εἴη
806 4648 897 4705 καὶ
929 4649 1357 4723 δυσχερέστερον
1402 4654 1596 4722 μαθεῖν
1620 4656 1792 4727 ’⁸ὲμοὶ
1815 4656 1873 4711 δέ
1921 4659 2048 4713 οὔκ-

467 4739 543 4793 έτ⁹
581 4741 1070 4811 ἀμφισϐητήσιμον
1096 4743 1248 4798 οὐδέν
1274 4760 1289 4775 ο
1342 4747 1438 4798 καὶ
1472 4746 1579 4818 γὰρ
1607 4747 1781 4816 ἔγνων
1802 4750 2046 4821 ἀκριϐῶς

472 4830 568 4903 τὴν
597 4831 694 4884 τοῦ
744 4833 937 4901 ἀνδρὸς
972 4833 1297 4897 κακοδοξίαν
1351 4837 1472 4909 ὅση.
1513 4837 1750 4909 Μακρᾶς
1794 4838 1850 4897 δὲ
1878 4839 2044 4917 οὔσης

471 4925 565 4979 καὶ
590 4922 948 4992 πολυσχιδοῦς
974 4923 1069 4977 καὶ
1103 4925 1205 4977 ὑπὸ
1232 4924 1340 4977 τῶν
1365 4923 1768 4997 διαδεξαμένων
1789 4931 2045 5002 αὐξηθεί-

469 5032 569 5085 σης
601 5015 658 5078 ἐς
691 5016 758 5068 τὰ
785 5014 1043 5086 μάλιστα,
1079 5016 1302 5086 μεθόδου
1338 5017 1481 5082 τινὸς
1523 5019 1738 5091 δέομαι,
1765 5021 1888 5079 καθ’
1917 5023 2041 5077 ὅσον

467 5101 642 5159 οἷόντε
674 5107 1153 5179 συντετμημένης,
1188 5107 1290 5161 οὐκ
1320 5111 1399 5173 είς
1439 5110 1769 5185 κατάληψιν,
1800 5112 1917 5166 ἀλλ’
1961 5116 2042 5176 εἰς

465 5198 798 5266 διασᾶφησίν
846 5217 906 5252 τε
937 5203 1033 5254 καὶ
1061 5200 1286 5269 ἔλεγχον
1337 5201 1545 5272 αὐτῆς*
1589 5203 1681 5256 καὶ
1727 5204 1820 5257 σοῦ
1850 5204 2043 5275 δέομαι

467 5290 543 5361 μὴ
576 5290 787 5345 ἀνεῖναι
837 5292 980 5345 κατὰ
1014 5291 1074 5345 τὸ
1130 5292 1432 5362 ἐγχωροῦν,
1483 5293 1600 5345 ὁδὸν
1653 5295 2043 5367 ὑφηγήσασθαι

463 5384 741 5454 τοιαύτην,
768 5385 914 5448 ὅπως
941 5383 1010 5438 δι’
1040 5384 1214 5455 αὐτῆς
1240 5386 1401 5454 ἡμεῖς
1431 5385 1625 5453 ἰόντες,
1658 5387 1752 5441 καὶ
1789 5388 1865 5452 ὡς
1893 5388 2041 5460 ὅπλῳ

463 5475 827 5546 κυκλούμενοι
879 5478 948 5548 τῇ
1002 5476 1255 5548 ἀληθείᾳ,
1309 5481 1616 5543 πιπτούσας
1675 5480 1894 5552 ὁρῶμεν
1942 5484 2042 5548 τὰς

460 5571 689 5629 ἐκείνων
717 5570 1058 5641 λεσχηνείας,
1091 5570 1381 5640 ψαλμικῶς
1403 5572 1596 5637 εἰπεῖν,
1626 5570 1690 5624 ἔκ
1715 5590 1774 5625 τε
1802 5575 1898 5628 τοῦ
1930 5575 2045 5629 κλί-

459 5681 586 5725 τους
620 5664 713 5715 καὶ
753 5664 816 5715 ἐκ
848 5661 1065 5726 δεξιῶν,
1099 5664 1233 5732 ἡμῖν
1265 5663 1321 5723 δὲ
1353 5662 1429 5732 μὴ
1461 5661 1811 5731 ἐγγιζούσας.

532 5758 712 5822 83059.
743 5753 818 5806 Οὐ
844 5753 1045 5825 μικρόν
1071 5754 1188 5806 ἐστι
1209 5752 1269 5809 τὸ
1295 5752 1529 5823 αἴτημα,
1559 5748 1604 5807 ὦ
1632 5753 1897 5823 βέλτιστε,
1928 5753 2040 5823 ἐγώ

457 5865 520 5903 τε
550 5846 776 5909 τοιαῦτα
826 5846 965 5901 ἄττα
1013 5845 1136 5905 οὔτε
1167 5847 1399 5903 συνιδεῖν
1450 5848 1578 5913 ὀξὺς
1631 5846 1755 5906 οὔτε
1803 5848 2038 5915 ἐξειπεῖν

456 5940 650 6002 δεινός.
687 5941 795 6011 Σὴν
822 5939 869 5992 δ’
892 5939 1042 6011 ὅμως
1076 5938 1256 6010 χάριν,
1288 5939 1413 5991 ἐπεὶ
1444 5940 1672 6001 καὶτοῖς
1699 5938 1839 6009 ὑπὲρ
1872 5938 2034 5993 δύναα

460 6052 552 6109 μιν
584 6034 620 6101 ἡ
669 6033 857 6105 ἀγάπη
918 6034 1116 6100 πείθει,
1176 6033 1469 6105 ἐγχειρεῖν,
1527 6032 1754 6104 σχήσειν
1804 6031 2031 6098 ἐλπίσας

2155 4644 2429 4709 difﬁcilius
2459 4653 2705 4716 discere;
2741 4649 2872 4702 mihi
2909 4664 3035 4703 vero
3065 4649 3289 4705 minime
3329 4648 3554 4701 dubium
3605 4659 3726 4708 est:

2154 4745 2431 4814 percallco
2462 4744 2606 4795 enim
2655 4750 2897 4811 quantus
2934 4741 3004 4793 sit
3057 4739 3218 4793 istius
3266 4738 3368 4793 viri
3407 4754 3583 4794 error.
3619 4740 3725 4805 Qui

2155 4852 2280 4895 cum
2306 4833 2377 4888 sit
2417 4834 2624 4891 multus
2658 4845 2722 4885 ac
2744 4831 3023 4896 multiplex
3055 4836 3112 4883 el.
3155 4843 3183 4883 a
3226 4831 3640 4886 successoribus
3672 4834 3725 4885 in

2152 4928 2425 4984 deteriora
2461 4935 2680 4988 auctus,
2729 4922 2986 4978 methodo
3030 4921 3212 4990 aliqua
3263 4921 3500 4992 indigeo,
3543 4930 3728 4992 quoad

2154 5019 2267 5074 fieri
2300 5026 2477 5089 potest
2530 5015 2782 5086 praecisa,
2836 5029 2946 5068 non
2981 5013 3047 5068 ad
3104 5013 3250 5069 hunc
3310 5013 3724 5084 intelligendum

2150 5112 2393 5183 quidem,
2436 5108 2530 5163 sed
2572 5106 2961 5163 elucidandum
3022 5113 3078 5159 et
3126 5103 3518 5169 refellendum;
3564 5114 3725 5181 teque

2154 5220 2249 5259 orn
2278 5210 2336 5255 ut
2368 5215 2476 5255 non
2531 5201 2774 5262 omittas,
2804 5207 3072 5266 quantum
3120 5206 3296 5267 potes,
3337 5198 3499 5251 talem
3539 5208 3730 5251 Oslcn-

2156 5296 2283 5350 dere
2320 5295 2485 5358 viam,
2516 5308 2622 5361 qua
2652 5306 2752 5346 nos
2781 5289 3152 5357 ambulantes,
3185 5297 3242 5344 et
3268 5290 3426 5359 quasi
3457 5300 3613 5343 scuto
3637 5306 3726 5353 ve-

2151 5391 2329 5447 ritatis
2357 5387 2703 5452 circumdati,
2741 5400 2932 5440 eorum
2966 5385 3154 5440 deliria
3199 5384 3499 5447 videamus,
3533 5394 3595 5438 ut
3622 5382 3727 5440 fert

2151 5485 2416 5556 psalmus,
2447 5481 2697 5536 cadentia
2723 5495 2751 5533 a
2782 5480 2950 5533 latere
2976 5485 3031 5533 et
3063 5492 3094 5531 a
3121 5477 3327 5531 dexteris
3347 5515 3363 5541 ,
3394 5479 3599 5533 ad‘nos
3629 5494 3730 5534 au-

2150 5588 2257 5633 tem
2291 5592 2398 5632 non
2432 5574 2947 5646 appropinquantia,

2220 5755 2450 5824 Tlteoph.
2483 5752 2640 5809 Haud
2668 5768 2859 5823 parum
2891 5760 2976 5807 est
3016 5748 3162 5821 quod
3196 5750 3470 5821 postulas,
3510 5750 3724 5807 charis-

2148 5848 2315 5916 sime,
2342 5862 2517 5916 neque
2540 5864 2641 5918 ego
2672 5857 2781 5902 tam
2827 5845 3118 5915 perspicax
3166 5845 3258 5913 qui
3301 5854 3449 5899 tanta
3503 5845 3722 5915 conspi-

2144 5941 2303 6007 ciam,
2339 5957 2517 6006 nequc
2546 5951 2652 5993 tam
2687 5940 3040 6007 disertus-qui
3076 5936 3204 5993 talia
3254 5937 3506 6006 eloquar.
3555 5940 3716 5993 Atta-

2144 6049 2287 6103 men,
2320 6048 2440 6089 cum
2488 6047 2665 6104 supra
2726 6032 2868 6086 vires
2918 6029 3137 6102 aggredi
3178 6030 3403 6087 suadeat
3451 6028 3716 6095 Charitas,
