  <div class='ocr_page' id='page_1' title='image "/cluster/home/n/w/nwhite01/storage/ocr_20150623/150:no.1/coo.31924054870559/465.png"; bbox 0 0 4046 6494; ppageno 0'>
   <div class='ocr_carea' id='block_1_1' title="bbox 430 528 539 594">
    <p class='ocr_par' dir='ltr' id='par_1_1' title="bbox 430 528 539 594">
     <span class='ocr_line' id='line_1_1' title="bbox 430 528 539 594; baseline 0.009 -1"><span class='ocrx_word' id='word_1_1' title='bbox 430 528 539 594; x_wconf 79' lang='grc'><strong>915</strong></span> 
     </span>
    </p>
   </div>
   <div class='ocr_carea' id='block_1_2' title="bbox 1698 533 2430 596">
    <p class='ocr_par' dir='ltr' id='par_1_2' title="bbox 1698 533 2430 596">
     <span class='ocr_line' id='line_1_2' title="bbox 1698 533 2430 596; baseline 0 -2"><span class='ocrx_word' id='word_1_2' title='bbox 1698 533 2072 596; x_wconf 82' lang='lat' dir='ltr'><strong>GREGORI]</strong></span> <span class='ocrx_word' id='word_1_3' title='bbox 2104 535 2193 594; x_wconf 80' lang='lat' dir='ltr'><strong>PA</strong></span> <span class='ocrx_word' id='word_1_4' title='bbox 2205 533 2430 596; x_wconf 66' lang='grc' dir='ltr'><strong>[ΑΜΕ</strong></span> 
     </span>
    </p>
   </div>
   <div class='ocr_carea' id='block_1_3' title="bbox 3581 530 3679 596">
    <p class='ocr_par' dir='ltr' id='par_1_3' title="bbox 3581 530 3679 596">
     <span class='ocr_line' id='line_1_3' title="bbox 3581 530 3679 596; baseline 0.02 -3"><span class='ocrx_word' id='word_1_5' title='bbox 3581 530 3679 596; x_wconf 76' lang='grc'><strong>916</strong></span> 
     </span>
    </p>
   </div>
   <div class='ocr_carea' id='block_1_4' title="bbox 435 644 2029 720">
    <p class='ocr_par' dir='ltr' id='par_1_4' title="bbox 435 644 2014 717">
     <span class='ocr_line' id='line_1_4' title="bbox 435 644 2014 717; baseline 0.001 -16"><span class='ocrx_word' id='word_1_6' title='bbox 435 660 665 716; x_wconf 75' lang='lat' dir='ltr'><strong>sperans</strong></span> <span class='ocrx_word' id='word_1_7' title='bbox 695 644 1090 701; x_wconf 81' lang='lat' dir='ltr'><strong>auxiliaturum</strong></span> <span class='ocrx_word' id='word_1_8' title='bbox 1125 646 1260 702; x_wconf 85' lang='lat' dir='ltr'><strong>mihi</strong></span> <span class='ocrx_word' id='word_1_9' title='bbox 1289 648 1458 703; x_wconf 91' lang='lat' dir='ltr'><strong>Deum</strong></span> <span class='ocrx_word' id='word_1_10' title='bbox 1483 647 1795 713; x_wconf 76' lang='lat' dir='ltr'><strong>cliaritatis,</strong></span> <span class='ocrx_word' id='word_1_11' title='bbox 1819 663 2014 717; x_wconf 86' lang='lat' dir='ltr'><strong>quem-</strong></span> 
     </span>
    </p>
   </div>
   <div class='ocr_carea' id='block_1_5' title="bbox 2132 644 3682 720">
    <p class='ocr_par' dir='ltr' id='par_1_5' title="bbox 2132 646 3682 720">
     <span class='ocr_line' id='line_1_5' title="bbox 2132 646 3682 720; baseline -0.001 -16"><span class='ocrx_word' id='word_1_12' title='bbox 2132 650 2468 720; x_wconf 70' lang='grc' dir='ltr'>ςυλλήτιτορα</span> <span class='ocrx_word' id='word_1_13' title='bbox 2520 649 2614 703; x_wconf 66' lang='grc' dir='ltr'>τὸν</span> <span class='ocrx_word' id='word_1_14' title='bbox 2649 667 2750 720; x_wconf 87' lang='grc' dir='ltr'><strong>της</strong></span> <span class='ocrx_word' id='word_1_15' title='bbox 2804 649 3025 720; x_wconf 80' lang='grc' dir='ltr'><strong>ἀγάπης</strong></span> <span class='ocrx_word' id='word_1_16' title='bbox 3067 647 3222 709; x_wconf 77' lang='grc' dir='ltr'>Θεδν,</span> <span class='ocrx_word' id='word_1_17' title='bbox 3273 646 3535 716; x_wconf 81' lang='grc' dir='ltr'>γνώμονά</span> <span class='ocrx_word' id='word_1_18' title='bbox 3574 665 3682 702; x_wconf 89' lang='grc' dir='ltr'>τινα</span> 
     </span>
    </p>
   </div>
   <div class='ocr_carea' id='block_1_6' title="bbox 433 737 2013 810">
    <p class='ocr_par' dir='ltr' id='par_1_6' title="bbox 433 737 2013 810">
     <span class='ocr_line' id='line_1_6' title="bbox 433 737 2013 810; baseline 0.001 -17"><span class='ocrx_word' id='word_1_19' title='bbox 433 739 558 793; x_wconf 90' lang='lat' dir='ltr'><strong>dam</strong></span> <span class='ocrx_word' id='word_1_20' title='bbox 611 738 929 808; x_wconf 79' lang='lat' dir='ltr'><strong>dogmatum</strong></span> <span class='ocrx_word' id='word_1_21' title='bbox 977 737 1212 793; x_wconf 83' lang='lat' dir='ltr'><strong>indicem</strong></span> <span class='ocrx_word' id='word_1_22' title='bbox 1261 739 1544 794; x_wconf 85' lang='lat' dir='ltr'><strong>elaborare</strong></span> <span class='ocrx_word' id='word_1_23' title='bbox 1597 740 1841 794; x_wconf 87' lang='lat' dir='ltr'><strong>conabor</strong></span> <span class='ocrx_word' id='word_1_24' title='bbox 1903 756 2013 810; x_wconf 89' lang='lat' dir='ltr'><strong>quo</strong></span> 
     </span>
    </p>
   </div>
   <div class='ocr_carea' id='block_1_7' title="bbox 438 831 2014 902">
    <p class='ocr_par' dir='ltr' id='par_1_7' title="bbox 438 831 2014 902">
     <span class='ocr_line' id='line_1_7' title="bbox 438 831 2014 902; baseline 0.001 -18"><span class='ocrx_word' id='word_1_25' title='bbox 438 847 570 886; x_wconf 83' lang='lat' dir='ltr'><strong>vera</strong></span> <span class='ocrx_word' id='word_1_26' title='bbox 607 847 637 885; x_wconf 93' lang='lat' dir='ltr'><strong>a</strong></span> <span class='ocrx_word' id='word_1_27' title='bbox 670 831 821 886; x_wconf 78' lang='lat' dir='ltr'><strong>falsis</strong></span> <span class='ocrx_word' id='word_1_28' title='bbox 854 831 1090 887; x_wconf 88' lang='lat' dir='ltr'><strong>discerni</strong></span> <span class='ocrx_word' id='word_1_29' title='bbox 1130 833 1364 902; x_wconf 88' lang='lat' dir='ltr'><strong>possint.</strong></span> <span class='ocrx_word' id='word_1_30' title='bbox 1399 833 1500 888; x_wconf 84' lang='lat' dir='ltr'><strong>liic</strong></span> <span class='ocrx_word' id='word_1_31' title='bbox 1539 833 1633 890; x_wconf 87' lang='lat' dir='ltr'><strong>tibi</strong></span> <span class='ocrx_word' id='word_1_32' title='bbox 1667 843 1776 888; x_wconf 88' lang='lat' dir='ltr'><strong>tam</strong></span> <span class='ocrx_word' id='word_1_33' title='bbox 1813 848 2014 889; x_wconf 88' lang='lat' dir='ltr'><strong>conve-</strong></span> 
     </span>
    </p>
   </div>
   <div class='ocr_carea' id='block_1_8' title="bbox 436 923 2014 996">
    <p class='ocr_par' dir='ltr' id='par_1_8' title="bbox 436 923 2014 996">
     <span class='ocr_line' id='line_1_8' title="bbox 436 923 2014 996; baseline 0.001 -19"><span class='ocrx_word' id='word_1_34' title='bbox 436 924 598 979; x_wconf 88' lang='lat' dir='ltr'><strong>niens</strong></span> <span class='ocrx_word' id='word_1_35' title='bbox 637 923 762 987; x_wconf 90' lang='lat' dir='ltr'><strong>erit,</strong></span> <span class='ocrx_word' id='word_1_36' title='bbox 799 929 859 978; x_wconf 91' lang='lat' dir='ltr'><strong>ut</strong></span> <span class='ocrx_word' id='word_1_37' title='bbox 893 923 1173 979; x_wconf 89' lang='lat' dir='ltr'><strong>adducens</strong></span> <span class='ocrx_word' id='word_1_38' title='bbox 1204 940 1562 996; x_wconf 85' lang='lat' dir='ltr'><strong>quascunque</strong></span> <span class='ocrx_word' id='word_1_39' title='bbox 1598 924 1862 990; x_wconf 89' lang='lat' dir='ltr'><strong>volueris,</strong></span> <span class='ocrx_word' id='word_1_40' title='bbox 1907 940 2014 979; x_wconf 92' lang='lat' dir='ltr'><strong>non</strong></span> 
     </span>
    </p>
   </div>
   <div class='ocr_carea' id='block_1_9' title="bbox 435 1016 2017 1087">
    <p class='ocr_par' dir='ltr' id='par_1_9' title="bbox 435 1016 2017 1087">
     <span class='ocr_line' id='line_1_9' title="bbox 435 1016 2017 1087; baseline 0.001 -16"><span class='ocrx_word' id='word_1_41' title='bbox 435 1016 614 1071; x_wconf 89' lang='lat' dir='ltr'><strong>solum</strong></span> <span class='ocrx_word' id='word_1_42' title='bbox 668 1029 734 1070; x_wconf 79' lang='lat' dir='ltr'><strong>ex</strong></span> <span class='ocrx_word' id='word_1_43' title='bbox 775 1032 955 1086; x_wconf 83' lang='lat' dir='ltr'><strong>nuper</strong></span> <span class='ocrx_word' id='word_1_44' title='bbox 985 1016 1229 1087; x_wconf 82' lang='lat' dir='ltr'><strong>agitatis,</strong></span> <span class='ocrx_word' id='word_1_45' title='bbox 1261 1017 1358 1073; x_wconf 85' lang='lat' dir='ltr'><strong>sed</strong></span> <span class='ocrx_word' id='word_1_46' title='bbox 1389 1018 1554 1073; x_wconf 89' lang='lat' dir='ltr'><strong>etiam</strong></span> <span class='ocrx_word' id='word_1_47' title='bbox 1587 1033 1652 1071; x_wconf 79' lang='lat' dir='ltr'><strong>ex</strong></span> <span class='ocrx_word' id='word_1_48' title='bbox 1689 1017 1802 1072; x_wconf 85' lang='lat' dir='ltr'><strong>fere</strong></span> <span class='ocrx_word' id='word_1_49' title='bbox 1836 1017 2017 1072; x_wconf 90' lang='lat' dir='ltr'><strong>omnis</strong></span> 
     </span>
    </p>
   </div>
   <div class='ocr_carea' id='block_1_10' title="bbox 435 1105 2016 1176">
    <p class='ocr_par' dir='ltr' id='par_1_10' title="bbox 435 1105 2016 1176">
     <span class='ocr_line' id='line_1_10' title="bbox 435 1105 2016 1176; baseline 0.002 -16"><span class='ocrx_word' id='word_1_50' title='bbox 435 1106 538 1161; x_wconf 69' lang='lat' dir='ltr'><strong>aevi</strong></span> <span class='ocrx_word' id='word_1_51' title='bbox 589 1105 1011 1176; x_wconf 68' lang='lat' dir='ltr'><strong>quaestionibus,</strong></span> <span class='ocrx_word' id='word_1_52' title='bbox 1062 1108 1245 1162; x_wconf 89' lang='lat' dir='ltr'><strong>discas</strong></span> <span class='ocrx_word' id='word_1_53' title='bbox 1298 1107 1354 1162; x_wconf 91' lang='lat' dir='ltr'><strong>in</strong></span> <span class='ocrx_word' id='word_1_54' title='bbox 1409 1109 1663 1164; x_wconf 88' lang='lat' dir='ltr'><strong>omnibus</strong></span> <span class='ocrx_word' id='word_1_55' title='bbox 1707 1108 2016 1163; x_wconf 77' lang='lat' dir='ltr'><strong>veritatem.</strong></span> 
     </span>
    </p>
   </div>
   <div class='ocr_carea' id='block_1_11' title="bbox 437 1197 2020 1273">
    <p class='ocr_par' dir='ltr' id='par_1_11' title="bbox 437 1197 2020 1273">
     <span class='ocr_line' id='line_1_11' title="bbox 437 1197 2020 1273; baseline -0.001 -22"><span class='ocrx_word' id='word_1_56' title='bbox 437 1197 594 1253; x_wconf 82' lang='lat' dir='ltr'><strong>Haud</strong></span> <span class='ocrx_word' id='word_1_57' title='bbox 629 1214 858 1270; x_wconf 79' lang='lat' dir='ltr'><strong>parvum</strong></span> <span class='ocrx_word' id='word_1_58' title='bbox 891 1200 981 1256; x_wconf 90' lang='lat' dir='ltr'><strong>ille</strong></span> <span class='ocrx_word' id='word_1_59' title='bbox 1010 1211 1156 1256; x_wconf 83' lang='lat' dir='ltr'><strong>esset</strong></span> <span class='ocrx_word' id='word_1_60' title='bbox 1187 1202 1426 1273; x_wconf 75' lang='lat' dir='ltr'><strong>signum,</strong></span> <span class='ocrx_word' id='word_1_61' title='bbox 1457 1200 1540 1255; x_wconf 79' lang='lat' dir='ltr'><strong>vel</strong></span> <span class='ocrx_word' id='word_1_62' title='bbox 1572 1201 1755 1271; x_wconf 86' lang='lat' dir='ltr'><strong>potius</strong></span> <span class='ocrx_word' id='word_1_63' title='bbox 1785 1199 2020 1255; x_wconf 79' lang='lat' dir='ltr'><strong>demoa-</strong></span> 
     </span>
    </p>
   </div>
   <div class='ocr_carea' id='block_1_12' title="bbox 437 1290 2020 1361">
    <p class='ocr_par' dir='ltr' id='par_1_12' title="bbox 437 1290 2020 1361">
     <span class='ocr_line' id='line_1_12' title="bbox 437 1290 2020 1361; baseline -0.001 -15"><span class='ocrx_word' id='word_1_64' title='bbox 437 1290 632 1346; x_wconf 90' lang='lat' dir='ltr'><strong>stratio</strong></span> <span class='ocrx_word' id='word_1_65' title='bbox 663 1291 972 1360; x_wconf 63' lang='lat' dir='ltr'><strong>praedicata:</strong></span> <span class='ocrx_word' id='word_1_66' title='bbox 1006 1306 1036 1345; x_wconf 90' lang='lat' dir='ltr'><strong>a</strong></span> <span class='ocrx_word' id='word_1_67' title='bbox 1068 1292 1227 1347; x_wconf 90' lang='lat' dir='ltr'><strong>nobis</strong></span> <span class='ocrx_word' id='word_1_68' title='bbox 1271 1291 1546 1357; x_wconf 86' lang='lat' dir='ltr'><strong>veritatis,</strong></span> <span class='ocrx_word' id='word_1_69' title='bbox 1580 1300 1638 1346; x_wconf 91' lang='lat' dir='ltr'><strong>et</strong></span> <span class='ocrx_word' id='word_1_70' title='bbox 1672 1292 1878 1346; x_wconf 84' lang='lat' dir='ltr'><strong>erroris</strong></span> <span class='ocrx_word' id='word_1_71' title='bbox 1911 1306 2020 1361; x_wconf 89' lang='lat' dir='ltr'><strong>quo</strong></span> 
     </span>
    </p>
   </div>
   <div class='ocr_carea' id='block_1_13' title="bbox 438 1384 2017 1454">
    <p class='ocr_par' dir='ltr' id='par_1_13' title="bbox 438 1384 2017 1454">
     <span class='ocr_line' id='line_1_13' title="bbox 438 1384 2017 1454; baseline 0 -16"><span class='ocrx_word' id='word_1_72' title='bbox 438 1385 758 1440; x_wconf 86' lang='lat' dir='ltr'><strong>detinentur</strong></span> <span class='ocrx_word' id='word_1_73' title='bbox 781 1385 876 1454; x_wconf 90' lang='lat' dir='ltr'><strong>qui</strong></span> <span class='ocrx_word' id='word_1_74' title='bbox 905 1385 1067 1441; x_wconf 89' lang='lat' dir='ltr'><strong>nobis</strong></span> <span class='ocrx_word' id='word_1_75' title='bbox 1097 1385 1479 1441; x_wconf 87' lang='lat' dir='ltr'><strong>contradicere</strong></span> <span class='ocrx_word' id='word_1_76' title='bbox 1515 1384 1742 1439; x_wconf 85' lang='lat' dir='ltr'><strong>audent.</strong></span> <span class='ocrx_word' id='word_1_77' title='bbox 1774 1385 1831 1439; x_wconf 92' lang='lat' dir='ltr'><strong>Si</strong></span> <span class='ocrx_word' id='word_1_78' title='bbox 1871 1385 2017 1438; x_wconf 91' lang='lat' dir='ltr'><strong>enim</strong></span> 
     </span>
    </p>
   </div>
   <div class='ocr_carea' id='block_1_14' title="bbox 438 1477 2019 1550">
    <p class='ocr_par' dir='ltr' id='par_1_14' title="bbox 438 1477 2019 1550">
     <span class='ocr_line' id='line_1_14' title="bbox 438 1477 2019 1550; baseline 0.001 -20"><span class='ocrx_word' id='word_1_79' title='bbox 438 1477 752 1548; x_wconf 87' lang='lat' dir='ltr'><strong>hujusmodi</strong></span> <span class='ocrx_word' id='word_1_80' title='bbox 783 1478 986 1534; x_wconf 89' lang='lat' dir='ltr'><strong>canoni</strong></span> <span class='ocrx_word' id='word_1_81' title='bbox 1017 1493 1326 1550; x_wconf 78' lang='lat' dir='ltr'><strong>repugnare</strong></span> <span class='ocrx_word' id='word_1_82' title='bbox 1369 1477 1738 1534; x_wconf 87' lang='lat' dir='ltr'><strong>ostendantur</strong></span> <span class='ocrx_word' id='word_1_83' title='bbox 1773 1477 1891 1532; x_wconf 84' lang='lat' dir='ltr'><strong>sive</strong></span> <span class='ocrx_word' id='word_1_84' title='bbox 1918 1492 2019 1532; x_wconf 83' lang='lat' dir='ltr'><strong>ve-</strong></span> 
     </span>
    </p>
   </div>
   <div class='ocr_carea' id='block_1_15' title="bbox 438 1569 2020 1642">
    <p class='ocr_par' dir='ltr' id='par_1_15' title="bbox 438 1569 2020 1642">
     <span class='ocr_line' id='line_1_15' title="bbox 438 1569 2020 1642; baseline 0.001 -19"><span class='ocrx_word' id='word_1_85' title='bbox 438 1578 584 1627; x_wconf 89' lang='lat' dir='ltr'><strong>teres</strong></span> <span class='ocrx_word' id='word_1_86' title='bbox 613 1569 880 1638; x_wconf 58' lang='lat' dir='ltr'><strong>haeretici,</strong></span> <span class='ocrx_word' id='word_1_87' title='bbox 915 1571 1032 1626; x_wconf 86' lang='lat' dir='ltr'><strong>sive</strong></span> <span class='ocrx_word' id='word_1_88' title='bbox 1061 1572 1156 1642; x_wconf 84' lang='lat' dir='ltr'><strong>qui</strong></span> <span class='ocrx_word' id='word_1_89' title='bbox 1199 1571 1359 1627; x_wconf 88' lang='lat' dir='ltr'><strong>nobis</strong></span> <span class='ocrx_word' id='word_1_90' title='bbox 1411 1570 1578 1626; x_wconf 88' lang='lat' dir='ltr'><strong>hodie</strong></span> <span class='ocrx_word' id='word_1_91' title='bbox 1608 1571 2020 1634; x_wconf 88' lang='lat' dir='ltr'><strong>contradicunt,</strong></span> 
     </span>
    </p>
   </div>
   <div class='ocr_carea' id='block_1_16' title="bbox 437 1664 2020 1737">
    <p class='ocr_par' dir='ltr' id='par_1_16' title="bbox 437 1664 2020 1737">
     <span class='ocr_line' id='line_1_16' title="bbox 437 1664 2020 1737; baseline 0.003 -22"><span class='ocrx_word' id='word_1_92' title='bbox 437 1674 746 1720; x_wconf 80' lang='lat' dir='ltr'><strong>eonSonare</strong></span> <span class='ocrx_word' id='word_1_93' title='bbox 784 1679 914 1719; x_wconf 86' lang='lat' dir='ltr'><strong>vero</strong></span> <span class='ocrx_word' id='word_1_94' title='bbox 943 1672 1060 1720; x_wconf 89' lang='lat' dir='ltr'><strong>tum</strong></span> <span class='ocrx_word' id='word_1_95' title='bbox 1089 1679 1214 1737; x_wconf 82' lang='lat' dir='ltr'><strong>quae</strong></span> <span class='ocrx_word' id='word_1_96' title='bbox 1265 1664 1418 1721; x_wconf 91' lang='lat' dir='ltr'><strong>omni</strong></span> <span class='ocrx_word' id='word_1_97' title='bbox 1453 1674 1723 1736; x_wconf 89' lang='lat' dir='ltr'><strong>tempore,</strong></span> <span class='ocrx_word' id='word_1_98' title='bbox 1758 1674 1872 1720; x_wconf 90' lang='lat' dir='ltr'><strong>tum</strong></span> <span class='ocrx_word' id='word_1_99' title='bbox 1903 1679 2020 1734; x_wconf 67' lang='lat' dir='ltr'><strong>qua:</strong></span> 
     </span>
    </p>
   </div>
   <div class='ocr_carea' id='block_1_17' title="bbox 437 1757 2024 1828">
    <p class='ocr_par' dir='ltr' id='par_1_17' title="bbox 437 1757 2024 1828">
     <span class='ocr_line' id='line_1_17' title="bbox 437 1757 2024 1828; baseline -0.001 -16"><span class='ocrx_word' id='word_1_100' title='bbox 437 1773 468 1813; x_wconf 90' lang='lat' dir='ltr'><strong>a</strong></span> <span class='ocrx_word' id='word_1_101' title='bbox 501 1759 660 1814; x_wconf 84' lang='lat' dir='ltr'><strong>nobis</strong></span> <span class='ocrx_word' id='word_1_102' title='bbox 692 1767 943 1815; x_wconf 88' lang='lat' dir='ltr'><strong>recenter</strong></span> <span class='ocrx_word' id='word_1_103' title='bbox 972 1759 1062 1828; x_wconf 93' lang='lat' dir='ltr'><strong>pie</strong></span> <span class='ocrx_word' id='word_1_104' title='bbox 1087 1759 1227 1813; x_wconf 89' lang='lat' dir='ltr'><strong>dicta</strong></span> <span class='ocrx_word' id='word_1_105' title='bbox 1250 1767 1400 1825; x_wconf 87' lang='lat' dir='ltr'><strong>sunt,</strong></span> <span class='ocrx_word' id='word_1_106' title='bbox 1427 1771 1610 1814; x_wconf 89' lang='lat' dir='ltr'><strong>nonne</strong></span> <span class='ocrx_word' id='word_1_107' title='bbox 1645 1757 1817 1827; x_wconf 75' lang='lat' dir='ltr'><strong>igitur</strong></span> <span class='ocrx_word' id='word_1_108' title='bbox 1845 1758 2024 1815; x_wconf 78' lang='lat' dir='ltr'><strong>mani-</strong></span> 
     </span>
    </p>
   </div>
   <div class='ocr_carea' id='block_1_18' title="bbox 439 1849 1987 1922">
    <p class='ocr_par' dir='ltr' id='par_1_18' title="bbox 439 1849 1987 1922">
     <span class='ocr_line' id='line_1_18' title="bbox 439 1849 1987 1922; baseline 0.001 -19"><span class='ocrx_word' id='word_1_109' title='bbox 439 1850 639 1906; x_wconf 82' lang='lat' dir='ltr'><strong>festum</strong></span> <span class='ocrx_word' id='word_1_110' title='bbox 661 1857 744 1904; x_wconf 86' lang='lat' dir='ltr'><strong>est</strong></span> <span class='ocrx_word' id='word_1_111' title='bbox 773 1850 827 1906; x_wconf 92' lang='lat' dir='ltr'><strong>in</strong></span> <span class='ocrx_word' id='word_1_112' title='bbox 856 1865 964 1921; x_wconf 90' lang='lat' dir='ltr'><strong>qua</strong></span> <span class='ocrx_word' id='word_1_113' title='bbox 991 1858 1152 1920; x_wconf 88' lang='lat' dir='ltr'><strong>parte</strong></span> <span class='ocrx_word' id='word_1_114' title='bbox 1182 1858 1483 1922; x_wconf 89' lang='lat' dir='ltr'><strong>utrumque</strong></span> <span class='ocrx_word' id='word_1_115' title='bbox 1505 1851 1578 1906; x_wconf 88' lang='lat' dir='ltr'><strong>sit</strong></span> <span class='ocrx_word' id='word_1_116' title='bbox 1603 1849 1987 1908; x_wconf 82' lang='lat' dir='ltr'><strong>collocandum</strong></span> 
     </span>
    </p>
   </div>
   <div class='ocr_carea' id='block_1_19' title="bbox 437 1943 2021 2012">
    <p class='ocr_par' dir='ltr' id='par_1_19' title="bbox 437 1943 2021 2012">
     <span class='ocr_line' id='line_1_19' title="bbox 437 1943 2021 2012; baseline 0.001 -15"><span class='ocrx_word' id='word_1_117' title='bbox 437 1943 571 2009; x_wconf 84' lang='lat' dir='ltr'><strong>Quae</strong></span> <span class='ocrx_word' id='word_1_118' title='bbox 595 1945 744 2000; x_wconf 91' lang='lat' dir='ltr'><strong>enim</strong></span> <span class='ocrx_word' id='word_1_119' title='bbox 772 1954 902 2000; x_wconf 91' lang='lat' dir='ltr'><strong>sunt</strong></span> <span class='ocrx_word' id='word_1_120' title='bbox 947 1945 1140 2001; x_wconf 90' lang='lat' dir='ltr'><strong>eadem</strong></span> <span class='ocrx_word' id='word_1_121' title='bbox 1183 1945 1551 2012; x_wconf 88' lang='lat' dir='ltr'><strong>eidem,‘sunt</strong></span> <span class='ocrx_word' id='word_1_122' title='bbox 1582 1945 1895 2001; x_wconf 89' lang='lat' dir='ltr'><strong>necessario</strong></span> <span class='ocrx_word' id='word_1_123' title='bbox 1929 1959 2021 2000; x_wconf 89' lang='lat' dir='ltr'><strong>ea-</strong></span> 
     </span>
    </p>
   </div>
   <div class='ocr_carea' id='block_1_20' title="bbox 439 2035 2025 2107">
    <p class='ocr_par' dir='ltr' id='par_1_20' title="bbox 439 2035 2025 2107">
     <span class='ocr_line' id='line_1_20' title="bbox 439 2035 2025 2107; baseline 0.001 -18"><span class='ocrx_word' id='word_1_124' title='bbox 439 2035 564 2090; x_wconf 86' lang='lat' dir='ltr'><strong>dem</strong></span> <span class='ocrx_word' id='word_1_125' title='bbox 597 2035 743 2090; x_wconf 87' lang='lat' dir='ltr'><strong>inter</strong></span> <span class='ocrx_word' id='word_1_126' title='bbox 781 2051 876 2093; x_wconf 90' lang='lat' dir='ltr'><strong>se:</strong></span> <span class='ocrx_word' id='word_1_127' title='bbox 914 2051 1036 2107; x_wconf 69' lang='lat' dir='ltr'><strong>qum</strong></span> <span class='ocrx_word' id='word_1_128' title='bbox 1067 2045 1254 2092; x_wconf 85' lang='lat' dir='ltr'><strong>autem</strong></span> <span class='ocrx_word' id='word_1_129' title='bbox 1294 2037 1587 2093; x_wconf 87' lang='lat' dir='ltr'><strong>dissimilia</strong></span> <span class='ocrx_word' id='word_1_130' title='bbox 1615 2037 2025 2093; x_wconf 88' lang='lat' dir='ltr'><strong>suntalterutro</strong></span> 
     </span>
    </p>
   </div>
   <div class='ocr_carea' id='block_1_21' title="bbox 440 2127 2024 2194">
    <p class='ocr_par' dir='ltr' id='par_1_21' title="bbox 440 2127 2024 2194">
     <span class='ocr_line' id='line_1_21' title="bbox 440 2127 2024 2194; baseline 0.002 -13"><span class='ocrx_word' id='word_1_131' title='bbox 440 2127 657 2194; x_wconf 84' lang='lat' dir='ltr'><strong>horum,</strong></span> <span class='ocrx_word' id='word_1_132' title='bbox 683 2136 816 2184; x_wconf 85' lang='lat' dir='ltr'><strong>sunt</strong></span> <span class='ocrx_word' id='word_1_133' title='bbox 846 2136 901 2184; x_wconf 86' lang='lat' dir='ltr'><strong>et</strong></span> <span class='ocrx_word' id='word_1_134' title='bbox 931 2128 1037 2184; x_wconf 90' lang='lat' dir='ltr'><strong>sibi</strong></span> <span class='ocrx_word' id='word_1_135' title='bbox 1059 2129 1297 2184; x_wconf 84' lang='lat' dir='ltr'><strong>invicem</strong></span> <span class='ocrx_word' id='word_1_136' title='bbox 1324 2128 1640 2187; x_wconf 83' lang='lat' dir='ltr'><strong>dissimilia.</strong></span> <span class='ocrx_word' id='word_1_137' title='bbox 1675 2127 1793 2183; x_wconf 87' lang='lat' dir='ltr'><strong>Non</strong></span> <span class='ocrx_word' id='word_1_138' title='bbox 1825 2129 2024 2184; x_wconf 91' lang='lat' dir='ltr'><strong>mirum</strong></span> 
     </span>
    </p>
   </div>
   <div class='ocr_carea' id='block_1_22' title="bbox 442 2219 2026 2292">
    <p class='ocr_par' dir='ltr' id='par_1_22' title="bbox 442 2219 2026 2292">
     <span class='ocr_line' id='line_1_22' title="bbox 442 2219 2026 2292; baseline 0.001 -19"><span class='ocrx_word' id='word_1_139' title='bbox 442 2228 624 2274; x_wconf 82' lang='lat' dir='ltr'><strong>autem</strong></span> <span class='ocrx_word' id='word_1_140' title='bbox 681 2220 848 2284; x_wconf 85' lang='lat' dir='ltr'><strong>quod,</strong></span> <span class='ocrx_word' id='word_1_141' title='bbox 901 2237 1026 2292; x_wconf 79' lang='lat' dir='ltr'><strong>qu:e</strong></span> <span class='ocrx_word' id='word_1_142' title='bbox 1077 2221 1329 2277; x_wconf 90' lang='lat' dir='ltr'><strong>dicturus</strong></span> <span class='ocrx_word' id='word_1_143' title='bbox 1361 2236 1506 2286; x_wconf 93' lang='lat' dir='ltr'><strong>sum,</strong></span> <span class='ocrx_word' id='word_1_144' title='bbox 1547 2219 1737 2290; x_wconf 84' lang='lat' dir='ltr'><strong>multis</strong></span> <span class='ocrx_word' id='word_1_145' title='bbox 1772 2220 1894 2276; x_wconf 92' lang='lat' dir='ltr'><strong>aliis</strong></span> <span class='ocrx_word' id='word_1_146' title='bbox 1928 2235 2026 2275; x_wconf 80' lang='lat' dir='ltr'><strong>ex-</strong></span> 
     </span>
    </p>
   </div>
   <div class='ocr_carea' id='block_1_23' title="bbox 443 2307 2029 2382">
    <p class='ocr_par' dir='ltr' id='par_1_23' title="bbox 443 2307 2029 2382">
     <span class='ocr_line' id='line_1_23' title="bbox 443 2307 2029 2382; baseline 0.003 -17"><span class='ocrx_word' id='word_1_147' title='bbox 443 2307 666 2366; x_wconf 83' lang='lat' dir='ltr'><strong>tendam</strong></span> <span class='ocrx_word' id='word_1_148' title='bbox 707 2313 1093 2382; x_wconf 87' lang='lat' dir='ltr'><strong>sermonibus;</strong></span> <span class='ocrx_word' id='word_1_149' title='bbox 1136 2313 1282 2368; x_wconf 78' lang='lat' dir='ltr'><strong>velut</strong></span> <span class='ocrx_word' id='word_1_150' title='bbox 1314 2315 1462 2369; x_wconf 90' lang='lat' dir='ltr'><strong>enim</strong></span> <span class='ocrx_word' id='word_1_151' title='bbox 1494 2313 1661 2369; x_wconf 88' lang='lat' dir='ltr'><strong>imam</strong></span> <span class='ocrx_word' id='word_1_152' title='bbox 1697 2313 1942 2369; x_wconf 87' lang='lat' dir='ltr'><strong>radicem</strong></span> <span class='ocrx_word' id='word_1_153' title='bbox 1975 2321 2029 2369; x_wconf 89' lang='lat' dir='ltr'><strong>et</strong></span> 
     </span>
    </p>
   </div>
   <div class='ocr_carea' id='block_1_24' title="bbox 440 2404 2027 2476">
    <p class='ocr_par' dir='ltr' id='par_1_24' title="bbox 440 2404 2027 2476">
     <span class='ocr_line' id='line_1_24' title="bbox 440 2404 2027 2476; baseline 0.006 -22"><span class='ocrx_word' id='word_1_154' title='bbox 440 2417 667 2457; x_wconf 82' lang='lat' dir='ltr'><strong>causam</strong></span> <span class='ocrx_word' id='word_1_155' title='bbox 703 2404 950 2459; x_wconf 89' lang='lat' dir='ltr'><strong>omnium</strong></span> <span class='ocrx_word' id='word_1_156' title='bbox 982 2420 1105 2476; x_wconf 68' lang='lat' dir='ltr'><strong>quae</strong></span> <span class='ocrx_word' id='word_1_157' title='bbox 1134 2420 1266 2460; x_wconf 84' lang='lat' dir='ltr'><strong>vera</strong></span> <span class='ocrx_word' id='word_1_158' title='bbox 1291 2414 1421 2460; x_wconf 87' lang='lat' dir='ltr'><strong>sunt</strong></span> <span class='ocrx_word' id='word_1_159' title='bbox 1455 2405 1539 2460; x_wconf 68' lang='lat' dir='ltr'><strong>Vel</strong></span> <span class='ocrx_word' id='word_1_160' title='bbox 1579 2404 1716 2462; x_wconf 82' lang='lat' dir='ltr'><strong>falsa</strong></span> <span class='ocrx_word' id='word_1_161' title='bbox 1761 2405 1910 2462; x_wconf 87' lang='lat' dir='ltr'><strong>circa</strong></span> <span class='ocrx_word' id='word_1_162' title='bbox 1937 2421 2027 2463; x_wconf 86' lang='lat' dir='ltr'><strong>res</strong></span> 
     </span>
    </p>
   </div>
   <div class='ocr_carea' id='block_1_25' title="bbox 441 2493 1526 2569">
    <p class='ocr_par' dir='ltr' id='par_1_25' title="bbox 441 2493 1526 2569">
     <span class='ocr_line' id='line_1_25' title="bbox 441 2493 1526 2569; baseline 0.005 -22"><span class='ocrx_word' id='word_1_163' title='bbox 441 2493 682 2561; x_wconf 83' lang='lat' dir='ltr'><strong>divinas,</strong></span> <span class='ocrx_word' id='word_1_164' title='bbox 723 2511 873 2554; x_wconf 89' lang='lat' dir='ltr'><strong>nunc</strong></span> <span class='ocrx_word' id='word_1_165' title='bbox 904 2497 1090 2569; x_wconf 85' lang='lat' dir='ltr'><strong>eloqui</strong></span> <span class='ocrx_word' id='word_1_166' title='bbox 1117 2498 1357 2554; x_wconf 75' lang='lat' dir='ltr'><strong>breViter</strong></span> <span class='ocrx_word' id='word_1_167' title='bbox 1384 2497 1526 2554; x_wconf 86' lang='lat' dir='ltr'><strong>volo.</strong></span> 
     </span>
    </p>
   </div>
   <div class='ocr_carea' id='block_1_26' title="bbox 517 2675 2030 2750">
    <p class='ocr_par' dir='ltr' id='par_1_26' title="bbox 517 2675 2030 2750">
     <span class='ocr_line' id='line_1_26' title="bbox 517 2675 2030 2750; baseline 0.004 -19"><span class='ocrx_word' id='word_1_168' title='bbox 517 2675 699 2732; x_wconf 81' lang='lat' dir='ltr'><strong>Theot.</strong></span> <span class='ocrx_word' id='word_1_169' title='bbox 736 2675 912 2744; x_wconf 90' lang='lat' dir='ltr'><strong>Quam</strong></span> <span class='ocrx_word' id='word_1_170' title='bbox 953 2678 1262 2749; x_wconf 83' lang='lat' dir='ltr'><strong>jucundum</strong></span> <span class='ocrx_word' id='word_1_171' title='bbox 1297 2680 1442 2750; x_wconf 90' lang='lat' dir='ltr'><strong>quod</strong></span> <span class='ocrx_word' id='word_1_172' title='bbox 1498 2680 1756 2748; x_wconf 90' lang='lat' dir='ltr'><strong>nuntias;</strong></span> <span class='ocrx_word' id='word_1_173' title='bbox 1792 2697 1862 2737; x_wconf 91' lang='lat' dir='ltr'><strong>ne</strong></span> <span class='ocrx_word' id='word_1_174' title='bbox 1911 2698 2030 2737; x_wconf 84' lang='lat' dir='ltr'><strong>am-</strong></span> 
     </span>
    </p>
   </div>
   <div class='ocr_carea' id='block_1_27' title="bbox 441 2769 2029 2848">
    <p class='ocr_par' dir='ltr' id='par_1_27' title="bbox 441 2769 2029 2848">
     <span class='ocr_line' id='line_1_27' title="bbox 441 2769 2029 2848; baseline 0.008 -27"><span class='ocrx_word' id='word_1_175' title='bbox 441 2769 594 2838; x_wconf 85' lang='lat' dir='ltr'><strong>plius</strong></span> <span class='ocrx_word' id='word_1_176' title='bbox 628 2771 813 2825; x_wconf 86' lang='lat' dir='ltr'><strong>tardes</strong></span> <span class='ocrx_word' id='word_1_177' title='bbox 843 2784 859 2825; x_wconf 73' lang='lat'><strong>2</strong></span> <span class='ocrx_word' id='word_1_178' title='bbox 898 2772 1121 2843; x_wconf 81' lang='lat' dir='ltr'><strong>longum</strong></span> <span class='ocrx_word' id='word_1_179' title='bbox 1161 2772 1314 2829; x_wconf 82' lang='lat' dir='ltr'><strong>enim</strong></span> <span class='ocrx_word' id='word_1_180' title='bbox 1345 2772 1462 2830; x_wconf 90' lang='lat' dir='ltr'><strong>odit</strong></span> <span class='ocrx_word' id='word_1_181' title='bbox 1495 2775 1784 2832; x_wconf 77' lang='lat' dir='ltr'><strong>exordium</strong></span> <span class='ocrx_word' id='word_1_182' title='bbox 1813 2777 1907 2848; x_wconf 88' lang='lat' dir='ltr'><strong>qui</strong></span> <span class='ocrx_word' id='word_1_183' title='bbox 1934 2792 2029 2834; x_wconf 75' lang='lat' dir='ltr'><strong>ve-</strong></span> 
     </span>
    </p>
   </div>
   <div class='ocr_carea' id='block_1_28' title="bbox 443 2861 1173 2932">
    <p class='ocr_par' dir='ltr' id='par_1_28' title="bbox 443 2861 1173 2932">
     <span class='ocr_line' id='line_1_28' title="bbox 443 2861 1173 2932; baseline 0.011 -18"><span class='ocrx_word' id='word_1_184' title='bbox 443 2861 728 2917; x_wconf 83' lang='lat' dir='ltr'><strong>hementer</strong></span> <span class='ocrx_word' id='word_1_185' title='bbox 759 2871 912 2932; x_wconf 87' lang='lat' dir='ltr'><strong>optat</strong></span> <span class='ocrx_word' id='word_1_186' title='bbox 938 2864 1173 2922; x_wconf 87' lang='lat' dir='ltr'><strong>discere.</strong></span> 
     </span>
    </p>
   </div>
   <div class='ocr_carea' id='block_1_29' title="bbox 517 2953 2030 3033">
    <p class='ocr_par' dir='ltr' id='par_1_29' title="bbox 517 2953 2030 3033">
     <span class='ocr_line' id='line_1_29' title="bbox 517 2953 2030 3033; baseline 0.007 -25"><span class='ocrx_word' id='word_1_187' title='bbox 517 2953 746 3023; x_wconf 85' lang='lat' dir='ltr'><strong>Theoph.</strong></span> <span class='ocrx_word' id='word_1_188' title='bbox 779 2955 1010 3026; x_wconf 89' lang='lat' dir='ltr'><strong>Incipio.</strong></span> <span class='ocrx_word' id='word_1_189' title='bbox 1055 2956 1194 3013; x_wconf 88' lang='lat' dir='ltr'><strong>Num</strong></span> <span class='ocrx_word' id='word_1_190' title='bbox 1238 2960 1501 3033; x_wconf 80' lang='lat' dir='ltr'><strong>intelligis</strong></span> <span class='ocrx_word' id='word_1_191' title='bbox 1536 2977 1626 3018; x_wconf 88' lang='lat' dir='ltr'><strong>res</strong></span> <span class='ocrx_word' id='word_1_192' title='bbox 1662 2963 1880 3018; x_wconf 89' lang='lat' dir='ltr'><strong>divinas</strong></span> <span class='ocrx_word' id='word_1_193' title='bbox 1914 2964 2030 3018; x_wconf 87' lang='lat' dir='ltr'><strong>ali-</strong></span> 
     </span>
    </p>
   </div>
   <div class='ocr_carea' id='block_1_30' title="bbox 445 3050 2033 3126">
    <p class='ocr_par' dir='ltr' id='par_1_30' title="bbox 445 3050 2033 3126">
     <span class='ocr_line' id='line_1_30' title="bbox 445 3050 2033 3126; baseline 0.006 -26"><span class='ocrx_word' id='word_1_194' title='bbox 445 3059 554 3114; x_wconf 87' lang='lat' dir='ltr'><strong>qua</strong></span> <span class='ocrx_word' id='word_1_195' title='bbox 587 3061 712 3102; x_wconf 88' lang='lat' dir='ltr'><strong>esse</strong></span> <span class='ocrx_word' id='word_1_196' title='bbox 749 3062 848 3116; x_wconf 86' lang='lat' dir='ltr'><strong>per</strong></span> <span class='ocrx_word' id='word_1_197' title='bbox 876 3063 938 3104; x_wconf 87' lang='lat' dir='ltr'><strong>se</strong></span> <span class='ocrx_word' id='word_1_198' title='bbox 967 3050 1286 3117; x_wconf 88' lang='lat' dir='ltr'><strong>credibiles,</strong></span> <span class='ocrx_word' id='word_1_199' title='bbox 1319 3062 1374 3108; x_wconf 91' lang='lat' dir='ltr'><strong>et</strong></span> <span class='ocrx_word' id='word_1_200' title='bbox 1403 3053 1585 3124; x_wconf 90' lang='lat' dir='ltr'><strong>aliqua</strong></span> <span class='ocrx_word' id='word_1_201' title='bbox 1626 3056 1879 3126; x_wconf 84' lang='lat' dir='ltr'><strong>discipuli</strong></span> <span class='ocrx_word' id='word_1_202' title='bbox 1913 3056 2033 3109; x_wconf 83' lang='lat' dir='ltr'><strong>ani—</strong></span> 
     </span>
    </p>
   </div>
   <div class='ocr_carea' id='block_1_31' title="bbox 445 3139 2032 3217">
    <p class='ocr_par' dir='ltr' id='par_1_31' title="bbox 445 3139 2032 3217">
     <span class='ocr_line' id='line_1_31' title="bbox 445 3139 2032 3217; baseline 0.006 -25"><span class='ocrx_word' id='word_1_203' title='bbox 445 3153 597 3192; x_wconf 87' lang='lat' dir='ltr'><strong>mum</strong></span> <span class='ocrx_word' id='word_1_204' title='bbox 656 3140 962 3196; x_wconf 81' lang='lat' dir='ltr'><strong>excitantes</strong></span> <span class='ocrx_word' id='word_1_205' title='bbox 1015 3139 1085 3196; x_wconf 90' lang='lat' dir='ltr'><strong>ad</strong></span> <span class='ocrx_word' id='word_1_206' title='bbox 1146 3157 1379 3200; x_wconf 81' lang='lat' dir='ltr'><strong>examen</strong></span> <span class='ocrx_word' id='word_1_207' title='bbox 1419 3155 1475 3200; x_wconf 90' lang='lat' dir='ltr'><strong>et</strong></span> <span class='ocrx_word' id='word_1_208' title='bbox 1527 3147 2032 3217; x_wconf 78' lang='lat' dir='ltr'><strong>investigationem?</strong></span> 
     </span>
    </p>
   </div>
   <div class='ocr_carea' id='block_1_32' title="bbox 2115 731 3679 813">
    <p class='ocr_par' dir='ltr' id='par_1_32' title="bbox 2115 731 3679 813">
     <span class='ocr_line' id='line_1_32' title="bbox 2115 731 3679 813; baseline -0.002 -18"><span class='ocrx_word' id='word_1_209' title='bbox 2115 741 2407 813; x_wconf 80' lang='grc' dir='ltr'><strong>δογμάτων</strong></span> <span class='ocrx_word' id='word_1_210' title='bbox 2456 741 2861 812; x_wconf 79' lang='grc' dir='ltr'>ὲεεργάσασθαι</span> <span class='ocrx_word' id='word_1_211' title='bbox 2915 740 3275 811; x_wconf 80' lang='grc' dir='ltr'>πειράσομαι,</span> <span class='ocrx_word' id='word_1_212' title='bbox 3306 738 3377 791; x_wconf 84' lang='grc' dir='ltr'>δι’</span> <span class='ocrx_word' id='word_1_213' title='bbox 3425 731 3485 792; x_wconf 71' lang='grc' dir='ltr'>οὗ</span> <span class='ocrx_word' id='word_1_214' title='bbox 3517 739 3582 792; x_wconf 81' lang='grc' dir='ltr'>τὰ</span> <span class='ocrx_word' id='word_1_215' title='bbox 3628 733 3679 792; x_wconf 76' lang='grc' dir='ltr'>εὖ</span> 
     </span>
    </p>
   </div>
   <div class='ocr_carea' id='block_1_33' title="bbox 2116 830 3682 906">
    <p class='ocr_par' dir='ltr' id='par_1_33' title="bbox 2116 830 3682 906">
     <span class='ocr_line' id='line_1_33' title="bbox 2116 830 3682 906; baseline -0.001 -18"><span class='ocrx_word' id='word_1_216' title='bbox 2116 835 2331 904; x_wconf 71' lang='grc' dir='ltr'>ἔχοντα,</span> <span class='ocrx_word' id='word_1_217' title='bbox 2364 833 2461 888; x_wconf 78' lang='grc' dir='ltr'><strong>καὶ</strong></span> <span class='ocrx_word' id='word_1_218' title='bbox 2511 834 2586 906; x_wconf 80' lang='grc' dir='ltr'>μὴ</span> <span class='ocrx_word' id='word_1_219' title='bbox 2641 831 2951 904; x_wconf 83' lang='grc' dir='ltr'>διακριθείη</span> <span class='ocrx_word' id='word_1_220' title='bbox 3017 832 3104 886; x_wconf 78' lang='grc' dir='ltr'><strong>ἄν.</strong></span> <span class='ocrx_word' id='word_1_221' title='bbox 3137 833 3234 894; x_wconf 87' lang='grc' dir='ltr'>Ὃς</span> <span class='ocrx_word' id='word_1_222' title='bbox 3263 831 3448 901; x_wconf 82' lang='grc' dir='ltr'>μέντοι</span> <span class='ocrx_word' id='word_1_223' title='bbox 3479 830 3568 885; x_wconf 81' lang='grc' dir='ltr'><strong>καὶ</strong></span> <span class='ocrx_word' id='word_1_224' title='bbox 3608 833 3682 886; x_wconf 71' lang='grc' dir='ltr'>σοὶ</span> 
     </span>
    </p>
   </div>
   <div class='ocr_carea' id='block_1_34' title="bbox 2121 921 3679 996">
    <p class='ocr_par' dir='ltr' id='par_1_34' title="bbox 2121 921 3679 996">
     <span class='ocr_line' id='line_1_34' title="bbox 2121 921 3679 996; baseline -0.003 -16"><span class='ocrx_word' id='word_1_225' title='bbox 2121 925 2360 992; x_wconf 78' lang='grc' dir='ltr'><strong>συνδόξει</strong></span> <span class='ocrx_word' id='word_1_226' title='bbox 2390 924 2566 990; x_wconf 70' lang='grc' dir='ltr'>οὕτως</span> <span class='ocrx_word' id='word_1_227' title='bbox 2615 925 2782 996; x_wconf 79' lang='grc' dir='ltr'>ἔχειν,</span> <span class='ocrx_word' id='word_1_228' title='bbox 2816 925 2904 978; x_wconf 83' lang='grc' dir='ltr'><strong>ἵνα</strong></span> <span class='ocrx_word' id='word_1_229' title='bbox 2939 924 3238 996; x_wconf 82' lang='grc' dir='ltr'><strong>προσάγων</strong></span> <span class='ocrx_word' id='word_1_230' title='bbox 3275 921 3431 977; x_wconf 64' lang='grc' dir='ltr'>αᾶττα</span> <span class='ocrx_word' id='word_1_231' title='bbox 3463 921 3679 993; x_wconf 83' lang='grc' dir='ltr'>βούλοιο,</span> 
     </span>
    </p>
   </div>
   <div class='ocr_carea' id='block_1_35' title="bbox 2122 1015 3688 1091">
    <p class='ocr_par' dir='ltr' id='par_1_35' title="bbox 2122 1015 3688 1091">
     <span class='ocr_line' id='line_1_35' title="bbox 2122 1015 3688 1091; baseline -0.003 -17"><span class='ocrx_word' id='word_1_232' title='bbox 2122 1018 2198 1091; x_wconf 81' lang='grc' dir='ltr'>μὴ</span> <span class='ocrx_word' id='word_1_233' title='bbox 2235 1019 2398 1090; x_wconf 84' lang='grc' dir='ltr'>μόνον</span> <span class='ocrx_word' id='word_1_234' title='bbox 2449 1019 2559 1073; x_wconf 84' lang='grc' dir='ltr'>τῶν</span> <span class='ocrx_word' id='word_1_235' title='bbox 2605 1019 2730 1090; x_wconf 80' lang='grc' dir='ltr'>ἄρτι</span> <span class='ocrx_word' id='word_1_236' title='bbox 2767 1017 3123 1088; x_wconf 80' lang='grc' dir='ltr'><strong>κινηθέντων,</strong></span> <span class='ocrx_word' id='word_1_237' title='bbox 3153 1015 3296 1070; x_wconf 78' lang='grc' dir='ltr'>ἀλλὰ</span> <span class='ocrx_word' id='word_1_238' title='bbox 3350 1015 3547 1086; x_wconf 82' lang='grc' dir='ltr'><strong>μικροῦ</strong></span> <span class='ocrx_word' id='word_1_239' title='bbox 3602 1018 3688 1070; x_wconf 74' lang='grc' dir='ltr'><strong>καὶ</strong></span> 
     </span>
    </p>
   </div>
   <div class='ocr_carea' id='block_1_36' title="bbox 2119 1108 3686 1181">
    <p class='ocr_par' dir='ltr' id='par_1_36' title="bbox 2119 1108 3686 1181">
     <span class='ocr_line' id='line_1_36' title="bbox 2119 1108 3686 1181; baseline -0.004 -15"><span class='ocrx_word' id='word_1_240' title='bbox 2119 1113 2230 1166; x_wconf 81' lang='grc' dir='ltr'>τῶν</span> <span class='ocrx_word' id='word_1_241' title='bbox 2259 1114 2322 1167; x_wconf 83' lang='grc' dir='ltr'>ὲκ</span> <span class='ocrx_word' id='word_1_242' title='bbox 2351 1112 2447 1166; x_wconf 85' lang='grc' dir='ltr'>τοῦ</span> <span class='ocrx_word' id='word_1_243' title='bbox 2473 1113 2673 1177; x_wconf 84' lang='grc' dir='ltr'>παντὸς</span> <span class='ocrx_word' id='word_1_244' title='bbox 2700 1111 2920 1174; x_wconf 75' lang='grc' dir='ltr'>αἰῶνος,</span> <span class='ocrx_word' id='word_1_245' title='bbox 2958 1110 3254 1181; x_wconf 83' lang='grc' dir='ltr'>μανθάνοις</span> <span class='ocrx_word' id='word_1_246' title='bbox 3287 1110 3347 1164; x_wconf 76' lang='grc' dir='ltr'><strong>ἐν</strong></span> <span class='ocrx_word' id='word_1_247' title='bbox 3376 1111 3512 1162; x_wconf 80' lang='grc' dir='ltr'>πᾶσι</span> <span class='ocrx_word' id='word_1_248' title='bbox 3541 1108 3686 1177; x_wconf 86' lang='grc' dir='ltr'>τάλη-</span> 
     </span>
    </p>
   </div>
   <div class='ocr_carea' id='block_1_37' title="bbox 2121 1199 3688 1276">
    <p class='ocr_par' dir='ltr' id='par_1_37' title="bbox 2121 1199 3688 1276">
     <span class='ocr_line' id='line_1_37' title="bbox 2121 1199 3688 1276; baseline -0.005 -18"><span class='ocrx_word' id='word_1_249' title='bbox 2121 1205 2231 1270; x_wconf 65' lang='lat' dir='ltr'><strong>Mc.</strong></span> <span class='ocrx_word' id='word_1_250' title='bbox 2259 1206 2334 1260; x_wconf 84' lang='grc' dir='ltr'><strong>Οὐ</strong></span> <span class='ocrx_word' id='word_1_251' title='bbox 2370 1205 2567 1276; x_wconf 74' lang='grc' dir='ltr'>μικρὸν</span> <span class='ocrx_word' id='word_1_252' title='bbox 2599 1205 2642 1259; x_wconf 78' lang='grc' dir='ltr'>δ’</span> <span class='ocrx_word' id='word_1_253' title='bbox 2670 1203 2736 1258; x_wconf 81' lang='grc' dir='ltr'>ἂν</span> <span class='ocrx_word' id='word_1_254' title='bbox 2767 1205 2853 1274; x_wconf 84' lang='grc' dir='ltr'><strong>είη</strong></span> <span class='ocrx_word' id='word_1_255' title='bbox 2884 1204 2980 1257; x_wconf 84' lang='grc' dir='ltr'>καὶ</span> <span class='ocrx_word' id='word_1_256' title='bbox 3010 1202 3169 1256; x_wconf 80' lang='grc' dir='ltr'>τοῦτο</span> <span class='ocrx_word' id='word_1_257' title='bbox 3200 1202 3538 1272; x_wconf 58' lang='grc' dir='ltr'>τεκμήριον</span> <span class='ocrx_word' id='word_1_258' title='bbox 3568 1199 3688 1267; x_wconf 79' lang='grc' dir='ltr'>μᾶλ-</span> 
     </span>
    </p>
   </div>
   <div class='ocr_carea' id='block_1_38' title="bbox 2119 1292 3686 1366">
    <p class='ocr_par' dir='ltr' id='par_1_38' title="bbox 2119 1292 3686 1366">
     <span class='ocr_line' id='line_1_38' title="bbox 2119 1292 3686 1366; baseline 0.004 -16"><span class='ocrx_word' id='word_1_259' title='bbox 2119 1297 2213 1352; x_wconf 91' lang='grc' dir='ltr'><strong>λον</strong></span> <span class='ocrx_word' id='word_1_260' title='bbox 2250 1296 2308 1350; x_wconf 83' lang='grc' dir='ltr'>δὲ</span> <span class='ocrx_word' id='word_1_261' title='bbox 2347 1297 2628 1361; x_wconf 77' lang='grc' dir='ltr'>ἀπόδειξις</span> <span class='ocrx_word' id='word_1_262' title='bbox 2679 1298 2779 1366; x_wconf 79' lang='grc' dir='ltr'>τῆς</span> <span class='ocrx_word' id='word_1_263' title='bbox 2830 1313 2892 1349; x_wconf 78' lang='grc' dir='ltr'>τι</span> <span class='ocrx_word' id='word_1_264' title='bbox 2937 1295 3029 1363; x_wconf 82' lang='grc' dir='ltr'><strong>ὑφ’</strong></span> <span class='ocrx_word' id='word_1_265' title='bbox 3087 1294 3246 1365; x_wconf 77' lang='grc' dir='ltr'>ἡμῶν</span> <span class='ocrx_word' id='word_1_266' title='bbox 3283 1292 3686 1364; x_wconf 78' lang='grc' dir='ltr'>κηρυττομένης</span> 
     </span>
    </p>
   </div>
   <div class='ocr_carea' id='block_1_39' title="bbox 2121 1383 3689 1460">
    <p class='ocr_par' dir='ltr' id='par_1_39' title="bbox 2121 1383 3689 1460">
     <span class='ocr_line' id='line_1_39' title="bbox 2121 1383 3689 1460; baseline -0.018 2"><span class='ocrx_word' id='word_1_267' title='bbox 2121 1389 2384 1460; x_wconf 72' lang='grc' dir='ltr'><strong>ἀληθείας</strong></span> <span class='ocrx_word' id='word_1_268' title='bbox 2419 1391 2512 1444; x_wconf 81' lang='grc' dir='ltr'>καὶ</span> <span class='ocrx_word' id='word_1_269' title='bbox 2553 1392 2654 1460; x_wconf 80' lang='grc' dir='ltr'>τῆς</span> <span class='ocrx_word' id='word_1_270' title='bbox 2690 1388 3172 1460; x_wconf 71' lang='grc' dir='ltr'><strong>ἐπιχωριαζούσης</strong></span> <span class='ocrx_word' id='word_1_271' title='bbox 3201 1386 3418 1453; x_wconf 75' lang='grc' dir='ltr'>πλάνης</span> <span class='ocrx_word' id='word_1_272' title='bbox 3470 1386 3577 1447; x_wconf 85' lang='grc' dir='ltr'>τοῖς</span> <span class='ocrx_word' id='word_1_273' title='bbox 3607 1383 3689 1436; x_wconf 78' lang='grc' dir='ltr'><strong>ἁν-</strong></span> 
     </span>
    </p>
   </div>
   <div class='ocr_carea' id='block_1_40' title="bbox 2120 1476 3688 1555">
    <p class='ocr_par' dir='ltr' id='par_1_40' title="bbox 2120 1476 3688 1555">
     <span class='ocr_line' id='line_1_40' title="bbox 2120 1476 3688 1555; baseline -0.004 -21"><span class='ocrx_word' id='word_1_274' title='bbox 2120 1482 2514 1553; x_wconf 76' lang='grc' dir='ltr'>τιλέγεινὴμῖν</span> <span class='ocrx_word' id='word_1_275' title='bbox 2548 1483 3034 1555; x_wconf 82' lang='grc' dir='ltr'>προαιρουμένοις.</span> <span class='ocrx_word' id='word_1_276' title='bbox 3070 1479 3136 1534; x_wconf 76' lang='lat' dir='ltr'><strong>El</strong></span> <span class='ocrx_word' id='word_1_277' title='bbox 3181 1479 3295 1550; x_wconf 85' lang='grc' dir='ltr'>γὰρ</span> <span class='ocrx_word' id='word_1_278' title='bbox 3335 1476 3688 1547; x_wconf 80' lang='grc' dir='ltr'>ὰναδειχθεῖεν</span> 
     </span>
    </p>
   </div>
   <div class='ocr_carea' id='block_1_41' title="bbox 2121 1567 3692 1648">
    <p class='ocr_par' dir='ltr' id='par_1_41' title="bbox 2121 1567 3692 1648">
     <span class='ocr_line' id='line_1_41' title="bbox 2121 1567 3692 1648; baseline -0.007 -16"><span class='ocrx_word' id='word_1_279' title='bbox 2121 1574 2200 1646; x_wconf 82' lang='grc' dir='ltr'><strong>τῷ</strong></span> <span class='ocrx_word' id='word_1_280' title='bbox 2226 1575 2430 1646; x_wconf 85' lang='grc' dir='ltr'>ὁμοίως</span> <span class='ocrx_word' id='word_1_281' title='bbox 2457 1575 2634 1648; x_wconf 77' lang='grc' dir='ltr'>ἔχοντι</span> <span class='ocrx_word' id='word_1_282' title='bbox 2670 1574 2859 1632; x_wconf 85' lang='grc' dir='ltr'>κανόνι</span> <span class='ocrx_word' id='word_1_283' title='bbox 2897 1575 2968 1630; x_wconf 81' lang='grc' dir='ltr'>τά</span> <span class='ocrx_word' id='word_1_284' title='bbox 3001 1590 3061 1627; x_wconf 87' lang='grc' dir='ltr'><strong>τε</strong></span> <span class='ocrx_word' id='word_1_285' title='bbox 3101 1572 3212 1626; x_wconf 88' lang='grc' dir='ltr'>τῶν</span> <span class='ocrx_word' id='word_1_286' title='bbox 3270 1570 3444 1626; x_wconf 82' lang='grc' dir='ltr'>πάλαι</span> <span class='ocrx_word' id='word_1_287' title='bbox 3485 1567 3692 1622; x_wconf 81' lang='grc' dir='ltr'>κακοδό-</span> 
     </span>
    </p>
   </div>
   <div class='ocr_carea' id='block_1_42' title="bbox 2125 1659 3691 1737">
    <p class='ocr_par' dir='ltr' id='par_1_42' title="bbox 2125 1659 3691 1737">
     <span class='ocr_line' id='line_1_42' title="bbox 2125 1659 3691 1737; baseline -0.007 -15"><span class='ocrx_word' id='word_1_288' title='bbox 2125 1667 2231 1733; x_wconf 85' lang='grc' dir='ltr'><strong>ξων</strong></span> <span class='ocrx_word' id='word_1_289' title='bbox 2273 1668 2371 1722; x_wconf 74' lang='grc' dir='ltr'>καὶ</span> <span class='ocrx_word' id='word_1_290' title='bbox 2423 1668 2491 1722; x_wconf 83' lang='grc' dir='ltr'><strong>τὰ</strong></span> <span class='ocrx_word' id='word_1_291' title='bbox 2523 1668 2632 1722; x_wconf 84' lang='grc' dir='ltr'><strong>τῶν</strong></span> <span class='ocrx_word' id='word_1_292' title='bbox 2662 1667 2760 1722; x_wconf 85' lang='grc' dir='ltr'><strong>νῦν</strong></span> <span class='ocrx_word' id='word_1_293' title='bbox 2808 1668 2944 1737; x_wconf 84' lang='grc' dir='ltr'>ἡμῖν</span> <span class='ocrx_word' id='word_1_294' title='bbox 2981 1664 3387 1732; x_wconf 77' lang='grc' dir='ltr'>ἀντιλεγόντων</span> <span class='ocrx_word' id='word_1_295' title='bbox 3443 1659 3691 1731; x_wconf 77' lang='grc' dir='ltr'><strong>μηδαμῶς</strong></span> 
     </span>
    </p>
   </div>
   <div class='ocr_carea' id='block_1_43' title="bbox 2123 1751 3688 1833">
    <p class='ocr_par' dir='ltr' id='par_1_43' title="bbox 2123 1751 3688 1833">
     <span class='ocr_line' id='line_1_43' title="bbox 2123 1751 3688 1833; baseline -0.006 -21"><span class='ocrx_word' id='word_1_296' title='bbox 2123 1759 2564 1833; x_wconf 63' lang='grc' dir='ltr'>ἐναρμοζάμενα,</span> <span class='ocrx_word' id='word_1_297' title='bbox 2613 1759 2915 1830; x_wconf 83' lang='grc' dir='ltr'>ὲναρμόνια</span> <span class='ocrx_word' id='word_1_298' title='bbox 2959 1758 3016 1811; x_wconf 73' lang='grc' dir='ltr'>δὲ</span> <span class='ocrx_word' id='word_1_299' title='bbox 3049 1757 3118 1811; x_wconf 81' lang='grc' dir='ltr'>τὰ</span> <span class='ocrx_word' id='word_1_300' title='bbox 3157 1755 3217 1820; x_wconf 74' lang='grc' dir='ltr'><strong>ἐξ</strong></span> <span class='ocrx_word' id='word_1_301' title='bbox 3270 1755 3469 1816; x_wconf 85' lang='grc' dir='ltr'>αίῶνος</span> <span class='ocrx_word' id='word_1_302' title='bbox 3508 1751 3688 1820; x_wconf 74' lang='grc' dir='ltr'>εὐσεϐῆ</span> 
     </span>
    </p>
   </div>
   <div class='ocr_carea' id='block_1_44' title="bbox 2109 1821 3693 1924">
    <p class='ocr_par' dir='ltr' id='par_1_44' title="bbox 2109 1821 3693 1924">
     <span class='ocr_line' id='line_1_44' title="bbox 2109 1821 3693 1924; baseline -0.008 -17"><span class='ocrx_word' id='word_1_303' title='bbox 2109 1821 2327 1907; x_wconf 38' lang='grc' dir='ltr'>τιαὶιτὰ</span> <span class='ocrx_word' id='word_1_304' title='bbox 2347 1821 2498 1923; x_wconf 34' lang='grc' dir='ltr'>’παρ’</span> <span class='ocrx_word' id='word_1_305' title='bbox 2527 1821 2663 1924; x_wconf 64' lang='grc' dir='ltr'>ημῖν</span> <span class='ocrx_word' id='word_1_306' title='bbox 2694 1821 2970 1920; x_wconf 69' lang='grc' dir='ltr'>λεγόμενα</span> <span class='ocrx_word' id='word_1_307' title='bbox 3014 1849 3246 1919; x_wconf 85' lang='grc' dir='ltr'>ἀρτίως,</span> <span class='ocrx_word' id='word_1_308' title='bbox 3287 1842 3378 1918; x_wconf 81' lang='grc' dir='ltr'><strong>ἆρ’</strong></span> <span class='ocrx_word' id='word_1_309' title='bbox 3421 1844 3521 1898; x_wconf 81' lang='grc' dir='ltr'>οὐκ</span> <span class='ocrx_word' id='word_1_310' title='bbox 3552 1843 3693 1911; x_wconf 68' lang='lat'><strong>£561;—</strong></span> 
     </span>
    </p>
   </div>
   <div class='ocr_carea' id='block_1_45' title="bbox 2125 1934 3689 2017">
    <p class='ocr_par' dir='ltr' id='par_1_45' title="bbox 2125 1934 3689 2017">
     <span class='ocr_line' id='line_1_45' title="bbox 2125 1934 3689 2017; baseline -0.006 -19"><span class='ocrx_word' id='word_1_311' title='bbox 2125 1945 2242 2009; x_wconf 88' lang='grc' dir='ltr'>λον,</span> <span class='ocrx_word' id='word_1_312' title='bbox 2275 1946 2335 2000; x_wconf 80' lang='grc' dir='ltr'><strong>ὲν</strong></span> <span class='ocrx_word' id='word_1_313' title='bbox 2369 1945 2496 2017; x_wconf 78' lang='grc' dir='ltr'>ποίᾳ</span> <span class='ocrx_word' id='word_1_314' title='bbox 2531 1946 2702 2015; x_wconf 78' lang='grc' dir='ltr'>μοίρᾳ</span> <span class='ocrx_word' id='word_1_315' title='bbox 2739 1943 3026 2009; x_wconf 74' lang='grc' dir='ltr'>τετάξεται</span> <span class='ocrx_word' id='word_1_316' title='bbox 3054 1941 3299 2010; x_wconf 81' lang='grc' dir='ltr'>ἑκάτερα</span> <span class='ocrx_word' id='word_1_317' title='bbox 3329 1956 3345 2004; x_wconf 91' lang='grc'><strong>;</strong></span> <span class='ocrx_word' id='word_1_318' title='bbox 3380 1937 3463 1990; x_wconf 82' lang='grc' dir='ltr'><strong>Τὰ</strong></span> <span class='ocrx_word' id='word_1_319' title='bbox 3493 1937 3595 2006; x_wconf 82' lang='grc' dir='ltr'><strong>γὰρ</strong></span> <span class='ocrx_word' id='word_1_320' title='bbox 3622 1934 3689 2005; x_wconf 79' lang='grc' dir='ltr'><strong>τῷ</strong></span> 
     </span>
    </p>
   </div>
   <div class='ocr_carea' id='block_1_46' title="bbox 2130 2025 3693 2106">
    <p class='ocr_par' dir='ltr' id='par_1_46' title="bbox 2130 2025 3693 2106">
     <span class='ocr_line' id='line_1_46' title="bbox 2130 2025 3693 2106; baseline -0.008 -16"><span class='ocrx_word' id='word_1_321' title='bbox 2130 2036 2280 2106; x_wconf 82' lang='grc' dir='ltr'>αὐτῷ</span> <span class='ocrx_word' id='word_1_322' title='bbox 2326 2035 2396 2090; x_wconf 82' lang='grc' dir='ltr'>τὰ</span> <span class='ocrx_word' id='word_1_323' title='bbox 2427 2035 2591 2097; x_wconf 78' lang='grc' dir='ltr'>αὐτὰ,</span> <span class='ocrx_word' id='word_1_324' title='bbox 2635 2035 2733 2089; x_wconf 72' lang='grc' dir='ltr'>καὶ</span> <span class='ocrx_word' id='word_1_325' title='bbox 2785 2033 3040 2103; x_wconf 85' lang='grc' dir='ltr'>ἀλλήλοις</span> <span class='ocrx_word' id='word_1_326' title='bbox 3095 2033 3248 2086; x_wconf 67' lang='grc' dir='ltr'>ἐστὶν</span> <span class='ocrx_word' id='word_1_327' title='bbox 3302 2027 3606 2097; x_wconf 72' lang='grc' dir='ltr'><strong>ἀναγκαίως</strong></span> <span class='ocrx_word' id='word_1_328' title='bbox 3634 2025 3693 2078; x_wconf 80' lang='grc' dir='ltr'>τὰ</span> 
     </span>
    </p>
   </div>
   <div class='ocr_carea' id='block_1_47' title="bbox 2130 2121 3692 2202">
    <p class='ocr_par' dir='ltr' id='par_1_47' title="bbox 2130 2121 3692 2202">
     <span class='ocr_line' id='line_1_47' title="bbox 2130 2121 3692 2202; baseline -0.01 -16"><span class='ocrx_word' id='word_1_329' title='bbox 2130 2131 2309 2186; x_wconf 78' lang='grc' dir='ltr'><strong>οιύτά⁹</strong></span> <span class='ocrx_word' id='word_1_330' title='bbox 2345 2129 2418 2184; x_wconf 82' lang='grc' dir='ltr'>τὰ</span> <span class='ocrx_word' id='word_1_331' title='bbox 2465 2131 2715 2202; x_wconf 74' lang='grc' dir='ltr'><strong>ὁποτέρῳ</strong></span> <span class='ocrx_word' id='word_1_332' title='bbox 2765 2125 2978 2182; x_wconf 80' lang='grc' dir='ltr'>τούτων</span> <span class='ocrx_word' id='word_1_333' title='bbox 3024 2125 3192 2197; x_wconf 70' lang='grc' dir='ltr'>ἕτερα</span> <span class='ocrx_word' id='word_1_334' title='bbox 3249 2123 3347 2178; x_wconf 72' lang='grc' dir='ltr'><strong>καὶ</strong></span> <span class='ocrx_word' id='word_1_335' title='bbox 3380 2121 3692 2192; x_wconf 77' lang='grc' dir='ltr'>ἀμφοτέροις</span> 
     </span>
    </p>
   </div>
   <div class='ocr_carea' id='block_1_48' title="bbox 2130 2209 3692 2296">
    <p class='ocr_par' dir='ltr' id='par_1_48' title="bbox 2130 2209 3692 2296">
     <span class='ocr_line' id='line_1_48' title="bbox 2130 2209 3692 2296; baseline -0.011 -18"><span class='ocrx_word' id='word_1_336' title='bbox 2130 2221 2264 2295; x_wconf 78' lang='grc' dir='ltr'>ἄρα.</span> <span class='ocrx_word' id='word_1_337' title='bbox 2301 2223 2378 2276; x_wconf 84' lang='grc' dir='ltr'><strong>Οὐ</strong></span> <span class='ocrx_word' id='word_1_338' title='bbox 2414 2223 2726 2296; x_wconf 74' lang='grc' dir='ltr'>θαυμαστὸν</span> <span class='ocrx_word' id='word_1_339' title='bbox 2761 2220 2840 2284; x_wconf 84' lang='grc' dir='ltr'>δὲ,</span> <span class='ocrx_word' id='word_1_340' title='bbox 2881 2221 2934 2272; x_wconf 82' lang='grc' dir='ltr'><strong>εί</strong></span> <span class='ocrx_word' id='word_1_341' title='bbox 2961 2217 3032 2272; x_wconf 83' lang='grc' dir='ltr'>τὰ</span> <span class='ocrx_word' id='word_1_342' title='bbox 3079 2217 3350 2289; x_wconf 79' lang='grc' dir='ltr'>μέλλοντα</span> <span class='ocrx_word' id='word_1_343' title='bbox 3381 2209 3692 2284; x_wconf 74' lang='grc' dir='ltr'><strong>ῥηθήσεσθαι</strong></span> 
     </span>
    </p>
   </div>
   <div class='ocr_carea' id='block_1_49' title="bbox 2129 2301 3692 2386">
    <p class='ocr_par' dir='ltr' id='par_1_49' title="bbox 2129 2301 3692 2386">
     <span class='ocr_line' id='line_1_49' title="bbox 2129 2301 3692 2386; baseline -0.013 -14"><span class='ocrx_word' id='word_1_344' title='bbox 2129 2317 2218 2372; x_wconf 84' lang='grc' dir='ltr'>διὰ</span> <span class='ocrx_word' id='word_1_345' title='bbox 2249 2317 2472 2372; x_wconf 83' lang='grc' dir='ltr'>πάντων</span> <span class='ocrx_word' id='word_1_346' title='bbox 2522 2335 2614 2386; x_wconf 87' lang='grc' dir='ltr'><strong>μοι</strong></span> <span class='ocrx_word' id='word_1_347' title='bbox 2665 2317 2892 2370; x_wconf 77' lang='grc' dir='ltr'>τέταται</span> <span class='ocrx_word' id='word_1_348' title='bbox 2923 2313 3032 2368; x_wconf 84' lang='grc' dir='ltr'>τῶν</span> <span class='ocrx_word' id='word_1_349' title='bbox 3087 2312 3267 2368; x_wconf 78' lang='grc' dir='ltr'>ἄλλων</span> <span class='ocrx_word' id='word_1_350' title='bbox 3311 2310 3516 2376; x_wconf 77' lang='grc' dir='ltr'>λόγωνο</span> <span class='ocrx_word' id='word_1_351' title='bbox 3549 2301 3692 2357; x_wconf 74' lang='grc' dir='ltr'>οἱονεὶ</span> 
     </span>
    </p>
   </div>
   <div class='ocr_carea' id='block_1_50' title="bbox 2130 2399 3692 2480">
    <p class='ocr_par' dir='ltr' id='par_1_50' title="bbox 2130 2399 3692 2480">
     <span class='ocr_line' id='line_1_50' title="bbox 2130 2399 3692 2480; baseline -0.009 -20"><span class='ocrx_word' id='word_1_352' title='bbox 2130 2408 2240 2478; x_wconf 81' lang='grc' dir='ltr'><strong>γὰρ</strong></span> <span class='ocrx_word' id='word_1_353' title='bbox 2267 2409 2368 2480; x_wconf 80' lang='grc' dir='ltr'><strong>τὴν</strong></span> <span class='ocrx_word' id='word_1_354' title='bbox 2404 2409 2461 2461; x_wconf 78' lang='grc' dir='ltr'><strong>ἐν</strong></span> <span class='ocrx_word' id='word_1_355' title='bbox 2490 2405 2568 2478; x_wconf 81' lang='grc' dir='ltr'>τῷ</span> <span class='ocrx_word' id='word_1_356' title='bbox 2623 2407 2778 2478; x_wconf 81' lang='grc' dir='ltr'>βάθει</span> <span class='ocrx_word' id='word_1_357' title='bbox 2817 2407 2976 2480; x_wconf 81' lang='grc' dir='ltr'>ῥίζαν</span> <span class='ocrx_word' id='word_1_358' title='bbox 3026 2405 3124 2460; x_wconf 76' lang='grc' dir='ltr'>καὶ</span> <span class='ocrx_word' id='word_1_359' title='bbox 3165 2403 3228 2458; x_wconf 76' lang='grc' dir='ltr'>τὸ</span> <span class='ocrx_word' id='word_1_360' title='bbox 3269 2403 3444 2457; x_wconf 76' lang='grc' dir='ltr'>αἴτιον</span> <span class='ocrx_word' id='word_1_361' title='bbox 3496 2399 3692 2452; x_wconf 76' lang='grc' dir='ltr'>πάντων</span> 
     </span>
    </p>
   </div>
   <div class='ocr_carea' id='block_1_51' title="bbox 2131 2486 3690 2571">
    <p class='ocr_par' dir='ltr' id='par_1_51' title="bbox 2131 2486 3690 2571">
     <span class='ocr_line' id='line_1_51' title="bbox 2131 2486 3690 2571; baseline -0.01 -18"><span class='ocrx_word' id='word_1_362' title='bbox 2131 2500 2241 2553; x_wconf 84' lang='grc' dir='ltr'>τῶν</span> <span class='ocrx_word' id='word_1_363' title='bbox 2268 2500 2508 2571; x_wconf 76' lang='grc' dir='ltr'>ἑχόντων</span> <span class='ocrx_word' id='word_1_364' title='bbox 2539 2499 2602 2554; x_wconf 78' lang='grc' dir='ltr'><strong>εὖ</strong></span> <span class='ocrx_word' id='word_1_365' title='bbox 2629 2517 2687 2554; x_wconf 84' lang='grc' dir='ltr'><strong>τε</strong></span> <span class='ocrx_word' id='word_1_366' title='bbox 2714 2499 2811 2553; x_wconf 73' lang='grc' dir='ltr'>καὶ</span> <span class='ocrx_word' id='word_1_367' title='bbox 2842 2499 2915 2570; x_wconf 81' lang='grc' dir='ltr'>μὴ</span> <span class='ocrx_word' id='word_1_368' title='bbox 2943 2497 3076 2568; x_wconf 73' lang='grc' dir='ltr'>περὶ</span> <span class='ocrx_word' id='word_1_369' title='bbox 3105 2495 3248 2550; x_wconf 80' lang='grc' dir='ltr'><strong>Θεοῦ</strong></span> <span class='ocrx_word' id='word_1_370' title='bbox 3279 2493 3578 2564; x_wconf 84' lang='grc' dir='ltr'>δογμάτων,</span> <span class='ocrx_word' id='word_1_371' title='bbox 3609 2486 3690 2540; x_wconf 86' lang='grc' dir='ltr'>νῦν</span> 
     </span>
    </p>
   </div>
   <div class='ocr_carea' id='block_1_52' title="bbox 2135 2588 3262 2662">
    <p class='ocr_par' dir='ltr' id='par_1_52' title="bbox 2135 2588 3262 2662">
     <span class='ocr_line' id='line_1_52' title="bbox 2135 2588 3262 2662; baseline -0.004 -18"><span class='ocrx_word' id='word_1_372' title='bbox 2135 2592 2376 2660; x_wconf 70' lang='grc' dir='ltr'>ἐκφῆναι</span> <span class='ocrx_word' id='word_1_373' title='bbox 2411 2591 2739 2662; x_wconf 84' lang='grc' dir='ltr'>προῄρημαι</span> <span class='ocrx_word' id='word_1_374' title='bbox 2774 2588 3262 2656; x_wconf 80' lang='grc' dir='ltr'>συνεπτυγμὲνως.</span> 
     </span>
    </p>
   </div>
   <div class='ocr_carea' id='block_1_53' title="bbox 2206 2660 3692 2753">
    <p class='ocr_par' dir='ltr' id='par_1_53' title="bbox 2206 2660 3692 2753">
     <span class='ocr_line' id='line_1_53' title="bbox 2206 2660 3692 2753; baseline -0.013 -15"><span class='ocrx_word' id='word_1_375' title='bbox 2206 2685 2375 2740; x_wconf 80' lang='grc' dir='ltr'><strong>Θεότ.</strong></span> <span class='ocrx_word' id='word_1_376' title='bbox 2419 2660 2822 2753; x_wconf 11' lang='grc' dir='ltr'><strong>’σς-γὲράσμιον</strong></span> <span class='ocrx_word' id='word_1_377' title='bbox 2867 2680 2927 2733; x_wconf 75' lang='grc' dir='ltr'>τὸ</span> <span class='ocrx_word' id='word_1_378' title='bbox 2966 2677 3338 2747; x_wconf 75' lang='grc' dir='ltr'>ἐπάγγελμα·</span> <span class='ocrx_word' id='word_1_379' title='bbox 3388 2669 3570 2742; x_wconf 82' lang='grc' dir='ltr'>μηκέτ’</span> <span class='ocrx_word' id='word_1_380' title='bbox 3615 2660 3692 2719; x_wconf 70' lang='grc' dir='ltr'>οὖν</span> 
     </span>
    </p>
   </div>
   <div class='ocr_carea' id='block_1_54' title="bbox 2137 2761 3694 2848">
    <p class='ocr_par' dir='ltr' id='par_1_54' title="bbox 2137 2761 3694 2848">
     <span class='ocr_line' id='line_1_54' title="bbox 2137 2761 3694 2848; baseline -0.012 -17"><span class='ocrx_word' id='word_1_381' title='bbox 2137 2775 2300 2848; x_wconf 81' lang='grc' dir='ltr'>μέλλε</span> <span class='ocrx_word' id='word_1_382' title='bbox 2324 2790 2341 2808; x_wconf 76' lang='grc' dir='ltr'><strong><em>ο</em></strong></span> <span class='ocrx_word' id='word_1_383' title='bbox 2377 2775 2590 2830; x_wconf 83' lang='grc' dir='ltr'>πολλῶν</span> <span class='ocrx_word' id='word_1_384' title='bbox 2621 2775 2732 2845; x_wconf 77' lang='grc' dir='ltr'><strong>γὰρ</strong></span> <span class='ocrx_word' id='word_1_385' title='bbox 2770 2771 3073 2844; x_wconf 81' lang='grc' dir='ltr'>ἀνέραστος</span> <span class='ocrx_word' id='word_1_386' title='bbox 3101 2769 3413 2842; x_wconf 74' lang='grc' dir='ltr'>προοιμίων</span> <span class='ocrx_word' id='word_1_387' title='bbox 3441 2769 3468 2821; x_wconf 87' lang='grc' dir='ltr'>ὁ</span> <span class='ocrx_word' id='word_1_388' title='bbox 3510 2761 3694 2833; x_wconf 81' lang='grc' dir='ltr'>σφόδρα</span> 
     </span>
    </p>
   </div>
   <div class='ocr_carea' id='block_1_55' title="bbox 2130 2868 2654 2939">
    <p class='ocr_par' dir='ltr' id='par_1_55' title="bbox 2130 2868 2654 2939">
     <span class='ocr_line' id='line_1_55' title="bbox 2130 2868 2654 2939; baseline -0.01 -12"><span class='ocrx_word' id='word_1_389' title='bbox 2130 2889 2184 2927; x_wconf 89' lang='grc' dir='ltr'><strong>τι</strong></span> <span class='ocrx_word' id='word_1_390' title='bbox 2222 2869 2406 2924; x_wconf 81' lang='grc' dir='ltr'>ποθῶν</span> <span class='ocrx_word' id='word_1_391' title='bbox 2438 2868 2654 2939; x_wconf 79' lang='grc' dir='ltr'>μαθεῖν.</span> 
     </span>
    </p>
   </div>
   <div class='ocr_carea' id='block_1_56' title="bbox 2209 2957 3693 3036">
    <p class='ocr_par' dir='ltr' id='par_1_56' title="bbox 2209 2957 3693 3036">
     <span class='ocr_line' id='line_1_56' title="bbox 2209 2957 3693 3036; baseline -0.009 -14"><span class='ocrx_word' id='word_1_392' title='bbox 2209 2969 2388 3036; x_wconf 74' lang='lat' dir='ltr'><strong>6805p.</strong></span> <span class='ocrx_word' id='word_1_393' title='bbox 2421 2967 2532 3018; x_wconf 75' lang='grc' dir='ltr'><strong>Καὶ</strong></span> <span class='ocrx_word' id='word_1_394' title='bbox 2561 2965 2625 3034; x_wconf 81' lang='grc' dir='ltr'><strong>δὴ</strong></span> <span class='ocrx_word' id='word_1_395' title='bbox 2655 2963 2820 3031; x_wconf 77' lang='grc' dir='ltr'>λέγω.</span> <span class='ocrx_word' id='word_1_396' title='bbox 2849 2963 3087 3034; x_wconf 82' lang='grc' dir='ltr'>Συνορᾷς</span> <span class='ocrx_word' id='word_1_397' title='bbox 3110 2962 3186 3025; x_wconf 86' lang='grc' dir='ltr'><strong>ὡς</strong></span> <span class='ocrx_word' id='word_1_398' title='bbox 3213 2962 3289 3015; x_wconf 68' lang='grc' dir='ltr'><strong>τὰ</strong></span> <span class='ocrx_word' id='word_1_399' title='bbox 3311 2962 3412 3032; x_wconf 77' lang='grc' dir='ltr'>τῆς</span> <span class='ocrx_word' id='word_1_400' title='bbox 3440 2957 3693 3023; x_wconf 76' lang='grc' dir='ltr'>θεολογίας</span> 
     </span>
    </p>
   </div>
   <div class='ocr_carea' id='block_1_57' title="bbox 2134 3048 3692 3129">
    <p class='ocr_par' dir='ltr' id='par_1_57' title="bbox 2134 3048 3692 3129">
     <span class='ocr_line' id='line_1_57' title="bbox 2134 3048 3692 3129; baseline -0.009 -17"><span class='ocrx_word' id='word_1_401' title='bbox 2134 3059 2250 3113; x_wconf 72' lang='grc' dir='ltr'>ἔστι</span> <span class='ocrx_word' id='word_1_402' title='bbox 2316 3059 2414 3129; x_wconf 81' lang='grc' dir='ltr'><strong>μὲν</strong></span> <span class='ocrx_word' id='word_1_403' title='bbox 2464 3056 2541 3121; x_wconf 85' lang='grc' dir='ltr'>ὣς</span> <span class='ocrx_word' id='word_1_404' title='bbox 2588 3057 2890 3110; x_wconf 79' lang='grc' dir='ltr'>αὒτόπιστα</span> <span class='ocrx_word' id='word_1_405' title='bbox 2932 3056 3050 3108; x_wconf 74' lang='grc' dir='ltr'>ἐστι</span> <span class='ocrx_word' id='word_1_406' title='bbox 3091 3057 3135 3108; x_wconf 84' lang='grc' dir='ltr'>δ’</span> <span class='ocrx_word' id='word_1_407' title='bbox 3164 3053 3243 3117; x_wconf 79' lang='grc' dir='ltr'>ὣς</span> <span class='ocrx_word' id='word_1_408' title='bbox 3280 3050 3584 3124; x_wconf 81' lang='grc' dir='ltr'>παρακαλεῖ</span> <span class='ocrx_word' id='word_1_409' title='bbox 3615 3048 3692 3100; x_wconf 74' lang='grc' dir='ltr'><strong>τὸν</strong></span> 
     </span>
    </p>
   </div>
   <div class='ocr_carea' id='block_1_58' title="bbox 2133 3135 3689 3219">
    <p class='ocr_par' dir='ltr' id='par_1_58' title="bbox 2133 3135 3689 3219">
     <span class='ocr_line' id='line_1_58' title="bbox 2133 3135 3689 3219; baseline -0.008 -17"><span class='ocrx_word' id='word_1_410' title='bbox 2133 3150 2229 3202; x_wconf 81' lang='grc' dir='ltr'><strong>τοῦ</strong></span> <span class='ocrx_word' id='word_1_411' title='bbox 2289 3147 2678 3219; x_wconf 78' lang='grc' dir='ltr'>διδασκομένου</span> <span class='ocrx_word' id='word_1_412' title='bbox 2717 3146 2844 3201; x_wconf 83' lang='grc' dir='ltr'>νοῦν</span> <span class='ocrx_word' id='word_1_413' title='bbox 2893 3148 2974 3210; x_wconf 83' lang='grc' dir='ltr'><strong>είς</strong></span> <span class='ocrx_word' id='word_1_414' title='bbox 3017 3145 3319 3216; x_wconf 75' lang='grc' dir='ltr'>ὲπίσκεψίν</span> <span class='ocrx_word' id='word_1_415' title='bbox 3369 3161 3426 3198; x_wconf 87' lang='grc' dir='ltr'><strong>τε</strong></span> <span class='ocrx_word' id='word_1_416' title='bbox 3473 3141 3562 3196; x_wconf 81' lang='grc' dir='ltr'>καὶ</span> <span class='ocrx_word' id='word_1_417' title='bbox 3591 3135 3689 3206; x_wconf 75' lang='grc' dir='ltr'><strong>ἐξέ-</strong></span> 
     </span>
    </p>
   </div>
   <div class='ocr_carea' id='block_1_59' title="bbox 2135 3259 2338 3308">
    <p class='ocr_par' dir='ltr' id='par_1_59' title="bbox 2135 3259 2338 3308">
     <span class='ocr_line' id='line_1_59' title="bbox 2135 3259 2338 3308; baseline 0 -14"><span class='ocrx_word' id='word_1_418' title='bbox 2135 3259 2295 3295; x_wconf 80' lang='grc' dir='ltr'>τασιν</span> <span class='ocrx_word' id='word_1_419' title='bbox 2321 3259 2338 3308; x_wconf 88' lang='grc'>;</span> 
     </span>
    </p>
   </div>
   <div class='ocr_carea' id='block_1_60' title="bbox 519 3317 2029 3413">
    <p class='ocr_par' dir='ltr' id='par_1_60' title="bbox 519 3317 2029 3383">
     <span class='ocr_line' id='line_1_60' title="bbox 519 3317 2029 3383; baseline 0.007 -10"><span class='ocrx_word' id='word_1_420' title='bbox 519 3317 702 3375; x_wconf 82' lang='lat' dir='ltr'><strong>Theot.</strong></span> <span class='ocrx_word' id='word_1_421' title='bbox 741 3319 940 3377; x_wconf 88' lang='lat' dir='ltr'><strong>Eadem</strong></span> <span class='ocrx_word' id='word_1_422' title='bbox 976 3330 1102 3377; x_wconf 91' lang='lat' dir='ltr'><strong>sunt</strong></span> <span class='ocrx_word' id='word_1_423' title='bbox 1147 3322 1432 3380; x_wconf 88' lang='lat' dir='ltr'><strong>credibilia</strong></span> <span class='ocrx_word' id='word_1_424' title='bbox 1477 3332 1532 3380; x_wconf 89' lang='lat' dir='ltr'><strong>et</strong></span> <span class='ocrx_word' id='word_1_425' title='bbox 1575 3328 1724 3382; x_wconf 88' lang='lat' dir='ltr'><strong>non?</strong></span> <span class='ocrx_word' id='word_1_426' title='bbox 1755 3327 1908 3383; x_wconf 83' lang='lat' dir='ltr'><strong>Haud</strong></span> <span class='ocrx_word' id='word_1_427' title='bbox 1948 3330 2029 3383; x_wconf 90' lang='lat' dir='ltr'><strong>in-</strong></span> 
     </span>
    </p>
   </div>
   <div class='ocr_carea' id='block_1_61' title="bbox 2132 3317 3687 3413">
    <p class='ocr_par' dir='ltr' id='par_1_61' title="bbox 2211 3326 3687 3402">
     <span class='ocr_line' id='line_1_61' title="bbox 2211 3326 3687 3402; baseline -0.009 -11"><span class='ocrx_word' id='word_1_428' title='bbox 2211 3337 2378 3390; x_wconf 85' lang='grc' dir='ltr'>Θεότ.</span> <span class='ocrx_word' id='word_1_429' title='bbox 2409 3333 2492 3389; x_wconf 81' lang='grc' dir='ltr'><strong>Τὰ</strong></span> <span class='ocrx_word' id='word_1_430' title='bbox 2521 3332 2663 3388; x_wconf 78' lang='grc' dir='ltr'>αὐτὰ</span> <span class='ocrx_word' id='word_1_431' title='bbox 2687 3331 2782 3386; x_wconf 69' lang='grc' dir='ltr'>καὶ</span> <span class='ocrx_word' id='word_1_432' title='bbox 2820 3331 2991 3386; x_wconf 80' lang='grc' dir='ltr'>πιστά</span> <span class='ocrx_word' id='word_1_433' title='bbox 3023 3331 3142 3386; x_wconf 70' lang='grc' dir='ltr'>ἐστι</span> <span class='ocrx_word' id='word_1_434' title='bbox 3169 3331 3270 3387; x_wconf 69' lang='grc' dir='ltr'><strong>καὶ</strong></span> <span class='ocrx_word' id='word_1_435' title='bbox 3301 3330 3374 3402; x_wconf 81' lang='grc' dir='ltr'>μή</span> <span class='ocrx_word' id='word_1_436' title='bbox 3404 3347 3418 3398; x_wconf 84' lang='grc'>;</span> <span class='ocrx_word' id='word_1_437' title='bbox 3463 3326 3533 3382; x_wconf 79' lang='grc' dir='ltr'><strong>Οὐ</strong></span> <span class='ocrx_word' id='word_1_438' title='bbox 3565 3338 3687 3397; x_wconf 82' lang='grc' dir='ltr'>μαν-</span> 
     </span>
    </p>
   </div>
   <div class='ocr_carea' id='block_1_62' title="bbox 449 3413 994 3484">
    <p class='ocr_par' dir='ltr' id='par_1_62' title="bbox 449 3413 994 3484">
     <span class='ocr_line' id='line_1_62' title="bbox 449 3413 994 3484; baseline 0.002 -16"><span class='ocrx_word' id='word_1_439' title='bbox 449 3413 631 3482; x_wconf 75' lang='lat' dir='ltr'><strong>telligo</strong></span> <span class='ocrx_word' id='word_1_440' title='bbox 657 3416 788 3484; x_wconf 88' lang='lat' dir='ltr'><strong>quid</strong></span> <span class='ocrx_word' id='word_1_441' title='bbox 817 3415 994 3472; x_wconf 86' lang='lat' dir='ltr'><strong>dicas.</strong></span> 
     </span>
    </p>
   </div>
   <div class='ocr_carea' id='block_1_63' title="bbox 526 3505 1729 3580">
    <p class='ocr_par' dir='ltr' id='par_1_63' title="bbox 526 3505 1729 3580">
     <span class='ocr_line' id='line_1_63' title="bbox 526 3505 1729 3580; baseline 0.007 -20"><span class='ocrx_word' id='word_1_442' title='bbox 526 3505 757 3576; x_wconf 81' lang='lat' dir='ltr'><strong>Tlteoplt.</strong></span> <span class='ocrx_word' id='word_1_443' title='bbox 791 3507 1052 3580; x_wconf 82' lang='lat' dir='ltr'><strong>Equidem</strong></span> <span class='ocrx_word' id='word_1_444' title='bbox 1086 3510 1232 3580; x_wconf 92' lang='lat' dir='ltr'><strong>quod</strong></span> <span class='ocrx_word' id='word_1_445' title='bbox 1265 3510 1388 3568; x_wconf 90' lang='lat' dir='ltr'><strong>dico</strong></span> <span class='ocrx_word' id='word_1_446' title='bbox 1415 3512 1729 3568; x_wconf 86' lang='lat' dir='ltr'><strong>elucidabo.</strong></span> 
     </span>
    </p>
   </div>
   <div class='ocr_carea' id='block_1_64' title="bbox 521 3598 2034 3678">
    <p class='ocr_par' dir='ltr' id='par_1_64' title="bbox 521 3598 2034 3678">
     <span class='ocr_line' id='line_1_64' title="bbox 521 3598 2034 3678; baseline 0.005 -26"><span class='ocrx_word' id='word_1_447' title='bbox 521 3598 704 3653; x_wconf 78' lang='lat' dir='ltr'><strong>Theot.</strong></span> <span class='ocrx_word' id='word_1_448' title='bbox 747 3601 1013 3672; x_wconf 77' lang='lat' dir='ltr'><strong>Explana,</strong></span> <span class='ocrx_word' id='word_1_449' title='bbox 1047 3611 1104 3657; x_wconf 90' lang='lat' dir='ltr'><strong>et</strong></span> <span class='ocrx_word' id='word_1_450' title='bbox 1147 3609 1280 3658; x_wconf 92' lang='lat' dir='ltr'><strong>tunc</strong></span> <span class='ocrx_word' id='word_1_451' title='bbox 1316 3606 1616 3676; x_wconf 87' lang='lat' dir='ltr'><strong>amplectar</strong></span> <span class='ocrx_word' id='word_1_452' title='bbox 1657 3605 1801 3678; x_wconf 84' lang='lat' dir='ltr'><strong>quod</strong></span> <span class='ocrx_word' id='word_1_453' title='bbox 1844 3620 2034 3661; x_wconf 72' lang='lat' dir='ltr'><strong>verum</strong></span> 
     </span>
    </p>
   </div>
   <div class='ocr_carea' id='block_1_65' title="bbox 448 3695 739 3752">
    <p class='ocr_par' dir='ltr' id='par_1_65' title="bbox 448 3695 739 3752">
     <span class='ocr_line' id='line_1_65' title="bbox 448 3695 739 3752; baseline 0.017 -5"><span class='ocrx_word' id='word_1_454' title='bbox 448 3695 684 3750; x_wconf 68' lang='lat' dir='ltr'><strong>\‘idebitu</strong></span> <span class='ocrx_word' id='word_1_455' title='bbox 695 3714 739 3752; x_wconf 94' lang='lat' dir='ltr'><strong>r.</strong></span> 
     </span>
    </p>
   </div>
   <div class='ocr_carea' id='block_1_66' title="bbox 527 3791 2034 3867">
    <p class='ocr_par' dir='ltr' id='par_1_66' title="bbox 527 3791 2034 3867">
     <span class='ocr_line' id='line_1_66' title="bbox 527 3791 2034 3867; baseline 0.004 -23"><span class='ocrx_word' id='word_1_456' title='bbox 527 3791 755 3858; x_wconf 79' lang='grc' dir='ltr'>ΤΙιεορΙι.</span> <span class='ocrx_word' id='word_1_457' title='bbox 810 3792 956 3849; x_wconf 82' lang='lat' dir='ltr'><strong>Dixit</strong></span> <span class='ocrx_word' id='word_1_458' title='bbox 998 3794 1212 3867; x_wconf 86' lang='lat' dir='ltr'><strong>Moyses</strong></span> <span class='ocrx_word' id='word_1_459' title='bbox 1256 3812 1286 3852; x_wconf 91' lang='lat' dir='ltr'><strong>a</strong></span> <span class='ocrx_word' id='word_1_460' title='bbox 1341 3797 1449 3852; x_wconf 88' lang='lat' dir='ltr'><strong>Deo</strong></span> <span class='ocrx_word' id='word_1_461' title='bbox 1478 3796 1752 3851; x_wconf 88' lang='lat' dir='ltr'><strong>edoctus:</strong></span> <span class='ocrx_word' id='word_1_462' title='bbox 1795 3813 1815 3847; x_wconf 79' lang='grc' dir='ltr'><strong>ι</strong></span> <span class='ocrx_word' id='word_1_463' title='bbox 1869 3793 2034 3861; x_wconf 85' lang='lat' dir='ltr'><strong>Audi,</strong></span> 
     </span>
    </p>
   </div>
   <div class='ocr_carea' id='block_1_67' title="bbox 451 3884 2036 3961">
    <p class='ocr_par' dir='ltr' id='par_1_67' title="bbox 451 3884 2036 3961">
     <span class='ocr_line' id='line_1_67' title="bbox 451 3884 2036 3961; baseline 0.004 -23"><span class='ocrx_word' id='word_1_464' title='bbox 451 3884 659 3941; x_wconf 89' lang='lat' dir='ltr'><strong>lsracl:</strong></span> <span class='ocrx_word' id='word_1_465' title='bbox 698 3887 961 3943; x_wconf 85' lang='lat' dir='ltr'><strong>Dominus</strong></span> <span class='ocrx_word' id='word_1_466' title='bbox 1000 3887 1141 3946; x_wconf 89' lang='lat' dir='ltr'><strong>Deus</strong></span> <span class='ocrx_word' id='word_1_467' title='bbox 1182 3905 1326 3944; x_wconf 86' lang='lat' dir='ltr'><strong>unus</strong></span> <span class='ocrx_word' id='word_1_468' title='bbox 1353 3898 1474 3956; x_wconf 86' lang='lat' dir='ltr'><strong>est;</strong></span> <span class='ocrx_word' id='word_1_469' title='bbox 1524 3907 1543 3941; x_wconf 72' lang='grc' dir='ltr'><strong>ι</strong></span> <span class='ocrx_word' id='word_1_470' title='bbox 1587 3905 1768 3945; x_wconf 89' lang='lat' dir='ltr'><strong>nonne</strong></span> <span class='ocrx_word' id='word_1_471' title='bbox 1799 3890 1906 3945; x_wconf 86' lang='lat' dir='ltr'><strong>hoc</strong></span> <span class='ocrx_word' id='word_1_472' title='bbox 1937 3904 2036 3961; x_wconf 87' lang='lat' dir='ltr'><strong>per</strong></span> 
     </span>
    </p>
   </div>
   <div class='ocr_carea' id='block_1_68' title="bbox 451 3980 962 4036">
    <p class='ocr_par' dir='ltr' id='par_1_68' title="bbox 451 3980 962 4036">
     <span class='ocr_line' id='line_1_68' title="bbox 451 3980 962 4036; baseline 0.002 -1"><span class='ocrx_word' id='word_1_473' title='bbox 451 3994 512 4035; x_wconf 87' lang='lat' dir='ltr'><strong>se</strong></span> <span class='ocrx_word' id='word_1_474' title='bbox 547 3987 633 4035; x_wconf 85' lang='lat' dir='ltr'><strong>est</strong></span> <span class='ocrx_word' id='word_1_475' title='bbox 662 3980 962 4036; x_wconf 79' lang='lat' dir='ltr'><strong>credibile?</strong></span> 
     </span>
    </p>
   </div>
   <div class='ocr_carea' id='block_1_69' title="bbox 523 4092 2040 4166">
    <p class='ocr_par' dir='ltr' id='par_1_69' title="bbox 523 4092 2040 4166">
     <span class='ocr_line' id='line_1_69' title="bbox 523 4092 2040 4166; baseline 0.005 -20"><span class='ocrx_word' id='word_1_476' title='bbox 523 4093 712 4150; x_wconf 83' lang='grc' dir='ltr'>ΤΙιεοι.</span> <span class='ocrx_word' id='word_1_477' title='bbox 743 4092 822 4150; x_wconf 89' lang='lat' dir='ltr'><strong>lta</strong></span> <span class='ocrx_word' id='word_1_478' title='bbox 853 4103 956 4162; x_wconf 90' lang='lat' dir='ltr'><strong>est,</strong></span> <span class='ocrx_word' id='word_1_479' title='bbox 986 4095 1032 4150; x_wconf 92' lang='lat' dir='ltr'><strong>si</strong></span> <span class='ocrx_word' id='word_1_480' title='bbox 1063 4095 1204 4151; x_wconf 91' lang='lat' dir='ltr'><strong>dicis</strong></span> <span class='ocrx_word' id='word_1_481' title='bbox 1228 4111 1324 4166; x_wconf 89' lang='lat' dir='ltr'><strong>per</strong></span> <span class='ocrx_word' id='word_1_482' title='bbox 1348 4110 1408 4152; x_wconf 90' lang='lat' dir='ltr'><strong>se</strong></span> <span class='ocrx_word' id='word_1_483' title='bbox 1447 4096 1708 4151; x_wconf 88' lang='lat' dir='ltr'><strong>credibile</strong></span> <span class='ocrx_word' id='word_1_484' title='bbox 1740 4097 1885 4166; x_wconf 88' lang='lat' dir='ltr'><strong>quod</strong></span> <span class='ocrx_word' id='word_1_485' title='bbox 1914 4097 2040 4153; x_wconf 86' lang='lat' dir='ltr'><strong>sine</strong></span> 
     </span>
    </p>
   </div>
   <div class='ocr_carea' id='block_1_70' title="bbox 451 4185 2039 4260">
    <p class='ocr_par' dir='ltr' id='par_1_70' title="bbox 451 4185 2039 4260">
     <span class='ocr_line' id='line_1_70' title="bbox 451 4185 2039 4260; baseline 0.002 -20"><span class='ocrx_word' id='word_1_486' title='bbox 451 4185 923 4243; x_wconf 88' lang='lat' dir='ltr'><strong>demonstratione</strong></span> <span class='ocrx_word' id='word_1_487' title='bbox 972 4187 1240 4243; x_wconf 84' lang='lat' dir='ltr'><strong>creditur.</strong></span> <span class='ocrx_word' id='word_1_488' title='bbox 1274 4191 1460 4257; x_wconf 83' lang='lat' dir='ltr'><strong>Itaque</strong></span> <span class='ocrx_word' id='word_1_489' title='bbox 1484 4189 1718 4259; x_wconf 82' lang='lat' dir='ltr'><strong>Moyses,</strong></span> <span class='ocrx_word' id='word_1_490' title='bbox 1745 4197 2039 4260; x_wconf 88' lang='lat' dir='ltr'><strong>postquam</strong></span> 
     </span>
    </p>
   </div>
   <div class='ocr_carea' id='block_1_71' title="bbox 450 4275 2040 4356">
    <p class='ocr_par' dir='ltr' id='par_1_71' title="bbox 450 4275 2040 4356">
     <span class='ocr_line' id='line_1_71' title="bbox 450 4275 2040 4356; baseline 0.003 -26"><span class='ocrx_word' id='word_1_491' title='bbox 450 4275 643 4330; x_wconf 82' lang='lat' dir='ltr'><strong>audire</strong></span> <span class='ocrx_word' id='word_1_492' title='bbox 670 4278 860 4346; x_wconf 85' lang='lat' dir='ltr'><strong>jussit,</strong></span> <span class='ocrx_word' id='word_1_493' title='bbox 903 4278 1116 4333; x_wconf 89' lang='lat' dir='ltr'><strong>nullam</strong></span> <span class='ocrx_word' id='word_1_494' title='bbox 1150 4278 1360 4334; x_wconf 89' lang='lat' dir='ltr'><strong>addidit</strong></span> <span class='ocrx_word' id='word_1_495' title='bbox 1383 4279 1528 4336; x_wconf 88' lang='lat' dir='ltr'><strong>circa</strong></span> <span class='ocrx_word' id='word_1_496' title='bbox 1555 4280 1658 4336; x_wconf 89' lang='lat' dir='ltr'><strong>hoc</strong></span> <span class='ocrx_word' id='word_1_497' title='bbox 1686 4282 2040 4356; x_wconf 62' lang='lat' dir='ltr'><strong>demonStra;</strong></span> 
     </span>
    </p>
   </div>
   <div class='ocr_carea' id='block_1_72' title="bbox 453 4370 682 4424">
    <p class='ocr_par' dir='ltr' id='par_1_72' title="bbox 453 4370 682 4424">
     <span class='ocr_line' id='line_1_72' title="bbox 453 4370 682 4424; baseline -0.004 -1"><span class='ocrx_word' id='word_1_498' title='bbox 453 4370 682 4424; x_wconf 87' lang='lat' dir='ltr'><strong>tionem.</strong></span> 
     </span>
    </p>
   </div>
   <div class='ocr_carea' id='block_1_73' title="bbox 527 4467 2034 4560">
    <p class='ocr_par' dir='ltr' id='par_1_73' title="bbox 527 4467 2034 4560">
     <span class='ocr_line' id='line_1_73' title="bbox 527 4467 2034 4560; baseline 0.003 -20"><span class='ocrx_word' id='word_1_499' title='bbox 527 4485 758 4555; x_wconf 71' lang='lat' dir='ltr'><strong>T/zwplz.</strong></span> <span class='ocrx_word' id='word_1_500' title='bbox 793 4487 936 4544; x_wconf 84' lang='lat' dir='ltr'><strong>Bene</strong></span> <span class='ocrx_word' id='word_1_501' title='bbox 967 4489 1184 4560; x_wconf 85' lang='lat' dir='ltr'><strong>quidem</strong></span> <span class='ocrx_word' id='word_1_502' title='bbox 1237 4490 1392 4548; x_wconf 82' lang='lat' dir='ltr'><strong>fecit.</strong></span> <span class='ocrx_word' id='word_1_503' title='bbox 1443 4491 1513 4548; x_wconf 86' lang='lat' dir='ltr'><strong>Ut</strong></span> <span class='ocrx_word' id='word_1_504' title='bbox 1562 4467 2034 4549; x_wconf 20' lang='lat' dir='ltr'><strong>enim’sensusmin</strong></span> 
     </span>
    </p>
   </div>
   <div class='ocr_carea' id='block_1_74' title="bbox 453 4579 2038 4655">
    <p class='ocr_par' dir='ltr' id='par_1_74' title="bbox 453 4579 2038 4655">
     <span class='ocr_line' id='line_1_74' title="bbox 453 4579 2038 4655; baseline 0.001 -21"><span class='ocrx_word' id='word_1_505' title='bbox 453 4579 813 4635; x_wconf 74' lang='lat' dir='ltr'><strong>sensibilibus</strong></span> <span class='ocrx_word' id='word_1_506' title='bbox 847 4581 1100 4636; x_wconf 88' lang='lat' dir='ltr'><strong>rationali</strong></span> <span class='ocrx_word' id='word_1_507' title='bbox 1146 4598 1254 4638; x_wconf 85' lang='lat' dir='ltr'><strong>non</strong></span> <span class='ocrx_word' id='word_1_508' title='bbox 1313 4583 1517 4654; x_wconf 85' lang='lat' dir='ltr'><strong>indiget</strong></span> <span class='ocrx_word' id='word_1_509' title='bbox 1569 4595 1916 4655; x_wconf 83' lang='lat' dir='ltr'><strong>argumento,</strong></span> <span class='ocrx_word' id='word_1_510' title='bbox 1963 4582 2038 4636; x_wconf 87' lang='lat' dir='ltr'><strong>ita</strong></span> 
     </span>
    </p>
   </div>
   <div class='ocr_carea' id='block_1_75' title="bbox 455 4670 2042 4746">
    <p class='ocr_par' dir='ltr' id='par_1_75' title="bbox 455 4670 2042 4746">
     <span class='ocr_line' id='line_1_75' title="bbox 455 4670 2042 4746; baseline 0.004 -24"><span class='ocrx_word' id='word_1_511' title='bbox 455 4684 559 4724; x_wconf 78' lang='lat' dir='ltr'><strong>nec</strong></span> <span class='ocrx_word' id='word_1_512' title='bbox 592 4670 724 4726; x_wconf 88' lang='lat' dir='ltr'><strong>fides</strong></span> <span class='ocrx_word' id='word_1_513' title='bbox 790 4670 842 4726; x_wconf 93' lang='lat' dir='ltr'><strong>in</strong></span> <span class='ocrx_word' id='word_1_514' title='bbox 895 4672 1215 4744; x_wconf 85' lang='lat' dir='ltr'><strong>hujusmodi</strong></span> <span class='ocrx_word' id='word_1_515' title='bbox 1257 4674 1464 4746; x_wconf 82' lang='lat' dir='ltr'><strong>indiget</strong></span> <span class='ocrx_word' id='word_1_516' title='bbox 1511 4674 1820 4730; x_wconf 88' lang='lat' dir='ltr'><strong>ratiocinio.</strong></span> <span class='ocrx_word' id='word_1_517' title='bbox 1862 4673 2042 4740; x_wconf 86' lang='lat' dir='ltr'><strong>Quare</strong></span> 
     </span>
    </p>
   </div>
   <div class='ocr_carea' id='block_1_76' title="bbox 455 4763 2042 4838">
    <p class='ocr_par' dir='ltr' id='par_1_76' title="bbox 455 4763 2042 4838">
     <span class='ocr_line' id='line_1_76' title="bbox 455 4763 2042 4838; baseline 0.003 -20"><span class='ocrx_word' id='word_1_518' title='bbox 455 4763 679 4818; x_wconf 88' lang='lat' dir='ltr'><strong>nonnisi</strong></span> <span class='ocrx_word' id='word_1_519' title='bbox 699 4763 964 4822; x_wconf 86' lang='lat' dir='ltr'><strong>adversus</strong></span> <span class='ocrx_word' id='word_1_520' title='bbox 986 4766 1308 4823; x_wconf 88' lang='lat' dir='ltr'><strong>incredulos</strong></span> <span class='ocrx_word' id='word_1_521' title='bbox 1339 4767 1540 4838; x_wconf 84' lang='lat' dir='ltr'><strong>prolixi</strong></span> <span class='ocrx_word' id='word_1_522' title='bbox 1571 4782 1737 4835; x_wconf 88' lang='lat' dir='ltr'><strong>super</strong></span> <span class='ocrx_word' id='word_1_523' title='bbox 1762 4766 1858 4822; x_wconf 88' lang='lat' dir='ltr'><strong>illo</strong></span> <span class='ocrx_word' id='word_1_524' title='bbox 1889 4775 2042 4822; x_wconf 85' lang='lat' dir='ltr'><strong>textu</strong></span> 
     </span>
    </p>
   </div>
   <div class='ocr_carea' id='block_1_77' title="bbox 455 4858 2046 4935">
    <p class='ocr_par' dir='ltr' id='par_1_77' title="bbox 455 4858 2046 4935">
     <span class='ocr_line' id='line_1_77' title="bbox 455 4858 2046 4935; baseline 0.004 -24"><span class='ocrx_word' id='word_1_525' title='bbox 455 4858 833 4928; x_wconf 76' lang='lat' dir='ltr'><strong>proferrentur</strong></span> <span class='ocrx_word' id='word_1_526' title='bbox 890 4877 1195 4918; x_wconf 88' lang='lat' dir='ltr'><strong>sermones.</strong></span> <span class='ocrx_word' id='word_1_527' title='bbox 1266 4864 1372 4919; x_wconf 91' lang='lat' dir='ltr'><strong>Sed</strong></span> <span class='ocrx_word' id='word_1_528' title='bbox 1429 4863 1567 4917; x_wconf 88' lang='lat' dir='ltr'><strong>idem</strong></span> <span class='ocrx_word' id='word_1_529' title='bbox 1625 4862 1860 4935; x_wconf 78' lang='lat' dir='ltr'><strong>Moyses,</strong></span> <span class='ocrx_word' id='word_1_530' title='bbox 1934 4863 2046 4920; x_wconf 91' lang='lat' dir='ltr'><strong>Deo</strong></span> 
     </span>
    </p>
   </div>
   <div class='ocr_carea' id='block_1_78' title="bbox 456 4951 2042 5028">
    <p class='ocr_par' dir='ltr' id='par_1_78' title="bbox 456 4951 2042 5028">
     <span class='ocr_line' id='line_1_78' title="bbox 456 4951 2042 5028; baseline 0.006 -25"><span class='ocrx_word' id='word_1_531' title='bbox 456 4953 661 5020; x_wconf 86' lang='lat' dir='ltr'><strong>pariter</strong></span> <span class='ocrx_word' id='word_1_532' title='bbox 683 4951 934 5019; x_wconf 88' lang='lat' dir='ltr'><strong>docente,</strong></span> <span class='ocrx_word' id='word_1_533' title='bbox 956 4957 1060 5010; x_wconf 89' lang='lat' dir='ltr'><strong>ait:</strong></span> <span class='ocrx_word' id='word_1_534' title='bbox 1089 4975 1106 5008; x_wconf 79' lang='grc' dir='ltr'><strong>ι</strong></span> <span class='ocrx_word' id='word_1_535' title='bbox 1123 4957 1384 5011; x_wconf 88' lang='lat' dir='ltr'><strong>Dominus</strong></span> <span class='ocrx_word' id='word_1_536' title='bbox 1405 4956 1541 5028; x_wconf 90' lang='lat' dir='ltr'><strong>pluit</strong></span> <span class='ocrx_word' id='word_1_537' title='bbox 1562 4972 1726 5026; x_wconf 86' lang='lat' dir='ltr'><strong>super</strong></span> <span class='ocrx_word' id='word_1_538' title='bbox 1747 4957 2042 5012; x_wconf 87' lang='lat' dir='ltr'><strong>Sodomam</strong></span> 
     </span>
    </p>
   </div>
   <div class='ocr_carea' id='block_1_79' title="bbox 458 5043 2047 5119">
    <p class='ocr_par' dir='ltr' id='par_1_79' title="bbox 458 5043 2047 5119">
     <span class='ocr_line' id='line_1_79' title="bbox 458 5043 2047 5119; baseline 0.006 -23"><span class='ocrx_word' id='word_1_539' title='bbox 458 5053 512 5097; x_wconf 86' lang='lat' dir='ltr'><strong>et</strong></span> <span class='ocrx_word' id='word_1_540' title='bbox 543 5043 911 5100; x_wconf 86' lang='lat' dir='ltr'><strong>Gomorrham</strong></span> <span class='ocrx_word' id='word_1_541' title='bbox 969 5048 1150 5119; x_wconf 78' lang='lat' dir='ltr'><strong>ignem</strong></span> <span class='ocrx_word' id='word_1_542' title='bbox 1205 5065 1237 5106; x_wconf 88' lang='lat' dir='ltr'><strong>a</strong></span> <span class='ocrx_word' id='word_1_543' title='bbox 1289 5050 1522 5104; x_wconf 89' lang='lat' dir='ltr'><strong>Domino</strong></span> <span class='ocrx_word' id='word_1_544' title='bbox 1577 5047 1646 5103; x_wconf 91' lang='lat' dir='ltr'><strong>de</strong></span> <span class='ocrx_word' id='word_1_545' title='bbox 1694 5049 1896 5115; x_wconf 56' lang='lat' dir='ltr'><strong>cmloi;</strong></span> <span class='ocrx_word' id='word_1_546' title='bbox 1940 5069 1958 5102; x_wconf 73' lang='grc' dir='ltr'><strong>ι</strong></span> <span class='ocrx_word' id='word_1_547' title='bbox 1992 5058 2047 5106; x_wconf 91' lang='lat' dir='ltr'><strong>et</strong></span> 
     </span>
    </p>
   </div>
   <div class='ocr_carea' id='block_1_80' title="bbox 459 5138 2046 5212">
    <p class='ocr_par' dir='ltr' id='par_1_80' title="bbox 459 5138 2046 5212">
     <span class='ocr_line' id='line_1_80' title="bbox 459 5138 2046 5212; baseline 0.005 -22"><span class='ocrx_word' id='word_1_548' title='bbox 459 5149 583 5190; x_wconf 84' lang='lat' dir='ltr'><strong>cum</strong></span> <span class='ocrx_word' id='word_1_549' title='bbox 619 5138 783 5193; x_wconf 85' lang='lat' dir='ltr'><strong>simul</strong></span> <span class='ocrx_word' id='word_1_550' title='bbox 827 5139 927 5209; x_wconf 88' lang='lat' dir='ltr'><strong>ipsi</strong></span> <span class='ocrx_word' id='word_1_551' title='bbox 967 5141 1103 5196; x_wconf 84' lang='lat' dir='ltr'><strong>Loth</strong></span> <span class='ocrx_word' id='word_1_552' title='bbox 1135 5142 1189 5196; x_wconf 91' lang='lat' dir='ltr'><strong>in</strong></span> <span class='ocrx_word' id='word_1_553' title='bbox 1250 5141 1507 5198; x_wconf 85' lang='lat' dir='ltr'><strong>Sodomis</strong></span> <span class='ocrx_word' id='word_1_554' title='bbox 1535 5153 1822 5212; x_wconf 78' lang='lat' dir='ltr'><strong>appareret</strong></span> <span class='ocrx_word' id='word_1_555' title='bbox 1862 5143 2046 5198; x_wconf 81' lang='lat' dir='ltr'><strong>Domi-</strong></span> 
     </span>
    </p>
   </div>
   <div class='ocr_carea' id='block_1_81' title="bbox 459 5231 2044 5306">
    <p class='ocr_par' dir='ltr' id='par_1_81' title="bbox 459 5231 2044 5306">
     <span class='ocr_line' id='line_1_81' title="bbox 459 5231 2044 5306; baseline 0.007 -24"><span class='ocrx_word' id='word_1_556' title='bbox 459 5245 588 5296; x_wconf 90' lang='lat' dir='ltr'><strong>nus,</strong></span> <span class='ocrx_word' id='word_1_557' title='bbox 619 5231 699 5286; x_wconf 87' lang='lat' dir='ltr'><strong>sic</strong></span> <span class='ocrx_word' id='word_1_558' title='bbox 755 5231 808 5285; x_wconf 89' lang='lat' dir='ltr'><strong>in</strong></span> <span class='ocrx_word' id='word_1_559' title='bbox 845 5234 1063 5289; x_wconf 86' lang='lat' dir='ltr'><strong>duabus</strong></span> <span class='ocrx_word' id='word_1_560' title='bbox 1093 5234 1534 5303; x_wconf 83' lang='lat' dir='ltr'><strong>conspiciebatur</strong></span> <span class='ocrx_word' id='word_1_561' title='bbox 1570 5237 1845 5306; x_wconf 82' lang='lat' dir='ltr'><strong>personis.</strong></span> <span class='ocrx_word' id='word_1_562' title='bbox 1908 5237 2044 5293; x_wconf 87' lang='lat' dir='ltr'><strong>Fide</strong></span> 
     </span>
    </p>
   </div>
   <div class='ocr_carea' id='block_1_82' title="bbox 461 5323 1294 5397">
    <p class='ocr_par' dir='ltr' id='par_1_82' title="bbox 461 5323 1294 5397">
     <span class='ocr_line' id='line_1_82' title="bbox 461 5323 1294 5397; baseline 0.005 -20"><span class='ocrx_word' id='word_1_563' title='bbox 461 5323 626 5392; x_wconf 78' lang='lat' dir='ltr'><strong>igitur</strong></span> <span class='ocrx_word' id='word_1_564' title='bbox 658 5325 709 5380; x_wconf 93' lang='lat' dir='ltr'><strong>id</strong></span> <span class='ocrx_word' id='word_1_565' title='bbox 740 5327 944 5396; x_wconf 89' lang='lat' dir='ltr'><strong>pariter</strong></span> <span class='ocrx_word' id='word_1_566' title='bbox 968 5329 1294 5397; x_wconf 75' lang='lat' dir='ltr'><strong>accipimus.</strong></span> 
     </span>
    </p>
   </div>
   <div class='ocr_carea' id='block_1_83' title="bbox 539 5440 1408 5512">
    <p class='ocr_par' dir='ltr' id='par_1_83' title="bbox 539 5440 1408 5512">
     <span class='ocr_line' id='line_1_83' title="bbox 539 5440 1408 5512; baseline 0.002 -18"><span class='ocrx_word' id='word_1_567' title='bbox 539 5440 715 5495; x_wconf 79' lang='lat' dir='ltr'><strong>Theot.</strong></span> <span class='ocrx_word' id='word_1_568' title='bbox 746 5442 858 5497; x_wconf 87' lang='lat' dir='ltr'><strong>Cur</strong></span> <span class='ocrx_word' id='word_1_569' title='bbox 890 5443 1039 5496; x_wconf 89' lang='lat' dir='ltr'><strong>non?</strong></span> <span class='ocrx_word' id='word_1_570' title='bbox 1065 5442 1204 5508; x_wconf 84' lang='lat' dir='ltr'><strong>Quid</strong></span> <span class='ocrx_word' id='word_1_571' title='bbox 1237 5444 1408 5512; x_wconf 79' lang='lat' dir='ltr'><strong>ergo?</strong></span> 
     </span>
    </p>
   </div>
   <div class='ocr_carea' id='block_1_84' title="bbox 540 5560 2048 5632">
    <p class='ocr_par' dir='ltr' id='par_1_84' title="bbox 540 5560 2048 5632">
     <span class='ocr_line' id='line_1_84' title="bbox 540 5560 2048 5632; baseline 0.006 -18"><span class='ocrx_word' id='word_1_572' title='bbox 540 5560 767 5629; x_wconf 77' lang='grc' dir='ltr'>ΤΙιρορΙι.</span> <span class='ocrx_word' id='word_1_573' title='bbox 799 5561 1088 5617; x_wconf 84' lang='lat' dir='ltr'><strong>Credimus</strong></span> <span class='ocrx_word' id='word_1_574' title='bbox 1119 5562 1286 5632; x_wconf 82' lang='lat' dir='ltr'><strong>igitur</strong></span> <span class='ocrx_word' id='word_1_575' title='bbox 1318 5579 1486 5618; x_wconf 91' lang='lat' dir='ltr'><strong>unum</strong></span> <span class='ocrx_word' id='word_1_576' title='bbox 1511 5574 1564 5618; x_wconf 89' lang='lat' dir='ltr'><strong>ct</strong></span> <span class='ocrx_word' id='word_1_577' title='bbox 1589 5579 1695 5620; x_wconf 88' lang='lat' dir='ltr'><strong>non</strong></span> <span class='ocrx_word' id='word_1_578' title='bbox 1731 5583 1895 5621; x_wconf 86' lang='lat' dir='ltr'><strong>unum</strong></span> <span class='ocrx_word' id='word_1_579' title='bbox 1925 5583 2048 5622; x_wconf 88' lang='lat' dir='ltr'><strong>esse</strong></span> 
     </span>
    </p>
   </div>
   <div class='ocr_carea' id='block_1_85' title="bbox 465 5651 2050 5728">
    <p class='ocr_par' dir='ltr' id='par_1_85' title="bbox 465 5651 2050 5728">
     <span class='ocr_line' id='line_1_85' title="bbox 465 5651 2050 5728; baseline 0.006 -23"><span class='ocrx_word' id='word_1_580' title='bbox 465 5651 779 5709; x_wconf 89' lang='lat' dir='ltr'><strong>Dominum.</strong></span> <span class='ocrx_word' id='word_1_581' title='bbox 805 5652 922 5707; x_wconf 83' lang='lat' dir='ltr'><strong>Non</strong></span> <span class='ocrx_word' id='word_1_582' title='bbox 949 5669 1079 5725; x_wconf 78' lang='lat' dir='ltr'><strong>ergo</strong></span> <span class='ocrx_word' id='word_1_583' title='bbox 1103 5654 1219 5724; x_wconf 85' lang='lat' dir='ltr'><strong>ipsa</strong></span> <span class='ocrx_word' id='word_1_584' title='bbox 1245 5653 1378 5711; x_wconf 85' lang='lat' dir='ltr'><strong>fides</strong></span> <span class='ocrx_word' id='word_1_585' title='bbox 1411 5670 1509 5711; x_wconf 88' lang='lat' dir='ltr'><strong>nos</strong></span> <span class='ocrx_word' id='word_1_586' title='bbox 1546 5657 1765 5728; x_wconf 79' lang='lat' dir='ltr'><strong>cogitet</strong></span> <span class='ocrx_word' id='word_1_587' title='bbox 1795 5659 2050 5715; x_wconf 84' lang='lat' dir='ltr'><strong>omnibus</strong></span> 
     </span>
    </p>
   </div>
   <div class='ocr_carea' id='block_1_86' title="bbox 466 5747 2048 5822">
    <p class='ocr_par' dir='ltr' id='par_1_86' title="bbox 466 5747 2048 5822">
     <span class='ocr_line' id='line_1_86' title="bbox 466 5747 2048 5822; baseline 0.004 -24"><span class='ocrx_word' id='word_1_588' title='bbox 466 5747 713 5817; x_wconf 77' lang='lat' dir='ltr'><strong>prazcipit</strong></span> <span class='ocrx_word' id='word_1_589' title='bbox 747 5762 970 5816; x_wconf 85' lang='lat' dir='ltr'><strong>poscere</strong></span> <span class='ocrx_word' id='word_1_590' title='bbox 994 5757 1048 5803; x_wconf 90' lang='lat' dir='ltr'><strong>et</strong></span> <span class='ocrx_word' id='word_1_591' title='bbox 1071 5747 1201 5803; x_wconf 89' lang='lat' dir='ltr'><strong>dare</strong></span> <span class='ocrx_word' id='word_1_592' title='bbox 1225 5750 1516 5807; x_wconf 85' lang='lat' dir='ltr'><strong>rationem.</strong></span> <span class='ocrx_word' id='word_1_593' title='bbox 1541 5749 1586 5804; x_wconf 91' lang='lat' dir='ltr'><strong>si</strong></span> <span class='ocrx_word' id='word_1_594' title='bbox 1613 5750 1736 5819; x_wconf 90' lang='lat' dir='ltr'><strong>quis</strong></span> <span class='ocrx_word' id='word_1_595' title='bbox 1766 5753 2048 5822; x_wconf 75' lang='lat' dir='ltr'><strong>przecipue</strong></span> 
     </span>
    </p>
   </div>
   <div class='ocr_carea' id='block_1_87' title="bbox 468 5838 2046 5914">
    <p class='ocr_par' dir='ltr' id='par_1_87' title="bbox 468 5838 2046 5914">
     <span class='ocr_line' id='line_1_87' title="bbox 468 5838 2046 5914; baseline 0.004 -21"><span class='ocrx_word' id='word_1_596' title='bbox 468 5838 523 5894; x_wconf 89' lang='lat' dir='ltr'><strong>in</strong></span> <span class='ocrx_word' id='word_1_597' title='bbox 557 5839 643 5895; x_wconf 86' lang='lat' dir='ltr'><strong>bis</strong></span> <span class='ocrx_word' id='word_1_598' title='bbox 676 5840 918 5896; x_wconf 79' lang='lat' dir='ltr'><strong>offendat</strong></span> <span class='ocrx_word' id='word_1_599' title='bbox 947 5843 1242 5913; x_wconf 69' lang='lat' dir='ltr'><strong>qumrendo</strong></span> <span class='ocrx_word' id='word_1_600' title='bbox 1271 5842 1544 5914; x_wconf 83' lang='lat' dir='ltr'><strong>quomodo</strong></span> <span class='ocrx_word' id='word_1_601' title='bbox 1572 5860 1717 5899; x_wconf 84' lang='lat' dir='ltr'><strong>unus</strong></span> <span class='ocrx_word' id='word_1_602' title='bbox 1754 5846 1823 5901; x_wconf 88' lang='lat' dir='ltr'><strong>sit</strong></span> <span class='ocrx_word' id='word_1_603' title='bbox 1854 5855 1907 5902; x_wconf 87' lang='lat' dir='ltr'><strong>ct</strong></span> <span class='ocrx_word' id='word_1_604' title='bbox 1939 5861 2046 5900; x_wconf 91' lang='lat' dir='ltr'><strong>non</strong></span> 
     </span>
    </p>
   </div>
   <div class='ocr_carea' id='block_1_88' title="bbox 544 6018 953 6085">
    <p class='ocr_par' dir='ltr' id='par_1_88' title="bbox 544 6018 953 6085">
     <span class='ocr_line' id='line_1_88' title="bbox 544 6018 953 6085; baseline -0.002 -8"><span class='ocrx_word' id='word_1_605' title='bbox 544 6018 562 6054; x_wconf 77' lang='grc'>¹</span> <span class='ocrx_word' id='word_1_606' title='bbox 593 6018 732 6077; x_wconf 79' lang='lat' dir='ltr'><strong>Gen.</strong></span> <span class='ocrx_word' id='word_1_607' title='bbox 765 6033 867 6085; x_wconf 74' lang='lat' dir='ltr'><strong>vn,</strong></span> <span class='ocrx_word' id='word_1_608' title='bbox 898 6019 953 6076; x_wconf 66' lang='grc'><strong>4.</strong></span> 
     </span>
    </p>
   </div>
   <div class='ocr_carea' id='block_1_89' title="bbox 2068 4717 2123 4777">
    <p class='ocr_par' dir='ltr' id='par_1_89' title="bbox 2068 4717 2123 4777">
     <span class='ocr_line' id='line_1_89' title="bbox 2068 4717 2123 4777; baseline 0 0"><span class='ocrx_word' id='word_1_609' title='bbox 2068 4717 2123 4777; x_wconf 91' lang='lat' dir='ltr'><strong>D</strong></span> 
     </span>
    </p>
   </div>
   <div class='ocr_carea' id='block_1_90' title="bbox 2145 3426 2659 3495">
    <p class='ocr_par' dir='ltr' id='par_1_90' title="bbox 2145 3426 2659 3495">
     <span class='ocr_line' id='line_1_90' title="bbox 2145 3426 2659 3495; baseline -0.004 -13"><span class='ocrx_word' id='word_1_610' title='bbox 2145 3429 2293 3483; x_wconf 84' lang='grc' dir='ltr'><strong>Θάνω</strong></span> <span class='ocrx_word' id='word_1_611' title='bbox 2327 3427 2354 3479; x_wconf 83' lang='grc' dir='ltr'>ὃ</span> <span class='ocrx_word' id='word_1_612' title='bbox 2379 3443 2433 3479; x_wconf 90' lang='grc' dir='ltr'><strong>τι</strong></span> <span class='ocrx_word' id='word_1_613' title='bbox 2458 3426 2659 3495; x_wconf 75' lang='grc' dir='ltr'>λέγεις,</span> 
     </span>
    </p>
   </div>
   <div class='ocr_carea' id='block_1_91' title="bbox 2219 3515 3344 3589">
    <p class='ocr_par' dir='ltr' id='par_1_91' title="bbox 2219 3515 3344 3589">
     <span class='ocr_line' id='line_1_91' title="bbox 2219 3515 3344 3589; baseline -0.004 -15"><span class='ocrx_word' id='word_1_614' title='bbox 2219 3523 2396 3588; x_wconf 74' lang='grc' dir='ltr'>Θεοφ.</span> <span class='ocrx_word' id='word_1_615' title='bbox 2434 3518 2577 3587; x_wconf 84' lang='grc' dir='ltr'>Ἐγὼ</span> <span class='ocrx_word' id='word_1_616' title='bbox 2608 3520 2637 3573; x_wconf 81' lang='grc' dir='ltr'><strong>δ</strong></span> <span class='ocrx_word' id='word_1_617' title='bbox 2666 3521 2812 3589; x_wconf 83' lang='grc' dir='ltr'>λέγω</span> <span class='ocrx_word' id='word_1_618' title='bbox 2843 3518 3058 3587; x_wconf 73' lang='grc' dir='ltr'>ποιήσω</span> <span class='ocrx_word' id='word_1_619' title='bbox 3084 3515 3344 3586; x_wconf 72' lang='grc' dir='ltr'>φανερόν.</span> 
     </span>
    </p>
   </div>
   <div class='ocr_carea' id='block_1_92' title="bbox 2218 3599 3690 3684">
    <p class='ocr_par' dir='ltr' id='par_1_92' title="bbox 2218 3599 3690 3684">
     <span class='ocr_line' id='line_1_92' title="bbox 2218 3599 3690 3684; baseline -0.01 -16"><span class='ocrx_word' id='word_1_620' title='bbox 2218 3613 2385 3670; x_wconf 83' lang='grc' dir='ltr'>Θεότ.</span> <span class='ocrx_word' id='word_1_621' title='bbox 2421 3611 2676 3684; x_wconf 84' lang='grc' dir='ltr'>Ποίησον,</span> <span class='ocrx_word' id='word_1_622' title='bbox 2702 3612 2796 3666; x_wconf 76' lang='grc' dir='ltr'>καὶ</span> <span class='ocrx_word' id='word_1_623' title='bbox 2822 3611 2944 3665; x_wconf 84' lang='grc' dir='ltr'>τότε</span> <span class='ocrx_word' id='word_1_624' title='bbox 2975 3607 3184 3680; x_wconf 86' lang='grc' dir='ltr'>συνερῶ</span> <span class='ocrx_word' id='word_1_625' title='bbox 3215 3607 3295 3680; x_wconf 80' lang='grc' dir='ltr'><strong>τῷ</strong></span> <span class='ocrx_word' id='word_1_626' title='bbox 3323 3603 3560 3661; x_wconf 78' lang='grc' dir='ltr'>δοκοῦντι</span> <span class='ocrx_word' id='word_1_627' title='bbox 3581 3599 3690 3668; x_wconf 79' lang='grc' dir='ltr'>ἁλη-</span> 
     </span>
    </p>
   </div>
   <div class='ocr_carea' id='block_1_93' title="bbox 2147 3704 2251 3758">
    <p class='ocr_par' dir='ltr' id='par_1_93' title="bbox 2147 3704 2251 3758">
     <span class='ocr_line' id='line_1_93' title="bbox 2147 3704 2251 3758; baseline -0.019 0"><span class='ocrx_word' id='word_1_628' title='bbox 2147 3704 2251 3758; x_wconf 86' lang='grc' dir='ltr'><strong>θεῖ.</strong></span> 
     </span>
    </p>
   </div>
   <div class='ocr_carea' id='block_1_94' title="bbox 2220 3786 3687 3866">
    <p class='ocr_par' dir='ltr' id='par_1_94' title="bbox 2220 3786 3687 3866">
     <span class='ocr_line' id='line_1_94' title="bbox 2220 3786 3687 3866; baseline -0.013 -16"><span class='ocrx_word' id='word_1_629' title='bbox 2220 3797 2398 3866; x_wconf 67' lang='grc' dir='ltr'>Θεοφ.</span> <span class='ocrx_word' id='word_1_630' title='bbox 2433 3796 2585 3866; x_wconf 85' lang='grc' dir='ltr'>Ἔφη</span> <span class='ocrx_word' id='word_1_631' title='bbox 2613 3793 2875 3862; x_wconf 84' lang='grc' dir='ltr'>Μωῡσῆς,</span> <span class='ocrx_word' id='word_1_632' title='bbox 2900 3793 3006 3846; x_wconf 71' lang='grc' dir='ltr'><strong>ὑπὸ</strong></span> <span class='ocrx_word' id='word_1_633' title='bbox 3031 3791 3166 3846; x_wconf 75' lang='grc' dir='ltr'>Θεοῦ</span> <span class='ocrx_word' id='word_1_634' title='bbox 3194 3790 3405 3864; x_wconf 85' lang='grc' dir='ltr'>μαθὼν,</span> <span class='ocrx_word' id='word_1_635' title='bbox 3434 3806 3454 3839; x_wconf 75' lang='grc' dir='ltr'><strong>ι</strong></span> <span class='ocrx_word' id='word_1_636' title='bbox 3493 3786 3687 3844; x_wconf 70' lang='grc' dir='ltr'>Ἄκουε,</span> 
     </span>
    </p>
   </div>
   <div class='ocr_carea' id='block_1_95' title="bbox 2157 3871 3688 3962">
    <p class='ocr_par' dir='ltr' id='par_1_95' title="bbox 2157 3871 3688 3962">
     <span class='ocr_line' id='line_1_95' title="bbox 2157 3871 3688 3962; baseline -0.015 -17"><span class='ocrx_word' id='word_1_637' title='bbox 2157 3889 2398 3962; x_wconf 81' lang='grc' dir='ltr'>Ἰσραὴλ,</span> <span class='ocrx_word' id='word_1_638' title='bbox 2433 3887 2638 3958; x_wconf 85' lang='grc' dir='ltr'>Κύριος</span> <span class='ocrx_word' id='word_1_639' title='bbox 2678 3891 2706 3941; x_wconf 85' lang='grc' dir='ltr'>ὁ</span> <span class='ocrx_word' id='word_1_640' title='bbox 2737 3887 2872 3949; x_wconf 84' lang='grc' dir='ltr'>Θεός</span> <span class='ocrx_word' id='word_1_641' title='bbox 2907 3901 2999 3940; x_wconf 86' lang='grc' dir='ltr'><strong>σου</strong></span> <span class='ocrx_word' id='word_1_642' title='bbox 3032 3884 3239 3956; x_wconf 82' lang='grc' dir='ltr'>Κύριος</span> <span class='ocrx_word' id='word_1_643' title='bbox 3270 3883 3350 3946; x_wconf 78' lang='grc' dir='ltr'>εἷς</span> <span class='ocrx_word' id='word_1_644' title='bbox 3397 3882 3566 3934; x_wconf 80' lang='grc' dir='ltr'>ἐστιν·</span> <span class='ocrx_word' id='word_1_645' title='bbox 3603 3871 3688 3925; x_wconf 76' lang='grc' dir='ltr'>οὐκ</span> 
     </span>
    </p>
   </div>
   <div class='ocr_carea' id='block_1_96' title="bbox 2148 3978 2856 4045">
    <p class='ocr_par' dir='ltr' id='par_1_96' title="bbox 2148 3978 2856 4045">
     <span class='ocr_line' id='line_1_96' title="bbox 2148 3978 2856 4045; baseline -0.013 -8"><span class='ocrx_word' id='word_1_646' title='bbox 2148 3981 2480 4038; x_wconf 73' lang='grc' dir='ltr'>αὐτόπιστόν</span> <span class='ocrx_word' id='word_1_647' title='bbox 2509 3981 2627 4032; x_wconf 82' lang='grc' dir='ltr'>ἐστι</span> <span class='ocrx_word' id='word_1_648' title='bbox 2659 3978 2819 4031; x_wconf 79' lang='grc' dir='ltr'>τοῦτο</span> <span class='ocrx_word' id='word_1_649' title='bbox 2839 3995 2856 4045; x_wconf 88' lang='lat'><strong>;</strong></span> 
     </span>
    </p>
   </div>
   <div class='ocr_carea' id='block_1_97' title="bbox 2223 4080 3691 4166">
    <p class='ocr_par' dir='ltr' id='par_1_97' title="bbox 2223 4080 3691 4166">
     <span class='ocr_line' id='line_1_97' title="bbox 2223 4080 3691 4166; baseline -0.013 -14"><span class='ocrx_word' id='word_1_650' title='bbox 2223 4098 2390 4152; x_wconf 80' lang='grc' dir='ltr'>Θεότ.</span> <span class='ocrx_word' id='word_1_651' title='bbox 2417 4094 2528 4148; x_wconf 88' lang='grc' dir='ltr'>Ναί</span> <span class='ocrx_word' id='word_1_652' title='bbox 2545 4111 2561 4126; x_wconf 68' lang='grc'><strong>⁸</strong></span> <span class='ocrx_word' id='word_1_653' title='bbox 2597 4095 2754 4164; x_wconf 84' lang='grc' dir='ltr'>εἴπερ</span> <span class='ocrx_word' id='word_1_654' title='bbox 2811 4094 2917 4166; x_wconf 76' lang='grc' dir='ltr'>φῄς</span> <span class='ocrx_word' id='word_1_655' title='bbox 2949 4094 3280 4148; x_wconf 84' lang='grc' dir='ltr'>αὐτὸπιστον</span> <span class='ocrx_word' id='word_1_656' title='bbox 3309 4090 3369 4145; x_wconf 73' lang='grc' dir='ltr'>τὸ</span> <span class='ocrx_word' id='word_1_657' title='bbox 3397 4080 3691 4145; x_wconf 75' lang='grc' dir='ltr'>πιστευόμε-</span> 
     </span>
    </p>
   </div>
   <div class='ocr_carea' id='block_1_98' title="bbox 2148 4169 3688 4251">
    <p class='ocr_par' dir='ltr' id='par_1_98' title="bbox 2148 4169 3688 4251">
     <span class='ocr_line' id='line_1_98' title="bbox 2148 4169 3688 4251; baseline -0.014 -5"><span class='ocrx_word' id='word_1_658' title='bbox 2148 4209 2238 4247; x_wconf 89' lang='grc' dir='ltr'><strong>νον</strong></span> <span class='ocrx_word' id='word_1_659' title='bbox 2307 4189 2437 4244; x_wconf 78' lang='grc' dir='ltr'>ἇνευ</span> <span class='ocrx_word' id='word_1_660' title='bbox 2503 4185 2863 4251; x_wconf 79' lang='grc' dir='ltr'>ἀποδείξεως.</span> <span class='ocrx_word' id='word_1_661' title='bbox 2909 4185 3001 4238; x_wconf 78' lang='grc' dir='ltr'><strong>Διὸ</strong></span> <span class='ocrx_word' id='word_1_662' title='bbox 3060 4186 3157 4239; x_wconf 74' lang='grc' dir='ltr'><strong>καὶ</strong></span> <span class='ocrx_word' id='word_1_663' title='bbox 3205 4183 3446 4250; x_wconf 83' lang='grc' dir='ltr'>Μωῡσῆς</span> <span class='ocrx_word' id='word_1_664' title='bbox 3496 4169 3688 4228; x_wconf 74' lang='grc' dir='ltr'>ἀκούειν</span> 
     </span>
    </p>
   </div>
   <div class='ocr_carea' id='block_1_99' title="bbox 2149 4266 3690 4353">
    <p class='ocr_par' dir='ltr' id='par_1_99' title="bbox 2149 4266 3690 4353">
     <span class='ocr_line' id='line_1_99' title="bbox 2149 4266 3690 4353; baseline -0.014 -15"><span class='ocrx_word' id='word_1_665' title='bbox 2149 4282 2637 4353; x_wconf 74' lang='grc' dir='ltr'>ἐγκελευσάμενος,</span> <span class='ocrx_word' id='word_1_666' title='bbox 2699 4277 2800 4334; x_wconf 74' lang='grc' dir='ltr'>εἶτ’</span> <span class='ocrx_word' id='word_1_667' title='bbox 2847 4278 3273 4350; x_wconf 79' lang='grc' dir='ltr'>ἀποφηνάμενος</span> <span class='ocrx_word' id='word_1_668' title='bbox 3327 4272 3474 4330; x_wconf 79' lang='grc' dir='ltr'>οὐδὲν</span> <span class='ocrx_word' id='word_1_669' title='bbox 3526 4266 3690 4319; x_wconf 74' lang='grc' dir='ltr'>ἔπειτα</span> 
     </span>
    </p>
   </div>
   <div class='ocr_carea' id='block_1_100' title="bbox 2149 4375 2844 4449">
    <p class='ocr_par' dir='ltr' id='par_1_100' title="bbox 2149 4375 2844 4449">
     <span class='ocr_line' id='line_1_100' title="bbox 2149 4375 2844 4449; baseline -0.006 -17"><span class='ocrx_word' id='word_1_670' title='bbox 2149 4377 2281 4449; x_wconf 76' lang='grc' dir='ltr'>περὶ</span> <span class='ocrx_word' id='word_1_671' title='bbox 2307 4376 2470 4430; x_wconf 79' lang='grc' dir='ltr'>αὐτοῦ</span> <span class='ocrx_word' id='word_1_672' title='bbox 2507 4375 2844 4446; x_wconf 78' lang='grc' dir='ltr'>προσέθηκε.</span> 
     </span>
    </p>
   </div>
   <div class='ocr_carea' id='block_1_101' title="bbox 2223 4467 3688 4561">
    <p class='ocr_par' dir='ltr' id='par_1_101' title="bbox 2223 4467 3688 4561">
     <span class='ocr_line' id='line_1_101' title="bbox 2223 4467 3688 4561; baseline -0.016 -15"><span class='ocrx_word' id='word_1_673' title='bbox 2223 4496 2402 4561; x_wconf 71' lang='grc' dir='ltr'>Θεοφ.</span> <span class='ocrx_word' id='word_1_674' title='bbox 2439 4489 2638 4552; x_wconf 85' lang='grc' dir='ltr'>Καλῶς</span> <span class='ocrx_word' id='word_1_675' title='bbox 2664 4506 2725 4558; x_wconf 91' lang='grc' dir='ltr'><strong>γε</strong></span> <span class='ocrx_word' id='word_1_676' title='bbox 2761 4487 2955 4542; x_wconf 84' lang='grc' dir='ltr'>ποιῶν.</span> <span class='ocrx_word' id='word_1_677' title='bbox 3003 4487 3092 4550; x_wconf 81' lang='grc' dir='ltr'>Ὠς</span> <span class='ocrx_word' id='word_1_678' title='bbox 3114 4485 3224 4554; x_wconf 80' lang='grc' dir='ltr'>γὰρ</span> <span class='ocrx_word' id='word_1_679' title='bbox 3259 4474 3502 4551; x_wconf 77' lang='grc' dir='ltr'>αίσθησις</span> <span class='ocrx_word' id='word_1_680' title='bbox 3523 4475 3574 4526; x_wconf 81' lang='grc' dir='ltr'>ὲν</span> 
     </span>
    </p>
   </div>
   <div class='ocr_carea' id='block_1_102' title="bbox 2151 4556 3687 4653">
    <p class='ocr_par' dir='ltr' id='par_1_102' title="bbox 2151 4556 3687 4653">
     <span class='ocr_line' id='line_1_102' title="bbox 2151 4556 3687 4653; baseline -0.011 -12"><span class='ocrx_word' id='word_1_681' title='bbox 2151 4582 2246 4639; x_wconf 81' lang='grc' dir='ltr'><strong>ὑπ’</strong></span> <span class='ocrx_word' id='word_1_682' title='bbox 2281 4585 2536 4653; x_wconf 74' lang='grc' dir='ltr'>αἴσθησιν</span> <span class='ocrx_word' id='word_1_683' title='bbox 2573 4582 2799 4649; x_wconf 77' lang='grc' dir='ltr'>λογικῆς</span> <span class='ocrx_word' id='word_1_684' title='bbox 2824 4581 2884 4634; x_wconf 84' lang='grc' dir='ltr'>οὺ</span> <span class='ocrx_word' id='word_1_685' title='bbox 2912 4581 3086 4633; x_wconf 84' lang='grc' dir='ltr'>δεῖται</span> <span class='ocrx_word' id='word_1_686' title='bbox 3114 4577 3356 4644; x_wconf 78' lang='grc' dir='ltr'>δείξεως,</span> <span class='ocrx_word' id='word_1_687' title='bbox 3401 4569 3561 4627; x_wconf 79' lang='grc' dir='ltr'>οὕτως</span> <span class='ocrx_word' id='word_1_688' title='bbox 3588 4556 3687 4653; x_wconf 45' lang='grc' dir='ltr'><strong>οὐδὲ</strong></span> 
     </span>
    </p>
   </div>
   <div class='ocr_carea' id='block_1_103' title="bbox 2153 4647 3686 4739">
    <p class='ocr_par' dir='ltr' id='par_1_103' title="bbox 2153 4647 3686 4739">
     <span class='ocr_line' id='line_1_103' title="bbox 2153 4647 3686 4739; baseline -0.01 -8"><span class='ocrx_word' id='word_1_689' title='bbox 2153 4679 2339 4739; x_wconf 82' lang='grc' dir='ltr'>πίστις</span> <span class='ocrx_word' id='word_1_690' title='bbox 2365 4647 2443 4729; x_wconf 37' lang='grc' dir='ltr'><strong>ὲν-</strong></span> <span class='ocrx_word' id='word_1_691' title='bbox 2469 4676 2584 4737; x_wconf 76' lang='grc' dir='ltr'>τοῖς</span> <span class='ocrx_word' id='word_1_692' title='bbox 2611 4647 2879 4734; x_wconf 31' lang='grc' dir='ltr'>τοιού-τοις</span> <span class='ocrx_word' id='word_1_693' title='bbox 2919 4669 3276 4734; x_wconf 79' lang='grc' dir='ltr'>ἀποδείξεως.</span> <span class='ocrx_word' id='word_1_694' title='bbox 3308 4665 3395 4719; x_wconf 72' lang='grc' dir='ltr'><strong>Διὸ</strong></span> <span class='ocrx_word' id='word_1_695' title='bbox 3446 4656 3534 4714; x_wconf 72' lang='grc' dir='ltr'>καὶ</span> <span class='ocrx_word' id='word_1_696' title='bbox 3574 4647 3686 4716; x_wconf 72' lang='grc' dir='ltr'><strong>πρδς</strong></span> 
     </span>
    </p>
   </div>
   <div class='ocr_carea' id='block_1_104' title="bbox 2148 4739 3684 4838">
    <p class='ocr_par' dir='ltr' id='par_1_104' title="bbox 2148 4739 3684 4838">
     <span class='ocr_line' id='line_1_104' title="bbox 2148 4739 3684 4838; baseline -0.006 -12"><span class='ocrx_word' id='word_1_697' title='bbox 2148 4773 2276 4834; x_wconf 77' lang='grc' dir='ltr'>τοὺς</span> <span class='ocrx_word' id='word_1_698' title='bbox 2306 4771 2572 4831; x_wconf 83' lang='grc' dir='ltr'>ἀπίστους</span> <span class='ocrx_word' id='word_1_699' title='bbox 2603 4767 2796 4838; x_wconf 80' lang='grc' dir='ltr'>μόνους</span> <span class='ocrx_word' id='word_1_700' title='bbox 2828 4767 2970 4836; x_wconf 84' lang='grc' dir='ltr'>ὑπὲρ</span> <span class='ocrx_word' id='word_1_701' title='bbox 2998 4763 3092 4819; x_wconf 81' lang='grc' dir='ltr'><strong>τοῦ</strong></span> <span class='ocrx_word' id='word_1_702' title='bbox 3117 4764 3360 4818; x_wconf 83' lang='grc' dir='ltr'>τοιούτου</span> <span class='ocrx_word' id='word_1_703' title='bbox 3391 4746 3615 4828; x_wconf 52' lang='grc' dir='ltr'><strong>μακροῦς</strong></span> <span class='ocrx_word' id='word_1_704' title='bbox 3632 4739 3684 4838; x_wconf 57' lang='grc' dir='ltr'><strong>ἆξθ</strong></span> 
     </span>
    </p>
   </div>
   <div class='ocr_carea' id='block_1_105' title="bbox 2148 4830 3685 4930">
    <p class='ocr_par' dir='ltr' id='par_1_105' title="bbox 2148 4830 3685 4930">
     <span class='ocr_line' id='line_1_105' title="bbox 2148 4830 3685 4930; baseline -0.011 -11"><span class='ocrx_word' id='word_1_705' title='bbox 2148 4885 2233 4928; x_wconf 84' lang='grc' dir='ltr'><strong>τις</strong></span> <span class='ocrx_word' id='word_1_706' title='bbox 2257 4830 2568 4930; x_wconf 31' lang='grc' dir='ltr'>νὲξενέγκοι</span> <span class='ocrx_word' id='word_1_707' title='bbox 2603 4830 2835 4930; x_wconf 48' lang='grc' dir='ltr'>λόγους.</span> <span class='ocrx_word' id='word_1_708' title='bbox 2883 4830 3024 4912; x_wconf 65' lang='grc' dir='ltr'>Ἀλλ’</span> <span class='ocrx_word' id='word_1_709' title='bbox 3056 4859 3083 4910; x_wconf 87' lang='grc' dir='ltr'>ὁ</span> <span class='ocrx_word' id='word_1_710' title='bbox 3134 4856 3297 4920; x_wconf 77' lang='grc' dir='ltr'>αὐτὸς</span> <span class='ocrx_word' id='word_1_711' title='bbox 3350 4843 3575 4912; x_wconf 78' lang='grc' dir='ltr'><strong>Μωῦσῆς</strong></span> <span class='ocrx_word' id='word_1_712' title='bbox 3609 4830 3685 4930; x_wconf 31' lang='grc' dir='ltr'><strong>καί</strong></span> 
     </span>
    </p>
   </div>
   <div class='ocr_carea' id='block_1_106' title="bbox 2145 4922 3683 5032">
    <p class='ocr_par' dir='ltr' id='par_1_106' title="bbox 2145 4922 3683 5032">
     <span class='ocr_line' id='line_1_106' title="bbox 2145 4922 3683 5032; baseline -0.017 -20"><span class='ocrx_word' id='word_1_713' title='bbox 2145 4922 2306 5012; x_wconf 48' lang='grc' dir='ltr'>τοτὲτο</span> <span class='ocrx_word' id='word_1_714' title='bbox 2328 4922 2529 5028; x_wconf 61' lang='grc' dir='ltr'>μαθων</span> <span class='ocrx_word' id='word_1_715' title='bbox 2561 4953 2666 5006; x_wconf 80' lang='grc' dir='ltr'>ὑπὸ</span> <span class='ocrx_word' id='word_1_716' title='bbox 2691 4922 2826 5006; x_wconf 55' lang='grc' dir='ltr'>ὀεου</span> <span class='ocrx_word' id='word_1_717' title='bbox 2876 4953 3043 5021; x_wconf 81' lang='grc' dir='ltr'>φησὶν</span> <span class='ocrx_word' id='word_1_718' title='bbox 3086 4950 3162 5014; x_wconf 87' lang='grc' dir='ltr'><strong>ὡς</strong></span> <span class='ocrx_word' id='word_1_719' title='bbox 3205 4969 3221 5002; x_wconf 76' lang='grc' dir='ltr'><strong>ι</strong></span> <span class='ocrx_word' id='word_1_720' title='bbox 3255 4947 3344 5002; x_wconf 75' lang='grc' dir='ltr'><strong>ἐπὶ</strong></span> <span class='ocrx_word' id='word_1_721' title='bbox 3386 4939 3584 5032; x_wconf 52' lang='grc' dir='ltr'>Σόδομεξ</span> <span class='ocrx_word' id='word_1_722' title='bbox 3605 4922 3683 5032; x_wconf 49' lang='grc' dir='ltr'><strong>κτξὶ</strong></span> 
     </span>
    </p>
   </div>
   <div class='ocr_carea' id='block_1_107' title="bbox 2147 5023 3684 5123">
    <p class='ocr_par' dir='ltr' id='par_1_107' title="bbox 2147 5023 3684 5123">
     <span class='ocr_line' id='line_1_107' title="bbox 2147 5023 3684 5123; baseline 0.001 -16"><span class='ocrx_word' id='word_1_723' title='bbox 2147 5023 2406 5123; x_wconf 69' lang='grc' dir='ltr'>Γόμορρα</span> <span class='ocrx_word' id='word_1_724' title='bbox 2431 5049 2582 5116; x_wconf 84' lang='grc' dir='ltr'>παρὰ</span> <span class='ocrx_word' id='word_1_725' title='bbox 2627 5047 2835 5118; x_wconf 83' lang='grc' dir='ltr'>Κυρίου</span> <span class='ocrx_word' id='word_1_726' title='bbox 2867 5046 2980 5116; x_wconf 83' lang='grc' dir='ltr'>πῦρ</span> <span class='ocrx_word' id='word_1_727' title='bbox 3007 5044 3228 5116; x_wconf 71' lang='grc' dir='ltr'>ἔϐρεξεν</span> <span class='ocrx_word' id='word_1_728' title='bbox 3261 5043 3288 5095; x_wconf 76' lang='grc' dir='ltr'><strong><em>δ</em></strong></span> <span class='ocrx_word' id='word_1_729' title='bbox 3318 5037 3507 5106; x_wconf 68' lang='grc' dir='ltr'><strong>Κύριος</strong></span> <span class='ocrx_word' id='word_1_730' title='bbox 3534 5023 3584 5088; x_wconf 59' lang='grc' dir='ltr'><strong>ἐξ</strong></span> <span class='ocrx_word' id='word_1_731' title='bbox 3610 5023 3684 5123; x_wconf 32' lang='grc' dir='ltr'><strong>οἵδέ</strong></span> 
     </span>
    </p>
   </div>
   <div class='ocr_carea' id='block_1_108' title="bbox 2154 5111 3680 5218">
    <p class='ocr_par' dir='ltr' id='par_1_108' title="bbox 2154 5111 3680 5218">
     <span class='ocr_line' id='line_1_108' title="bbox 2154 5111 3680 5218; baseline -0.016 -19"><span class='ocrx_word' id='word_1_732' title='bbox 2154 5144 2344 5218; x_wconf 81' lang='grc' dir='ltr'>ρανοῦ,</span> <span class='ocrx_word' id='word_1_733' title='bbox 2385 5163 2404 5196; x_wconf 71' lang='grc' dir='ltr'><strong>ι</strong></span> <span class='ocrx_word' id='word_1_734' title='bbox 2441 5143 2535 5195; x_wconf 73' lang='grc' dir='ltr'><strong>καὶ</strong></span> <span class='ocrx_word' id='word_1_735' title='bbox 2566 5143 2594 5193; x_wconf 86' lang='grc' dir='ltr'>ὁ</span> <span class='ocrx_word' id='word_1_736' title='bbox 2627 5139 2933 5212; x_wconf 84' lang='grc' dir='ltr'>τηνικαῦτα</span> <span class='ocrx_word' id='word_1_737' title='bbox 2967 5137 3044 5209; x_wconf 82' lang='grc' dir='ltr'>τῷ</span> <span class='ocrx_word' id='word_1_738' title='bbox 3072 5137 3196 5192; x_wconf 85' lang='grc' dir='ltr'>Λὼτ</span> <span class='ocrx_word' id='word_1_739' title='bbox 3225 5126 3610 5218; x_wconf 47' lang='grc' dir='ltr'>ἐπιφαινόμεςθος</span> <span class='ocrx_word' id='word_1_740' title='bbox 3633 5111 3680 5160; x_wconf 73' lang='grc' dir='ltr'>έν</span> 
     </span>
    </p>
   </div>
   <div class='ocr_carea' id='block_1_109' title="bbox 2151 5213 3677 5307">
    <p class='ocr_par' dir='ltr' id='par_1_109' title="bbox 2151 5213 3677 5307">
     <span class='ocr_line' id='line_1_109' title="bbox 2151 5213 3677 5307; baseline -0.027 -13"><span class='ocrx_word' id='word_1_741' title='bbox 2151 5239 2411 5307; x_wconf 74' lang='grc' dir='ltr'>Σοδόμοις</span> <span class='ocrx_word' id='word_1_742' title='bbox 2463 5235 2670 5304; x_wconf 80' lang='grc' dir='ltr'>Κύριος</span> <span class='ocrx_word' id='word_1_743' title='bbox 2733 5235 2790 5285; x_wconf 80' lang='grc' dir='ltr'><strong>ἐν</strong></span> <span class='ocrx_word' id='word_1_744' title='bbox 2853 5233 3006 5286; x_wconf 72' lang='grc' dir='ltr'>δυσὶν</span> <span class='ocrx_word' id='word_1_745' title='bbox 3072 5230 3321 5299; x_wconf 76' lang='grc' dir='ltr'>ἐφαίνετο</span> <span class='ocrx_word' id='word_1_746' title='bbox 3387 5213 3677 5291; x_wconf 77' lang='grc' dir='ltr'>προσώποις.</span> 
     </span>
    </p>
   </div>
   <div class='ocr_carea' id='block_1_110' title="bbox 2155 5322 3346 5394">
    <p class='ocr_par' dir='ltr' id='par_1_110' title="bbox 2155 5322 3346 5394">
     <span class='ocr_line' id='line_1_110' title="bbox 2155 5322 3346 5394; baseline -0.01 -10"><span class='ocrx_word' id='word_1_747' title='bbox 2155 5332 2346 5385; x_wconf 86' lang='grc' dir='ltr'>Πίστει</span> <span class='ocrx_word' id='word_1_748' title='bbox 2375 5326 2470 5381; x_wconf 73' lang='grc' dir='ltr'><strong>οὖν</strong></span> <span class='ocrx_word' id='word_1_749' title='bbox 2501 5328 2595 5379; x_wconf 78' lang='grc' dir='ltr'>καὶ</span> <span class='ocrx_word' id='word_1_750' title='bbox 2635 5323 2795 5377; x_wconf 78' lang='grc' dir='ltr'>τοῦτο</span> <span class='ocrx_word' id='word_1_751' title='bbox 2826 5323 3097 5394; x_wconf 81' lang='grc' dir='ltr'>δεχόμεθα</span> <span class='ocrx_word' id='word_1_752' title='bbox 3127 5322 3346 5393; x_wconf 73' lang='grc' dir='ltr'>ὁμοίως.</span> 
     </span>
    </p>
   </div>
   <div class='ocr_carea' id='block_1_111' title="bbox 2227 5438 3671 5530">
    <p class='ocr_par' dir='ltr' id='par_1_111' title="bbox 2227 5438 3671 5530">
     <span class='ocr_line' id='line_1_111' title="bbox 2227 5438 3671 5530; baseline -0.006 -31"><span class='ocrx_word' id='word_1_753' title='bbox 2227 5446 2394 5500; x_wconf 84' lang='grc' dir='ltr'><strong>Θεότ.</strong></span> <span class='ocrx_word' id='word_1_754' title='bbox 2431 5442 2554 5506; x_wconf 82' lang='grc' dir='ltr'><strong>Πῶς</strong></span> <span class='ocrx_word' id='word_1_755' title='bbox 2585 5442 2692 5510; x_wconf 80' lang='grc' dir='ltr'><strong>γὰρ</strong></span> <span class='ocrx_word' id='word_1_756' title='bbox 2723 5438 2821 5506; x_wconf 73' lang='grc' dir='ltr'><strong>οὓς</strong></span> <span class='ocrx_word' id='word_1_757' title='bbox 2855 5439 2921 5492; x_wconf 87' lang='grc' dir='ltr'>Τί</span> <span class='ocrx_word' id='word_1_758' title='bbox 2953 5439 3100 5510; x_wconf 80' lang='grc' dir='ltr'><strong>μήν;</strong></span> <span class='ocrx_word' id='word_1_759' title='bbox 3595 5521 3614 5530; x_wconf 64' lang='lat'><em>_</em></span> <span class='ocrx_word' id='word_1_760' title='bbox 3661 5519 3671 5530; x_wconf 38' lang='grc' dir='ltr'><strong>Ι</strong></span> 
     </span>
    </p>
   </div>
   <div class='ocr_carea' id='block_1_112' title="bbox 2227 5521 3675 5628">
    <p class='ocr_par' dir='ltr' id='par_1_112' title="bbox 2227 5521 3675 5628">
     <span class='ocr_line' id='line_1_112' title="bbox 3595 5521 3671 5540; baseline -0.026 -8"><span class='ocrx_word' id='word_1_761' title='bbox 3595 5521 3614 5540; x_wconf 84' lang='lat'><strong>,</strong></span> <span class='ocrx_word' id='word_1_762' title='bbox 3661 5521 3671 5530; x_wconf 91' lang='lat'><strong>.</strong></span> 
     </span>
     <span class='ocr_line' id='line_1_113' title="bbox 2227 5535 3675 5628; baseline -0.024 -12"><span class='ocrx_word' id='word_1_763' title='bbox 2227 5563 2403 5628; x_wconf 63' lang='grc' dir='ltr'>Θδοφ.</span> <span class='ocrx_word' id='word_1_764' title='bbox 2439 5555 2781 5624; x_wconf 68' lang='grc' dir='ltr'>Πιστεύομεν</span> <span class='ocrx_word' id='word_1_765' title='bbox 2805 5554 2868 5624; x_wconf 83' lang='grc' dir='ltr'>δὴ</span> <span class='ocrx_word' id='word_1_766' title='bbox 2906 5554 3001 5606; x_wconf 72' lang='grc' dir='ltr'>καὶ</span> <span class='ocrx_word' id='word_1_767' title='bbox 3032 5554 3112 5605; x_wconf 84' lang='grc' dir='ltr'>ὅτι</span> <span class='ocrx_word' id='word_1_768' title='bbox 3137 5569 3215 5613; x_wconf 81' lang='grc' dir='ltr'><strong>εις</strong></span> <span class='ocrx_word' id='word_1_769' title='bbox 3248 5549 3336 5602; x_wconf 76' lang='grc' dir='ltr'><strong>καὶ</strong></span> <span class='ocrx_word' id='word_1_770' title='bbox 3358 5547 3433 5598; x_wconf 77' lang='grc' dir='ltr'>ὅτι</span> <span class='ocrx_word' id='word_1_771' title='bbox 3457 5537 3542 5602; x_wconf 75' lang='grc' dir='ltr'>οὐχ</span> <span class='ocrx_word' id='word_1_772' title='bbox 3573 5535 3675 5628; x_wconf 52' lang='grc' dir='ltr'>ειςς)</span> 
     </span>
    </p>
   </div>
   <div class='ocr_carea' id='block_1_113' title="bbox 2156 5611 3673 5722">
    <p class='ocr_par' dir='ltr' id='par_1_113' title="bbox 2156 5611 3673 5722">
     <span class='ocr_line' id='line_1_114' title="bbox 2243 5611 3519 5642; baseline 0 -18"><span class='ocrx_word' id='word_1_773' title='bbox 2243 5611 2253 5613; x_wconf 55' lang='grc' dir='ltr'><strong><em>ν</em></strong></span> <span class='ocrx_word' id='word_1_774' title='bbox 2341 5611 2358 5628; x_wconf 79' lang='grc'><em>.</em></span> <span class='ocrx_word' id='word_1_775' title='bbox 2683 5611 2694 5624; x_wconf 87' lang='grc'><strong>.</strong></span> <span class='ocrx_word' id='word_1_776' title='bbox 2857 5611 2868 5624; x_wconf 95' lang='grc'>.</span> <span class='ocrx_word' id='word_1_777' title='bbox 3199 5611 3208 5613; x_wconf 51' lang='grc' dir='ltr'><em>ν</em></span> <span class='ocrx_word' id='word_1_778' title='bbox 3497 5628 3519 5642; x_wconf 38' lang='grc' dir='ltr'><em>η</em></span> 
     </span>
     <span class='ocr_line' id='line_1_115' title="bbox 2156 5611 3673 5722; baseline -0.009 -16"><span class='ocrx_word' id='word_1_779' title='bbox 2156 5653 2382 5722; x_wconf 75' lang='grc' dir='ltr'>Κύριος.</span> <span class='ocrx_word' id='word_1_780' title='bbox 2415 5652 2530 5703; x_wconf 77' lang='grc' dir='ltr'><strong>Οὐκ</strong></span> <span class='ocrx_word' id='word_1_781' title='bbox 2560 5650 2695 5715; x_wconf 74' lang='grc' dir='ltr'>αὑτὴ</span> <span class='ocrx_word' id='word_1_782' title='bbox 2721 5644 2813 5702; x_wconf 75' lang='grc' dir='ltr'><strong>οὖν</strong></span> <span class='ocrx_word' id='word_1_783' title='bbox 2847 5648 2879 5718; x_wconf 85' lang='grc' dir='ltr'><strong>ἡ</strong></span> <span class='ocrx_word' id='word_1_784' title='bbox 2917 5645 3099 5708; x_wconf 78' lang='grc' dir='ltr'>πίστις</span> <span class='ocrx_word' id='word_1_785' title='bbox 3138 5643 3381 5715; x_wconf 76' lang='grc' dir='ltr'>βιάζεται</span> <span class='ocrx_word' id='word_1_786' title='bbox 3415 5635 3562 5722; x_wconf 44' lang='lat' dir='ltr'><strong>ﬁliai:</strong></span> <span class='ocrx_word' id='word_1_787' title='bbox 3597 5611 3673 5667; x_wconf 55' lang='grc' dir='ltr'><strong>καὶ</strong></span> 
     </span>
    </p>
   </div>
   <div class='ocr_carea' id='block_1_114' title="bbox 2157 5715 3670 5817">
    <p class='ocr_par' dir='ltr' id='par_1_114' title="bbox 2157 5724 3670 5817">
     <span class='ocr_line' id='line_1_116' title="bbox 2157 5724 3670 5817; baseline -0.017 -17"><span class='ocrx_word' id='word_1_788' title='bbox 2157 5747 2476 5800; x_wconf 69' lang='grc' dir='ltr'>παντάπασι</span> <span class='ocrx_word' id='word_1_789' title='bbox 2527 5741 2905 5796; x_wconf 71' lang='grc' dir='ltr'>διακελεύεται</span> <span class='ocrx_word' id='word_1_790' title='bbox 2940 5739 3125 5803; x_wconf 76' lang='grc' dir='ltr'>ζητεῖν</span> <span class='ocrx_word' id='word_1_791' title='bbox 3164 5739 3256 5790; x_wconf 73' lang='grc' dir='ltr'><strong>καὶ</strong></span> <span class='ocrx_word' id='word_1_792' title='bbox 3293 5730 3476 5786; x_wconf 69' lang='grc' dir='ltr'>δ;δίναι</span> <span class='ocrx_word' id='word_1_793' title='bbox 3513 5724 3670 5817; x_wconf 44' lang='grc' dir='ltr'>»ργορ</span> 
     </span>
    </p>
   </div>
   <div class='ocr_carea' id='block_1_115' title="bbox 2156 5805 3673 5909">
    <p class='ocr_par' dir='ltr' id='par_1_115' title="bbox 2156 5805 3673 5909">
     <span class='ocr_line' id='line_1_117' title="bbox 2156 5805 3673 5909; baseline -0.019 -13"><span class='ocrx_word' id='word_1_794' title='bbox 2156 5843 2316 5904; x_wconf 75' lang='grc' dir='ltr'>εἴτις</span> <span class='ocrx_word' id='word_1_795' title='bbox 2355 5838 2590 5909; x_wconf 51' lang='grc' dir='ltr'>μαλιστα</span> <span class='ocrx_word' id='word_1_796' title='bbox 2627 5836 2777 5906; x_wconf 77' lang='grc' dir='ltr'>παρὰ</span> <span class='ocrx_word' id='word_1_797' title='bbox 2810 5835 2876 5888; x_wconf 74' lang='grc' dir='ltr'>τὰ</span> <span class='ocrx_word' id='word_1_798' title='bbox 2917 5831 3122 5887; x_wconf 78' lang='grc' dir='ltr'>τοιαῦτ’</span> <span class='ocrx_word' id='word_1_799' title='bbox 3153 5824 3454 5900; x_wconf 71' lang='grc' dir='ltr'>ἐπηρεάζεε,</span> <span class='ocrx_word' id='word_1_800' title='bbox 3487 5805 3673 5866; x_wconf 54' lang='lat' dir='ltr'><strong>MN!“</strong></span> 
     </span>
    </p>
   </div>
   <div class='ocr_carea' id='block_1_116' title="bbox 3902 663 3919 2041">
    <p class='ocr_par' dir='ltr' id='par_1_116' title="bbox 3907 1765 3912 2041">
     <span class='ocr_line' id='line_1_118' title="bbox 3907 1765 3912 2041; baseline 0 0"><span class='ocrx_word' id='word_1_801' title='bbox 3907 1777 3912 1938; x_wconf 71' lang='grc' dir='ltr'><strong>ι</strong></span> 
     </span>
    </p>
   </div>
  </div>
