4046 6518
446 540 565 605 ‘91?

1797 533 2335 597 THEOPHANES.

3597 540 3723 604 ε)ὶᾶ

462 657 559 711 καὶ
588 654 706 719 πῶς
758 634 858 725 οὐχ
915 649 1016 717 εἷς,
1054 652 1141 706 ἴνα
1197 651 1273 723 μὴ
1323 648 1515 705 ἄτοποὶ
1551 665 1695 713 τινες
1746 643 1899 722 ὦμεν
1946 650 2034 704 καὶ

2149 667 2294 709 unus
2317 668 2331 707 :
2354 666 2421 708 ne
2446 651 2596 708 stulti
2625 651 2799 707 simus
2830 659 2885 706 et
2934 651 3341 725 nobismetipsis
3358 652 3416 710 in
3440 657 3728 714 sentiendo

465 749 601 816 ἡμῖν
627 745 813 808 αὐτοῖς
841 742 1014 807 οὕτως
1040 741 1386 796 ἀνακόλουθα
1410 739 1728 807 δοξάζοντες
1757 742 1855 796 καὶ
1881 740 2048 811 φθεγ-

462 841 530 909 γό
539 856 713 909 μενοι.

537 929 704 983 Θεότ.
737 927 888 982 Πάνυ
944 925 1043 997 μὲν
1075 918 1187 980 οὖν.
1222 923 1300 980 Οὐ
1355 925 1464 994 γὰρ
1501 924 1628 988 τοὺς
1675 923 1805 994 περὶ
1836 925 2044 979 ἀκατα-

461 1020 674 1092 λήπτου
728 1018 924 1086 λόγους
950 1015 1358 1083 ἀνθυπενέγκαι
1398 1032 1483 1078 τις
1539 1014 1605 1068 ἂν
1657 1014 1766 1067 τῶν
1806 1010 1866 1067 εὖ
1897 1031 2046 1085 φρο-

463 1112 701 1166 νούντων
745 1109 824 1180 τῷ
847 1106 1242 1178 πυνθανομένῳ
1263 1107 1380 1172 πῶς
1400 1104 1546 1160 τοῦτ’
1568 1106 1718 1159 ἐστὶν
1742 1105 2002 1176 ὁπότερον
2025 1120 2041 1138 ⁶

461 1207 585 1259 ἐπεὶ
620 1204 697 1275 μὴ
752 1203 852 1273 τὴν
890 1200 1163 1271 ἑκατέρου
1218 1200 1677 1270 πολυπραγμονεῖ
1722 1198 1902 1254 αἰτίαν
1943 1199 2043 1270 τῆς

461 1296 776 1365 ὑπάρξεως,
823 1292 964 1349 ἀλλὰ
1010 1292 1110 1364 τὴν
1158 1292 1393 1363 Θατέρου
1440 1293 1579 1363 πρὸς
1636 1291 1866 1363 θάτερον
1926 1291 2045 1348 δια-

460 1389 658 1460 φοράν.
1480 1410 1489 1422 λ

534 1483 712 1551 Θεοφ.
752 1478 1004 1550 Ἀγαμαί
1036 1495 1096 1531 σε
1137 1477 1242 1549 τῆς
1281 1478 1577 1539 συνέσεως.
1624 1475 1716 1530 Ἐν
1745 1473 1876 1545 γοῦν
1918 1476 2040 1540 ταῖς

459 1571 741 1636 τοιαύταις
770 1572 1019 1634 διπλόαις
1043 1570 1140 1640 τῆς
1169 1569 1453 1637 θεολογίας
1488 1569 1688 1640 μικροῦ
1738 1570 1922 1623 πᾶσαν
1947 1584 2045 1621 πο·

462 1664 638 1732 νηρὰν
692 1662 910 1733 αἵρεσιν
973 1663 1294 1733 κινηθεῖσαν
1341 1663 1470 1726 τδοις
1526 1663 1616 1718 ἄν.
1665 1661 1806 1717 Ἀλλ’
1843 1663 1873 1715 6
1934 1663 2036 1732 μὲν

457 1754 752 1818 ἀποδιδοὺς
798 1755 889 1808 τὸν
922 1753 1082 1824 λόγον
1135 1754 1332 1818 οὕτως.
1366 1754 1443 1820 ὡς
1493 1756 1787 1829 ἀμφότερα
1844 1755 2037 1822 πιστὰ,

461 1847 628 1917 μηδὲν
661 1840 826 1917 ἦττον
858 1846 890 1917 ἢ
926 1848 1194 1919 πρότερον
1251 1848 1525 1914 σώζεσθαι
1558 1850 1627 1903 τὰ
1670 1850 1839 1921 μέρη,
1884 1848 2041 1902 εὐσε-

460 1940 561 2010 ϐής
588 1955 604 1972 ·
650 1941 680 1992 6
721 1939 779 1992 δὲ
815 1939 896 2010 τῷ
949 1940 1124 2012 ἑτέρῳ
1166 1940 1308 1993 κατὰ
1353 1940 1450 1995 τοῦ
1489 1941 1682 2011 ἑτέρον
1729 1940 2037 2013 χρώμενος,

2149 757 2213 799 ac
2243 742 2478 798 dicendo
2508 751 2913 800 contraeuntes.

2221 920 2403 976 Theot.
2462 919 2696 991 Optime.
2731 920 2847 977 Non
2874 923 3020 978 enim
3073 924 3727 1002 ineomprehensibilibus

2147 1013 2335 1070 verbis
2362 1014 2718 1084 responderet
2751 1015 2954 1087 aliquis
2995 1018 3308 1073 lienesanns
3358 1019 3724 1091 interroganti

2147 1104 2424 1174 quonme
2480 1106 2703 1160 illorum
2739 1106 3067 1163 alterutrum
3102 1109 3201 1173 sit,
3235 1109 3437 1181 quippe
3471 1124 3581 1166 non
3612 1112 3725 1167 sei-

2147 1195 2365 1251 scitanti
2425 1213 2524 1252 cur
2570 1206 2866 1270 utrumque
2922 1199 3016 1269 sit,
3085 1201 3181 1258 sed
3239 1202 3295 1256 in
3350 1217 3463 1273 quo
3511 1201 3723 1258 dilierat

2148 1287 2382 1344 alterum
2416 1289 2487 1345 ab
2525 1288 2725 1346 altero.

2221 1465 2452 1534 Theoph.
2485 1467 2653 1523 Miror
2684 1476 2832 1522 tuam
2861 1467 3300 1539 intelligentiam.
3324 1467 3382 1524 '.n
3411 1468 3723 1538 huiusmodi

2142 1558 2288 1613 enim
2335 1559 2606 1631 ambiguis
2671 1563 2781 1615 fere
2828 1575 3045 1618 onmem
3092 1562 3253 1617 sitam
3302 1577 3424 1618 esse
3472 1562 3723 1618 haeresim

2141 1647 2355 1706 videas.
2409 1649 2516 1706 Sed
2551 1651 2646 1721 qui
2698 1652 2967 1710 rationem
3019 1655 3094 1709 ita
3130 1656 3326 1722 reddit,
3372 1667 3434 1713 ut
3486 1657 3722 1715 duorum

2142 1739 2545 1797 credendorum
2600 1751 2835 1812 utraque
2891 1759 3022 1814 pars
3070 1760 3174 1800 nec
3224 1746 3349 1816 plus
3393 1763 3492 1803 nec
3541 1750 3726 1803 minus

2143 1840 2479 1896 asservetur,
2503 1834 2629 1903 pius
2657 1845 2775 1900 est;
2801 1834 2897 1905 qui
2920 1851 3051 1892 vero
3081 1852 3247 1892 unam
3277 1845 3465 1893 contra
3495 1838 3722 1895 alteram

2142 1931 2375 1994 usurpat
2399 1913 2773 1995 qualicunque
2809 1935 2865 1982 et
2893 1925 3138 1996 quolibet
3166 1930 3353 1993 modo,
3376 1927 3733 2000 irreligiosus,

459 1993 725 2102 ὁποιῳοῦν
758 1993 1291 2104 καίὸπηδηποτοῦν,
1323 1993 1652 2104 δυσσεϐὴςη
1684 1993 1781 2087 κέἱ
1810 1993 2036 2106 ἐιῖςέεὴξξ
2071 1993 2115 2053 Β
2142 2025 2228 2073 εει
2255 2026 2312 2073 θι
2343 1993 2546 2088 imi’ius
2598 1993 2847 2089 ι’θε-Ρθυίυ
2907 1993 3195 2091 utriusque
3244 1993 3724 2095 Μουσεῖα-(11³³⁸

461 2124 602 2178 κατὰ
623 2122 784 2191 λόγον
815 2122 918 2191 τῆς
953 2124 1327 2196 προκειμένης
1351 2124 1592 2189 ἑκάστης
1627 2123 1965 2188 ὑποθέσεως.

530 2214 696 2268 Θεότ.
732 2211 965 2284 Ποίησον
1001 2216 1097 2271 καὶ
1127 2214 1275 2269 τοῦθ’
1303 2213 1332 2268 ὃ
1362 2215 1564 2284 λέγεις,
1588 2215 1725 2285 πρὸς
1749 2214 1907 2284 Θεοῦ,
1944 2232 2040 2270 σαι-

462 2327 486 2373 ς..
498 2306 619 2358 ἐστε
628 2322 743 2375 ρον.
1575 2304 1581 2310 ’

527 2390 704 2465 Θεοφ.
738 2396 849 2457 Καὶ
875 2397 938 2467 δὴ
975 2398 1134 2452 ποιῶ.
1177 2399 1292 2461 Πᾶς
1324 2398 1424 2469 μὲν
1447 2399 1475 2452 6
1503 2397 1614 2452 τῶν
1638 2396 1816 2466 ἁγίων
1843 2396 2035 2469 ὅμιλος

460 2490 721 2559 Πατέρων
744 2489 842 2543 ἕνα
866 2486 1023 2545 εἷπον
1069 2491 1162 2545 τὸν
1190 2491 1326 2545 Θεὸν
1354 2491 1497 2546 κατὰ
1520 2492 1618 2562 τὴν
1642 2491 1853 2556 οὐσίαν,
1884 2492 2038 2560 τρεῖς

451 2581 546 2632 τὸν
575 2579 673 2633 ἕνα
705 2582 851 2635 κατὰ
876 2583 978 2646 τὰς
1015 2582 1347 2646 ὑποστάσεις
1373 2598 1388 2612 ⁸
1423 2582 1557 2637 ἄλλο
1592 2583 1691 2653 μὲν
1736 2581 1903 2653 οὔσης
1933 2584 2037 2654 τῆς

455 2671 834 2737 ὑποστάσεως,
861 2673 955 2737 καὶ
983 2674 1114 2728 ἄλλο
1148 2677 1245 2746 τῆς
1270 2675 1484 2743 οὐσίας,
1515 2676 1591 2738 ὡς
1622 2674 1752 2729 ἄλλο
1780 2676 1875 2729 καὶ
1902 2674 2036 2729 ἄλλο

456 2761 838 2834 σημαινούσης
862 2764 1135 2837 ἑκατέρας
1156 2781 1170 2796 ο
1203 2766 1476 2819 ἀκτίστων
1504 2765 1559 2820 δὲ
1586 2765 1682 2818 καὶ
1709 2764 2034 2835 ἀχωρίστων

454 2854 634 2909 οὐσῶν
665 2856 916 2930 ἀλλήλων
941 2861 1271 2932 ἀμφοτέρων
1300 2864 1394 2919 καὶ⁵
1422 2862 1533 2916 τῶν
1561 2862 1912 2919 ὐποστάσεων
1939 2862 2034 2916 καὶ

449 2942 551 3018 τῆς
588 2950 800 3019 οὐσίας,
850 2951 995 3008 οὕτω
1046 2959 1389 3025 τηρήσαντες
1437 2955 1738 3009 ἀσάλευτον
1784 2956 1879 3009 καὶ
1934 2953 2033 3027 τὴν

452 3042 534 3104 είς
577 3043 786 3113 Τριάδα
823 3048 919 3100 καὶ
949 3046 1052 3117 τὴν
1100 3048 1180 3111 είς
1236 3047 1539 3119 μοναρχίαν
1588 3047 1793 3102 πίστιν.
1826 3046 2033 3100 Σαϐέλ-

450 3133 564 3196 λιος
588 3135 644 3187 δὲ
675 3137 922 3205 τριθεῖαν
945 3139 1338 3213 κατηγορήσας
1363 3140 1473 3194 τῶν
1498 3140 1643 3193 οὕτω
1669 3138 2028 3207 δοξαζόντων,

450 3226 615 3291 αὐτὸς
643 3228 722 3292 εἰς
758 3228 818 3282 ἓν
849 3230 916 3283 τὰ
950 3230 1075 3299 τρία
1112 3231 1447 3302 συναλείψας
1476 3231 1565 3286 διὰ
1597 3230 1689 3285 τοῦ
1732 3230 1936 3284 ἐνιαίου
1969 3229 2031 3282 τὸ

452 3319 734 3387 τριαδικδν
783 3322 963 3376 ἀνεῖλε
997 3322 1098 3392 τῆς
1134 3324 1391 3393 θεότητος
1419 3340 1432 3354 ·
1469 3323 1568 3378 καὶ
1612 3325 1676 3378 ἐκ
1706 3324 1817 3377 τῶν
1864 3323 2026 3395 ἱερῶν
2052 3337 2096 3399 α

450 3412 492 3464 Γ
497 3413 690 3482 ραςρῶν
723 3414 851 3479 τοὺς
898 3419 1029 3489 περὶ
1083 3417 1313 3488 μονάδος
1361 3418 1557 3488 λόγους
1607 3415 2029 3488 συλλεξάμενος,

452 3496 563 3556 οἷον
596 3522 616 3555 ι
676 3504 818 3572 Ἐγὼ
847 3505 980 3570 Θεὸς
1013 3507 1252 3578 πρῶτος,
1286 3507 1381 3562 καὶ
1414 3508 1526 3578 ἐγὼ
1560 3507 1703 3578 μετὰ
1734 3507 1910 3560 ταῦτα
1939 3506 2033 3558 καὶ

448 3594 531 3659 εἰς
560 3594 652 3648 τὸν
676 3596 852 3650 αίὼνα
882 3598 1032 3667 λέγει
1077 3599 1308 3669 Κύριος,
1339 3600 1437 3654 καὶ
1460 3598 1522 3653 τὸ
1558 3599 1692 3670 παρ’
1741 3595 1908 3653 αὑτοῦ
1938 3594 2032 3649 τοῦ

450 3689 659 3760 Κυρίου
680 3691 739 3744 ἐν
756 3691 1111 3760 Εὐαγγελίοις
1139 3693 1451 3765 εἰρημένον·
1465 3711 1485 3744 ι
1507 3692 1650 3762 Ἐγὼ
1670 3693 1768 3746 καὶ
1784 3694 1812 3745 6
1841 3689 2034 3761 Πατὴρ

447 3779 509 3834 ἓν
543 3783 739 3851 ἐσμεν,
774 3802 793 3836 ι
827 3786 923 3839 καὶ
951 3784 1053 3840 ὅσα
1081 3786 1298 3849 τούτοις
1334 3783 1720 3854 παραπλήσια,
1756 3779 2036 3852 προύϐάλ-

2142 2109 2370 2166 Stionis.

2211 2199 2398 2257 Τήιοι.
2425 2200 2584 2271 Quod
2624 2200 2729 2268 ais,
2762 2200 2872 2271 fac,
2908 2218 3115 2275 quaso,
3146 2205 3376 2267 clarius.

2214 2376 2443 2447 Theoph.
2471 2379 2658 2437 Facio.
2680 2379 2947 2438 Universa
2962 2392 3279 2440 sanctorum
3308 2380 3532 2439 Patrum
3562 2384 3735 2442 turba

2137 2468 2396 2527 dixerunt
2428 2469 2603 2527 Deum
2643 2487 2771 2528 esse
2797 2488 2968 2528 unum
2995 2475 3262 2538 essentia,
3288 2481 3345 2529 et
3372 2483 3486 2530 tres
3522 2474 3574 2530 in
3612 2490 3724 2531 uno

2137 2576 2404 2634 personas
2436 2581 2452 2619 :
2478 2578 2601 2619 eum
2627 2563 2773 2619 aliud
2802 2565 2873 2620 sit
2900 2578 3155 2633 persona,
3191 2565 3336 2621 aliud
3359 2568 3620 2633 essentia,
3650 2567 3725 2623 εἰς

2138 2654 2356 2724 quidem
2390 2655 2535 2709 aliud
2569 2664 2619 2710 et
2654 2655 2804 2711 aliud
2833 2665 3063 2726 utraque
3086 2657 3382 2728 signitieat;
3407 2673 3725 2729 quanquam

2136 2737 2377 2793 increata
2396 2747 2450 2792 et
2471 2738 2739 2794 immensa
2765 2747 2894 2794 sunt
2912 2740 3094 2808 ambo,
3115 2756 3364 2811 persona:
3384 2742 3638 2797 videlicet
3657 2758 3737 2798 ac-

2134 2829 2394 2884 essentia.
2420 2828 2486 2884 Et
2509 2831 2590 2888 sic
2610 2832 2994 2887 inconcussam
3026 2841 3321 2887 tenuerunt
3346 2831 3505 2888 ﬁdem
3536 2833 3592 2911 in
3625 2836 3729 2890 tri-

2135 2922 2361 2977 nitatem
2386 2923 2655 2995 (idemque
2680 2925 2734 2980 in
2762 2924 3051 2985 unitatem.
3074 2924 3349 2985 Sabellius
3400 2943 3532 2983 vero
3577 2926 3723 2982 hanc

2134 3014 2419 3076 Trinitatis
2437 3017 2743 3081 doctrinam
2762 3018 3195 3087 reprehendens,
3224 3028 3280 3073 ct
3321 3018 3433 3077 tria
3460 3019 3513 3074 in
3547 3034 3725 3075 unum

2132 3107 2515 3175 confundens,
2570 3108 2873 3164 divinitatis
2915 3108 3236 3165 .trinitatem
3292 3125 3389 3179 per
3449 3108 3718 3165 unitatem

2134 3201 2394 3268 abstulit;
2429 3217 2460 3256 e
2483 3200 2895 3272 Seripturisque
2925 3202 3101 3257 sacris
3129 3209 3308 3257 textus
3331 3200 3594 3256 unitatem
3633 3202 3720 3256 in-

2139 3303 2375 3350 nuentes
2418 3294 2707 3365 colligens,
2741 3304 2799 3350 ut
2823 3295 2969 3352 hunc
3000 3310 3015 3348 :
3048 3312 3076 3347 ι.
3097 3293 3208 3365 Ego
3235 3294 3379 3351 Deus
3405 3295 3636 3365 primus,
3666 3303 3730 3353 et

2137 3402 2239 3458 ego
2269 3396 2390 3457 post
2429 3389 2545 3442 haec
2572 3395 2628 3442 et
2669 3387 2721 3442 in
2758 3397 3050 3453 aeternum,
3074 3387 3208 3442 dicit
3237 3386 3501 3442 Dominus
3521 3387 3563 3454 ’ς
3610 3404 3627 3438 ι
3662 3397 3729 3441 et.

2136 3479 2280 3536 istnd
2307 3478 2481 3548 ipsius
2519 3476 2736 3532 Domini
2763 3479 2816 3532 in
2844 3477 3150 3547 Evangeliis
3168 3476 3395 3533 effatum
3431 3493 3446 3532 :
3482 3495 3504 3529 ι
3534 3476 3648 3548 Ego
3667 3484 3729 3535 et

2135 3573 2297 3628 Pater
2325 3586 2491 3626 unum
2512 3584 2760 3634 sumusn
2785 3577 2838 3625 et
2857 3569 3113 3638 quaelibet
3143 3568 3232 3627 bis
3261 3568 3464 3624 similia
3494 3568 3724 3639 objicie-

2137 3663 2231 3718 bat
2258 3663 2313 3719 in
2337 3664 2713 3721 testimonium
2745 3661 2813 3716 ad
2845 3677 2913 3716 au
2927 3659 3205 3715 ferendam
3230 3674 3588 3731 personarum
3616 3660 3720 3714 tri-

2135 3756 2384 3817 nitatem.
2411 3756 2601 3812 Nonne
2618 3756 2699 3811 sic
2720 3754 2852 3813 facit
2871 3752 3140 3808 Sabellins
3167 3761 3223 3807 et
3249 3751 3368 3823 ejus
3389 3752 3733 3809 sectatores!

445 3873 572 3929 λετο
604 3877 741 3948 πρὸς
778 3880 1088 3949 μαρτυρίαν
1144 3882 1222 3944 είς
1256 3878 1544 3949 ἀναίρεσιν
1594 3877 1690 3934 τοῦ
1727 3873 2013 3949 τριαδικοῦ
2053 3870 2163 3925 τῶν
2211 3871 2596 3927 ὑποστάσεων.
2665 3869 2778 3939 Οὐχ
2835 3866 2978 3922 οὕτω
3036 3868 3187 3922 ποιεῖ
3241 3865 3539 3932 Σαϐέλλιος
3620 3870 3720 3924 καὶ

447 3967 562 4022 ὅσοι
593 3969 715 4023 κατ’
743 3970 910 4025 αὐτόν
933 3988 950 4039 ;

521 4068 689 4122 Θεότ.
722 4066 885 4127 Ταῦθ’
923 4064 1069 4123 οὕτω
1106 4067 1309 4132 πάντες
1349 4069 1531 4139 ῐσμεν.

524 4159 704 4226 8805.7.
738 4156 910 4224 Κάγὼ
939 4157 1027 4210 διὰ
1057 4157 1119 4211 τὸ
1160 4159 1328 4212 πᾶσιν
1382 4153 1522 4212 εἶναι
1561 4156 1721 4212 τοῦτο
1771 4160 2011 4230 φανερὸν

448 4250 753 4319 σαφηνείας
813 4250 981 4305 ἕνεκα
1036 4254 1379 4321 προήνεγκα.
1422 4251 1495 4308 Σὺ
1550 4253 1659 4322 γὰρ
1688 4251 1815 4316 τοὺς
1859 4251 2027 4307 αὐτοῦ

444 4336 718 4399 τοιούτους
767 4337 963 4405 λόγους
1010 4341 1383 4409 προσαγαγὼν
1429 4341 1507 4411 τῷ
1538 4328 1779 4412 γνώμονι
1807 4342 1911 4412 τῆς
1941 4344 2031 4396 πί-

449 4443 641 4493 στεως,
677 4427 736 4491 ὃς
770 4428 867 4484 καὶ
914 4427 1011 4481 ἕνα
1043 4429 1137 4482 καὶ
1186 4429 1316 4501 τρία
1342 4428 1491 4497 λέγει
1536 4430 1628 4484 τὸν
1675 4430 1841 4485 αὐτὸν
1869 4431 2024 4496 Θεὸν,

446 4515 755 4583 ἐξελέγξεις
786 4515 1019 4573 ἄπιστόν
1046 4533 1106 4568 τε
1139 4517 1237 4570 καὶ
1265 4517 1583 4581 κακόδοξον,
1611 4515 1687 4580 ὡς
1720 4517 1781 4571 τὸ
1815 4516 2027 4588 τριαδιφ

446 4604 544 4658 κδν
572 4604 900 4675 ἀναιροῦντα
928 4604 1024 4659 τοῦ
1058 4606 1176 4669 ἑνὸς
1202 4606 1362 4671 Θεοῦ,
1395 4608 1492 4661 καὶ
1519 4606 1648 4672 τοὺς
1677 4607 1770 4661 ὑπ’
1809 4607 2023 4661 ἐκείνου

450 4694 604 4764 παρὰ
658 4693 816 4748 τοῦτο
841 4693 1137 4757 πολυϐέους
1168 4695 1496 4765 λεγομένους
1521 4697 1597 4760 ὼς
1623 4696 1867 4760 εὐσεϐεῖς
1896 4698 2028 4757 ἀνα-

445 4788 707 4859 κηρύξεις
736 4792 831 4843 καὶ
863 4790 1116 4855 πιστούς.
1147 4791 1368 4860 Ἀρειος
1414 4790 1472 4843 δὲ
1505 4790 1599 4843 καὶ
1649 4790 1814 4854 αὐτὸς
1856 4790 2025 4844 πολυ-

448 4870 606 4944 θέους
652 4882 831 4950 λέγων
882 4882 1012 4944 τοὺς
1049 4880 1181 4953 τρία
1230 4882 1493 4950 λέγοντας
1544 4882 1612 4936 τὰ
1662 4881 1919 4948 ἄκτιστα,
1966 4881 2026 4943 ἐν

446 4972 703 5028 ἅκτιστον
734 4969 876 5028 εἶναι
911 4972 1287 5029 διεϐεϐαιοῦτο
1313 4974 1405 5028 τὸν
1450 4974 1700 5045 Πατέρα,
1732 4975 1832 5039 τὰς
1859 4974 2027 5039 ἄλλας

447 5064 778 5128 ὑποστάσεις
801 5066 883 5129 εἰς
918 5066 1127 5137 κτίσμα
1155 5065 1478 5133 κατασπῶν,
1510 5068 1602 5120 καὶ
1628 5068 1751 5130 ταῖς
1778 5064 1886 5122 ἀπὸ
1915 5066 2026 5121 τῶν

447 5155 683 5227 Γραφῶν
716 5157 1072 5228 μαρτυρίαις,
1112 5159 1235 5212 ὅσαι
1277 5159 1578 5227 παριστᾶσι
1624 5160 1725 5229 τὴν
1760 5159 2027 5230 διαφορὰν

445 5248 555 5302 τῶν
585 5249 959 5313 ύποστάσεων,
1010 5246 1123 5303 οἷον
1160 5268 1179 5303 ι
1211 5251 1240 5302 6
1273 5252 1464 5320 Πατήρ
1518 5268 1621 5322 μου
1671 5252 1875 5321 μείζων
1919 5254 2023 5324 μού

442 5339 582 5405 ἐστι,
607 5359 624 5392 ι
647 5340 762 5406 καὶ,
788 5361 806 5392 ι
824 5343 889 5394 "A
913 5341 1122 5414 ηκουσα
1149 5342 1303 5413 παρὰ
1331 5341 1426 5395 τοῦ
1444 5344 1659 5414 Πατρός
1693 5361 1819 5414 μου,
1850 5344 2024 5398 ταῦτα

445 5428 615 5499 λαλῶ,
662 5451 681 5484 ι
720 5434 814 5490 καὶ
838 5434 940 5488 ὅσα
975 5433 1187 5498 τούτοις
1211 5434 1597 5508 παραπλήσια,
1632 5435 2025 5493 διαστέλλοντα

444 5524 540 5576 καὶ
574 5524 862 5578 δεικνύντα
914 5525 1013 5598 τὴν
1049 5527 1179 5596 μίαν
1222 5527 1321 5595 τῆς
1356 5527 1611 5598 Θεότητος
1640 5528 1845 5600 πηγὴν,
1884 5530 2021 5584 ταύι

443 5628 566 5675 ταις
605 5613 787 5667 τοίνυν
837 5614 946 5669 ἀπὸ
990 5617 1100 5669 τῶν
1150 5619 1314 5688 ἱερῶν
1358 5619 1592 5689 Γραφῶν
1620 5621 2020 5692 ὲρανισὰμενος

447 5702 651 5772 ἐχρῆτο
679 5706 820 5757 κατὰ
844 5704 949 5757 τῶν
974 5705 1217 5771 εὐσεϐῶς
1234 5707 1334 5776 τὴν
1361 5709 1523 5776 ἁγίαν
1548 5708 1757 5781 Τριάδα
1784 5726 2023 5779 προσκυ-

438 5792 699 5851 νούντων.
733 5795 803 5850 Σὺ
829 5795 922 5851 οὖν
962 5798 1058 5851 καὶ
1100 5798 1227 5866 τοὺς
1267 5800 1483 5870 Ἀρείου
1517 5801 1714 5872 λόγους
1756 5801 1836 5874 τῷ
1869 5805 2021 5877 αὐτῷ

528 5977 547 6005 ²
597 5971 699 6026 lsa.
746 5986 855 6041 xu,
888 5971 939 6029 ι.
1019 5973 1038 6006 ⁸
1071 5973 1226 6029 Joan.
1273 5990 1385 6042 xw,
1442 5975 1536 6032 28.
1613 5977 1635 6010 ⁸
1666 5974 1823 6034 Joan.
1857 5980 2067 6051 xv,15.

2207 4058 2396 4115 Theot.
2429 4057 2486 4114 id
2517 4071 2708 4112 omnes
2737 4055 2966 4111 scimus.

2202 4152 2431 4225 Theopb.
2457 4151 2512 4207 Id
2533 4150 2807 4221 equidem,
2837 4159 3024 4216 utpote
3048 4149 3309 4207 omnibus
3337 4149 3726 4224 manifestum,

2129 4246 2395 4303 claritatis
2424 4260 2588 4301 causa
2617 4243 2841 4314 protuli.
2868 4241 2947 4297 Tu
2977 4243 3125 4298 enim
3160 4244 3298 4300 tales
3325 4243 3472 4301 illius
3499 4260 3716 4304 sermo-

2129 4353 2229 4397 nes
2254 4338 2543 4394 eonierens
2563 4344 2688 4392 cum
2722 4334 2848 4394 ﬁdei
2869 4335 3069 4403 indice,
3094 4336 3193 4408 qui
3214 4352 3385 4393 unum
3418 4352 3483 4394 ac
3509 4339 3715 4396 trinum

2132 4432 2264 4488 dicit
2294 4432 2545 4486 eumdem
2582 4430 2774 4496 Deum,
2814 4445 3081 4502 agnosces
3119 4446 3244 4486 eum
3273 4445 3303 4485 a
3343 4429 3448 4503 ﬁde
3472 4446 3717 4503 sanaquo

2134 4523 2383 4578 doctrina
2418 4537 2542 4578 esse
2575 4522 2838 4588 alienum,
2874 4522 3083 4592 quippe
3103 4522 3195 4592 qui
3222 4523 3376 4578 tollat
3414 4523 3511 4578 Dei
3547 4525 3713 4579 trini-

2133 4621 2322 4676 tatem.
2355 4628 2450 4669 eos
2485 4628 2617 4668 vero
2669 4629 2810 4683 quos
2869 4615 2992 4668 ideo
3055 4615 3347 4683 polytlteos‘
3387 4623 3570 4680 vocat,
3594 4616 3714 4684 pios

2132 4713 2190 4762 et
2225 4705 2566 4760 orthodoxos
2604 4705 2950 4774 prmdicabis.
2977 4707 3140 4761 Arius
3172 4715 3356 4761 autem
3386 4715 3443 4760 et
3470 4706 3587 4776 ipse
3615 4722 3715 4776 po-

2131 4797 2346 4870 lytheos
2377 4796 2569 4854 dicens
2605 4797 2694 4866 qui
2733 4807 2852 4858 tres,
2874 4797 3196 4855 asserebant
3229 4798 3722 4864 increatos,unum

2129 4890 2436 4946 increatum
2481 4905 2606 4946 esse
2654 4889 2959 4946 afﬁrmabat
3000 4890 3241 4953 Patrem,
3275 4891 3414 4946 alias
3442 4906 3710 4960 personas

2127 4983 2395 5040 creaturis
2425 4998 2827 5050 annnmerans;
2863 4991 2917 5037 et
2947 4982 3358 5052 Scripturarum
3391 4986 3708 5043 testimonia

2127 5076 2533 5132 distinctionem
2586 5086 2944 5146 personarum
2987 5078 3307 5143 statuentia,
3355 5086 3453 5133 ut:
3492 5095 3512 5130 ι
3551 5078 3709 5134 Pater

2133 5184 2290 5225 meus
2334 5169 2509 5248 major
2543 5185 2630 5224 me
2667 5170 2806 5233 est',
2850 5187 2869 5222 ι
2901 5178 2958 5225 et
3003 5187 3017 5223 :
3051 5187 3070 5222 ι
3107 5169 3240 5238 Qun:
3271 5170 3456 5227 audivi
3483 5186 3511 5224 a
3549 5169 3710 5225 Patre

2131 5275 2279 5327 meo,
2333 5261 2451 5319 haec
2493 5261 2691 5329 loquor
2707 5260 2755 5327 ξ,
2789 5281 2809 5315 ι
2848 5269 2904 5315 et
2929 5262 3036 5317 alia
3073 5262 3388 5333 huiusmodi
3426 5277 3550 5332 quae
3582 5262 3709 5316 uni-

2131 5369 2257 5409 cum
2292 5352 2579 5424 designant
2609 5353 3012 5425 ostendunttu
3041 5353 3262 5410 deitatis
3293 5355 3495 5408 fontem
3519 5395 3534 5418 ,
3570 5352 3705 5414 limo,

2132 5447 2376 5518 inquam,
2405 5461 2437 5501 e
2489 5447 2662 5504 sacris
2696 5446 3001 5517 Seripturis
3032 5446 3373 5504 emendicata
3407 5446 3708 5515 usurpabat

2095 5536 2395 5593 ‘adversus
2438 5541 2556 5608 pios
2578 5549 2783 5595 sanctae
2817 5538 3107 5594 Trinitatis
3128 5539 3394 5593 cultores.
3426 5537 3507 5597 Tu
3543 5540 3707 5609 igitur

2126 5627 2240 5682 Arii
2265 5644 2484 5699 quoque
2513 5644 2798 5686 sermones
2840 5629 3007 5687 indici
3062 5627 3189 5683 ﬁdei
3240 5642 3567 5698 comparans
3610 5630 3705 5699 qui

2129 5734 2296 5773 unum
2332 5722 2647 5791 trinumqne
2676 5722 2810 5776 dicit
2834 5719 3094 5775 eumdem
3128 5720 3320 5787 Deum,
3352 5721 3705 5777 demonstra-

2131 5809 2214 5867 bis
2247 5810 2395 5866 illum
2438 5815 2618 5882 potius
2651 5826 2778 5869 vere
2813 5812 3136 5885 polytlteum
3161 5826 3303 5881 esse,
3335 5812 3426 5884 qui
3451 5812 3702 5868 eumdem
