4046 6524
399 506 505 573 919
1672 506 2055 570 GREGORII
2095 507 2421 569 PALAM.E
3607 502 3709 569 920

399 627 572 684 Deum
607 639 847 684 creatum
880 629 1041 684 simul
1065 636 1121 684 et
1150 628 1453 684 increatum
1484 625 1637 691 dicit,
1666 639 1788 696 qum
1814 622 1978 678 ambo

2101 620 2327 694 γνώμονι
2362 622 2460 690 τῆς
2506 621 2747 685 πίστεως
2778 620 3183 693 προσαγαγὼν,
3217 618 3286 683 ὃς
3338 620 3407 674 ἓν
3447 618 3552 673 καὶ
3591 621 3715 690 τρία

399 723 456 777 iu
486 734 648 776 unam
679 722 981 777 convenire
1013 731 1265 776 naturam
1293 726 1584 789 repugnat.

2101 715 2233 783 ιέγει
2271 716 2365 768 τὸν
2395 715 2558 769 αὐτὸν
2589 715 2741 779 Θεὸν,
2772 716 2981 768 ἐκεῖνον
3033 713 3256 785 μᾶλλον
3288 711 3505 778 δείξεις
3540 710 3707 764 πολύ-

400 818 522 871 οεον
545 815 621 876 ὡς
664 813 904 886 ἀληθῶς,
938 814 1158 868 κτιστύν
1200 830 1258 866 τε
1297 814 1389 867 καὶ
1436 814 1696 868 ἄκτιστον
1745 809 1976 885 λέγοντα
2013 807 2107 863 τὸν
2142 807 2302 862 αὐτὸν
2337 808 2493 873 Θεὸν,
2538 809 2574 863 ἃ
2602 807 2880 878 συμϐῆναι
2930 807 3066 878 πρὸς
3104 807 3254 878 μίαν
3336 806 3521 877 φύσιν
3591 805 3713 860 ἀδύ-

398 926 563 965 νατον
570 948 583 962 .

470 1009 651 1064 Theot.
685 1006 903 1078 Optima
934 1007 1156 1077 quidem
1187 1004 1373 1076 regula
1408 1020 1422 1057 :
1450 1018 1550 1059 nec
1582 1003 1729 1059 enim
1770 1011 1979 1057 tantum

400 1100 762 1162 demonstrat,
797 1099 893 1155 sed
916 1099 1074 1168 quasi
1101 1098 1427 1153 eonciditac
1447 1097 1661 1167 repellit
1696 1095 1976 1165 ambages.

399 1191 710 1247 Possumne
739 1207 870 1246 vero
907 1192 1002 1245 tali
1040 1190 1229 1263 regula
1268 1187 1442 1244 refelli
1472 1192 1569 1260 qui
1595 1195 1785 1242 errant
1816 1200 1983 1256 super

404 1280 615 1335 Domini
660 1280 1034 1336 incarnatione
1058 1278 1083 1333 ?

2155 997 2320 1054 Ocrit.
2369 997 2624 1068 Ἀριστὸς
2654 1014 2719 1065 γε
2742 998 2770 1051 ὁ
2801 998 3004 1052 κανών·
3033 994 3093 1049 οὐ
3126 994 3256 1065 γὰρ
3289 994 3474 1065 μόνον
3508 996 3717 1049 δείκνυ-

2085 1107 2193 1158 σιν,
2231 1088 2347 1145 am
2372 1084 2485 1145 οἷον
2516 1092 2611 1143 καὶ
2633 1090 2890 1157 ἐκτέμνει
2916 1090 3007 1143 καὶ
3037 1089 3590 1157 ἁποδιοπομπεῖται
3621 1087 3716 1150 τὰς

2084 1183 2508 1255 στρεϐλότητας.
2537 1183 2694 1237 Ἔστι
2739 1182 2784 1235 δ’
2815 1183 2923 1252 ἄρα
2953 1180 3048 1234 καὶ
3095 1182 3237 1244 τοὺς
3279 1173 3716 1250 σφαλλομένους

2084 1279 2215 1348 περὶ
2252 1277 2352 1348 τὴν
2385 1277 2723 1349 Δεσποτικὴν
2761 1275 3077 1347 οἰκονομίαν
3114 1274 3189 1329 δι’
3247 1274 3460 1344 ὁμοίου
3492 1274 3719 1338 κανόνος

2083 1369 2389 1442 ἐξελέγχειν
2415 1388 2431 1435 ;

474 1461 706 1542 Theoph.
739 1457 983 1531 Optime.

2159 1465 2338 1533 68090.
2371 1462 2649 1518 Μάλιστα.

473 1553 657 1609 ΤΙιροι.
681 1551 817 1620 Quis
852 1553 1019 1622 igitur
1054 1552 1275 1606 canon?

2159 1556 2326 1610 Θεότ.
2360 1554 2458 1618 Τίς
2488 1553 2584 1609 οὖν
2608 1557 2637 1609 ὁ
2672 1552 2894 1619 κανών;

475 1647 699 1716 Theoph.
738 1645 836 1701 Hic
865 1654 971 1712 est,
1003 1644 1292 1701 Credimus
1324 1645 1378 1699 in
1402 1659 1570 1698 unum
1600 1640 1791 1698 Jesum
1825 1637 1983 1696 Chri-

2158 1649 2336 1715 θεοφ.
2371 1645 2496 1703 Ὅτι
2548 1646 2882 1716 πιστεύομεν
2921 1647 3001 1709 είς
3049 1645 3148 1698 ἕνα
3206 1643 3443 1714 Κύριον
3504 1642 3713 1715 Ἰησοῦν

400 1751 572 1804 stum,
602 1739 811 1793 scilicet
866 1737 922 1791 in
975 1736 1195 1790 unicum
1266 1735 1359 1790 Dei
1402 1734 1641 1802 Filium,
1695 1733 1977 1787 hominem

2101 1740 2350 1809 Χριστὸν,
2373 1741 2656 1794 τουτέστιν
2684 1740 2766 1805 είς
2799 1740 2899 1794 ἕνα
2916 1739 3046 1792 Υἱὸν
3071 1738 3169 1792 τοῦ
3200 1738 3384 1802 Θεοῦ,
3430 1737 3711 1809 ἑνανθρω-

400 1833 630 1897 iactum,
660 1830 1023 1899 eumdemque
1046 1827 1203 1898 quasi
1227 1827 1524 1898 duplicem.
1555 1825 1612 1881 Si
1642 1825 1814 1896 igitur
1838 1823 1983 1878 dicat

2101 1833 2361 1899 τήσαντα,
2376 1833 2574 1886 ταύτὸν
2594 1832 2639 1884 δ’
2663 1834 2839 1886 εἰπεῖν
2864 1831 3109 1887 διπλοῦν.
3128 1831 3276 1885 Ἐὰν
3293 1825 3400 1884 οὖν
3430 1829 3577 1902 λέγῃ
3605 1829 3705 1882 Νε-

401 1921 683 1978 Nestorius
710 1920 875 1976 alium
903 1934 1025 1975 esse
1058 1919 1124 1973 de
1149 1918 1309 1974 Patre
1336 1917 1599 1988 genitum,
1632 1924 1687 1971 et
1713 1914 1880 1969 alium
1912 1929 1979 1969 ex

2101 1924 2305 1996 πόριος
2350 1923 2511 1978 ἄλλον
2545 1923 2638 1977 τὸν
2686 1925 2752 1978 ὲκ
2791 1923 2953 1987 Θεοῦ,
2989 1924 3087 1978 καὶ
3133 1922 3317 1977 ἄλλον
3363 1923 3466 1975 τὸν
3498 1922 3564 1975 ὲκ
3613 1921 3708 1987 τῆς

400 2015 572 2070 Matre
613 2013 841 2081 Virgine
871 2021 1057 2068 natum
1089 2029 1107 2080 ς
1139 2014 1185 2067 si
1239 2024 1404 2066 unam
1436 2014 1661 2063 econtra
1700 2004 1981 2078 Eutyebes

2101 2015 2313 2086 Μητρὸς
2349 2015 2650 2084 παρθένου,
2695 2014 2827 2087 μίαν
2848 2015 2906 2069 δὲ
2944 2012 3190 2085 Χριστοῦ
3218 2013 3402 2082 φύσιν
3428 2011 3711 2080 ἀντιστρὸ-

403 2116 667 2175 agnoscat
699 2114 951 2160 naturam
977 2123 991 2160 :
1024 2116 1080 2159 tu
1112 2118 1303 2160 eorum
1336 2115 1618 2156 sermones
1646 2098 1772 2154 iidei
1794 2096 1986 2154 confer

2101 2125 2203 2177 pm;
2240 2107 2270 2160 ὁ
2319 2106 2587 2178 Εὐτυχὴς,
2629 2108 2949 2177 προσάγαγε
2985 2108 3051 2161 σὺ
3095 2106 3235 2169 τοὺς
3272 2105 3473 2159 αὐτῶν
3518 2103 3705 2170 λόγους

403 2195 596 2261 indici,
637 2194 729 2266 qui
760 2209 930 2275 unum
969 2193 1355 2264 duplicemque
1391 2200 1453 2249 ut
1490 2187 1984 2246 Hominem-Deum

2101 2202 2167 2272 τῷ
2206 2202 2448 2271 γνώμονι
2482 2202 2579 2273 τῆς
2626 2201 2884 2265 πίστεως,
2907 2200 2965 2265 ὃς
3005 2200 3103 2254 ἕνα
3144 2198 3398 2254 διπλοῦν
3433 2199 3512 2262 ὡς
3551 2197 3706 2250 θεάν-

403 2280 539 2343 dicit
564 2287 817 2343 eumdem
846 2287 1128 2342 Christum
1160 2305 1174 2342 :
1216 2297 1269 2341 et
1313 2284 1498 2340 statim
1550 2283 1840 2339 evincetur
1870 2278 1982 2334 Eu-

2101 2294 2312 2363 Bpwnov
2351 2295 2503 2363 λέγει
2541 2295 2635 2349 τὸν
2664 2294 2829 2349 αὐτὸν
2862 2292 3103 2363 Χριστόν
3128 2308 3144 2325 σ
3183 2292 3366 2355 εὐθὺς
3392 2291 3507 2359 γὰρ
3535 2290 3702 2344 Εὐτυ-

404 2379 594 2451 tycbes
645 2378 915 2447 duplicem
969 2392 1176 2451 negans
1230 2385 1518 2440 naturam,
1571 2382 1626 2430 et
1697 2371 1986 2428 Nestorius

2101 2387 2189 2457 (ἧς
2241 2386 2718 2459 ὲξελεγχθὴσειποιι,
2749 2387 2811 2440 τὸ
2860 2384 3086 2439 διπλοῦν
3139 2383 3548 2452 ἀρνούμενος·
3585 2385 3613 2436 ὁ
3649 2380 3703 2435 δὲ

404 2472 613 2528 tollens
663 2470 1032 2543 hypostaseon
1069 2470 1335 2524 unitatem
1370 2477 1421 2521 et
1465 2472 1677 2521 naturae
1723 2461 1986 2518 dualitate

2101 2478 2389 2549 Nectdptoq
2410 2478 2621 2532 ἀθετῶν
2641 2478 2702 2531 τὸ
2727 2479 2826 2547 τῆς
2851 2476 3218 2538 ὑποστάσεως
3248 2474 3577 2542 μοναδικὸν,
3611 2471 3697 2527 καὶ

405 2565 673 2621 unitatem
712 2579 956 2641 personae
976 2571 1219 2620 evertere
1254 2560 1591 2637 aggrediens.

2101 2567 2168 2638 τῷ
2217 2567 2388 2639 δυῖκῷ
2444 2569 2542 2637 τῆς
2585 2568 2804 2638 φύσεως
2859 2566 3201 2638 ἀνατρέπειν
3248 2566 3315 2618 τὸ
3370 2565 3581 2617 ἑνιαϊον
3608 2561 3695 2618 τοῦ

2089 2660 2391 2730 προσώπου
2433 2661 2725 2732 ἐγχειρῶν.

474 2748 660 2804 ΤΙιεοι.
696 2749 949 2823 Ipsiusnc
997 2748 1244 2805 Barlaam
1285 2754 1339 2801 et
1382 2759 1577 2800 eorum
1626 2744 1718 2814 qui
1759 2757 1882 2798 cum
1920 2756 1986 2796 eo

2163 2756 2331 2809 Θεότ.
2359 2749 2439 2807 Ἦ
2468 2753 2578 2824 μὴν
2604 2753 2701 2807 καὶ
2723 2752 2820 2815 τὰς
2849 2749 2942 2804 τοῦ
2974 2749 3253 2821 Βαρλαάμ
3277 2749 3379 2802 καὶ
3414 2749 3528 2801 τῶν
3553 2743 3693 2814 αὐτῷ

403 2858 541 2912 pene
574 2852 926 2907 (terruerunt,
970 2856 1186 2898 errores
1215 2840 1503 2910 indigitare
1526 2848 1578 2893 et
1602 2838 1791 2893 eodem
1823 2837 1986 2892 modo

2101 2847 2565 2902 κινδυνευσάντων
2606 2845 2953 2916 προσρυῆναι
2999 2842 3182 2910 δείξας
3225 2842 3329 2895 τὸν
3368 2840 3541 2895 αὐτὸν
3568 2837 3688 2908 τρό-

407 2933 651 2997 rei‘ellere
686 2937 900 3006 possis?

2103 2959 2201 2995 πον
2232 2938 2531 3007 ἀπελέγξαι
2566 2940 2754 3009 σχοίης
2792 2940 2894 3003 iv;

2167 3038 2345 3103 Θεοφ.
2388 3034 2536 3087 Πάνυ
2577 3049 2662 3101 γει

2169 3129 2333 3182 Θεότ.
2377 3125 2685 3197 Σαφήνισον
2718 3123 2810 3179 οὖν
2849 3124 2945 3179 καὶ
2976 3123 3124 3179 τοῦθ’
3158 3126 3301 3195 ἡμῖν
3342 3122 3437 3179 διὰ
3469 3122 3578 3177 τῶν
3603 3120 3686 3175 λό-

2097 3239 2210 3290 γων
2250 3219 2532 3273 ἐπιπλέον.

486 3296 721 3371 Theoph.
748 3298 824 3354 En
852 3299 1183 3372 explanabo.
1207 3299 1273 3354 Et
1298 3300 1443 3357 sicut
1466 3300 1702 3371 primum
1732 3299 1879 3354 illum
1907 3300 1986 3354 in-

2169 3316 2347 3383 Θεοφ.
2385 3312 2491 3365 Καὶ
2546 3310 2612 3383 δὴ
2673 3310 2924 3381 σαφηνιῶ
2948 3325 2963 3340 ·
3008 3310 3268 3382 καθάπερ
3321 3311 3417 3364 τὸν
3478 3307 3686 3378 πρῶτον

415 3393 590 3449 dicem
631 3409 697 3449 ex
749 3393 1010 3450 Mosaicis
1059 3392 1302 3450 testibus
1334 3393 1670 3465 deprompsi,
1718 3390 1792 3447 ita
1846 3394 1986 3447 hunc

2178 3363 2344 3383 ---,_
2559 3363 2612 3383 ρ,
3184 3363 3257 3382 -,_,
3525 3363 3535 3378 ,

2101 3409 2308 3461 ἐκεῖνον
2333 3405 2441 3462 ἀπὸ
2470 3406 2578 3459 τῶν
2615 3405 2924 3460 Μωσαῖκῶν
2958 3404 3154 3473 φωνῶν
3183 3401 3581 3459 κατεσκεύασά
3606 3414 3683 3453 σοι

419 3503 487 3541 cx
520 3487 740 3553 Patrum
779 3486 1112 3543 testimoniis
1157 3502 1369 3543 eruam.
1422 3486 1490 3541 Hi
1539 3486 1755 3557 quidem
1802 3499 1986 3540 omnes

2101 3500 2382 3570 γνώμονα,
2414 3498 2558 3553 οὕτω
2584 3497 2777 3552 τοῦτον
2808 3498 2915 3551 ἀπὸ
2941 3498 3051 3551 τῶν
3078 3497 3374 3568 πατρικῶν
3397 3490 3685 3566 ἐξεργασά-

424 3601 592 3638 unum
633 3594 782 3649 sunt,
807 3583 961 3648 juxta
991 3583 1209 3638 Domini
1231 3592 1442 3648 votum,
1474 3590 1528 3637 et
1562 3597 1627 3637 ex
1659 3596 1770 3636 uno
1801 3595 1986 3636 eorum

2102 3609 2265 3662 μενος
2286 3607 2301 3621 ⁹
2336 3590 2394 3645 ἓν
2446 3591 2557 3660 γὰρ
2591 3584 2739 3645 οὗτοι
2792 3591 2995 3652 πάντες
3023 3591 3168 3642 κατὰ
3213 3589 3320 3658 τὴν
3352 3582 3683 3650 Δεσποτικὴν

420 3678 607 3731 eadem
645 3678 1011 3733 conficeretur
1040 3677 1264 3748 regula';
1313 3675 1563 3746 pluribus
1619 3682 1801 3741 tamen
1855 3689 1986 3746 opus

2101 3684 2286 3757 εὐχὴν,
2323 3680 2392 3756 ἦν
2429 3682 2475 3738 δ’
2520 3684 2588 3739 ἂν
2627 3685 2723 3738 καὶ
2761 3682 2823 3747 ἑξ
2870 3682 2989 3745 ἑνὸς
3034 3681 3221 3736 αὐτῶν
3269 3677 3680 3734 κατασκευάσαι

412 3778 496 3825 est
526 3770 595 3826 ob
638 3769 862 3839 nimiam
889 3770 1324 3825 adversariorum
1366 3768 1746 3839 pertinaciam.

2101 3777 2189 3834 τὸν
2226 3778 2411 3832 αὐτόν.
2449 3776 2721 3831 Πλειόνων
2769 3774 2952 3846 μέντοι
2995 3775 3076 3828 δεῖ
3128 3774 3221 3828 διὰ
3263 3774 3394 3837 τοὺς
3431 3765 3678 3826 ἐπιεικῶς

2104 3869 2604 3942 ίσχυρογνώμονας.

2176 3964 2343 4018 Θεότ.
2385 3963 2526 4031 Λέγε
2578 3961 2716 4033 πρὸς
2759 3960 2920 4025 Θεοῦ,
2975 3958 3278 4029 Θεόφανες,
3336 3956 3427 4027 ἐφ’
3454 3951 3674 4011 ἑκάστω

483 3025 716 3097 ΤΙιεορΙι.
757 3026 1031 3082 Profecto.

481 3114 665 3172 Tlieot.
701 3115 851 3189 Ergo
873 3125 929 3172 et
963 3118 1067 3173 hoe
1098 3116 1261 3173 nobis
1289 3117 1520 3188 amplius
1547 3118 1732 3173 verbis
1754 3115 1986 3193 explica.

486 3951 672 4009 Theot.
721 3952 819 4008 Dic
845 3994 859 4019 ,
889 3966 1097 4023 quaeso,
1132 3951 1519 4021 TheOphanes,
1549 3965 1612 4006 ea
1637 3964 1758 4021 quae
1785 3949 1993 4007 asseris

411 4045 613 4115 etquis
660 4045 880 4101 locutus
922 4044 994 4099 sit
1025 4051 1081 4098 et
1123 4043 1214 4098 ubi
1272 4056 1497 4112 operum
1537 4041 1830 4109 dixerit,ut
1860 4057 1994 4111 pos-

413 4138 523 4191 sint
552 4137 645 4205 qui
700 4136 974 4192 voluerint
1005 4134 1058 4189 in
1119 4133 1254 4205 ipsis
1307 4148 1497 4189 eorum
1553 4133 1707 4190 libris
1778 4133 1994 4204 singula

413 4229 615 4298 ιοεετο·
2101 4241 2283 4295 αὐτῶν
2312 4240 2552 4303 ἐκείναις
2581 4239 2785 4310 βίϐλοις
2815 4239 3213 4307 ἀναγινώσκειν
3240 4236 3472 4290 ἕκαστα.

484 4318 714 4387 Theoph.
748 4317 842 4373 Sic
881 4317 1081 4373 faciam
1103 4355 1120 4383 ,
1155 4325 1211 4372 et
1237 4316 1579 4388 potissimum
1609 4319 1788 4376 citabo
1821 4320 1986 4375 utilis'

2176 4335 2352 4402 8809?.
2382 4331 2541 4386 Οὕτω
2565 4332 2630 4403 δὴ
2661 4332 2875 4402 ποιήσω
2898 4327 3116 4399 μάλιστ’
3142 4329 3238 4382 ἐπὶ
3267 4327 3380 4381 τῶν
3401 4327 3673 4391 ἀναγκαιο-

413 4413 552 4467 sima
584 4413 651 4466 ad
697 4410 1041 4480 propositum
1101 4417 1351 4466 recenter
1388 4412 1572 4468 tinem.
1628 4411 1861 4468 Basilius
1890 4411 1986 4465 Ma-

2101 4423 2282 4478 τάτων
2309 4423 2447 4493 πρὸς
2478 4423 2539 4477 τὸ
2579 4422 2946 4496 προκείμενον
2983 4424 3190 4495 ἀρτίως
3218 4423 3469 4491 σκέμμα.
3517 4406 3670 4465 Βασι-

413 4518 554 4569 gnus
579 4543 595 4569 ,
628 4502 1108 4573 quadragesimum
1157 4513 1414 4573 quartum
1464 4505 1743 4574 explicans
1778 4503 1986 4559 Davidis

2104 4514 2249 4578 λειος
2306 4512 2399 4568 οὖν
2428 4516 2457 4568 ὁ
2510 4515 2725 4580 Μέγας,
2771 4514 2864 4567 τὸν
2918 4512 3366 4585 τεσσαρακοστὸν
3425 4507 3670 4572 τέταρτον

414 4596 707 4664 psalmum,
747 4593 866 4650 ait:
905 4611 923 4646 ι
962 4594 1324 4651 Pulchritudo
1361 4595 1760 4666 Omnipotentis
1794 4607 1879 4651 est
1909 4597 1986 4652 in-

2105 4607 2389 4678 διασαςρῶν
2437 4606 2732 4661 Δαδιτικὸν
2765 4605 3004 4677 ψαλμὸν,
3043 4624 3063 4659 ι
3107 4604 3340 4670 Κάλλος,
3392 4596 3544 4669 φησὶ,
3581 4587 3665 4644 τοῦ

417 4683 714 4752 telligibilis
751 4684 870 4755 ejus
897 4693 952 4740 et
979 4685 1212 4740 visibilis
1234 4686 1512 4741 divinitas.
1571 4705 1592 4739 ι
1622 4687 1986 4756 —Grcgorius

2105 4698 2261 4763 ὄντος
2307 4700 2565 4766 δυνατοῦ,
2600 4701 2634 4771 ἡ
2689 4700 2859 4769 νοητὴ
2898 4698 3066 4753 αὐτοῦ
3100 4699 3199 4752 καὶ
3253 4691 3503 4766 θεωρητὴ
3558 4682 3664 4771 ead-

415 4775 742 4842 Theologus,
776 4776 841 4831 ad
874 4776 1283 4845 intelligentiam
1334 4777 1620 4848 impellens
1656 4777 1828 4832 divini
1856 4779 1986 4847 bap-

2104 4810 2225 4864 της.
2264 4810 2281 4843 ι
2318 4793 2626 4864 Γρηγόριος
2677 4792 2734 4845 δὲ
2772 4791 2800 4844 ὁ
2837 4791 3122 4860 Θεολόγος,
3164 4792 3245 4856 εἰς
3275 4782 3534 4854 ἀνάληψιν
3575 4770 3659 4829 τοῦ

416 4865 651 4925 tisinatis
684 4907 700 4928 ,
732 4866 910 4921 dicit:
965 4886 984 4920 ι
1051 4866 1260 4927 Lumen
1285 4875 1370 4923 est
1448 4866 1708 4922 divinitas
1755 4883 1879 4938 quae
1933 4870 1986 4924 in

2105 4886 2250 4939 θείου
2279 4886 2726 4957 προτρεπόμενος
2769 4884 3171 4957 βαπτίσματος,
3207 4902 3227 4936 ι
3259 4881 3400 4945 Φῶς,
3430 4871 3603 4945 φησὶν,
3629 4865 3657 4932 ἦ

346 4979 363 4994 ο
416 4966 600 5013 monte
628 4959 881 5029 apparuit
913 4960 1078 5030 paulo
1109 4960 1343 5016 vividtor
1399 4961 1518 5016 visu
1547 4998 1563 5014 .
1601 4979 1619 5011 ι
1655 4961 1868 5018 Rursus
1925 4962 1986 5017 ad

2106 4978 2537 5049 παραδειχθεῖσα
2589 4978 2785 5047 Θεότης
2814 4977 2906 5030 ἐπὶ
2936 4976 3031 5029 τοῦ
3077 4975 3239 5045 ὅρους
3261 4974 3373 5032 τοῖς
3410 4958 3656 5049 μαθηταίς

413 5049 733 5108 Cledonium
779 5051 1024 5113 scribens
1054 5069 1070 5106 :
1118 5071 1137 5104 ι
1180 5050 1370 5108 Veniet
1416 5051 1638 5122 quidem
1667 5091 1682 5117 ,
1713 5054 1810 5121 ait,
1841 5054 1986 5125 juxta

2109 5046 2311 5142 μικροῦ
2345 5046 2695 5142 στερροτέρα
2743 5046 2843 5124 καὶ
2877 5069 3075 5139 ὅψεως.
3128 5088 3148 5121 ι
3196 5065 3302 5120 Καὶ
3336 5056 3488 5118 αὖθις
3540 5046 3658 5142 πρρἴ

415 5158 598 5199 meum
635 5159 967 5210 sermonem,
999 5144 1121 5200 talis
1159 5159 1293 5201 vero
1322 5144 1499 5215 qualis
1524 5146 1780 5214 apparuit
1808 5156 1865 5200 et
1909 5147 1986 5201 vi-

2106 5138 2406 5233 iOL'quSVtov
2456 5138 2708 5232 γράφων,
2746 5180 2766 5213 ι
2801 5138 2961 5227 Ἥξει
2997 5163 3116 5229 μὲν,
3148 5159 3332 5231 φησὶν,
3365 5152 3439 5215 ὡς
3484 5148 3511 5198 ὁ
3538 5138 3652 5208 ἐμὸς

415 5252 513 5293 sus
539 5246 621 5295 est
648 5237 930 5307 discipulis
965 5278 981 5303 ,
1014 5247 1309 5307 superante
1343 5238 1649 5291 eminenter
1682 5238 1986 5293 humanita-

2105 5254 2288 5322 λόγος,
2322 5252 2566 5316 τοιοῦτος
2593 5253 2649 5306 δὲ
2679 5246 2791 5317 οἷος
2821 5252 2978 5324 ὤφθη
3010 5254 3124 5315 τοῖς
3157 5240 3471 5322 μαθηταϊςῆ
3506 5245 3655 5301 παρεσ

418 5341 526 5385 tem
554 5331 858 5386 divinitate.
895 5348 914 5382 ι
950 5330 1295 5385 —Macarius
1348 5328 1577 5399 Magnus
1601 5367 1618 5394 ,
1652 5331 1986 5400 spiritualem

2106 5344 2317 5416 δείχθη,
2383 5341 2770 5416 ὑπερνικώσης
2808 5344 2869 5397 τὸ
2914 5342 3140 5414 σαρκίον
3195 5342 3291 5410 τῆς
3344 5332 3645 5416 θεότητοςί³

414 5422 706 5489 visionem,
756 5423 937 5494 quoad
995 5422 1114 5480 ﬁeri
1163 5431 1363 5490 potest,
1395 5423 1697 5490 explicans,
1725 5434 1779 5479 et
1814 5425 1880 5479 de
1913 5426 1986 5480 lu-

2106 5412 2398 5509 Μακάριος
2448 5412 2508 5491 δὲ
2551 5440 2579 5491 ὁ
2609 5412 2822 5505 Μέγας,
2855 5435 2930 5500 ὡς
2983 5412 3102 5489 ἐνὸν
3149 5440 3251 5506 τὴν
3302 5412 3648 5509 πνευματικὴν

414 5516 561 5570 mine
611 5516 962 5573 revelationis
1007 5516 1281 5570 disserens
1320 5532 1333 5569 :
1380 5532 1401 5565 ι
1451 5514 1612 5579 Quia,
1644 5514 1841 5585 inquit,
1876 5531 1986 5571 om-

2109 5506 2347 5602 θεωριαν
2370 5528 2753 5595 ὲκκαλύπτων,
2781 5528 2876 5580 καὶ
2900 5543 2967 5579 πε
2976 5527 3032 5598 pl.
3056 5523 3149 5581 τοῦ
3170 5526 3268 5595 τῆς
3288 5506 3645 5602 ἀποκαλύψειυς

414 5607 505 5663 nis
528 5608 786 5678 cogitatio
842 5622 938 5678 per
993 5604 1331 5662 sensibilium
1373 5608 1737 5677 quorumdam
1796 5624 1986 5678 reprae-

2108 5590 2417 5692 διατρανῶν
2478 5619 2676 5689 φωτὸς,
2715 5590 2748 5672 ιν
2782 5590 3021 5689 Ἐπειδῆ,
3069 5590 3237 5689 φησι,
3274 5612 3378 5673 πᾶς
3418 5590 3645 5667 λογισμὸς

413 5699 777 5755 sentationem
807 5699 975 5754 intrat
1023 5700 1077 5752 in
1108 5700 1349 5752 animant
1381 5737 1396 5763 ,
1425 5700 1566 5753 hanc
1607 5699 1822 5757 beatum
1856 5702 1986 5760 divi-

2107 5714 2194 5766 διὰ
2226 5709 2527 5782 φαντασίας
2552 5709 2830 5779 αἰσθητῶν
2852 5727 3015 5762 τινων
3040 5709 3341 5779 εἰσέρχεται
3367 5700 3419 5751 ὲν
3444 5692 3501 5761 τῇ
3525 5694 3639 5782 fair

412 5792 602 5848 uitatis
666 5795 847 5848 lumen
889 5802 1019 5845 tunc
1049 5791 1304 5855 illustrat,
1332 5807 1499 5861 quum
1551 5808 1669 5848 eam
1712 5795 1817 5850 illa:
1866 5810 1986 5849 cva-

2108 5801 2219 5873 δίᾳ.
2254 5802 2375 5854 τότε
2407 5799 2641 5868 αὐγάζει
2692 5798 2864 5870 αὐτὴν
2892 5798 2952 5851 τὸ
2987 5798 3258 5871 μακάριον
3295 5790 3401 5860 φῶς
3424 5783 3509 5847 τῆς
3539 5768 3639 5872 θεός

414 5897 651 5945 enarunt
698 5893 755 5940 et
795 5882 1093 5940 informare
1121 5884 1401 5940 desierunt
1448 5881 1467 5941 Ξ
1501 5886 1772 5956 siquidem
1808 5886 1986 5955 requi-

2108 5909 2292 5962 τητοῆ
2353 5892 2483 5945 ὅταν
2541 5892 2720 5963 πάντη
2770 5891 3081 5965 εὐκαιρήσῃ
3142 5890 3252 5944 ἀπὸ
3314 5881 3509 5938 πάντων
3558 5873 3635 5965 κῗι

420 5976 557 6046 ritur
590 5977 704 6034 haec
765 5975 1010 6033 omnium
1060 5975 1453 6047 cogitationum
1507 5977 1742 6049 privatio
1786 5986 1844 6033 ut
1873 5979 1986 6033 talis

2113 5981 2523 6051 ἀσχημάτιστος
2562 5981 2624 6033 ἐκ
2654 5983 2861 6036 τούτων
2893 5982 3144 6053 γένηται-ι,
3177 5982 3331 6049 εἴπερ
3422 5950 3634 6037 λαμπβῷ

2099 4056 2210 4111 τῶν
2244 4056 2350 4110 ὑπὸ
2400 4055 2496 4109 σοῦ
2531 4054 2990 4125 προϐαλλομένων
3015 4054 3110 4105 καὶ
3130 4051 3234 4104 κτὸν
3267 4049 3551 4123 εἰρηκότα,
3589 4043 3676 4097 καὶ

2099 4142 2163 4203 οὗ
2202 4150 2310 4203 τῶν
2351 4148 2530 4218 λόγων
2567 4144 2748 4212 εἶπεν,
2780 4145 2851 4201 ἵν’
2883 4146 2972 4216 εἴη
3013 4144 3092 4214 τῷ
3132 4143 3452 4215 βουλομένῳ
3484 4143 3542 4194 ἐν
3565 4136 3674 4195 ταῖς

3935 686 3937 769 φ

3935 2122 3938 2274 1
