4046 6504
294 534 396 597 921

1674 544 1772 604 ΤΗ
1784 545 2089 605 ΕΟΡΙΙΛΝ
2099 547 2205 606 ES.

3442 549 3553 614 922

289 663 391 715 της
440 645 624 716 ἐκείνη
677 646 817 700 κατὰ
859 646 1117 718 στέρησιν
1154 649 1373 704 πάντων
1425 652 1534 703 τῶν
1578 654 1865 722 νοημάτων

1976 654 2307 710 illuminatio
2338 670 2488 725 purae
2520 656 2686 712 menti
2712 657 2972 729 aﬂ‘ulgeat
2995 695 3010 710 .
3051 656 3320 714 D—DlVllS
3353 658 3554 716 Metro-

289 735 700 807 παραφαίνεται
742 738 817 807 τῷ
852 739 1078 810 καθαρῷ
1124 742 1226 794 νοῒ.
1270 761 1287 794 ι
1336 742 1710 815 Μητροφάνης
1749 744 1806 797 δέ
1841 745 1870 797 ὁ

289 829 456 897 θεῖος,
489 830 627 901 πρὸς
667 832 827 901 μέλος
868 833 1138 895 συντιθεὶς
1177 834 1303 898 τοὺς
1336 834 1553 902 λόγους,
1590 855 1608 887 ι
1656 836 1714 890 '0
1748 837 1871 891 κατ’

286 924 477 993 οὐσίαν
504 923 820 993 ἀθεώρητος
851 924 1043 991 Λόγος,
1086 925 1375 994 ἄνθρωπος
1410 927 1617 998 ὤφθης,
1661 928 1749 981 τὸν
1773 929 1871 983 ἄν·

289 1014 513 1083 θρωπον
565 1012 1008 1083 ἀνακαλούμενος
1068 1014 1205 1085 πρὸς
1262 1016 1555 1085 μετουσίαν
1610 1016 1711 1085 τῆς
1772 1018 1872 1086 σῆς

289 1105 564 1173 θεότητος.
607 1122 627 1155 ι
668 1105 707 1156 Γ
714 1105 966 1175 ρηγόριος
995 1104 1053 1158 δὲ
1081 1107 1109 1159 ὁ
1138 1106 1363 1177 Νύσσης
1384 1106 1452 1160 τά
1478 1108 1586 1161 τῶν
1615 1108 1870 1177 Πνευμα-

286 1199 544 1268 τομάχων
580 1199 931 1269 ἀνατρέπων,
974 1218 995 1249 ι
1040 1200 1118 1253 Οὐ
1155 1198 1253 1271 τὴν
1290 1200 1475 1270 φύσιν,
1508 1201 1696 1271 φησὶν,
1730 1201 1868 1257 ἀλλὰ

286 1294 388 1359 τὴν
429 1290 689 1359 θεατικὴν
749 1292 979 1362 δύναμιν
1013 1293 1107 1347 τοῦ
1140 1294 1457 1363 Πνεῦματος
1484 1296 1517 1364 ἡ
1554 1296 1653 1364 τῆς
1685 1294 1871 1366 θεότη-

286 1400 377 1445 τος
416 1384 759 1455 προσηγορία
803 1387 1127 1455 παρίστησι.
1164 1386 1229 1439 Εἴ
1254 1404 1306 1439 τι
1341 1386 1449 1454 γὰρ
1490 1386 1708 1453 λέγεται
1739 1387 1869 1456 περὶ

286 1474 479 1542 αὑτῆς,
526 1474 636 1527 τῶν
670 1476 800 1542 περὶ
831 1477 1003 1546 αὐτήν
1039 1494 1092 1528 τι
1128 1478 1517 1547 ἀποσημαίνει.
1554 1479 1701 1549 Αὐτὴ
1743 1479 1800 1533 δὲ
1832 1480 1864 1548 ἠ

287 1568 408 1622 θεία
467 1568 630 1638 φύσις
687 1570 964 1639 ἄφραστός
1010 1590 1071 1625 τε
1115 1573 1211 1626 καὶ
1264 1574 1648 1644 ἀνεκφιῖινητος
1693 1575 1867 1643 μένει,

286 1662 694 1730 ὑπερϐαίνουσα
722 1666 904 1716 πᾶσαν
925 1667 1026 1735 τὴν
1059 1665 1149 1718 διὰ
1174 1665 1274 1734 τῆς
1306 1667 1488 1734 φωνῆς
1518 1667 1808 1735 σημασίαν.
1842 1685 1862 1719 ι

288 1755 397 1806 Καὶ
424 1754 587 1807 πάλιν
620 1756 647 1807 ὁ
682 1756 847 1819 αὐτὸς
886 1757 1023 1826 πρὸς
1066 1757 1350 1810 Ἀὅλὰὄιον
1375 1758 1625 1828 γράφων,
1654 1777 1672 1809 ι
1711 1757 1864 1824 Θεὸς,

286 1845 476 1913 φησὶν,
513 1846 841 1915 ἐνεργοῦντα
868 1847 1039 1916 δηλοῖ,
1085 1849 1279 1918 θεότης
1322 1850 1378 1902 δὲ
1412 1850 1698 1917 ἐνέργειαν
1720 1867 1737 1882 ο
1770 1851 1865 1904 οὐ·

286 1940 378 1992 δέν
419 1940 474 1993 δὲ
513 1940 623 1991 τῶν
653 1940 821 2009 τριῶν
862 1941 1139 2011 ἐνέργεια,
1190 1942 1327 1996 ἀλλά
1359 1942 1561 2010 μᾶλλον
1604 1942 1867 2011 ἐνεργοῦν

1978 749 2186 819 phanes
2219 790 2235 817 ,
2266 750 2358 819 qui
2399 750 2647 806 versibus
2703 766 2989 807 sermones
3037 752 3368 821 composuit,
3399 753 3553 810 dicit:

1983 858 2002 890 ι
2035 839 2079 894 0
2113 838 2352 894 Verbum
2415 843 2653 898 essentia
2688 842 2986 909 invisibile,
3024 846 3188 899 homo
3221 846 3553 914 apparuisti,

1974 943 2033 986 ut
2063 932 2339 987 hominem
2387 948 2676 989 revocares
2741 935 2809 988 ad
2869 935 3171 991 divinitatis
3197 947 3303 991 tuae
3333 938 3556 1006 partici-

1971 1025 2685 1096 pationemn—Gregorius
2734 1028 3034 1102 Nyssenus,
3073 1033 3311 1101 Spiritus
3370 1033 3546 1088 sancti

1971 1118 2321 1175 adversarios
2378 1120 2639 1177 refellens
2672 1140 2688 1177 :
2721 1142 2741 1174 ι
2779 1122 2897 1179 Non
2958 1132 3209 1180 naturam
3252 1167 3267 1193 ,
3301 1126 3399 1192 ait,
3452 1128 3548 1180 sed

1970 1211 2210 1266 divinam
2263 1210 2500 1282 Spiritus
2544 1213 2805 1269 virtutem
2838 1214 3090 1287 designat
3112 1218 3415 1273 divinitatis
3446 1234 3550 1272 no-

1970 1320 2117 1361 men:
2146 1305 2408 1375 quidquid
2472 1308 2617 1362 enim
2683 1308 2750 1364 de
2783 1309 2883 1365 hac
2934 1310 3137 1365 dicitur
3164 1351 3179 1373 ,
3207 1326 3272 1365 ea
3328 1327 3449 1381 quae
3478 1311 3543 1365 ad

1970 1395 2142 1464 ipsam
2179 1408 2429 1465 spectant
2477 1400 2748 1469 signiﬁcat
2782 1441 2799 1467 ,
2835 1402 2949 1471 ipsa
2982 1418 3110 1457 vero
3134 1413 3329 1458 natura
3362 1405 3544 1459 divina

1969 1491 2258 1546 incﬁ'abilis
2298 1503 2383 1548 est
2431 1504 2485 1547 et
2527 1495 2911 1552 inenarrabilis
2947 1537 2963 1563 ,
2993 1513 3210 1568 omnem
3277 1497 3547 1551 excedens

1969 1587 2115 1639 vocis
2149 1602 2179 1640 e
2204 1587 2603 1654 xpressionein.
2637 1607 2655 1640 ι
2682 1589 2897 1644 Rursus
2948 1589 3092 1644 idem
3151 1589 3217 1642 ad
3252 1588 3543 1643 Ablavium

1968 1678 2253 1733 scribens:
2295 1698 2314 1730 ι
2355 1678 2522 1746 Deus,
2557 1680 2779 1751 inquit,
2821 1691 3070 1751 agentem
3094 1682 3297 1737 indicat
3331 1725 3346 1749 ,
3370 1682 3547 1737 deitas

1969 1787 2102 1826 vero
2159 1773 2444 1829 virtutem:
2499 1790 2664 1845 porro
2704 1775 2888 1832 nullus
2924 1777 3088 1831 trium
3118 1786 3206 1831 est
3228 1776 3426 1839 virtus,
3452 1775 3545 1829 sed

1967 1865 2151 1932 petius
2173 1868 2554 1938 unusquisque
2593 1883 2783 1922 eorum
2814 1884 2983 1939 agens
3026 1876 3130 1925 est.
3172 1886 3192 1920 ι
3231 1898 3301 1909 -
3325 1866 3548 1937 Magnus

1972 1957 2305 2014 Athanasius
2361 1969 2551 2033 contra
2632 1959 3008 2016 Macedonium
3072 1961 3323 2017 scribens
3389 1960 3546 2017 dicit:

288 2031 515 2083 ἕκαστον
581 2032 785 2086 αὐτῶν.
822 2052 841 2085 ι
882 2032 947 2087 Ὀ
990 2034 1048 2086 δὲ
1106 2036 1280 2103 μέγας
1351 2035 1675 2098 Ἀθανάσιος
1723 2036 1865 2090 κατὰ

1975 2068 1993 2099 ι
2028 2051 2164 2104 Esse
2204 2049 2373 2105 Deum
2405 2060 2490 2108 est
2512 2021 2525 2033 ἕ
2556 2056 2885 2110 secundaria
2946 2065 3158 2112 natura:
3212 2056 3544 2126 proprietas:

286 2123 620 2177 Μακεδονίου
648 2124 902 2194 γράφων,
933 2144 951 2177 ι
981 2125 1054 2179 Τὸ
1076 2127 1208 2188 Θεὸς
1238 2122 1404 2190 εἶναι,
1432 2128 1588 2197 φησί,
1614 2128 1867 2200 δεύτερόν

283 2215 402 2264 ἐστι
427 2213 526 2279 τῆς
563 2212 777 2279 φύσεως
803 2229 818 2243 ·
853 2213 948 2267 καὶ
971 2215 1136 2283 ἡμεῖς
1161 2216 1272 2284 γὰρ
1304 2213 1418 2266 θεοὶ
1452 2215 1551 2284 μὲν
1577 2213 1863 2282 γινόμεθα,

278 2304 378 2372 τῆς
406 2303 461 2355 δὲ
489 2304 659 2371 αὐτῆς
698 2303 916 2371 φύσεως
949 2306 1203 2373 γενέσθαι
1227 2306 1288 2358 οὐ
1315 2305 1614 2373 δυνάμεθα.
1666 2324 1685 2357 ι
1727 2305 1787 2358 Ὀ
1810 2305 1867 2357 δὲ

288 2397 459 2464 μέγας
496 2394 655 2459 αὖθις
691 2398 972 2462 Βασίλειος
1018 2398 1154 2466 πρὸς
1187 2400 1279 2450 τὸν
1331 2399 1514 2468 ἰατρὸν
1568 2399 1867 2451 Εὐστάθιον

284 2488 533 2555 γράφων,
564 2490 751 2559 φησὶν,
783 2508 802 2541 ι
840 2491 954 2544 Οὐκ
980 2486 1075 2543 οἷδ’
1100 2491 1248 2552 ὅπως
1279 2492 1370 2544 ἐπὶ
1395 2494 1494 2560 τὴν
1527 2491 1625 2562 τῆς
1651 2490 1867 2559 φύσεως

278 2580 510 2645 ἔνδειξιν
537 2582 634 2651 τὴν
663 2584 1042 2652 προσηγορίαν
1073 2583 1173 2650 τῆς
1221 2582 1478 2652 θεότητος
1517 2583 1777 2655 φέρουσιν
1814 2582 1865 2636 οί

278 2673 464 2726 πάντα
507 2674 1056 2737 κατασκευάζοντες·
1098 2674 1346 2738 ἐξουσίας
1403 2676 1511 2744 γάρ
1558 2692 1704 2737 τινος
1750 2674 1864 2727 εἴτε

277 2765 588 2833 ima-rimi};
628 2767 740 2818 εἴτε
771 2767 1139 2836 ἐνεργητικῆς
1181 2768 1408 2831 ἔνδειξιν
1442 2769 1473 2837 ἡ
1519 2766 1864 2837 προσηγορία

278 2858 441 2928 φέρει
467 2875 482 2890 ·
512 2860 544 2928 ὴ
588 2859 643 2911 δὲ
675 2857 794 2910 θεία
830 2858 992 2927 φύσις
1025 2862 1081 2911 ἐν
1113 2860 1249 2911 πᾶσι
1298 2861 1410 2922 τοῖς
1452 2859 1864 2928 ἐπινοουμένοις

276 2951 514 3020 ὀνόμασι
546 2951 679 3004 καθό
708 2953 844 3018 ἐστι,
885 2952 1039 3020 μένει
1072 2953 1410 3019 ἀσήμαντος,
1442 2952 1518 3016 ὡς
1547 2954 1574 3004 ὁ
1601 2952 1866 3021 ἡμέτερος

277 3044 465 3112 λόγος.
510 3045 591 3096 Δι’
620 3044 803 3101 αὐτῶν
833 3046 941 3112 γὰρ
973 3045 1263 3116 ἐνεργειῶν
1287 3045 1551 3113 διαφορὰς
1587 3045 1866 3114 ἐδιδάχθη-

281 3155 412 3210 μεν,
464 3139 557 3192 τοῦ
591 3140 647 3193 δὲ
695 3141 1048 3209 ἐνεργοῦντος
1088 3141 1186 3210 τὴν
1234 3143 1398 3205 φύσιν
1464 3140 1618 3193 οὐδὲν
1662 3141 1865 3210 μᾶλλον

276 3232 376 3288 διὰ
399 3234 496 3302 τῆς
521 3233 630 3285 τῶν
652 3233 946 3302 ἐνεργειῶν
968 3236 1350 3304 κατανοήσεως
1382 3235 1679 3303 ἐπιγνῶναι
1709 3235 1867 3289 δυνά-

1968 2157 2093 2195 nam
2126 2152 2181 2198 et
2200 2158 2303 2200 nos
2327 2144 2397 2199 dii
2424 2145 2712 2208 efﬁcimur.
2766 2148 3009 2218 ejusdem
3035 2164 3165 2204 vero
3185 2164 3307 2205 esse
3337 2156 3547 2203 naturis

1969 2251 2076 2290 non
2109 2250 2427 2306 possumus.
2464 2258 2483 2290 ι
2511 2239 2809 2309 —Magnus
2832 2241 3028 2297 iterum
3058 2242 3315 2306 Basilius,
3337 2242 3404 2296 ad
3428 2256 3547 2295 me-
3642 2302 3645 2305 _

1967 2329 2152 2383 dicum
2206 2330 2551 2388 Eustathium
2602 2334 2891 2389 scribens:
2927 2353 2947 2386 ι
2979 2332 3177 2388 Nescio
3211 2375 3224 2395 ,
3268 2335 3380 2396 ait,
3412 2347 3548 2404 quo-

1969 2421 2131 2477 modo
2162 2422 2227 2476 ad
2256 2424 2649 2491 designandum
2705 2434 2955 2481 naturam
3010 2442 3208 2481 numen
3244 2425 3547 2482 divinitatis

1967 2515 2261 2570 adhibeant
2312 2517 2404 2585 qui
2436 2519 2621 2572 omnia
2661 2526 2900 2573 struunt:
2935 2518 3235 2586 potentiam
3261 2519 3404 2571 enim
3429 2518 3545 2571 sive

1967 2607 2360 2676 speculativam
2391 2609 2509 2665 sive
2547 2610 2844 2680 practicam
2877 2611 2981 2666 hoc
3009 2626 3202 2665 nomen
3227 2609 3540 2677 signiﬁcat;

1966 2697 2207 2754 divinam
2241 2715 2370 2755 vero
2410 2692 2660 2754 naturam
2696 2741 2711 2765 ,
2764 2717 3106 2772 quaecunque
3163 2701 3547 2770 excogitenlur

1970 2790 2211 2855 nomina,
2244 2790 2374 2860 quid
2422 2791 2494 2847 sit
2535 2791 2761 2847 deﬁnire
2790 2794 2977 2861 nequit
3009 2807 3191 2848 sermo
3219 2803 3429 2847 noster.
3456 2792 3545 2861 Ip-

1967 2896 2152 2936 sarum
2183 2881 2329 2937 enim
2385 2885 2760 2952 operationum
2795 2883 3091 2939 discrimen
3130 2882 3543 2952 cognoscimus,

1967 2976 2180 3045 agentis
2206 2986 2386 3032 autem
2411 2986 2665 3032 naturam
2695 2992 2765 3031 ne
2793 2992 2889 3045 per
2909 2976 3288 3046 operationum
3320 2975 3539 3044 quidem

1968 3070 2219 3125 notitiam
2256 3072 2399 3126 scire
2441 3085 2736 3140 possumus
2764 3110 2777 3124 .
2804 3069 2938 3123 Nam
2969 3085 3090 3123 cum
3120 3070 3244 3139 quis
3277 3069 3542 3123 rationem

1967 3164 2060 3216 dat
2113 3162 2383 3233 cuiusque
2436 3163 2654 3217 illorum
2694 3164 2977 3217 nominum
3012 3202 3028 3228 ,
3059 3172 3112 3217 et
3135 3175 3344 3216 natura:
3374 3162 3545 3230 ipsius

1967 3270 2128 3325 quam
2158 3256 2269 3310 haec
2289 3257 2510 3310 nomina
2533 3256 2839 3326 designant,
2870 3271 2977 3312 non
2997 3256 3241 3310 eamdem
3269 3264 3544 3311 utruruuu

280 3323 447 3394 μεθα.
480 3324 651 3376 Ὅταν
682 3325 791 3393 γὰρ
821 3325 1061 3394 ἀποδιδῷ
1086 3342 1170 3388 τις
1193 3324 1352 3392 λόγον
1380 3325 1615 3377 ἑκάστου
1652 3323 1862 3379 τούτων

1969 3362 2073 3413 que
2100 3345 2288 3399 reddet
2311 3346 2576 3401 rationem
2604 3364 2620 3401 :
2653 3362 2815 3417 porro
2845 3363 3075 3415 quorum
3112 3348 3323 3401 diversa
3349 3355 3432 3403 cst
3457 3361 3542 3400 ra-

277 3416 395 3470 τῶν
445 3415 727 3484 ὀνομάτων
767 3417 862 3469 καὶ
903 3417 1074 3486 αὐδῆς
1123 3417 1222 3482 τῆς
1257 3417 1473 3486 φύσεως
1523 3418 1658 3487 περὶ
1688 3417 1754 3487 ἢν
1789 3418 1861 3470 τὰ

276 3507 546 3577 ὀνόματα,
584 3510 642 3560 οὔ
691 3508 782 3561 τὸν
810 3508 977 3562 αὐτὸν
1018 3510 1348 3576 ἀμφοτέρων
1380 3508 1654 3563 ἀποδώτει
1681 3510 1862 3577 λόγον.

280 3594 387 3655 Ὧν
419 3602 474 3654 δὲ
504 3604 532 3654 ὁ
552 3603 710 3669 ὶόγος
735 3602 944 3671 ἔτερος,
976 3600 1181 3653 τούτων
1208 3604 1299 3653 καὶ
1331 3603 1363 3670 ἡ
1396 3600 1555 3669 φύσις
1584 3601 1860 3669 διάφορος*

286 3693 478 3745 οὐκοῦν
510 3694 638 3748 ἄλλο
673 3694 773 3761 μὲν
819 3694 966 3747 ἔστιν
1007 3696 1038 3763 ἡ
1075 3693 1251 3757 οὐσία,
1286 3688 1351 3765 ἧς
1387 3692 1540 3746 οὔπω
1571 3693 1726 3760 λόγος
1757 3710 1862 3762 μη-

283 3784 451 3855 νυτὴς
484 3786 768 3856 ἐξευρέθη.
806 3785 972 3855 ἑτέρα
996 3786 1052 3837 δέ
1077 3785 1186 3838 τῶν
1222 3786 1350 3854 περὶ
1379 3784 1550 3855 αὐτὴν
1584 3784 1863 3855 ὀνομάτων

279 3881 314 3950 ή
360 3880 626 3948 σημασία,
659 3880 716 3944 ἐξ
754 3878 1038 3949 ἐνεργείας
1075 3880 1221 3940 τινὸς
1252 3877 1283 3947 ἦ
1327 3877 1482 3942 ἀξίας
1522 3877 1865 3945 ὀνομαζομέ-

278 3989 410 4026 νων.
439 3972 511 4026 Τὸ
553 3972 651 4043 μὲν
692 3968 784 4027 οῦν
827 3975 884 4025 ἐν
919 3975 1039 4035 ταῖς
1073 3969 1375 4042 ἐνεργείαις
1412 3970 1683 4041 μηδεμίαν
1724 3967 1863 4022 εἶναι

277 4061 547 4131 διαφορὰν
576 4062 687 4115 τῶν
731 4063 1041 4135 προσώπων
1070 4066 1132 4116 ἐκ
1170 4062 1272 4132 τῆς
1302 4063 1409 4115 τῶν
1443 4062 1725 4132 ὀνομάτων
1753 4079 1866 4115 κοι-

279 4149 484 4215 νωνίας
514 4152 875 4224 εὑρίσκομεν
911 4155 1011 4224 τῆς
1056 4154 1111 4207 δὲ
1145 4154 1286 4207 κατὰ
1313 4152 1413 4224 τὴν
1447 4152 1611 4223 φύσιν
1655 4153 1867 4223 παραλ-

277 4244 459 4313 λαγῆς
491 4244 750 4313 οὐδεμίαν
794 4245 1289 4314 καταλαμϐάνομεν
1351 4245 1559 4316 ἐναργῆ
1604 4244 1699 4316 τὴν
1729 4245 1864 4298 ἀπό-

277 4336 474 4401 δειξιν,
499 4335 682 4400 καθὼς
704 4338 921 4406 εἴρηται
949 4338 1049 4404 τῆς
1073 4337 1178 4391 τῶν
1204 4336 1495 4406 ἐνεργειῶν
1513 4336 1861 4405 ταυτότητος,

276 4428 343 4489 τὸ
376 4428 556 4480 κοινὸν
584 4428 685 4497 τῆς
717 4428 932 4497 φύσεως
968 4427 1470 4498 ὑποσημαινούσης.
1514 4446 1533 4479 ι
1584 4428 1642 4481 Ὀ
1681 4428 1738 4480 δέ
1767 4428 1865 4497 μέ-

273 4537 385 4587 γας
411 4519 684 4583 Διονύσιος
719 4521 817 4590 τὴν
850 4520 1003 4572 θείαν
1034 4519 1130 4572 καὶ
1159 4521 1611 4591 ἀρχισυνάγωγον
1642 4521 1865 4590 εἰρήνην

270 4612 554 4683 ἐξυμνῶν.
586 4631 604 4665 ι
635 4612 1032 4683 Δὺτοθεὸτητα,
1064 4613 1217 4681 φησὶ,
1252 4612 1433 4681 φαμὲν
1463 4612 1707 4682 ἀρχικῶς
1761 4611 1861 4681 μὲν

1972 3435 2070 3498 tio,
2094 3434 2287 3490 horum
2314 3446 2366 3489 et
2391 3444 2582 3490 natura
2606 3435 2900 3504 discrepat,
2933 3436 3273 3505 proindeque
3293 3435 3440 3490 aliud
3461 3446 3545 3490 est

1967 3535 2161 3580 natura
2217 3525 2379 3596 cujus
2414 3527 2654 3580 nondum
2688 3538 2901 3595 reperta
2963 3537 3048 3581 est
3097 3527 3340 3582 deﬁnitio
3378 3529 3544 3583 inter-

1968 3635 2115 3687 pres,
2167 3619 2314 3674 aliud
2365 3619 2697 3689 signiﬁcatio
2740 3618 3024 3673 nominum
3075 3634 3195 3674 eam
3245 3635 3312 3673 ex
3349 3632 3545 3688 opera-

1968 3712 2114 3765 tione
2160 3713 2396 3782 quatlatn
2443 3713 2525 3766 vel
2585 3712 2852 3780 dignitate
2908 3712 3310 3779 designantium
3346 3752 3361 3767 .
3400 3712 3543 3783 Ergo

1968 3803 2109 3857 inter
2139 3817 2404 3872 personas
2448 3803 2654 3856 nullum
2693 3803 2963 3870 reperitur
3006 3803 3382 3871 operationum
3430 3802 3543 3857 dis-

1967 3897 2203 3958 crimen,
2254 3910 2376 3949 cum
2410 3895 2488 3949 ha:
2513 3895 2898 3950 communibus
2921 3895 3275 3967 designentur
3306 3896 3541 3949 nomini.

1971 3985 2075 4040 bus
2107 4024 2125 4049 ,
2160 4000 2257 4040 nec
2304 3986 2414 4039 ulla
2465 3986 2736 4056 detegitur
2758 3996 2811 4042 et
2838 3986 3115 4041 indicatur
3145 3997 3355 4042 natura:
3387 3986 3541 4042 diﬂ‘e-

1979 4077 2174 4143 rentiu,
2215 4093 2338 4131 cum
2373 4118 2387 4143 ,
2422 4088 2478 4132 ιιι
2508 4079 2579 4131 dic
2601 4088 2709 4132 tum
2741 4078 2841 4143 ρει,
2871 4080 3251 4149 operationum
3284 4080 3543 4136 identitas

1967 4172 2226 4226 unitatem
2292 4181 2501 4226 naturae
2553 4172 2841 4239 signiﬁcet.
2884 4192 2904 4226 υ
2934 4202 3004 4215 -—
3053 4173 3281 4243 Magnus
3332 4173 3536 4243 Diony-

1973 4265 2088 4319 sius
2139 4264 2375 4319 divinam
2418 4266 2658 4322 cwlestis
2715 4252 3033 4322 hierarch'iac
3058 4266 3371 4323 felicitatem
3403 4268 3544 4322 cele-

1970 4356 2140 4412 brans
2176 4374 2189 4410 :
2227 4375 2245 4407 ι
2286 4356 2553 4412 Divinitas
2580 4399 2596 4423 ,
2627 4358 2726 4424 ait,
2755 4370 3028 4429 quatenus
3078 4359 3133 4414 in
3164 4359 3276 4415 Deo
3302 4369 3357 4414 ut
3389 4361 3543 4429 prin-

1966 4449 2111 4519 cipio
2140 4458 2194 4503 et
2227 4464 2393 4505 causa
2447 4451 2850 4515 consideratur,
2880 4469 3049 4508 unum
3076 4454 3324 4521 designat
3353 4470 3543 4524 super-

1963 4542 2322 4598 Suhstantiale
2381 4554 2435 4597 et
2487 4543 2695 4611 absque
2748 4545 2908 4599 initio
2968 4545 3292 4615 principium
3321 4558 3374 4601 ct
3408 4562 3541 4601 cau~

1965 4650 2122 4698 sam;
2150 4642 2418 4703 quatenus
2460 4650 2587 4688 vero
2635 4645 2697 4689 ut
2752 4636 3075 4705 participata
3120 4646 3417 4705 spectatur,
3453 4637 3540 4692 itt-

269 4710 379 4763 καὶ
407 4707 604 4771 θεῖκῶς
636 4709 732 4761 καὶ
770 4706 1091 4769 αίτιατικῶς
1125 4707 1223 4775 τὴν
1259 4706 1391 4775 μίαν
1412 4704 1739 4774 ὑπερούσιον
1768 4702 1861 4757 καὶ

1969 4724 2425 4780 comtnuuicabile
2482 4724 2578 4779 Dei
2629 4724 2992 4783 Providentiae
3061 4728 3340 4783 eﬁluviutn
3403 4728 3542 4783 dici-

268 4802 619 4872 ὑπεράρχιον
655 4801 831 4872 ἀρχὴν
880 4800 975 4855 καὶ
1008 4800 1195 4853 αἰτίαν
1220 4817 1234 4831 ·
1277 4798 1619 4867 μεθεκτικῶς
1663 4798 1721 4850 δὲ
1760 4796 1857 4868 τὴν

173 4918 180 4926 ·
267 4895 641 4964 ἐκδεδομένην
684 4897 748 4947 ἐκ
802 4893 937 4946 Θεοῦ
973 4892 1068 4949 τοῦ
1128 4892 1435 4961 ἀμεθέκτου
1494 4889 1862 4960 προνοητικὴν

264 4988 533 5059 δύναμιν,
568 4991 669 5058 τὴν
722 4987 1076 5053 αὐτοθέωσιν,
1100 4982 1169 5059 ἧς
1200 4987 1267 5039 τὰ
1305 4985 1435 5039 ὄντα
1482 4985 1699 5037 οἰκείως
1737 4984 1863 5036 ἐαυ-

266 5083 396 5143 τοῖς
432 5082 752 5150 μετέχοντα,
788 5080 949 5133 ἐνθεά
970 5078 1085 5133 ἐστί
1111 5096 1169 5132 τε
1192 5078 1287 5131 καὶ
1324 5077 1568 5149 λέγεται.
1604 5096 1625 5130 ι
1659 5078 1770 5145 Τὴν
1807 5076 1863 5129 δὲ

265 5173 378 5230 τοῦ
407 5174 562 5239 ὄντος
595 5174 908 5243 θεωνυμίαν
939 5172 1325 5236 ἀναπτύσσων,
1365 5189 1383 5222 ι
1413 5172 1485 5224 Οὐ
1522 5172 1633 5242 γὰρ
1659 5169 1867 5239 ἐκφρά-

271 5283 398 5330 σαι,
426 5267 585 5336 φησὶ,
629 5268 727 5337 τὴν
768 5266 1227 5334 αὐτοῦπερούσιον
1272 5262 1585 5333 ἀγαθότητα
1633 5263 1733 5331 τῆς
1769 5264 1866 5316 αὑ-

264 5359 681 5433 τοῦπερουσίου
731 5359 985 5429 θεότητος
1037 5359 1064 5415 ὁ
1103 5358 1261 5426 λόγος
1306 5356 1730 5425 ἐπαγγέλλεται,
1763 5357 1864 5426 τὴν

269 5453 425 5525 ὑπὲρ
475 5456 654 5508 πᾶσαν
680 5453 843 5507 οὖσαν
882 5452 1198 5519 ἀγαθότητα
1233 5449 1326 5507 καί⁸
1377 5450 1631 5520 θεότητα,
1682 5450 1776 5503 καὶ
1807 5451 1863 5504 ἐν

266 5549 641 5620 ἀποκρύφοις,
664 5548 819 5612 ὡςτά
833 5548 990 5616 λόγια
1016 5566 1089 5619 φη
1101 5548 1204 5613 σιν,
1241 5546 1342 5599 ὑπε
1350 5547 1503 5617 ριδρυ
1512 5547 1703 5616 μένην,
1729 5544 1866 5600 ά).λά

266 5645 379 5717 τὴν
407 5644 841 5715 ἐκπεφασμένην
864 5642 1199 5711 ἀγαθοποιὸν
1230 5641 1492 5719 *πρόνοιαν
1519 5640 1866 5711 ὑπεροχικῶς

269 5736 614 5808 ἁγαθὸτηκα,
676 5736 774 5788 καὶ
829 5735 1049 5787 πάντων
1104 5732 1323 5801 ἀγαθῶν
1377 5733 1562 5792 αἰτίαν
1612 5733 1796 5804 ὑμνεῖ.
1839 5752 1858 5784 ι

271 5831 517 5902 Γράφων
543 5830 602 5883 δὲ
632 5829 770 5899 πρὸς
790 5829 976 5891 Γάϊον,
1018 5845 1038 5879 ι
1072 5827 1135 5879 Εἰ
1164 5825 1417 5896 θεότητα,
1452 5827 1610 5896 φησι,
1638 5829 1865 5895 νοήσαις

271 5926 340 5980 τὸ
373 5924 565 5994 χρῆμα
596 5921 691 5974 τοῦ
722 5920 973 5975 θεοποιοῦ
1007 5919 1209 5990 δώρου,
1254 5920 1352 5988 τῆς
1383 5916 1526 5971 οὕτω
1558 5918 1864 5988 λεγομένης

277 6018 558 6097 θεότητος,
616 6016 691 6080 ὡς
730 6014 993 6087 θεαρχίας
1053 6014 1147 6099 καί.
1204 6012 1550 6091 ἁγαθαρχίας
1602 6014 1631 6099 δ
1683 6012 1868 6082 πάσης

1967 4834 2090 4873 mus
2108 4818 2360 4873 deitatem
2392 4835 2407 4872 :
2442 4817 2599 4887 cujus
2666 4817 2820 4873 factis
2853 4859 2869 4885 ,
2917 4829 3076 4889 prout
3125 4820 3226 4875 sibi
3263 4822 3538 4883 ronvenit,

1965 4911 2260 4980 participes
2318 4918 2586 4966 creatura:
2636 4912 2835 4965 divinte
2913 4920 3046 4967 sunt
3102 4928 3167 4967 ac
3196 4912 3477 4969 dicuntur.
3518 4933 3537 4964 ι

1963 5003 2134 5066 Alibi,
2170 5002 2352 5057 divina
2404 5003 2682 5072 explicans
2718 5001 2868 5057 Eutis
2895 5003 3139 5067 nomina,
3178 5005 3349 5059 dicit:
3376 5023 3394 5056 ι
3432 5004 3538 5058 Ne-

1966 5110 2074 5163 que
2107 5095 2252 5150 eniiu
2308 5108 2489 5149 sermo
2537 5094 2843 5163 exprimere
2866 5095 3005 5148 valet
3041 5096 3542 5164 supersnbstantia-

1970 5188 2073 5241 Ictu
2133 5188 2671 5257 stipcrsubstantialis
2712 5187 3012 5242 divinitatis
3070 5188 3388 5250 bonitatem,
3422 5204 3542 5256 qua:

1968 5286 2051 5331 est
2086 5293 2250 5345 supra
2284 5292 2502 5355 omnem
2542 5276 2838 5331 bonitatem
2889 5292 2954 5331 ac
2994 5277 3353 5341 divinitatem,
3406 5288 3455 5329 et
3488 5278 3538 5329 in

1968 5369 2292 5424 abscondito
2322 5409 2336 5432 ,
2376 5378 2434 5420 ut
2460 5368 2533 5421 ait
2589 5368 2868 5436 Scriptura
2895 5410 2909 5434 ,
2947 5371 3118 5431 sedet;
3171 5369 3264 5423 sed
3315 5370 3542 5421 nianil'e.

1971 5470 2165 5516 statam
2217 5462 2546 5515 eminentem
2592 5459 2848 5514 beneﬁca:
2904 5459 3261 5515 Providentire
3334 5459 3543 5511 bonita-

1970 5562 2101 5616 tem,
2134 5568 2255 5621 qua:
2287 5561 2372 5607 est
2397 5554 2639 5606 omnium
2683 5554 2948 5606 bonorum
2972 5568 3136 5607 causa
3166 5590 3180 5609 .
3213 5551 3474 5605 celebrat.
3517 5572 3536 5602 ι

1967 5644 2036 5699 Ει
2066 5643 2311 5698 scribens
2346 5645 2410 5697 ad
2434 5645 2623 5698 Caium
2647 5685 2661 5705 ,
2695 5645 2857 5698 dicit:
2893 5662 2910 5694 ι
2956 5644 3014 5698 Si
3062 5660 3154 5712 per
3199 5642 3539 5697 divinitatem

1968 5736 2242 5806 intelligas
2275 5736 2522 5791 deiﬁcam
2556 5736 2784 5804 gratiam
2819 5775 2834 5797 ,
2871 5736 3141 5790 divinitati
3173 5735 3251 5791 sic
3286 5748 3543 5806 spectatae

1969 5827 2275 5883 utdeitatis
2333 5835 2387 5881 et
2441 5828 2699 5882 benitatis
2761 5826 2892 5881 fonti
2950 5837 3173 5895 praestat
3232 5828 3326 5896 qui
3380 5841 3544 5880 Omne

1968 5919 2300 5991 principium
2352 5919 2643 5974 antecedit.
2682 5938 2700 5972 i
2742 5917 2883 5974 Idem
2933 5919 3115 5974 adhuc
3140 5919 3208 5974 de
3232 5918 3341 5974 Deo
3371 5918 3543 5975 disse-

1972 6029 2118 6081 rens,
2157 6022 2442 6083 postquam
2474 6010 2819 6067 divinitatem
2856 6011 2995 6067 dixit
3029 6012 3168 6067 hanc
3200 6011 3539 6073 divinitatem
