4046 6450
564 523 676 590 923

1838 525 1882 582 G
1899 522 2218 586 llEGORlI
2257 523 2348 581 PA
2360 520 2588 581 [ΑΜΕ

3683 515 3771 576 924

563 653 687 708 qua:
707 644 795 692 est
841 635 1065 690 omnino
1121 636 1391 690 bonormn
1424 652 1607 702 causa,
1648 653 1714 691 ne
1757 639 1871 707 ipse
1915 638 2142 695 audien-

2265 636 2428 707 ὶρχῆς
2458 633 2790 706 ύπεράρχιός
2824 632 2971 685 ἐστιν
3013 632 3285 685 ἐπέκεινα.
3337 649 3354 680 ι
3405 629 3539 683 Ἀλλ’
3583 628 3777 692 αῦθιςὸ

563 732 714 786 tibus
761 730 1009 784 videatur
1052 738 1247 799 putare
1301 731 1441 786 hanc
1489 745 1713 785 causam
1765 747 1886 786 esse
1929 746 2023 800 per
2085 746 2144 788 se

559 824 948 879 subsistentem
983 865 997 889 ,
1032 837 1142 879 non
1200 839 1331 879 vero
1411 824 1696 893 providam
1771 825 2030 879 virtutem
2091 834 2146 880 et

569 916 892 971 eﬂ‘usiouem
947 917 1496 987 supersnbstantialis
1552 917 1994 987 abscondita-que
2044 932 2147 972 na-

563 1019 699 1063 tura:
723 1050 738 1074 ,
765 1017 818 1063 et
842 1011 920 1064 sic
973 1009 1159 1078 plures
1203 1009 1515 1079 hujusmodi
1569 1018 1762 1078 prater
1794 1009 2006 1063 unicam
2045 1009 2142 1064 ad-

561 1101 776 1155 mittere
806 1103 1096 1167 essentias,
1133 1101 1317 1156 subdit
1354 1119 1367 1154 :
1407 1121 1426 1154 ‹
1462 1101 1615 1155 llaud
1663 1103 1818 1170 plura
1854 1101 2142 1171 principia,

560 1209 663 1248 nec
706 1194 890 1263 plures
927 1195 1051 1248 dico
1090 1195 1404 1249 divinitates
1429 1237 1442 1260 ,
1473 1196 1786 1264 superiores
1827 1193 2142 1248 etinferio-

565 1299 671 1350 res,
705 1284 800 1338 sed
833 1287 980 1339 varia
1004 1301 1070 1340 ex
1114 1301 1222 1340 uno
1253 1286 1364 1340 Deo
1393 1288 1660 1341 bonorum
1698 1287 1936 1343 elﬂuvia.
1977 1309 1996 1342 ι
2027 1289 2141 1344 Ma-

561 1392 702 1445 guns
758 1377 994 1432 Basilius
1050 1379 1116 1433 ad
1175 1381 1517 1435 Eustathium
1565 1383 1837 1436 medicum
1874 1384 2140 1452 scribens,

561 1468 636 1520 ait
671 1468 774 1521 sibi
806 1469 1096 1538 displicere
1131 1473 1223 1540 qui
1250 1471 1342 1525 Dei
1372 1483 1583 1529 natura;
1621 1490 1821 1529 nomen
1845 1475 2146 1531 divinitatis

563 1558 826 1625 imposne:
846 1571 961 1614 unt.
1005 1581 1024 1612 ι
1079 1563 1356 1628 Attamen,
1380 1567 1576 1634 inquit,
1601 1565 1715 1621 sive
1737 1576 1931 1622 natura
1962 1568 2144 1622 divina

559 1651 773 1705 dicatur
823 1654 1079 1708 divinitas
1110 1696 1124 1720 ,
1150 1672 1256 1710 una
1285 1658 1391 1712 erit
1416 1659 1581 1713 trium
1612 1670 1830 1726 natura,
1865 1661 1982 1716 sive
2017 1676 2148 1731 ope-

560 1743 702 1797 ratio
733 1742 991 1800 divinitas
1029 1757 1253 1802 vocetur
1276 1789 1291 1814 ,
1329 1766 1435 1803 una
1480 1753 1584 1806 erit
1612 1753 1776 1807 trium
1807 1755 2074 1824 operatio.
2123 1772 2140 1805 ι

563 1835 790 1908 Magnus
815 1839 940 1894 item
972 1839 1266 1910 Gregorius
1319 1843 1666 1914 Tbeologus:
1704 1865 1722 1897 ι
1763 1845 1886 1902 Uno
1921 1847 2152 1918 lumine,

561 1932 638 1984 ait
662 1973 676 1993 ,
704 1932 994 1986 illuminati
1047 1935 1201 1999 estis,
1228 1935 1298 1988 ob
1334 1937 1597 1990 unitatem
1633 1945 1846 1991 naturze
1875 1953 1970 1992 seu
1999 1938 2142 1992 divi-

2251 728 2415 790 αὐτὸς
2449 726 2528 780 ἔτι
2565 728 2694 797 περὶ
2731 727 2825 780 τοῦ
2877 726 3026 788 ὄντος
3079 723 3364 791 θεολογῶν,
3403 741 3420 773 ι
3462 721 3776 792 Ἐπειδὴπερ,

2248 818 2376 889 ἔφη,
2407 819 2637 890 θεότητα
2675 819 2814 886 ὑπὲρ
2841 817 2940 887 τὴν
2979 817 3198 870 πάντων
3233 816 3448 883 ἀγαθῶν
3482 814 3652 869 αἰτίαν
3671 815 3782 868 θεό-

2247 927 2388 982 τητα
2433 910 2522 964 ἵνα
2577 910 2668 983 μὴ-
2713 911 2809 963 καὶ
2863 910 3026 972 αὐτὸς
3078 909 3208 980 δόξῃ
3263 905 3370 970 τοῖς
3417 904 3663 961 ἀκούουσι
3701 905 3784 976 τὴν

2249 1002 2432 1054 αἰτίαν
2482 999 2690 1070 ταύτην
2747 999 2993 1070 νομίζειν
3056 997 3467 1052 αὐθυπὸστατον
3525 996 3787 1066 ὑπάρχειν,

2247 1091 2387 1145 ἀλλὰ
2430 1092 2505 1161 μὴ
2550 1091 2922 1160 προνοητικὴν
2966 1091 3198 1160 δύναμίν
3231 1107 3287 1142 τε
3330 1089 3425 1142 καὶ
3457 1089 3668 1159 πρόοδον
3704 1092 3789 1159 τῆς

2250 1184 2311 1237 ὲν
2365 1183 2709 1253 ἀποκρύφοις
2752 1181 3218 1254 ύπερουσιύτητος
3257 1181 3366 1235 καὶ.
3391 1180 3531 1234 οὕτω
3568 1181 3792 1241 τοιαύτας

2248 1275 2435 1338 οὐσίας
2465 1271 2602 1328 εἶναι
2635 1279 2866 1343 φάσκειν
2897 1274 3114 1336 πλείους
3155 1274 3251 1342 τῆς
3277 1274 3426 1342 μιᾶς,
3467 1291 3486 1325 ι
3523 1273 3594 1326 Οὐ
3625 1271 3790 1336 πολλὰ,

2252 1366 2410 1435 φησὶ,
2443 1366 2589 1435 λέγω
2628 1366 2698 1419 τὰ
2733 1364 2906 1430 αἴτια,
2941 1364 3064 1418 οὐδὲ
3099 1363 3300 1426 πολλὰς
3323 1363 3604 1431 θεότητας,
3646 1362 3793 1432 ὑπερ-

2251 1457 2484 1526 εχούσας
2541 1459 2636 1510 καὶ
2682 1458 3002 1526 ὑφειμένοις,
3054 1457 3169 1510 ἀλλ’
3209 1455 3326 1519 ἑνὸς
3377 1454 3510 1507 Θεοῦ
3553 1454 3646 1517 τὰς
3690 1453 3793 1514 ὅλας

2251 1550 2464 1618 ἀγαθὰς
2491 1550 2775 1620 προόδους.
2820 1569 2839 1602 ι
2891 1552 3000 1604 Καὶ
3029 1552 3056 1603 6
3088 1551 3266 1620 μέγας
3317 1547 3412 1600 οὖν
3442 1545 3710 1608 Βασίλειος
3733 1544 3798 1614 τῷ

2255 1643 2425 1716 ίατρῷ
2460 1644 2794 1712 ἐπιστέλλων
2849 1643 3152 1712 Εὐσταθίῳ,
3195 1661 3213 1694 ι
3261 1641 3356 1710 Μὴ
3401 1639 3522 1695 λίαν
3567 1637 3798 1706 ἀποδέχε-

2253 1738 2401 1802 σθαι,
2435 1738 2593 1807 φησὶ,
2625 1738 2750 1799 τοὺς
2794 1737 2886 1788 ἐπὶ
2915 1739 3015 1806 τὴν
3041 1734 3135 1787 τοῦ
3183 1733 3322 1786 Θεοῦ
3359 1731 3523 1800 φύσιν
3555 1725 3802 1796 ἐκλαμϐά-

2253 1847 2442 1893 νοντας
2465 1831 2527 1881 τὸ
2555 1830 2653 1897 τῆς
2692 1829 2948 1896 θεότητος
2988 1827 3182 1896 ὄνομα.
3207 1825 3284 1880 Ού
3316 1827 3423 1895 μὴν
3454 1822 3567 1876 ἀλλ’
3598 1823 3696 1874 είτε
3723 1820 3804 1889 τὴν

2258 1921 2425 1991 φύσιν
2464 1921 2558 1974 τοῦ
2597 1921 2732 1974 Θεοῦ
2774 1923 2910 1991 φαίη
2950 1937 3035 1983 τις
3091 1919 3349 1990 θεότητα,
3389 1917 3486 1987 μία
3519 1915 3622 1968 τῶν
3664 1912 3806 1984 τριῶν

563 2023 751 2079 uitatis
786 2066 800 2080 .
834 2044 852 2077 ι
883 2026 947 2080 Et
1007 2026 1060 2080 in
1125 2027 1367 2081 secundo
1433 2043 1690 2084 sermone
1752 2029 1819 2083 de
1849 2027 1987 2083 Filio
2017 2029 2094 2082 ait
2129 2047 2142 2082 :

2265 2016 2287 2086 il
2321 2014 2504 2082 φύσις,
2545 2014 2655 2067 εἴτε
2682 2013 2780 2084 τὴν
2830 2014 3116 2085 ἐνέργειαν
3161 2013 3426 2082 δνομάσει
3457 2028 3540 2070 τις
3583 2007 3807 2075 θεότητα,

567 2114 867 2170 dissentias
922 2117 1146 2172 nomina
1203 2127 1334 2172 sunt
1392 2120 1737 2189 potissimum
1765 2121 1960 2175 Enset
1981 2120 2142 2186 Deus,

562 2215 615 2259 et
635 2221 704 2259 ex
737 2207 823 2262 his
879 2208 1148 2276 praecipue
1193 2210 1300 2263 Eos
1334 2225 1348 2262 :
1385 2226 1505 2264 nam
1559 2211 1721 2277 Deus,
1751 2212 1883 2275 Θεὸς
1916 2229 1944 2265 a
1976 2211 2145 2277 θέειν,

565 2313 813 2362 currere,
871 2301 954 2354 vel
1012 2301 1081 2357 ab
1130 2302 1326 2366 αἴθειν,
1368 2318 1546 2367 urere,
1581 2305 1887 2367 derivatur,
1908 2314 1984 2359 'ac
2016 2321 2147 2374 pro--

568 2391 696 2445 inde
743 2402 827 2446 est
877 2410 1076 2449 nomen
1129 2395 1440 2461 relativum,
1498 2413 1605 2450 non
1653 2398 1982 2452 absolutum.
2024 2418 2041 2451 ι
2085 2399 2150 2453 Ει

567 2485 800 2541 illustris
828 2486 1100 2544 Maximus
1136 2505 1150 2540 :
1202 2509 1219 2540 ι
1261 2489 1414 2545 Unus
1443 2499 1528 2545 est
1563 2493 1726 2555 Deus,
1759 2493 1886 2560 quia
1919 2507 2025 2546 una
2067 2502 2150 2546 est

568 2578 828 2634 divinitas
883 2582 1135 2651 simplex,
1175 2584 1428 2645 indivisa.
1462 2584 1866 2652 inseparabilis,
1901 2584 2152 2639 invisibi-

566 2671 633 2724 lis
681 2680 736 2725 et
782 2672 1232 2742 inintelligibilis.
1271 2695 1288 2728 ι
1346 2676 1410 2730 Ει
1443 2674 1884 2746 Sophronymus,
1922 2679 2015 2745 qui
2051 2693 2150 2748 pa-

568 2763 921 2818 triarebalem
946 2766 1250 2820 nobilitavit
1273 2765 1776 2837 Hierosolymorum
1813 2767 2149 2823 cathedram:

574 2874 593 2907 ι
644 2854 799 2910 Sicut
873 2873 1040 2911 unum
1101 2857 1270 2912 Deum
1339 2859 1630 2913 didicimus
1686 2875 2022 2927 agnoscere.
2078 2862 2152 2914 ita

568 2963 733 3001 unam
771 2948 1106 3003 divinitatem
1129 2951 1376 3004 conﬁteri
1395 2951 1571 3005 edocti
1601 2968 1814 3006 sumus.
1847 2973 1864 3004 ι
1887 2952 2154 3008 —Nonue

568 3038 732 3100 igitur
765 3042 929 3092 unius
957 3037 1052 3093 Dei
1115 3042 1280 3095 modo
1355 3057 1566 3107 unam,
1599 3044 1761 3098 modo
1815 3060 1924 3096 non
1985 3058 2150 3096 unam

567 3145 689 3184 esse
737 3130 1074 3185 divinitatem
1131 3148 1160 3185 a
1203 3133 1456 3188 Patribus
1509 3135 1864 3202 accepimus?
1902 3134 2038 3188 Num
2071 3147 2154 3187 Ia-

572 3235 693 3272 tuen
753 3219 806 3273 in
855 3235 919 3276 eo
948 3222 1112 3276 situm
1167 3232 1249 3278 est
1301 3224 1594 3280 discrimen
1624 3265 1638 3288 ,
1666 3226 1812 3294 quod
1859 3226 2042 3294 aliqua
2083 3225 2155 3280 sit

571 3313 811 3367 increata
848 3353 863 3377 ,
896 3324 949 3368 et
997 3317 1178 3385 aliqua
1227 3319 1458 3373 creata?
1486 3318 1623 3384 Quis
1666 3320 1811 3372 enim
1838 3335 2029 3372 eorum
2057 3319 2151 3388 qui

2259 2109 2358 2177 μία
2387 2106 2496 2163 τῶν
2527 2105 2696 2175 τριῶν
2723 2107 3036 2175 προσώπων
3068 2107 3101 2174 ἡ
3131 2105 3407 2175 ἐνέργεια.
3457 2121 3475 2153 ι
3511 2100 3617 2153 Καὶ
3641 2095 3812 2166 Γρηγὸ-

2257 2219 2372 2272 ριος
2417 2202 2582 2256 πάλιν
2629 2203 2656 2253 6
2700 2202 2874 2270 μέγας
2915 2199 3200 2265 Θεολόγος,
3243 2216 3261 2249 ι
3312 2195 3430 2250 'Ev‘t
3481 2194 3636 2263 φωτὶ,
3681 2187 3815 2258 φησὶ,

2257 2294 2750 2366 περιαστράφθητε
2786 2293 2930 2346 κατὰ
2967 2293 3059 2345 τὸν
3097 2291 3198 2360 τῆς
3219 2291 3424 2352 οὐσίας
3456 2290 3632 2354 λόγον,
3667 2285 3819 2336 είτουν

2259 2386 2536 2456 θεότητος.
2573 2403 2592 2436 ι
2647 2386 2758 2437 Καὶ
2803 2386 2860 2436 ὲν
2888 2383 2967 2451 τῷ
3003 2382 3132 2452 περὶ
3187 2379 3332 2433 Υίοῦ
3381 2377 3621 2446 δευτέρῳ
3675 2373 3817 2439 λόγῳ,

2268 2497 2287 2530 ‹
2329 2479 2388 2531 Ὀ
2419 2478 2494 2530 ὣν
2529 2479 2624 2530 καὶ
2656 2480 2682 2529 6
2708 2476 2842 2538 Θεὸς
2875 2473 3077 2544 μᾶλλόν
3107 2489 3222 2533 πως
3249 2475 3361 2540 τῆς
3393 2469 3582 2530 οὐσίας
3608 2465 3822 2533 ὀνόματα

2260 2572 2356 2624 καὶ
2396 2569 2603 2622 τούτων
2649 2568 2850 2637 μᾶλλον
2887 2569 2915 2620 ὁ
2945 2565 3041 2619 ὢν.
3082 2565 3149 2617 Ἦ
3183 2564 3290 2632 γὰρ
3327 2562 3424 2614 τοῦ
3456 2559 3588 2612 Θεοῦ
3616 2557 3710 2610 κᾶν
3733 2552 3824 2608 ἀπὸ

2266 2663 2358 2716 τοῦ
2397 2662 2545 2716 θέειν
2579 2662 2611 2732 ἢ
2645 2661 2820 2716 αἴθειν
2844 2657 3279 2730 ἠτυμολόγηται,
3305 2656 3435 2709 ἀλλ’
3467 2650 3560 2708 οὖν
3584 2651 3686 2705 τῶν
3710 2646 3825 2717 πρός

2259 2772 2312 2806 τι
2354 2753 2663 2822 λεγομένων
2689 2753 2827 2817 ἐστὶ,
2860 2753 2952 2804 καὶ
3000 2751 3100 2803 οἰκ
3137 2751 3308 2816 Etet-:10
3325 2767 3372 2810 ς.
3411 2767 3431 2801 δ
3472 2748 3581 2798 Καὶ
3617 2747 3643 2798 6
3681 2742 3827 2812 μέγας

2261 2845 2535 2914 Μάξιμος,
2583 2865 2602 2897 t
2659 2841 2751 2908 Εἷς
2782 2846 2936 2907 Θεὸς,
2991 2845 3073 2896 ὄτι
3129 2843 3229 2912 μία
3283 2841 3515 2910 θεότης,
3573 2836 3710 2904 ἁπλῆ
3751 2830 3828 2884 καὶ

2261 2939 2471 3009 ἀμερὴς
2513 2941 2608 2992 καὶ
2637 2937 2968 3007 ἀδιαίρετος,
3018 2936 3252 3006 ἀόρατος
3284 2936 3395 2989 καὶ
3443 2929 3822 3001 ἀπερινόῃτος.»

2266 3032 2373 3082 Καὶ
2426 3031 2736 3103 Σωφρόνιος
2775 3031 2803 3082 6
2833 3030 2932 3102 τὴν
2989 3028 3403 3099 Ἰεροσολύμων
3455 3018 3828 3095 πατριαρχικὴν

2265 3123 2532 3191 ὠραῒσας-
2579 3123 2890 3192 περιωπὴν,
2934 3116 2974 3174 ι’
3013 3122 3230 3189 Ὠσπερ
3287 3120 3402 3174 ἕνα
3464 3118 3596 3171 Θεὸν
3641 3109 3852 3183 φρονεῖν’

2264 3215 2641 3285 ἐδιδάχθημεν,
2666 3215 2811 3269 οὕτω
2842 3217 2937 3269 καὶ
2967 3217 3098 3284 μίαν
3129 3215 3380 3283 θεότητα
3401 3210 3681 3281 ὁμολογεῖν
3710 3219 3833 3274 παρ’

2265 3309 2590 3376 ειλήφαμεν.
2634 3326 2652 3359 ι
2682 3302 2813 3378 Ἀρ⁹
2844 3306 2937 3361 οῦν
2991 3308 3050 3360 οὐ
3082 3306 3178 3358 τοῦ
3219 3304 3402 3359 αὐτοῦ
3432 3302 3569 3357 Θεοῦ
3602 3299 3723 3354 ποτὲ
3751 3295 3830 3365 μὲν

571 3402 644 3471 pii
705 3403 1274 3470 dicuntur,creatam
1349 3421 1560 3466 asseret
1630 3411 1926 3464 beneﬁcam
1982 3412 2151 3464 bono-

2266 3403 2418 3470 μίαν,
2456 3400 2584 3454 ποτὲ
2615 3400 2747 3452 δὀὐ
2783 3401 2911 3469 μίαν
2962 3398 3286 3466 εἶναιπαρὰ
3331 3399 3442 3452 τῶν
3488 3395 3740 3465 Πατέρων
3767 3389 3833 3442 δι-

573 3511 806 3566 rumque
861 3498 1106 3553 omnium
1165 3500 1370 3557 fontem
1427 3503 1828 3557 Providentiam
1869 3542 1885 3569 ,
1931 3503 2161 3556 interse-

571 3604 703 3644 rens
741 3592 1052 3659 theologum
1087 3595 1354 3664 Areopagi
1405 3595 1720 3666 Dionysium
1764 3595 1830 3649 de
1857 3596 1957 3648 hac
1981 3595 2158 3664 loqui,

570 3682 715 3737 haud
743 3699 870 3737 vero
892 3684 957 3738 de
976 3700 1202 3753 prorsus
1227 3685 1488 3740 ineffabili
1524 3687 2154 3756 supersubstautialique

571 3777 666 3830 Dei
696 3786 891 3831 natura
913 3795 928 3844 ;
949 3777 1032 3831 vel
1067 3777 1307 3831 divinam
1341 3777 1640 3847 potentiam
1671 3820 1686 3844 ,
1716 3794 1780 3832 eo
1811 3781 2154 3850 quod,juxta

571 3884 827 3938 magnum
877 3867 1166 3934 Basilium,
1227 3870 1343 3924 haec
1375 3909 1390 3934 ,
1425 3885 1534 3924 non
1587 3887 1716 3926 vero
1779 3873 1870 3926 Dei
1913 3875 2155 3944 essentia

571 3961 793 4016 nomine
844 3962 1151 4017 divinitatis
1197 3961 1543 4027 signiﬁcatur
1573 3980 1589 4029 ;
1625 3965 1710 4018 vel
1766 3967 2157 4034 speculativam

567 4053 809 4123 Spiritus
863 4052 1148 4115 virtutem,
1207 4068 1332 4106 cum
1368 4052 1508 4108 hanc
1544 4064 1767 4123 superet
1794 4055 2033 4126 Spiritus
2063 4073 2162 4111 na-

569 4156 691 4198 tura
725 4151 998 4211 quatenus
1037 4142 1330 4197 inell‘abilis
1353 4152 1436 4199 est
1464 4152 1518 4197 et
1541 4161 1708 4214 supra
1738 4162 1900 4202 omne
1933 4164 2157 4212 nomen,

569 4244 629 4287 ut
659 4234 817 4287 divus
865 4234 1054 4288 docuit
1093 4232 1280 4304 Nysste
1325 4236 1550 4292 antistes
1597 4237 1938 4309 Gregorius?
1964 4239 2162 4294 Nonne

569 4325 738 4395 igitur
782 4340 943 4378 unam
1001 4334 1055 4381 et
1105 4328 1281 4383 altero
1323 4331 1481 4386 modo
1540 4349 1650 4386 non
1701 4349 1863 4386 unam
1904 4334 2170 4388 docemur

563 4415 946 4470 divinitatem?

2263 3495 2581 3562 δασκόμεθα
2633 3493 2907 3566 θεότητα;
2947 3497 3040 3566 Μὴ
3099 3495 3284 3565 μέντοι
3351 3493 3497 3548 κατὰ
3520 3491 3580 3544 τὸ
3611 3490 3836 3544 ἄκτιστον

2265 3585 2406 3640 εἶναι
2438 3590 2536 3657 τὴν
2583 3589 2878 3657 διαφοράν;
2918 3587 3014 3652 Τίς
3059 3589 3168 3658 γὰρ
3206 3588 3328 3640 τῶν
3371 3585 3670 3659 ᾑρημένων
3707 3579 3840 3632 εὐσε-

2263 3681 2380 3733 δεῖν
2421 3679 2653 3751 κτιστὴν
2686 3683 2805 3750 ὲρεί
2837 3682 2934 3746 τὴν
2974 3678 3310 3748 ἀγαθοποιὸν
3355 3681 3454 3732 καὶ
3487 3675 3704 3731 πάντων
3727 3672 3840 3736 ἁγὼ

2263 3774 2374 3826 θῶν
2431 3775 2613 3826 αἰτίαν
2671 3775 2954 3842 πρόνοιαν,
3015 3772 3294 3841 προφάσει
3327 3771 3424 3825 τοῦ
3479 3769 3613 3839 περὶ
3654 3762 3836 3819 ταύτης

2265 3865 2404 3921 εἶναι
2443 3869 2612 3936 φάναι
2663 3867 2755 3920 τὸν
2783 3866 2965 3934 λόγον,
2999 3867 3089 3920 τὸν
3133 3866 3356 3930 ’Λρείου
3404 3865 3589 3932 πάγου
3629 3857 3838 3926 θεοφάνο

2264 3979 2398 4030 τορα
2452 3962 2750 4026 Διονύσιον,
2795 3959 2913 4012 ἀλλ’
2961 3959 3082 4029 οὐχὶ
3116 3958 3250 4029 περὶ
3308 3958 3417 4026 τῆς
3474 3953 3837 4024 ἀνεκφρὰστου

2265 4053 2443 4123 πάντη
2483 4054 2578 4106 καὶ
2613 4040 2761 4114 θείας
2791 4051 3285 4120 ύπερουσιότητος,
3331 4051 3366 4121 ἢ
3397 4052 3502 4120 τὴν
3532 4049 3684 4102 θείαν
3714 4043 3838 4105 6500-

2267 4146 2388 4198 σίαν
2419 4148 2501 4199 ὅτι
2558 4145 2760 4215 ταύτης
2811 4144 3101 4214 ἔνδειξινὴ
3156 4145 3524 4214 προσηγορία
3573 4141 3729 4211 φέρει
3763 4134 3840 4200 τῆς

2271 4237 2528 4307 θεότητος
2566 4240 2707 4292 κατὰ
2734 4240 2827 4293 τὸν
2862 4240 3034 4306 μέγαν
3071 4237 3384 4299 Βασίλειον,
3415 4237 3538 4290 ἀλλ’
3567 4236 3630 4288 οὐ
3661 4233 3751 4299 τῆς
3773 4223 3844 4279 τοῦ

2277 4330 2411 4383 Θεοῦ
2440 4331 2663 4393 οὐσίας·
2707 4331 2740 4400 ἢ
2769 4331 2870 4400 τὴν
2903 4329 3164 4400 θεατικὴν
3191 4329 3435 4398 δύναμιν
3475 4327 3574 4382 τοῦ
3618 4322 3843 4388 Πνεῦμα-

2283 4439 2395 4486 τος,
2437 4423 2560 4474 ἐπεὶ
2585 4421 2789 4494 ταύτης
2815 4423 3072 4491 ὑπερέχει
3101 4425 3242 4476 κατὰ
3269 4423 3330 4476 τὺ
3371 4420 3672 4492 ἄφραστον
3693 4434 3748 4470 τε
3777 4414 3845 4464 καὶ

567 4511 987 4582 ὑπερώνυμονὴ
1018 4511 1114 4566 τοῦ
1151 4513 1469 4583 Πνεύματος
1505 4515 1708 4584 φύσις,
1751 4515 1827 4578 ὡς
1886 4515 1914 4568 ὀ
1974 4515 2199 4584 Νύσσης
2270 4515 2413 4579 θεῖος
2467 4515 2732 4587 πρόεδρος
2799 4513 3122 4584 ἐθεολὸγησε
3185 4507 3724 4585 Γρηγὸριος;⁷Ᾱρα
3777 4500 3840 4556 οὖν

569 4610 700 4681 μίαν
729 4610 822 4663 καὶ
860 4609 1061 4680 τρόπον
1100 4610 1287 4681 ἕτερον
1307 4612 1369 4664 οὐ
1397 4612 1524 4682 μίαν
1565 4611 1660 4664 τοῦ
1692 4612 1812 4675 ἑνὸς
1849 4613 2221 4683 δ.δασκόμεθα
2251 4613 2521 4681 θεότητας

645 4706 832 4760 Theot.
885 4706 1230 4761 Clarissime.

644 4800 874 4866 Theoph.
923 4803 1033 4855 Cur
1083 4803 1252 4871 igitur
1284 4819 1391 4857 non
1425 4818 1456 4856 a
1483 4802 1591 4854 Deo
1615 4803 1929 4858 necessaria
1954 4819 2154 4860 conce-

569 4893 732 4948 dente
768 4897 1064 4963 quzerimus
1114 4897 1389 4965 quomodo
1422 4896 1512 4950 illa
1545 4896 1616 4950 sit
1643 4912 1748 4950 una
1785 4908 1840 4951 et
1868 4913 1972 4951 non
2027 4913 2156 4964 una,

571 4996 627 5042 et
658 4987 936 5056 quomodo
960 4989 1090 5044 licet
1143 5005 1286 5042 unus
1338 4989 1408 5042 sit
1440 4989 1676 5057 Spiritus
1710 5001 1953 5055 sanctus,
1990 4991 2157 5047 lsaias

575 5057 781 5147 septem
818 5080 1044 5148 spiritus
1096 5081 1411 5149 pra-viderit
1472 5080 1818 5149 requieturos
1849 5098 2015 5150 Super
2047 5082 2153 5136 Do-

573 5171 710 5226 mini
771 5171 1112 5226 humanitate
1149 5212 1163 5236 ,
1201 5187 1340 5239 quos
1373 5179 1430 5224 et
1476 5171 1773 5226 Zacharias
1829 5173 1898 5227 ab
1957 5175 2156 5242 angelo

571 5263 798 5319 edoctus
829 5275 1036 5333 septem
1066 5262 1278 5316 Domini
1312 5263 1500 5318 oculos
1526 5266 1731 5320 vocat?

655 5355 840 5409 Theot.
916 5353 1285 5409 Exrellentitts
1342 5371 1505 5424 quam
1588 5372 1690 5411 nos
1745 5399 1759 5424 ,
1795 5372 1862 5411 ne
1884 5358 2157 5414 nobismet

573 5447 1062 5511 contradicamus,
1098 5445 1436 5501 arbitramur
1499 5449 1685 5504 Patres
1744 5451 1976 5521 idipsum
2031 5465 2160 5504 sen-

575 5540 715 5596 sissc
780 5539 847 5594 de
907 5538 1010 5593 hoc
1087 5539 1380 5595 utilissimo
1444 5542 1544 5610 pia:
1601 5543 1862 5598 doctrinae
1934 5553 2155 5613 puncto.

573 5629 674 5685 Dic
723 5629 893 5700 igitur
944 5631 1219 5699 quomodo
1271 5647 1378 5686 una
1413 5642 1467 5688 et
1509 5649 1620 5687 non
1661 5651 1766 5690 una
1806 5637 1876 5692 sit
1912 5639 2154 5707 ejusdem

574 5723 670 5779 Dei
715 5723 994 5780 divinitas.

644 5817 872 5883 Theoph.
925 5818 1058 5872 Dico
1109 5828 1163 5874 et
1195 5819 1298 5875 hoc
1328 5821 1469 5876 sicut
1502 5820 1640 5890 ipsis
1677 5821 1898 5877 Patrum
1925 5823 2152 5890 scriptis

570 5909 1180 5966 deuionstratur.Cum
1237 5913 1382 5969 enim
1447 5929 1546 5984 pro
1590 5917 1812 5970 nomine
1863 5915 2156 5972 inelfabilis

574 6000 827 6054 essentne
858 6017 1056 6059 nomen
1089 6004 1398 6064 divinitatis
1429 6018 1730 6077 usurpatur
1764 6049 1778 6076 ,
1808 6025 1913 6064 una
1940 6020 2024 6067 est
2061 6010 2154 6066 Dei

2199 4716 2242 4770 Ι)
2344 4711 2512 4767 Θεότ.
2547 4712 2891 4779 Σαφέστατα.

2339 4807 2518 4873 Θεοφ.
2557 4805 2623 4858 Τί
2674 4805 2790 4870 οῦν,
2835 4805 2897 4858 οὐ
2944 4801 3040 4856 τοῦ
3093 4800 3531 4872 ἐπικρινοῦντος
3577 4791 3860 4863 αναγκαιὸο

2263 4915 2406 4952 τατα
2444 4899 2679 4968 δεόμεθα
2723 4899 2843 4961 πῶς
2881 4897 2980 4968 μία
3032 4897 3127 4950 καὶ
3173 4897 3233 4949 οὐ
3271 4895 3399 4965 μία,
3437 4895 3544 4948 καὶ
3598 4893 3717 4956 πῶς
3757 4886 3860 4947 svi;

2265 4989 2420 5052 ὄντος
2446 4989 2541 5043 τοῦ
2575 4989 2722 5042 θείου
2772 4987 3112 5058 Πνεύματος.
3150 4987 3289 5040 ἑπτὰ
3333 4985 3652 5056 πνεύματα
3700 4979 3862 5047 προεῖο

2265 5082 2356 5134 δεν
2398 5082 2630 5144 Ἡσαΐας
2675 5081 3176 5150 ὲπαναπαυσόμενα
3219 5076 3298 5148 τῷ
3330 5075 3680 5144 Δεσποτικῷ
3713 5083 3863 5140 προσ·

2265 5175 2538 5246 λήμματι,
2595 5175 2630 5229 ἃ
2677 5178 2774 5229 καὶ
2822 5174 3096 5244 Ζαχαρίας
3130 5170 3389 5241 ἐδιδάχθη
3440 5171 3587 5240 παρ’
3641 5162 3860 5233 ἀγγέλου

2265 5268 2407 5322 ἑπτὰ
2433 5267 2528 5321 τοῦ
2558 5267 2766 5337 Κυρίου
2790 5266 3106 5334 ὀφθαλμοὺς
3141 5264 3326 5316 καλεῖν
3353 5278 3370 5326 ;

2339 5362 2503 5416 Θεότ.
2543 5363 2944 5431 Διαφερὸντως,
2976 5357 3064 5410 ίνα
3091 5356 3166 5427 μὴ
3195 5355 3348 5408 αὐτοὶ
3382 5353 3620 5415 ἑαυτοῖς
3647 5351 3864 5404 ὑπεναν-

2263 5456 2369 5510 τίοι
2423 5449 2595 5526 ὦμεν,
2630 5457 2721 5508 καὶ
2781 5453 2888 5524 πρὸ
2941 5450 3104 5522 ἡμῶν
3154 5447 3391 5519 οἰόμεθα
3435 5448 3578 5506 τοὺς
3624 5441 3863 5508 Πατέρας

2266 5548 2412 5601 τοῦτ’
2459 5549 2590 5601 αὐτὸ
2626 5549 2860 5616 πάσχειν
2897 5546 2991 5597 ἐπὶ
3035 5542 3131 5596 τοῦ
3171 5532 3566 5611 καιριωτάτού
3619 5538 3723 5605 τῆς
3757 5529 3864 5586 κατ’

2265 5642 2553 5694 εὐσέϐειαν
2603 5639 2923 5709 ὁμολογίας.
2973 5637 3114 5705 Λέγε
3163 5635 3341 5688 τοίνυν
3377 5631 3507 5696 πῶς
3552 5631 3659 5702 μία
3694 5626 3785 5683 καὶ
3810 5621 3860 5675 οὺ

2268 5735 2368 5804 μία
2393 5734 2487 5786 τοῦ
2523 5733 2690 5788 αὐτοῦ
2731 5731 2866 5786 Θεοῦ
2905 5731 3118 5798 θεότης.
3575 5743 3600 5774 \

2338 5829 2518 5895 6805:.
2549 5828 2696 5895 Φημὶ
2744 5826 2810 5896 δὴ
2851 5824 2944 5879 καὶ
3005 5823 3185 5887 τοῦτο,
3237 5815 3509 5888 καθάπερ
3547 5817 3648 5871 ὑπ’
3697 5807 3863 5867 αὐτῶν

2265 5919 2376 5972 τῶν
2426 5921 2713 5990 πατρικῶν
2772 5919 3098 5989 ὲκφαίνεται
3132 5915 3347 5984 λογίων.
3392 5912 3582 5965 Ὅταν
3641 5910 3750 5978 γὰρ
3797 5903 3861 5960 ὡς

2267 6015 2593 6085 ἐπωνυμίαν
2630 6017 2726 6086 τῆς
2757 6012 3119 6084 ὐτιῖρωνύμου
3161 6009 3346 6068 οὐσίας
3381 6006 3446 6058 τὸ
3482 6005 3584 6072 τῆς
3618 6003 3858 6069 θεότητος
