4046 6456
291 513 399 606 925

1640 550 1742 609 ΤΠ
1754 550 2059 611 EOPHAN
2068 551 2176 612 ES.

3439 546 3547 612 926

289 656 465 726 ὄνομα
527 656 915 728 προφέρωμεν,
985 660 1084 730 μία
1135 661 1252 716 ἐστὶ
1306 664 1402 717 τοῦ
1459 665 1595 719 Θεοῦ
1651 667 1860 737 θεότης.

1972 664 2228 719 divinitas
2253 703 2266 726 .
2294 658 2548 731 simplex,
2582 660 2837 719 indivisa.
2871 660 3278 728 inseparabilis,
3316 661 3546 716 incom-

292 746 458 815 ἁπλῆ,
492 748 724 819 ἀμερὴς,
774 750 1103 821 ἀδιαίρετος,
1145 756 1506 826 ἀπερινόητος
1531 775 1546 790 σ
1592 760 1688 813 καὶ
1715 760 1866 814 τοῦτ’

290 839 494 904 ἔδειξεν
525 841 553 892 6
584 840 776 908 είπὼν,
808 862 827 896 t
876 843 991 897 Ἑνὶ
1019 848 1163 914 φωτὶ
1204 850 1681 920 πριεστράφθητε
1723 854 1867 907 κατὰ

287 932 383 985 τὴν
404 932 504 1000 τῆς
543 933 733 998 οὐσίας
771 934 951 1003 λόγον,
986 938 1161 991 είτουν
1190 938 1465 1009 θεότητος.
1501 961 1520 992 ι
1573 942 1735 997 Ἀλλὰ
1774 946 1868 998 καὶ

286 1026 397 1078 τῶν
416 1027 584 1090 τριῶν
610 1028 920 1098 προσώπων
949 1030 1045 1100 μία
1074 1030 1287 1100 θεότης,
1318 1034 1484 1104 χωρὶς
1506 1034 1612 1097 τῶν
1646 1051 1866 1102 προσω-

287 1117 468 1169 πικῶν
500 1117 831 1184 ίδιωμάτων,
864 1121 1306 1191 ἀπαραλλάκτως
1338 1124 1481 1177 κατὰ
1504 1124 1673 1178 τᾶλλα
1705 1125 1865 1180 πάντ’

285 1208 541 1277 ἐχόντων.
598 1210 702 1262 Ἦν
738 1212 848 1281 γὰρ
895 1210 961 1265 ἂν
1012 1214 1286 1287 ὀνομάςῃς
1319 1216 1572 1285 θεότητα,
1607 1219 1716 1271 είτε
1764 1219 1865 1287 τὴν

283 1301 520 1370 δύναμιν
569 1301 665 1356 καὶ
698 1303 798 1373 τὴν
848 1304 1153 1373 ἐνέργειαν,
1202 1306 1312 1359 εἴτε
1359 1307 1458 1377 τὴν
1508 1309 1719 1371 οὐσίαν,
1765 1309 1863 1378 μία

282 1393 394 1446 τῶν
421 1394 591 1463 τριῶν
617 1395 786 1458 ἐστιν,
819 1395 895 1462 ὡς
928 1398 1023 1451 καὶ
1056 1398 1221 1453 τοῦτο
1257 1402 1453 1471 μικρὸν
1480 1402 1740 1470 ἀνωτέρω
1771 1403 1861 1455 τὸν

287 1485 464 1555 μέγαν
499 1483 781 1540 Βασίλειον
807 1488 901 1541 ἐπὶ
928 1487 1127 1553 λέξεως
1150 1493 1574 1561 προηνέγκαμεν
1607 1494 1854 1548 εἰπόντα·

282 1575 387 1629 κᾶν
424 1579 488 1629 τὸ
521 1578 795 1649 ἄθροισμα
829 1579 1051 1635 πάντων
1083 1582 1194 1634 τῶν
1230 1584 1487 1637 τοιούτων
1516 1588 1861 1656 συμπεριλα-

282 1668 396 1722 6ὼν
427 1669 658 1739 θεότητα
687 1672 978 1743 προσείποι
1002 1691 1108 1737 τις,
1144 1674 1244 1745 μία
1275 1677 1369 1729 καὶ
1394 1674 1537 1731 οὕτω
1557 1676 1666 1730 τῶν
1693 1677 1860 1747 τριῶν

282 1760 594 1831 προσώπων
630 1764 662 1831 ἡ
703 1764 913 1833 θεότης,
945 1766 978 1835 ἡ
1018 1765 1175 1818 οὐσία
1222 1765 1448 1836 δηλαδὴ,
1490 1768 1585 1819 καὶ
1631 1768 1701 1820 τὰ
1731 1767 1860 1837 περὶ

282 1855 385 1925 τὴν
422 1855 610 1908 οὐσίαν
640 1855 992 1929 θεωρούμενα
1034 1860 1126 1912 καὶ
1158 1858 1582 1928 θεολογούμενα,
1606 1859 1681 1921 ὡς
1712 1860 1808 1914 καὶ
1831 1862 1860 1915 6

289 1948 467 2016 μέγας
511 1947 833 2014 ’Δθανάσιος
867 1948 947 2013 είς
972 1952 1073 2021 τὴν
1098 1952 1345 2005 ἐπέτειον
1378 1953 1474 2006 τοῦ
1504 1950 1648 2006 θείου
1689 1953 1857 2019 εὐαγ-

287 2041 547 2111 γελισμοῦ
613 2044 927 2113 πανήγυριν
981 2047 1318 2116 κηρυκτικδν
1365 2046 1524 2114 λόγον
1569 2046 1859 2111 συντιθείς,
1891 2026 1934 2084 Β

284 2135 470 2205 φησίν.
500 2136 668 2190 Ὅταν
699 2137 756 2191 δὲ
787 2139 939 2192 θείαν
970 2139 1092 2192 τινὰ
1120 2140 1354 2208 δύναμιν
1384 2141 1416 2211 ἢ
1445 2141 1730 2211 ῑνέργειαν
1763 2139 1858 2194 τοῦ

279 2229 421 2281 Θεοῦ
444 2230 694 2297 λέγωμεν
718 2232 971 2300 θεότητα,
1004 2232 1200 2287 πολλαί
1229 2236 1367 2287 εἰσιν
1388 2234 1667 2303 ἐνέργειαι
1695 2234 1859 2297 θεῖαι,

278 2322 491 2393 ταύτην
517 2322 616 2391 τὴν
641 2324 963 2394 ἐπωνυμίαν
992 2325 1342 2393 κεκτημέναι
1362 2342 1374 2356 ·
1404 2327 1502 2379 καλ⁹
1533 2326 1643 2394 γὰρ
1669 2326 1701 2395 ἡ
1734 2326 1863 2379 θεα-

278 2413 409 2482 τικὴ
451 2414 602 2485 καὶὴ
655 2416 967 2484 καθαρτικὴ
1016 2419 1111 2469 καὶ
1138 2418 1170 2487 ἡ
1202 2417 1501 2486 θεουργικὴ
1544 2416 1700 2486 καὶὴ
1734 2417 1864 2469 ἐπο-

281 2502 456 2572 πτίκὴ
486 2505 580 2557 καὶ
606 2504 668 2558 τὸ
698 2506 981 2575 πανταχοῦ
1014 2502 1156 2560 εἶναι
1191 2507 1288 2561 καὶ
1328 2507 1389 2560 τὸ
1423 2505 1697 2577 μηδαμοῦ,
1728 2523 1856 2560 ταυ-

281 2597 373 2649 τὸν
400 2597 447 2650 δ’
497 2598 674 2651 εἰπεῖν
699 2600 761 2653 τὸ
802 2600 1114 2670 ἀεικίνητον
1157 2599 1256 2654 καὶ
1308 2599 1371 2654 τὸ
1397 2601 1454 2653 ἐν
1484 2599 1560 2668 τῷ
1594 2600 1862 2671 Θαὸωρίῳ

279 2686 640 2757 περιλάμψαν
677 2688 806 2752 τοὺς
851 2689 959 2741 τῶν
993 2689 1253 2759 μαθητῶν
1289 2690 1580 2758 ἐκκρίτους
1612 2690 1749 2759 φῶς,
1785 2689 1862 2752 ὡς

279 2779 564 2833 καὶταῦτα
592 2784 742 2848 παρὰ
761 2779 868 2834 τῶν
902 2781 1075 2848 ἁγίων
1103 2780 1299 2852 μικρὸν
1328 2781 1589 2852 ἀνωτέρω
1612 2780 1860 2847 δεδιδάγ·

282 2870 426 2938 μεοα
457 2871 690 2941 τρανῶς,
726 2871 864 2926 ἀλλὰ
902 2872 1037 2943 πρὸς
1080 2876 1196 2937 τοῖς
1230 2873 1411 2936 ἄλλοις
1457 2873 1552 2925 καὶ
1602 2874 1632 2925 6
1683 2874 1861 2943 μέγας

278 2959 564 3023 Βασίλειος
602 2960 841 3030 ἀλλαχοῦ
875 2980 934 3015 τε
981 2962 1251 3034 πολλαχοῦ
1288 2963 1593 3034 παρίστησι
1621 2967 1731 3018 τῶν
1775 2965 1864 3018 λό-

280 3066 396 3118 γων
417 3066 434 3082 '
462 3050 580 3105 ἔστι
624 3050 670 3105 δ’
696 3053 781 3121 ἀφ’
811 3048 886 3106 ὧν
934 3054 1028 3106 καὶ
1054 3052 1216 3107 τοῦτο
1260 3053 1412 3122 λέγει
1449 3054 1662 3125 σαφῶς,
1691 3055 1767 3120 ὼς
1802 3057 1862 3111 τὸ

208 3135 234 3150 ⁹
279 3141 514 3212 Πνεῦμα
562 3145 623 3198 τὸ
653 3143 810 3213 ἆγιον
852 3145 1058 3200 ἁπλοῦν
1114 3149 1180 3216 τῇ
1221 3147 1405 3217 οὐσίῃ,
1460 3148 1707 3203 ποικίλον
1743 3152 1864 3215 ταῖς

279 3234 578 3302 δυνάμεσμ
616 3238 711 3289 καὶ
754 3235 949 3291 πάλιν·
985 3254 1003 3286 t
1041 3239 1106 3290 Αί
1140 3239 1240 3306 μὲν
1290 3239 1568 3308 ἐνέργειαι
1596 3239 1690 3293 τοῦ
1725 3240 1860 3294 Θεοῦ

1970 755 2375 827 prehensibilis;
2415 755 2577 823 idque
2605 754 2845 809 ostendit
2897 754 2991 823 qui
3025 753 3163 807 dixit
3197 771 3211 807 :
3244 773 3263 804 ‹
3293 750 3415 808 Uno
3456 753 3546 806 ln—

1971 850 2115 904 mine
2152 849 2442 903 illuminati
2471 849 2628 911 estis,
2656 848 2726 901 ob
2755 846 3019 901 unitatem
3056 847 3308 902 essentia:
3334 862 3431 902 seu
3455 846 3543 900 di-
3602 852 3611 862 ‘

1970 940 2243 994 viuitatis.
2291 958 2310 990 ι
2355 940 2449 993 Est
2476 938 2639 992 etiam
2673 952 2778 991 una
2811 936 3069 992 divinitas
3091 939 3249 991 trium
3285 952 3545 1006 persona-

1974 1049 2118 1091 rttm.
2153 1048 2296 1099 quat,
2328 1032 2567 1100 exceptis
2595 1033 2973 1100 porsmtnlihtts
3013 1034 3312 1096 attributis,
3344 1041 3539 1087 czetera

1968 1128 2148 1180 omnia
2185 1128 2384 1180 habent
2419 1127 2821 1181 consimiilima.
2860 1126 2983 1181 Sive
3028 1127 3171 1180 enim
3207 1126 3462 1179 virtutem
3488 1133 3543 1180 et

1966 1219 2358 1288 operationem,
2389 1220 2502 1272 sive
2547 1220 2835 1273 essentiam
2890 1219 3127 1285 appelles
3183 1217 3540 1279 divinitatem,

1966 1326 2073 1364 una
2111 1319 2195 1365 est
2250 1311 2414 1363 trium
2438 1353 2451 1372 ,
2489 1310 2631 1365 sicut
2683 1310 2843 1378 paulo
2895 1312 3149 1378 superius
3178 1310 3444 1363 dicentem
3471 1310 3539 1363 ad

1965 1402 2191 1455 verbum
2258 1404 2570 1457 indusimus
2629 1417 2882 1469 magnum
2935 1402 3213 1461 Basilium:
3253 1412 3308 1455 et
3336 1402 3381 1455 si
3415 1403 3541 1470 quis

1964 1494 2395 1563 complexionem
2436 1496 2628 1550 horum
2661 1497 2905 1550 omnium
2945 1496 3143 1551 dixerit
3173 1494 3538 1560 divinitatem,

1965 1584 2045 1638 sic
2071 1585 2234 1639 etiam
2260 1601 2364 1639 uua
2383 1598 2462 1639 est
2490 1588 2651 1639 trium
2677 1602 3034 1655 personarum
3059 1587 3333 1650 divinitas.
3360 1602 3543 1641 esser-

1963 1679 2037 1731 tia
2062 1676 2310 1731 videlicet
2336 1696 2349 1731 :
2374 1680 2500 1731 item
2547 1677 2614 1731 de
2641 1679 2710 1731 iis
2739 1693 2861 1747 qum
2908 1678 2976 1731 de
3018 1680 3253 1731 essentia
3285 1677 3544 1750 conside-

1961 1780 2173 1832 rantur,
2216 1784 2283 1822 ac
2307 1770 2591 1833 docentur,
2618 1771 2774 1824 utait
2804 1785 3030 1840 magnus
3069 1769 3404 1824 Athanasius
3439 1783 3538 1838 pro

1960 1862 2340 1915 anniversario
2381 1862 2705 1930 evangelica:
2742 1862 3147 1930 praedicationis
3197 1862 3337 1917 festo
3393 1877 3541 1916 con-

1960 1953 2175 2007 cionem
2214 1954 2440 2008 habens.
2478 1952 2614 2008 Cum
2654 1969 2783 2008 vero
2818 1955 3113 2024 quamdam
3161 1954 3255 2009 Dei
3281 1955 3540 2010 virtutem

1964 2054 2060 2098 aut
2087 2044 2459 2111 operationem
2508 2046 2742 2103 dicimus
2783 2047 3121 2103 divinitatem
3145 2087 3161 2109 ,
3184 2049 3372 2118 plures
3412 2059 3545 2104 sunt

1962 2137 2310 2205 operationes
2340 2138 2536 2193 divinae
2568 2139 2671 2194 hoc
2724 2140 2951 2193 nomine
2984 2140 3283 2209 gaudentes
3305 2181 3319 2204 ,
3344 2155 3543 2210 nempe

1963 2229 2049 2284 vis
2096 2229 2535 2297 contemplandi,
2588 2230 2893 2299 purgandi,
2942 2232 3201 2287 miracula
3265 2232 3540 2302 patrandi,

1966 2320 2269 2375 assistendi
2304 2321 2506 2390 ubique
2532 2330 2588 2375 et
2623 2321 2838 2386 uullibi,
2863 2331 2937 2389 et,
2965 2332 3022 2376 ut
3047 2322 3188 2376 idem
3223 2323 3425 2387 dicam,
3450 2322 3544 2377 lux

1962 2408 2054 2465 illa
2103 2426 2226 2480 quae
2264 2427 2479 2481 semper
2505 2421 2757 2466 movetur
2786 2423 2841 2469 et
2867 2428 2988 2483 quae
3018 2414 3071 2467 in
3102 2424 3283 2469 monte
3322 2413 3547 2469 Thabor

1963 2501 2360 2573 discipulorum
2425 2504 2669 2560 delectos
2716 2504 3049 2559 illustravit:
3083 2507 3542 2575 quemadmodum

1961 2598 2126 2666 paulo
2153 2608 2279 2651 ante
2307 2597 2595 2651 didicimus
2620 2613 2648 2651 a
2678 2597 2886 2652 sanctis
2919 2596 3198 2664 Patribus,
3237 2598 3545 2667 interquos

1960 2687 2262 2758 praesertim
2307 2703 2537 2755 magnus
2585 2686 2819 2744 Basilius
2868 2688 2995 2743 alibi
3037 2698 3095 2744 et
3124 2704 3266 2758 sa'pe
3304 2688 3464 2744 docet
3493 2697 3548 2745 et

1961 2778 2017 2834 iu
2057 2778 2336 2833 nonnullis
2358 2778 2507 2833 clare
2535 2778 2666 2833 dicit
2704 2776 2969 2849 Spiritum
3007 2790 3279 2844 sanctum,
3310 2780 3547 2834 essentia
3579 2817 3585 2822 -

1961 2870 2286 2938 simplicem,
2363 2870 2573 2923 varium
2647 2882 2769 2924 esse
2828 2868 3159 2931 virtutibus;
3195 2876 3249 2922 et
3306 2867 3535 2922 iterum:

1960 2964 2309 3034 operationes
2353 2963 2442 3017 Dei
2478 2977 2604 3019 esse
2648 2961 2829 3016 varias
2858 3002 2874 3027 ,
2904 2962 3198 3017 essentiam
3250 2977 3380 3016 vero
3408 2962 3546 3016 sim-

1960 3058 2179 3127 plicem.
2211 3056 2486 3123 Quasnam
2553 3065 2733 3110 autem
2784 3055 2919 3110 dicit
2956 3055 3348 3124 operationcs?
3399 3054 3548 3120 Quas

1962 3150 2080 3217 ipse
2129 3149 2326 3204 ibidem
2388 3160 2699 3205 memorat:
2740 3148 3166 3219 providentiam,
3224 3148 3548 3218 potentiam,

1963 3243 2287 3306 bonitatem,
2306 3243 3086 3313 praescientianmpotestatem
3120 3241 3546 3305 miraculorum,

279 3328 550 3388 ποικίλαι,
573 3330 606 3399 ἡ
635 3329 692 3383 δὲ
714 3330 869 3384 οὐσία
894 3331 1064 3400 ἁπλῆ.
1098 3350 1118 3384 ι
1145 3331 1310 3396 Τίνας
1340 3332 1518 3400 λέγων
1545 3335 1625 3385 ὲνε
1637 3333 1858 3404 ργσίαςς

1969 3332 2286 3388 facultatem
2327 3333 2548 3387 creandi
2574 3371 2591 3396 ,
2629 3333 3017 3388 remunerandi
3069 3334 3200 3395 vim,
3230 3344 3285 3388 ut
3307 3334 3413 3387 alia
3444 3335 3550 3387 hu-

275 3414 381 3474 Ὧν
403 3423 500 3477 καὶ
529 3422 690 3485 αὐτὸς
712 3423 1121 3494 ἐμνημόνευσεν
1154 3425 1292 3489 ικεῖ,
1320 3426 1419 3495 τὴν
1445 3426 1729 3495 πρόνοιαν⁹
1760 3425 1860 3495 τὴν

1964 3425 2199 3494 iusmodi
2226 3466 2240 3480 .
2271 3426 2403 3493 Qua:
2460 3426 2814 3481 considerans
2864 3424 3161 3494 Gregorius
3205 3425 3547 3495 Theologus,

276 3514 536 3585 δύναμιν,
561 3518 662 3586 τὴν
683 3516 1016 3586 ἀγαθότητα,
1043 3518 1104 3570 τ’)
1126 3519 1565 3588 προγνωστικὸν,
1587 3519 1647 3572 τὸ
1677 3520 1865 3588 θεουρ·

276 3607 458 3675 γικὸν,
480 3608 542 3662 τὸ
562 3608 980 3679 δημιουργικὸν,
997 3610 1057 3662 τδ
1086 3611 1513 3664 ἀνταποδοτικὸν
1543 3614 1639 3666 καὶ
1661 3613 1728 3667 τὰ
1746 3629 1860 3665 τοιο

277 3698 442 3765 αῦτα,
464 3698 599 3770 πρὸς
622 3699 659 3754 ἃ
699 3700 913 3770 βλέπων
950 3702 1043 3754 καὶ
1077 3704 1105 3754 ὁ
1136 3701 1397 3771 Θεολόγος
1414 3702 1715 3773 Γρηγόριος
1752 3704 1862 3755 τῶν

275 3793 423 3846 ἑπτὰ
451 3793 582 3860 παρ’
625 3792 823 3864 Ἡσαΐᾳ
860 3792 1122 3863 μνησθεὶς
1163 3791 1514 3861 πνευμάτων,
1553 3811 1572 3846 ι
1608 3794 1720 3857 Τὰς
1751 3793 1862 3863 γὰρ

274 3883 761 3957 ἑνεργείαςμρησὶ,
801 3884 896 3937 τοῦ
933 3884 1249 3955 Πνεύματος
1286 3887 1573 3954 πνεύματα
1605 3886 1758 3954 φίλον
1783 3887 1859 3957 τῷ

291 3975 492 4045 Ἦσαῒα
507 3976 711 4031 καλεῖν.
737 3997 756 4029 ι
779 3978 889 4031 Καὶ
902 3980 929 4031 6
946 3977 1305 4049 Δαμασκηνὸς
1315 3976 1636 4045 Θεοφόρος,‹
1659 3977 1861 4048 Λέγον-

274 4079 394 4126 cat,
413 4066 566 4134 φησὶ,
587 4065 875 4136 πνεύματα
896 4067 990 4120 καὶ
1021 4069 1077 4120 αἱ
1105 4066 1365 4138 δυνάμεις
1389 4067 1483 4121 τοῦ
1515 4067 1857 4138 Πνεύματος,

275 4158 343 4212 οὐ
362 4158 471 4227 μὴν
495 4158 630 4213 ἀλλὰ
650 4160 784 4230 πρὸς
800 4158 936 4214 δνῦν
962 4162 1093 4228 ἡμῖν
1119 4164 1147 4216 6
1173 4161 1334 4230 λόγος
1355 4160 1614 4231 μάλιστα,
1644 4162 1862 4233 καὶτῆς

274 4246 468 4311 οὐσίας
494 4251 542 4302 εί
574 4248 671 4302 καὶ
701 4249 776 4321 μὴ
817 4250 1189 4322 κυριωνύμως
1213 4252 1313 4306 καὶ
1341 4252 1445 4324 τῆς
1488 4252 1794 4319 ἐνεργείας.
1835 4270 1854 4305 ι

273 4339 502 4408 Κυρίως
541 4340 725 4410 μέντοι
757 4339 961 4411 ταύτης
994 4342 1403 4414 ὀνομαζομένης
1433 4342 1530 4397 τοῦ
1559 4343 1697 4397 Θεοῦ
1740 4343 1859 4397 θεό-

274 4448 462 4500 τητος,
486 4431 650 4502 νοητή
680 4434 798 4486 ἐστι
815 4433 910 4486 τοῦ
935 4433 1099 4486 αὑτοῦ
1131 4436 1225 4491 καί
1247 4435 1609 4506 ἀπερινόητος
1637 4434 1853 4507 θεότης,

276 4521 383 4593 μία
408 4517 544 4576 οὖσα
581 4526 656 4585 ὡς
693 4524 812 4588 ἑνὸς
864 4523 1023 4587 Θεοῦ,
1061 4525 1149 4578 ἵνα
1197 4526 1280 4597 τῷ
1330 4526 1525 4598 ληπτῷ
1569 4527 1671 4596 μὲν
1719 4526 1857 4597 ἕλκῃ

271 4608 418 4677 πρὸς
464 4611 657 4664 ἑαυτὸν
697 4613 839 4665 κατὰ
868 4613 961 4665 τὸν
1008 4614 1274 4683 Θεολόγον
1323 4615 1645 4686 Γρηγὸριον,
1683 4617 1758 4687 τῷ
1795 4617 1853 4670 δὲ

1964 3524 2171 3586 septem
2220 3517 2375 3572 Isaias
2425 3517 2719 3586 spirituum
2773 3531 3018 3579 memor,
3051 3518 3129 3570 ait
3162 3536 3176 3572 :
3209 3536 3227 3568 ι
3264 3517 3548 3585 Operatio-

1963 3624 2061 3664 nes
2095 3609 2237 3662 enim
2273 3608 2513 3679 Spiritus
2558 3609 2786 3679 spiritus
2830 3622 3031 3663 vocare
3080 3608 3235 3663 lsaite
3284 3609 3483 3678 placet.
3520 3625 3542 3660 ι

1962 3699 2033 3754 Ει
2089 3698 2460 3754 Damascenus
2517 3698 2876 3769 Theophorus
2904 3716 2919 3752 :
2951 3716 2969 3750 ι
3005 3697 3273 3754 Dicuntur
3300 3741 3314 3766 ,
3344 3699 3545 3771 inquit,

1965 3790 2197 3861 Spiritus
2244 3792 2481 3847 virtutes
2536 3790 2775 3859 Spiritus
2804 3832 2818 3855 ,
2843 3802 2893 3845 et
2917 3791 3030 3845 imo
3053 3790 3140 3861 (ad
3172 3792 3317 3861 quod
3358 3792 3549 3861 praeci-

1967 3896 2071 3953 pue
2107 3898 2288 3939 sermo
2310 3882 2501 3955 tendit)
2533 3884 2782 3938 essentia:
2802 3886 2966 3938 etiam
2990 3883 3285 3955 improprie
3309 3884 3467 3938 dicta:
3494 3892 3551 3940 et

1962 3977 2321 4047 operationis.
2354 3995 2372 4027 ι
2398 3975 2533 4031 Cum
2553 3984 2734 4030 autem
2757 3977 2874 4031 haec
2898 3977 3134 4031 essentia
3161 3976 3376 4046 proprie
3400 3977 3548 4030 dica-

1963 4074 2055 4122 tur
2106 4069 2199 4123 Dei
2242 4067 2522 4131 divinitas,
2570 4068 2932 4139 intelligibilis
2954 4076 3038 4124 est
3081 4077 3135 4124 et
3162 4067 3544 4135 inintcliigibi-

1964 4161 2033 4216 iis
2059 4160 2302 4230 ejusdem
2339 4160 2619 4225 divinitas;
2647 4170 2709 4216 ut
2752 4176 2856 4231 qua
2908 4171 2991 4216 est
3032 4160 3550 4230 comprehensibilis

1968 4252 2035 4307 ad
2104 4268 2164 4308 se
2224 4252 2430 4317 trahat,
2465 4252 2621 4321 juxta
2667 4249 2987 4321 Gregorium
3016 4249 3350 4319 Theologum
3385 4265 3401 4314 ;
3437 4266 3544 4318 qua

1967 4359 2099 4399 vero
2171 4343 2759 4415 incomprehensibilis,
2820 4342 3235 4398 admirationem
3311 4349 3547 4396 moveat.

1975 4452 1995 4487 ι
2044 4434 2345 4503 Sapientia:
2376 4434 2546 4499 enim,
2581 4434 2679 4500 ait,
2710 4433 3072 4503 potentiaeque
3102 4442 3155 4486 et
3184 4431 3546 4501 operationis,

1964 4541 2071 4581 non
2110 4536 2292 4581 autem
2355 4525 2527 4595 ipsius
2587 4527 2840 4580 essentias
2895 4523 3349 4579 demonstrabilia
3417 4528 3548 4575 sunt

1962 4633 2149 4690 opera.
2186 4637 2205 4669 ι
2269 4618 2381 4673 Nec
2430 4620 2599 4686 ipsam
2655 4625 2819 4671 totam
2854 4618 3121 4670 creatoris
3149 4615 3407 4666 virtutem
3447 4626 3544 4665 ne-

267 4702 506 4774 ἀλήπτῳ
539 4705 911 4777 θαυμάξηται.
946 4724 965 4757 t
1002 4707 1204 4775 Σοφίας
1234 4707 1369 4777 γὰρ,
1395 4711 1549 4779 φησὶ,
1578 4711 1672 4763 καί
1696 4709 1859 4762 δυνά-

1965 4710 2204 4766 cessario
2245 4709 2571 4772 ostendunt,
2595 4708 2751 4779 juxta
2818 4721 3071 4777 maguum
3109 4704 3394 4758 Dasilium.
3433 4700 3539 4755 Ha-

271 4812 427 4867 μεως
454 4797 548 4850 καὶ
579 4799 800 4870 τέχνης,
829 4800 947 4854 ἀλλ’
981 4801 1103 4870 οὐχὶ
1124 4803 1224 4870 τῆς
1258 4802 1449 4867 οὐσίας
1480 4804 1652 4875 αὐτῆς
1678 4804 1852 4858 ἐνδει-

267 4887 441 4941 κτικά
470 4888 588 4943 ἐστι
635 4891 705 4945 τὰ
736 4891 1042 4963 ποιήματα.
1084 4912 1104 4946 ι
1142 4894 1252 4947 Καὶ
1293 4895 1416 4948 οὐδὲ
1448 4894 1621 4966 αὐτὴν
1670 4896 1852 4949 πᾶσαν

1962 4802 2131 4859 besne
2159 4801 2323 4873 igitur
2364 4811 2510 4857 recte
2556 4800 2920 4872 compositum
2951 4799 3052 4870 pia:
3100 4796 3364 4852 doctrinae
3404 4795 3547 4851 indi-

1961 4907 2078 4949 cem
2095 4892 2118 4947 ἲ

266 4980 371 5035 τοῦ
413 4985 762 5056 Δημιουργοῦ
792 4986 892 5059 τὴν
921 4986 1159 5059 δύναμιν
1188 4990 1507 5057 ἀναγκαίως
1558 4989 1858 5061 παρίστησι
1897 4988 2040 5043 κατὰ
2060 4989 2154 5043 τὸν
2184 4986 2357 5060 μέγαν
2379 4986 2683 5042 Βασίλειον.
2712 4979 2782 5039 Ἀ
2795 4984 2843 5055 ρ’
2867 4981 3012 5055 ἔχεις
3070 4980 3253 5047 καλῶς
3317 4982 3551 5034 ἐσκευα-

270 5080 475 5150 σμένον
505 5084 601 5135 καὶ
627 5083 720 5135 τὸν
759 5084 859 5154 τῆς
891 5085 1177 5149 εὐσεϐείας
1208 5085 1402 5139 τοῦτον
1424 5087 1685 5159 γνώμονα
1710 5104 1726 5154 ;

349 5178 517 5231 Θεότ.
544 5178 824 5234 Κάλλιστα
847 5181 938 5234 καὶ
967 5182 1300 5244 τελεώτατα,
1330 5181 1406 5247 ῶς
1433 5186 1496 5252 γέ
1527 5202 1620 5251 μοι
1660 5185 1852 5252 φαίνε-

266 5287 386 5324 ται.
422 5270 685 5323 ΔείσιιεϊαιΔ
720 5272 778 5326 δέ
818 5289 902 5326 σοι
932 5274 1022 5327 διὰ
1043 5273 1139 5327 τοῦ
1170 5274 1422 5329 τοιούτου
1457 5275 1549 5329 τὸν
1579 5277 1850 5348 Βαρλαὰμ

267 5364 488 5416 ἐκεῖνον
520 5363 818 5431 ἀπελέγξαι
864 5366 958 5418 καὶ
1006 5366 1098 5420 τὸν
1126 5367 1225 5436 τῆς
1276 5366 1487 5420 ἐκείνου
1534 5368 1854 5434 κακοδοξίας

272 5454 531 5529 μαθητὴν
565 5457 660 5510 καὶ
689 5457 936 5529 διάδοχον
974 5460 1311 5516 Ἀκίνδυνον.

348 5548 526 5615 8805:.
578 5546 850 5619 Βαρλαάμ
885 5542 1044 5612 οὗτος
1093 5550 1187 5603 καὶ
1214 5553 1243 5603 6
1293 5550 1411 5621 μετ’
1439 5550 1646 5603 ἐκεῖνον
1694 5548 1856 5610 ἄλλος

270 5639 488 5702 ἐκεῖνος
514 5641 648 5711 ἡμῖν
672 5640 766 5694 καὶ
811 5643 876 5712 τῇ
919 5643 1175 5714 εὐσεϐείᾳ
1213 5642 1465 5711 γενέσθαι
1501 5642 1855 5702 κινδυνεύσας

268 5734 339 5787 οὐ
370 5733 464 5785 τὸν
497 5735 559 5785 Ἀ
573 5750 720 5804 ρειον
756 5735 938 5805 μόνον,
979 5735 1114 5790 ἀλλὰ
1160 5737 1254 5791 καὶ
1284 5737 1374 5791 τὸν
1413 5739 1479 5790 ὲκ
1509 5734 1714 5805 Λιϐύης
1745 5736 1854 5788 Σα-

272 5825 495 5880 ϐἐλλιον
524 5826 870 5896 ζηλώσαντες
921 5828 1048 5890 τοὺς
1106 5828 1295 5897 ἁγίους
1337 5830 1434 5883 καὶ
1486 5830 1697 5890 πάντας
1728 5826 1856 5889 τοὺς

272 5914 603 5985 ὀρθοδόξους
645 5915 760 5969 ἔστι
799 5917 898 5988 μὲν
934 5917 1010 5982 ὣς
1046 5920 1195 5989 μίαν,
1228 5920 1323 5971 καὶ
1359 5916 1853 5987 τοῦτο’πολλαχῶξ,

278 6011 404 6065 ἔστι
430 6007 476 6061 δ’
506 6007 582 6072 ὣς
621 6009 682 6063 οὐ
713 6010 845 6079 μίαν
894 6012 988 6065 καὶ
1028 6011 1195 6083 μόνην
1220 6011 1319 6083 τὴν
1343 6010 1555 6080 οὐσίαν,
1590 6010 1725 6065 ἀλλὰ
1756 6010 1846 6063 καὶ

2035 5179 2222 5235 Theat.
2294 5176 2573 5247 Optimum
2634 5189 2698 5228 ac
2761 5169 3219 5241 perfectissimum
3254 5206 3270 5231 ,
3305 5178 3362 5223 ut
3410 5168 3550 5223 mihi

1959 5273 2197 5326 videtur.
2259 5268 2434 5326 Unum
2498 5267 2593 5321 tibi
2645 5273 2814 5321 restat
2841 5305 2856 5329 ,
2900 5273 2957 5317 ut
2988 5278 3092 5334 ope
3138 5261 3304 5329 hujus
3338 5260 3540 5313 indicis

1958 5363 2205 5419 Barlaam
2239 5363 2389 5417 illum
2442 5361 2693 5415 revincas
2717 5358 2946 5429 ejusque
2980 5354 3184 5411 erroris
3213 5351 3544 5421 discipulum

1961 5470 2014 5517 et
2037 5459 2302 5515 asseclam
2339 5457 2699 5526 Acyndinum.

2038 5551 2265 5615 Tlteoplt.
2324 5550 2429 5605 iste
2479 5549 2755 5615 Barlaam,
2785 5558 2837 5603 et
2867 5545 2956 5602 ille
2980 5544 3151 5614 ipsius
3174 5547 3410 5596 sectator
3440 5553 3539 5607 pe-

1971 5644 2238 5697 riclitatus
2297 5657 2365 5697 ne
2396 5643 2554 5697 nobis
2612 5639 2971 5709 retigiouique
3036 5636 3188 5690 tierct
3242 5648 3346 5687 non
3382 5631 3549 5686 Arius

1968 5742 2201 5795 tantum,
2241 5732 2340 5787 sed
2375 5741 2429 5787 et
2472 5730 2705 5802 Lybicus
2750 5726 3044 5787 Sabellius,
3089 5720 3535 5775 invidentcmun-

1967 5826 2129 5880 nibus
2183 5825 2387 5878 sanctis
2426 5833 2480 5878 et
2529 5820 2848 5875 orthodoxis
2903 5816 3066 5870 modo
3099 5826 3262 5866 unam
3320 5810 3394 5883 (et
3420 5811 3541 5880 qui—

1968 5917 2089 5971 dem
2138 5916 2302 5987 sa-pc)
2351 5914 2764 5969 admittentibus
2806 5908 3147 5964 divinitatem
3177 5943 3191 5966 ,
3222 5903 3385 5959 modo
3403 5916 3539 5955 ηιυιι

1969 6024 2131 6065 unam
2182 6009 2464 6081 solamque
2508 6006 2832 6069 essentiam,
2863 6003 2955 6058 scd
2992 6001 3288 6055 incrcataut
3315 6010 3532 6066 quoque
