4046 6462
579 535 687 598 9-¹1

1859 530 2241 593 GREGORII
2279 532 2605 596 PALAMXE

3697 533 3781 599 928

578 652 876 721 potentiam
923 658 980 709 et
1024 650 1402 723 operationem
1430 652 1513 721 (ut
1548 664 1713 719 supra
1736 659 2015 703 ostensum
2050 647 2155 720 est)

2266 646 2365 719 τὴν
2395 650 2653 706 ἄκτιστον
2673 650 2902 722 δύναμίν
2927 669 2985 705 τε
3023 651 3109 706 καὶ
3137 651 3438 723 ἐνέργειαν,
3467 651 3538 717 ὡς
3567 653 3783 723 ἀνωτέρω

576 742 885 798 dicentibus
936 757 1058 800 esse
1088 743 1330 810 eiusdem
1366 742 1733 807 divinitatem,
1782 742 1882 797 hos
1914 742 2153 812 appella-

577 842 710 888 runt
752 833 1068 920 polytheos.
1145 833 1252 904 Ipsi
1306 843 1487 888 autem
1553 847 1698 894 nunc
1754 848 1915 886 unam
1967 833 2157 887 dicunt

578 926 872 981 inereatam
904 942 1027 983 esse
1076 926 1222 982 illam
1260 925 1845 997 supersubstantialem
1878 924 1970 981 Dei
2020 926 2161 979 divi-

580 1019 846 1085 nitatem,
883 1028 1109 1075 cazteras
1186 1034 1315 1074 vero
1388 1033 1512 1074 esse
1581 1027 1818 1081 creatas,
1889 1026 2158 1088 quotquot

576 1099 832 1167 videlicet
881 1113 1078 1168 divinae
1121 1112 1472 1182 operationes
1511 1127 1542 1166 a
1598 1111 1855 1165 Patribus
1891 1120 2159 1165 vocantur

577 1205 916 1268 divinitates,
971 1206 1117 1260 sicut
1179 1204 1343 1260 Arius
1391 1218 1561 1259 unam
1594 1203 1892 1259 increatam
1923 1204 2157 1258 asseruit

576 1296 756 1351 Patris
810 1312 1126 1366 personam,
1165 1307 1378 1353 creatas
1434 1306 1617 1351 autem
1671 1295 1849 1360 alias;
1888 1309 2037 1349 nunc
2087 1294 2158 1349 ab

575 1389 814 1443 essentia
882 1404 992 1443 non
1068 1389 1453 1444 discriminant
1532 1386 1929 1457 operationem,
2014 1385 2161 1441 sicut

577 1496 681 1537 nec
721 1482 995 1536 Sabellius
1051 1496 1083 1536 a
1132 1481 1437 1536 substantia
1481 1493 1793 1550 personam.
1823 1477 1890 1532 Et
1915 1476 1994 1534 sic
2035 1477 2162 1532 uni-

578 1584 694 1629 tate
741 1575 1048 1630 divinitatis
1112 1575 1463 1629 divinitatum
1513 1580 1822 1645 pugnantes
1850 1571 2163 1626 distinctio—

579 1684 729 1729 nem,
790 1683 962 1723 sacrte
1022 1669 1317 1736 Scriptura:
1372 1674 1553 1723 textus
1613 1680 1779 1722 unam
1847 1671 2163 1720 astruentes

580 1755 924 1811 divinitatem
965 1757 1230 1812 adversus
1269 1757 1610 1811 ortiiodoxos
1666 1764 1964 1824 utrumque
1990 1752 2159 1824 proii-

581 1853 761 1901 tentes
780 1855 1082 1915 congerunt
1117 1855 1170 1901 et
1210 1847 1352 1903 male
1383 1847 1673 1917 objiciunt.
1708 1845 1789 1900 Tu
1820 1859 1949 1899 vero
1967 1858 2160 1899 eorum

580 1953 863 1999 sermones
888 1953 1211 2006 comparans
1233 1940 1335 2009 piae
1358 1939 1620 1994 doctrinae
1642 1936 1829 2002 indici,
1854 1937 1946 2006 qui
1972 1935 2162 1991 statuit

578 2031 827 2099 ejusdem
859 2030 955 2087 Dei
1008 2032 1350 2087 divinitatem
1380 2031 1553 2086 altero
1573 2043 1741 2085 sensu
1768 2043 1893 2084 esse
1920 2040 2084 2082 unam
2107 2032 2163 2080 et

576 2123 752 2177 altero
797 2138 908 2178 non
964 2138 1169 2189 unam,
1220 2124 1343 2179 illos
1395 2124 1548 2192 ipsos
1595 2120 1998 2176 demonstraltis
2034 2133 2165 2175 vere

582 2214 890 2286 polytheos.
947 2217 1150 2286 quippe
1180 2218 1273 2286 qui
1312 2226 1551 2272 creatam
1587 2213 1749 2270 simul
1784 2221 1839 2267 et
1864 2212 2162 2267 increatam

582 2323 707 2364 esse
737 2307 829 2364 Dei
861 2308 1205 2365 divinitatem
1238 2324 1406 2379 prave
1432 2307 1795 2373 contendunt,
1829 2305 2004 2361 solam
2042 2305 2164 2371 eius

581 2403 880 2459 essentiam
939 2410 1191 2458 tenentes
1242 2415 1364 2457 esse
1438 2399 1738 2454 increatam
1795 2395 2161 2460 divinitatem,

584 2496 903 2567 facultatem
954 2508 1085 2550 vero
1155 2493 1274 2562 ejus
1330 2491 1722 2562 speculativam
1756 2532 1772 2555 ,
1803 2490 1915 2544 vim
1976 2487 2164 2543 omnia

583 2596 712 2643 ante
764 2592 1097 2643 creationem
1155 2585 1387 2649 sciendi,
1447 2592 1503 2640 et
1554 2583 1938 2639 auctoritatem
1990 2581 2165 2651 ipsius

582 2682 991 2751 potentiamque
1043 2689 1092 2734 et
1131 2677 1522 2750 providentiam
1578 2677 1722 2732 inter
1755 2683 1936 2731 creata
1986 2689 2165 2728 annu-

585 2785 822 2833 merant.
887 2775 977 2830 Sic
1027 2774 1134 2828 illis
1192 2772 1336 2827 Deus
1369 2772 1552 2841 aliqua
1611 2778 1829 2825 creatus
1877 2777 1933 2823 et
1979 2767 2165 2836 aliqua

583 2868 690 2923 erit
742 2869 1052 2929 increatus,
1086 2874 1141 2920 et
1169 2866 1222 2918 in
1267 2863 1542 2919 contraria
1568 2862 1901 2931 discerptus.
1927 2858 2034 2913 Sed
2065 2873 2167 2913 nec

584 2957 783 3012 Filium
825 2997 840 3021 ,
878 2972 978 3011 nec
1036 2956 1301 3025 Spiritum
1368 2962 1623 3009 sanctum
1651 2951 1920 3006 creaturis
1953 2950 2164 3006 adscri-

585 3052 713 3105 bere
750 3057 1002 3118 possunt,
1057 3062 1183 3101 nam
1247 3054 1478 3112 uterque
1533 3052 1615 3099 est
1676 3042 1966 3099 tneli'abilis
2019 3042 2164 3097 haud

584 3157 745 3197 secus
804 3156 867 3195 ac
922 3141 1100 3195 Pater.
1157 3138 1313 3204 Quod
1368 3138 1413 3193 si
1470 3151 1664 3191 rursus
1712 3135 1900 3190 dicant
1949 3135 2160 3189 nullmn

586 3247 709 3287 esse
770 3232 1064 3287 discrimen
1125 3230 1418 3286 essentiam
1485 3229 1627 3282 inter
1678 3227 2162 3297 ctoperationem,

2260 742 2557 808 δέδεικται,
2603 743 2697 798 τοῦ
2729 744 2897 798 αὐτοῦ
2937 741 3074 797 Θεοῦ
3101 742 3355 811 λέγοντας
3388 742 3625 814 θεότητα,
3653 745 3786 799 πολυ-

2262 833 2420 898 θέους
2447 834 2678 907 ἔφησαν.
2704 837 2871 890 Αύτοὶ
2906 836 3037 890 ποτὲ
3074 835 3173 905 μὲν
3220 833 3350 905 μίαν
3384 834 3623 905 λέγοντες
3659 836 3787 890 ἄκτι-

2263 943 2389 980 στον
2415 927 2509 982 τοῦ
2547 928 2685 982 Θεοῦ
2715 928 2949 1000 θεότητα
2981 928 3079 999 τὴν
3118 928 3546 999 ὓπερουσιότητα
3591 927 3786 997 ἐκείνην,

2262 1020 2488 1083 κτιστάς
2512 1020 2688 1086 δὲτὰς
2718 1020 3071 1084 ὑπολοίπους,
3105 1019 3226 1073 ὅσαι
3252 1019 3492 1089 δηλονότι
3532 1018 3633 1071 τῶν
3659 1019 3789 1072 θείων

2262 1111 2556 1179 ἐνεργειῶν
2584 1112 2989 1183 θεωνυμοῦνται
3007 1112 3157 1182 παρὰ
3176 1110 3286 1164 τῶν
3307 1110 3497 1179 ἁγίων,
3513 1108 3585 1174 ὡς
3607 1111 3790 1181 ’Δρειος

2267 1203 2395 1272 μίαν
2423 1204 2680 1265 ἄκτιστον
2720 1204 3019 1257 ὑπόστασιν
3067 1203 3166 1273 τὴν
3191 1203 3285 1257 τοῦ
3335 1201 3563 1272 Πατρδς,
3605 1201 3792 1265 κτιστὰς

2261 1294 2319 1348 δὲ
2352 1295 2449 1359 τὰς
2501 1295 2830 1358 ὑπολοίπους
2856 1312 2869 1327 ⁸
2907 1295 3002 1349 νῦν
3029 1295 3087 1350 δέ
3119 1294 3413 1365 ἀδιάφορον
3438 1296 3502 1364 τῇ
3546 1292 3691 1364 οὐσίᾳ
3713 1293 3790 1363 τὴν

2262 1386 2568 1458 ἐνέργειαν,
2603 1389 2678 1452 ὡς
2705 1391 2733 1442 ὁ
2763 1388 3052 1443 Σαϐελλιος
3099 1389 3166 1459 τῇ
3198 1387 3358 1458 οὐσίᾳ
3388 1386 3485 1455 τὴν
3512 1385 3788 1447 ὑπόστασιν,

2262 1480 2357 1533 καὶ
2381 1478 2524 1533 οὕτω
2554 1480 2616 1535 τὸ
2645 1482 2846 1537 ἐνιαϊον
2876 1481 2977 1548 τῆς
3021 1480 3275 1550 θεότητος
3299 1476 3787 1547 ἐπιστρατεύσαντες

2261 1570 2340 1640 τῷ
2380 1571 2790 1646 διακεκριμένῳ
2827 1574 2925 1637 τὰς
2955 1574 3063 1628 ἀπὸ
3092 1574 3200 1627 τῶν
3243 1572 3407 1644 ἱερῶν
3438 1571 3661 1643 Γραφῶν
3691 1571 3791 1640 περὶ

2269 1667 2401 1735 μιᾶς
2427 1666 2677 1736 θεότητος
2714 1668 2903 1739 ῥήσεις
2933 1668 3395 1739 συμφορήσαντες
3429 1663 3564 1718 κατὰ
3591 1662 3689 1716 τῶν
3721 1660 3793 1732 ὀρθ

2264 1755 2493 1820 θοδόξως
2514 1758 2802 1828 ἀμφότερα
2826 1759 3190 1829 φρονούντων,
3211 1756 3602 1829 προϐάλλονται
3619 1752 3790 1815 κακῶς.

2263 1847 2336 1901 Σὺ
2363 1847 2421 1901 δέ
2455 1850 2829 1920 προσαγαγὼν
2868 1852 2997 1915 τοὺς
3027 1849 3251 1904 ἐκείνων
3278 1849 3472 1918 λόγους
3514 1846 3587 1918 τῷ
3615 1846 3700 1916 τῆς
3716 1844 3792 1898 εύ-

2265 1939 2483 2003 σεϐείας
2516 1928 2777 2011 γνῶμονι,
2810 1942 2869 2005 ὃς
2902 1943 2998 1997 τοῦ
3029 1941 3196 1996 αὐτοῦ
3243 1940 3481 2012 θεότητά
3510 1957 3682 2010 φησιν,
3702 1938 3791 1990 ἐστι

2267 2028 2366 2099 μὲν
2395 2029 2469 2093 ὣς
2507 2030 2657 2101 μίαν.
2712 2033 2829 2087 ἔστι
2864 2033 2907 2087 δ’
2938 2033 3014 2097 ῶς
3049 2032 3110 2087 οὺ
3170 2032 3328 2102 μίαν,
3364 2032 3598 2094 ἐκείνους
3633 2029 3792 2090 αὐτοὺς

2265 2120 2466 2187 δείξεις
2496 2123 2797 2189 πολυθέους
2817 2124 2987 2190 ὅντως
3012 2126 3195 2192 ὄντας,
3218 2126 3298 2190 ὡς
3328 2126 3549 2197 κτιστὴν
3571 2124 3654 2179 καὶ
3675 2124 3794 2178 ἄκτι-

2266 2232 2391 2270 στον
2421 2217 2516 2271 τοῦ
2566 2216 2704 2272 Θεοῦ
2742 2219 2974 2290 θεότητα
3008 2221 3329 2291 φάσκοντας
3374 2219 3576 2286 κακῶς,
3609 2218 3693 2286 τὴν
3716 2216 3793 2285 μὲν

2260 2308 2434 2362 αὐτοῦ
2466 2310 2656 2363 οὐσίαν
2683 2311 2856 2382 μόνην
2889 2313 3145 2367 ᾶκτιστον
3171 2309 3320 2367 εἶναι
3345 2312 3679 2372 διδάσκοντας
3703 2307 3796 2362 0:6-

2262 2421 2427 2475 τητα,
2459 2405 2555 2476 τὴν
2582 2407 2640 2461 δέ
2667 2407 2925 2478 θεατικὴν
2953 2407 3184 2476 δύναμιν
3213 2424 3277 2461 τε
3316 2408 3414 2462 καὶ
3443 2407 3702 2477 ἐνέργειαν
3721 2400 3794 2454 τοῦ

2266 2496 2447 2549 πάντα
2483 2499 2616 2566 πρὶν
2662 2497 2933 2565 γενέσεως
2962 2498 3165 2561 είδότος
3194 2497 3297 2551 καὶ
3325 2497 3424 2569 τὴν
3454 2496 3609 2550 αὑτοῦ
3649 2494 3792 2559 ἀξίαν,

2266 2590 2362 2641 καὶ
2395 2590 2496 2657 τὴν
2528 2590 2775 2654 ἐξουσίαν
2820 2591 2917 2643 κα)⁸
2955 2591 3055 2659 τὴν
3086 2591 3354 2659 πρόνοιαν
3382 2591 3458 2651 εἰς
3504 2587 3688 2655 κτίσμα
3713 2600 3793 2635 κα·

2263 2679 2612 2744 τασπῶντας.
2660 2680 2818 2735 Οὕτω
2848 2681 2957 2749 γὰρ
3005 2682 3100 2734 καὶ
3130 2682 3157 2733 ό
3186 2680 3329 2744 Θεὸς
3377 2681 3557 2741 αὐτοῖς
3601 2675 3669 2744 πῆ
3718 2676 3794 2741 μὲν

2266 2758 2511 2841 κτιστὸς,
2544 2775 2620 2844 πῆ
2645 2775 2689 2828 δ’
2730 2775 2986 2838 ἄκτιστος
3030 2774 3269 2844 ὑπάρξει
3315 2773 3410 2827 καὶ
3446 2774 3523 2835 είς
3547 2765 3794 2823 τάναντιώ-

2263 2881 2404 2918 τατα
2453 2867 2801 2941 διῃρημένος.
2835 2866 2969 2919 Οὐδὲ
3020 2866 3129 2935 γὰρ
3159 2866 3251 2918 τὸν
3288 2866 3419 2918 Υίδν
3451 2864 3483 2934 ἢ
3528 2862 3586 2915 τὸ
3612 2857 3794 2922 Πνεῦμα

2265 2957 2329 3010 τὸ
2352 2957 2505 3026 ἅγιον
2530 2959 2745 3030 ἔχουσιν
2770 2958 3192 3028 ὑπολογίζεσθαι
3213 2974 3227 2990 ο
3262 2958 3479 3012 τούτων
3520 2955 3620 3025 γὰρ
3648 2950 3797 3005 ἐκάη·

2269 3064 2365 3117 ρον
2390 3048 2669 3116 ἄφραστον
2698 3050 2894 3120 ἐπίσης
2927 3049 3006 3117 τῷ
3036 3048 3237 3119 Πατρί.
3263 3048 3337 3101 Εί
3363 3047 3410 3101 δ’
3449 3040 3597 3106 αὖθις
3624 3042 3796 3109 λέγοιεν
3828 3104 3833 3110 ⁸

2266 3137 2561 3211 ἀδιάφορον
2617 3139 2759 3196 εἶναι
2792 3145 2857 3212 τῇ
2888 3141 3048 3214 οὐσίᾳ
3090 3140 3189 3212 τὴν
3234 3141 3549 3212 ἐνέργειαν,
3593 3138 3664 3198 είς
3699 3132 3798 3203 μίαν

2267 3229 2472 3292 ταύτας
2518 3232 2952 3300 συναλείφοντες,
3000 3231 3164 3285 πάλιν
3192 3233 3346 3287 κατὰ
3386 3233 3477 3286 τὸν
3515 3228 3664 3284 αὑτὸν
3694 3222 3801 3293 γνώ-

586 3326 793 3394 hasque
826 3325 879 3377 in
967 3338 1131 3377 unam
1218 3320 1576 3386 coalescere;
1623 3328 1677 3374 tu
1749 3319 1946 3373 iterum
2003 3320 2157 3389 juxta

2271 3322 2540 3390 μονα’τῆς
2590 3323 2878 3388 εὐσεϐείας
2921 3323 3045 3377 εἰπὲ
3074 3322 3168 3377 καὶ
3204 3324 3331 3389 πῶς
3375 3324 3407 3396 ὴ
3451 3323 3547 3394 μὲν
3582 3315 3793 3389 νοητὴ,ή

582 3414 835 3469 eumdem
895 3413 1013 3467 ﬁdei
1071 3413 1307 3467 indicem
1361 3412 1449 3467 die
1483 3411 1758 3480 quomodo
1793 3411 2053 3465 traditum
2088 3410 2163 3466 sit

581 3506 1131 3575 compreltensilnilem
1219 3519 1342 3560 esse
1425 3515 1480 3559 et
1547 3504 2157 3572 incomprelicnsiliilem

580 3600 825 3670 ejusdem
891 3598 1252 3661 divinitatem,
1316 3597 1692 3666 visibilemque
1743 3596 1810 3650 iis
1858 3610 1996 3665 quos
2026 3597 2160 3648 inte-

581 3693 694 3747 rior
753 3690 993 3762 Spiritus
1065 3691 1239 3747 virtus
1289 3690 1486 3760 dignos
1544 3688 1697 3753 facit,
1769 3699 1824 3744 et
1905 3688 2162 3743 omnihus

576 3785 793 3840 ceteris
854 3786 1209 3848 invisibilem,
1281 3782 1799 3839 communicabilcm
1858 3788 2024 3850 atque
2072 3782 2157 3833 in-

578 3879 1112 3934 communicabilem.
1165 3876 1354 3948 Neque
1417 3877 1565 3932 enim
1631 3884 1777 3930 recte
1843 3884 2161 3928 censeretur

580 3972 808 4040 intelligi
860 3971 1245 4040 partieiparive
1300 3978 1395 4023 aut
1444 3967 1620 4023 videri
1643 3982 1858 4037 possea
1888 3965 2160 4020 creaturis

580 4059 673 4113 Dei
718 4061 1038 4121 essentiam,
1096 4058 1241 4111 sicut
1293 4059 1349 4109 in
1395 4054 1717 4124 praecedenti
1771 4053 2161 4109 dissertatione

577 4149 1102 4204 demonstravimus.
1162 4147 1394 4203 Videsne
1431 4155 1489 4201 ut
1525 4148 1728 4216 optime
1762 4145 1890 4199 talia
1923 4144 2069 4197 inter
2099 4156 2159 4196 se

577 4243 766 4295 enllisa
818 4241 1003 4293 lumen
1060 4237 1276 4307 pictatis
1325 4238 1549 4291 eliciant
1580 4237 1851 4301 ﬁdelibus,
1881 4244 1933 4290 et
1967 4236 2021 4288 in
2049 4234 2162 4287 lite-

578 4331 778 4385 retices
812 4331 990 4399 ignem
1020 4329 1387 4384 damnationis
1419 4328 1713 4383 emittant?

651 4419 830 4474 Tlteot.
888 4419 1101 4488 Optime
1137 4434 1153 4477 ;
1193 4434 1314 4472 nam
1373 4432 1473 4488 ego
1529 4418 1598 4472 ab
1658 4417 1771 4486 ipsa
1820 4413 2156 4483 experientia

576 4514 761 4577 didici,
800 4513 983 4567 animo
1028 4512 1140 4582 jam
1180 4528 1244 4566 cx
1286 4512 1371 4566 his
1398 4510 1696 4573 elucidato,
1735 4509 1952 4563 acutius
1975 4506 2160 4561 videre

576 4608 857 4674 religionis
880 4606 1187 4661 veritatem.
1212 4606 1302 4660 Sic
1324 4604 1470 4659 enim
1509 4619 1677 4657 unum
1708 4600 2158 4668 individuutnque

2268 3413 2326 3467 δὲ
2380 3414 2741 3488 ἀπερινόητος
2783 3415 3202 3487 ἀναγέγραπται
3259 3417 3355 3471 τοῦ
3411 3415 3571 3472 αὐτοῦ
3616 3412 3791 3479 θεότηςι

2267 3508 2436 3576 ὁρατή
2472 3524 2532 3562 τε
2555 3510 2666 3571 τοῖς
2693 3508 2866 3576 ἀξίοις
2888 3508 3227 3581 ἀπορρήτοις
3258 3510 3317 3561 ἐν
3340 3509 3563 3578 δυνάμει
3591 3502 3796 3572 πνεύμα-

2266 3616 2361 3662 τος
2393 3601 2488 3654 καὶ
2521 3602 2656 3654 πᾶσι
2702 3599 3049 3654 παντάπασιν
3094 3600 3333 3671 ἀόρατος
3361 3599 3592 3672 μεθεκτή
3626 3613 3683 3650 τε
3723 3591 3796 3647 καὶ

2269 3692 2577 3762 ὰμέθεκτος
2603 3709 2617 3725 ο
2661 3692 2783 3746 οὐδὲ
2823 3692 2934 3764 γὰρ
2960 3693 3138 3748 ἐκεῖνο
3184 3694 3409 3760 εὐσεϐὲς
3457 3694 3559 3749 ἀπὸ
3584 3689 3683 3745 τῶν
3707 3703 3798 3741 κτι-

2269 3783 2493 3853 σμάτων
2541 3784 2781 3838 νοεῖσθαι
2829 3783 3103 3854 οἴεσθαιῆ
3153 3785 3480 3856 μετέχεσθαι
3525 3783 3557 3856 ἢ
3605 3777 3798 3851 ὁρᾶσθαι

2266 3875 2368 3947 τὴν
2386 3876 2574 3929 ούσίαν
2603 3877 2698 3930 τοῦ
2721 3877 2880 3940 Θεοῦ,
2909 3877 3162 3948 καθάπερ
3184 3879 3241 3931 ἐν
3268 3881 3337 3950 τῇ
3365 3877 3469 3948 πρὸ
3500 3874 3689 3942 ταύτης
3711 3872 3797 3925 διαο

2267 3968 2411 4034 λέξει
2452 3969 2947 4040 προαπεδείξαμεν.
2991 3968 3133 4023 Ἀλλ’
3170 3970 3310 4040 δρᾷς
3347 3972 3493 4033 ὅπως
3535 3964 3702 4026 καλῶς
3745 3954 3798 4011 τά

2266 4052 2496 4108 τοιαῦτα
2527 4058 2948 4126 συγκρουόμενα
2988 4060 3126 4127 πρὸς
3157 4059 3367 4130 ἄλληλα
3406 4060 3523 4128 φῶς
3549 4056 3642 4128 μὲν
3672 4055 3796 4108 εὐσε-

2268 4146 2423 4205 6είας
2449 4146 2724 4212 ἐκλάμπει
2751 4151 2864 4211 τοῖς
2890 4151 3126 4214 πιστοῖς,
3156 4148 3269 4221 πῦρ
3294 4150 3353 4203 δὲ
3379 4149 3664 4218 καταδίκης
3687 4139 3797 4197 κατὰ

2267 4234 2380 4288 τῶν
2410 4237 2654 4292 ἀπειθῶν
2689 4238 2926 4306 ἁφίησι;
2970 4268 2989 4293 ι

2339 4416 2508 4471 Θεότ.
2545 4412 2619 4472 Εὖ
2680 4416 2855 4487 μάλα’
2887 4418 2983 4471 καὶ
3041 4418 3149 4487 γὰρ
3196 4420 3378 4487 ἔγωγε
3405 4419 3474 4473 δι’
3521 4415 3682 4486 αὐτῆς
3726 4408 3798 4473 τῆς

2254 4508 2462 4580 ’πείρας
2514 4509 2719 4577 ἔμαθον
2776 4510 3167 4581 διαυγέστερον
3200 4512 3300 4582 ἤδη
3359 4511 3689 4582 κτησάμενος
3730 4503 3794 4556 τὸν

2269 4603 2393 4654 νοῦν
2418 4603 2483 4655 ἐκ
2511 4601 2622 4654 τῶν
2651 4601 2935 4667 τοιούτων,
2966 4604 3062 4656 καὶ
3088 4601 3348 4672 ὀξύτερον
3372 4603 3598 4673 συνορᾷν
3619 4599 3707 4667 τὴν
3725 4593 3799 4660 τῆς

577 4697 840 4766 Spiritum
907 4697 1142 4751 dicimus
1205 4693 1501 4758 honorari,
1566 4693 1789 4762 quando
1859 4691 2156 4745 essentiam

2268 4693 2549 4758 εὐσεϐείας
2570 4693 2853 4766 ἀλήθειαν.
2885 4693 3042 4749 Οὕτω
3066 4695 3176 4765 γὰρ
3199 4698 3294 4749 καὶ⁸
3312 4695 3372 4749 ἓν
3400 4693 3618 4765 Πνεῦμα
3633 4684 3800 4760 ἀμερὲς

575 4805 974 4859 personamque
1011 4791 1177 4858 ipsam
1215 4788 1556 4858 appellamus
1586 4784 1875 4855 Spiritum;
1901 4784 2163 4853 multipli-

574 4884 690 4935 ecm
725 4897 850 4935 vero
876 4882 1014 4936 alias
1067 4881 1316 4935 eumdem
1349 4879 1609 4935 dicimus.
1642 4886 1960 4945 septemque
1990 4890 2163 4930 unum

574 4989 697 5026 esse
741 4973 1027 5038 docemur,
1067 4983 1121 5027 et
1152 4974 1299 5026 hunc
1319 4969 1692 5025 diversimode
1723 4968 2161 5024 communicabi-

575 5062 679 5115 lem
721 5077 839 5117 esse
875 5080 973 5132 per
1001 5078 1187 5117 sacras
1220 5061 1525 5116 effusiones
1548 5068 1603 5113 et
1652 5061 1996 5128 operationes
2049 5061 2158 5115 divi

578 5155 813 5222 Spiritus
866 5159 1210 5226 proﬁtemur.
1276 5141 1857 5208 lncommunicabilem
1905 5153 2072 5222 igitur
2104 5162 2158 5207 tu

575 5249 714 5302 dicis
737 5249 825 5302 Dei
851 5249 1151 5303 essentiam
1186 5261 1248 5300 ac
1278 5257 1556 5298 naturam.

653 5427 878 5498 ΤΙιεορΙι.
922 5425 1195 5491 Profecto,
1235 5425 1377 5480 hanc
1408 5425 1617 5481 scilicet
1643 5441 1764 5497 quae
1794 5437 1877 5482 est
1910 5426 2031 5484 sine
2058 5442 2161 5483 no-

579 5523 723 5577 mine
752 5535 803 5576 et
825 5536 991 5590 supra
1047 5536 1208 5574 omne
1236 5536 1459 5576 nomen.

650 5615 830 5669 Thcot.
861 5612 1387 5670 Communicabilem
1420 5629 1546 5669 vero
1593 5625 1647 5669 et
1685 5614 2155 5685 comprehensibi-

577 5702 678 5756 lem
735 5704 936 5757 asscris
982 5705 1236 5760 virtutem
1285 5715 1335 5760 et
1369 5705 1686 5776 potentiam,
1724 5722 1886 5776 quam
1927 5721 2158 5778 magnus

578 5793 812 5849 Basilius
837 5796 974 5851 dixit
997 5813 1062 5852 ex
1089 5799 1346 5867 Operibus
1378 5799 1621 5869 intelligi.

651 5886 878 5958 Thcoplt.
953 5892 1026 5946 Ita
1086 5901 1191 5947 est.
1257 5892 1434 5949 Multae
1494 5904 1672 5948 autent
1706 5906 1836 5948 sunt
1866 5894 2029 5948 variae
2057 5892 2152 5949 Dei

580 5983 1124 6055 conitituuieationes,
1194 5998 1252 6042 ut
1311 5987 1553 6043 diximus
1592 5988 1645 6043 in
1678 5989 1820 6043 libro
1854 5988 1919 6043 de
1951 5987 2153 6044 divinis

2267 4786 2598 4857 πρεσϐεύειν
2645 4786 2898 4855 λέγομεν,
2932 4788 3063 4840 ὅταν
3110 4789 3210 4855 τὴν
3269 4787 3526 4858 οὗσίανῆ
3570 4785 3660 4853 τὴν
3692 4776 3801 4832 ὑπτί-

2264 4894 2456 4931 στασιν
2486 4878 2659 4949 αὐτὴν
2712 4878 2971 4948 καλῶμεν
3023 4878 3245 4949 πνεῦμα
3267 4896 3283 4912 ·
3317 4877 3621 4947 πολυμερὲς
3648 4870 3692 4925 δ’
3728 4866 3802 4921 ἄλ·

2263 4964 2383 5020 λοτέ
2418 4983 2598 5035 φαμεν
2629 4968 2787 5035 αὐτὸ,
2811 4968 2906 5021 καὶ
2931 4969 3073 5022 ἐπτὰ
3103 4965 3246 5023 εἶναι
3275 4955 3634 5038 διδασκόμεθα
3658 4960 3713 5014 τὸ
3736 4954 3798 5015 ἓν,

2263 5062 2359 5113 καὶ
2397 5060 2661 5130 μεθεκτὸν
2692 5059 2850 5115 τοῦτο
2877 5062 3162 5133 διαφόρως
3192 5066 3321 5134 περὶ
3348 5062 3457 5115 τῶν
3489 5059 3639 5114 θείων
3667 5046 3798 5122 προόο

2261 5155 2370 5208 δων
2400 5155 2495 5207 καὶ
2527 5154 2822 5224 ἐνεργειῶν
2851 5154 2949 5208 τοῦ
2979 5156 3100 5219 ἐνὸς
3130 5157 3279 5210 θείου
3314 5154 3629 5219 Πνεύματος
3652 5141 3802 5200 ποιού-

2267 5264 2422 5317 μενοι
2454 5246 2545 5299 τὶν
2574 5247 2754 5316 λόγον.
2802 5248 3136 5319 Ἀμέθεκτον
3165 5244 3260 5305 οὖν
3292 5248 3361 5301 σὺ
3392 5247 3491 5319 τὴν
3519 5242 3694 5298 οὐσίαν
3716 5233 3800 5305 φὴς

2263 5341 2361 5393 καὶ
2394 5340 2560 5407 φύσιν
2593 5340 2688 5394 τοῦ
2724 5341 2886 5397 Θεοῦ.

2338 5435 2517 5501 Θεοφ.
2564 5433 2699 5499 Ναὶ,
2742 5434 2842 5503 τὴν
2895 5434 3183 5507 ἀνώνυμον
3236 5434 3456 5504 ἐκείνην
3483 5429 3574 5485 καὶ
3620 5414 3799 5489 ὑπερώ-

2263 5543 2453 5597 νυμον.
2759 5558 2767 5566 -

2344 5617 2510 5670 Θεότ.
2540 5618 2830 5689 Μεθεκτὴν
2861 5620 2919 5673 δέ
2949 5620 3045 5675 καὶ
3096 5619 3291 5689 νοητὴν
3338 5616 3437 5688 τὴν
3482 5614 3694 5680 δύναμιν
3726 5597 3798 5654 καὶ

2264 5708 2365 5781 τὴν
2395 5710 2702 5779 ἐνέργειαν,
2726 5713 2794 5783 ἢν
2823 5716 2914 5766 καί
2938 5714 2966 5765 ό
2993 5714 3164 5782 μέγας
3193 5713 3295 5782 ἔφη
3327 5706 3599 5767 Βασίλειος
3628 5702 3686 5751 ἐκ
3711 5690 3796 5746 τῶν

2262 5803 2591 5871 ποιημάτων
2632 5805 3181 5873 καταλαμϐάνεσθαι.

2337 5899 2512 5966 Θεορ.
2552 5897 2713 5950 Τοῦτ’
2735 5899 2891 5953 αὐτὸ.
2919 5898 3209 5964 Μεθέξεως
3238 5896 3418 5969 μέντοι
3446 5890 3535 5943 τοῦ
3559 5881 3682 5940 Θεοῦ
3705 5877 3794 5969 διαξ

2263 5989 2432 6064 φοραὶ
2465 5990 2676 6056 πολλαὶ,
2729 5991 2803 6057 ὡς
2839 5994 2897 6046 ἐν
2922 5993 3000 6064 τῷ
3048 5993 3181 6068 περὶ
3228 5965 3385 6043 θείων
3416 5976 3685 6054 ἐνεργειῶν
3712 5965 3789 6022 καὶ
