4046 6454
270 278 391 343 929

1629 291 2161 360 THEOPHANES.

3436 307 3543 370 930

265 393 382 462 τῆς
412 393 535 447 κατ’
570 393 739 456 αὐτὰς
776 394 1049 466 μεθέξεως
1093 399 1191 452 κάν
1218 401 1284 471 τῇ
1316 400 1421 469 πρὸ
1451 400 1654 476 ταύτης
1680 405 1858 458 διαλέ-

1965 413 2378 481 operationibus
2433 424 2487 470 et
2515 416 3126 475 communicationibus
3163 429 3215 475 et
3247 420 3299 474 in
3337 438 3542 491 praece-

268 484 361 551 ξει
399 487 729 558 προείρηται
762 490 918 559 ἡμῖν.

350 581 517 635 Θεότ.
546 581 658 651 Τὴν
680 581 735 634 δὲ
759 584 1040 651 ἐνέργειαν
1067 584 1195 639 ἄλλο
1219 586 1397 654 λέγεις
1428 588 1528 658 τῆς
1551 590 1759 659 οὐσίας,
1782 594 1857 658 ὡς

266 668 646 739 διαφέρουσαν
673 673 914 743 ἐκείνης,
946 676 1154 747 ταύτης
1181 677 1238 730 δὲ
1273 680 1606 752 ἀχώριστον;

350 843 534 933 Θεοφ.
568 843 660 908 Ὠς
686 849 781 900 καὶ
806 848 909 915 τῆς
936 851 1128 916 οὐσίας
1149 854 1249 923 τὴν
1279 856 1606 912 ὐπόστασινυ
1642 860 1720 932 τῷ
1748 862 1857 933 γὰρ

270 932 387 985 άπὸ
414 933 508 987 τοῦ
539 935 806 1007 ὀνόματος
835 946 1228 1017 σημαινομένῳ
1255 947 1560 1021 διενήνοχεν
1591 932 1853 1020 ἑκάτερον

269 1026 470 1094 αὐτῆς.
1278 1068 1283 1072 ι

270 1209 311 1274 ζ
351 1120 520 1175 Θεότ.
554 1121 645 1193 Μὴ
675 1119 768 1178 οῦν
803 1126 898 1180 καὶ
926 1127 1026 1199 τὴν
1054 1130 1339 1202 ἐνέργειαν
1374 1135 1674 1193 ὑπόστασιν
1705 1137 1859 1205 δοξά-

311 1227 391 1271 ειζ
411 1229 427 1274 ἶ

311 1227 427 1276 ειςς

351 1305 531 1373 Θεοφ.
570 1306 823 1375 Ἄπαγε*
862 1308 1090 1381 οὐδεμία
1126 1314 1235 1395 γὰρ
1269 1315 1379 1370 τῶν
1406 1322 1668 1376 τοιούτων
1704 1322 1858 1389 ἑνερ-
1892 1370 1897 1373 Α

268 1395 445 1460 γειῶν
479 1397 871 1467 ὲνυπὸστατος,
906 1405 1194 1461 τουτέστιν
1235 1409 1669 1484 αὐθυπόστατος,
1710 1422 1858 1477 κατὰ

269 1487 372 1539 τὸν
413 1488 589 1557 μέγαν
627 1491 793 1560 φάναι
820 1493 1123 1552 Βασίλειον.

349 1582 516 1678 Beda.
558 1584 719 1678 ’ᾼλλὰ
759 1588 867 1657 μὴν
922 1590 1018 1642 καὶ
1055 1590 1144 1645 διά
1176 1593 1273 1663 τῆς
1318 1597 1601 1668 ἐνεργείας
1649 1607 1856 1678 ταύτης

266 1672 368 1727 τδν
397 1672 531 1727 Θεὸν
562 1676 669 1746 φῂς
702 1679 1032 1750 μετέχεσθαι
1064 1685 1213 1756 παρὰ
1243 1686 1353 1740 τῶν
1384 1695 1747 1764 μετεχόντων.

354 1768 534 1836 Θευφ.
566 1770 724 1823 Κατὰ
749 1773 811 1825 τὸ
845 1774 1152 1849 ἐγχωροῦν.

353 1859 520 1912 Θεότ.
555 1861 668 1913 Καὶ
696 1861 783 1915 διὰ
825 1866 924 1935 τῆς
959 1867 1149 1932 οὐσίας
1181 1869 1274 1924 τὸν
1311 1873 1475 1929 αὐτὸν
1501 1875 1650 1945 ,Θεὸν
1681 1878 1856 1950 ἀμέθ-

272 1963 462 2002 εκτον.

356 2042 529 2109 Θεοφ.
570 2042 847 2099 Μάλιστα.

352 2133 519 2187 Θεότ.
553 2134 762 2199 Ὄντως
788 2136 957 2208 λῆρος
991 2144 1060 2195 τὰ
1094 2143 1220 2197 καθ’
1251 2146 1409 2218 ὐμῶν
1433 2150 1659 2207 ἐκείνων
1684 2153 1856 2225 φθέγο

273 2242 453 2295 ματα.
490 2226 618 2290 Πῶς
645 2230 754 2301 γὰρ
808 2229 967 2297 ἄλλος
999 2233 1152 2289 ἔσται
1176 2239 1205 2291 δ
1248 2241 1429 2304 αὐτὸς.
1474 2243 1593 2309 πῶς
1617 2246 1663 2300 δ’
1696 2244 1856 2312 αὖθις

269 2318 430 2372 ἔσται
455 2318 597 2373 κατὰ
624 2321 806 2377 πάντα
828 2323 889 2377 τὸ
917 2325 1074 2394 αὐτὸ,
1108 2332 1173 2400 τῇ
1198 2331 1459 2406 ἀκινησίᾳ
1485 2337 1734 2407 πρόοδος,
1761 2340 1857 2393 καὶ

273 2408 356 2480 τῷ
384 2409 677 2483 άμεθῶιτῳ
723 2413 941 2483 μέθεξις
975 2418 1071 2471 καὶ
1108 2423 1175 2491 τῇ
1226 2428 1552 2496 κρυφιότητι
1583 2431 1617 2501 ἡ
1653 2428 1856 2498 ἐκφαν-

272 2516 383 2562 σις.
426 2502 699 2572 Ἀλλήλων
733 2506 962 2578 μὲνγὰρ
997 2509 1176 2564 ταῦτα
1205 2513 1483 2586 διαφέρειν
1525 2520 1848 2590 ἀναγκαῖον,

266 2592 393 2646 ἀλλ’
441 2596 503 2649 οὐ
549 2594 822 2669 διαφόρων
848 2599 1077 2656 δύναται
1108 2604 1398 2678 ὑπάρχειν,
1423 2611 1479 2664 εἴ
1507 2630 1568 2682 γε
1600 2615 1850 2671 Extis-1a.

349 2777 529 2844 Θεοφ.
565 2774 626 2830 Εί
657 2776 715 2831 δὲ
743 2774 809 2834 τά
842 2781 942 2851 μὲν
969 2783 1151 2839 αὐτῶν
1175 2788 1392 2855 κτιστὰ,
1427 2791 1496 2844 τὰ
1524 2793 1571 2846 δ’
1599 2794 1852 2863 άκτιστα,

263 2861 315 3013 ἔ)
355 2868 563 2938 χρηστὲ
609 2869 864 2943 Θεότιμε,
915 2874 1174 2949 ὑπάρχει,
1223 2882 1317 2936 καὶ
1348 2883 1621 2956 διαφέρων
1659 2861 1855 2945 οὐσιῶν

300 2978 414 3013 στι.
468 3003 474 3007 .

300 2978 414 3016 στι.
468 3003 474 3007 .

345 3053 513 3107 Θεότ.
546 3055 670 3118 Πῶς
693 3056 804 3129 γὰρ
827 3057 928 3124 οὓς

345 3146 527 3212 Θεοφ.
562 3146 826 3203 Πολύθεοι
850 3151 940 3221 ἄρ’
962 3151 1037 3214 ὡς
1063 3154 1279 3226 άληθῶς
1304 3160 1351 3213 οἱ
1373 3162 1529 3216 ταῦθ’
1552 3164 1698 3221 οὕτω
1722 3169 1856 3225 8cm-

266 3231 503 3304 ροῦντες
553 3230 722 3293 οῦτοι.
760 3240 931 3295 Ὅταν
984 3244 1029 3299 δ’
1082 3246 1242 3313 αὖθις
1285 3255 1483 3308 ταυτὴν
1539 3261 1853 3318 παντάπασι

263 3324 536 3419 τιθῶνται
568 3332 633 3400 τῇ
685 3334 1015 3406 κρυφιότητι
1047 3336 1146 3407 τὴν
1191 3339 1456 3409 ἔκφανσιν
1489 3347 1584 3399 καὶ
1614 3352 1680 3419 τῇ
1734 3353 1856 3406 ἀκι-

266 3418 443 3518 νησίᾳ
473 3422 567 3518 καὶ
596 3425 921 3496 μονιμότητι
956 3432 1057 3499 τὴν
1088 3432 1339 3503 πρόοδον,
1369 3436 1464 3489 καὶ
1494 3440 1558 3509 τῇ
1587 3441 1854 3518 άμεθεξίᾳ

263 3514 377 3580 τὴν
416 3514 572 3570 θείαν
612 3518 837 3586 μέθεξιν
882 3537 944 3574 τε
972 3523 1067 3576 καὶ
1119 3526 1443 3597 μετάληψιν,
1475 3534 1671 3586 ταυτὸν
1702 3536 1747 3589 δ’
1773 3514 1854 3591 et;

266 3609 397 3659 πεῖν
425 3609 492 3678 τῇ
541 3608 637 3662 τοῦ
672 3610 810 3665 Θεοῦ
839 3613 999 3685 οὐσίᾳ
1032 3615 1129 3686 τὴν
1171 3617 1323 3675 θείαν
1358 3622 1516 3692 χάριν
1563 3629 1659 3680 καὶ
1707 3630 1856 3699 ἐνέρ-

270 3714 452 3765 γειαν.
517 3702 865 3773 καταληπτὸν
920 3707 1110 3777 σαφῶς
1161 3713 1476 3770 παντάπασι
1507 3719 1741 3775 τίθενται
1794 3724 1853 3776 τὸ

269 3789 443 3855 θεῖον,
473 3790 501 3844 δ
531 3792 633 3864 τῆς
660 3792 952 3860 πολυθεῒας
979 3798 1078 3851 οὐκ
1102 3799 1323 3856 ἔλαττόν
1349 3806 1467 3859 ἐστι
1498 3810 1686 3864 κακόν·
1718 3814 1853 3868 ἀλλὰ

266 3882 448 3937 ταῦτα
491 3884 590 3954 μὲν
629 3887 1002 3958 ἀποχρώντως
1028 3890 1123 3946 νῦν
1158 3896 1293 3966 ἡμῖν
1323 3898 1575 3970 εἰρῆσθαι
1625 3904 1722 3959 καὶ
1756 3906 1854 3960 αὐ-

266 3973 363 4037 τὸς
389 3974 477 4041 ἂν,
507 3973 684 4045 οἶμαι,
720 3981 910 4052 φαίης.

347 4065 513 4156 Geor.
549 4067 659 4137 Οὐχ
713 4068 918 4138 ἥκιστα
952 4072 1052 4142 μὲν
1099 4073 1193 4129 οὖν
1242 4077 1334 4133 καὶ
1387 4082 1526 4149 πρὸς
1563 4083 1851 4156 ἀκρίϐειαν

269 4154 535 4221 ἀσφαλῶς
566 4165 661 4212 καὶ
691 4160 953 4225 εὐσεϐῶς.

347 4248 526 4317 Θεοφ,
566 4250 774 4306 Ἐκεῖνο
820 4253 868 4308 δ’
919 4257 1157 4313 ἐνταῦθα
1195 4261 1288 4316 τοῦ
1326 4264 1485 4334 λόγου
1538 4271 1850 4340 γενομένοις

269 4341 656 4412 διευκρινῆσαι
683 4347 1004 4417 ἀναγκαῖον.

353 4435 520 4491 Θεότ.
552 4437 710 4491 Ποῖον
739 4438 931 4511 δήποτ’
954 4442 1043 4515 ἄρ’
1069 4445 1284 4516 ὲκεῖνο;

349 4526 521 4594 Θεοφ.
551 4526 677 4590 Πῶς
709 4545 876 4598 φησιν
908 4533 937 4584 ὁ
966 4532 1076 4586 τῶν
1108 4536 1430 4595 ἀποστόλων
1461 4547 1762 4613 κορυφαῖος
1791 4548 1850 4600 ὲν

269 4618 339 4687 τῇ
369 4618 598 4692 δευτέρᾳ
646 4622 755 4675 τῶν
791 4623 1142 4693 Ἐπιστολῶν,
1186 4647 1205 4680 t
1247 4630 1367 4686 Ἵνα
1410 4635 1642 4705 γένησθε
1701 4639 1854 4701 θείας

269 4711 524 4764 κοινωνοὶ
551 4713 785 4782 φύσεως.
830 4734 850 4768 ι
892 4717 1053 4772 Ἀλλὰ
1083 4721 1178 4774 καὶ
1221 4721 1251 4773 ὁ
1282 4724 1443 4793 σοφδς
1472 4727 1543 4780 τὰ
1577 4728 1695 4781 θεῖα
1728 4730 1853 4783 Μά-

270 4803 473 4870 ξιμος·
515 4822 534 4856 ι
573 4805 667 4868 Εἰς
708 4807 867 4861 τοῦτο
936 4811 1086 4881 ἡμᾶς
1139 4814 1443 4886 πεποίηκεν
1472 4819 1501 4871 ὁ
1554 4818 1708 4886 Θεὸς,
1766 4820 1856 4874 ἵνα

269 4890 564 4959 γενώμεθα
579 4892 728 4959 θείας
746 4900 994 4952 κοινωνοὶ
1021 4900 1237 4969 φύσεως
1260 4905 1356 4959 καὶ
1379 4905 1478 4974 τῆς
1502 4907 1665 4960 αὐτοῦ
1695 4909 1858 4962 ἁῖδιό-
1892 4956 1901 4961 -

271 4999 438 5053 τητος
468 4984 708 5056 μέτοχοι.
754 5006 773 5040 ι
822 4989 882 5043 '0
909 4990 968 5044 δὲ
995 4992 1218 5064 Νύσσης
1249 4995 1390 5061 θεῖος
1426 4999 1689 5069 πρόεδρος
1712 5001 1859 5072 Γρη-

272 5074 483 5145 γὸριος,
520 5095 539 5129 ι
574 5077 796 5144 Σκεῦος,
839 5083 994 5152 φησὶ,
1027 5085 1126 5153 τῆς
1172 5086 1401 5157 ἐκλογῆς
1437 5089 1587 5157 ἅπαξ
1627 5094 1857 5163 γενόμε-

274 5182 368 5227 νος
393 5165 604 5229 ὁ,θεῖος
633 5168 868 5237 Παῦλος,
903 5168 1054 5240 οἶκος
1105 5176 1496 5246 περιληπτικὸς
1532 5181 1633 5252 τῆς
1662 5185 1860 5254 ἀπερι-

273 5256 484 5324 λήπτου
518 5254 711 5325 γέγονε
738 5260 976 5327 φύσεως.
1018 5282 1037 5317 ι

356 5345 522 5399 Θεότ.
556 5344 628 5402 Εὖ
661 5365 742 5402 σοι
776 5351 1011 5420 γένοιτο,
1044 5354 1337 5425 Θεόφανες,
1379 5358 1456 5432 μὴ
1484 5362 1622 5432 πρὸς
1650 5364 1856 5421 ἐπίδειο

277 5437 367 5504 ειν
398 5436 590 5502 ἁπλῶς
617 5440 752 5512 μηδὲ
785 5443 924 5513 πρὸς
954 5444 1015 5498 τὸ
1042 5447 1254 5502 πείθειν
1307 5451 1436 5514 τοὺς
1467 5453 1855 5525 ἀκροωμένους

278 5526 598 5597 ποιουμένῳ
652 5528 750 5601 τὴν
801 5530 1062 5602 διάλεξιν,
1121 5535 1255 5592 ἀλλὰ
1302 5538 1439 5610 πρὸς
1489 5542 1693 5617 ἀκριϐῆ
1754 5550 1857 5621 τῆς

361 5704 380 5735 ⁸
407 5703 448 5759 Ii
477 5702 622 5759 l‘ttr.
650 5720 686 5770 ι,
724 5704 777 5759 4.

1966 503 2114 559 denti
2151 505 2556 564 dissertatione.

2041 594 2224 650 Theot.
2285 598 2502 654 Dicisne
2556 601 2926 670 operationem
2984 602 3131 657 aliud
3203 617 3324 658 esse
3377 620 3539 673 quam

1964 692 2255 760 essentiam
2287 731 2302 755 ,
2339 700 2599 763 tanquam
2633 694 2700 748 ab
2730 695 2847 765 ipsa
2876 695 3168 762 diveréam,
3202 696 3271 751 ab
3299 711 3365 751 ea
3411 711 3541 750 vero

1968 781 2410 848 inaeparabiletn?

2040 871 2271 951 Theoplz1
2312 874 2466 929 Sicut
2525 889 2759 945 persona
2783 875 3055 942 discrepat
3085 875 3152 929 ab
3185 880 3444 930 essentia:
3472 879 3541 930 ah

1967 960 2066 1016 hac
2107 964 2249 1017 enim
2312 973 2604 1034 utrumque
2636 975 2843 1021 tantum
2864 964 3043 1019 differt
3064 974 3330 1035 quantum
3356 965 3538 1021 disso-

1966 1063 2057 1106 nat
2094 1056 2332 1111 nominis
2361 1056 2711 1126 signiﬁcatio.

2040 1146 2220 1203 Tlteot.
2263 1148 2403 1203 Num
2437 1149 2602 1220 igitur
2626 1159 2678 1205 et
2706 1150 3077 1220 Operationem
3105 1165 3223 1207 esse
3249 1167 3538 1223 personam

1969 1238 2255 1293 arbitraris
2280 1240 2304 1295 ?

2041 1330 2272 1402 Theoplt.
2317 1332 2512 1387 Absit:
2549 1334 2698 1390 nulla
2744 1334 2891 1390 enim
2932 1335 3119 1390 talium
3160 1335 3538 1404 operationum

1963 1432 2046 1477 est
2080 1425 2410 1493 hypostasis.
2459 1425 2510 1479 id
2548 1435 2651 1491 est,
2691 1443 2787 1497 per
2820 1443 2879 1482 se
2921 1428 3250 1493 subsiSIcns,
3307 1438 3367 1483 ut
3406 1428 3543 1482 dixit

1964 1531 2195 1587 magnus
2228 1518 2483 1572 Basilius.

2039 1608 2221 1664 Theot.
2288 1612 2355 1663 At
2414 1626 2509 1677 pr-r
2568 1612 2708 1665 hanc
2757 1613 3136 1682 operationem
3193 1613 3332 1669 dicis
3371 1612 3540 1668 Deum

1964 1701 2364 1755 communit-ari
2401 1703 2886 1773 participantibus.

1888 1775 1928 1828 Β
2029 1790 2262 1861 ΤΙιεορΙι.
2303 1792 2491 1859 ριιο;ιι1
2533 1795 2646 1849 liet'i
2680 1806 2881 1865 potest.

2033 1883 2217 1942 Theot.
2256 1884 2323 1940 Et
2354 1887 2589 1942 essentia
2615 1888 2865 1943 eumdem
2892 1889 3060 1945 Deum
3087 1904 3211 1946 esse
3240 1906 3544 1947 meorumu-

1864 1970 1869 1977 ’
1956 1976 2272 2032 nicabiletn.

2034 2069 2264 2137 TlteOph.
2313 2069 2551 2140 Optime.
3382 2130 3392 2141 ,

1987 2144 1996 2151 ’
2030 2160 2215 2214 ΤΙιεοι.
2254 2158 2392 2215 Vere
2426 2160 2621 2215 deliria
2673 2172 2801 2216 sunt
2831 2177 3019 2218 eorum
3055 2173 3245 2220 contra
3288 2181 3385 2221 vos
3429 2183 3546 2221 ser-

1957 2267 2173 2309 mones.
2200 2251 2490 2318 Quomodo
2517 2254 2664 2309 enim
2695 2254 2836 2311 alius
2860 2255 2964 2310 erit
2990 2256 3157 2323 idem,
3186 2265 3239 2312 et
3266 2260 3542 2328 quomodo

1958 2344 2158 2399 iterum
2210 2344 2437 2399 omnino
2488 2346 2795 2402 consimilis
2847 2347 2953 2402 erit
3001 2348 3371 2404 immohilitati
3421 2366 3545 2418 pro-

1958 2434 2160 2498 cessio,
2194 2432 2808 2492 incommunicabilitati
2862 2438 3230 2509 participatio,
3265 2450 3320 2497 et
3370 2443 3542 2510 impe.

1957 2524 2315 2581 nctrabilitati
2358 2524 2785 2582 maniiestatio?
2821 2528 2946 2584 llaec
2978 2530 3125 2584 enim
3163 2531 3306 2587 inter
3335 2548 3396 2589 se
3430 2535 3544 2588 dis-

1956 2631 2181 2686 crepare
2216 2630 2440 2672 necesse
2484 2626 2600 2682 est,
2634 2619 2728 2673 sed
2767 2629 3050 2690 nequeunt
3097 2621 3316 2678 diversa
3373 2623 3539 2679 simul

1957 2709 2242 2775 exsistere,
2279 2708 2323 2764 si
2357 2709 2467 2764 sint
2495 2708 2760 2765 incrcata.
3536 2775 3539 2778 ς

2030 2801 2261 2872 TheOph.
2300 2801 2360 2855 Si
2394 2810 2576 2856 autem
2609 2816 2797 2858 eorum
2830 2802 2936 2858 alia
2973 2815 3104 2859 sunt
3135 2815 3319 2861 creata
3347 2814 3400 2861 et
3431 2807 3537 2862 alia

1956 2895 2225 2963 inercata,
2262 2894 2588 2950 charissime
2617 2893 2927 2965 Theotime,
2953 2897 3329 2965 exsistunt,ac
3357 2899 3537 2955 diver-

1960 3001 2051 3041 sas
2087 2987 2291 3042 habent
2320 2986 2609 3042 essentias.

2030 3078 2208 3134 Theot.
2247 3079 2357 3135 Cur
2387 3095 2494 3135 non
2519 3081 2542 3135 ?

2035 3170 2269 3242 Theoph.
2310 3172 2555 3244 Polythei
2585 3181 2714 3229 sunt
2746 3175 2909 3245 igitur
2937 3173 3028 3229 isti
3060 3173 3151 3244 qui
3181 3173 3297 3229 hmc
3325 3177 3403 3228 ita
3432 3160 3545 3228 dis-

1961 3274 2216 3333 cerpunt.
2251 3264 2389 3319 Cum
2421 3275 2649 3321 econtra
2678 3268 2904 3322 omnino
2941 3267 3251 3322 assimilant
3286 3269 3546 3321 manifes-

1959 3357 2223 3411 tationem
2257 3357 2786 3426 impenetrabilitati,
2826 3358 3195 3413 immobilitati
3233 3373 3298 3413 ac
3329 3374 3544 3426 perma-

1960 3449 2160 3504 nentite
2213 3449 2622 3519 processionem
2652 3491 2666 3516 ,
2719 3459 2887 3520 atque
2935 3451 3542 3506 incommunicahilitati

1958 3540 2198 3595 divinam
2277 3541 2834 3596 communicationem
2910 3549 2964 3597 et
3028 3542 3540 3613 participationem,

1960 3630 2218 3701 idemque
2257 3631 2466 3701 pariter
2497 3631 2704 3687 iaciunt
2734 3632 2827 3688 Dei
2871 3633 3174 3688 essentiam
3208 3647 3273 3689 ac
3301 3633 3539 3687 divinam

1960 3723 2193 3790 gratiam
2226 3731 2281 3776 et
2306 3721 2705 3790 operationem,
2738 3721 3288 3793 comprehensibilem
3321 3722 3545 3777 eviden-

1960 3813 2171 3868 tissime
2202 3813 2412 3868 iaciunt
2444 3801 2636 3877 Deum,
2668 3816 2815 3884 quod
2861 3829 2968 3869 non
3002 3824 3085 3869 est
3113 3815 3298 3871 minus
3333 3814 3536 3868 malum

1956 3921 2123 3976 quam
2170 3906 2728 3977 polytheismus;sed
2782 3907 2895 3963 haec
2923 3906 3258 3963 suﬁicienter
3304 3922 3334 3962 a
3381 3908 3541 3963 nobis

1955 3999 2243 4068 explanata
2280 4010 2336 4053 tu
2373 3998 2510 4069 ipse.
2542 4009 2695 4068 puto,
2731 3998 2902 4054 dices.

2031 4092 2217 4146 Theot.
2260 4090 2329 4144 Et
2363 4091 2581 4158 quidem
2615 4106 2739 4146 cum
2776 4093 3013 4145 maxima
3046 4100 3098 4146 et
3124 4089 3540 4148 accuratissima

1955 4180 2221 4237 ﬁdelitate
2249 4196 2315 4237 ac
2338 4182 2559 4251 pietate.

2028 4273 2262 4344 Theoph.
2306 4271 2364 4329 Id
2418 4284 2603 4328 autem
2666 4275 2773 4329 huc
2817 4273 3091 4330 sermonis
3129 4273 3543 4332 devenientibus

1955 4365 2245 4433 diligenter
2271 4376 2356 4422 est
2383 4368 2830 4423 examinamlum.

1882 4467 1928 4524 ι)
2028 4454 2211 4512 Theot.
2248 4457 2518 4523 Quidnam
2554 4457 2764 4526 igitur?

2028 4546 2262 4616 Theoph.
2304 4548 2459 4613 Quod
2488 4548 2622 4602 dicit
2651 4547 2910 4618 princeps
2940 4548 3312 4618 apostolorum
3354 4549 3409 4602 in
3447 4564 3537 4604 se-

1956 4641 2138 4696 cunda
2168 4638 2409 4710 Epistola
2440 4658 2455 4695 :
2491 4656 2509 4691 ι
2552 4637 2623 4694 Ut
2674 4641 2985 4695 eiliciamini
3017 4641 3214 4695 divinae
3254 4653 3538 4697 consortes

1958 4742 2168 4788 naturae
2194 4733 2236 4786 ⁵.
2278 4751 2298 4785 ι
2334 4731 2401 4788 Ει
2424 4730 2645 4801 sapiens
2669 4735 2722 4786 in
2758 4732 2962 4786 divinis
2993 4733 3302 4788 Maximus:
3343 4750 3362 4782 ι
3411 4733 3541 4788 ideo

1957 4836 2061 4878 nos
2094 4821 2222 4877 fecit
2257 4821 2423 4889 Deus,
2454 4832 2513 4877 ut
2542 4820 2845 4877 ellieiamur
2880 4823 3081 4879 divinae
3130 4833 3416 4879 consortes
3447 4841 3543 4878 na-

1962 4925 2098 4969 tura:
2140 4923 2194 4970 et
2250 4913 2368 4981 ejus
2426 4915 2747 4970 aeternitatis
2806 4915 3121 4986 participes.
3177 4932 3196 4967 ι
3252 4916 3330 4970 Ac
3375 4916 3535 4971 divus

1960 5006 2147 5078 Nyssaa
2181 5009 2411 5065 antistes
2444 5008 2787 5080 Gregorius:
2842 5028 2862 5063 ι
2900 5009 3009 5064 Vas
3041 5009 3326 5067 electionis
3373 5012 3542 5067 semel

1960 5095 2138 5152 iactus
2159 5097 2318 5155 divus
2334 5096 2556 5165 Paulus,
2573 5100 2772 5155 domus
2789 5099 3306 5169 comprehensibilis
3330 5101 3542 5158 incom-

1960 5189 2350 5259 prehensibilis
2382 5201 2592 5247 naturae
2624 5190 2854 5249 eﬂ‘ectus
2890 5199 2997 5249 est.
3038 5211 3056 5244 ι

2025 5364 2204 5421 ΤΙιεοι.
2249 5368 2548 5431 Beneftibi
2594 5371 2688 5439 sit,
2722 5371 3111 5443 Theophanes,
3158 5375 3250 5441 qui
3304 5386 3421 5427 non
3473 5373 3542 5428 ad

1953 5459 2294 5529 urguendum
2343 5461 2694 5518 solummodo
2728 5478 2830 5519 nec
2862 5464 2928 5518 ad
2962 5461 3393 5519 convincendum
3432 5480 3534 5517 au-

1954 5548 2161 5608 ditores
2201 5552 2456 5623 disseris,
2494 5538 2587 5613 sed
2619 5556 2684 5612 ad
2721 5565 3037 5612 accuratam
3070 5554 3324 5612 veritatis
3374 5555 3536 5610 inda-
