4046 6474
561 267 664 331 931

1840 260 2226 324 GREGORII
2263 263 2587 326 PALAMJE

3688 262 3772 326 932

556 382 832 454 gationem
862 393 925 434 ac
957 376 1502 433 demonstrationem.
1529 374 1688 429 Nunc
1711 373 1855 430 enim
1888 373 2142 444 equidem

2254 374 2501 446 ὶληθείας
2531 371 2758 445 ἐρευνᾶν
2789 389 2848 426 τε
2894 369 2989 426 καὶ
3021 370 3319 439 ἀπόδειξιν.
3348 371 3460 426 Νῦν
3489 372 3592 443 γὰρ
3629 371 3778 445 ἔγωγε

558 491 589 529 a
640 485 691 528 te
740 474 1042 529 instructus
1079 471 1326 540 intelligo
1360 470 1508 533 illos,
1541 468 1802 539 praefatos
1827 477 2010 524 textus
2041 481 2142 536 pro

563 583 762 638 magno
790 565 1038 635 exemplo
1062 564 1384 635 allegantes.
1411 560 1922 617 commnnicabilem
1957 560 2144 614 dicere

561 660 861 717 essentiam
917 665 973 714 et
1019 665 1274 711 naturam
1317 654 1448 709 Dei:
1485 653 1589 708 hoc
1623 653 1816 723 igitur,
1853 660 2042 722 utpote
2077 651 2143 706 ad

562 751 901 822 propositum
953 749 1113 802 tinem
1157 746 1416 802 omnibus
1469 745 1680 810 utilius,
1705 743 1938 813 explana
1963 742 2144 814 quoad

565 847 741 900 laeere
772 840 1002 913 poteris.
2110 837 2117 844 ’

636 936 864 1005 Theoph.
908 934 960 987 Id
1016 948 1258 1002 quoque,
1316 931 1461 986 sicut
1513 939 1565 984 et
1620 929 1905 998 praedicta,
1938 927 2144 998 duplici

563 1030 766 1100 pariter
805 1029 1077 1096 accipitur
1114 1042 1298 1088 sensu,
1332 1039 1366 1077 ο
1416 1023 1768 1077 charissime.
1804 1022 1942 1076 Audi
1996 1024 2141 1076 enim

565 1137 754 1176 rursus
779 1121 1030 1173 etnmlem
1064 1117 1360 1171 Maximum
1394 1115 1665 1169 dicentem
1697 1135 1708 1168 :
1741 1133 1758 1167 ι
1796 1114 1897 1181 Qui
1925 1115 2144 1170 entibus

563 1229 671 1266 non
703 1221 785 1264 est
820 1210 1058 1263 essentia
1095 1206 1600 1269 conirminicabilis,
1623 1206 1728 1258 alio
1759 1215 1939 1258 tamen
1979 1204 2144 1259 modo

560 1305 671 1356 vult
705 1302 910 1371 capaci
939 1317 1002 1354 us
1039 1299 1465 1362 communicari,
1509 1313 1574 1351 ex
1626 1298 2145 1366 iinpeuetrabilitate

561 1412 672 1451 sum
705 1394 952 1448 essentia:
1000 1407 1106 1446 non
1139 1390 1273 1445 exit.
1317 1409 1335 1443 ι
1373 1389 1432 1445 Et
1469 1390 1700 1445 iterum:
1751 1406 1770 1440 ε
1809 1387 1931 1444 Toti
1984 1405 2142 1460 pror-

559 1505 655 1543 sus
697 1486 967 1539 ellicimnr
1013 1485 1110 1549 dii,
1162 1493 1362 1554 praeter
1407 1481 1664 1536 essentia:
1712 1479 2078 1536 identitatem.
2119 1499 2138 1532 ι

565 1580 627 1632 Iit
673 1578 910 1632 iterum:
945 1595 962 1627 ι
1003 1573 1168 1628 Beata
1193 1572 1453 1628 divinitas
1479 1571 1716 1625 essentia
1744 1585 1960 1625 omnem
1993 1569 2148 1623 locu-

561 1671 766 1726 tionem
824 1668 1182 1737 notitiamque
1226 1680 1279 1719 et
1312 1665 1633 1721 Inlinitatem
1661 1662 1873 1718 inﬁnite
1901 1671 2144 1732 superat,

561 1783 662 1820 nec
687 1767 858 1818 ullum
889 1760 1400 1830 comprehensionis
1427 1757 1714 1828 vestigium
1747 1757 1830 1811 vel
1856 1756 2141 1811 minimum

560 1856 831 1910 ereatnris
893 1853 1177 1922 relinquit.
1220 1870 1238 1904 ι
1278 1851 1346 1906 Ει
1376 1851 1718 1905 Athanasius
1761 1849 1988 1917 Magnus
2026 1849 2140 1902 ait:

566 1969 584 2001 ι
623 1949 822 2004 Deiﬁca
873 1947 1046 2016 gratia
1107 1945 1469 2015 partieipatur
1514 1952 1568 1997 et
1618 1943 1841 1998 videtur
1893 1955 1923 1996 a
1965 1941 2144 2012 dignis

561 2040 736 2103 Deus,
787 2037 1028 2093 essentia
1082 2050 1212 2090 vero
1256 2032 1802 2088 incommunicabilis
1850 2037 1956 2086 est.
2003 2048 2024 2083 ι
2080 2029 2147 2085 Et

564 2135 764 2186 iterum
794 2147 808 2185 :
851 2148 869 2181 ι
903 2129 1037 2184 Esse
1087 2126 1260 2182 Deum
1306 2136 1390 2180 est
1421 2124 1747 2179 sccuudaria
1783 2132 1992 2178 natura:
2022 2137 2148 2192 pro-

563 2227 789 2295 prietas,
844 2240 970 2278 nam
1031 2231 1086 2277 et
1135 2236 1236 2276 nos
1279 2221 1350 2274 dii
1389 2218 1691 2283 eiiicimur;
1753 2217 1847 2272 sed
1900 2217 2144 2287 ejusdem

562 2333 685 2374 esse
724 2325 936 2371 naturae
963 2329 1068 2368 non
1098 2327 1414 2383 possumus.
1454 2330 1472 2362 ι
1515 2310 1578 2364 Ει
1611 2309 1809 2365 iterum
1841 2326 1856 2364 :
1897 2326 1915 2359 ι
1953 2307 2148 2377 Liquet

563 2427 674 2467 non
716 2412 1011 2465 essentiam
1049 2407 1176 2473 Dei,
1215 2406 1312 2461 sed
1362 2404 1592 2476 gloriam
1631 2418 1660 2456 a
1717 2401 1927 2458 sanetis
1974 2399 2145 2456 visam

566 2505 759 2569 fuisse,
793 2504 940 2558 sicut
973 2502 1041 2556 de
1093 2498 1364 2572 apostolis
1405 2497 1671 2568 scriptum
1706 2502 1790 2550 est
1829 2492 2149 2566 expergefa-

563 2610 684 2654 ctos
729 2597 947 2652 Petrum
997 2603 1054 2648 et
1092 2594 1186 2662 qui
1234 2607 1360 2648 cum
1393 2606 1461 2648 eo
1494 2600 1651 2646 erant
1685 2589 1888 2646 vidisse
1917 2589 2148 2660 gloriam

565 2691 706 2762 ejus.
748 2707 766 2740 ι
805 2688 868 2742 Et
904 2687 1140 2743 Basilius
1173 2685 1441 2756 Magnus:
1483 2703 1502 2737 ι
1537 2683 1899 2754 Operationes
1932 2683 2051 2754 ejus
2081 2680 2149 2738 ad

569 2797 670 2835 uos
704 2779 1070 2842 descendunt,
1100 2776 1342 2832 essentia
1390 2789 1520 2830 vero
1552 2781 1736 2828 manet
1777 2773 2085 2828 inaccessa.
2125 2789 2146 2823 ι

569 2872 635 2926 Ει
673 2886 905 2925 rursus:
948 2888 966 2921 ι
1018 2867 1128 2924 Nos
1171 2883 1237 2923 ex
1282 2866 1697 2936 operationibus
1746 2865 1863 2921 suis
1913 2863 2151 2919 dicimus

571 2966 920 3020 innotescere
950 2961 1113 3016 nobis
1172 2961 1342 3015 Deum
1373 2968 1650 3038 nostrum,
1689 2958 1756 3014 ad
1791 2959 1915 3029 ejus
1967 2965 2150 3014 autem

2244 466 2338 522 σοῦ
2369 468 2782 536 ἀναμνήσαντος
2811 464 3158 536 ἐνεθυμήθην
3188 465 3259 527 ὡς
3291 466 3358 518 τὰ
3381 463 3578 518 τοιαῦτ’
3609 465 3781 520 ἐκεῖνοι

2241 560 2385 631 μέγα
2426 558 2628 628 δεῖγμα
2672 555 3107 628 προϐαλλόμενοι
3153 556 3426 627 μεθεκτήν
3468 571 3622 624 φασιν
3663 550 3781 609 εἶναι

2237 653 2338 724 τὴν
2365 651 2556 706 οῦσίαν
2587 649 2683 703 καὶ
2725 650 2824 719 τὴν
2863 651 3026 717 φύσιν
3058 647 3153 701 τοῦ
3183 647 3339 703 Θεοῦ.
3389 648 3475 712 Ὠς
3499 643 3590 702 οῦν
3613 648 3781 718 προέρ-

2238 765 2336 817 γου
2371 745 2431 799 ὸν
2460 745 2662 809 παντὸς
2695 742 2898 815 μᾶλλον
2937 745 3018 807 είς
3051 741 3151 814 τήν
3195 745 3563 815 προκειμένην
3597 743 3779 815 σκέψιν,

2243 835 2583 906 διασάφησον
2608 837 2780 906 ὁπόση
2813 838 3068 906 δύναμις.

2317 931 2495 998 Θεοφ.
2529 929 2640 982 Καὶ
2668 929 2827 982 τοῦτο
2869 929 3272 1002 παραπλησίως
3313 931 3428 996 τοῖς
3462 931 3701 1003 ἀνωτέρω
3725 933 3784 985 εί-

2249 1020 2507 1090 ρημένοις
2561 1022 2659 1090 τῆς
2721 1020 2894 1089 αὐτῆς
2940 1021 3126 1092 ἔχεται
3181 1022 3430 1090 διπλόης,
3483 1017 3525 1076 ὦ
3575 1023 3784 1091 φιλότης.

2249 1113 2450 1165 Ἀκουε
2478 1111 2585 1183 γὰρ
2615 1109 2772 1174 αὖθις
2803 1114 2898 1168 τοῦ
2922 1112 3086 1166 αὑτοῦ
3117 1113 3374 1182 Μαξίμου
3397 1115 3662 1182 λέγοντος,
3691 1134 3706 1167 ι
3738 1115 3784 1168 '0

2245 1207 2358 1268 τοῖς
2393 1205 2512 1259 οὖσι
2545 1207 2619 1276 μὴ
2659 1208 2782 1261 κατ’
2813 1207 3006 1259 οὐσίαν
3031 1207 3300 1278 ὑπάρχων
3335 1207 3612 1276 μεθεκτὸς,
3643 1209 3784 1279 ἑτέρῳ

2245 1296 2304 1350 δὲ
2342 1295 2534 1367 τρόπῳ
2595 1299 2924 1367 μετέχεσθαι
2963 1300 3076 1362 τοῖς
3129 1299 3450 1368 δυναμένοις
3480 1299 3781 1371 βουλόμενος,

2245 1389 2341 1442 τοῦ
2376 1390 2498 1444 κατ’
2525 1391 2716 1444 οὐσίαν
2749 1391 2988 1462 κρυφίου
3018 1391 3304 1454 παντελῶς
3329 1392 3430 1444 οὐκ
3470 1392 3778 1459 ἐξίσταται.»

2246 1483 2357 1536 Καὶ
2389 1483 2554 1536 πάλιν
2575 1499 2589 1514 ο
2629 1502 2647 1536 ι
2689 1483 2844 1537 Ὄλοι
2873 1483 3049 1537 διόλου
3085 1477 3354 1555 γινόμεθα
3385 1483 3499 1538 θεοὶ
3533 1490 3688 1556 χωρὶς
3711 1488 3785 1556 τῆς

2247 1575 2369 1628 κατ’
2397 1574 2589 1630 οὐσίαν
2610 1575 2962 1644 ταυτότητος.
3000 1594 3020 1630 ι
3053 1577 3161 1631 Καὶ
3191 1576 3357 1630 πάλιν
3379 1594 3393 1608 ο
3426 1596 3444 1629 ι
3491 1578 3550 1630 'H
3581 1579 3784 1647 μακαρία

2250 1667 2442 1738 θεότης
2481 1667 2604 1722 κατ’
2635 1669 2825 1722 οὐσίαν
2865 1669 3013 1723 ἐστὶν
3064 1669 3452 1741 ὑπερὰρῤητος
3483 1671 3574 1722 καὶ
3615 1670 3786 1742 ὑπερά-

2250 1777 2499 1830 γνωστος
2532 1761 2628 1816 καὶ
2659 1763 2844 1830 πάσης
2875 1761 3137 1832 ἀπειρίας
3166 1764 3471 1834 ἀπειράκις
3499 1763 3783 1836 ἐξῃρημένη,

2253 1855 2378 1924 μηδ’
2406 1854 2551 1925 ἴχνος
2597 1856 2736 1916 ὅλως
2783 1854 3164 1924 καταλήψεως,
3196 1855 3305 1910 κᾶν
3343 1855 3518 1925 ψιλὸν,
3552 1859 3655 1921 τοῖς
3698 1855 3787 1926 μετ’

2251 1945 2421 2018 αὐτὴν
2445 1941 2844 2016 καταλείψασα.
2882 1964 2902 1999 ι
2933 1948 3046 2001 Καὶ
3073 1965 3166 2000 του
3202 1949 3449 2018 μεγάλου
3483 1949 3785 2002 Ἀθανασίον·

2258 2059 2278 2094 ι
2319 2042 2480 2097 Κατὰ
2513 2041 2614 2114 τὴν
2645 2041 2896 2096 θεοποιὸν
2929 2043 3092 2114 χάριν
3125 2045 3220 2098 καὶ
3268 2046 3555 2115 μετέχεται
3581 2045 3665 2098 καὶ
3689 2044 3789 2115 ὁρᾶ-

2253 2153 2342 2190 ται
2383 2138 2496 2199 τοῖς
2553 2135 2726 2202 ἀξίοις
2755 2136 2784 2190 ὀ
2829 2134 2986 2199 Θεὸς,
3021 2135 3142 2190 κατ’
3190 2136 3383 2190 οὐσίαν
3422 2138 3479 2190 δὲ
3532 2136 3789 2207 ἁμέθεκτός

2255 2229 2394 2282 ἐστι.
2436 2247 2455 2280 ι
2494 2227 2605 2282 Καὶ
2643 2228 2808 2282 πάλιν
2833 2242 2847 2256 ·
2891 2246 2910 2280 ι
2948 2227 3022 2281 Τὸ
3048 2227 3180 2291 Θεὸς
3225 2224 3374 2283 εἶναι
3429 2229 3666 2298 δεύτερόν
3697 2229 3789 2283 ἐστι

2252 2321 2355 2390 τῆς
2389 2320 2604 2390 φύσεως
2629 2337 2644 2352 ·
2674 2320 2772 2375 καὶ
2817 2322 2980 2392 ἡμεῖς
3019 2320 3128 2392 γὰρ
3156 2321 3275 2376 θεοὶ
3301 2322 3403 2392 μὲν
3430 2322 3694 2392 γινόμεθα,
3714 2324 3790 2390 τῆς

2253 2412 2311 2467 δὲ
2340 2413 2510 2482 αὐτῆς
2531 2414 2750 2482 φύσεως
2780 2411 3040 2480 γενέσθαι
3071 2413 3134 2466 οὐ
3167 2412 3479 2485 δυνάμεθα.
3514 2433 3531 2466 ι
3578 2415 3674 2468 Καὶ
3707 2411 3788 2466 πά-

2255 2504 2340 2559 λιν
2360 2522 2374 2538 ο
2413 2525 2431 2558 ι
2456 2504 2738 2576 Πρόδηλον
2761 2505 2846 2559 ὅτι
2875 2504 2937 2558 οῦ
2968 2504 3070 2577 τὴν
3097 2503 3298 2559 οὐσίαν
3329 2505 3424 2559 τοῦ
3451 2505 3580 2560 Θεοῦ
3606 2505 3790 2558 ἔϐλεπον

2255 2599 2302 2652 oi
2338 2597 2508 2668 ἅγιοι,
2538 2597 2674 2653 ἀλλὰ
2707 2598 2804 2669 τὴν
2839 2596 3030 2665 δόξαν,
3053 2597 3130 2662 ὡς
3163 2599 3261 2653 καὶ
3307 2600 3438 2671 περὶ
3473 2601 3578 2652 τῶν
3604 2595 3794 2654 dicend-

2256 2689 2365 2744 λων
2394 2691 2733 2761 γέγραπται,
2767 2690 2852 2744 ὅτι
2888 2689 3443 2762 διαγρηγορήσαντες
3469 2691 3496 2743 ὁ
3521 2689 3700 2760 Πέτρος
3719 2685 3792 2739 καὶ

2257 2782 2308 2836 οἱ
2343 2782 2442 2837 σὺν
2476 2781 2627 2853 αὒτῷ
2665 2779 2805 2837 εἶδον
2848 2783 2948 2854 τήν
2977 2783 3138 2850 δόξαν
3171 2780 3372 2838 αὐτοῦ.
3414 2801 3433 2836 ι
3463 2781 3570 2835 Καὶ
3614 2779 3694 2834 τοῦ
3723 2792 3793 2846 με·

2259 2875 2428 2943 γάλου
2489 2874 2775 2928 Βασιλείου
2811 2893 2831 2927 ι
2865 2877 2932 2929 Δί
2997 2877 3096 2945 μὲν
3146 2874 3432 2945 ἐνέργειαι
3477 2871 3631 2928 αὐτοῦ
3685 2868 3791 2940 πρὸς

2258 2968 2410 3039 ἡμᾶς
2438 2966 2888 3032 καταϐαίνουσιν,
2916 2969 2943 3038 ἡ
2973 2968 3029 3021 δὲ
3060 2968 3219 3022 οὐσία
3237 2967 3413 3022 αὑτοῦ
3456 2967 3596 3037 μένει
3627 2962 3794 3035 ἀπρόσ·

569 3057 866 3112 esseutiatn
943 3055 1205 3110 accedere
1274 3069 1383 3108 non
1443 3053 1714 3108 valemus.
1773 3070 1794 3105 ι
1871 3051 1938 3106 Ει
1994 3051 2151 3108 Pater

2263 3079 2396 3124 ιτος.
2436 3079 2455 3112 ι
2493 3061 2603 3114 Καὶ
2635 3059 2794 3114 πάλιν
2819 3075 2834 3090 ο
2874 3078 2894 3112 ι
2942 3058 3135 3130 Ἡμεῖς
3161 3061 3227 3114 ἐκ
3260 3060 3378 3116 τῶν
3427 3058 3697 3130 ἐνεργειῶν
3721 3056 3792 3107 αὑ-

569 3149 1039 3220 Chrysostomus:
1081 3165 1100 3199 ι
1139 3145 1378 3217 Spiritus
1407 3145 1639 3216 gratiam
1673 3143 1960 3216 Scriptura
1990 3145 2151 3200 modo

2259 3153 2354 3209 τοῦ
2378 3152 2675 3223 γνωρίζειν
2715 3152 2951 3224 λέγομεν
2980 3152 3072 3206 τὸν
3097 3151 3231 3206 Θεὸν
3262 3152 3424 3223 ἡμῶν
3446 3169 3460 3184 ·
3492 3153 3552 3223 τῇ
3580 3149 3632 3204 δὲ
3667 3145 3789 3215 οὐσίᾳ

571 3243 776 3310 ignem,
813 3240 975 3294 modo
1009 3253 1209 3310 aquam
1245 3247 1435 3304 vocat,
1469 3237 1771 3293 ostendens
1802 3252 1910 3292 non
1956 3238 2024 3293 ad
2065 3253 2156 3294 es-

571 3337 804 3390 sentiam
833 3335 947 3388 haec
967 3333 1188 3388 nomina
1213 3343 1482 3403 spectare,
1500 3331 1595 3386 sed
1619 3331 1684 3385 ad
1704 3333 2098 3401 operationem.
2131 3350 2151 3385 ι

572 3426 638 3482 Ει
668 3428 901 3482 iterum:
935 3445 953 3477 ι
973 3425 1108 3508 .Non
1142 3425 1207 3480 ad
1235 3440 1552 3480 mensuram
1579 3425 1674 3479 dat
1700 3424 1841 3480 Deus
1866 3424 2154 3494 Spiritum:

573 3534 770 3590 nempe
801 3517 1233 3582 vultostendere
1259 3515 1466 3571 Christi
1492 3531 1802 3587 prmcursor
1835 3525 1890 3571 et
1917 3515 2159 3587 baptista

573 3612 645 3667 ab
671 3610 927 3666 omnibus
961 3608 1120 3664 nobis
1151 3606 1391 3678 Spiritus
1433 3607 1804 3678 operationem
1835 3607 1902 3661 ad
1935 3622 2160 3664 mensu-

577 3722 693 3761 ram
732 3705 929 3774 arcipi.
959 3703 1093 3757 Nam
1127 3702 1215 3757 hic
1250 3717 1344 3772 per
1381 3702 1636 3770 spiritum
1675 3699 1931 3772 designat
1961 3715 2159 3770 opera-

578 3803 781 3854 tionem
811 3815 823 3851 :
863 3798 979 3852 haec
1014 3805 1098 3850 est
1145 3796 1293 3849 enim
1329 3793 1656 3860 divisibilis,
1696 3792 1786 3847 ille
1819 3806 1978 3858 vero,
2010 3791 2162 3847 sciti-

577 3903 663 3944 cet
695 3888 974 3954 Christus,
1013 3901 1233 3940 omnem
1261 3886 1640 3956 operationem
1692 3885 1856 3939 habet
1891 3884 2160 3954 integram

576 3995 632 4038 et
664 3981 1077 4036 unlivisihilem.
1118 3997 1138 4031 ι
1185 3978 1241 4032 Si
1283 3988 1466 4032 autem
1501 3977 1667 4047 hujus
1715 3978 1964 4047 operatio
2013 3993 2166 4032 mcu-

577 4089 764 4131 suram
821 4087 929 4128 non
960 4071 1190 4140 patitur,
1233 4068 1406 4122 multo
1467 4067 1652 4121 minus
1700 4067 1964 4122 essentia.
2001 4064 2163 4120 Vides

577 4171 687 4224 duo
714 4166 873 4222 nobis
897 4180 927 4219 a
954 4161 1361 4219 venerabilibus
1389 4160 1653 4231 theologis
1674 4160 1896 4224 tradita,
1914 4158 2167 4214 videlicet

2260 3245 2430 3300 αὑτοῦ
2479 3245 2875 3314 προσεγγίζειν
2927 3245 3026 3314 οὐχ
3089 3243 3680 3315 ὐπισχνοῦμεθα.»Κα¹ι
3717 3237 3788 3292 τοῦ

2260 3338 2655 3408 Χρυσοστὸμου
2688 3338 2903 3408 Πατρός
2931 3355 2945 3370 ο
2988 3356 3008 3390 ι
3056 3337 3164 3392 Τοῦ
3206 3339 3524 3411 Πνεῦματος
3553 3336 3642 3407 τὴν
3665 3334 3790 3406 χάριν

2264 3433 2297 3500 ή
2335 3431 2530 3502 Γραφὴ
2563 3431 2693 3484 ποτὲ
2730 3429 2831 3500 μὲν
2857 3430 2992 3502 πῦρ,
3026 3429 3159 3484 ποτέ
3191 3429 3340 3502 ὕδωρ
3379 3431 3548 3496 καλεῖ,
3579 3425 3789 3483 δεικνῦσα

2261 3526 2344 3580 ὅτι
2373 3523 2474 3577 οὐκ
2498 3522 2688 3586 οὐσίας
2717 3524 2832 3575 ἐστὶ
2850 3521 3025 3577 ταῦτα
3047 3522 3314 3594 ὀνόματα,
3354 3523 3468 3579 ἀλλ’
3488 3521 3784 3592 ἐνεργείας.ι

2265 3618 2376 3672 Καὶ
2429 3616 2631 3671 πάλιν·
2680 3634 2698 3668 ι
2745 3616 2860 3669 Οὐκ
2911 3617 2976 3668 ἐκ
3013 3615 3214 3684 μέτρου
3277 3617 3490 3671 δίδωσιν
3527 3617 3553 3668 ὁ
3598 3613 3712 3676 Θεὸς
3746 3610 3789 3662 τὸ

2265 3709 2497 3780 Πνεῦμα
2522 3725 2535 3739 ·
2579 3708 2724 3762 θέλει
2762 3707 2936 3772 δεῖξαι
2965 3707 3216 3777 δηλονότι
3252 3711 3281 3760 ὁ
3311 3708 3402 3763 τοῦ
3445 3703 3668 3780 Χριστοῦ
3690 3701 3791 3772 πρό-

2264 3803 2468 3874 δρομος
2503 3801 2600 3856 καὶ
2635 3799 2964 3871 βαπτιστὴς,
2991 3800 3074 3854 ὃτι
3107 3800 3318 3864 πάντες
3342 3803 3500 3874 ἡμεῖς
3533 3800 3698 3870 μέτρῳ
3717 3795 3790 3863 τὴν

2263 3895 2366 3966 τοῦ,
2396 3894 2716 3965 Πνεῦματος
2750 3893 3034 3962 ἐνέργειαν
3061 3891 3439 3965 λαμϐάνομεν.
3478 3892 3685 3961 Πνεῦμα
3709 3887 3790 3955 γάρ

2265 3988 2501 4044 ἐνταῦθα
2537 3988 2637 4060 τὴν
2689 3987 2976 4059 ἐνέργειαν
3019 3987 3212 4054 λέγει’
3264 3987 3406 4058 αῦτη
3459 3989 3563 4056 γάρ
3613 3978 3788 4046 ἐστινὴ

2270 4080 2609 4154 μεριζομένη
2635 4095 2650 4110 ⁸
2699 4079 2858 4144 οὗτος
2887 4080 2966 4146 δὲ,
3009 4081 3316 4148 τουτέστιν,
3349 4085 3375 4134 ὁ
3405 4079 3644 4153 Χριστὸς,
3688 4073 3790 4147 ἁμέ·

2266 4190 2467 4245 τρητον
2496 4174 2591 4228 καὶ
2629 4173 2929 4246 ὁλόκληρον
2963 4172 3078 4244 ἔχει
3126 4174 3314 4228 πᾶσαν
3342 4173 3438 4245 τὴν
3464 4172 3736 4244 ἐνέργειαν.
3771 4183 3784 4216 ι

579 4261 765 4329 aliqua
813 4252 1390 4312 incommunicabilem
1440 4267 1564 4308 esse
1609 4251 1705 4308 Dei
1757 4253 2077 4316 essentiam,
2109 4257 2151 4305 el

2268 4267 2334 4320 Εἰ
2365 4265 2426 4320 δὲ
2464 4267 2499 4336 ἡ
2548 4266 2802 4338 ἐνέργεια
2850 4265 3018 4321 αὐτοῦ
3054 4266 3396 4337 ἀμέτρητος,
3435 4262 3607 4334 πολλῷ
3634 4260 3788 4331 μᾶλλον

581 4353 766 4421 aliqua
802 4346 1348 4412 cummunicabilem,
1387 4353 1553 4416 atque
1584 4344 1903 4418 participari
1938 4358 1970 4398 a
2004 4343 2151 4399 nobis

2269 4360 2302 4430 ἡ
2336 4359 2518 4414 οὐσία·
2563 4359 2730 4430 Ὁρᾷς
2753 4357 3024 4430 ἀμφότερ’
3057 4359 3189 4430 ἡμῖν
3220 4360 3326 4413 ὑπὸ
3356 4359 3463 4413 τῶν
3492 4354 3688 4412 ππτῶν
3707 4351 3789 4402 θεο-

580 4445 820 4499 dirinam
851 4450 1105 4497 naturam
1135 4449 1188 4495 et
1217 4437 1442 4495 minime
1471 4437 1787 4509 participari
1811 4436 1833 4489 Ἰ
1857 4433 2151 4504 Utrumque

2269 4452 2444 4520 λόγων
2485 4453 2944 4522 παραδεδομένα;
3001 4451 3220 4516 καλὼς
3267 4450 3570 4523 ἀμέθεκτός
3619 4440 3783 4506 ἐστινὴ

580 4539 746 4607 igitur
799 4527 958 4591 nobis
993 4533 1285 4592 tenendum
1337 4543 1421 4588 est
1473 4545 1539 4586 ac
1585 4529 1902 4602 ponendum
1957 4537 2016 4582 ut
2062 4528 2166 4597 piae

581 4612 711 4689 ﬁdei
760 4631 978 4704 regula;
1025 4637 1082 4684 et
1115 4628 1206 4698 qui
1261 4628 1588 4682 alterutrum
1616 4627 1901 4693 {usurpant
1951 4623 2018 4677 ad
2065 4637 2167 4691 pu-

580 4725 854 4798 gnandum
881 4721 1232 4790 alterum,illi
1266 4729 1325 4776 ut
1351 4719 1505 4790 impii
1539 4716 1830 4798 insanique
1853 4714 2162 4798 rejiciepdi,

580 4824 782 4893 quippe
812 4801 909 4890 qui
939 4819 1142 4875 nemini
1180 4818 1452 4873 ullatenus
1481 4789 1834 4870 consentitiiit
1863 4821 1914 4866 et
1945 4794 2168 4868 sibimet

584 4898 716 4984 ipsis
760 4899 855 4968 aut
891 4913 994 4968 sibi
1025 4912 1258 4967 invicem
1290 4905 1700 4970 contradicunt,
1728 4903 1978 4974 quamvis
2013 4912 2172 4958 caete-

584 5010 780 5077 roquin
824 5007 1002 5062 sciant
1032 5008 1192 5077 juxta
1229 5010 1453 5057 sanctos
1498 4998 1772 5068 propriam
1825 4995 2042 5067 angusti
2087 4996 2172 5051 in-

584 5102 726 5171 genii
790 5116 913 5155 esse
968 5100 1128 5156 iSIam
1176 5091 1632 5151 contradictionis
1685 5088 2016 5154 doctrinam,
2051 5088 2171 5142 viro

585 5205 764 5249 autem
803 5190 1131 5260 intelligenti
1165 5199 1217 5242 et
1261 5201 1394 5241 sane
1441 5182 1624 5240 divina
1665 5181 1948 5236 meditanti
1987 5181 2168 5236 omnia

584 5305 708 5343 esse.
738 5303 981 5339 consona
1019 5294 1072 5337 et
1106 5280 1424 5335 concordia.

2270 4543 2427 4599 οὐσία
2461 4543 2556 4598 τοῦ
2588 4543 2750 4610 Θεοῦ,
2780 4545 2874 4598 καὶ
2903 4544 3146 4615 μεθεκτή
3182 4563 3322 4611 πως,
3347 4544 3442 4599 καὶ
3471 4535 3783 4605 κοινωνοῦμεν

2269 4634 2368 4703 τῆς
2404 4632 2556 4698 θείας
2592 4633 2830 4704 φύσεως,
2887 4635 2984 4688 καὶ
3033 4635 3095 4688 οῦ
3129 4635 3498 4706 κοινωνοῦμεν
3547 4625 3788 4696 οῦδαμῶςς

2271 4729 2363 4780 Δεῖ
2416 4723 2511 4782 οῦν
2562 4727 2851 4799 ἀμφότερα
2883 4727 3034 4800 ἡμᾶς
3080 4730 3295 4800 τηρεῖν,
3339 4729 3432 4782 καὶ
3477 4723 3701 4780 τίθεσθαι
3735 4713 3791 4773 ὡς

2273 4820 2556 4884 εὐσεϐείας
2603 4820 2899 4891 γνώμονα·
2957 4821 3054 4875 καὶ⁸
3094 4823 3219 4886 τοὺς
3271 4821 3350 4892 τῷ
3404 4819 3483 4873 ἐνὶ
3528 4811 3790 4888 χρωμένους

2275 4915 2416 4968 κατὰ
2451 4912 2544 4967 τοῦ
2585 4913 2796 4986 ἐτέρου,
2831 4914 2926 4967 καὶ
2964 4915 3118 4969 ταῦτ’
3154 4915 3438 4985 οἰομένους
3468 4910 3526 4964 τὸ
3554 4906 3670 4961 αὐτὸ
3696 4900 3791 4954 ἐκέ-

2272 5025 2452 5078 τερον,
2483 5006 2557 5070 ὡς
2585 5007 2867 5071 δυσσεϐεῖς
2900 5025 2957 5061 τε
3007 5009 3103 5062 καὶ
3133 5009 3378 5076 ἄφρονας
3425 4996 3788 5074 ἀπορῤαὶξεινο

2279 5100 2473 5171 μηδενὶ
2499 5101 2644 5155 κατὰ
2681 5102 2888 5172 μηδένα
2913 5102 3116 5172 τρόπον
3149 5098 3574 5171 συγχωροῦντας,
3605 5093 3791 5145 ὑπειίαν·

2274 5194 2423 5256 τίθυς
2459 5193 2676 5256 humi;
2714 5193 3050 5264 ἢάλλὴλοις,
3092 5194 3187 5247 καὶ
3224 5193 3376 5246 ταῦτ’
3409 5191 3498 5244 ἐπὶ
3535 5186 3632 5239 τῶν
3654 5173 3790 5233 τοιού·

2275 5300 2386 5335 των
2443 5283 2690 5353 νομίζειν
2748 5282 2875 5347 τοὺς
2911 5283 3102 5352 ἁγίους
3146 5284 3374 5346 εἰδότας,
3413 5275 3606 5349 ἀνδρῶν
3641 5281 3792 5353 μικροῖ

583 5382 882 5451 γνωμῦνων
939 5377 999 5428 ὃν
1053 5375 1128 5436 ὡς
1184 5370 1399 5440 ἀληθῶς
1445 5369 1543 5439 τὴν
1593 5367 1752 5434 δῦξαν
1806 5369 2012 5439 ταύτην
2067 5373 2167 5443 τῆς
2208 5374 2622 5438 ἐναντιώσεως*
2655 5375 2780 5428 νοῦν
2813 5376 2857 5429 δ’
2889 5377 3070 5448 ἔχοντι
3143 5380 3238 5433 καὶ
3267 5376 3364 5430 σὺν
3394 5373 3467 5444 νῷ
3513 5367 3636 5441 μετά
3685 5352 3789 5412 Θεοῦ

585 5472 877 5530 σκοποῦντι
916 5470 1091 5521 πάντα
1115 5465 1328 5534 συνῳδὰ
1352 5465 1444 5517 καὶ
1474 5464 1645 5534 φίλιοι.

659 5567 837 5621 ΤΙιευι.
891 5559 1177 5625 Quomodo
1223 5557 1411 5628 igitur,
1459 5573 1490 5611 ο
1528 5558 1749 5626 sapiens
1781 5559 2165 5630 The0phaues,

589 5673 684 5730 per
721 5657 1008 5707 veritatem
1041 5665 1249 5720 quaeso,
1284 5649 1374 5704 illa
1409 5649 1571 5704 ambo
1601 5660 1728 5704 sunt
1759 5650 1928 5704 vera?

662 5747 888 5817 Theoph.
913 5744 1027 5802 lloc
1049 5746 1210 5802 etiam
1243 5753 1331 5799 tua
1364 5743 1532 5815 gratia
1566 5744 1889 5814 explanabo.
1927 5743 2167 5803 Primum

2354 5557 2518 5612 Θεότ.
2556 5556 2680 5620 Πῶς
2705 5551 2819 5621 οὖν,
2856 5549 2902 5610 ὦ
2937 5557 3067 5627 σοφέ
3093 5556 3384 5627 Θεόφανες,
3425 5549 3552 5622 πρὸς
3579 5543 3662 5612 τῆς
3682 5535 3786 5601 ἀληο

2281 5653 2433 5716 θείας
2457 5652 2626 5721 ἄμφω
2650 5651 3035 5723 ἐκεῖνα-ἀληθῆ
3061 5669 3074 5719 ;
3655 5645 3662 5653 ’

2353 5712 2531 5813 Θεοςα.
2552 5712 2670 5815 -Σὴν
2697 5743 2790 5798 καὶ
2819 5712 2978 5799 τοῦτο
3007 5712 3169 5818 χάριν
3215 5744 3445 5816 θήσομαι
3474 5730 3643 5800 σαφές·
3674 5712 3785 5791 Πρδ⁴
