4046 6490
319 327 429 391 933

1693 324 2231 388 THEOPHANES.

3477 330 3584 393 934

310 446 477 506 τερον
507 432 562 488 δὲ
597 432 844 504 δείξομεν
878 432 954 496 ὠς
994 433 1242 503 ἀνοήτως
1270 430 1589 487 παντάπασι
1623 429 1725 503 τὴν
1758 432 1878 487 ἀπο-

2004 433 2506 490 demonstrahixnus
2555 450 2717 505 quam
2764 435 2958 492 insane
2995 436 3072 493 illi
3114 451 3327 509 semper
3358 441 3582 510 pzazrata

315 525 578 597 στολικὴν
610 525 706 578 καὶ
753 524 853 588 τὰς
900 524 1172 595 πατρικὰς
1228 525 1431 578 ἐκεῖνοι
1486 524 1679 593 ῥήσεις
1716 523 1895 576 διατε-

309 617 468 671 λοῦσι
505 616 961 687 προσαλλόμενοι,
994 617 1092 680 τὰς
1135 617 1427 678 κοινωνοὺς
1451 617 1598 686 ἡμᾶς
1626 614 1890 683 λεγούσας

311 708 567 779 γίνεσθαι
599 707 817 778 φύσεως
850 707 1010 770 Θεοῦ,
1057 708 1133 779 μὴ
1170 708 1331 778 μόνον
1368 709 1452 761 δτι
1481 708 1618 779 πρὸς
1663 709 1894 777 ἀνατρο-

311 799 425 869 πὴν
449 797 545 852 τοῦ
575 797 941 867 ἀκοινώνητον
972 795 1114 852 εἶναι
1151 799 1250 852 καὶ
1282 798 1589 870 άμέθεκτον
1619 801 1732 862 τοῖς
1771 800 1891 852 κτί-

310 908 482 960 σμασι
517 891 658 944 πᾶσι
704 888 805 962 τὴν
840 890 993 943 θείαν
1038 890 1135 942 καὶ
1183 892 1346 959 φύσιν
1373 891 1470 945 καὶ
1509 890 1720 955 οὐσίαν,
1753 891 1892 959 ὅπερ

306 985 399 1039 διὰ
450 985 636 1056 πάσης
672 984 776 1053 τῆς
833 984 1198 1038 θεοπνεύστου
1258 984 1591 1057 κηρύττεται
1644 985 1888 1055 Γραφῆς,

306 1079 429 1135 ἀλλ’
458 1079 544 1133 ὄτι
576 1078 671 1131 καὶ
714 1079 790 1142 ὡς
819 1079 975 1131 αὐτοὶ
1013 1079 1244 1143 ταύταις
1288 1078 1621 1150 κεχρημένοι
1661 1077 1892 1131 διετέλε-

307 1188 432 1238 σαν,
463 1170 634 1238 αὐτὴν
667 1171 766 1242 τὴν
796 1170 1020 1225 ἐκείνων
1050 1171 1411 1236 άνασκευάζει
1442 1171 1623 1238 δόξαν.
1655 1171 1727 1224 Σὺ
1755 1172 1886 1239 γὰρ,

305 1262 338 1316 ὃ
361 1277 413 1315 τι
444 1277 578 1313 ποτε
623 1260 961 1325 δοξάζουσιν,
995 1256 1154 1314 οἶσθα
1193 1260 1307 1313 τῶν
1337 1260 1514 1316 ἄλλων
1562 1260 1883 1331 ἀκριϐέστεο

308 1370 427 1424 ρον.
471 1351 608 1405 Εἰπὲ
638 1351 843 1419 τοίνυν,
874 1352 1012 1422 πρὸς
1043 1352 1142 1422 τῆς
1171 1352 1448 1422 ἀληθείας,
1480 1352 1541 1405 ού
1578 1352 1757 1406 πάντα
1788 1352 1887 1421 μὲν

301 1445 531 1514 λέγουσι
581 1445 834 1515 μετέχειν
871 1444 967 1498 τοῦ
1011 1443 1168 1510 Θεοῦ,
1201 1445 1382 1499 πάντα
1417 1444 1476 1497 δὲ
1502 1444 1573 1498 τὰ
1615 1444 1710 1498 τοῦ
1749 1443 1884 1497 Θεοῦ

305 1539 606 1608 μετέχοντα
628 1537 730 1607 τῆς
757 1534 947 1598 οὐσίας
1000 1536 1252 1605 μετέχειν
1277 1534 1373 1589 τοῦ
1401 1534 1537 1589 Θεοῦ
1565 1552 1580 1603 ;
1607 1535 1683 1599 ὡς
1718 1535 1886 1606 μηδὲν

301 1630 497 1701 ἕτερον
530 1628 686 1690 ὄντος
729 1625 827 1680 τοῦ
862 1625 999 1680 Θεοῦ
1033 1626 1178 1698 πλὴν
1203 1627 1395 1691 οὐσίας
1435 1628 1628 1697 μόνης,
1672 1626 1763 1681 ἵνα
1808 1626 1884 1699 μὴ
1916 1698 1919 1701 _

305 1720 537 1783 σύνθεος
568 1720 755 1780 αὐτοῖς
782 1719 894 1788 εῐη,
938 1718 1073 1789 μηδὲ
1113 1719 1287 1772 πολλὰ
1324 1719 1393 1773 τὰ
1423 1719 1692 1786 dicatam;

1998 522 2247 590 Apostoli
2299 531 2354 578 et
2401 521 2624 578 Patrum
2682 527 2845 581 verba
2890 527 3129 597 ubjicere
3181 538 3410 600 pergant
3458 547 3581 602 quae

1998 624 2257 668 asserunt
2282 629 2383 670 nos
2415 613 2531 669 ticri
2561 616 2759 671 divina
2794 614 3093 673 consortes
3113 629 3345 676 naturae.
3370 620 3575 677 Nedum

1997 704 2115 760 haec
2155 713 2406 763 astruant
2443 720 2551 761 non
2608 723 2729 764 esse
2761 709 3332 768 incommunicabilcm
3376 714 3578 784 impar-

1998 796 2441 870 ticipahilemque
2471 801 2725 857 omnibus
2750 804 3014 859 creaturis
3046 805 3285 859 divinam
3321 816 3573 861 naturam

1992 900 2045 945 et
2100 891 2443 958 essentiam,
2496 893 2607 948 imo
2650 897 2814 949 etiam
2880 912 3005 966 quas
3060 899 3438 955 indesinenter
3492 900 3573 956 illi

1995 992 2283 1052 usurpant,
2328 985 2502 1054 ipsam
2552 1001 2743 1041 eorum
2804 988 3034 1044 destruit
3089 995 3440 1047 sententiam.
3488 994 3571 1048 Tu

1990 1074 2135 1128 enim
2164 1076 2293 1144 quid
2329 1077 2419 1132 isti
2444 1078 2742 1146 opinentur
2772 1082 2885 1136 scis
2913 1086 3229 1139 accuratius
3259 1102 3420 1155 quam
3456 1086 3569 1140 alii.

1992 1165 2090 1223 Dic
2136 1168 2323 1238 igitur,
2377 1186 2474 1241 per
2519 1173 2804 1228 veritatem
2850 1176 3099 1241 ohsccro,
3162 1194 3341 1231 unnnc
3385 1178 3575 1232 dicunt

1992 1262 2175 1315 omnia
2216 1278 2340 1317 esse
2391 1263 2484 1317 Dei
2522 1267 2825 1332 consortia,
2854 1268 2922 1323 ab
2959 1270 3217 1324 omnibus
3251 1281 3432 1326 autem
3476 1271 3574 1326 Dei

1996 1354 2366 1424 participibus
2399 1356 2641 1412 divinam
2689 1362 3003 1432 participari
3057 1364 3355 1419 essentiam
3387 1365 3412 1419 ἲ
3449 1374 3572 1419 tan-

1990 1462 2150 1514 quam
2214 1449 2262 1503 si
2311 1450 2442 1504 nihil
2513 1460 2657 1507 esset
2713 1452 2766 1507 in
2803 1455 2908 1509 Deo
2969 1464 3166 1525 prmter
3228 1458 3568 1523 essentiam;

1985 1538 2097 1593 nisi
2149 1538 2288 1595 forte
2329 1556 2474 1599 unus
2527 1543 2601 1598 sit
2633 1559 2758 1599 cum
2795 1546 2905 1601 illis
2955 1546 3100 1603 Deus
3134 1562 3234 1603 nec
3277 1548 3432 1618 plura
3459 1549 3570 1604 sint

1986 1628 2226 1686 incrcata
2251 1630 2274 1684 ?

379 1815 548 1869 Θεότ.
606 1812 766 1866 Τοῦτ’
815 1810 1080 1883 ἄντικρυς
1119 1812 1252 1866 αὐτὸ
1289 1816 1385 1866 καὶ
1447 1810 1731 1877 δοξάζουσι
1786 1812 1878 1867 καὶ

2060 1810 2248 1867 Theot.
2285 1811 2400 1870 Hoc
2433 1812 2612 1884 ipsum
2650 1815 2830 1886 palam
2857 1814 3054 1869 dorent
3088 1828 3153 1870 ac
3183 1813 3532 1885 proﬁtentur.

298 1905 544 1977 λέγουσι.
1545 1946 1549 1954 ,

380 2000 557 2067 Θεοφ.
597 1996 741 2051 Ἀλλ’
777 1997 835 2050 αἱ
865 1997 1077 2069 ῥήσεις,
1113 1995 1182 2055 ἃς
1221 1995 1359 2066 πρὸς
1387 1996 1538 2066 ἡμᾶς
1565 1997 1615 2050 oi
1646 1994 1887 2051 ἀντικεί-

303 2107 461 2160 μενοι
487 2090 849 2161 προάγουσιν,
890 2088 966 2153 ὡς
1005 2087 1194 2151 αὐτοῖς
1236 2087 1400 2156 δῆθεν
1430 2089 1786 2158 συνηγόρους,
1820 2088 1882 2141 οὐ

300 2183 469 2248 μόνον
499 2180 668 2234 τᾶλλα
720 2177 884 2235 πάνθ’
913 2176 1103 2241 ἁπλῶς
1160 2177 1279 2231 ἀλλ’
1318 2179 1441 2232 οὐδὲ
1487 2179 1701 2240 πάντας
1752 2178 1884 2243 τοὺς

296 2270 630 2345 ἀνθρώπους
659 2271 957 2332 κοινωνοὺς
976 2267 1154 2321 τελεῖν
1176 2285 1311 2339 φασι
1333 2269 1433 2339 τῆς
1460 2267 1612 2331 θείας
1642 2265 1877 2336 φύσεως,

298 2366 396 2418 καὶ
460 2362 687 2424 τούτους
741 2356 994 2428 γίνεσθαί
1029 2356 1166 2414 ποθ’,
1208 2355 1455 2427 ὕστερον,
1507 2356 1625 2410 ἀλλ’
1676 2357 1778 2410 οὐκ
1825 2356 1884 2421 ἐξ

301 2450 480 2521 ἀρχῆς
512 2448 783 2517 ὑπάρχειν
835 2447 1154 2508 κοινωνούς.
1192 2446 1399 2516 Πέτρος
1432 2445 1533 2516 μὲν
1566 2445 1675 2514 γὰρ
1715 2446 1743 2498 ὁ
1786 2445 1882 2499 τοῦ

294 2541 606 2615 κορυφαίου
635 2538 801 2612 χοροῦ
828 2538 938 2592 τῶν
971 2538 1289 2593 ἀποστόλων
1314 2539 1611 2607 κορυφαῖος
1650 2539 1882 2609 γράφων

290 2639 412 2700 τοῖς
469 2635 718 2704 ίσότιμον
772 2630 1004 2702 λαχοῦσι
1040 2633 1246 2697 πίστιν,
1282 2628 1420 2700 πρὸς
1468 2629 1753 2684 εὐσέϐειαν
1784 2629 1882 2683 καὶ

290 2729 500 2802 ἀρετὴν
536 2724 887 2799 παρακαλεῖ·
928 2742 949 2777 ι
978 2722 1057 2776 Δι’
1087 2716 1185 2789 ὧν,
1225 2721 1383 2791 φησὶ,
1418 2739 1438 2772 ι
1473 2721 1543 2774 τά
1569 2721 1726 2792 τίμια
1751 2721 1880 2792 ὑμῖν

291 2820 698 2889 ἐπαγγέλματα
742 2814 1069 2887 δεδώρηται,
1121 2814 1212 2868 ῖνα
1246 2813 1336 2867 διὰ
1382 2813 1594 2867 τούτων
1643 2812 1878 2884 γένησθε

293 2913 457 2968 θείας
496 2908 752 2965 κοινωνοὶ
780 2907 1021 2978 φύσεως.
1062 2924 1082 2958 ι
1119 2906 1288 2978 Ὁρᾷς
1324 2905 1407 2959 ὅτι
1443 2905 1621 2975 δωρεά
1640 2907 1790 2958 ἐστιν
1820 2905 1879 2959 ὲν

292 3005 657 3076 ἐπαγγελίαις
687 3004 918 3073 κειμένη
944 3002 1064 3065 τοῖς
1099 3002 1243 3055 κατὰ
1273 3001 1511 3067 Χριστὸν
1539 3000 1748 3069 βιοῦσι;
1783 3001 1879 3066 Τίς

292 3098 395 3158 οὖν
421 3098 820 3168 ἐπαγγέλλεταί
857 3113 963 3151 τινι
990 3096 1063 3151 τὰ
1113 3093 1386 3164 προσόντα
1416 3095 1584 3147 πᾶσιν
1628 3095 1692 3146 ἐκ
1723 3094 1877 3162 γενέ-

2061 1995 2294 2067 Tlteoph.
2330 1995 2399 2053 At
2415 1998 2577 2052 verba
2602 2012 2724 2067 qua:
2744 1997 2904 2053 nobis
2930 1995 3233 2052 adversarii
3265 2004 3567 2066 opponunt,

1985 2098 2246 2159 tanquam
2301 2089 2404 2143 sibi
2456 2088 2715 2155 faventia,
2740 2104 2848 2143 non
2881 2089 3045 2143 modo
3074 2103 3183 2142 non
3212 2097 3407 2143 caetera
3447 2103 3570 2141 om-

1987 2180 2103 2246 nia,
2131 2181 2224 2236 sed
2266 2194 2332 2236 ne
2377 2194 2570 2236 omnes
2600 2179 2821 2248 quidem
2859 2179 3110 2233 homines
3141 2186 3398 2233 asserunt
3430 2175 3570 2233 eﬂiei

1984 2272 2185 2327 divinae
2217 2280 2503 2327 consortes
2530 2281 2768 2336 naturae,
2792 2280 2846 2325 et
2877 2271 2977 2325 hos
3005 2269 3170 2324 etiam
3207 2277 3571 2340 postremum,

1986 2361 2131 2416 haud
2167 2361 2236 2416 ab
2274 2360 2435 2416 initio
2480 2360 2597 2415 ﬁeri
2624 2360 2936 2431 participes.
2968 2357 3104 2413 Nam
3142 2358 3339 2414 Petrus
3369 2357 3570 2430 regalis

1984 2453 2355 2525 apostolorum
2392 2453 2546 2508 chori
2583 2452 2863 2522 princeps,
2897 2451 3149 2507 scribens
3194 2451 3261 2506 iis
3295 2451 3389 2520 qui
3422 2464 3570 2505 coae-

1984 2543 2201 2615 qualem
2226 2542 2407 2598 sortiti
2437 2550 2569 2600 sunt
2604 2541 2790 2607 ﬁdem,
2823 2541 2890 2596 ad
2930 2541 3184 2610 pietatem
3220 2548 3272 2595 et
3308 2540 3564 2595 virtutem

1983 2651 2079 2693 eos
2114 2636 2367 2691 hortatur
2396 2652 2412 2691 :
2455 2654 2473 2687 ι
2502 2634 2736 2705 Propter
2761 2649 2902 2705 quae,
2933 2652 2952 2686 ι
2983 2634 3079 2698 ait,
3101 2652 3120 2685 ι
3145 2635 3379 2703 pretiosa
3410 2635 3494 2688 vol
3516 2632 3565 2688 is

1981 2724 2253 2799 promissa
2287 2728 2489 2784 donata
2526 2734 2679 2793 sunt,
2723 2734 2784 2782 ut
2829 2741 2926 2797 per
2973 2726 3088 2781 haec
3137 2724 3450 2780 eﬁiciamiui
3476 2725 3565 2779 di-

1981 2820 2120 2874 vinae
2146 2830 2435 2874 consortes
2464 2825 2694 2873 naturae.
2733 2835 2753 2870 ι
2783 2816 2944 2872 Vides
2974 2817 3258 2887 praemium
3290 2831 3412 2871 esse
3436 2831 3567 2887 pro-

1982 2909 2212 2965 missum
2242 2908 2314 2964 iis
2350 2909 2444 2980 qui
2488 2909 2791 2964 secundum
2829 2909 3112 2964 Christum
3153 2908 3392 2962 vivunt?
3427 2906 3563 2972 Quis

1981 3013 2164 3059 autem
2190 3003 2355 3059 alicui
2390 3003 2682 3076 pollicetur
2715 3003 2862 3073 quod
2893 2994 3035 3058 inest
3063 3002 3318 3059 omnibus
3346 3005 3415 3057 ab
3443 3003 3562 3072 ipsa

1980 3094 2236 3165 origine?
2291 3095 2458 3150 Divus
2503 3105 2684 3151 autem
2732 3095 3042 3151 Maximus:
3083 3113 3102 3147 ι
3148 3093 3296 3160 Ideo,
3349 3096 3557 3165 inquit,

292 3212 440 3260 σεως
468 3210 486 3261 ;
528 3192 587 3248 '0
612 3192 670 3246 δὲ
698 3192 842 3253 θεῖος
870 3189 1147 3260 Μάξιμος,
1184 3207 1204 3239 ι
1243 3169 1334 3250 Εἷς
1366 3185 1544 3253 τοῦτο,
1583 3188 1738 3258 φησι,
1775 3204 1871 3240 πε-

1987 3204 2087 3245 nos
2115 3188 2246 3244 fecit
2280 3189 2445 3251 Deus.
2480 3198 2542 3243 ut
2572 3189 2874 3244 elliciamur
2910 3189 3110 3243 divinae
3148 3198 3435 3246 consortes
3466 3205 3567 3244 na-

292 3287 531 3359 ποίηκεν
553 3284 699 3356 ἡμᾶς
738 3285 766 3337 ὁ
788 3282 946 3348 Θεὸς,
986 3281 1074 3336 ἶνα
1113 3278 1406 3349 γενώμεθα
1443 3278 1595 3341 θείας
1624 3280 1873 3333 κοινωνοὶ

293 3381 604 3450 φύσεωςυ»
648 3376 738 3440 Ὠς
786 3375 887 3429 οὐκ
932 3373 1086 3437 ὄντες
1123 3373 1234 3442 ἄρα
1270 3371 1565 3442 πρότερον,
1619 3371 1728 3425 οὐδ’
1756 3372 1874 3442 ἅμα

288 3475 361 3543 τῇ
394 3471 609 3540 γενέσει
646 3469 745 3523 καὶ
769 3470 1025 3523 κοινωνοὶ
1059 3465 1424 3536 πεποιημένοι
1457 3464 1685 3536 ταύτης.
1724 3465 1784 3519 ὐ
1815 3466 1874 3520 δὲ

293 3565 441 3626 θεῖος
497 3560 711 3624 Παῦλος
750 3560 851 3630 οὐχ
891 3559 984 3612 ὅτε
1023 3556 1097 3628 μὴ
1132 3557 1328 3617 πιστὸς
1374 3556 1555 3625 μόνον,
1590 3555 1730 3609 ἀλλὰ
1776 3555 1872 3609 καὶ

298 3656 546 3727 μιμητὴς
572 3655 767 3723 γέγονε
796 3649 1056 3722 Χριστοῦ,
1087 3649 1186 3718 τῆς
1235 3649 1618 3719 ἀπεριλήπτου
1655 3648 1873 3718 φύσεως

292 3748 446 3812 οἶκος
502 3747 877 3818 ἐχρημάτισες
932 3743 1044 3796 Ποῦ
1100 3742 1281 3797 τοίνυν
1337 3743 1475 3795 εἰσὶν
1522 3742 1572 3794 οἱ
1620 3744 1690 3794 τὰ
1741 3741 1871 3793 ὄντα

294 3841 477 3894 πάντα
502 3840 783 3892 κοινωνεῖν
812 3836 1064 3906 λέγοντες
1105 3828 1295 3906 αὐτῆς,
1342 3833 1464 3886 ἐπεὶ
1504 3835 1678 3887 πάντα
1708 3832 1872 3902 μετέ-

293 3949 384 4005 χει
415 3932 510 3985 τοῦ
536 3930 672 3984 Θεοῦ
699 3948 715 3998 ;

373 4025 539 4077 Θεότ.
597 4024 943 4095 Ἐρῤέτωσαν
972 4015 1118 4074 οῦτοι
1167 4015 1550 4090 παιδαριώδεις
1572 4017 1681 4086 γὰρ
1719 4017 1874 4081 ὄντες

292 4117 397 4187 τὴν
434 4117 700 4181 διάνοιαν,
753 4113 995 4167 νεανικοὶ
1055 4111 1112 4164 δὲ
1156 4111 1258 4181 τὴν
1308 4110 1596 4163 ἀπείθειαν
1634 4108 1731 4161 καὶ
1769 4109 1872 4178 τὴν

295 4211 599 4273 ἀναίδειαν,
619 4210 736 4271 ταῖς
770 4207 989 4277 φρεσὶν,
1020 4205 1097 4268 ὼς
1128 4205 1327 4271 ἔοικεν,
1354 4203 1467 4257 ἀλλ’
1496 4202 1558 4256 οὑ
1581 4205 1647 4273 τῇ
1680 4203 1871 4273 κακίᾳ,

294 4299 676 4371 νηπιάζουσιν.
734 4297 878 4366 Ἐγὼ
913 4298 960 4352 δ’
989 4296 1146 4368 οἶμαι
1191 4297 1426 4368 συνορᾷν
1469 4296 1534 4348 ὲκ
1571 4294 1680 4349 τῶν
1721 4296 1876 4367 εἰρη-

180 4380 188 4385 .
297 4396 481 4466 μένων
508 4394 625 4460 νῦν,
654 4395 804 4457 ὅπως
834 4392 933 4446 καὶ
969 4391 1233 4461 μεθεκτὸς
1274 4391 1371 4444 καὶ
1399 4388 1705 4461 άμέθεκτος
1730 4383 1871 4444 εἶναι

293 4487 515 4557 λέγεται
546 4487 669 4541 κατ’
700 4486 890 4539 οὐσίαν
922 4486 952 4538 ὁ
984 4485 1142 4549 Θεὸς.

369 4582 548 4651 Θεοφ.
615 4578 925 4650 Ἐξήγησαι
981 4577 1187 4644 τοίνυν,
1229 4576 1259 4631 ὃ
1299 4576 1590 4650 τυγχάνεις
1628 4575 1873 4632 διανοού-

370 4689 515 4739 νος.,

292 4690 534 4816 μέἰῗτ.
580 4760 801 4831 Ἐπειδὴ
840 4761 955 4823 τοῖς
990 4757 1168 4826 ἁγίοις
1202 4755 1387 4827 μόνοις
1411 4756 1623 4810 δέδοται
1674 4772 1871 4810 κοινωο

287 4854 420 4916 νοὸς
459 4852 558 4922 τῆς
589 4850 742 4915 θείας
776 4850 994 4919 φύσεως
1018 4849 1215 4910 τελεῖν,
1246 4850 1361 4912 τοῖς
1392 4847 1494 4918 μὲν
1522 4846 1703 4909 ἄλλοις
1734 4847 1873 4916 ἀμέ-

289 4944 488 4996 θεκτον
535 4941 770 5013 ἐροῦμεν
801 4942 902 5011 τὴν
934 4941 1125 4993 οὐσίαν
1163 4957 1223 4992 τε
1256 4942 1350 4993 καὶ
1380 4938 1544 5008 φύσιν
1569 4939 1664 4992 τοῦ
1691 4937 1826 4991 Θεοῦ
1853 4952 1869 4969 ·

287 5036 402 5097 τοῖς
437 5034 497 5088 δὲ
550 5033 952 5107 εὺηρεστηκόσι
990 5032 1166 5101 τούτῳ
1217 5030 1511 5101 μεθεκτὴν,
1550 5030 1785 5100 μάλιστα
1810 5028 1868 5081 δὲ

288 5127 437 5181 κατὰ
466 5126 568 5195 τὴν
615 5125 921 5196 μέλλουσαν
951 5125 1172 5193 ἐκείνην
1209 5122 1387 5190 λῆξιν,
1422 5120 1682 5192 καὶπρὸς
1718 5118 1867 5172 τοῦτ’

289 5215 385 5286 ἄρ’
416 5216 547 5268 αὐτὸ
577 5217 799 5269 κάκεῖνο
834 5214 992 5284 φέρει
1032 5212 1092 5266 τὸ
1138 5211 1434 5283 εἰρημένον
1461 5210 1750 5281 Γρηγορίῳ
1786 5207 1867 5279 τῷ

285 5309 393 5379 τῆς
417 5306 694 5374 θεολογίας
717 5304 1011 5376 ἐπωνύμῳ·
1044 5322 1063 5356 ι
1090 5305 1284 5356 Ἔσται
1306 5302 1365 5357 δὲ
1386 5303 1413 5355 ὁ
1440 5301 1572 5363 Θεὸς
1596 5301 1665 5353 τὰ
1688 5300 1868 5354 πάντα

289 5402 356 5455 ὲν
386 5401 555 5452 πᾶσιν
582 5400 641 5452 ὲν
685 5397 764 5467 τῷ
801 5398 984 5467 καιρῷ
1013 5395 1117 5465 τῆς
1161 5394 1689 5457 ἀποκαταστάσεως,
1737 5394 1867 5445 ὅταν

294 5492 497 5565 μηκέτι
540 5490 714 5545 πολλὰ
741 5486 913 5561 ὦμεν,
942 5487 1135 5558 ὥσπερ
1157 5485 1274 5552 νῦν,
1323 5486 1437 5547 τοῖς
1467 5485 1735 5555 κινήμασι
1768 5483 1866 5536 καὶ

283 5589 405 5649 τοῖς
432 5584 683 5649 πάθεσιν,
708 5582 862 5636 οὐδὲν
887 5582 1025 5644 ὅλως
1054 5579 1189 5632 Θεὸν
1227 5579 1260 5647 ἢ
1309 5575 1490 5643 ὀλίγον
1521 5578 1580 5629 ὲν
1608 5576 1741 5646 ἡμῖν
1771 5575 1868 5628 αὐ-

282 5682 405 5743 τοῖς
431 5681 717 5750 ᾳέροντες,
754 5674 869 5729 ἀλλ’
901 5674 1016 5726 ὅλοι
1047 5670 1328 5733 θεοειδεῖς,
1359 5668 1484 5722 ὅλου
1516 5666 1653 5721 Θεοῦ
1681 5684 1863 5738 χωρη-

283 5774 434 5827 τικοὶ
477 5770 573 5824 καὶ
605 5768 768 5838 μόνον
793 5780 809 5800 ο
850 5762 1014 5817 τοῦτο
1047 5760 1157 5830 γὰρ
1213 5760 1250 5828 ἡ
1303 5757 1582 5822 τελείωσις
1630 5758 1765 5826 πρὸς
1799 5756 1865 5825 ἢν

1978 3288 2137 3335 turre.
2174 3266 2211 3334 ι’
2236 3278 2481 3337 Proinde
2508 3297 2608 3336 nec
2641 3295 2862 3336 eramus
2897 3281 3070 3351 prius,
3109 3296 3211 3335 nec
3239 3279 3403 3336 simul
3431 3294 3558 3334 cum

1979 3371 2265 3426 creatione
2312 3371 2439 3425 facti
2491 3386 2682 3425 sumus
2734 3370 2884 3427 illius
2946 3370 3267 3440 participes.
3300 3370 3368 3425 Et
3399 3368 3560 3423 divus

1976 3459 2185 3517 Paulus
2219 3476 2403 3516 nonne
2454 3461 2680 3529 quando
2712 3472 2820 3514 non
2864 3458 3171 3529 discipulus
3200 3467 3433 3522 tantum,
3464 3458 3560 3513 sed

1978 3554 2224 3608 imitator
2258 3552 2438 3606 factus
2464 3561 2547 3606 est
2578 3550 2808 3609 Christi.
2843 3549 3423 3619 incomprehensibilis
3456 3564 3559 3603 na-

1978 3656 2114 3698 tura:
2156 3648 2353 3699 domus
2400 3643 2625 3698 eﬂ‘eclus
2658 3643 2787 3697 est?
2821 3640 2929 3696 Ubi
2980 3642 3147 3709 igitur
3179 3650 3308 3695 sunt
3342 3640 3435 3708 qui
3469 3655 3560 3692 res

1975 3749 2169 3790 omnes
2209 3734 2399 3789 dicunt
2449 3749 2571 3788 esse
2620 3733 2786 3798 hujus
2843 3741 3150 3788 consortes.
3200 3730 3329 3801 quia
3363 3730 3555 3786 omnia

1975 3825 2145 3882 Deum
2170 3826 2545 3897 participant?

2044 4005 2227 4062 Theot.
2259 4004 2476 4062 Abeant
2507 4006 2619 4072 isti,
2650 4006 2889 4076 pueriles
2926 4002 3309 4074 intelligentia,
3336 3986 3554 4071 jtireni-

1974 4097 2057 4154 les
2086 4080 2478 4152 incredulitate
2502 4108 2559 4152 et
2588 4097 2842 4161 audacia,
2873 4105 2934 4151 ut
2962 4095 3129 4151 menti
3157 4110 3289 4150 mea:
3312 4093 3552 4158 videtur,

1975 4205 2041 4246 ac
2076 4190 2321 4260 nequitia
2372 4205 2480 4245 non
2511 4190 2745 4259 parvuli.
2779 4187 3043 4259 Equidem
3094 4202 3260 4252 nunc,
3307 4196 3367 4241 ut
3406 4187 3549 4241 arbi-

1974 4294 2113 4352 tror,
2144 4299 2209 4339 ex
2249 4282 2414 4339 dictis
2461 4283 2701 4352 intelligo
2750 4282 3027 4353 quomodo
3074 4279 3556 4336 communicabilis

1974 4383 2032 4430 et
2055 4373 2595 4430 incommunicabilis
2626 4373 2871 4430 essentia
2908 4371 3131 4428 dicatur
3165 4369 3334 4428 Deus.

2047 4555 2274 4625 Theoph.
2311 4554 2408 4611 Dic
2442 4555 2606 4624 igitur
2628 4554 2761 4625 quid
2788 4553 3088 4625 intelligas.

2049 4749 2232 4805 Theot.
2267 4752 2400 4805 Cum
2458 4750 2664 4806 sanctis
2707 4750 2976 4804 duntaxat
3007 4750 3192 4805 datum
3225 4750 3297 4805 sit
3324 4756 3564 4808 consor-f

1976 4850 2059 4898 tes
2089 4841 2207 4897 ﬁeri
2238 4851 2451 4899 natura:
2501 4842 2721 4907 divinae,
2748 4842 2872 4898 aliis
2907 4842 3127 4912 quidem
3181 4841 3562 4932 incommuuiﬁ

1973 4934 2205 4989 cabilem
2234 4933 2484 4989 dicemus
2521 4934 2819 4989 essentiam
2849 4942 3213 5004 naturamque
3250 4935 3366 5000 Dei.
3393 4936 3562 5013 com-3

1979 5025 2369 5081 municabilcm
2410 5041 2541 5082 vero
2586 5025 2655 5083 iis
2687 5041 2827 5097 quos
2872 5027 2963 5083 hic
2991 5027 3192 5098 diligit,
3244 5028 3561 5101 praesertim;

1973 5112 2154 5183 quoad
2185 5113 2427 5167 futuram
2456 5113 2872 5179 beatitudinem,
2906 5113 3069 5185 idque
3096 5116 3275 5186 ipsum
3309 5119 3547 5174 innuunt

1974 5207 2090 5259 haec
2113 5205 2276 5259 verba
2303 5201 2546 5275 Gregorii
2576 5205 2664 5259 cui
2692 5219 2992 5275 cognomen
3012 5203 3323 5278 Theologus
3347 5225 3361 5261 :
3385 5228 3404 5259 ι
3429 5206 3556 5262 Erit

1974 5304 2158 5350 autem
2190 5294 2335 5350 Deus
2370 5296 2555 5350 ontnia
2587 5298 2643 5351 in
2681 5297 2937 5350 omnibus
2965 5296 3379 5352 instauratiouis
3407 5306 3547 5352 tent-

1973 5403 2127 5458 pore,
2156 5403 2324 5456 quum
2359 5387 2473 5457 jam
2517 5403 2621 5443 non
2667 5387 2881 5443 erimus
2927 5387 3073 5442 sicut
3107 5404 3250 5443 nunc
3288 5389 3546 5457 discerpti

1974 5478 2443 5535 commotionibus
2483 5487 2538 5532 et
2572 5478 2992 5548 cupiditatibus,
3025 5479 3250 5531 minime
3299 5482 3394 5530 aut.
3423 5466 3579 5547 per-i

1976 5568 2258 5637 paululum
2313 5569 2367 5620 in
2428 5569 2589 5623 nobis
2625 5568 2792 5623 Deum
2828 5567 3095 5633 (cientes,
3161 5567 3254 5620 sed
3306 5567 3553 5622 totalitcr

1979 5660 2192 5715 sittules
2221 5658 2356 5725 Deo,
2392 5659 2558 5713 unius
2587 5674 2653 5713 ac
2693 5659 2861 5715 totius
2894 5657 2989 5711 Dei
3028 5670 3295 5726 capaces:
3327 5658 3442 5712 haec
3465 5667 3549 5714 est

1976 5749 2121 5805 enim
2158 5750 2372 5819 requies
2403 5751 2457 5805 in
2491 5765 2652 5821 quam
2680 5747 2886 5818 ingredi
2902 5746 3252 5804 festinantius.
3284 5749 3367 5803 Att
3405 5759 3556 5806 recte
