4046 6480
471 281 581 346 935

1748 267 2129 332 GREGORII
2169 240 2517 327 munra.

3632 256 3733 319 936

471 390 849 464 argumentari
902 388 1138 445 videor?
1177 404 1245 443 an
1295 387 1368 443 ita
1418 403 1477 444 se
1524 403 1613 444 res
1661 386 1854 450 habet,
1886 386 2054 441 milti-

2184 380 2495 450 ςπεύδομεν.
2530 375 2727 440 Καλῶς
2776 376 2865 448 ἄρ’
2908 375 3189 442 ἐπιϐαλεῖν
3219 375 3399 441 δοκῶ,
3446 373 3738 443 Θεόφανες,

473 501 583 555 que
653 483 932 539 conscntis
997 494 1048 538 et
1109 482 1375 537 convenis
1446 497 1561 536 rem
1619 497 1677 537 se
1730 498 1840 537 non
1895 483 2056 537 aliter

470 576 672 631 habere
694 576 718 628 ?

548 668 779 736 Tlteoplt.
819 665 996 721 Absit.
1043 664 1180 720 Cum
1234 666 1383 719 enim
1439 663 1760 721 Messaliani
1814 666 2055 738 idipsum

478 769 746 823 tenerent,
778 759 1027 814 dicentes
1072 772 1168 813 eos
1198 773 1339 827 quos
1375 758 1651 814 habebant
1682 769 1740 815 ut
1772 771 2056 831 purgatos,

478 852 632 906 indui
668 866 898 920 persona
931 850 1273 907 sacrosancxi
1310 851 1549 921 Spiritus
1599 840 1829 923 ejusque
1865 855 1917 907 in
1961 869 2057 908 ua-

484 954 660 999 turam
690 943 917 1007 intrare,
954 943 1063 997 divi
1096 942 1285 998 Patres
1333 958 1431 998 eos
1461 942 1687 996 omnino
1732 943 2057 1012 rejeeerunt,

481 1037 726 1090 dicentes
753 1035 1159 1102 quodammodo
1203 1036 1388 1090 venire
1424 1033 1641 1089 Patrem
1672 1034 1980 1105 Filiumque
2008 1046 2062 1089 et

482 1130 750 1200 Spiritum
784 1140 1031 1183 sanetum
1082 1129 1149 1183 ad
1204 1144 1298 1182 cos
1347 1127 1441 1197 qui
1490 1136 1619 1182 sunt
1660 1128 1803 1183 sicut
1847 1137 2063 1196 oportet

480 1222 721 1293 purgati,
755 1231 808 1275 et
838 1222 1177 1275 mansionem
1217 1220 1362 1289 apud
1388 1235 1483 1275 eos
1514 1220 1694 1275 facere
1721 1220 1877 1289 juxta
1906 1236 2064 1275 eratt-

482 1315 712 1386 gelicam
758 1313 1205 1384 promissionem.
1248 1311 1347 1367 llic
1380 1328 1508 1366 vero
1540 1328 1607 1366 ne
1635 1311 1952 1366 consideres
1977 1313 2065 1365 di-

481 1406 765 1460 vinitatem
804 1415 1075 1473 quatenus
1122 1412 1205 1458 est
1239 1416 1459 1469 natura,
1490 1419 1591 1458 nec
1619 1402 1861 1457 animum
1911 1412 2061 1456 tuum

484 1511 683 1549 rursus
717 1510 800 1562 pet
818 1493 998 1547 turbet
1032 1492 1163 1548 illud
1194 1494 1340 1563 quod
1373 1493 1447 1547 ait
1482 1492 1819 1562 'l‘lteologus,
1870 1507 2065 1561 nempe

487 1588 654 1641 t0tius
685 1585 775 1638 Dei
806 1600 1036 1654 capaces
1066 1583 1183 1639 fore
1222 1595 1446 1639 sanctus
1469 1602 1483 1652 ;
1510 1587 1602 1641 sed
1635 1596 1910 1639 memento
1945 1601 2065 1638 ver-

487 1678 683 1731 borum
714 1690 837 1744 quae
879 1683 1130 1729 recenter
1174 1674 1451 1737 diximus,
1484 1674 1841 1728 ostendentes
1881 1689 2068 1727 essen-

489 1771 575 1822 tiaz
602 1766 1279 1823 ittc0tnmunicabilitatem
1313 1765 1538 1819 minime
1561 1766 1781 1820 obstare
1809 1766 1942 1835 quin
1977 1780 2068 1832 per

491 1876 942 1929 unamquamque
1008 1861 1386 1927 operationem
1443 1867 1589 1914 totus
1650 1858 1965 1929 participari
2016 1864 2071 1912 et

492 1954 723 2021 itttcilio'i
756 1952 970 2006 dicatur
1006 1951 1149 2006 Deus
1181 1951 1313 2020 (non
1350 1951 1498 2005 enim
1532 1951 1895 2021 corporaliter
1932 1950 2074 2005 divi-

491 2048 699 2100 duntur
730 2045 1144 2113 ittcorpuralia),
1179 2058 1244 2097 ac
1291 2042 1516 2111 proinde
1544 2041 1615 2096 ob
1642 2043 1902 2097 unitatem
1940 2042 2073 2097 sub-

493 2139 710 2193 stantize
743 2137 1163 2192 immutabil.ter
1202 2145 1349 2191 totus
1398 2136 1496 2190 toti
1532 2134 1665 2188 ntibi
1713 2134 1925 2189 unitur.
1966 2134 2073 2201 Qui

495 2234 661 2302 igitur
700 2245 929 2301 capaces
960 2230 1160 2283 divinae
1191 2229 1509 2300 deiﬁczeque
1537 2228 1675 2282 ﬁunt
1715 2229 2077 2300 operationis;

495 2323 665 2379 totius
704 2322 796 2377 Dei
832 2322 1136 2377 redduntur
1176 2337 1428 2392 capaces.
1478 2320 1579 2375 Ubi
1624 2336 1777 2387 vero,
1824 2331 2075 2376 naturam

496 2416 736 2485 puritate
793 2414 1175 2484 supergressi,
1234 2415 1622 2483 requievertutt
1691 2413 1762 2468 ab
1816 2413 2075 2468 omnibus

499 2508 765 2578 operibus
797 2506 994 2561 anima:
1032 2518 1087 2561 et
1135 2504 1404 2575 corporis,
1456 2515 1644 2574 utpote
1682 2505 1858 2561 solam
1894 2504 2077 2575 adepti

496 2602 741 2658 divinam
792 2600 1195 2670 operationem,
1244 2608 1378 2653 tunc
1443 2598 1756 2653 eiliciuntur
1808 2599 1976 2653 totius
2024 2607 2080 2653 et

497 2694 663 2749 unius
697 2692 791 2747 Dei
821 2707 1088 2762 capaces:
1130 2692 1246 2744 ltmc
1276 2700 1359 2745 est
1387 2690 1533 2745 enim
1572 2690 1790 2760 requies
1821 2690 1873 2744 in
1912 2704 2077 2759 quam

500 2784 712 2854 ingredi
764 2783 1113 2849 festinamus,
1158 2793 1218 2837 ut
1262 2783 1340 2837 ait
1384 2783 1702 2852 Apostolus,
1743 2783 2080 2851 dcpouentes

500 2877 774 2931 desideria
800 2892 859 2933 ca
873 2878 987 2930 ruis
1013 2885 1069 2930 et
1092 2874 1514 2944 cogitationum.
1545 2873 1685 2928 Dicit
1711 2874 1873 2928 etiam
1909 2873 2080 2928 Maxi-

505 2985 670 3035 mus,
722 2969 912 3023 talium
975 2967 1322 3024 certissimus
1377 2975 1504 3021 ante
1564 2965 1704 3021 alios
1760 2966 2079 3035 interpres:

2162 476 2256 528 καὶ
2284 472 2439 526 ταῦθ’
2471 470 2645 534 οὕτως
2672 469 2807 542 ἔχει,
2851 469 2947 524 καὶ
2981 473 3064 522 σοὶ
3097 470 3377 535 συνδοκεῖ,
3409 468 3507 522 καὶ¹
3535 468 3743 539 συμφή-

2163 585 2285 629 σαις
2322 567 2388 620 ἂν
2420 564 2891 635 ἐπιψηφιζόμενος
2916 562 2992 634 μὴ
3033 562 3208 626 ἄλλως
3245 561 3445 633 ἔχειν;

2234 665 2411 732 Θεοφ.
2470 661 2728 729 Ἀπαγεί
2774 658 3190 722 Μεσσαλιανούς
3240 658 3362 730 γὰρ
3415 656 3565 711 τοῦτ’
3618 659 3742 712 αὐτὸ

2163 756 2523 827 φρονοῦντας,
2561 754 2637 816 ὡς
2686 754 2736 807 οἱ
2789 751 2912 805 κατ’
2944 751 3142 814 αὐτοὺς
3185 750 3608 822 κεκαθαρμένοι
3651 752 3742 822 τὴν

2164 849 2466 902 ὑπόστασιν
2512 846 2761 916 δέχονται
2815 843 2911 898 τοῦ
2948 844 3216 911 παναγίου
3274 842 3626 912 Πνεύματος,
3654 845 3743 898 καὶ

2163 943 2243 1005 είς
2274 939 2493 1010 ἐκείνην
2519 938 2843 1009 ἀνέρχονται
2870 935 2970 1007 τὴν
3005 934 3191 1004 φύσιν,
3227 936 3280 987 ot
3317 935 3460 989 θεῖοι
3513 936 3744 1006 Πατέρες

2162 1034 2364 1096 τελέως
2404 1030 2788 1099 ἀπεκήρυξαν,
2814 1030 3065 1091 εἰπόντες
3094 1028 3167 1090 ὡς
3204 1028 3427 1096 γίνεταί
3459 1045 3547 1091 τις
3574 1028 3747 1093 ἐπιδη-

2168 1108 2263 1197 μία
2297 1125 2391 1179 τοῦ
2430 1125 2644 1194 Πατρός
2685 1125 2780 1176 καὶ
2810 1122 2904 1175 τοῦ
2940 1121 3068 1174 Υἱοῦ
3111 1120 3207 1173 καὶ
3238 1119 3340 1173 τοῦ
3378 1119 3540 1187 ἁγίου
3592 1121 3746 1175 11νεύ-

2169 1232 2337 1284 ματος
2390 1216 2500 1277 τοῖς
2548 1213 2622 1275 ὡς
2652 1212 2832 1282 χρεὼν
2887 1211 3351 1280 κεκαθαρμένοις,
3406 1211 3510 1264 καὶ
3560 1212 3749 1264 ἐνοικεῖ

2165 1307 2349 1369 αὐτοῖς
2376 1305 2517 1358 κατὰ
2548 1305 2653 1374 τὴν
2680 1300 3041 1371 εὐαγγελικὴν
3074 1302 3445 1368 ἐπαγγελίαν.
3492 1300 3636 1355 Ἀλλ’
3660 1301 3747 1374 οὐχ

2165 1395 2241 1458 ὡς
2275 1393 2391 1464 ἔχει
2424 1392 2643 1460 φύσεως
2673 1393 2707 1462 ἡ
2745 1391 2959 1461 θεότης,
2989 1390 3126 1443 ἀλλὰ
3160 1392 3299 1460 μηδὲ
3336 1392 3401 1445 τὸ
3446 1390 3747 1460 θεολογικόν

2167 1489 2347 1541 ἐκεῖνο
2397 1485 2699 1558 θορυὸείτω
2731 1503 2824 1538 σου
2873 1484 3037 1539 πάλιν
3080 1484 3178 1555 τὴν
3207 1484 3484 1548 διάνοιαν,
3518 1484 3596 1547 ὡς
3638 1485 3745 1539 ὅλου

2167 1582 2304 1636 Θεοῦ
2336 1581 2635 1652 χωρητικοὶ
2666 1581 2882 1634 Ιἐσονται
2908 1581 2957 1632 oi
2989 1579 3157 1649 ἆγιοι.
3183 1580 3294 1634 τῶν
3322 1581 3508 1649 λόγων
3534 1578 3746 1633 ἐκείνων

2175 1673 2552 1743 μεμνημένου,
2605 1665 2679 1726 ὧν
2711 1672 2936 1743 ἔναγχος
2984 1673 3400 1743 ἐποιησάμεθα,
3450 1671 3748 1734 δεικνύντες

2177 1764 2400 1835 μηδαμῆ
2436 1766 2603 1837 μηδὲν
2654 1764 3017 1834 λυμαίνεσθαι
3062 1766 3139 1832 τῷ
3176 1766 3485 1837 ἀμεθέκτῳ
3542 1768 3637 1835 τῆς
3669 1764 3749 1818 οὐ·

2175 1856 2294 1921 σίας
2346 1858 2407 1910 τὸ
2436 1858 2502 1911 δι’
2555 1858 2795 1924 ἑκάστης
2826 1858 2935 1909 τῶν
2971 1860 3270 1928 ἐνεργειῶν
3325 1858 3454 1912 ὅλον
3496 1857 3589 1912 τὸν
3630 1855 3749 1909 Θεὸν

2177 1946 2507 2019 μετέχεσθαί
2538 1965 2596 2000 τε
2625 1949 2718 2001 καὶ
2743 1949 2981 2002 νοεῖσθαι
3013 1948 3272 2013 λέγεσθαι
3297 1965 3312 1980 ·
3347 1948 3413 2002 οὐ
3443 1948 3555 2019 γὰρ
3584 1964 3750 2016 σωμα-

2172 2041 2343 2103 τικῶς
2377 2040 2661 2111 μερίζεται
2695 2041 2763 2095 τὰ
2795 2038 3065 2111 ἀσώματα
3085 2058 3098 2074 ·
3139 2041 3219 2095 διὸ
3255 2043 3359 2096 καὶ
3391 2042 3482 2096 διὰ
3509 2042 3607 2112 τῆς
3633 2041 3751 2111 μιᾶς

2175 2133 2531 2196 ὑποστάσεως
2585 2133 2692 2205 ὅλῳ
2755 2150 2846 2204 μοι
2891 2135 3180 2203 ἀτρέπτως
3229 2135 3360 2198 ὃλος
3412 2134 3638 2205 ἥνωται.
3692 2132 3748 2185 Οί

2176 2228 2475 2298 χωρητικοὶ
2506 2228 2681 2281 τοίνυν
2704 2228 2857 2290 θείας
2881 2229 2977 2280 καὶ⁸
3012 2228 3269 2281 Geo-natm?
3296 2228 3589 2297 γεγονότες
3615 2228 3750 2295 svsp-

2177 2321 2355 2390 γείας,
2425 2320 2550 2373 ὅλου
2595 2320 2731 2374 Θεοῦ
2787 2320 3165 2391 καθεστήκασι
3221 2320 3557 2391 χωρητικοί.
3596 2319 3748 2373 Ὅταν

2178 2413 2234 2467 δὲ
2269 2412 2365 2483 τὴν
2401 2412 2564 2483 φύσιν
2603 2411 3054 2483 ὐπεραναϐἀντες
3079 2410 3373 2482 καθαρῶς,
3412 2413 3593 2465 πᾶσαν
3627 2412 3751 2467 ἀπο-

2180 2507 2463 2563 παύσωτιν
2495 2510 2781 2576 ἐνέργειαν
2812 2508 2992 2579 ψυχῆς
3025 2509 3121 2562 καὶ
3159 2512 3450 2578 σώματος,
3485 2510 3560 2571 ὡς
3597 2507 3748 2578 μόνης

2181 2602 2279 2671 τῆς
2309 2601 2458 2664 θείας
2489 2602 2778 2674 ἐνεργείας
2822 2600 3244 2672 ἐπειλημμένοι,
3280 2599 3592 2671 τηνικαῦτα
3615 2598 3749 2652 τελε·

2184 2692 2361 2760 σθείεν
2410 2693 2476 2747 ἂν
2508 2692 2633 2748 ὅλου
2667 2696 2764 2748 καὶ
2817 2693 2981 2764 μόνου
3035 2693 3172 2748 Θεοῦ
3221 2694 3570 2767 χωρητικοί·
3610 2693 3752 2748 τοῦτο

2181 2786 2292 2858 γὰρ
2327 2787 2361 2856 ἡ
2394 2787 2677 2849 τελείωσις
2727 2786 2865 2856 πρὸς
2902 2787 2970 2856 ἢν
3007 2786 3345 2859 σπεύδομεν,
3398 2785 3749 2846 ἀποσωλικῶς

2183 2880 2381 2942 εἰπεῖν,
2438 2880 2826 2949 (ἀποτιθέμενοι
2854 2881 2923 2931 τὰ
2970 2879 3255 2950 θελήματα
3301 2882 3403 2953 τῆς
3448 2879 3641 2949 σαρκὸς
3667 2877 3749 2931 καὶ

2183 2972 2292 3027 τῶν
2324 2972 2597 3026 διανοιῶν.
2632 2973 2772 3041 Φησὶ
2799 2970 2908 3040 γὰρ
2960 2973 3055 3026 καὶ
3091 2972 3351 3042 Μάξιμος
3381 2975 3409 3028 ὁ
3451 2971 3561 3027 τῶν
3596 2967 3752 3024 τοιού-

510 3083 529 3114 (
568 3063 761 3118 Untuis
806 3061 991 3116 divina
1028 3058 1276 3129 operatio
1309 3074 1405 3128 per
1433 3059 1667 3128 seipsam
1707 3069 1879 3112 totum
1910 3058 2077 3138 Deum

2186 3082 2317 3127 των,
2345 3063 2503 3135 εἴπερ
2539 3081 2647 3130 τις,
2674 3064 2972 3135 ἑρμηνεὺς,
3001 3064 3086 3117 ὅτι
3119 3082 3138 3117 ι
3173 3065 3339 3120 Πᾶσα
3362 3064 3488 3117 θεία
3520 3062 3748 3131 ἐνέργεια

506 3155 629 3210 sine
678 3153 949 3208 divisione
1004 3158 1380 3221 repraesentat.
1433 3169 1452 3203 ι
1515 3150 1717 3205 Dicens
1747 3169 1765 3201 ι
1807 3152 2020 3216 omnis,
2060 3170 2079 3203 ι

506 3246 746 3301 ostendit
771 3259 865 3300 eas
895 3259 1017 3299 esse
1048 3244 1256 3312 plures,
1281 3258 1388 3299 non
1421 3259 1550 3297 vero
1589 3244 1883 3299 essentias.
1927 3244 2088 3299 Insu-

508 3355 606 3408 per
652 3337 862 3393 sanctis
904 3352 1014 3391 non
1063 3336 1464 3392 communicari
1503 3336 1745 3391 divinam
1787 3337 2086 3392 essentiam

510 3430 650 3483 idem
688 3427 955 3484 Maximus
990 3429 1044 3483 in
1076 3428 1237 3498 paulo
1276 3429 1530 3498 superius
1563 3428 1725 3483 dictis
1752 3428 2090 3483 demonstrat

508 3522 737 3575 dicens:
778 3538 796 3572 ι
843 3520 984 3577 Deus
1026 3538 1092 3575 ex
1125 3521 1639 3589 impenetrabilitate
1665 3520 1922 3576 essentia:
1976 3536 2087 3575 non

507 3617 654 3677 exit,
696 3633 713 3664 ι
767 3621 821 3667 et
863 3629 1096 3668 rursus:
1157 3634 1174 3666 ι
1224 3615 1345 3668 'l‘nti
1400 3615 1634 3669 omnino
1680 3612 1950 3669 efficimur
1991 3612 2089 3680 dii,

510 3715 709 3776 pra-ter
735 3705 991 3760 essentia:
1026 3706 1387 3761 identitatcm.
1425 3724 1444 3758 ι
1486 3706 1550 3762 Ει
1579 3722 1812 3776 magnus
1843 3706 2090 3760 Albana-

511 3802 674 3856 sius:
729 3818 746 3851 ι
790 3798 991 3854 Deil‘tca
1051 3801 1225 3870 gratia
1275 3800 1640 3871 par:ieipatur
1686 3810 1742 3855 et
1796 3799 2016 3854 videtur
2059 3816 2088 3854 a

511 3891 692 3962 dignis
739 3889 901 3956 Deus,
936 3890 1175 3945 essentia
1209 3906 1339 3945 vero
1373 3890 1773 3945 communicari
1819 3890 2031 3960 nequit.
2067 3908 2084 3940 ι

515 3984 583 4039 Et
616 3983 816 4039 iterum
849 3999 864 4037 :
911 4000 933 4034 ι
976 3982 1058 4036 Dil
1108 3983 1326 4049 quidem
1361 3982 1648 4048 eﬂicimur,
1674 3983 1921 4054 ejusdem
1965 3996 2093 4038 vero

516 4084 726 4129 natura:
753 4074 872 4128 ﬁeri
903 4090 1009 4127 non
1044 4089 1361 4142 possumus.
1403 4094 1421 4126 ι
1468 4076 1535 4130 Ει
1571 4075 1732 4131 Pater
1759 4077 2090 4148 Chrysosto-

516 4185 659 4229 ntus,
695 4184 802 4221 non
848 4168 916 4222 ad
974 4182 1295 4223 mensuram
1327 4168 1445 4223 dari
1481 4169 1750 4240 Spiritum
1800 4170 2034 4227 edoctus
2064 4187 2093 4225 a

522 4262 767 4331 Bap'ista
805 4278 818 4314 :
862 4280 882 4313 ι
922 4261 1079 4324 Vult,
1132 4262 1343 4331 inquit,
1373 4262 1662 4318 ostendere
1714 4264 1785 4318 ab
1836 4264 2096 4319 omnibus

520 4354 676 4407 nubis
704 4354 774 4408 ad
807 4368 1116 4407 mensuram
1150 4353 1320 4423 recipi
1346 4353 1586 4424 Spiritus
1617 4359 1793 4412 sancti
1822 4359 2098 4427 operatio-

2187 3153 2257 3209 δι’
2300 3155 2502 3225 ἐαυτῆς
2552 3156 2674 3209 ὅλον
2712 3158 2805 3209 τὸν
2841 3155 2974 3209 Θεὸν
3021 3156 3246 3227 ἀμερῶς
3284 3153 3694 3227 ὑποσημαίνει·
3728 3166 3744 3197 ι

2192 3249 2374 3303 πᾶσαν
2403 3248 2459 3301 δέ
2482 3247 2673 3321 εἰπὼν,
2700 3249 2902 3312 πολλὰς
2930 3248 3101 3315 ἔδειξε
3129 3250 3221 3303 καὶ
3242 3249 3355 3302 οὐκ
3375 3248 3560 3310 οὐσίας
3579 3243 3745 3303 οὔσας.

2192 3341 2403 3395 Ὅτιδέ
2438 3340 2561 3394 οὐδὲ
2584 3343 2696 3404 τοῖς
2727 3340 2910 3410 ἁγίοις
2943 3341 3181 3412 μεθεκτή
3228 3343 3391 3395 ἐστιν
3426 3341 3459 3412 ἡ
3493 3336 3643 3392 οὐσία
3667 3330 3749 3385 τοῦ

2189 3432 2349 3499 Θεοῦ,
2394 3432 2423 3485 ό
2475 3433 2641 3496 αὐτὸς
2679 3433 2934 3504 Μάξιμος
2986 3434 3072 3487 διὰ
3105 3434 3215 3487 τῶν
3264 3434 3471 3504 μικρὸν
3517 3425 3750 3493 ἀνωτέρω

2192 3526 2559 3597 προηγμένων
2592 3526 2791 3592 ἔδειξεν
2831 3528 2978 3599 ἡμῖν,
3006 3526 3197 3592 εἰπὼν,
3232 3526 3309 3590 ὡς
3351 3546 3370 3579 ι
3421 3524 3480 3579 ’0
3504 3521 3630 3585 Θεὸς
3669 3514 3748 3570 τοῦ

2192 3619 2313 3672 κατ’
2346 3618 2537 3673 οὐσίαν
2564 3618 2796 3686 κρυφίου
2826 3618 3110 3683 παντελῶς
3137 3620 3237 3672 οὐκ
3263 3618 3568 3684 ἐξίσταται.
3610 3631 3629 3666 ι
3654 3607 3751 3663 Καὶ

2192 3713 2395 3767 πάλιν·
2435 3731 2454 3763 ι
2494 3711 2648 3765 ’Ὁλοι
2703 3711 2877 3764 διόλου
2933 3710 3199 3781 γινόμεθα
3248 3711 3392 3777 θεοὶ,
3451 3706 3612 3780 χωρὶς
3663 3702 3751 3768 τῆς

2193 3804 2318 3857 κατ’
2351 3805 2539 3857 οὐσίαν
2569 3805 2926 3876 ταυτότητος.
2962 3823 2981 3855 ι
3016 3805 3125 3857 Καὶ
3147 3803 3175 3855 ὁ
3205 3805 3389 3873 μέγας
3439 3798 3748 3856 Ἀθανάσιοςο

2206 3919 2225 3949 ι
2267 3897 2427 3951 Κατὰ
2460 3899 2559 3967 τὴν
2594 3895 2841 3951 θεοποιὸν
2874 3897 3035 3969 χάριν
3072 3900 3168 3952 καὶ
3202 3899 3493 3970 μετέχεται
3527 3893 3617 3948 καὶ
3640 3887 3751 3959 ὁρᾶ·

2194 4005 2284 4041 ται
2314 3989 2428 4051 τοῖς
2474 3989 2648 4052 ἀξίοις
2701 3990 2729 4042 ὁ
2759 3987 2911 4055 Θεὸς,
2951 3982 3087 4042 κατ’⁷
3122 3989 3313 4042 οὐσίαν
3367 3989 3423 4043 δέ
3468 3978 3749 4056 ἀμέθεκτός

2197 4080 2338 4132 ἐστι.
2385 4097 2402 4130 ι
2441 4080 2549 4132 Καὶ
2594 4077 2775 4132 πάλιν
2801 4096 2815 4111 ι
2870 4097 2889 4129 ι
2937 4078 3063 4132 Θεοί
3104 4078 3205 4147 μὲν
3234 4078 3537 4150 γινόμεθα⁶
3577 4073 3664 4139 τῆς
3701 4067 3748 4119 δὲ

2198 4170 2374 4240 αὐτῆς
2407 4169 2624 4238 φύσεως
2653 4168 2913 4237 γενέσθαι
2943 4167 3004 4221 οὐ
3034 4166 3341 4237 δυνάμεθα.
3374 4187 3394 4220 ι
3430 4166 3537 4219 Καὶ
3569 4162 3595 4214 ὁ
3622 4158 3747 4226 Χρυα

2200 4262 2465 4333 σόστομος
2491 4260 2709 4332 Πατὴρ,
2745 4260 2847 4315 οὐκ
2872 4262 2937 4314 ἐκ
2974 4259 3178 4331 μέτρου
3207 4259 3446 4314 δίδοσθαι
3471 4257 3528 4311 τὸ
3550 4249 3747 4315 Πνεῦμα

2200 4354 2354 4425 παρὰ
2385 4353 2479 4407 τοῦ
2503 4352 2815 4407 Βαπτιστοῦ
2844 4351 3125 4422 ἀκηκοὼς,
3159 4372 3177 4404 ι
3212 4352 3394 4416 Θέλει,
3423 4349 3572 4419 φησὶ,
3596 4340 3744 4403 δεῖξαι

520 4460 644 4499 nem
675 4460 688 4495 :
725 4445 839 4499 lttrc
881 4457 966 4498 est.
998 4442 1142 4497 enim
1178 4458 1300 4513 qua:
1348 4444 1519 4499 dividi
1562 4455 1761 4517 potest,
1806 4463 1973 4517 quum
2009 4463 2080 4501 es-

2199 4448 2282 4501 ὄτι
2309 4447 2512 4508 πάντες
2544 4447 2706 4517 ἡμεῖς
2746 4447 2932 4515 μέτρῳ
2960 4443 3059 4515 τὴν
3093 4443 3378 4514 ἐνέργειαν
3406 4440 3497 4496 τοῦ
3525 4433 3745 4501 “vstitu!—

520 4539 698 4595 sentia
733 4537 806 4592 sit
851 4536 1224 4592 indivisibiiis.
1265 4555 1283 4590 ι
1324 4536 1480 4594 Unde
1510 4538 1601 4594 hic
1643 4539 1805 4594 etiam
1845 4555 1952 4594 non
1985 4542 2100 4593 vnlt

522 4633 672 4703 ipsos
697 4629 936 4699 Spiritus
965 4628 1258 4699 participes
1283 4628 1472 4683 haberi
1501 4639 1558 4683 ut
1592 4638 1879 4684 consortes
1909 4643 2099 4684 esseu-

524 4725 611 4779 tire
640 4722 898 4793 Spiritus.
930 4721 1137 4776 Praeter
1164 4722 1493 4777 documenta
1528 4721 1633 4777 illis
1669 4721 1935 4791 theologis
1963 4721 2101 4777 divi-

522 4819 671 4875 nitus
700 4816 988 4886 inspirata,
1028 4816 1140 4870 imo
1174 4815 1379 4885 regula:
1424 4794 1746 4884 ﬁdei'paulo
1783 4814 2034 4883 superius
2066 4829 2096 4867 a

522 4910 680 4963 nobis
730 4909 997 4980 expositis
1045 4916 1316 4979 repugnat
1358 4914 1581 4961 sanctos
1633 4922 1756 4961 esse
1808 4916 2097 4961 consortes

522 5001 721 5055 divinae
744 5002 998 5055 essentia:
1027 5017 1041 5054 :
1077 5001 1217 5055 banc
1256 5000 1400 5055 enim
1434 5000 1523 5054 ille
1551 4999 1744 5054 statuit
1772 4998 2099 5067 simpliciter

522 5094 1039 5150 communicabilem
1080 5108 1203 5148 esse
1249 5102 1302 5147 et
1334 5092 1938 5158 ineommunicabilem,
1986 5111 2095 5149 nou

524 5201 657 5241 vero
682 5186 1009 5257 quibusdam
1049 5184 1627 5241 ineommunicabilem
1664 5194 1721 5239 et
1761 5184 2095 5255 quibusdam

522 5276 1062 5333 communicabilem.

596 5460 778 5513 Theot.
816 5457 871 5511 Si
906 5472 1035 5527 ergo
1058 5470 1237 5525 neque
1272 5472 1366 5525 per
1394 5466 1575 5524 partes
1607 5458 1747 5511 itane
1786 5458 2099 5513 distinctio-

523 5568 649 5607 nem
694 5549 954 5614 admittit,
987 5562 1164 5615 ncque
1191 5547 1313 5601 aliis
1353 5547 1570 5616 quidem
1627 5564 1867 5603 COﬂl'lllll
1894 5550 2094 5618 itatur,

523 5645 643 5697 aéi's
666 5658 794 5696 veto
821 5658 925 5695 nun
960 5640 1424 5706 communicatur,
1461 5643 1763 5710 cquontodo
1801 5653 2097 5711 utrumque

523 5745 651 5797 illuil
686 5758 872 5796 verum
914 5743 1039 5799 eSI?

2198 4558 2289 4604 τος
2319 4540 2673 4611 λαμϐάνομεν
2693 4557 2708 4572 ο
2743 4540 2883 4611 αὐτη
2916 4539 3025 4610 γάρ
3054 4541 3204 4592 ἐστιν
3236 4540 3267 4607 ὴ
3299 4532 3649 4610 μεριζομένη,
3680 4523 3744 4580 ὡς

2198 4632 2300 4700 τῆς
2360 4632 2550 4695 οὐσίας
2601 4631 2770 4700 οὔσης
2825 4630 3091 4702 ἀμεροῦς.
3150 4647 3168 4681 ι
3231 4628 3397 4683 Ὥστε
3443 4624 3549 4681 οὐδ’
3606 4615 3743 4674 οὗτος

2202 4726 2499 4795 συγχωρεῖ,
2533 4723 2641 4778 οὐδ’
2684 4724 2882 4785 αὐτοὺς
2920 4723 3051 4786 τοὺς
3101 4722 3431 4792 μετέχοντας
3471 4713 3562 4770 τοῦ
3599 4703 3743 4763 Πνεῦ-

2202 4833 2370 4884 ματος
2405 4816 2655 4886 μετέχειν
2681 4816 2892 4869 οἴεσθαι
2938 4816 3038 4885 τῆς
3078 4815 3269 4877 οὐσίας
3298 4813 3390 4867 τοῦ
3431 4806 3739 4874 Πνεύματοῖο

2200 4909 2346 4979 Πρὸς
2380 4909 2436 4961 δὲ
2467 4910 2582 4968 τοῖς
2610 4907 2819 4972 ἐνθέοις
2845 4907 3145 4978 διδάγμασι
3188 4907 3297 4961 τῶν
3330 4902 3597 4969 θεοσόφων
3636 4887 3742 4944 τοὺ-

2200 5019 2311 5056 των
2344 5002 2480 5067 ,οὐδὲ
2539 5001 2617 5071 τῷ
2681 5001 2942 5072 ἀνωτέρω
2998 5000 3197 5072 μικρὸν
3235 5002 3365 5071 ἡμῖν
3410 4982 3738 5057 ἐκτεθειμένφ

2200 5095 2445 5166 γνώμονι
2494 5096 2597 5166 τῆς
2651 5095 2938 5158 εὐσεϐείας
2984 5094 3307 5166 ἐναρμόνιόν
3357 5096 3471 5146 ἐστι
3521 5085 3579 5138 τὸ
3632 5074 3739 5132 τοὺς

2201 5191 2395 5258 ἁγίους
2432 5188 2700 5259 μετόχους
2730 5184 2872 5242 εἶναι
2902 5188 3000 5261 τῆς
3022 5188 3214 5251 οὐσίας
3243 5188 3337 5241 τοῦ
3359 5181 3490 5240 Θεοῦ
3511 5194 3525 5211 ο
3558 5171 3738 5228 ἐκεῖνος

2199 5283 2310 5352 γὰρ
2340 5280 2614 5352 μεθεκτὴν
2642 5281 2828 5344 ἁπλῶς
2859 5281 2957 5334 κα)⁸
3004 5279 3310 5353 ἀμέθεκτον
3339 5274 3501 5330 ἐτίθει
3532 5261 3734 5326 ταύτηνθ

2200 5373 2317 5428 ἀλλ’
2351 5374 2472 5443 οὐχί
2501 5390 2612 5427 τισι
2650 5375 2749 5444 μὲν
2782 5372 3109 5443 ἁμέθεκτον,
3146 5373 3256 5425 τισὶ
3284 5372 3342 5425 δέ
3367 5356 3640 5440 μεθεκτήν·

2274 5441 2448 5522 Θεότι-
2476 5469 2540 5521 Ei
2570 5441 2754 5520 τοίνυν
2793 5441 2934 5537 μήτε
2965 5465 3108 5519 κατὰ
3138 5464 3281 5535 μέρη
3312 5460 3507 5526 ταύτην
3529 5448 3619 5516 τὴν
3636 5441 3733 5537 δ,ι⁶”

2200 5562 2378 5629 φορὰν
2412 5558 2737 5629 προσίεται·
2767 5530 2867 5612 ,έαὶ
2918 5558 3026 5629 γὰρ
3073 5530 3310 5627 ὑπάρχει
3347 5545 3579 5620 ἀμερής⁶
3612 5530 3731 5629 μήξε

2198 5652 2312 5703 τισὶ
2359 5651 2459 5719 μὲν
2494 5652 2748 5719 μέτεστιν
2797 5649 2985 5719 αὐτῆς,
3048 5650 3158 5702 τισὶ
3186 5647 3233 5701 δ’
3279 5647 3339 5701 οὐ
3375 5641 3599 5713 μέτεστι,
3632 5628 3730 5676 πως

2201 5742 2462 5812 ἑκάτερον
2500 5744 2676 5797 ἐκεῖνο
2708 5742 2939 5813 ἁληοέῦ
