4046 6462
373 546 481 606 915

1708 542 2236 604 TUEOPHANES.
2296 601 2300 606 .

3519 539 3625 603 946

367 659 583 725 νόητον,
615 651 812 714 τελέως
848 651 1169 719 ἀσύμϐατόν
1198 652 1315 706 ἐστι
1352 655 1447 707 καὶ
1491 653 1818 719 ἀσύστατον,
1842 656 1938 706 καὶ

2049 652 2315 707 hensihile
2342 660 2395 706 et
2442 650 3012 720 incomprehensibile,
3065 657 3147 707 est
3177 666 3401 722 prorsus
3434 652 3625 707 incon-

366 747 440 809 ὡς
476 745 818 817 πορρωτάτω
839 743 935 797 τοῦ
966 744 1135 806 ὄντως
1161 744 1313 806 ὄντος
1342 744 1432 797 διά
1464 744 1561 814 τὴν
1587 744 1763 814 ἄκραν
1786 745 1914 799 ὲναν

365 838 579 891 τίωσιν.
630 837 783 889 Ἐπεὶ
807 836 903 889 καὶ
931 834 1074 888 κατὰ
1101 834 1191 888 τὸν
1220 835 1444 904 Νύσσης
1467 837 1611 889 θεῖον
1637 835 1939 905 Γρηγόριον

363 928 615 981 τοιοῦτόν
653 929 802 980 ἐστιν
855 928 1088 981 ἕκαστον
1122 927 1231 981 τῶν
1283 927 1379 981 ἐπὶ
1417 927 1553 982 Θεοῦ
1604 926 1937 996 λεγομένων,

365 1024 511 1077 ὥστε
542 1019 646 1073 κᾶν
672 1018 911 1093 διαφέρῃ
939 1018 1018 1090 τῷ
1050 1019 1457 1090 σημαινομένῳ,
1491 1018 1766 1089 μηδεμίαν
1794 1017 1941 1087 ἔχειν

366 1113 507 1183 πρὸς
552 1109 613 1164 τὸ
652 1108 1159 1181 συνονομαζόμενον
1191 1108 1523 1163 ἐναντίωσιν.
1568 1107 1629 1161 ’0
1664 1108 1730 1179 δὴ
1780 1107 1940 1162 τοῦτο

364 1203 562 1270 λέγων,
584 1200 647 1254 τὸ
680 1202 813 1255 αὐτὸ
852 1199 997 1254 κατά
1022 1201 1082 1253 τὸ
1110 1199 1242 1253 αὐτὸ
1275 1200 1658 1271 συντιθέμενος
1688 1200 1784 1253 καὶ
1809 1201 1941 1254 ἀνα-

363 1297 563 1359 νεύων,
591 1298 707 1359 τοῖς
732 1295 954 1358 οἰκείοις
982 1311 1041 1350 τε
1082 1295 1263 1365 λόγοις
1293 1294 1453 1359 αὐτὸς
1501 1292 1668 1346 πάλιν
1695 1289 1940 1356 ἀντίθεός

366 1393 506 1451 ἐστι,
539 1389 633 1443 καὶ
672 1389 732 1442 τὸ
760 1387 857 1442 τοῦ
887 1387 1025 1442 Θεοῦ
1057 1388 1337 1460 ὑπερφυὲς
1371 1388 1452 1450 είς
1493 1386 1556 1439 τὸ
1593 1384 1745 1455 παρά
1778 1383 1941 1453 φύσιν

366 1482 649 1554 κατασπᾷ,
679 1482 776 1534 καὶ
816 1480 885 1535 δι’
922 1480 1169 1553 ἀλλήλων
1195 1474 1272 1535 ὧν
1317 1497 1483 1551 φησιν
1528 1478 1772 1549 ἀναιρῶν
1806 1476 1939 1531 ἑκά·

365 1591 548 1643 τερον,
595 1572 780 1637 ἀθετεῖ
811 1571 1011 1636 τελέως
1048 1573 1110 1627 τὸ
1150 1567 1294 1627 εἶναι
1354 1572 1447 1625 τὸν
1496 1570 1631 1625 Θεόν
1658 1586 1675 1603 ο
1698 1571 1793 1624 καὶ
1828 1572 1943 1632 τοῖς

369 1664 551 1726 ἀθέοις
574 1663 765 1737 ἑαυτὸν
789 1663 1099 1717 συντάττει.
1132 1662 1230 1716 Διά
1250 1660 1410 1716 τοῦτο
1435 1661 1763 1737 Γρηγόριος,
1791 1661 1820 1712 6
1842 1661 1941 1729 τῆς

368 1754 653 1829 θεολογίας
681 1752 988 1829 ἐπώνυμος,
1018 1756 1116 1809 οὐκ
1140 1756 1204 1808 ἐκ
1230 1757 1339 1810 τῶν
1368 1754 1484 1813 κατ’
1514 1754 1695 1823 αὑτὸν,
1732 1752 1851 1806 ἀλλ’
1875 1754 1945 1807 ἐκ

346 1846 476 1917 -τῶν
515 1847 644 1918 περὶ
687 1845 850 1925 αὐτόν
887 1863 1020 1916 φησι
1059 1845 1295 1905 νοεῖσθαι
1333 1845 1423 1898 τὶν
1464 1845 1634 1899 Θεόν⁶
1675 1846 1703 1899 6
1727 1844 1784 1897 δὲ
1845 1844 1940 1914 μέ-

369 1956 469 2007 γας
498 1936 768 2001 Διονύσιος
802 1939 979 1993 πάντα
1010 1938 1260 2011 μετέχειν
1277 1939 1534 2008 προνοίας
1571 1939 1636 1991 ὲκ
1665 1937 1763 2009 τῆς
1801 1950 1942 1989 παν-

370 2028 545 2082 αιτίου
599 2025 856 2097 θεότητος
880 2009 1311 2098 ὲκϐλύξομενης.
1350 2026 1407 2080 '0
1431 2027 1487 2080 δὲ
1511 2028 1650 2090 θεῖος
1666 2025 1940 2097 Μᾲξιμος,
1968 2009 2017 2073 Β

372 2141 392 2172 ι
418 2121 505 2175 Ἐν
534 2120 613 2189 τῷ
638 2116 781 2191 Θεῷ,
811 2120 1273 2192 φησὶ,γενόμενος
1302 2121 1330 2172 6
1359 2119 1504 2182 νοῦς,
1528 2120 1652 2181 τοὺς
1684 2119 1813 2187 περὶ
1841 2119 1943 2190 τῆς

364 2215 558 2276 οὐςίας
596 2212 764 2266 αὐτοῦ
805 2212 1027 2282 πρῶτον
1063 2212 1255 2281 λόγους
1286 2211 1539 2283 ἐπιζητεῖ
1573 2212 1672 2282 μὲν
1712 2211 1820 2265 ὑπὸ
1847 2210 1945 2266 τοῦ

364 2305 535 2358 πόθου
588 2304 947 2374 φλεγόμενος,
991 2304 1093 2356 οὐκ
1136 2305 1200 2356 ὲκ
1235 2304 1344 2356 τῶν
1393 2304 1518 2356 κατ’
1551 2302 1721 2373 αὐτὴν
1749 2304 1805 2357 δὲ
1844 2302 1943 2372 τὴν

363 2395 728 2467 παραμυθίαν
776 2394 1042 2467 εὑρίσκει.
1108 2394 1419 2465 Ἀμήχανον
1465 2394 1577 2465 γὰρ
1642 2393 1801 2447 τοῦτο
1847 2393 1945 2448 καὶ

362 2487 688 2540 ἁνέκδεκτον
711 2486 862 2556 πάσῃ
896 2487 1099 2556 γενητῇ
1151 2487 1313 2552 φύσει
1356 2484 1561 2552 ἐξίσου.
1608 2486 1701 2538 Ἐκ
1734 2485 1790 2538 δὲ
1833 2484 1944 2539 τῶν

362 2576 494 2648 περὶ
526 2576 699 2646 αὐτὴν
730 2562 1171 2647 παραμυθεῖται,
1199 2574 1344 2644 λέγω
1371 2575 1435 2647 δὴ
1475 2574 1585 2629 τῶν
1615 2574 1746 2646 περὶ¹
1774 2575 1942 2630 ἀῖδιό-

361 2686 530 2737 τητος
589 2668 851 2739 ἀπειρίας
884 2684 945 2721 τε
980 2670 1077 2721 καὶ
1128 2668 1439 2740 ἀοριστίας,
1492 2669 1831 2739 ἀγαθότητός
1882 2687 1943 2723 τε

364 2762 461 2815 καὶ
493 2760 687 2830 σοφίας
712 2761 809 2815 καὶ
835 2761 1141 2831 δυνόηιεως,
1167 2760 1568 2832 δημιουργικῆς
1595 2778 1656 2814 τε
1687 2761 1783 2816 καὶ
1813 2779 1947 2833 προ-

361 2854 624 2925 νοητικῆς
647 2856 741 2909 καὶ
771 2854 1025 2927 κριτικῆς
1046 2856 1155 2909 τῶν
1176 2856 1401 2911 ὄντων.»
1433 2856 1505 2909 Τὸ
1537 2857 1720 2927 μέντοι
1743 2860 1942 2930 ἀπερι-

362 2946 555 3018 νόητον
593 2947 689 3017 καὶ
730 2946 1177 3018 ἀκατονόμαστον
1207 2948 1302 3001 καὶ
1353 2947 1722 3019 ἀκοινώνητον
1765 2950 1943 3003 ἐκεῖνο

362 3037 557 3108 χρῆμα
583 3038 686 3109 τῆς
716 3038 866 3104 θείας
909 3041 1369 3111 ὑπερουσιότητος
1415 3039 1516 3094 οὐκ
1544 3041 1737 3094 οὐσίαν
1779 3041 1941 3112 μόνον

363 3132 413 3183 οἱ
453 3129 825 3200 θεοῤῥήμονες
859 3132 910 3185 εί
964 3132 1060 3185 καὶ
1093 3130 1170 3202 μὴ
1216 3131 1446 3202 κυρίως,
1477 3132 1553 3196 ὡς
1604 3133 1937 3205 εἰρήκαμεν,

361 3222 724 3292 ὀνομάζοντές
761 3224 923 3288 εἰσιν,
974 3222 1110 3277 ἀλλά
1164 3222 1261 3277 καὶ
1299 3222 1532 3294 θεότητα
1585 3224 1681 3281 καὶ
1733 3226 1940 3294 ἀγαθό-

362 3330 501 3383 τητα
550 3314 646 3367 καὶ
675 3314 867 3383 σοφίαν
898 3314 992 3367 καὶ
1036 3313 1221 3385 ζωήνσ
1264 3316 1356 3368 καὶ
1405 3315 1596 3379 ἁπλῶς
1638 3317 1811 3371 ὁπόσα
1845 3320 1941 3372 καὶ⁵

2046 745 2292 809 veniens,
2324 753 2380 798 et
2408 742 2778 808 incohaerens,
2839 750 2893 797 et
2922 743 3351 799 remotissimum
3404 758 3434 796 a
3467 757 3623 809 vero,

2049 845 2306 906 tanquam
2366 848 2580 889 summe
2611 822 3122 903 contradictorium,
3170 837 3317 905 quia,
3351 834 3505 905 juxta
3539 834 3626 890 di.

2047 926 2171 982 \‘um
2204 926 2525 997 Gregorium
2548 924 2881 998 Nyssenum,
2905 943 2967 982 ea
2999 938 3127 983 sunt
3148 928 3403 998 quaelibet
3426 928 3494 983 de
3514 925 3629 982 Deo

2044 1021 2212 1087 dicta,
2251 1028 2332 1085 ut,
2384 1020 2603 1075 etiamsi
2643 1019 2897 1075 differant
2946 1020 3366 1089 signitidatione,
3421 1020 3625 1074 nullam

2044 1114 2283 1167 habeant
2320 1126 2443 1166 cum
2476 1112 2700 1166 nomine
2734 1111 2898 1167 simul
2948 1111 3629 1185 adbibito‘contradictio-

2045 1220 2191 1258 nem.
2253 1202 2357 1269 Qui
2380 1202 2460 1258 sic
2505 1202 2770 1274 loquitur,
2832 1204 2973 1257 idem
3025 1203 3132 1259 sub
3160 1204 3348 1258 eodem
3379 1211 3625 1273 reSpectu

2044 1296 2345 1356 aiiirmaus.
2377 1298 2493 1353 suis
2528 1296 2643 1367 ipse
2672 1295 2856 1351 verbis
2883 1296 2991 1351 Deo
3028 1295 3371 1362 adversatur,
3396 1293 3632 1350 confun-

2044 1392 2123 1446 dit
2156 1391 2208 1446 in
2238 1405 2306 1446 eo
2336 1404 2457 1460 quae
2482 1398 2611 1444 sunt
2634 1404 2798 1458 supra
2837 1396 2893 1443 et
2936 1403 3057 1458 qua:
3106 1400 3297 1442 contra
3349 1397 3623 1451 naturam,

2045 1492 2099 1537 et
2132 1497 2231 1540 sua
2267 1483 2411 1537 dicta
2446 1481 2552 1536 alia
2578 1481 2703 1553 aliis
2742 1480 3052 1542 destruens,
3082 1480 3300 1550 penitus
3331 1481 3515 1534 alzolet
3535 1479 3626 1533 Dei

2046 1575 2425 1639 exsislentiam
2477 1571 2729 1626 etatheis
2776 1588 2899 1626 sese
2921 1571 3164 1626 ascribit.
3204 1571 3392 1641 Itaque
3423 1571 3626 1642 Grego-

2045 1670 2163 1725 rius
2194 1667 2521 1738 cognomine
2558 1665 2867 1735 Theologus
2892 1663 3059 1719 dicit:
3101 1684 3118 1716 ι
3145 1662 3286 1718 Deus
3318 1681 3423 1719 mm
3455 1681 3518 1721 ex
3545 1665 3628 1719 his

2043 1773 2165 1830 qua!
2194 1759 2245 1814 in
2281 1773 2345 1813 co
2377 1767 2525 1823 sunt,
2565 1756 2661 1811 sed
2702 1773 2766 1810 ex
2800 1756 2882 1810 his
2917 1771 3037 1825 quae
3086 1772 3209 1810 eum
3250 1759 3625 1823 circumstant,

2045 1851 2417 1922 intelligimus
2452 1852 2515 1905 Et
2539 1865 2768 1923 magnus
2792 1850 3121 1921 Dionysius:
3151 1848 3373 1904 «Omnia
3406 1849 3627 1919 partici-

2046 1952 2177 2015 pant
2202 1943 2596 2015 providentiam
2653 1959 2718 1997 ex
2762 1944 3026 1998 creatrice
3063 1942 3308 1998 omnium
3349 1942 3629 1997 ditinitate

2047 2032 3073 2093 manantchltemdivusMaximus:
3130 2032 3422 2102 (Cogitans
3472 2048 3626 2084 novus

2046 2125 2114 2191 de
2158 2126 2291 2189 Dco,
2329 2125 2565 2194 primum
2603 2123 2855 2177 ardenter
2885 2124 3117 2191 cupitea
3157 2138 3627 2191 cognoscvrcqua:

2046 2219 2111 2274 ad
2162 2216 2455 2272 essentiam
2499 2216 2789 2287 pertinent.
2818 2231 2923 2270 non
2974 2230 3106 2269 vero
3135 2215 3201 2270 de
3231 2216 3341 2283 ipsa
3385 2215 3623 2271 essentia

2048 2308 2370 2366 ratiocinari
2396 2306 2626 2377 qua-rit:
2662 2307 2770 2362 hoc
2791 2307 2937 2363 enim
2971 2305 3308 2377 impossibile
3336 2314 3419 2362 est
3444 2316 3497 2361 et
3533 2322 3629 2361 su-

2044 2418 2140 2473 pra
2174 2402 2319 2457 vires
2345 2392 2641 2470 cujuslibet
2666 2409 2874 2471 natura:
2902 2408 3119 2455 creatae.
3170 2398 3246 2454 De
3290 2397 3376 2455 his
3416 2406 3625 2455 tantum

2046 2474 2167 2565 qua:
2186 2492 2331 2548 illam
2356 2492 2716 2548 circumstant
2744 2491 3124 2557 ratiocinatur,
3149 2490 3356 2545 scilicet
3378 2490 3444 2545 de
3470 2498 3627 2544 aeter—

2045 2584 2236 2649 nitate,
2274 2581 2661 2648 immensitate,
2692 2581 2981 2645 infinitate,
3037 2580 3299 2645 bonitate,
3354 2581 3622 2651 sapientia

2043 2686 2097 2732 et
2126 2674 2384 2731 facultate
2404 2674 2624 2729 creandi
2652 2672 3078 2747 providendique
3102 2671 3454 2744 etjudieandi
3474 2686 3626 2725 erea-

2044 2778 2249 2825 turas.»
2268 2768 2410 2839 Ergo
2433 2781 2543 2821 non
2573 2767 2750 2821 solum
2775 2766 2921 2821 illam
2946 2764 3186 2821 divinam
3201 2766 3625 2836 supersubstan-

2054 2844 2263 2929 Itialem,
2293 2848 2917 2931 incomprehensibile‘m'
2956 2857 3402 2927 ineﬂabilcmque
3447 2846 3503 2911 et
3534 2859 3619 2910 iu-

2044 2948 2562 3008 communicabilem
2586 2959 2835 3003 naturam
2863 2946 3120 3018 theologi,
3152 2955 3211 3000 ut
3240 2962 3401 3017 supra
3421 2947 3623 3001 dictum

2045 3052 2154 3109 est,
2184 3041 2482 3098 essentiam
2510 3048 2733 3105 vocant,
2783 3040 2876 3095 sed
2908 3039 3095 3103 etiam,
3147 3038 3275 3094 licet
3306 3039 3624 3111 impmprie,

2045 3135 2409 3200 divinitatem,
2463 3132 2784 3197 bonitatem,
2843 3132 3171 3201 sapientiam
3205 3139 3258 3187 et
3284 3131 3477 3193 vitam,
3512 3145 3620 3184 uno

2046 3228 2209 3284 verbo
2233 3225 2499 3298 quidquid
2535 3225 2749 3281 divinas
2781 3223 3163 3295 processioues
3194 3232 3247 3279 et
3281 3226 3624 3292 operal'ones

2044 3320 2352 3391 designant.
2388 3316 2549 3382 Nam,
2582 3315 2858 3384 inquiunt,
2907 3329 3015 3368 non
3048 3313 3194 3369 valet
3234 3326 3417 3367 sermo
3444 3327 3626 3380 expr-

358 3404 461 3465 τὰς
511 3402 841 3475 θεοπρεπεῖς
876 3405 1138 3476 προόδους
1180 3422 1241 3458 τε
1277 3408 1372 3461 καὶ
1422 3407 1705 3479 ἐνεργείας
1734 3408 1935 3481 ὄνομα»

2044 3386 2195 3466 mere
2230 3406 2810 3480 supersubstantialem
2836 3406 3129 3460 essentiam
3158 3405 3436 3472 vitamque
3456 3412 3508 3456 et
3537 3417 3626 3455 sa-

358 3493 550 3557 ζουσιν
589 3497 780 3552 αὑτοῦ.
828 3499 937 3552 Καὶ
972 3497 1082 3572 γὰρ
1127 3499 1228 3553 οὐκ
1274 3498 1573 3571 ἐκφράσαι,
1633 3503 1789 3571 φησὶ,
1840 3501 1938 3571 τὴν

356 3585 828 3657 αὐτοῦπεροὼιον
855 3588 1172 3660 ἀγαθότητα
1197 3591 1292 3643 καὶ
1318 3590 1510 3644 οὐσίαν
1541 3592 1637 3644 καὶ
1666 3590 1814 3661 ζωὴν
1841 3595 1938 3646 καὶ

358 3677 557 3746 σοφίαν
585 3679 687 3749 τῆς
717 3679 1189 3751 αὐτοῦπερουσίου
1227 3680 1480 3753 θεότητος
1508 3685 1535 3735 6
1564 3683 1722 3752 λόγος
1756 3686 1937 3751 ἔπαγε

358 3771 632 3838 γέλλεται,
663 3772 764 3843 τὴν
817 3773 959 3845 ὑπὲρ
999 3774 1185 3828 πᾶσαν
1218 3773 1532 3845 ἀγαθότητα
1564 3777 1658 3829 καὶ
1710 3776 1940 3847 θεότητα

358 3863 458 3916 καὶ
482 3861 677 3917 οὐσίαν
705 3865 800 3918 καὶ
836 3864 1032 3934 σοφίαν
1064 3866 1159 3919 καὶ
1184 3864 1350 3937 ζωὴν,
1385 3865 1485 3936 τὴν
1507 3867 1564 3920 ὲν
1599 3868 1936 3940 ἀποκρύφοις

358 3951 831 4025 ὐπεριδρυμένην,
858 3955 996 4009 ἀλλὰ
1023 3956 1124 4025 τὴν
1153 3958 1582 4029 ὲκπεφασμένην
1604 3959 1936 4029 ἀγαθοποιὸν

357 4043 617 4113 πρόνοιαν
639 4046 985 4117 ὕπεροχικῶς
999 4047 1312 4119 ἀγαοότητα
1346 4049 1441 4103 καὶ
1471 4049 1688 4106 πάντων
1714 4052 1936 4122 ἀγαθῶν

356 4136 543 4190 αἰτίαν
588 4138 787 4207 ὑμνεῖ,
818 4140 916 4192 καὶ
943 4137 1004 4191 ὃν
1033 4144 1129 4194 καὶ
1163 4139 1311 4213 ζωὴν
1343 4153 1443 4196 καὶ
1481 4142 1676 4213 σοφίαν
1706 4145 1807 4215 τὴν
1844 4146 1939 4198 οὐ·

359 4228 608 4288 σιοποιδν
639 4231 736 4284 καὶ
760 4229 1025 4295 ζωοποιδν
1055 4233 1147 4286 καὶ
1182 4233 1462 4300 σοφοδότιν
1491 4234 1675 4289 αἰτίαν
1709 4236 1819 4289 τῶν
1844 4237 1932 4289 οὐν

356 4324 482 4383 σίας
538 4320 634 4375 καὶ
681 4322 833 4393 ζωῆς
885 4325 982 4378 καὶ
1006 4323 1099 4377 νοῦ
1132 4325 1223 4379 καὶ
1276 4325 1436 4393 λόγου
1487 4328 1581 4380 καὶ
1626 4327 1938 4400 αίσθήσεως

357 4413 792 4485 μετειληφότων.
847 4413 958 4467 Ποῦ
1019 4416 1159 4468 είσιν
1214 4417 1265 4469 oi
1325 4416 1401 4487 μὴ
1458 4418 1777 4489 ἀνεχόμενοι
1829 4420 1937 4475 τῶν

353 4492 634 4560 ἁκτίστων
677 4504 1033 4574 ὕπερτιθέναι
1069 4506 1170 4577 τὴν
1211 4509 1406 4564 οὐσίαν
1442 4510 1539 4563 τοῦ
1580 4510 1752 4580 Θεοῦ;
1799 4513 1931 4568 Ἰδοὺ

351 4599 467 4669 γὰρ
491 4597 520 4650 6
551 4598 726 4667 μέγας
756 4595 1033 4660 Διονύσιος
1059 4596 1276 4670 καὶτῆς
1302 4600 1561 4673 θεότητος
1585 4605 1679 4657 καὶ
1702 4603 1802 4674 τῆς
1825 4605 1935 4658 τῶν

2041 3501 2300 3571 pientiam
2331 3495 2878 3567 supersubstantialis
2895 3494 3223 3559 divinitatis,
3256 3487 3377 3564 quae
3400 3508 3618 3549 onmem

2043 3590 2362 3656 bonitatem,
2389 3587 2709 3653 essentiam,
2739 3585 2907 3640 vitam
2939 3600 3004 3641 ac
3025 3585 3348 3655 sapientiam
3378 3597 3618 3654 superat,

2040 3692 2093 3736 et
2124 3683 2174 3734 in
2209 3680 2534 3735 abscondito
2566 3678 2924 3748 supersedet;
2956 3677 3052 3732 sed
3082 3677 3492 3732 manifestatam
3524 3676 3618 3731 be-

2042 3772 2362 3827 uefaciendo
2384 3769 2949 3842 providentiam,'quae
2971 3777 3054 3823 est
3070 3768 3378 3823 etuiuenter
3402 3767 3620 3823 bonitas

2042 3876 2095 3920 et
2128 3864 2373 3919 onmium
2404 3862 2671 3918 bonorum
2704 3861 2854 3928 fons,
2881 3861 3139 3926 celebrat,
3176 3874 3388 3915 necnon
3427 3875 3619 3915 essen-

2042 3961 2171 4013 tiam
2215 3957 2491 4026 vitamque
2521 3944 2575 4011 et
2602 3955 2953 4026 sapientiam,
2985 3969 3107 4025 quae
3136 3954 3396 4018 essentia,
3425 3955 3530 4008 vita
3563 3965 3618 4008 et

2039 4047 2312 4120 sapientia
2340 4047 2508 4103 donat
2538 4060 2633 4103 eos
2657 4047 2752 4117 qui
2797 4045 3155 4111 exsistentite,
3213 4048 3364 4113 vitm,
3421 4047 3619 4101 intelli-

2038 4142 2253 4213 gentiae,
2296 4140 2586 4197 locutionis
2645 4149 2701 4194 et
2755 4138 3089 4195 sensationis
3127 4148 3256 4193 sunt
3303 4139 3613 4208 participes.

2047 4233 2145 4289 Ubi
2193 4242 2324 4287 sunt
2374 4231 2469 4303 qui
2529 4239 2733 4302 negant
2797 4230 3059 4287 increatis
3111 4230 3446 4301 superiorem
3494 4247 3620 4289 esse

2039 4325 2135 4381 Dei
2164 4324 2508 4382 essentiam?
2539 4322 2680 4380 Ecce
2710 4324 2860 4380 enim
2888 4338 3117 4396 magnus
3148 4323 3444 4397 Dionysius
3469 4325 3618 4380 clare

2039 4418 2175 4472 dicit
2206 4418 2310 4474 hac
2342 4416 2630 4474 inferiores
2662 4431 2787 4474 esse
2815 4416 3182 4485 divinitatem,
3237 4417 3619 4488 bonorumque

2036 4524 2267 4565 causam
2299 4518 2355 4564 et
2381 4508 2706 4578 simpliciter
2735 4523 2929 4565 omnes
2962 4510 3364 4579 processioues,
3397 4526 3522 4580 quae
3558 4512 3612 4565 in

2038 4600 2234 4671 seipsis
2266 4613 2373 4655 non
2406 4601 2738 4665 subsistunt,
2771 4599 2864 4654 sed
2889 4608 3018 4654 sunt
3065 4601 3409 4669 operationes
3456 4602 3615 4657 nobis

353 4689 585 4756 ἀγαθῶν
614 4689 797 4752 αίτίας
828 4692 927 4744 καὶ
951 4690 1142 4755 ἁπλῶς
1173 4693 1368 4747 πασῶν
1404 4694 1517 4748 τῶν
1563 4697 1809 4767 μετοχῶν
1838 4715 1935 4752 σα-

2042 4693 2480 4749 communicatae.
2511 4693 2633 4765 ipse
2654 4693 2803 4747 enim
2837 4692 2975 4748 Deus
3003 4697 3320 4762 operatione
3360 4695 3617 4751 omnibus

358 4782 475 4849 ῳῶς
508 4782 869 4854 ὑπερτίοησιν
903 4783 1097 4855 αὐτὴν,
1145 4784 1243 4856 οὐχ
1290 4786 1364 4850 ὡς
1398 4789 1781 4859 ὐφεστηκυιῶν
1812 4792 1932 4844 καθ’

351 4876 580 4942 ἑαυτὰς,
638 4875 754 4929 ἀλλ’
783 4876 858 4940 ὡς
897 4878 1190 4947 ἐνεργειῶν
1242 4880 1417 4950 αὐτῆς
1466 4881 1750 4950 μεθεκτῶν
1799 4886 1934 4955 ἡμῖν

353 4965 738 5036 ὑπαρχουσῶν.
784 4966 957 5029 Αὐτὸς
1021 4968 1130 5035 γάρ
1191 4968 1340 5021 ἐστιν
1391 4971 1419 5023 6
1472 4960 1592 5024 κατ’
1652 4972 1934 5043 ἐνέργειαν

352 5058 460 5111 ὑπὸ
525 5058 743 5113 πάντων
797 5059 1180 5131 μετεχόμενος.
1224 5060 1348 5115 Ὅτι
1389 5061 1437 5113 δ’
1491 5062 1741 5117 ᾶκτιστοί
1792 5065 1936 5119 εἰσιν

350 5150 411 5202 ci
450 5150 681 5220 μετσχαὶ
705 5145 781 5205 ὧν
825 5150 1157 5221 ὑπέρκειται
1193 5152 1316 5205 κατ’
1353 5151 1542 5207 οὐσίαν
1585 5155 1613 5208 6
1651 5154 1804 5222 Θεὸς,
1833 5157 1927 5212 τοῦ

349 5242 519 5299 αὑτοῦ
559 5242 719 5296 πάλιν
749 5243 1006 5308 ἄκουσον,
1062 5245 1263 5314 μικρὸν
1317 5243 1576 5314 ἀνωτέρω
1607 5247 1932 5319 φάσκοντος,

348 5333 495 5389 καθά
530 5335 625 5388 καὶ
648 5336 1086 5411 προειρήκαμεν,
1114 5335 1197 5390 ὅτι
1227 5334 1303 5406 τῷ
1331 5335 1474 5406 λόγῳ
1504 5339 1706 5403 σκοπὸς
1740 5340 1800 5393 οὐ
1831 5340 1932 5410 τὴν

346 5423 677 5494 ὑπερούσιον
704 5424 915 5491 οὐσίαν,
946 5418 981 5501 ᾖ
1018 5425 1369 5495 ῠπερούσιος,
1406 5427 1709 5496 ἐκφαίνειν,
1765 5431 1929 5484 ἀνέκ-

342 5532 557 5593 ιραντος
615 5515 749 5588 γὰρ,
806 5516 944 5569 ἀλλὰ
970 5517 1070 5588 τὴν
1096 5517 1407 5571 οὐσιοποιὸν
1433 5521 1513 5582 είς
1537 5518 1607 5572 τὰ
1628 5519 1757 5573 ὄντα
1803 5524 1936 5593 πρό·

340 5607 463 5658 τιδνν
497 5604 761 5675 ὑμνῆσαι.
794 5605 905 5663 Καὶ
954 5605 1063 5676 γὰρ
1114 5607 1148 5676 ἥ
1182 5606 1228 5657 τ’
1279 5605 1485 5675 ἀγαθοῦ
1539 5608 1818 5678 θεωνυμία
1850 5611 1930 5675 είς

345 5698 531 5751 πάντα
567 5697 639 5751 τά
667 5697 796 5751 ὅντα
829 5697 1151 5764 ἔκτείνεται,
1195 5701 1286 5752 καὶ
1314 5700 1456 5769 ὑπὲρ
1483 5699 1553 5752 τά
1585 5701 1714 5753 ὄντα
1758 5702 1926 5753 ἐστίν.

354 5791 422 5845 ἰι
446 5790 505 5844 δὲ
532 5792 631 5862 τῆς
664 5789 812 5862 ζωῆς
845 5793 926 5856 εἰς
958 5792 1135 5846 πάνυ
1178 5793 1245 5844 τὰ
1272 5791 1452 5855 ζῶντα
1483 5792 1805 5858 ἐκτείνεται,
1836 5798 1929 5847 καὶ

344 5884 489 5954 ὑπὲρ
523 5884 591 5937 τὰ
622 5884 803 5948 ζῶντὰ
849 5885 1021 5939 ἐστιν.
1062 5885 1125 5940 Ἡ
1157 5870 1348 5955 δὲ’τῆς
1398 5886 1587 5953 σοφίας
1638 5888 1716 5949 εἷς
1750 5887 1925 5941 mina

344 5977 414 6050 τὰ
444 5977 609 6043 νοερὰ
635 5978 728 6031 καὶ
756 5977 950 6045 λογικά
993 5978 1084 6030 καὶ
1124 5978 1420 6045 αἰσθητικὰ
1462 5978 1790 6044 ἐκτείνεται,
1827 5984 1919 6034 κχῖ

2043 4786 2497 4842 communicatur.
2523 4783 2797 4841 lncrcatas
2820 4792 3000 4839 autem
3030 4798 3150 4840 esse
3183 4785 3279 4841 has
3312 4786 3616 4855 processio-

2042 4895 2135 4934 ues
2160 4894 2298 4949 quas
2328 4886 2553 4949 superat
2581 4878 2818 4933 essentia
2852 4876 2947 4932 Dei
2986 4876 3127 4932 idem
3178 4887 3407 4933 testatur
3450 4880 3615 4948 paulo

2039 4972 2293 5041 superius
2321 4972 2532 5034 dicens,
2561 4977 2619 5025 ut
2653 4969 2939 5039 praefatum
2971 4979 3076 5037 est,
3112 4986 3218 5024 non
3251 4974 3472 5027 tendere
3495 4988 3615 5027 ser-

2039 5078 2253 5119 monem
2271 5065 2335 5118 ad
2356 5064 2811 5119 manifestandam
2834 5080 2895 5119 su
2903 5064 3413 5134 persubstantialem
3429 5081 3614 5119 csst‘n-

2035 5156 2188 5221 tiam,
2225 5170 2332 5226 qua
2366 5156 2907 5222 supersubstautialis
2939 5164 3023 5211 est
3053 5156 3217 5222 Deus,
3268 5157 3469 5228 quippe
3490 5171 3612 5224 qua:

2036 5248 2261 5303 revelari
2301 5247 2510 5317 nequit,
2545 5247 2641 5303 sed
2674 5248 2739 5302 ad
2771 5245 3156 5307 celebrandum
3194 5249 3521 5302 exsistentiae
3557 5250 3612 5301 in

2048 5348 2332 5394 creaturas
2376 5336 2688 5393 etiluvium:
2727 5340 2841 5393 haec
2872 5339 3016 5392 enim
3075 5341 3220 5395 dieta
3249 5339 3316 5392 de
3351 5340 3456 5391 Deo
3518 5339 3612 5392 hu-

2034 5430 2176 5487 nitas
2199 5431 2264 5484 ad
2294 5444 2381 5485 res
2398 5444 2591 5484 omnes
2615 5428 2928 5483 extenditur
2949 5437 3205 5484 etoumes
3225 5437 3442 5496 superat
3465 5444 3479 5493 ;
3502 5432 3613 5482 ha-c

2036 5523 2143 5575 vita
2202 5520 2268 5574 ad
2295 5522 2471 5576 Omnia
2501 5519 2810 5574 ertenditur
2866 5521 3125 5583 viventia,
3154 5526 3209 5573 et
3238 5519 3491 5572 omnibus
3525 5519 3610 5572 his

2032 5612 2347 5678 antecellit;
2428 5613 2542 5668 haec
2608 5612 2874 5682 sapientia
2940 5610 3007 5666 ad
3057 5611 3239 5665 omnia
3306 5611 3615 5665 extenditur

2033 5705 2412 5774 intelligentia,
2460 5704 2854 5772 rationaliaque
2908 5713 2961 5756 et
3006 5702 3308 5764 scnsibilia,
3353 5711 3405 5757 et
3425 5702 3611 5757 omnia

2034 5793 2146 5845 lucc
2191 5792 2626 5861 Supcrgrcditur.
2679 5788 2838 5843 Vides
2892 5789 3013 5843 illas
3064 5789 3443 5859 proecssiones
3491 5804 3613 5847 esse

2031 5885 2301 5938 creaturis
2325 5883 2657 5951 superiores.
2689 5881 2822 5950 ipsae
2844 5889 3024 5934 tamen
3049 5882 3330 5949 praedicari
3360 5894 3607 5951 possunt,

2033 5995 2135 6029 tum
2176 5992 2303 6029 veru
2336 5974 2629 6027 ἰωνίῐιὼίίδ
2665 5985 2716 6027 t't
2750 5972 3179 6050 ittlpcuctl‘abtlis
3211 5975 3474 6039 essentia,
3501 5974 3608 6039 Sed
