4046 6472
346 530 456 592 943
512 582 527 591 ,

1683 518 2216 591 TIIEOl‘IIANES.

3492 532 3621 593 ειυς

343 658 460 707 νον,
500 639 640 695 ἀλλὰ
671 640 766 695 καὶ
797 640 907 695 τῶν
940 643 1185 714 μετοχῶν
1215 644 1387 705 αἴτιος
1411 643 1437 695 ό
1473 643 1603 706 Θεός
1637 644 1774 711 ἐστι,
1805 642 1919 707 πῶς

2025 643 2274 698 eumdem
2311 656 2472 711 quam
2511 640 3053 711 ipseJntellectum‘;
3094 645 3438 702 sensibilium
3473 663 3625 703 vero

347 734 453 786 οὐκ
478 733 545 786 ἂν
583 734 669 802 εἴη
708 734 912 800 μείζων
944 736 1036 788 καὶ
1070 736 1238 789 τῶνδε
1269 737 1378 789 τῶν
1412 738 1692 802 αίτιατῶν,
1725 738 1798 801 ὡς
1831 738 1914 792 ατ-

345 843 466 888 τιος
493 844 507 891 ;
553 827 615 878 Εί
639 826 695 879 δὲ
723 827 805 881 δεῖ
842 829 934 880 καὶ
961 828 1026 880 δι’
1056 829 1213 898 ἡμῶν
1270 829 1345 891 ὡς
1393 829 1462 882 δι’
1496 830 1745 900 ἁμυδρᾶς
1770 829 1919 882 είκό-

343 935 439 979 νος
470 916 566 969 τοῦ
594 915 730 970 Θεοῦ
752 917 860 972 τῶν
884 919 1196 989 εἰρημένων
1227 919 1649 992 ἐμφανεστέραν
1687 921 1921 986 πορίσαι-

346 1009 477 1061 σοαι
518 1008 886 1078 παράστασιν,
920 1010 1048 1080 οὐχὶ
1087 1010 1212 1075 νοῦς
1250 1012 1486 1068 ἐστικαὶ
1515 1014 1546 1082 ἡ
1582 1012 1672 1066 τοῦ
1716 1013 1919 1083 σοφία;

343 1099 471 1167 οὐχὶ
509 1100 631 1152 κατ’
662 1099 834 1171 αὐτὴν
864 1101 958 1155 καὶ
986 1091 1270 1172 μερίζεται
1295 1103 1392 1156 καὶ
1430 1103 1794 1169 ποικίλλεται,
1827 1105 1923 1157 καὶ

345 1193 565 1259 πρόεισι
584 1191 678 1243 καὶ
711 1191 918 1262 σοφίζει
947 1192 1301 1261 πολυτρόπως
1341 1193 1634 1264 ἑνούμενος
1665 1194 1759 1246 καὶ
1787 1211 1891 1265 μετ
1912 1223 1923 1235 -

346 1282 632 1352 εχόμενος,
661 1281 1013 1352 ἐγγινόμενός
1061 1301 1119 1335 τε
1148 1286 1352 1355 νοεροῖς
1379 1285 1473 1337 καὶ
1518 1286 1803 1356 άνοήτοις;
1829 1286 1926 1339 καὶ

345 1376 419 1425 τά
470 1373 570 1442 μὲν
619 1372 800 1443 ἑαυτῷ
856 1373 1121 1444 ὲξομοιῶν
1153 1376 1230 1439 ὡς
1282 1378 1402 1430 κατ’
1457 1368 1741 1447 ἐνέργειαν
1799 1377 1925 1431 νοῦν

347 1464 500 1533 ἔχειν
529 1464 625 1518 τὸν
658 1464 825 1521 αὐτόν
858 1467 1027 1536 αὐτῷ,
1058 1468 1167 1520 τῶν
1206 1469 1252 1521 δ’
1281 1469 1561 1538 αἰσθητῶν
1592 1487 1650 1524 τε
1689 1471 1781 1524 καὶ
1802 1470 1925 1526 ἀλό-

345 1572 463 1624 γων
496 1557 644 1611 ἐστιν
674 1557 710 1612 ἃ
743 1560 816 1629 μὴ
851 1559 1112 1633 προάγων
1142 1564 1207 1614 ὲκ
1236 1561 1310 1631 μὴ
1337 1561 1506 1616 ὄντων
1527 1603 1542 1628 ,
1587 1563 1648 1616 ού
1690 1562 1801 1635 γὰρ
1827 1564 1926 1618 πέο

347 1666 490 1718 φυκε
518 1649 674 1717 Θεὸς,
726 1653 1230 1724 μετασχηματίζων
1278 1653 1336 1707 δὲ
1383 1656 1478 1708 καὶ
1533 1655 1630 1727 τῆς
1687 1657 1926 1723 δυνατῆς

336 1739 673 1807 ,ἐπιμελείας
725 1740 920 1808 ἀξιῶν,
970 1742 1239 1812 ἑξομοιῶν
1287 1744 1350 1816 δὴ
1407 1745 1630 1817 ἥκιστα,
1676 1747 1773 1800 xal.
1815 1748 1937 1816 γάρ

344 1831 678 1887 άνεπίδεκτα
707 1834 943 1905 φρενῶν.
974 1835 1111 1888 Κατ’
1133 1835 1322 1889 οὐσίαν
1345 1836 1402 1890 δὲ
1435 1838 1783 1908 άμετάόατός
1808 1841 1926 1892 ἐστι

346 1921 485 1989 πρὸς
519 1922 822 1977 ὑπόστασιν
863 1925 1083 1994 ἑτέραν,
1134 1926 1437 1996 ἀμέριστός
1469 1943 1530 1980 τε
1583 1929 1679 1983 ml.
1719 1928 1927 1992 ἁπλοῦς

352 2014 447 2066 καὶ
498 2017 612 2076 τοῖς
666 2015 1020 2070 κοινωνοῦσιν
1070 2017 1297 2088 ἀμιγὴς.
1373 2016 1490 2071 Ούκ
1541 2018 1832 2086 ἀνώνυμος
1878 2022 1923 2076 δ’

345 2104 494 2158 ἐστὶν
515 2107 545 2161 6
576 2108 851 2177 ἡμέτερος
884 2107 1031 2172 νοῦς,
1085 2109 1196 2162 οὐδ’
1225 2109 1611 2178 ύπερὼνυμος,
1641 2109 1752 2162 οὐδ’
1791 2112 1925 2164 ἀπε-

346 2198 599 2269 ρινόητος
635 2201 751 2262 τοῖς
786 2202 974 2263 πᾶσιν,
1024 2202 1073 2255 εί
1114 2201 1212 2255 καὶ
1258 2201 1383 2255 κατ’
1409 2203 1601 2256 είκόνα
1641 2203 1736 2258 τοῦ
1788 2205 1923 2259 Θεοῦ

340 2290 677 2359 γεγόναμεν,
713 2292 833 2345 ἐπεὶ
866 2292 991 2364 μηδ’
1016 2293 1439 2363 ἀπαράλλακτός
1470 2294 1620 2349 ἐστιν
1662 2296 1853 2357 εἰκὼν.
1880 2298 1912 2365 ὴ

347 2382 537 2450 μέντοι
575 2381 671 2436 τοῦ
705 2383 921 2456 Πατρδς
955 2385 1378 2453 ἀπαράλλακτος
1406 2386 1573 2440 εἰκὼν
1603 2389 1631 2441 6
1660 2386 1756 2441 τοῦ
1784 2388 1923 2442 Θεοῦ

345 2463 649 2544 μονογενὴς
682 2475 837 2540 Υίός.
894 2476 985 2539 Ὠς
1029 2477 1076 2531 δ’
1107 2475 1292 2542 αὕτως
1322 2480 1416 2532 καὶ
1453 2478 1516 2532 τδ
1562 2478 1792 2550 Πνεῦμα
1828 2480 1923 2533 τοῦ

339 2565 478 2619 Θεοῦ
516 2567 680 2620 πάνθ’
726 2567 825 2621 ὅσα
863 2569 892 2621 6
944 2569 1137 2642 Πατήρ
1167 2585 1184 2602 ⁸
1231 2569 1428 2625 οὐκοῦν
1471 2573 1566 2626 καὶ
1619 2572 1714 2633 τὰς
1754 2573 1923 2635 αὐτὰς

341 2658 788 2726 ἀπαραλλάκτως
814 2660 927 2730 ἔχει
965 2663 1271 2732 ἐνεργείας.
1315 2662 1457 2716 Ἀλλ’
1496 2662 1597 2718 ούκ
1635 2664 1819 2731 αύτὸι,
1846 2665 1922 2726 ὡς

337 2754 368 2806 6
397 2754 508 2808 τῶν
532 2757 891 2825 κακοφρόνων
929 2756 1138 2810 τούτων
1171 2757 1355 2823 λόγος,
1390 2757 1619 2828 τοιαύτη
1666 2759 1921 2828 ἐνέργειά

337 2848 483 2907 ἐστι,
512 2847 649 2900 ἀλλὰ
679 2849 803 2900 κατ’
835 2846 1003 2910 αὐτάς
1049 2849 1144 2902 καὶ
1174 2843 1331 2912 οὗτος
1374 2848 1659 2916 ἀναλόγως
1706 2850 1921 2919 ἑκάστῳ

334 2939 451 2990 τῶν
477 2939 648 2993 ὄντων
674 2943 1039 3010 μετεχόμενος
1061 2942 1179 2995 κατ’
1196 2938 1388 2995 οὐσίαν
1413 2942 1720 3008 άμέθεκτός
1739 2941 1916 2998 ἔστιν.

338 3030 401 3083 Ei
446 3030 555 3098 γὰρ
587 3032 615 3083 6
643 3031 984 3100 ἀνθρώπινος
1018 3031 1143 3094 νοῦς
1169 3032 1312 3086 κατὰ
1346 3033 1437 3087 τὸν
1468 3033 1736 3104 θεηγόρον
1765 3033 1918 3087 Νύσ-

340 3141 443 3191 σης
466 3122 633 3192 φάναι
671 3124 976 3195 Γρηγόριον
1009 3125 1097 3180 διὰ
1125 3126 1336 3179 πολλῶν
1367 3126 1689 3197 ἐπιστημῶν
1730 3144 1790 3180 τε
1826 3129 1919 3179 καὶ

339 3216 797 3285 ἐπιτηδευμάτων
828 3220 917 3270 καὶ
946 3217 1229 3288 ὀνομάτων
1268 3219 1379 3272 τῶν
1409 3221 1539 3287 περὶ
1567 3220 1737 3291 αὐτὴν
1768 3220 1920 3288 λεγο-

343 3309 522 3373 μένων
552 3308 706 3362 οὐδὲν
736 3310 817 3368 εἰς
849 3310 951 3377 τὴν
978 3310 1261 3379 ἁπλότητα
1290 3311 1763 3376 παραϐλάπτεται,
1799 3314 1913 3366 πῶς
1940 3331 1983 3392 C

337 3399 407 3452 ἄν
430 3416 514 3462 τις
560 3398 777 3468 οίηθείη
810 3400 900 3452 τὸν
926 3400 1081 3459 Θεὸν.
1120 3401 1166 3454 εί
1210 3401 1373 3469 σοφὸς
1428 3403 1523 3454 καὶ
1566 3401 1773 3464 δίκαιος
1821 3405 1916 3455 καὶ

336 3489 548 3551 ἀγαθὸς
580 3490 675 3544 καὶ
711 3492 884 3554 ἀΐδιος
915 3492 1011 3546 καὶ
1044 3493 1221 3547 πάντα
1247 3493 1316 3545 τά
1350 3492 1629 3563 θεοπρεπῆ
1672 3492 1916 3546 καλεῖται

337 3582 606 3649 ὀνόματα,
641 3583 690 3634 εἰ
734 3581 807 3651 μὴ
851 3582 948 3651 μία
999 3584 1133 3637 πᾶσι
1178 3582 1461 3652 νομισθείη
1503 3585 1614 3645 τοῖς
1665 3583 1913 3648 ὀνόμασι,

343 3673 377 3741 ἢ
410 3673 700 3742 πολυμερῆ
733 3672 981 3743 γίνεσθαι
1008 3674 1039 3742 ἢ
1077 3677 1143 3727 ὲκ
1176 3674 1464 3743 μετουσίας
1504 3674 1707 3727 τούτων
1737 3674 1794 3725 τὺ
1826 3673 1917 3755 τέ-

339 3765 489 3816 λειον
516 3764 665 3835 αύτῷ
700 3765 1045 3836 συναγείρειν
1098 3763 1196 3833 τῆς
1252 3763 1504 3830 φύσεωςς
1556 3765 1615 3818 Ὀ
1667 3763 1831 3825 αὐτὸς
1864 3762 1920 3815 δὲ

342 3858 443 3908 καὶ
500 3857 697 3925 μικρδν
723 3856 919 3911 ἔπειτα
951 3856 1045 3909 τοῦ
1077 3855 1237 3923 λόγου
1270 3855 1499 3926 προῖὼν,
1569 3875 1588 3908 ι
1621 3856 1805 3909 Πάντα
1841 3855 1918 3918 δὲ,

341 3948 502 4015 qua",
535 3947 601 4000 τὰ
627 3948 892 4017 ὀνόματα,
924 3941 998 4002 ὧν
1026 3949 1059 4017 ἡ
1092 3965 1156 4018 ση
1169 3948 1337 4018 μασία
1363 3946 1566 4011 θέσεως
1596 3947 1741 4009 τινός
1773 3948 1920 3999 ἐστιν

346 4039 657 4108 ἓνδεικτικὴ
698 4040 792 4092 καὶ
832 4031 1144 4109 ὑπάρξεως,
1176 4041 1277 4092 οὐκ
1312 4040 1482 4105 αὐτῆς
1510 4038 1610 4108 τῆς
1638 4038 1790 4099 θείας
1823 4039 1924 4106 φύ-

343 4147 506 4193 σεως,
535 4132 671 4186 ἀλλὰ
697 4132 807 4185 τῶν
851 4132 974 4200 .Tspl.
1009 4133 1178 4202 αὐτὴν
1210 4132 1457 4195 εὐσεϐῶς
1488 4133 1798 4202 νοουμένων
1822 4133 1922 4203 τὴν

342 4221 570 4287 ἔνδειξιν
602 4223 740 4294 ἔχει.
771 4242 789 4277 ι
824 4223 947 4287 Πῶς
983 4224 1091 4295 ἄρα
1138 4225 1574 4296 κοινωνήσαιμεν
1605 4225 1670 4279 ἂν
1695 4229 1807 4287 τοῖς
1824 4245 1923 4279 κα-

348 4314 630 4385 κοσχόλοις
669 4317 904 4379 τούτοις,
948 4317 1143 4369 κτιστὰ
1174 4315 1435 4385 φρονοῦσι
1473 4316 1567 4369 καὶ
1606 4316 1923 4371 διδάσκουσι

344 4408 534 4460 πάντα
563 4407 630 4459 τά
670 4407 799 4479 περὶ
835 4407 988 4469 Θεὸν.
1025 4411 1120 4461 καὶ
1169 4410 1271 4470 τὰς
1308 4407 1598 4471 ἀκτίστους
1642 4413 1734 4461 καὶ
1774 4409 1925 4473 θείας

345 4497 629 4567 ἐνεργείας
668 4498 729 4551 ού
762 4500 947 4562 κοινὰς
980 4494 1120 4551 εἶναι
1171 4501 1281 4562 τοῖς
1319 4500 1467 4568 τρισὶ
1520 4501 1924 4570 προσκυνητοῖς

345 4588 662 4653 προσώποις
713 4588 788 4650 ὡς
818 4588 1204 4661 θεωρουμένας
1238 4590 1366 4661 περὶ
1409 4589 1508 4659 τὴν
1546 4590 1757 4655 οὐσίαν,
1792 4591 1926 4644 ἀλλὰ

2024 745 2078 788 et
2108 733 2502 789 irrationalium
2535 734 2818 801 nonnulla,
2853 735 3195 792 haudeducit
3218 738 3434 806 quidem
3466 754 3497 797 e
3521 739 3613 801 ui-i

2021 825 2155 887 hilo,
2186 841 2294 879 non
2353 825 2497 879 enim
2528 835 2613 881 est
2647 825 2815 893 Dcus,
2854 827 2950 882 sed
2990 829 3346 883 translormat
3377 845 3437 883 ac
3472 831 3595 884 dili-

2020 926 2210 985 genter
2241 915 2503 982 elaborat,
2538 930 2646 970 non
2678 925 2859 970 tamen
2895 917 3186 981 assimilat,
3219 929 3401 987 utpote
3429 919 3591 975 intel—

2022 1004 2256 1074 ligentiae
2279 1005 2584 1075 incapacia.
2604 1005 2913 1063 Secundum
2943 1008 3238 1063 essentiam
3263 1025 3394 1064 vero
3421 1021 3603 1067 trans-

2024 1095 2108 1151 ire
2136 1096 2327 1166 nequit
2371 1097 2456 1153 ad.
2484 1097 2643 1151 aliam
2667 1099 3057 1163 substantiam,
3077 1099 3172 1155 sed
3197 1112 3281 1156 est
3308 1101 3602 1169 indivisus,

2027 1188 2280 1258 simplex,
2322 1188 2777 1259 partieipantibus
2834 1189 2978 1245 haud
3031 1192 3331 1248 immisws.
3363 1192 3483 1247 Non
3527 1205 3603 1249 ta—

2026 1295 2151 1334 men
2183 1279 2491 1336 intellectus
2544 1289 2728 1336 noster
2751 1292 2834 1338 est
2862 1286 2981 1338 sine
3030 1283 3251 1339 nomine
3302 1294 3396 1340 aut
3430 1300 3597 1355 supra

2027 1384 2226 1425 nomen
2264 1386 2365 1427 nec
2400 1372 2656 1430 omnibus
2704 1373 3301 1443 incomprehensibilis,
3351 1376 3481 1431 licet
3536 1358 3604 1433 ad

2030 1461 2321 1533 imaginem
2378 1464 2470 1518 Dei
2506 1463 2637 1520 facti
2672 1465 2867 1531 simus,
2918 1466 3045 1537 quia
3081 1468 3224 1522 nulla
3250 1476 3335 1524 est
3364 1470 3605 1539 perfecte

2018 1554 2227 1614 similis
2281 1554 2487 1627 imago,
2544 1556 2649 1613 nisi
2717 1556 3093 1612 consimillima
3151 1560 3328 1627 imago
3401 1559 3602 1625 Patris,

2029 1661 2224 1718 nempe
2297 1646 2471 1704 Filius
2565 1649 2656 1705 Dei
2725 1651 3062 1722 unigenitus.
3141 1652 3271 1706 ltem
3341 1653 3583 1723 Spiritus

2031 1737 2124 1793 Dei
2190 1747 2374 1796 tantus
2426 1751 2511 1796 est
2556 1749 2796 1812 quantus
2850 1742 3032 1806 Pater,
3093 1753 3147 1797 et
3201 1743 3323 1798 ideo
3371 1746 3606 1815 perfecte

2029 1829 2244 1884 easdem
2286 1830 2446 1885 habet
2489 1833 2857 1901 operationes,
2892 1849 2993 1888 nec
3024 1834 3138 1904 ipso
3170 1843 3377 1902 tamen,
3426 1846 3484 1889 ut
3527 1837 3605 1896 il'i

2032 1917 2180 1986 impii
2217 1929 2491 1985 asserunt,
2526 1928 2608 1975 est
2639 1922 2957 1992 huiusmodi
2991 1925 3256 1994 operatio,
3280 1926 3373 1979 sed
3403 1941 3605 1979 secun-

1962 1989 2162 2064 Bdum
2216 2009 2336 2065 illas
2376 2013 2664 2079 creaturis,
2716 1989 2889 2082 ⁷ιιι-θυι
2949 2015 3178 2086 singulis
3231 2017 3506 2085 congruit,
3550 2033 3608 2072 se

2030 2100 2470 2167 communicatis,
2506 2103 2803 2158 secundum
2839 2107 3133 2160 essentiam
3165 2108 3605 2162 incommuniea-

2029 2191 2157 2247 bilis
2184 2200 2289 2248 est.
2317 2192 2376 2248 Si
2405 2197 2549 2248 enim
2580 2195 2892 2253 intellectus
2923 2197 3217 2264 humanus,
3255 2206 3408 2271 juxta
3448 2202 3601 2254 theo-

2026 2281 2210 2352 IOgnm
2258 2281 3016 2355 Nyssae‘Gregorium,ilicet
3070 2292 3256 2346 multis
3303 2292 3606 2362 applicetur

2026 2376 2223 2431 studiis
2245 2385 2296 2431 et
2322 2388 2670 2447 nuncupetur
2706 2381 3044 2443 nominibus,
3083 2384 3292 2438 nullum
3330 2385 3603 2455 simplici-

2027 2468 2154 2523 tatis
2202 2468 2405 2537 patitur
2446 2469 2870 2527 detrimentum:
2928 2475 3052 2544 quis
3109 2475 3275 2529 Deum
3309 2478 3602 2544 putaverit,

2023 2576 2146 2616 cum
2200 2561 2437 2632 sapiens,
2457 2564 2663 2633 justus,
2693 2564 2894 2633 bonus,
2928 2576 3168 2623 a-ternus
3198 2577 3253 2622 et
3281 2569 3404 2624 aliis
3436 2572 3608 2624 nomi-

2024 2655 2186 2709 nibus
2217 2655 2327 2708 Deo
2351 2657 2614 2727 congruis
2651 2659 3027 2730 meatui-(nisi
3052 2676 3159 2713 una
3192 2661 3407 2725 cunctis
3430 2663 3608 2715 nomi-

2023 2744 2184 2801 nibus
2213 2746 2540 2806 attribuatur
2562 2749 2938 2817 siguiticatio),
2974 2752 3057 2807 vel
3089 2752 3444 2822 multiplicem
3485 2754 3603 2807 fieri

2024 2840 2104 2892 vel
2141 2853 2203 2891 ex
2229 2852 2420 2893 eorum
2445 2842 2722 2896 consortio
2750 2842 2802 2896 in
2830 2851 3039 2897 natura:
3071 2844 3462 2914 perfectionem
3515 2861 3608 2900 ex-

2022 2939 2271 2982 crescere
2296 2928 2319 2981 ?
2348 2928 2494 2983 Idem
2530 2931 2691 2999 paulo
2726 2941 2847 3002 post
2876 2933 2928 2987 in
2964 2934 3155 2989 eodem
3190 2949 3446 2991 sermone
3474 2937 3606 2991 sub-

2018 3017 2125 3071 dit:
2192 3037 2212 3069 ι
2251 3018 2453 3075 Omnia
2509 3024 2728 3079 nomina
2785 3024 3181 3081 deiﬁrationem
3233 3027 3469 3097 aliquam
3554 3037 3615 3083 et

2020 3111 2394 3165 exsistentiam
2446 3114 2765 3181 indicantia,
2826 3133 2934 3173 non
2991 3119 3164 3189 ipsam
3215 3120 3456 3175 divinam
3516 3138 3612 3175 na-
3694 3116 3697 3119 Α

2018 3210 2220 3264 turam,
2243 3204 2338 3258 sed
2364 3220 2484 3274 quae.
2506 3207 2655 3262 circa
2674 3222 2792 3263 eam
2815 3209 2897 3278 pie
2916 3211 3243 3280 cogitantur,
3267 3211 3549 3282 designant
3583 3231 3605 3266 ι

2019 3294 2299 3358 Quomodo
2330 3295 2497 3366 igitur
2552 3300 2953 3357 consentiamus
2998 3300 3263 3370 improbis
3320 3302 3461 3365 istis,
3511 3300 3607 3371 qui

2020 3395 2288 3454 putantac
2318 3391 2511 3443 docent
2540 3391 2724 3444 omnia
2750 3392 2816 3444 de
2842 3390 2953 3445 Deo
2984 3392 3128 3446 dicta
3163 3407 3286 3447 esse
3313 3404 3520 3458 creata,
3545 3406 3602 3447 et

2020 3477 2296 3532 increatas
2330 3468 2660 3549 divinasque
2690 3482 3044 3551 operationes
3069 3499 3174 3536 non
3203 3499 3326 3538 esse
3357 3499 3607 3538 commu-

2020 3585 2120 3621 nes
2170 3570 2344 3625 tribus
2397 3570 2697 3627 aderandis
2746 3575 2999 3642 personis
3040 3583 3225 3642 utpote
3262 3576 3315 3630 in
3363 3578 3607 3631 essentia

2021 3661 2417 3728 consideratas,
2451 3665 2544 3719 sed
2571 3680 2692 3721 esse
2725 3665 2926 3720 Filium
2960 3677 3013 3721 et
3039 3667 3298 3737 Spiritum
3326 3670 3621 3724 sanctum?

2023 3752 2346 3823 Quanquam
2381 3757 2525 3812 idem
2559 3758 2869 3830 theologus,
2918 3760 2975 3816 in
3015 3763 3204 3816 eodem
3239 3764 3479 3816 secundo
3508 3763 3605 3817 ad-

2023 3864 2213 3903 versus
2246 3849 2573 3907 Eunomium
2626 3869 2905 3921 sermone,
2959 3854 3092 3908 dicit
3125 3870 3138 3906 :
3180 3873 3197 3905 ι
3235 3852 3605 3923 Quodcunqre

2023 3938 2090 3993 de
2118 3928 2228 3996 Deo
2263 3943 2558 4011 cogitatur,
2593 3944 2698 3999 hoc
2739 3955 2869 4000 ante
2919 3944 3108 3998 mundi
3153 3946 3621 4007 constitutionem,

2024 4031 2172 4099 eratf;
2215 4033 2306 4086 sed
2357 4036 2631 4089 nominari
2673 4037 2877 4091 dicitur
2937 4047 3056 4105 post
3102 4038 3434 4093 creationem
3489 4038 3625 4105 ejus

2025 4123 2113 4189 qui
2156 4123 2421 4183 nominat.
2468 4145 2485 4177 ι
2522 4127 2585 4182 Et
2616 4128 2836 4197 quidem
2866 4127 3058 4184 Filium
3092 4139 3143 4183 cl
3184 4128 3450 4198 Spiritum
3503 4129 3600 4182 Dt-i

2028 4233 2136 4272 non
2168 4233 2289 4274 esse
2324 4221 2526 4273 donum
2557 4230 2612 4276 et
2648 4223 2880 4292 gratiam
2907 4232 3001 4279 aut
3034 4224 3195 4278 aliam
3227 4223 3387 4277 talem
3422 4238 3609 4278 essen-

2028 4310 2116 4363 ti-e
2151 4311 2544 4377 operationem,
2580 4312 2821 4368 ostendit
2847 4314 2937 4369 ille
2966 4315 3057 4385 qui
3094 4314 3416 4381 Trinitatem
3453 4328 3612 4372 vorat

2028 4404 2250 4472 optimae
2283 4419 2398 4463 sua:
2428 4403 2782 4474 interpretem
2814 4408 3172 4476 providentia:
3198 4447 3213 4470 ,
3260 4424 3325 4463 ac
3354 4408 3512 4467 docet
3543 4411 3608 4463 ad

2030 4511 2148 4549 eam
2191 4495 2445 4561 precibus
2477 4497 2846 4559 accedendum
2881 4501 3038 4556 nobis
3067 4509 3124 4554 et
3164 4501 3610 4571 appropinquan-

2031 4587 2183 4649 dutn,
2203 4587 2326 4655 quia
2354 4589 2406 4639 in
2429 4585 2538 4641 Deo
2566 4587 3207 4659 absconduntur.Optima
3233 4590 3437 4659 quaevis
3469 4588 3608 4642 bona

342 4679 435 4731 τὸν
466 4679 593 4733 Υἱὺν
621 4676 765 4736 εἶναι
798 4682 896 4734 καὶ
919 4681 980 4734 το
1012 4682 1240 4752 Πνεῦμα
1277 4682 1337 4734 τὸ
1370 4683 1564 4750 ἂγιον;
1602 4684 1799 4737 Καίτοι
1827 4683 1921 4736 τοῦ

2029 4691 2194 4744 penes
2220 4678 2365 4732 illam
2392 4678 2706 4742 residentia.
2736 4680 2868 4747 Quis
2890 4682 3035 4735 enim
3063 4690 3241 4735 tuente
3270 4696 3436 4748 sanus
3465 4681 3610 4743 dicat

347 4770 517 4824 αὐτοῦ
553 4771 926 4845 θεορρἡμονος
950 4774 1006 4825 ὲν
1034 4772 1115 4843 τῷ
1146 4773 1296 4843 αὐτῷ
1332 4773 1467 4843 πρὸς
1502 4772 1767 4843 Εὐνόμιον
1807 4773 1927 4827 δευ-

344 4864 490 4935 τέρῳ
517 4864 660 4933 λόγῳ
688 4865 1014 4934 φάσκοντος,
1050 4885 1067 4917 ι
1092 4867 1207 4919 Πᾶν
1246 4866 1273 4919 '6
1295 4866 1348 4919 τί
1380 4864 1487 4932 πέρ
1512 4865 1627 4919 ἔστι
1668 4867 1797 4935 περὶ
1834 4865 1925 4918 τὸν

343 4958 480 5010 Θεὸν
521 4957 835 5027 νοούμενον,
890 4959 1051 5011 τοῦτο
1082 4957 1184 5026 πρὸ
1219 4958 1320 5023 τῆς
1350 4956 1446 5010 τοῦ
1489 4957 1697 5026 κόσμου
1726 4958 1924 5011 συστάν

345 5065 486 5109 σιως
515 5043 624 5118 ἦν·
679 5047 796 5103 ἀλλ’
826 5048 1195 5117 ὀνομάζεσθαι
1236 5047 1396 5101 τοῦτό
1443 5065 1626 5117 φαμεν
1682 5048 1823 5117 μετὰ
1866 5048 1927 5101 τὸ

342 5139 601 5205 γενέσθαι
622 5140 713 5194 τὸν
743 5142 1098 5211 ὀνομάζοντα.
1138 5159 1157 5191 ι
1188 5142 1296 5194 Καὶ
1330 5138 1428 5209 μὲν
1458 5139 1523 5209 δὴ
1552 5140 1625 5201 ὡς
1658 5140 1685 5192 6
1710 5139 1838 5201 Υίός
1862 5157 1921 5192 τε

343 5230 528 5282 καὶτὸ
560 5231 786 5302 Πνεῦμα
826 5233 919 5286 τοῦ
979 5230 1114 5284 Θεοῦ
1141 5229 1320 5300 δωρεά
1365 5247 1424 5282 τε
1464 5230 1562 5282 καὶ
1610 5229 1788 5301 χάρις,
1829 5230 1925 5300 καὶ

341 5319 567 5390 τοιαύτη
603 5323 855 5395 ἐνέργεια
885 5323 1009 5378 κατ’
1034 5322 1225 5376 οὐσίαν
1256 5321 1458 5391 ἥκιστά
1483 5322 1619 5381 ἐστι,
1651 5320 1925 5374 δείκνυσιν

340 5414 371 5465 6
407 5412 507 5481 τὴν
542 5416 947 5487 ἐκφαντορικὴν
976 5414 1089 5469 τῶν
1128 5415 1265 5467 ὅλων
1311 5413 1513 5485 ἑαυτῇς
1552 5411 1925 5478 ἀγαθωτάτων

2031 4767 2123 4820 Dei
2157 4770 2553 4839 providentiam
2596 4787 2717 4828 esse
2750 4773 3275 4842 ipsiusessentiam.
3335 4782 3441 4829 aut
3487 4789 3613 4828 esse

2027 4871 2289 4930 creatam,
2305 4863 2428 4931 quia
2450 4879 2557 4929 non
2573 4875 2653 4918 est
2671 4866 2943 4920 essentia?
2976 4864 3106 4932 Quis
3129 4866 3611 4931 excellentiabona

2029 4954 2082 5009 iu
2110 4955 2553 5021 uiperexcellcuti
2591 4957 2858 5013 Trlnitate
2912 4958 3266 5033 itntnanentia
3334 4959 3616 5013 exiSIiInct

2028 5058 2150 5098 esse
2184 5043 2379 5100 Filium
2424 5055 2515 5100 aut
2561 5044 2821 5117 Spiritum
2869 5046 3181 5102 Patris?vel
3206 5048 3328 5116 quis
3365 5050 3615 5101 illainter

2029 5145 2310 5193 creaturas
2346 5139 2609 5203 ascribat,
2640 5141 2767 5204 quia
2815 5139 2987 5194 Filius
3005 5149 3059 5194 et
3080 5140 3316 5210 Spiritus
3346 5139 3518 5193 Patris
3548 5156 3610 5191 ea

2030 5231 2445 5301 supergreditur
2479 5232 2623 5285 haud
2687 5249 2848 5287 secus
2878 5248 2941 5285 ac
2975 5233 3160 5291 Pater,
3198 5243 3386 5299 utpote
3445 5247 3611 5286 omne

2032 5336 2229 5374 nomen
2291 5334 2622 5391 omnemque
2686 5337 2954 5390 superans
2986 5322 3495 5391 participationem.
3526 5329 3610 5371 at-

2031 5413 2512 5482 quedatoretl‘ons
2538 5415 3039 5483 superuaturalium
3064 5415 3278 5476 illorum
3300 5413 3566 5466 donet-rm
3592 5412 3614 5465 ?

344 5511 615 5583 προνοιῶν
665 5508 1098 5579 ἐπικαλούμενος
1137 5506 1368 5577 Τριάδα,
1413 5507 1507 5571 καὶ
1546 5503 1745 5579 χρῆναι
1783 5505 2057 5558 διδάσκων
2088 5505 2239 5575 ἡμᾶς
2268 5509 2387 5568 ταῖς
2429 5507 2613 5577 εὐχαῖς
2680 5508 2818 5581 αὐτῇ
2874 5504 3251 5579 προσάγεσθαι
3322 5504 3423 5554 καὶ
3481 5504 3611 5565 ain.

343 5609 580 5674 σιὰζειν,
633 5608 709 5671 ὡς
740 5608 797 5659 ὲν
822 5605 1001 5675 τούτῳ
1038 5604 1289 5674 μυεῖσθαι
1318 5603 1387 5655 τὰ
1429 5601 1725 5668 πανάγαθα
1770 5602 1920 5671 δῶρα
1957 5601 2027 5654 τὰ
2061 5603 2188 5669 περὶ
2217 5600 2387 5669 αὐτὴν
2417 5601 2706 5670 ἱδρυμένα.
2736 5603 2832 5665 Τίς
2857 5602 2978 5672 γὰρ,
3002 5601 3067 5654 ἂν
3128 5598 3236 5651 τῶν
3300 5596 3427 5649 νοῦν
3463 5598 3613 5667 ἐχόν-

339 5721 451 5758 των
488 5700 680 5754 οὐσίαν
719 5696 1030 5768 ἁμέοεκτον
1069 5696 1205 5766 φαίη
1250 5693 1344 5748 τοῦ
1386 5693 1523 5747 Θεοῦ
1605 5693 1703 5764 τὴν
1755 5693 1969 5746 ἐκείνου
2048 5693 2331 5762 πρόνοιαν,
2364 5694 2397 5763 ἢ
2445 5693 2691 5763 κτιστὴν,
2724 5695 2805 5747 ότι
2835 5696 2908 5764 μὴ
2947 5693 3102 5745 οὐσία
3128 5708 3143 5755 ;
3174 5690 3270 5752 Ti;
3301 5688 3356 5741 δὲ
3390 5690 3456 5741 τά
3488 5696 3614 5760 nari.

337 5802 442 5871 τὴν
477 5797 830 5868 ύπεράγαθον
870 5795 1077 5866 Τριάδα
1120 5793 1416 5861 πανάγαθα
1459 5791 1607 5860 δῶρα
1658 5789 1923 5860 ἱδρυμένα
1957 5790 2051 5841 τὸν
2085 5789 2207 5842 Tib»
2243 5785 2385 5842 εἶναι
2419 5789 2663 5854 δοξάσειε
2689 5790 2783 5842 καὶ
2811 5789 2869 5840 τὸ
2905 5787 3128 5855 Πνεῦμα
3187 5786 3281 5840 τοῦ
3353 5787 3608 5857 Harp/5;;

342 5896 413 5946 "ll
453 5892 535 5952 τίς
563 5891 738 5945 ταῦτα.
787 5890 897 5950 τοῖς
945 5887 1245 5956 κτίσμασιν
1290 5885 1582 5954 ἐναρίθμιοι
1620 5883 1783 5951 ποιήσ
1820 5898 1920 5943 ιεν,
1963 5882 2044 5949 ὅτι
2094 5881 2299 5947 τούτων
2333 5882 2359 5931 6
2400 5882 2544 5954 Υἱός
2583 5897 2640 5931 τε
2676 5882 2768 5933 καὶ
2819 5881 2878 5932 τὸ
2945 5879 3168 5947 Πνεῦμα
3227 5877 3320 5931 τοῦ
3398 5879 3610 5949 H1796,-

342 5985 692 6052 ὑπέρκειται,
721 5976 864 6033 καθὰ
888 5984 982 6030 καὶ
1020 5978 1049 6029 6
1080 5976 1287 6048 Πατὴρ,
1325 5975 1395 6040 ὡς
1430 5975 1569 6043 ὑπὲρ
1615 5975 1721 6026 πᾶν
1752 5973 1921 6040 ὄνομα
1968 5973 2055 6025 καὶ
2086 5975 2263 6025 πᾶςαν
2299 5972 2558 6043 μετοχὴν,
2599 5973 2687 6022 22‘:
2714 5973 2785 6034 ὡς
2819 5972 2982 6040 δοτὴρ
3016 5987 3073 6021 τε
3114 5971 3204 6022 κοῦ¹
3266 5970 3433 6035 αἴτιος
3501 5972 3633 6039 τᾶνω

346 6074 648 6149 ύιῖερφυῶν
672 6075 878 6131 τούτων
916 6069 1135 6150 δωρεῶν
1167 6089 1181 6137 ;
