  <div class='ocr_page' id='page_1' title='image "/cluster/home/n/w/nwhite01/storage/ocr_20150623/150:no.1/coo.31924054870559/485.png"; bbox 0 0 4046 6492; ppageno 0'>
   <div class='ocr_carea' id='block_1_1' title="bbox 408 465 517 531">
    <p class='ocr_par' dir='ltr' id='par_1_1' title="bbox 408 465 517 531">
     <span class='ocr_line' id='line_1_1' title="bbox 408 465 517 531; baseline -0.009 0"><span class='ocrx_word' id='word_1_1' title='bbox 408 465 517 531; x_wconf 74' lang='grc' dir='ltr'><strong>9ξι5</strong></span> 
     </span>
    </p>
   </div>
   <div class='ocr_carea' id='block_1_2' title="bbox 1641 465 3685 532">
    <p class='ocr_par' dir='ltr' id='par_1_2' title="bbox 1641 465 3685 532">
     <span class='ocr_line' id='line_1_2' title="bbox 1641 465 3685 532; baseline -0.001 0"><span class='ocrx_word' id='word_1_2' title='bbox 1641 469 2027 532; x_wconf 77' lang='lat' dir='ltr'><strong>GREGORII</strong></span> <span class='ocrx_word' id='word_1_3' title='bbox 2072 469 2401 530; x_wconf 68' lang='lat' dir='ltr'><strong>PALAM/E</strong></span> <span class='ocrx_word' id='word_1_4' title='bbox 3591 465 3685 530; x_wconf 78' lang='lat'><strong>956</strong></span> 
     </span>
    </p>
   </div>
   <div class='ocr_carea' id='block_1_3' title="bbox 409 574 2006 651">
    <p class='ocr_par' dir='ltr' id='par_1_3' title="bbox 409 576 2003 650">
     <span class='ocr_line' id='line_1_3' title="bbox 409 576 2003 650; baseline 0.003 -19"><span class='ocrx_word' id='word_1_5' title='bbox 409 588 531 631; x_wconf 89' lang='lat' dir='ltr'><strong>tura</strong></span> <span class='ocrx_word' id='word_1_6' title='bbox 569 576 678 632; x_wconf 99' lang='lat' dir='ltr'><strong>vim</strong></span> <span class='ocrx_word' id='word_1_7' title='bbox 716 577 882 632; x_wconf 87' lang='lat' dir='ltr'><strong>hahet</strong></span> <span class='ocrx_word' id='word_1_8' title='bbox 931 576 1200 647; x_wconf 81' lang='lat' dir='ltr'><strong>creandi),</strong></span> <span class='ocrx_word' id='word_1_9' title='bbox 1259 578 1405 633; x_wconf 81' lang='lat' dir='ltr'><strong>illius</strong></span> <span class='ocrx_word' id='word_1_10' title='bbox 1465 586 1645 634; x_wconf 88' lang='lat' dir='ltr'><strong>autem</strong></span> <span class='ocrx_word' id='word_1_11' title='bbox 1704 580 2003 650; x_wconf 85' lang='lat' dir='ltr'><strong>participa—</strong></span> 
     </span>
    </p>
   </div>
   <div class='ocr_carea' id='block_1_4' title="bbox 2114 574 3682 651">
    <p class='ocr_par' dir='ltr' id='par_1_4' title="bbox 2114 574 3682 651">
     <span class='ocr_line' id='line_1_4' title="bbox 2114 574 3682 651; baseline 0.001 -19"><span class='ocrx_word' id='word_1_12' title='bbox 2114 580 2370 651; x_wconf 78' lang='grc' dir='ltr'><strong>ἐνέργεια</strong></span> <span class='ocrx_word' id='word_1_13' title='bbox 2426 577 2589 643; x_wconf 88' lang='grc' dir='ltr'><strong>Θεοῦ,</strong></span> <span class='ocrx_word' id='word_1_14' title='bbox 2646 577 2807 648; x_wconf 83' lang='grc' dir='ltr'><strong>φύσει</strong></span> <span class='ocrx_word' id='word_1_15' title='bbox 2841 574 2951 647; x_wconf 82' lang='grc' dir='ltr'><strong>γάρ</strong></span> <span class='ocrx_word' id='word_1_16' title='bbox 3009 574 3127 629; x_wconf 78' lang='grc' dir='ltr'><strong>ἐστι</strong></span> <span class='ocrx_word' id='word_1_17' title='bbox 3178 575 3583 647; x_wconf 69' lang='grc' dir='ltr'><strong>δημιουργικὸν</strong></span> <span class='ocrx_word' id='word_1_18' title='bbox 3626 580 3682 634; x_wconf 83' lang='grc' dir='ltr'><strong>τὸ</strong></span> 
     </span>
    </p>
   </div>
   <div class='ocr_carea' id='block_1_5' title="bbox 408 670 2007 744">
    <p class='ocr_par' dir='ltr' id='par_1_5' title="bbox 408 670 2007 744">
     <span class='ocr_line' id='line_1_5' title="bbox 408 670 2007 744; baseline 0.003 -21"><span class='ocrx_word' id='word_1_19' title='bbox 408 670 559 724; x_wconf 89' lang='lat' dir='ltr'><strong>tione</strong></span> <span class='ocrx_word' id='word_1_20' title='bbox 591 671 699 725; x_wconf 92' lang='lat' dir='ltr'><strong>sint</strong></span> <span class='ocrx_word' id='word_1_21' title='bbox 732 686 1075 740; x_wconf 62' lang='lat' dir='ltr'><strong>quaecunque</strong></span> <span class='ocrx_word' id='word_1_22' title='bbox 1104 671 1246 725; x_wconf 89' lang='lat' dir='ltr'><strong>facta</strong></span> <span class='ocrx_word' id='word_1_23' title='bbox 1278 687 1409 727; x_wconf 84' lang='lat' dir='ltr'><strong>sunt</strong></span> <span class='ocrx_word' id='word_1_24' title='bbox 1433 713 1449 738; x_wconf 87' lang='lat'><strong>,</strong></span> <span class='ocrx_word' id='word_1_25' title='bbox 1489 689 1620 744; x_wconf 76' lang='lat' dir='ltr'><strong>ergo</strong></span> <span class='ocrx_word' id='word_1_26' title='bbox 1655 674 1842 728; x_wconf 86' lang='lat' dir='ltr'><strong>omnia</strong></span> <span class='ocrx_word' id='word_1_27' title='bbox 1875 690 2007 744; x_wconf 83' lang='lat' dir='ltr'><strong>par-</strong></span> 
     </span>
    </p>
   </div>
   <div class='ocr_carea' id='block_1_6' title="bbox 411 762 1902 838">
    <p class='ocr_par' dir='ltr' id='par_1_6' title="bbox 411 762 1902 838">
     <span class='ocr_line' id='line_1_6' title="bbox 411 762 1902 838; baseline 0.004 -24"><span class='ocrx_word' id='word_1_28' title='bbox 411 763 637 832; x_wconf 79' lang='lat' dir='ltr'><strong>t&#39;cipaut</strong></span> <span class='ocrx_word' id='word_1_29' title='bbox 671 764 950 817; x_wconf 80' lang='lat' dir='ltr'><strong>naturales</strong></span> <span class='ocrx_word' id='word_1_30' title='bbox 980 762 1073 818; x_wconf 79' lang='lat' dir='ltr'><strong>Dei</strong></span> <span class='ocrx_word' id='word_1_31' title='bbox 1117 765 1393 836; x_wconf 89' lang='lat' dir='ltr'><strong>potentias</strong></span> <span class='ocrx_word' id='word_1_32' title='bbox 1427 776 1483 821; x_wconf 89' lang='lat' dir='ltr'><strong>et</strong></span> <span class='ocrx_word' id='word_1_33' title='bbox 1509 767 1902 838; x_wconf 81' lang='lat' dir='ltr'><strong>operationes?</strong></span> 
     </span>
    </p>
   </div>
   <div class='ocr_carea' id='block_1_7' title="bbox 480 939 2008 1013">
    <p class='ocr_par' dir='ltr' id='par_1_7' title="bbox 480 939 2008 1013">
     <span class='ocr_line' id='line_1_7' title="bbox 480 939 2008 1013; baseline -0.002 -14"><span class='ocrx_word' id='word_1_34' title='bbox 480 942 705 1013; x_wconf 80' lang='grc' dir='ltr'><strong>ΤΙιεορΙι.</strong></span> <span class='ocrx_word' id='word_1_35' title='bbox 741 939 952 997; x_wconf 82' lang='lat' dir='ltr'><strong>Revera</strong></span> <span class='ocrx_word' id='word_1_36' title='bbox 978 957 1084 999; x_wconf 91' lang='lat' dir='ltr'><strong>non</strong></span> <span class='ocrx_word' id='word_1_37' title='bbox 1107 943 1279 997; x_wconf 88' lang='lat' dir='ltr'><strong>solam</strong></span> <span class='ocrx_word' id='word_1_38' title='bbox 1304 942 1630 997; x_wconf 84' lang='lat' dir='ltr'><strong>ereatricem</strong></span> <span class='ocrx_word' id='word_1_39' title='bbox 1667 942 1777 997; x_wconf 91' lang='lat' dir='ltr'><strong>Deo</strong></span> <span class='ocrx_word' id='word_1_40' title='bbox 1799 948 2008 1013; x_wconf 84' lang='lat' dir='ltr'><strong>poten-</strong></span> 
     </span>
    </p>
   </div>
   <div class='ocr_carea' id='block_1_8' title="bbox 407 1032 2007 1107">
    <p class='ocr_par' dir='ltr' id='par_1_8' title="bbox 407 1032 2007 1107">
     <span class='ocr_line' id='line_1_8' title="bbox 407 1032 2007 1107; baseline -0.001 -18"><span class='ocrx_word' id='word_1_41' title='bbox 407 1037 564 1101; x_wconf 87' lang='lat' dir='ltr'><strong>tiam,</strong></span> <span class='ocrx_word' id='word_1_42' title='bbox 592 1036 686 1091; x_wconf 89' lang='lat' dir='ltr'><strong>sed</strong></span> <span class='ocrx_word' id='word_1_43' title='bbox 718 1045 772 1090; x_wconf 91' lang='lat' dir='ltr'><strong>et</strong></span> <span class='ocrx_word' id='word_1_44' title='bbox 804 1034 976 1107; x_wconf 85' lang='lat' dir='ltr'><strong>ipsius</strong></span> <span class='ocrx_word' id='word_1_45' title='bbox 997 1033 1402 1106; x_wconf 74' lang='lat' dir='ltr'><strong>providentiam</strong></span> <span class='ocrx_word' id='word_1_46' title='bbox 1434 1033 1619 1095; x_wconf 85' lang='lat' dir='ltr'><strong>omnia</strong></span> <span class='ocrx_word' id='word_1_47' title='bbox 1650 1032 2007 1104; x_wconf 86' lang='lat' dir='ltr'><strong>participant.</strong></span> 
     </span>
    </p>
   </div>
   <div class='ocr_carea' id='block_1_9' title="bbox 408 1130 688 1187">
    <p class='ocr_par' dir='ltr' id='par_1_9' title="bbox 408 1130 688 1187">
     <span class='ocr_line' id='line_1_9' title="bbox 408 1130 688 1187; baseline 0.004 -3"><span class='ocrx_word' id='word_1_48' title='bbox 408 1130 688 1187; x_wconf 79' lang='lat' dir='ltr'><strong>Profecto.</strong></span> 
     </span>
    </p>
   </div>
   <div class='ocr_carea' id='block_1_10' title="bbox 483 1218 2008 1302">
    <p class='ocr_par' dir='ltr' id='par_1_10' title="bbox 483 1218 2008 1302">
     <span class='ocr_line' id='line_1_10' title="bbox 483 1218 2008 1302; baseline -0.003 -25"><span class='ocrx_word' id='word_1_49' title='bbox 483 1222 666 1302; x_wconf 79' lang='lat' dir='ltr'><strong>Tlteot.</strong></span> <span class='ocrx_word' id='word_1_50' title='bbox 688 1222 980 1290; x_wconf 86' lang='lat' dir='ltr'><strong>Quomodo</strong></span> <span class='ocrx_word' id='word_1_51' title='bbox 1023 1220 1231 1279; x_wconf 89' lang='lat' dir='ltr'><strong>etenim</strong></span> <span class='ocrx_word' id='word_1_52' title='bbox 1269 1220 1391 1276; x_wconf 89' lang='lat' dir='ltr'><strong>sine</strong></span> <span class='ocrx_word' id='word_1_53' title='bbox 1430 1221 1535 1276; x_wconf 87' lang='lat' dir='ltr'><strong>hac</strong></span> <span class='ocrx_word' id='word_1_54' title='bbox 1577 1218 2008 1291; x_wconf 81' lang='lat' dir='ltr'><strong>permanerent?</strong></span> 
     </span>
    </p>
   </div>
   <div class='ocr_carea' id='block_1_11' title="bbox 483 1308 2010 1383">
    <p class='ocr_par' dir='ltr' id='par_1_11' title="bbox 483 1308 2010 1383">
     <span class='ocr_line' id='line_1_11' title="bbox 483 1308 2010 1383; baseline -0.001 -17"><span class='ocrx_word' id='word_1_55' title='bbox 483 1308 716 1379; x_wconf 82' lang='lat' dir='ltr'><strong>Tlteoph.</strong></span> <span class='ocrx_word' id='word_1_56' title='bbox 760 1310 886 1368; x_wconf 68' lang='lat' dir='ltr'><strong>Hmc</strong></span> <span class='ocrx_word' id='word_1_57' title='bbox 919 1311 1088 1383; x_wconf 77' lang='lat' dir='ltr'><strong>igitur</strong></span> <span class='ocrx_word' id='word_1_58' title='bbox 1126 1310 1476 1382; x_wconf 85' lang='lat' dir='ltr'><strong>providentia</strong></span> <span class='ocrx_word' id='word_1_59' title='bbox 1504 1316 1590 1366; x_wconf 86' lang='lat' dir='ltr'><strong>est</strong></span> <span class='ocrx_word' id='word_1_60' title='bbox 1636 1310 1915 1365; x_wconf 73' lang='lat' dir='ltr'><strong>naturalis</strong></span> <span class='ocrx_word' id='word_1_61' title='bbox 1954 1319 2010 1364; x_wconf 89' lang='lat' dir='ltr'><strong>et</strong></span> 
     </span>
    </p>
   </div>
   <div class='ocr_carea' id='block_1_12' title="bbox 408 1399 2012 1473">
    <p class='ocr_par' dir='ltr' id='par_1_12' title="bbox 408 1399 2012 1473">
     <span class='ocr_line' id='line_1_12' title="bbox 408 1399 2012 1473; baseline -0.003 -14"><span class='ocrx_word' id='word_1_62' title='bbox 408 1403 724 1459; x_wconf 70' lang='lat' dir='ltr'><strong>essentialis</strong></span> <span class='ocrx_word' id='word_1_63' title='bbox 765 1405 1017 1473; x_wconf 85' lang='lat' dir='ltr'><strong>operatio</strong></span> <span class='ocrx_word' id='word_1_64' title='bbox 1049 1399 1169 1458; x_wconf 86' lang='lat' dir='ltr'><strong>Dei.</strong></span> <span class='ocrx_word' id='word_1_65' title='bbox 1208 1400 1355 1458; x_wconf 84' lang='lat' dir='ltr'><strong>Dicit</strong></span> <span class='ocrx_word' id='word_1_66' title='bbox 1397 1401 1543 1457; x_wconf 91' lang='lat' dir='ltr'><strong>enim</strong></span> <span class='ocrx_word' id='word_1_67' title='bbox 1573 1414 1808 1472; x_wconf 78' lang='lat' dir='ltr'><strong>magnus</strong></span> <span class='ocrx_word' id='word_1_68' title='bbox 1838 1402 2012 1455; x_wconf 82' lang='lat' dir='ltr'><strong>Atha-</strong></span> 
     </span>
    </p>
   </div>
   <div class='ocr_carea' id='block_1_13' title="bbox 411 1492 2010 1566">
    <p class='ocr_par' dir='ltr' id='par_1_13' title="bbox 411 1492 2010 1566">
     <span class='ocr_line' id='line_1_13' title="bbox 411 1492 2010 1566; baseline -0.003 -14"><span class='ocrx_word' id='word_1_69' title='bbox 411 1496 648 1553; x_wconf 79' lang='lat' dir='ltr'><strong>nasius:</strong></span> <span class='ocrx_word' id='word_1_70' title='bbox 689 1515 708 1549; x_wconf 77' lang='grc' dir='ltr'><strong>ι</strong></span> <span class='ocrx_word' id='word_1_71' title='bbox 746 1492 868 1552; x_wconf 85' lang='lat' dir='ltr'><strong>Non</strong></span> <span class='ocrx_word' id='word_1_72' title='bbox 919 1495 1026 1551; x_wconf 83' lang='lat' dir='ltr'><strong>alia</strong></span> <span class='ocrx_word' id='word_1_73' title='bbox 1082 1502 1139 1552; x_wconf 92' lang='lat' dir='ltr'><strong>et</strong></span> <span class='ocrx_word' id='word_1_74' title='bbox 1190 1495 1295 1549; x_wconf 86' lang='lat' dir='ltr'><strong>alia</strong></span> <span class='ocrx_word' id='word_1_75' title='bbox 1350 1493 1701 1566; x_wconf 79' lang='lat' dir='ltr'><strong>providentia</strong></span> <span class='ocrx_word' id='word_1_76' title='bbox 1761 1494 1923 1550; x_wconf 86' lang='lat' dir='ltr'><strong>Pater</strong></span> <span class='ocrx_word' id='word_1_77' title='bbox 1954 1503 2010 1548; x_wconf 85' lang='lat' dir='ltr'><strong>et</strong></span> 
     </span>
    </p>
   </div>
   <div class='ocr_carea' id='block_1_14' title="bbox 406 1586 2011 1659">
    <p class='ocr_par' dir='ltr' id='par_1_14' title="bbox 406 1586 2011 1659">
     <span class='ocr_line' id='line_1_14' title="bbox 406 1586 2011 1659; baseline -0.001 -15"><span class='ocrx_word' id='word_1_78' title='bbox 406 1589 582 1645; x_wconf 79' lang='lat' dir='ltr'><strong>Filius</strong></span> <span class='ocrx_word' id='word_1_79' title='bbox 641 1589 774 1659; x_wconf 82' lang='lat' dir='ltr'><strong>agit,</strong></span> <span class='ocrx_word' id='word_1_80' title='bbox 807 1587 905 1646; x_wconf 87' lang='lat' dir='ltr'><strong>sed</strong></span> <span class='ocrx_word' id='word_1_81' title='bbox 965 1604 1077 1644; x_wconf 88' lang='lat' dir='ltr'><strong>una</strong></span> <span class='ocrx_word' id='word_1_82' title='bbox 1127 1596 1185 1644; x_wconf 88' lang='lat' dir='ltr'><strong>et</strong></span> <span class='ocrx_word' id='word_1_83' title='bbox 1225 1588 1419 1645; x_wconf 84' lang='lat' dir='ltr'><strong>eadem</strong></span> <span class='ocrx_word' id='word_1_84' title='bbox 1477 1586 1785 1644; x_wconf 81' lang='lat' dir='ltr'><strong>divinitatis</strong></span> <span class='ocrx_word' id='word_1_85' title='bbox 1815 1603 2011 1659; x_wconf 86' lang='lat' dir='ltr'><strong>opera-</strong></span> 
     </span>
    </p>
   </div>
   <div class='ocr_carea' id='block_1_15' title="bbox 409 1682 2010 1755">
    <p class='ocr_par' dir='ltr' id='par_1_15' title="bbox 409 1682 2010 1755">
     <span class='ocr_line' id='line_1_15' title="bbox 409 1682 2010 1755; baseline -0.001 -17"><span class='ocrx_word' id='word_1_86' title='bbox 409 1687 581 1739; x_wconf 89' lang='lat' dir='ltr'><strong>tione.</strong></span> <span class='ocrx_word' id='word_1_87' title='bbox 634 1701 653 1735; x_wconf 76' lang='grc' dir='ltr'><strong>ι</strong></span> <span class='ocrx_word' id='word_1_88' title='bbox 705 1683 1047 1755; x_wconf 84' lang='lat' dir='ltr'><strong>Participant</strong></span> <span class='ocrx_word' id='word_1_89' title='bbox 1095 1682 1267 1754; x_wconf 67' lang='lat' dir='ltr'><strong>igitur</strong></span> <span class='ocrx_word' id='word_1_90' title='bbox 1313 1682 1500 1738; x_wconf 90' lang='lat' dir='ltr'><strong>omnia</strong></span> <span class='ocrx_word' id='word_1_91' title='bbox 1559 1684 1885 1738; x_wconf 87' lang='lat' dir='ltr'><strong>creatricem</strong></span> <span class='ocrx_word' id='word_1_92' title='bbox 1943 1696 2010 1737; x_wconf 87' lang='lat' dir='ltr'><strong>ac</strong></span> 
     </span>
    </p>
   </div>
   <div class='ocr_carea' id='block_1_16' title="bbox 409 1775 2010 1847">
    <p class='ocr_par' dir='ltr' id='par_1_16' title="bbox 409 1775 2010 1847">
     <span class='ocr_line' id='line_1_16' title="bbox 409 1775 2010 1847; baseline -0.001 -18"><span class='ocrx_word' id='word_1_93' title='bbox 409 1776 695 1847; x_wconf 77' lang='lat' dir='ltr'><strong>providam</strong></span> <span class='ocrx_word' id='word_1_94' title='bbox 730 1776 823 1831; x_wconf 86' lang='lat' dir='ltr'><strong>Dei</strong></span> <span class='ocrx_word' id='word_1_95' title='bbox 863 1776 1189 1847; x_wconf 87' lang='lat' dir='ltr'><strong>potentiam,</strong></span> <span class='ocrx_word' id='word_1_96' title='bbox 1220 1775 1318 1831; x_wconf 89' lang='lat' dir='ltr'><strong>sed</strong></span> <span class='ocrx_word' id='word_1_97' title='bbox 1356 1776 1518 1831; x_wconf 79' lang='lat' dir='ltr'><strong>sicuti</strong></span> <span class='ocrx_word' id='word_1_98' title='bbox 1557 1775 1759 1831; x_wconf 89' lang='lat' dir='ltr'><strong>domus</strong></span> <span class='ocrx_word' id='word_1_99' title='bbox 1806 1775 2010 1831; x_wconf 83' lang='lat' dir='ltr'><strong>intelli-</strong></span> 
     </span>
    </p>
   </div>
   <div class='ocr_carea' id='block_1_17' title="bbox 408 1867 2006 1939">
    <p class='ocr_par' dir='ltr' id='par_1_17' title="bbox 408 1867 2006 1939">
     <span class='ocr_line' id='line_1_17' title="bbox 408 1867 2006 1939; baseline 0.003 -20"><span class='ocrx_word' id='word_1_100' title='bbox 408 1868 651 1939; x_wconf 69' lang='lat' dir='ltr'><strong>gentiam</strong></span> <span class='ocrx_word' id='word_1_101' title='bbox 726 1868 1014 1924; x_wconf 84' lang='lat' dir='ltr'><strong>architecti</strong></span> <span class='ocrx_word' id='word_1_102' title='bbox 1080 1879 1137 1924; x_wconf 87' lang='lat' dir='ltr'><strong>et</strong></span> <span class='ocrx_word' id='word_1_103' title='bbox 1198 1868 1408 1924; x_wconf 87' lang='lat' dir='ltr'><strong>domini</strong></span> <span class='ocrx_word' id='word_1_104' title='bbox 1463 1868 1905 1939; x_wconf 81' lang='lat' dir='ltr'><strong>providentiam,</strong></span> <span class='ocrx_word' id='word_1_105' title='bbox 1960 1867 2006 1924; x_wconf 93' lang='lat' dir='ltr'><strong>si</strong></span> 
     </span>
    </p>
   </div>
   <div class='ocr_carea' id='block_1_18' title="bbox 2114 668 3681 744">
    <p class='ocr_par' dir='ltr' id='par_1_18' title="bbox 2114 668 3681 744">
     <span class='ocr_line' id='line_1_18' title="bbox 2114 668 3681 744; baseline -0.002 -20"><span class='ocrx_word' id='word_1_106' title='bbox 2114 671 2283 738; x_wconf 82' lang='grc' dir='ltr'><strong>θεῖον,</strong></span> <span class='ocrx_word' id='word_1_107' title='bbox 2310 674 2375 744; x_wconf 78' lang='grc' dir='ltr'><strong>τῇ</strong></span> <span class='ocrx_word' id='word_1_108' title='bbox 2403 671 2460 725; x_wconf 85' lang='grc' dir='ltr'><strong>δὲ</strong></span> <span class='ocrx_word' id='word_1_109' title='bbox 2485 670 2691 741; x_wconf 88' lang='grc' dir='ltr'><strong>ταύτης</strong></span> <span class='ocrx_word' id='word_1_110' title='bbox 2714 671 2916 741; x_wconf 79' lang='grc' dir='ltr'><strong>μετοχῇ</strong></span> <span class='ocrx_word' id='word_1_111' title='bbox 2940 668 3103 730; x_wconf 83' lang='grc' dir='ltr'><strong>πάνθ’</strong></span> <span class='ocrx_word' id='word_1_112' title='bbox 3131 669 3235 722; x_wconf 84' lang='grc' dir='ltr'><strong>ὅσα</strong></span> <span class='ocrx_word' id='word_1_113' title='bbox 3268 669 3501 738; x_wconf 83' lang='grc' dir='ltr'><strong>γέγονεν</strong></span> <span class='ocrx_word' id='word_1_114' title='bbox 3524 669 3681 735; x_wconf 74' lang='grc' dir='ltr'><strong>ἐστὶν,</strong></span> 
     </span>
    </p>
   </div>
   <div class='ocr_carea' id='block_1_19' title="bbox 2113 758 3721 834">
    <p class='ocr_par' dir='ltr' id='par_1_19' title="bbox 2113 758 3721 834">
     <span class='ocr_line' id='line_1_19' title="bbox 2113 758 3721 834; baseline 0.004 -23"><span class='ocrx_word' id='word_1_115' title='bbox 2113 764 2293 817; x_wconf 76' lang='grc' dir='ltr'><strong>πάντα</strong></span> <span class='ocrx_word' id='word_1_116' title='bbox 2331 762 2556 834; x_wconf 81' lang='grc' dir='ltr'><strong>μετέχει</strong></span> <span class='ocrx_word' id='word_1_117' title='bbox 2585 761 2696 816; x_wconf 90' lang='grc' dir='ltr'><strong>τῶν</strong></span> <span class='ocrx_word' id='word_1_118' title='bbox 2730 761 2982 832; x_wconf 77' lang='grc' dir='ltr'>φυσικῶν</span> <span class='ocrx_word' id='word_1_119' title='bbox 3021 759 3116 827; x_wconf 73' lang='grc' dir='ltr'><strong>τοῦ</strong></span> <span class='ocrx_word' id='word_1_120' title='bbox 3148 759 3291 817; x_wconf 86' lang='grc' dir='ltr'><strong>Θεοῦ</strong></span> <span class='ocrx_word' id='word_1_121' title='bbox 3321 758 3607 832; x_wconf 77' lang='grc' dir='ltr'><strong>δυνάμεῶν</strong></span> <span class='ocrx_word' id='word_1_122' title='bbox 3631 779 3684 817; x_wconf 85' lang='grc' dir='ltr'><strong>τε</strong></span> <span class='ocrx_word' id='word_1_123' title='bbox 3715 764 3721 771; x_wconf 80' lang='grc'><em>’</em></span> 
     </span>
    </p>
   </div>
   <div class='ocr_carea' id='block_1_20' title="bbox 2110 849 2574 919">
    <p class='ocr_par' dir='ltr' id='par_1_20' title="bbox 2110 849 2574 919">
     <span class='ocr_line' id='line_1_20' title="bbox 2110 849 2574 919; baseline 0 -17"><span class='ocrx_word' id='word_1_124' title='bbox 2110 849 2205 902; x_wconf 77' lang='grc' dir='ltr'><strong>καὶ</strong></span> <span class='ocrx_word' id='word_1_125' title='bbox 2237 850 2532 919; x_wconf 82' lang='grc' dir='ltr'><strong>ἐνεργειῶν</strong></span> <span class='ocrx_word' id='word_1_126' title='bbox 2559 869 2574 916; x_wconf 91' lang='grc'><strong>;</strong></span> 
     </span>
    </p>
   </div>
   <div class='ocr_carea' id='block_1_21' title="bbox 2185 941 3687 1019">
    <p class='ocr_par' dir='ltr' id='par_1_21' title="bbox 2185 941 3687 1019">
     <span class='ocr_line' id='line_1_21' title="bbox 2185 941 3687 1019; baseline 0 -24"><span class='ocrx_word' id='word_1_127' title='bbox 2185 943 2363 1011; x_wconf 70' lang='grc' dir='ltr'><strong>Θεοςο.</strong></span> <span class='ocrx_word' id='word_1_128' title='bbox 2397 942 2509 997; x_wconf 76' lang='grc' dir='ltr'><strong>Καὶ</strong></span> <span class='ocrx_word' id='word_1_129' title='bbox 2540 941 2742 1019; x_wconf 81' lang='grc' dir='ltr'><strong>γὰρόὒ</strong></span> <span class='ocrx_word' id='word_1_130' title='bbox 2776 943 2948 1013; x_wconf 74' lang='grc' dir='ltr'><strong>μόνης</strong></span> <span class='ocrx_word' id='word_1_131' title='bbox 2971 942 3071 1012; x_wconf 78' lang='grc' dir='ltr'><strong>τῆς</strong></span> <span class='ocrx_word' id='word_1_132' title='bbox 3100 942 3516 1014; x_wconf 81' lang='grc' dir='ltr'><strong>δημιουργικῆς</strong></span> <span class='ocrx_word' id='word_1_133' title='bbox 3545 944 3687 1014; x_wconf 84' lang='grc' dir='ltr'><strong>ὲνερ-</strong></span> 
     </span>
    </p>
   </div>
   <div class='ocr_carea' id='block_1_22' title="bbox 2110 1021 3689 1106">
    <p class='ocr_par' dir='ltr' id='par_1_22' title="bbox 2110 1021 3689 1106">
     <span class='ocr_line' id='line_1_22' title="bbox 2110 1021 3689 1106; baseline 0.003 -21"><span class='ocrx_word' id='word_1_134' title='bbox 2110 1033 2269 1100; x_wconf 86' lang='grc' dir='ltr'><strong>γείας</strong></span> <span class='ocrx_word' id='word_1_135' title='bbox 2289 1032 2387 1087; x_wconf 86' lang='grc' dir='ltr'><strong>τοῦ</strong></span> <span class='ocrx_word' id='word_1_136' title='bbox 2421 1021 2583 1100; x_wconf 79' lang='grc' dir='ltr'><strong>Θεοῦ,</strong></span> <span class='ocrx_word' id='word_1_137' title='bbox 2606 1034 2745 1089; x_wconf 80' lang='grc' dir='ltr'><strong>ἀλλὰ</strong></span> <span class='ocrx_word' id='word_1_138' title='bbox 2773 1034 2988 1106; x_wconf 77' lang='grc' dir='ltr'><strong>καὶτῆς</strong></span> <span class='ocrx_word' id='word_1_139' title='bbox 3013 1034 3180 1088; x_wconf 82' lang='grc' dir='ltr'><strong>αὐτοῦ</strong></span> <span class='ocrx_word' id='word_1_140' title='bbox 3203 1033 3470 1105; x_wconf 82' lang='grc' dir='ltr'><strong>προνοίας</strong></span> <span class='ocrx_word' id='word_1_141' title='bbox 3487 1033 3689 1089; x_wconf 74' lang='grc' dir='ltr'><strong>ἅπαντα</strong></span> 
     </span>
    </p>
   </div>
   <div class='ocr_carea' id='block_1_23' title="bbox 2113 1119 2654 1198">
    <p class='ocr_par' dir='ltr' id='par_1_23' title="bbox 2113 1119 2654 1198">
     <span class='ocr_line' id='line_1_23' title="bbox 2113 1119 2654 1198; baseline 0.004 -21"><span class='ocrx_word' id='word_1_142' title='bbox 2113 1126 2357 1197; x_wconf 80' lang='grc' dir='ltr'><strong>μετέχει.</strong></span> <span class='ocrx_word' id='word_1_143' title='bbox 2391 1119 2468 1179; x_wconf 88' lang='grc' dir='ltr'><strong><em>Ἦ</em></strong></span> <span class='ocrx_word' id='word_1_144' title='bbox 2502 1127 2572 1194; x_wconf 75' lang='grc' dir='ltr'><strong>γᾶ</strong></span> <span class='ocrx_word' id='word_1_145' title='bbox 2580 1143 2612 1198; x_wconf 82' lang='grc' dir='ltr'><strong>ρ</strong></span> <span class='ocrx_word' id='word_1_146' title='bbox 2637 1141 2654 1192; x_wconf 89' lang='lat'><strong>;</strong></span> 
     </span>
    </p>
   </div>
   <div class='ocr_carea' id='block_1_24' title="bbox 2184 1219 3687 1294">
    <p class='ocr_par' dir='ltr' id='par_1_24' title="bbox 2184 1219 3687 1294">
     <span class='ocr_line' id='line_1_24' title="bbox 2184 1219 3687 1294; baseline 0.001 -19"><span class='ocrx_word' id='word_1_147' title='bbox 2184 1221 2357 1290; x_wconf 68' lang='grc' dir='ltr'><strong>Θεότ.</strong></span> <span class='ocrx_word' id='word_1_148' title='bbox 2387 1220 2513 1285; x_wconf 86' lang='grc' dir='ltr'><strong>Πῶς</strong></span> <span class='ocrx_word' id='word_1_149' title='bbox 2555 1219 2662 1291; x_wconf 84' lang='grc' dir='ltr'><strong>γὰρ</strong></span> <span class='ocrx_word' id='word_1_150' title='bbox 2685 1219 2752 1275; x_wconf 81' lang='grc' dir='ltr'><strong>ἂν</strong></span> <span class='ocrx_word' id='word_1_151' title='bbox 2786 1222 2881 1274; x_wconf 79' lang='grc' dir='ltr'><strong>καὶ</strong></span> <span class='ocrx_word' id='word_1_152' title='bbox 2930 1221 3254 1275; x_wconf 78' lang='grc' dir='ltr'><strong>συνίσταντο</strong></span> <span class='ocrx_word' id='word_1_153' title='bbox 3288 1222 3467 1294; x_wconf 75' lang='grc' dir='ltr'><strong>χωρὶς</strong></span> <span class='ocrx_word' id='word_1_154' title='bbox 3502 1222 3687 1291; x_wconf 50' lang='lat' dir='ltr'><strong>nam;</strong></span> 
     </span>
    </p>
   </div>
   <div class='ocr_carea' id='block_1_25' title="bbox 2189 1313 3689 1386">
    <p class='ocr_par' dir='ltr' id='par_1_25' title="bbox 2189 1313 3689 1386">
     <span class='ocr_line' id='line_1_25' title="bbox 2189 1313 3689 1386; baseline 0.001 -17"><span class='ocrx_word' id='word_1_155' title='bbox 2189 1315 2365 1384; x_wconf 76' lang='grc' dir='ltr'><strong>Θεοςρ.</strong></span> <span class='ocrx_word' id='word_1_156' title='bbox 2410 1313 2476 1369; x_wconf 82' lang='grc' dir='ltr'><strong>Ἦ</strong></span> <span class='ocrx_word' id='word_1_157' title='bbox 2507 1313 2690 1367; x_wconf 93' lang='grc' dir='ltr'><strong>τοίνυν</strong></span> <span class='ocrx_word' id='word_1_158' title='bbox 2724 1314 3192 1386; x_wconf 45' lang='grc' dir='ltr'><strong>πνρόνοιαιφυσικὴ</strong></span> <span class='ocrx_word' id='word_1_159' title='bbox 3222 1317 3347 1369; x_wconf 78' lang='grc' dir='ltr'><strong>ἐστι</strong></span> <span class='ocrx_word' id='word_1_160' title='bbox 3379 1314 3474 1370; x_wconf 82' lang='grc' dir='ltr'><strong>καὶ</strong></span> <span class='ocrx_word' id='word_1_161' title='bbox 3506 1316 3689 1370; x_wconf 74' lang='grc' dir='ltr'><strong>οὐσιῶ-</strong></span> 
     </span>
    </p>
   </div>
   <div class='ocr_carea' id='block_1_26' title="bbox 2113 1406 3688 1479">
    <p class='ocr_par' dir='ltr' id='par_1_26' title="bbox 2113 1406 3688 1479">
     <span class='ocr_line' id='line_1_26' title="bbox 2113 1406 3688 1479; baseline 0.002 -18"><span class='ocrx_word' id='word_1_162' title='bbox 2113 1408 2215 1477; x_wconf 85' lang='grc' dir='ltr'><strong>δης</strong></span> <span class='ocrx_word' id='word_1_163' title='bbox 2243 1408 2503 1478; x_wconf 78' lang='grc' dir='ltr'><strong>ἐνέργεια</strong></span> <span class='ocrx_word' id='word_1_164' title='bbox 2529 1406 2691 1462; x_wconf 84' lang='grc' dir='ltr'><strong>Θεοῦ.</strong></span> <span class='ocrx_word' id='word_1_165' title='bbox 2727 1406 2869 1478; x_wconf 68' lang='grc' dir='ltr'><strong>Φησὶ</strong></span> <span class='ocrx_word' id='word_1_166' title='bbox 2899 1406 3010 1479; x_wconf 82' lang='grc' dir='ltr'><strong>γὰρ</strong></span> <span class='ocrx_word' id='word_1_167' title='bbox 3061 1407 3090 1460; x_wconf 83' lang='grc' dir='ltr'><strong>δ</strong></span> <span class='ocrx_word' id='word_1_168' title='bbox 3123 1406 3307 1479; x_wconf 84' lang='grc' dir='ltr'><strong>μέγας</strong></span> <span class='ocrx_word' id='word_1_169' title='bbox 3359 1408 3688 1474; x_wconf 82' lang='grc' dir='ltr'><strong>Ἀθανάσιος,</strong></span> 
     </span>
    </p>
   </div>
   <div class='ocr_carea' id='block_1_27' title="bbox 2119 1497 3688 1571">
    <p class='ocr_par' dir='ltr' id='par_1_27' title="bbox 2119 1497 3688 1571">
     <span class='ocr_line' id='line_1_27' title="bbox 2119 1497 3688 1571; baseline 0 -18"><span class='ocrx_word' id='word_1_170' title='bbox 2119 1518 2140 1553; x_wconf 78' lang='grc' dir='ltr'><strong>ι</strong></span> <span class='ocrx_word' id='word_1_171' title='bbox 2167 1498 2241 1552; x_wconf 83' lang='grc' dir='ltr'><strong>Οὐ</strong></span> <span class='ocrx_word' id='word_1_172' title='bbox 2282 1499 2426 1554; x_wconf 83' lang='grc' dir='ltr'><strong>κατὰ</strong></span> <span class='ocrx_word' id='word_1_173' title='bbox 2454 1497 2626 1571; x_wconf 76' lang='grc' dir='ltr'><strong>ἄλλην</strong></span> <span class='ocrx_word' id='word_1_174' title='bbox 2653 1498 2751 1553; x_wconf 77' lang='grc' dir='ltr'><strong>καὶ</strong></span> <span class='ocrx_word' id='word_1_175' title='bbox 2772 1497 2943 1570; x_wconf 78' lang='grc' dir='ltr'><strong>ἄλλην</strong></span> <span class='ocrx_word' id='word_1_176' title='bbox 2969 1499 3233 1570; x_wconf 79' lang='grc' dir='ltr'><strong>πρόνοιαν</strong></span> <span class='ocrx_word' id='word_1_177' title='bbox 3268 1501 3298 1552; x_wconf 83' lang='grc' dir='ltr'><strong>ὁ</strong></span> <span class='ocrx_word' id='word_1_178' title='bbox 3329 1498 3524 1569; x_wconf 71' lang='grc' dir='ltr'><strong>Πατὴρ</strong></span> <span class='ocrx_word' id='word_1_179' title='bbox 3556 1502 3642 1553; x_wconf 76' lang='grc' dir='ltr'><strong>καὶ</strong></span> <span class='ocrx_word' id='word_1_180' title='bbox 3665 1502 3688 1553; x_wconf 81' lang='grc' dir='ltr'>ὁ</span> 
     </span>
    </p>
   </div>
   <div class='ocr_carea' id='block_1_28' title="bbox 2113 1588 3686 1663">
    <p class='ocr_par' dir='ltr' id='par_1_28' title="bbox 2113 1588 3686 1663">
     <span class='ocr_line' id='line_1_28' title="bbox 2113 1588 3686 1663; baseline 0.001 -20"><span class='ocrx_word' id='word_1_181' title='bbox 2113 1589 2242 1654; x_wconf 77' lang='grc' dir='ltr'><strong>Υἱὸς</strong></span> <span class='ocrx_word' id='word_1_182' title='bbox 2268 1589 2591 1662; x_wconf 73' lang='grc' dir='ltr'><strong>ἐργάζεται,</strong></span> <span class='ocrx_word' id='word_1_183' title='bbox 2619 1588 2760 1645; x_wconf 78' lang='grc' dir='ltr'><strong>ἀλλὰ</strong></span> <span class='ocrx_word' id='word_1_184' title='bbox 2800 1588 2943 1645; x_wconf 86' lang='grc' dir='ltr'><strong>κατά</strong></span> <span class='ocrx_word' id='word_1_185' title='bbox 2973 1591 3104 1661; x_wconf 87' lang='grc' dir='ltr'><strong>μίαν</strong></span> <span class='ocrx_word' id='word_1_186' title='bbox 3137 1589 3237 1644; x_wconf 74' lang='grc' dir='ltr'><strong>καὶ</strong></span> <span class='ocrx_word' id='word_1_187' title='bbox 3268 1589 3372 1663; x_wconf 75' lang='grc' dir='ltr'><strong>τὴν</strong></span> <span class='ocrx_word' id='word_1_188' title='bbox 3403 1590 3575 1662; x_wconf 70' lang='grc' dir='ltr'><strong>αὐτὴν</strong></span> <span class='ocrx_word' id='word_1_189' title='bbox 3604 1592 3686 1644; x_wconf 68' lang='grc' dir='ltr'><strong>οὐν</strong></span> 
     </span>
    </p>
   </div>
   <div class='ocr_carea' id='block_1_29' title="bbox 2115 1682 3688 1756">
    <p class='ocr_par' dir='ltr' id='par_1_29' title="bbox 2115 1682 3688 1756">
     <span class='ocr_line' id='line_1_29' title="bbox 2115 1682 3688 1756; baseline -0.001 -19"><span class='ocrx_word' id='word_1_190' title='bbox 2115 1684 2281 1755; x_wconf 85' lang='grc' dir='ltr'><strong>σιὼδη</strong></span> <span class='ocrx_word' id='word_1_191' title='bbox 2317 1684 2416 1753; x_wconf 81' lang='grc' dir='ltr'><strong>τῆς</strong></span> <span class='ocrx_word' id='word_1_192' title='bbox 2458 1684 2713 1754; x_wconf 79' lang='grc' dir='ltr'><strong>θεότητος</strong></span> <span class='ocrx_word' id='word_1_193' title='bbox 2739 1682 3049 1756; x_wconf 70' lang='grc' dir='ltr'><strong>ινέργειαν.</strong></span> <span class='ocrx_word' id='word_1_194' title='bbox 3080 1705 3099 1735; x_wconf 76' lang='grc' dir='ltr'><strong>ι</strong></span> <span class='ocrx_word' id='word_1_195' title='bbox 3140 1685 3490 1755; x_wconf 81' lang='grc' dir='ltr'><strong>Μετέχουσιν</strong></span> <span class='ocrx_word' id='word_1_196' title='bbox 3510 1682 3688 1738; x_wconf 80' lang='grc' dir='ltr'><strong>οὐκοῦν</strong></span> 
     </span>
    </p>
   </div>
   <div class='ocr_carea' id='block_1_30' title="bbox 2115 1775 3686 1848">
    <p class='ocr_par' dir='ltr' id='par_1_30' title="bbox 2115 1775 3686 1848">
     <span class='ocr_line' id='line_1_30' title="bbox 2115 1775 3686 1848; baseline -0.001 -19"><span class='ocrx_word' id='word_1_197' title='bbox 2115 1775 2295 1829; x_wconf 85' lang='grc' dir='ltr'><strong>πάντα</strong></span> <span class='ocrx_word' id='word_1_198' title='bbox 2343 1776 2441 1847; x_wconf 82' lang='grc' dir='ltr'><strong>τῆς</strong></span> <span class='ocrx_word' id='word_1_199' title='bbox 2469 1775 2879 1848; x_wconf 80' lang='grc' dir='ltr'><strong>δημιουργικῆς</strong></span> <span class='ocrx_word' id='word_1_200' title='bbox 2924 1792 2985 1829; x_wconf 87' lang='grc' dir='ltr'><strong>τε</strong></span> <span class='ocrx_word' id='word_1_201' title='bbox 3023 1776 3117 1830; x_wconf 70' lang='grc' dir='ltr'><strong>καὶ</strong></span> <span class='ocrx_word' id='word_1_202' title='bbox 3171 1778 3550 1847; x_wconf 78' lang='grc' dir='ltr'><strong>προνοητικῆς</strong></span> <span class='ocrx_word' id='word_1_203' title='bbox 3603 1777 3686 1829; x_wconf 80' lang='grc' dir='ltr'><strong>τοῦ</strong></span> 
     </span>
    </p>
   </div>
   <div class='ocr_carea' id='block_1_31' title="bbox 2113 1866 3686 1939">
    <p class='ocr_par' dir='ltr' id='par_1_31' title="bbox 2113 1866 3686 1939">
     <span class='ocr_line' id='line_1_31' title="bbox 2113 1866 3686 1939; baseline 0 -19"><span class='ocrx_word' id='word_1_204' title='bbox 2113 1868 2250 1921; x_wconf 83' lang='grc' dir='ltr'><strong>Θεοῦ</strong></span> <span class='ocrx_word' id='word_1_205' title='bbox 2299 1867 2612 1939; x_wconf 84' lang='grc' dir='ltr'><strong>δυνάμεως,</strong></span> <span class='ocrx_word' id='word_1_206' title='bbox 2645 1866 2765 1923; x_wconf 82' lang='grc' dir='ltr'><strong>ἀλλ’</strong></span> <span class='ocrx_word' id='word_1_207' title='bbox 2786 1866 2863 1932; x_wconf 85' lang='grc' dir='ltr'><strong>ὡς</strong></span> <span class='ocrx_word' id='word_1_208' title='bbox 2889 1868 2921 1938; x_wconf 77' lang='grc' dir='ltr'>ἡ</span> <span class='ocrx_word' id='word_1_209' title='bbox 2962 1867 3112 1921; x_wconf 84' lang='grc' dir='ltr'><strong>οίκία</strong></span> <span class='ocrx_word' id='word_1_210' title='bbox 3159 1869 3265 1938; x_wconf 81' lang='grc' dir='ltr'><strong>τῆς</strong></span> <span class='ocrx_word' id='word_1_211' title='bbox 3292 1867 3392 1920; x_wconf 87' lang='grc' dir='ltr'><strong>τοῦ</strong></span> <span class='ocrx_word' id='word_1_212' title='bbox 3421 1869 3686 1938; x_wconf 73' lang='grc' dir='ltr'><strong>οἰκοδόμου</strong></span> 
     </span>
    </p>
   </div>
   <div class='ocr_carea' id='block_1_32' title="bbox 409 1931 2006 2031">
    <p class='ocr_par' dir='ltr' id='par_1_32' title="bbox 409 1959 2006 2031">
     <span class='ocr_line' id='line_1_32' title="bbox 409 1959 2006 2031; baseline -0.001 -16"><span class='ocrx_word' id='word_1_213' title='bbox 409 1963 634 2031; x_wconf 74' lang='lat' dir='ltr'><strong>quidem</strong></span> <span class='ocrx_word' id='word_1_214' title='bbox 681 1962 947 2018; x_wconf 85' lang='lat' dir='ltr'><strong>duratura</strong></span> <span class='ocrx_word' id='word_1_215' title='bbox 999 1962 1095 2018; x_wconf 86' lang='lat' dir='ltr'><strong>sit.</strong></span> <span class='ocrx_word' id='word_1_216' title='bbox 1133 1959 1458 2017; x_wconf 84' lang='lat' dir='ltr'><strong>Rationales</strong></span> <span class='ocrx_word' id='word_1_217' title='bbox 1499 1967 1684 2016; x_wconf 89' lang='lat' dir='ltr'><strong>autem</strong></span> <span class='ocrx_word' id='word_1_218' title='bbox 1740 1969 2006 2016; x_wconf 74' lang='lat' dir='ltr'><strong>creatura:</strong></span> 
     </span>
    </p>
   </div>
   <div class='ocr_carea' id='block_1_33' title="bbox 2114 1931 3687 2031">
    <p class='ocr_par' dir='ltr' id='par_1_33' title="bbox 2114 1958 3687 2030">
     <span class='ocr_line' id='line_1_33' title="bbox 2114 1958 3687 2030; baseline -0.002 -16"><span class='ocrx_word' id='word_1_219' title='bbox 2114 1960 2380 2025; x_wconf 77' lang='grc' dir='ltr'><strong>διανοίας,</strong></span> <span class='ocrx_word' id='word_1_220' title='bbox 2430 1962 2529 2015; x_wconf 77' lang='grc' dir='ltr'><strong>καὶ</strong></span> <span class='ocrx_word' id='word_1_221' title='bbox 2572 1959 2673 2030; x_wconf 78' lang='grc' dir='ltr'><strong>τῆς</strong></span> <span class='ocrx_word' id='word_1_222' title='bbox 2712 1958 2809 2013; x_wconf 89' lang='grc' dir='ltr'><strong>τοῦ</strong></span> <span class='ocrx_word' id='word_1_223' title='bbox 2857 1959 3248 2013; x_wconf 73' lang='grc' dir='ltr'><strong>οἰκοδεσπότου</strong></span> <span class='ocrx_word' id='word_1_224' title='bbox 3301 1960 3539 2029; x_wconf 80' lang='grc' dir='ltr'><strong>δυνατῆς</strong></span> <span class='ocrx_word' id='word_1_225' title='bbox 3571 1977 3687 2029; x_wconf 87' lang='grc' dir='ltr'><strong>προ-</strong></span> 
     </span>
    </p>
   </div>
   <div class='ocr_carea' id='block_1_34' title="bbox 411 2051 2008 2109">
    <p class='ocr_par' dir='ltr' id='par_1_34' title="bbox 411 2051 2008 2109">
     <span class='ocr_line' id='line_1_34' title="bbox 411 2051 2008 2109; baseline -0.003 -2"><span class='ocrx_word' id='word_1_226' title='bbox 411 2055 624 2109; x_wconf 88' lang='lat' dir='ltr'><strong>ratione</strong></span> <span class='ocrx_word' id='word_1_227' title='bbox 678 2052 863 2109; x_wconf 87' lang='lat' dir='ltr'><strong>vident</strong></span> <span class='ocrx_word' id='word_1_228' title='bbox 902 2069 970 2108; x_wconf 76' lang='lat' dir='ltr'><strong>ex</strong></span> <span class='ocrx_word' id='word_1_229' title='bbox 1021 2053 1298 2108; x_wconf 87' lang='lat' dir='ltr'><strong>creaturis</strong></span> <span class='ocrx_word' id='word_1_230' title='bbox 1328 2051 1550 2108; x_wconf 87' lang='lat' dir='ltr'><strong>insitam</strong></span> <span class='ocrx_word' id='word_1_231' title='bbox 1599 2061 1809 2107; x_wconf 68' lang='lat' dir='ltr'><strong>naturas</strong></span> <span class='ocrx_word' id='word_1_232' title='bbox 1835 2051 2008 2108; x_wconf 76' lang='lat' dir='ltr'><strong>Crea-</strong></span> 
     </span>
    </p>
   </div>
   <div class='ocr_carea' id='block_1_35' title="bbox 411 2144 2009 2215">
    <p class='ocr_par' dir='ltr' id='par_1_35' title="bbox 411 2144 2009 2215">
     <span class='ocr_line' id='line_1_35' title="bbox 411 2144 2009 2215; baseline -0.001 -14"><span class='ocrx_word' id='word_1_233' title='bbox 411 2147 552 2202; x_wconf 86' lang='lat' dir='ltr'><strong>toris</strong></span> <span class='ocrx_word' id='word_1_234' title='bbox 606 2146 906 2201; x_wconf 83' lang='lat' dir='ltr'><strong>bonitatem</strong></span> <span class='ocrx_word' id='word_1_235' title='bbox 964 2153 1019 2201; x_wconf 89' lang='lat' dir='ltr'><strong>et</strong></span> <span class='ocrx_word' id='word_1_236' title='bbox 1088 2145 1432 2215; x_wconf 85' lang='lat' dir='ltr'><strong>potentiam,</strong></span> <span class='ocrx_word' id='word_1_237' title='bbox 1490 2144 1596 2199; x_wconf 77' lang='lat' dir='ltr'><strong>soli</strong></span> <span class='ocrx_word' id='word_1_238' title='bbox 1643 2157 1777 2199; x_wconf 86' lang='lat' dir='ltr'><strong>vero</strong></span> <span class='ocrx_word' id='word_1_239' title='bbox 1831 2144 2009 2201; x_wconf 79' lang='lat' dir='ltr'><strong>sancti</strong></span> 
     </span>
    </p>
   </div>
   <div class='ocr_carea' id='block_1_36' title="bbox 412 2237 2011 2311">
    <p class='ocr_par' dir='ltr' id='par_1_36' title="bbox 412 2237 2011 2311">
     <span class='ocr_line' id='line_1_36' title="bbox 412 2237 2011 2311; baseline 0.001 -19"><span class='ocrx_word' id='word_1_240' title='bbox 412 2238 635 2311; x_wconf 84' lang='lat' dir='ltr'><strong>proprie</strong></span> <span class='ocrx_word' id='word_1_241' title='bbox 666 2237 857 2294; x_wconf 79' lang='lat' dir='ltr'><strong>vident</strong></span> <span class='ocrx_word' id='word_1_242' title='bbox 879 2247 933 2293; x_wconf 91' lang='lat' dir='ltr'><strong>et</strong></span> <span class='ocrx_word' id='word_1_243' title='bbox 966 2238 1328 2310; x_wconf 87' lang='lat' dir='ltr'><strong>participant,</strong></span> <span class='ocrx_word' id='word_1_244' title='bbox 1355 2237 1598 2309; x_wconf 84' lang='lat' dir='ltr'><strong>Spiritus</strong></span> <span class='ocrx_word' id='word_1_245' title='bbox 1623 2240 2011 2293; x_wconf 85' lang='lat' dir='ltr'><strong>communica-</strong></span> 
     </span>
    </p>
   </div>
   <div class='ocr_carea' id='block_1_37' title="bbox 412 2331 2007 2410">
    <p class='ocr_par' dir='ltr' id='par_1_37' title="bbox 412 2331 2007 2410">
     <span class='ocr_line' id='line_1_37' title="bbox 412 2331 2007 2410; baseline 0.001 -25"><span class='ocrx_word' id='word_1_246' title='bbox 412 2336 562 2388; x_wconf 87' lang='lat' dir='ltr'><strong>tione</strong></span> <span class='ocrx_word' id='word_1_247' title='bbox 638 2331 848 2388; x_wconf 83' lang='lat' dir='ltr'><strong>similes</strong></span> <span class='ocrx_word' id='word_1_248' title='bbox 896 2332 1007 2388; x_wconf 85' lang='lat' dir='ltr'><strong>Deo</strong></span> <span class='ocrx_word' id='word_1_249' title='bbox 1038 2332 1192 2410; x_wconf 66' lang='lat' dir='ltr'><strong>facti,</strong></span> <span class='ocrx_word' id='word_1_250' title='bbox 1226 2332 1527 2404; x_wconf 82' lang='lat' dir='ltr'><strong>divinaque</strong></span> <span class='ocrx_word' id='word_1_251' title='bbox 1566 2334 1773 2388; x_wconf 88' lang='lat' dir='ltr'><strong>virtute</strong></span> <span class='ocrx_word' id='word_1_252' title='bbox 1822 2333 2007 2388; x_wconf 88' lang='lat' dir='ltr'><strong>lumen</strong></span> 
     </span>
    </p>
   </div>
   <div class='ocr_carea' id='block_1_38' title="bbox 410 2423 2007 2496">
    <p class='ocr_par' dir='ltr' id='par_1_38' title="bbox 410 2423 2007 2496">
     <span class='ocr_line' id='line_1_38' title="bbox 410 2423 2007 2496; baseline 0.001 -17"><span class='ocrx_word' id='word_1_253' title='bbox 410 2425 506 2479; x_wconf 87' lang='lat' dir='ltr'><strong>Dei</strong></span> <span class='ocrx_word' id='word_1_254' title='bbox 566 2423 845 2495; x_wconf 69' lang='lat' dir='ltr'><strong>videntes:</strong></span> <span class='ocrx_word' id='word_1_255' title='bbox 880 2432 935 2480; x_wconf 89' lang='lat' dir='ltr'><strong>et</strong></span> <span class='ocrx_word' id='word_1_256' title='bbox 996 2425 1398 2496; x_wconf 87' lang='lat' dir='ltr'><strong>percipientes,</strong></span> <span class='ocrx_word' id='word_1_257' title='bbox 1464 2438 1530 2479; x_wconf 90' lang='lat' dir='ltr'><strong>ac</strong></span> <span class='ocrx_word' id='word_1_258' title='bbox 1590 2424 2007 2493; x_wconf 85' lang='lat' dir='ltr'><strong>supernaturali</strong></span> 
     </span>
    </p>
   </div>
   <div class='ocr_carea' id='block_1_39' title="bbox 412 2514 2011 2587">
    <p class='ocr_par' dir='ltr' id='par_1_39' title="bbox 412 2514 2011 2587">
     <span class='ocr_line' id='line_1_39' title="bbox 412 2514 2011 2587; baseline 0 -17"><span class='ocrx_word' id='word_1_259' title='bbox 412 2515 603 2585; x_wconf 76' lang='lat' dir='ltr'><strong>repleti</strong></span> <span class='ocrx_word' id='word_1_260' title='bbox 637 2514 954 2586; x_wconf 85' lang='lat' dir='ltr'><strong>splendore,</strong></span> <span class='ocrx_word' id='word_1_261' title='bbox 995 2524 1162 2587; x_wconf 88' lang='lat' dir='ltr'><strong>atque</strong></span> <span class='ocrx_word' id='word_1_262' title='bbox 1205 2516 1310 2587; x_wconf 89' lang='lat' dir='ltr'><strong>ipsi</strong></span> <span class='ocrx_word' id='word_1_263' title='bbox 1368 2515 1474 2572; x_wconf 90' lang='lat' dir='ltr'><strong>hac</strong></span> <span class='ocrx_word' id='word_1_264' title='bbox 1524 2516 1777 2571; x_wconf 84' lang='lat' dir='ltr'><strong>claritate</strong></span> <span class='ocrx_word' id='word_1_265' title='bbox 1818 2514 2011 2571; x_wconf 64' lang='lat' dir='ltr'><strong>iueﬂ&#39;ao</strong></span> 
     </span>
    </p>
   </div>
   <div class='ocr_carea' id='block_1_40' title="bbox 413 2607 2009 2682">
    <p class='ocr_par' dir='ltr' id='par_1_40' title="bbox 413 2607 2009 2682">
     <span class='ocr_line' id='line_1_40' title="bbox 413 2607 2009 2682; baseline 0.001 -21"><span class='ocrx_word' id='word_1_266' title='bbox 413 2609 594 2663; x_wconf 82' lang='lat' dir='ltr'><strong>hiliter</strong></span> <span class='ocrx_word' id='word_1_267' title='bbox 640 2607 832 2679; x_wconf 79' lang='lat' dir='ltr'><strong>fulgidi</strong></span> <span class='ocrx_word' id='word_1_268' title='bbox 879 2618 1235 2681; x_wconf 86' lang='lat' dir='ltr'><strong>apparentes.</strong></span> <span class='ocrx_word' id='word_1_269' title='bbox 1273 2607 1409 2664; x_wconf 85' lang='lat' dir='ltr'><strong>Nam</strong></span> <span class='ocrx_word' id='word_1_270' title='bbox 1459 2609 1704 2682; x_wconf 86' lang='lat' dir='ltr'><strong>Spiritus</strong></span> <span class='ocrx_word' id='word_1_271' title='bbox 1754 2617 2009 2673; x_wconf 87' lang='lat' dir='ltr'><strong>sanctus,</strong></span> 
     </span>
    </p>
   </div>
   <div class='ocr_carea' id='block_1_41' title="bbox 412 2700 2009 2773">
    <p class='ocr_par' dir='ltr' id='par_1_41' title="bbox 412 2700 2009 2773">
     <span class='ocr_line' id='line_1_41' title="bbox 412 2700 2009 2773; baseline 0 -18"><span class='ocrx_word' id='word_1_272' title='bbox 412 2712 471 2755; x_wconf 88' lang='lat' dir='ltr'><strong>ut</strong></span> <span class='ocrx_word' id='word_1_273' title='bbox 506 2716 740 2773; x_wconf 75' lang='lat' dir='ltr'><strong>magnus</strong></span> <span class='ocrx_word' id='word_1_274' title='bbox 772 2701 851 2757; x_wconf 88' lang='lat' dir='ltr'><strong>ait</strong></span> <span class='ocrx_word' id='word_1_275' title='bbox 882 2700 1146 2770; x_wconf 86' lang='lat' dir='ltr'><strong>Basilius,</strong></span> <span class='ocrx_word' id='word_1_276' title='bbox 1177 2710 1380 2757; x_wconf 87' lang='lat' dir='ltr'><strong>cuncta</strong></span> <span class='ocrx_word' id='word_1_277' title='bbox 1416 2703 1594 2772; x_wconf 88' lang='lat' dir='ltr'><strong>replet</strong></span> <span class='ocrx_word' id='word_1_278' title='bbox 1637 2715 1739 2757; x_wconf 89' lang='lat' dir='ltr'><strong>sua</strong></span> <span class='ocrx_word' id='word_1_279' title='bbox 1780 2701 2009 2765; x_wconf 87' lang='lat' dir='ltr'><strong>virtute,</strong></span> 
     </span>
    </p>
   </div>
   <div class='ocr_carea' id='block_1_42' title="bbox 2112 2051 3685 2123">
    <p class='ocr_par' dir='ltr' id='par_1_42' title="bbox 2112 2051 3685 2123">
     <span class='ocr_line' id='line_1_42' title="bbox 2112 2051 3685 2123; baseline -0.003 -18"><span class='ocrx_word' id='word_1_280' title='bbox 2112 2054 2285 2116; x_wconf 81' lang='grc' dir='ltr'><strong>νοίας,</strong></span> <span class='ocrx_word' id='word_1_281' title='bbox 2326 2054 2373 2107; x_wconf 90' lang='grc' dir='ltr'><strong>εί</strong></span> <span class='ocrx_word' id='word_1_282' title='bbox 2415 2054 2526 2122; x_wconf 76' lang='grc' dir='ltr'><strong>ἄρα</strong></span> <span class='ocrx_word' id='word_1_283' title='bbox 2557 2052 2748 2123; x_wconf 82' lang='grc' dir='ltr'><strong>μέλλει</strong></span> <span class='ocrx_word' id='word_1_284' title='bbox 2781 2051 3133 2107; x_wconf 82' lang='grc' dir='ltr'><strong>συνεστάναι.</strong></span> <span class='ocrx_word' id='word_1_285' title='bbox 3171 2053 3258 2107; x_wconf 73' lang='grc' dir='ltr'><strong>Τά</strong></span> <span class='ocrx_word' id='word_1_286' title='bbox 3288 2052 3348 2106; x_wconf 88' lang='grc' dir='ltr'><strong>δὲ</strong></span> <span class='ocrx_word' id='word_1_287' title='bbox 3379 2051 3573 2121; x_wconf 74' lang='grc' dir='ltr'><strong>λογικὰ</strong></span> <span class='ocrx_word' id='word_1_288' title='bbox 3603 2054 3685 2105; x_wconf 76' lang='grc' dir='ltr'><strong>καί</strong></span> 
     </span>
    </p>
   </div>
   <div class='ocr_carea' id='block_1_43' title="bbox 2110 2140 3682 2214">
    <p class='ocr_par' dir='ltr' id='par_1_43' title="bbox 2110 2140 3682 2214">
     <span class='ocr_line' id='line_1_43' title="bbox 2110 2140 3682 2214; baseline -0.001 -20"><span class='ocrx_word' id='word_1_289' title='bbox 2110 2140 2317 2211; x_wconf 79' lang='grc' dir='ltr'><strong>ὁρῶσιν</strong></span> <span class='ocrx_word' id='word_1_290' title='bbox 2342 2143 2404 2194; x_wconf 79' lang='grc' dir='ltr'><strong>ἐκ</strong></span> <span class='ocrx_word' id='word_1_291' title='bbox 2431 2141 2540 2193; x_wconf 81' lang='grc' dir='ltr'><strong>τῶν</strong></span> <span class='ocrx_word' id='word_1_292' title='bbox 2580 2142 2925 2210; x_wconf 80' lang='grc' dir='ltr'><strong>κτισμάτων,</strong></span> <span class='ocrx_word' id='word_1_293' title='bbox 2949 2141 3201 2212; x_wconf 80' lang='grc' dir='ltr'><strong>λογισμῷ</strong></span> <span class='ocrx_word' id='word_1_294' title='bbox 3237 2144 3458 2214; x_wconf 73' lang='grc' dir='ltr'><strong>μέντοι,</strong></span> <span class='ocrx_word' id='word_1_295' title='bbox 3491 2144 3588 2212; x_wconf 85' lang='grc' dir='ltr'><strong>τὴν</strong></span> <span class='ocrx_word' id='word_1_296' title='bbox 3614 2142 3682 2211; x_wconf 81' lang='grc' dir='ltr'><strong>τῷ</strong></span> 
     </span>
    </p>
   </div>
   <div class='ocr_carea' id='block_1_44' title="bbox 2112 2236 3681 2309">
    <p class='ocr_par' dir='ltr' id='par_1_44' title="bbox 2112 2236 3681 2309">
     <span class='ocr_line' id='line_1_44' title="bbox 2112 2236 3681 2309; baseline -0.001 -21"><span class='ocrx_word' id='word_1_297' title='bbox 2112 2236 2312 2309; x_wconf 77' lang='grc' dir='ltr'><strong>κτίστῃ</strong></span> <span class='ocrx_word' id='word_1_298' title='bbox 2363 2236 2525 2303; x_wconf 81' lang='grc' dir='ltr'><strong>φύσει</strong></span> <span class='ocrx_word' id='word_1_299' title='bbox 2574 2236 2890 2306; x_wconf 82' lang='grc' dir='ltr'><strong>προσοῦσαν</strong></span> <span class='ocrx_word' id='word_1_300' title='bbox 2941 2237 3263 2307; x_wconf 78' lang='grc' dir='ltr'><strong>άγαθότητα</strong></span> <span class='ocrx_word' id='word_1_301' title='bbox 3296 2239 3395 2290; x_wconf 67' lang='grc' dir='ltr'><strong>καὶ</strong></span> <span class='ocrx_word' id='word_1_302' title='bbox 3448 2237 3681 2306; x_wconf 74' lang='grc' dir='ltr'><strong>δύναμιν.</strong></span> 
     </span>
    </p>
   </div>
   <div class='ocr_carea' id='block_1_45' title="bbox 2112 2329 3682 2400">
    <p class='ocr_par' dir='ltr' id='par_1_45' title="bbox 2112 2329 3682 2400">
     <span class='ocr_line' id='line_1_45' title="bbox 2112 2329 3682 2400; baseline 0 -19"><span class='ocrx_word' id='word_1_303' title='bbox 2112 2329 2282 2381; x_wconf 76' lang='grc' dir='ltr'><strong>Μόνοι</strong></span> <span class='ocrx_word' id='word_1_304' title='bbox 2314 2329 2373 2381; x_wconf 81' lang='grc' dir='ltr'><strong>δὲ</strong></span> <span class='ocrx_word' id='word_1_305' title='bbox 2402 2330 2500 2381; x_wconf 79' lang='grc' dir='ltr'><strong>καὶ</strong></span> <span class='ocrx_word' id='word_1_306' title='bbox 2531 2329 2824 2400; x_wconf 85' lang='grc' dir='ltr'><strong>μετέχουσι</strong></span> <span class='ocrx_word' id='word_1_307' title='bbox 2858 2331 2952 2383; x_wconf 69' lang='grc' dir='ltr'><strong>καὶ</strong></span> <span class='ocrx_word' id='word_1_308' title='bbox 2988 2330 3189 2398; x_wconf 71' lang='grc' dir='ltr'><strong>ἐρῶσιν</strong></span> <span class='ocrx_word' id='word_1_309' title='bbox 3225 2331 3276 2382; x_wconf 75' lang='lat' dir='ltr'><strong>ei</strong></span> <span class='ocrx_word' id='word_1_310' title='bbox 3305 2330 3682 2398; x_wconf 70' lang='grc' dir='ltr'><strong>ἂγεοικυρῖως,</strong></span> 
     </span>
    </p>
   </div>
   <div class='ocr_carea' id='block_1_46' title="bbox 2110 2420 3684 2492">
    <p class='ocr_par' dir='ltr' id='par_1_46' title="bbox 2110 2420 3684 2492">
     <span class='ocr_line' id='line_1_46' title="bbox 2110 2420 3684 2492; baseline -0.001 -18"><span class='ocrx_word' id='word_1_311' title='bbox 2110 2421 2202 2475; x_wconf 76' lang='grc' dir='ltr'><strong>διὰ</strong></span> <span class='ocrx_word' id='word_1_312' title='bbox 2230 2420 2331 2490; x_wconf 79' lang='grc' dir='ltr'><strong>τῆς</strong></span> <span class='ocrx_word' id='word_1_313' title='bbox 2362 2420 2457 2475; x_wconf 87' lang='grc' dir='ltr'><strong>τοῦ</strong></span> <span class='ocrx_word' id='word_1_314' title='bbox 2494 2421 2814 2492; x_wconf 79' lang='grc' dir='ltr'><strong>Πνεῦματος</strong></span> <span class='ocrx_word' id='word_1_315' title='bbox 2844 2421 3118 2491; x_wconf 77' lang='grc' dir='ltr'><strong>μεθέξεως</strong></span> <span class='ocrx_word' id='word_1_316' title='bbox 3162 2422 3432 2487; x_wconf 81' lang='grc' dir='ltr'><strong>θεοειδεῖς</strong></span> <span class='ocrx_word' id='word_1_317' title='bbox 3479 2421 3684 2490; x_wconf 56' lang='grc' dir='ltr'><strong>γεγοτὸ-</strong></span> 
     </span>
    </p>
   </div>
   <div class='ocr_carea' id='block_1_47' title="bbox 2113 2514 3684 2597">
    <p class='ocr_par' dir='ltr' id='par_1_47' title="bbox 2113 2514 3684 2597">
     <span class='ocr_line' id='line_1_47' title="bbox 2113 2514 3684 2597; baseline -0.001 -30"><span class='ocrx_word' id='word_1_318' title='bbox 2113 2531 2228 2579; x_wconf 77' lang='grc' dir='ltr'><strong>τες,</strong></span> <span class='ocrx_word' id='word_1_319' title='bbox 2262 2515 2356 2568; x_wconf 72' lang='grc' dir='ltr'><strong>καὶ</strong></span> <span class='ocrx_word' id='word_1_320' title='bbox 2381 2514 2613 2569; x_wconf 82' lang='grc' dir='ltr'><strong>θεοειδεί</strong></span> <span class='ocrx_word' id='word_1_321' title='bbox 2652 2515 2885 2584; x_wconf 81' lang='grc' dir='ltr'><strong>δυνάμει</strong></span> <span class='ocrx_word' id='word_1_322' title='bbox 2917 2514 3290 2597; x_wconf 63' lang='grc' dir='ltr'><strong>λαμπρότητα</strong></span> <span class='ocrx_word' id='word_1_323' title='bbox 3337 2516 3474 2571; x_wconf 89' lang='grc' dir='ltr'><strong>Θεοῦ</strong></span> <span class='ocrx_word' id='word_1_324' title='bbox 3507 2516 3684 2577; x_wconf 75' lang='grc' dir='ltr'><strong>ἰδόντες</strong></span> 
     </span>
    </p>
   </div>
   <div class='ocr_carea' id='block_1_48' title="bbox 2112 2608 3684 2681">
    <p class='ocr_par' dir='ltr' id='par_1_48' title="bbox 2112 2608 3684 2681">
     <span class='ocr_line' id='line_1_48' title="bbox 2112 2608 3684 2681; baseline 0.001 -22"><span class='ocrx_word' id='word_1_325' title='bbox 2112 2609 2208 2661; x_wconf 75' lang='grc' dir='ltr'><strong>καὶ</strong></span> <span class='ocrx_word' id='word_1_326' title='bbox 2239 2608 2504 2670; x_wconf 79' lang='grc' dir='ltr'><strong>παθόντες</strong></span> <span class='ocrx_word' id='word_1_327' title='bbox 2537 2609 2633 2663; x_wconf 76' lang='grc' dir='ltr'><strong>καὶ</strong></span> <span class='ocrx_word' id='word_1_328' title='bbox 2664 2608 2984 2681; x_wconf 84' lang='grc' dir='ltr'><strong>ὑπερφυοῦς</strong></span> <span class='ocrx_word' id='word_1_329' title='bbox 3015 2610 3260 2678; x_wconf 77' lang='grc' dir='ltr'><strong>ἀγλαΐας</strong></span> <span class='ocrx_word' id='word_1_330' title='bbox 3300 2609 3684 2681; x_wconf 72' lang='grc' dir='ltr'><strong>πληρωθέντες,</strong></span> 
     </span>
    </p>
   </div>
   <div class='ocr_carea' id='block_1_49' title="bbox 2114 2701 3687 2774">
    <p class='ocr_par' dir='ltr' id='par_1_49' title="bbox 2114 2701 3687 2774">
     <span class='ocr_line' id='line_1_49' title="bbox 2114 2701 3687 2774; baseline -0.003 -19"><span class='ocrx_word' id='word_1_331' title='bbox 2114 2703 2207 2755; x_wconf 72' lang='grc' dir='ltr'><strong>καὶ</strong></span> <span class='ocrx_word' id='word_1_332' title='bbox 2235 2702 2400 2756; x_wconf 72' lang='grc' dir='ltr'><strong>αὐτοὶ¹</strong></span> <span class='ocrx_word' id='word_1_333' title='bbox 2419 2701 2487 2756; x_wconf 79' lang='grc' dir='ltr'><strong>δι’</strong></span> <span class='ocrx_word' id='word_1_334' title='bbox 2503 2702 2675 2771; x_wconf 71' lang='grc' dir='ltr'><strong>αὐτῆς</strong></span> <span class='ocrx_word' id='word_1_335' title='bbox 2696 2703 3030 2774; x_wconf 71' lang='grc' dir='ltr'><strong>ἀπορρήτοις</strong></span> <span class='ocrx_word' id='word_1_336' title='bbox 3057 2703 3385 2773; x_wconf 74' lang='grc' dir='ltr'><strong>αίγλήεντες</strong></span> <span class='ocrx_word' id='word_1_337' title='bbox 3410 2701 3687 2770; x_wconf 59' lang='grc' dir='ltr'><strong>ἁνιφανέν-</strong></span> 
     </span>
    </p>
   </div>
   <div class='ocr_carea' id='block_1_50' title="bbox 410 2793 2006 2868">
    <p class='ocr_par' dir='ltr' id='par_1_50' title="bbox 410 2794 2006 2867">
     <span class='ocr_line' id='line_1_50' title="bbox 410 2794 2006 2867; baseline 0 -17"><span class='ocrx_word' id='word_1_338' title='bbox 410 2794 547 2851; x_wconf 88' lang='lat' dir='ltr'><strong>solis</strong></span> <span class='ocrx_word' id='word_1_339' title='bbox 600 2810 733 2850; x_wconf 88' lang='lat' dir='ltr'><strong>vero</strong></span> <span class='ocrx_word' id='word_1_340' title='bbox 780 2795 968 2867; x_wconf 81' lang='lat' dir='ltr'><strong>dignis</strong></span> <span class='ocrx_word' id='word_1_341' title='bbox 1029 2796 1606 2864; x_wconf 84' lang='lat' dir='ltr'><strong>communicatur;et</strong></span> <span class='ocrx_word' id='word_1_342' title='bbox 1646 2810 1758 2850; x_wconf 90' lang='lat' dir='ltr'><strong>non</strong></span> <span class='ocrx_word' id='word_1_343' title='bbox 1792 2795 2006 2865; x_wconf 78' lang='lat' dir='ltr'><strong>capitur</strong></span> 
     </span>
    </p>
   </div>
   <div class='ocr_carea' id='block_1_51' title="bbox 2114 2793 3683 2868">
    <p class='ocr_par' dir='ltr' id='par_1_51' title="bbox 2114 2793 3683 2868">
     <span class='ocr_line' id='line_1_51' title="bbox 2114 2793 3683 2868; baseline -0.004 -18"><span class='ocrx_word' id='word_1_344' title='bbox 2114 2814 2228 2860; x_wconf 77' lang='grc' dir='ltr'><strong>τες.</strong></span> <span class='ocrx_word' id='word_1_345' title='bbox 2266 2796 2341 2849; x_wconf 82' lang='grc' dir='ltr'><strong>Τὸ</strong></span> <span class='ocrx_word' id='word_1_346' title='bbox 2377 2796 2489 2868; x_wconf 73' lang='grc' dir='ltr'><strong>γὰρ</strong></span> <span class='ocrx_word' id='word_1_347' title='bbox 2523 2796 2752 2865; x_wconf 86' lang='grc' dir='ltr'><strong>Πνεῦμα</strong></span> <span class='ocrx_word' id='word_1_348' title='bbox 2779 2797 2839 2849; x_wconf 74' lang='grc' dir='ltr'><strong>τὸ</strong></span> <span class='ocrx_word' id='word_1_349' title='bbox 2872 2795 3052 2865; x_wconf 80' lang='grc' dir='ltr'><strong>ἅγιον,</strong></span> <span class='ocrx_word' id='word_1_350' title='bbox 3091 2797 3242 2851; x_wconf 77' lang='grc' dir='ltr'><strong>κατὰ</strong></span> <span class='ocrx_word' id='word_1_351' title='bbox 3272 2797 3365 2850; x_wconf 76' lang='grc' dir='ltr'><strong>τὸν</strong></span> <span class='ocrx_word' id='word_1_352' title='bbox 3398 2795 3566 2866; x_wconf 85' lang='grc' dir='ltr'><strong>μέγαν</strong></span> <span class='ocrx_word' id='word_1_353' title='bbox 3593 2793 3683 2861; x_wconf 72' lang='grc' dir='ltr'><strong>φά·</strong></span> 
     </span>
    </p>
   </div>
   <div class='ocr_carea' id='block_1_52' title="bbox 412 2870 2009 2960">
    <p class='ocr_par' dir='ltr' id='par_1_52' title="bbox 412 2870 2009 2960">
     <span class='ocr_line' id='line_1_52' title="bbox 412 2870 2009 2960; baseline 0.003 -20"><span class='ocrx_word' id='word_1_354' title='bbox 412 2887 642 2950; x_wconf 80' lang='lat' dir='ltr'><strong>nmndo,</strong></span> <span class='ocrx_word' id='word_1_355' title='bbox 670 2887 764 2943; x_wconf 91' lang='lat' dir='ltr'><strong>sed</strong></span> <span class='ocrx_word' id='word_1_356' title='bbox 793 2903 821 2943; x_wconf 90' lang='lat' dir='ltr'><strong>a</strong></span> <span class='ocrx_word' id='word_1_357' title='bbox 854 2870 1064 2946; x_wconf 70' lang='lat' dir='ltr'><strong>sanctis</strong></span> <span class='ocrx_word' id='word_1_358' title='bbox 1094 2898 1305 2944; x_wconf 87' lang='lat' dir='ltr'><strong>tantum</strong></span> <span class='ocrx_word' id='word_1_359' title='bbox 1339 2904 1438 2960; x_wconf 90' lang='lat' dir='ltr'><strong>per</strong></span> <span class='ocrx_word' id='word_1_360' title='bbox 1464 2889 1651 2945; x_wconf 87' lang='lat' dir='ltr'><strong>cordis</strong></span> <span class='ocrx_word' id='word_1_361' title='bbox 1678 2889 2009 2945; x_wconf 80' lang='lat' dir='ltr'><strong>munditiam</strong></span> 
     </span>
    </p>
   </div>
   <div class='ocr_carea' id='block_1_53' title="bbox 2117 2887 3684 2961">
    <p class='ocr_par' dir='ltr' id='par_1_53' title="bbox 2117 2887 3684 2961">
     <span class='ocr_line' id='line_1_53' title="bbox 2117 2887 3684 2961; baseline -0.002 -22"><span class='ocrx_word' id='word_1_362' title='bbox 2117 2907 2205 2943; x_wconf 84' lang='grc' dir='ltr'><strong>ναι</strong></span> <span class='ocrx_word' id='word_1_363' title='bbox 2233 2889 2533 2954; x_wconf 70' lang='grc' dir='ltr'><strong>Βασίλειον,</strong></span> <span class='ocrx_word' id='word_1_364' title='bbox 2568 2890 2748 2943; x_wconf 83' lang='grc' dir='ltr'><strong>πάντα</strong></span> <span class='ocrx_word' id='word_1_365' title='bbox 2780 2890 2883 2960; x_wconf 82' lang='grc' dir='ltr'><strong>μὲν</strong></span> <span class='ocrx_word' id='word_1_366' title='bbox 2902 2889 3106 2961; x_wconf 82' lang='grc' dir='ltr'><strong>πληροῖ</strong></span> <span class='ocrx_word' id='word_1_367' title='bbox 3138 2893 3203 2960; x_wconf 81' lang='grc' dir='ltr'><strong>τῇ</strong></span> <span class='ocrx_word' id='word_1_368' title='bbox 3240 2891 3491 2959; x_wconf 75' lang='grc' dir='ltr'><strong>δυνάμει,</strong></span> <span class='ocrx_word' id='word_1_369' title='bbox 3524 2887 3684 2956; x_wconf 79' lang='grc' dir='ltr'><strong>μόνοις</strong></span> 
     </span>
    </p>
   </div>
   <div class='ocr_carea' id='block_1_54' title="bbox 411 2976 2006 3053">
    <p class='ocr_par' dir='ltr' id='par_1_54' title="bbox 411 2981 2006 3053">
     <span class='ocr_line' id='line_1_54' title="bbox 411 2981 2006 3053; baseline -0.001 -17"><span class='ocrx_word' id='word_1_370' title='bbox 411 2982 664 3049; x_wconf 69' lang='lat' dir='ltr'><strong>videtur;</strong></span> <span class='ocrx_word' id='word_1_371' title='bbox 693 2989 749 3038; x_wconf 89' lang='lat' dir='ltr'><strong>et</strong></span> <span class='ocrx_word' id='word_1_372' title='bbox 782 2982 1040 3038; x_wconf 88' lang='lat' dir='ltr'><strong>omnibus</strong></span> <span class='ocrx_word' id='word_1_373' title='bbox 1076 2982 1258 3049; x_wconf 85' lang='lat' dir='ltr'><strong>adest,</strong></span> <span class='ocrx_word' id='word_1_374' title='bbox 1286 2981 1386 3037; x_wconf 90' lang='lat' dir='ltr'><strong>sed</strong></span> <span class='ocrx_word' id='word_1_375' title='bbox 1415 2981 1781 3053; x_wconf 87' lang='lat' dir='ltr'><strong>cupiditatum</strong></span> <span class='ocrx_word' id='word_1_376' title='bbox 1814 2995 2006 3052; x_wconf 76' lang='lat' dir='ltr'><strong>exper-</strong></span> 
     </span>
    </p>
   </div>
   <div class='ocr_carea' id='block_1_55' title="bbox 2114 2976 3686 3053">
    <p class='ocr_par' dir='ltr' id='par_1_55' title="bbox 2117 2976 3686 3053">
     <span class='ocr_line' id='line_1_55' title="bbox 2117 2976 3686 3053; baseline -0.003 -18"><span class='ocrx_word' id='word_1_377' title='bbox 2117 2982 2173 3035; x_wconf 78' lang='grc' dir='ltr'><strong>δέ</strong></span> <span class='ocrx_word' id='word_1_378' title='bbox 2212 2983 2328 3036; x_wconf 71' lang='grc' dir='ltr'><strong>ἐστι</strong></span> <span class='ocrx_word' id='word_1_379' title='bbox 2367 2982 2634 3052; x_wconf 67' lang='grc' dir='ltr'><strong>μεθεκτδν</strong></span> <span class='ocrx_word' id='word_1_380' title='bbox 2665 2984 2777 3044; x_wconf 82' lang='grc' dir='ltr'><strong>τοῖς</strong></span> <span class='ocrx_word' id='word_1_381' title='bbox 2809 2981 2980 3046; x_wconf 78' lang='grc' dir='ltr'><strong>ἀξίοις</strong></span> <span class='ocrx_word' id='word_1_382' title='bbox 3010 2998 3024 3011; x_wconf 89' lang='grc'><strong>·</strong></span> <span class='ocrx_word' id='word_1_383' title='bbox 3055 2982 3148 3035; x_wconf 74' lang='grc' dir='ltr'><strong>καὶ</strong></span> <span class='ocrx_word' id='word_1_384' title='bbox 3177 2982 3473 3053; x_wconf 73' lang='grc' dir='ltr'><strong>ἁχώρητον</strong></span> <span class='ocrx_word' id='word_1_385' title='bbox 3500 2980 3593 3051; x_wconf 77' lang='grc' dir='ltr'><strong>μὲν</strong></span> <span class='ocrx_word' id='word_1_386' title='bbox 3620 2976 3686 3042; x_wconf 82' lang='grc' dir='ltr'><strong>τῷ</strong></span> 
     </span>
    </p>
   </div>
   <div class='ocr_carea' id='block_1_56' title="bbox 413 3073 2013 3143">
    <p class='ocr_par' dir='ltr' id='par_1_56' title="bbox 413 3073 2013 3143">
     <span class='ocr_line' id='line_1_56' title="bbox 413 3073 2013 3143; baseline 0 -14"><span class='ocrx_word' id='word_1_387' title='bbox 413 3076 560 3131; x_wconf 86' lang='lat' dir='ltr'><strong>tibus</strong></span> <span class='ocrx_word' id='word_1_388' title='bbox 592 3090 749 3130; x_wconf 89' lang='lat' dir='ltr'><strong>suam</strong></span> <span class='ocrx_word' id='word_1_389' title='bbox 799 3075 1117 3131; x_wconf 86' lang='lat' dir='ltr'><strong>manifestat</strong></span> <span class='ocrx_word' id='word_1_390' title='bbox 1173 3073 1722 3143; x_wconf 42' lang='lat' dir='ltr'><strong>virtutemﬁminime</strong></span> <span class='ocrx_word' id='word_1_391' title='bbox 1780 3089 1913 3130; x_wconf 88' lang='lat' dir='ltr'><strong>vero</strong></span> <span class='ocrx_word' id='word_1_392' title='bbox 1945 3074 2013 3129; x_wconf 83' lang='lat' dir='ltr'><strong>iis</strong></span> 
     </span>
    </p>
   </div>
   <div class='ocr_carea' id='block_1_57' title="bbox 410 3163 2004 3238">
    <p class='ocr_par' dir='ltr' id='par_1_57' title="bbox 410 3163 2004 3238">
     <span class='ocr_line' id='line_1_57' title="bbox 410 3163 2004 3238; baseline -0.001 -16"><span class='ocrx_word' id='word_1_393' title='bbox 410 3185 646 3237; x_wconf 83' lang='lat' dir='ltr'><strong>quorum</strong></span> <span class='ocrx_word' id='word_1_394' title='bbox 701 3184 799 3223; x_wconf 89' lang='lat' dir='ltr'><strong>eor</strong></span> <span class='ocrx_word' id='word_1_395' title='bbox 867 3169 1076 3238; x_wconf 88' lang='lat' dir='ltr'><strong>peccati</strong></span> <span class='ocrx_word' id='word_1_396' title='bbox 1138 3165 1389 3222; x_wconf 62' lang='lat' dir='ltr'><strong>foeditate</strong></span> <span class='ocrx_word' id='word_1_397' title='bbox 1451 3166 1659 3221; x_wconf 81' lang='lat' dir='ltr'><strong>sordet.</strong></span> <span class='ocrx_word' id='word_1_398' title='bbox 1726 3163 1795 3222; x_wconf 90' lang='lat' dir='ltr'><strong>Ut</strong></span> <span class='ocrx_word' id='word_1_399' title='bbox 1855 3167 2004 3221; x_wconf 89' lang='lat' dir='ltr'><strong>enim</strong></span> 
     </span>
    </p>
   </div>
   <div class='ocr_carea' id='block_1_58' title="bbox 2119 3075 3683 3151">
    <p class='ocr_par' dir='ltr' id='par_1_58' title="bbox 2119 3075 3683 3151">
     <span class='ocr_line' id='line_1_58' title="bbox 2119 3075 3683 3151; baseline -0.004 -21"><span class='ocrx_word' id='word_1_400' title='bbox 2119 3077 2335 3147; x_wconf 82' lang='grc' dir='ltr'><strong>κόσμῳ,</strong></span> <span class='ocrx_word' id='word_1_401' title='bbox 2371 3081 2484 3140; x_wconf 70' lang='grc' dir='ltr'><strong>τοτς</strong></span> <span class='ocrx_word' id='word_1_402' title='bbox 2518 3075 2697 3144; x_wconf 78' lang='grc' dir='ltr'><strong>ἁγίοις</strong></span> <span class='ocrx_word' id='word_1_403' title='bbox 2731 3075 2787 3128; x_wconf 75' lang='grc' dir='ltr'><strong>δὲ</strong></span> <span class='ocrx_word' id='word_1_404' title='bbox 2834 3076 3020 3144; x_wconf 88' lang='grc' dir='ltr'><strong>μόνοις</strong></span> <span class='ocrx_word' id='word_1_405' title='bbox 3050 3076 3138 3131; x_wconf 76' lang='grc' dir='ltr'><strong>διὰ</strong></span> <span class='ocrx_word' id='word_1_406' title='bbox 3172 3076 3529 3151; x_wconf 76' lang='grc' dir='ltr'><strong>καθαρότητα</strong></span> <span class='ocrx_word' id='word_1_407' title='bbox 3562 3089 3683 3140; x_wconf 78' lang='grc' dir='ltr'><strong>καρ-</strong></span> 
     </span>
    </p>
   </div>
   <div class='ocr_carea' id='block_1_59' title="bbox 2117 3163 3681 3238">
    <p class='ocr_par' dir='ltr' id='par_1_59' title="bbox 2117 3163 3681 3238">
     <span class='ocr_line' id='line_1_59' title="bbox 2117 3163 3681 3238; baseline -0.004 -19"><span class='ocrx_word' id='word_1_408' title='bbox 2117 3166 2238 3227; x_wconf 79' lang='grc' dir='ltr'><strong>δίας</strong></span> <span class='ocrx_word' id='word_1_409' title='bbox 2270 3165 2548 3236; x_wconf 79' lang='grc' dir='ltr'><strong>θεωρητόν</strong></span> <span class='ocrx_word' id='word_1_410' title='bbox 2569 3181 2583 3197; x_wconf 72' lang='grc'><strong>⁸</strong></span> <span class='ocrx_word' id='word_1_411' title='bbox 2618 3167 2714 3219; x_wconf 69' lang='grc' dir='ltr'><strong>καὶ</strong></span> <span class='ocrx_word' id='word_1_412' title='bbox 2761 3163 2895 3219; x_wconf 79' lang='grc' dir='ltr'><strong>πᾶσι</strong></span> <span class='ocrx_word' id='word_1_413' title='bbox 2954 3166 3057 3235; x_wconf 86' lang='grc' dir='ltr'><strong>μὲν</strong></span> <span class='ocrx_word' id='word_1_414' title='bbox 3100 3166 3554 3238; x_wconf 67' lang='grc' dir='ltr'><strong>πάρεστιν,’ἀλλὰ</strong></span> <span class='ocrx_word' id='word_1_415' title='bbox 3585 3166 3681 3223; x_wconf 77' lang='grc' dir='ltr'><strong>τοῖς</strong></span> 
     </span>
    </p>
   </div>
   <div class='ocr_carea' id='block_1_60' title="bbox 409 3232 2006 3345">
    <p class='ocr_par' dir='ltr' id='par_1_60' title="bbox 409 3259 2006 3345">
     <span class='ocr_line' id='line_1_60' title="bbox 409 3259 2006 3345; baseline 0.001 -31"><span class='ocrx_word' id='word_1_416' title='bbox 409 3262 595 3316; x_wconf 70' lang='lat' dir='ltr'><strong>vultus</strong></span> <span class='ocrx_word' id='word_1_417' title='bbox 623 3259 835 3331; x_wconf 79' lang='lat' dir='ltr'><strong>effigies</strong></span> <span class='ocrx_word' id='word_1_418' title='bbox 868 3275 975 3314; x_wconf 89' lang='lat' dir='ltr'><strong>non</strong></span> <span class='ocrx_word' id='word_1_419' title='bbox 1008 3259 1064 3314; x_wconf 90' lang='lat' dir='ltr'><strong>in</strong></span> <span class='ocrx_word' id='word_1_420' title='bbox 1098 3259 1362 3345; x_wconf 74' lang='lat' dir='ltr'><strong>omnibus</strong></span> <span class='ocrx_word' id='word_1_421' title='bbox 1388 3259 1720 3330; x_wconf 82' lang='lat' dir='ltr'><strong>exprimitur</strong></span> <span class='ocrx_word' id='word_1_422' title='bbox 1743 3262 2006 3327; x_wconf 86' lang='lat' dir='ltr'><strong>materiis,</strong></span> 
     </span>
    </p>
   </div>
   <div class='ocr_carea' id='block_1_61' title="bbox 2114 3232 3681 3345">
    <p class='ocr_par' dir='ltr' id='par_1_61' title="bbox 2120 3232 3681 3330">
     <span class='ocr_line' id='line_1_61' title="bbox 2120 3232 3681 3330; baseline -0.003 -20"><span class='ocrx_word' id='word_1_423' title='bbox 2120 3259 2222 3328; x_wconf 77' lang='grc' dir='ltr'><strong>μὲν</strong></span> <span class='ocrx_word' id='word_1_424' title='bbox 2250 3258 2624 3329; x_wconf 75' lang='grc' dir='ltr'><strong>καθαρεύουσι</strong></span> <span class='ocrx_word' id='word_1_425' title='bbox 2655 3258 2766 3311; x_wconf 89' lang='grc' dir='ltr'><strong>τῶν</strong></span> <span class='ocrx_word' id='word_1_426' title='bbox 2802 3258 2999 3312; x_wconf 83' lang='grc' dir='ltr'><strong>παθῶν</strong></span> <span class='ocrx_word' id='word_1_427' title='bbox 3028 3258 3126 3330; x_wconf 75' lang='grc' dir='ltr'><strong>τὴν</strong></span> <span class='ocrx_word' id='word_1_428' title='bbox 3152 3232 3302 3314; x_wconf 67' lang='grc' dir='ltr'><strong>ῗδίαν</strong></span> <span class='ocrx_word' id='word_1_429' title='bbox 3331 3258 3581 3329; x_wconf 72' lang='grc' dir='ltr'><strong>ἐμφαίνει</strong></span> <span class='ocrx_word' id='word_1_430' title='bbox 3605 3255 3681 3308; x_wconf 78' lang='grc' dir='ltr'><strong>δύ-</strong></span> 
     </span>
    </p>
   </div>
   <div class='ocr_carea' id='block_1_62' title="bbox 409 3335 2006 3431">
    <p class='ocr_par' dir='ltr' id='par_1_62' title="bbox 409 3335 2006 3431">
     <span class='ocr_line' id='line_1_62' title="bbox 409 3335 2006 3431; baseline 0.001 -22"><span class='ocrx_word' id='word_1_431' title='bbox 409 3354 505 3409; x_wconf 88' lang='lat' dir='ltr'><strong>scd</strong></span> <span class='ocrx_word' id='word_1_432' title='bbox 546 3354 613 3409; x_wconf 92' lang='lat' dir='ltr'><strong>iis</strong></span> <span class='ocrx_word' id='word_1_433' title='bbox 642 3363 856 3431; x_wconf 76' lang='lat' dir='ltr'><strong>tantum</strong></span> <span class='ocrx_word' id='word_1_434' title='bbox 883 3369 1005 3421; x_wconf 73' lang='lat' dir='ltr'><strong>quae</strong></span> <span class='ocrx_word' id='word_1_435' title='bbox 1036 3354 1220 3422; x_wconf 89' lang='lat' dir='ltr'><strong>aliqua</strong></span> <span class='ocrx_word' id='word_1_436' title='bbox 1255 3335 1481 3407; x_wconf 77' lang='lat' dir='ltr'><strong>levitate</strong></span> <span class='ocrx_word' id='word_1_437' title='bbox 1514 3353 1757 3424; x_wconf 78' lang='lat' dir='ltr'><strong>praedita:</strong></span> <span class='ocrx_word' id='word_1_438' title='bbox 1784 3363 1915 3409; x_wconf 88' lang='lat' dir='ltr'><strong>sunt</strong></span> <span class='ocrx_word' id='word_1_439' title='bbox 1941 3371 2006 3411; x_wconf 89' lang='lat' dir='ltr'><strong>ac</strong></span> 
     </span>
    </p>
   </div>
   <div class='ocr_carea' id='block_1_63' title="bbox 414 3445 2007 3518">
    <p class='ocr_par' dir='ltr' id='par_1_63' title="bbox 414 3445 2007 3518">
     <span class='ocr_line' id='line_1_63' title="bbox 414 3445 2007 3518; baseline 0.003 -21"><span class='ocrx_word' id='word_1_440' title='bbox 414 3446 825 3516; x_wconf 68' lang='lat' dir='ltr'><strong>pelluciditatae,</strong></span> <span class='ocrx_word' id='word_1_441' title='bbox 857 3445 936 3501; x_wconf 88' lang='lat' dir='ltr'><strong>sic</strong></span> <span class='ocrx_word' id='word_1_442' title='bbox 960 3461 1068 3499; x_wconf 86' lang='lat' dir='ltr'><strong>non</strong></span> <span class='ocrx_word' id='word_1_443' title='bbox 1118 3448 1169 3498; x_wconf 87' lang='lat' dir='ltr'><strong>i‘n</strong></span> <span class='ocrx_word' id='word_1_444' title='bbox 1203 3446 1457 3501; x_wconf 83' lang='lat' dir='ltr'><strong>otunihus</strong></span> <span class='ocrx_word' id='word_1_445' title='bbox 1509 3446 1713 3501; x_wconf 88' lang='lat' dir='ltr'><strong>animis</strong></span> <span class='ocrx_word' id='word_1_446' title='bbox 1765 3447 2007 3518; x_wconf 88' lang='lat' dir='ltr'><strong>Spiritus</strong></span> 
     </span>
    </p>
   </div>
   <div class='ocr_carea' id='block_1_64' title="bbox 411 3538 2006 3611">
    <p class='ocr_par' dir='ltr' id='par_1_64' title="bbox 411 3538 2006 3611">
     <span class='ocr_line' id='line_1_64' title="bbox 411 3538 2006 3611; baseline 0.001 -18"><span class='ocrx_word' id='word_1_447' title='bbox 411 3540 587 3594; x_wconf 87' lang='lat' dir='ltr'><strong>sancti</strong></span> <span class='ocrx_word' id='word_1_448' title='bbox 625 3540 898 3610; x_wconf 83' lang='lat' dir='ltr'><strong>Operatio,</strong></span> <span class='ocrx_word' id='word_1_449' title='bbox 935 3538 1030 3592; x_wconf 89' lang='lat' dir='ltr'><strong>sed</strong></span> <span class='ocrx_word' id='word_1_450' title='bbox 1067 3538 1119 3591; x_wconf 91' lang='lat' dir='ltr'><strong>in</strong></span> <span class='ocrx_word' id='word_1_451' title='bbox 1158 3539 1243 3591; x_wconf 89' lang='lat' dir='ltr'><strong>his</strong></span> <span class='ocrx_word' id='word_1_452' title='bbox 1281 3548 1493 3593; x_wconf 80' lang='lat' dir='ltr'><strong>tantum</strong></span> <span class='ocrx_word' id='word_1_453' title='bbox 1527 3557 1650 3611; x_wconf 79' lang='lat' dir='ltr'><strong>quae</strong></span> <span class='ocrx_word' id='word_1_454' title='bbox 1690 3541 1826 3596; x_wconf 93' lang='lat' dir='ltr'><strong>nihil</strong></span> <span class='ocrx_word' id='word_1_455' title='bbox 1864 3543 2006 3597; x_wconf 87' lang='lat' dir='ltr'><strong>obli-</strong></span> 
     </span>
    </p>
   </div>
   <div class='ocr_carea' id='block_1_65' title="bbox 410 3629 2006 3703">
    <p class='ocr_par' dir='ltr' id='par_1_65' title="bbox 410 3629 2006 3703">
     <span class='ocr_line' id='line_1_65' title="bbox 410 3629 2006 3703; baseline 0.004 -21"><span class='ocrx_word' id='word_1_456' title='bbox 410 3632 503 3702; x_wconf 85' lang='lat' dir='ltr'><strong>qui</strong></span> <span class='ocrx_word' id='word_1_457' title='bbox 567 3631 768 3686; x_wconf 84' lang='lat' dir='ltr'><strong>habent</strong></span> <span class='ocrx_word' id='word_1_458' title='bbox 804 3631 888 3685; x_wconf 90' lang='lat' dir='ltr'><strong>vel</strong></span> <span class='ocrx_word' id='word_1_459' title='bbox 923 3629 1126 3698; x_wconf 83' lang='lat' dir='ltr'><strong>asperi.</strong></span> <span class='ocrx_word' id='word_1_460' title='bbox 1170 3629 1337 3686; x_wconf 68' lang='lat' dir='ltr'><strong>Vides</strong></span> <span class='ocrx_word' id='word_1_461' title='bbox 1369 3632 1536 3703; x_wconf 82' lang='lat' dir='ltr'><strong>igitur</strong></span> <span class='ocrx_word' id='word_1_462' title='bbox 1573 3632 1838 3703; x_wconf 84' lang='lat' dir='ltr'><strong>Spiritum</strong></span> <span class='ocrx_word' id='word_1_463' title='bbox 1878 3649 2006 3689; x_wconf 90' lang='lat' dir='ltr'><strong>san-</strong></span> 
     </span>
    </p>
   </div>
   <div class='ocr_carea' id='block_1_66' title="bbox 408 3714 2010 3793">
    <p class='ocr_par' dir='ltr' id='par_1_66' title="bbox 408 3714 2010 3793">
     <span class='ocr_line' id='line_1_66' title="bbox 408 3714 2010 3793; baseline 0.003 -15"><span class='ocrx_word' id='word_1_464' title='bbox 408 3734 558 3779; x_wconf 88' lang='lat' dir='ltr'><strong>clutn</strong></span> <span class='ocrx_word' id='word_1_465' title='bbox 606 3714 866 3778; x_wconf 70' lang='lat' dir='ltr'><strong>o&#39;mnibus</strong></span> <span class='ocrx_word' id='word_1_466' title='bbox 898 3722 1094 3777; x_wconf 84' lang='lat' dir='ltr'><strong>adesse</strong></span> <span class='ocrx_word' id='word_1_467' title='bbox 1127 3723 1347 3792; x_wconf 87' lang='lat' dir='ltr'><strong>quidem</strong></span> <span class='ocrx_word' id='word_1_468' title='bbox 1393 3726 1665 3786; x_wconf 82' lang='lat' dir='ltr'><strong>essentia.</strong></span> <span class='ocrx_word' id='word_1_469' title='bbox 1698 3727 1782 3782; x_wconf 89' lang='lat' dir='ltr'><strong>vel</strong></span> <span class='ocrx_word' id='word_1_470' title='bbox 1825 3728 1870 3781; x_wconf 89' lang='lat' dir='ltr'><strong>si</strong></span> <span class='ocrx_word' id='word_1_471' title='bbox 1903 3726 2010 3793; x_wconf 84' lang='lat' dir='ltr'><strong>vis,</strong></span> 
     </span>
    </p>
   </div>
   <div class='ocr_carea' id='block_1_67' title="bbox 410 3813 2011 3884">
    <p class='ocr_par' dir='ltr' id='par_1_67' title="bbox 410 3813 2011 3884">
     <span class='ocr_line' id='line_1_67' title="bbox 410 3813 2011 3884; baseline 0.002 -15"><span class='ocrx_word' id='word_1_472' title='bbox 410 3819 612 3871; x_wconf 85' lang='lat' dir='ltr'><strong>virtute</strong></span> <span class='ocrx_word' id='word_1_473' title='bbox 638 3825 686 3871; x_wconf 91' lang='lat' dir='ltr'><strong>et</strong></span> <span class='ocrx_word' id='word_1_474' title='bbox 721 3813 1061 3884; x_wconf 83' lang='lat' dir='ltr'><strong>Operatione,</strong></span> <span class='ocrx_word' id='word_1_475' title='bbox 1091 3817 1489 3871; x_wconf 89' lang='lat' dir='ltr'><strong>communicari</strong></span> <span class='ocrx_word' id='word_1_476' title='bbox 1521 3827 1705 3872; x_wconf 86' lang='lat' dir='ltr'><strong>autem</strong></span> <span class='ocrx_word' id='word_1_477' title='bbox 1747 3828 1798 3873; x_wconf 91' lang='lat' dir='ltr'><strong>et</strong></span> <span class='ocrx_word' id='word_1_478' title='bbox 1833 3819 2011 3873; x_wconf 84' lang='lat' dir='ltr'><strong>manl-</strong></span> 
     </span>
    </p>
   </div>
   <div class='ocr_carea' id='block_1_68' title="bbox 410 3905 2010 3979">
    <p class='ocr_par' dir='ltr' id='par_1_68' title="bbox 410 3905 2010 3979">
     <span class='ocr_line' id='line_1_68' title="bbox 410 3905 2010 3979; baseline 0.004 -20"><span class='ocrx_word' id='word_1_479' title='bbox 410 3906 598 3962; x_wconf 71' lang='lat' dir='ltr'><strong>festari</strong></span> <span class='ocrx_word' id='word_1_480' title='bbox 657 3905 895 3961; x_wconf 77' lang='lat' dir='ltr'><strong>essentia</strong></span> <span class='ocrx_word' id='word_1_481' title='bbox 983 3905 1217 3969; x_wconf 88' lang='lat' dir='ltr'><strong>nemini,</strong></span> <span class='ocrx_word' id='word_1_482' title='bbox 1279 3908 1617 3976; x_wconf 87' lang='lat' dir='ltr'><strong>operatione&#39;</strong></span> <span class='ocrx_word' id='word_1_483' title='bbox 1675 3924 1806 3964; x_wconf 89' lang='lat' dir='ltr'><strong>vero</strong></span> <span class='ocrx_word' id='word_1_484' title='bbox 1874 3909 2010 3979; x_wconf 79' lang='lat' dir='ltr'><strong>solis</strong></span> 
     </span>
    </p>
   </div>
   <div class='ocr_carea' id='block_1_69' title="bbox 410 3997 1618 4068">
    <p class='ocr_par' dir='ltr' id='par_1_69' title="bbox 410 3997 1618 4068">
     <span class='ocr_line' id='line_1_69' title="bbox 410 3997 1618 4068; baseline 0.002 -17"><span class='ocrx_word' id='word_1_485' title='bbox 410 4013 704 4068; x_wconf 84' lang='lat' dir='ltr'><strong>pravarum</strong></span> <span class='ocrx_word' id='word_1_486' title='bbox 738 3997 1107 4067; x_wconf 85' lang='lat' dir='ltr'><strong>cupiditatum</strong></span> <span class='ocrx_word' id='word_1_487' title='bbox 1157 3998 1323 4053; x_wconf 84' lang='lat' dir='ltr'><strong>sorde</strong></span> <span class='ocrx_word' id='word_1_488' title='bbox 1350 3998 1618 4068; x_wconf 76' lang='lat' dir='ltr'><strong>purgatis.</strong></span> 
     </span>
    </p>
   </div>
   <div class='ocr_carea' id='block_1_70' title="bbox 2116 3348 3682 3422">
    <p class='ocr_par' dir='ltr' id='par_1_70' title="bbox 2116 3348 3682 3422">
     <span class='ocr_line' id='line_1_70' title="bbox 2116 3348 3682 3422; baseline -0.002 -19"><span class='ocrx_word' id='word_1_489' title='bbox 2116 3366 2304 3418; x_wconf 84' lang='grc' dir='ltr'><strong>ναμιν,</strong></span> <span class='ocrx_word' id='word_1_490' title='bbox 2343 3351 2458 3412; x_wconf 86' lang='grc' dir='ltr'><strong>τοῖς</strong></span> <span class='ocrx_word' id='word_1_491' title='bbox 2488 3348 2545 3402; x_wconf 71' lang='grc' dir='ltr'><strong>δὲ</strong></span> <span class='ocrx_word' id='word_1_492' title='bbox 2574 3349 2635 3401; x_wconf 80' lang='grc' dir='ltr'><strong>τὸ</strong></span> <span class='ocrx_word' id='word_1_493' title='bbox 2673 3350 3006 3420; x_wconf 72' lang='grc' dir='ltr'><strong>ἡγεμονικὸν</strong></span> <span class='ocrx_word' id='word_1_494' title='bbox 3045 3352 3460 3422; x_wconf 56' lang='grc' dir='ltr'><strong>συγκεχυμένον</strong></span> <span class='ocrx_word' id='word_1_495' title='bbox 3490 3351 3682 3419; x_wconf 77' lang='grc' dir='ltr'><strong>ἔχουσιν</strong></span> 
     </span>
    </p>
   </div>
   <div class='ocr_carea' id='block_1_71' title="bbox 2116 3438 3681 3511">
    <p class='ocr_par' dir='ltr' id='par_1_71' title="bbox 2116 3438 3681 3511">
     <span class='ocr_line' id='line_1_71' title="bbox 2116 3438 3681 3511; baseline -0.006 -16"><span class='ocrx_word' id='word_1_496' title='bbox 2116 3442 2224 3495; x_wconf 82' lang='grc' dir='ltr'><strong>ἀπὸ</strong></span> <span class='ocrx_word' id='word_1_497' title='bbox 2264 3441 2373 3494; x_wconf 89' lang='grc' dir='ltr'><strong>τῶν</strong></span> <span class='ocrx_word' id='word_1_498' title='bbox 2399 3441 2504 3511; x_wconf 78' lang='grc' dir='ltr'><strong>τῆς</strong></span> <span class='ocrx_word' id='word_1_499' title='bbox 2542 3441 2822 3511; x_wconf 76' lang='grc' dir='ltr'><strong>ἁμαρτίας</strong></span> <span class='ocrx_word' id='word_1_500' title='bbox 2859 3440 3066 3495; x_wconf 70' lang='grc' dir='ltr'><strong>σιττλιυν</strong></span> <span class='ocrx_word' id='word_1_501' title='bbox 3102 3444 3317 3497; x_wconf 71' lang='grc' dir='ltr'><strong>οὐκέτι.</strong></span> <span class='ocrx_word' id='word_1_502' title='bbox 3348 3443 3554 3510; x_wconf 84' lang='grc' dir='ltr'><strong>Ὥσπερ</strong></span> <span class='ocrx_word' id='word_1_503' title='bbox 3589 3438 3681 3505; x_wconf 68' lang='grc' dir='ltr'><strong>γὰρ</strong></span> 
     </span>
    </p>
   </div>
   <div class='ocr_carea' id='block_1_72' title="bbox 2117 3532 3681 3604">
    <p class='ocr_par' dir='ltr' id='par_1_72' title="bbox 2117 3532 3681 3604">
     <span class='ocr_line' id='line_1_72' title="bbox 2117 3532 3681 3604; baseline -0.001 -16"><span class='ocrx_word' id='word_1_504' title='bbox 2117 3538 2172 3589; x_wconf 77' lang='grc' dir='ltr'><strong>αἱ</strong></span> <span class='ocrx_word' id='word_1_505' title='bbox 2230 3534 2339 3587; x_wconf 86' lang='grc' dir='ltr'><strong>τῶν</strong></span> <span class='ocrx_word' id='word_1_506' title='bbox 2387 3533 2705 3603; x_wconf 79' lang='grc' dir='ltr'><strong>προσώπων</strong></span> <span class='ocrx_word' id='word_1_507' title='bbox 2759 3535 3036 3604; x_wconf 75' lang='grc' dir='ltr'><strong>ἐμφάσεις</strong></span> <span class='ocrx_word' id='word_1_508' title='bbox 3091 3535 3193 3588; x_wconf 76' lang='grc' dir='ltr'><strong>οὐκ</strong></span> <span class='ocrx_word' id='word_1_509' title='bbox 3246 3540 3304 3588; x_wconf 81' lang='grc' dir='ltr'><strong>ὲν</strong></span> <span class='ocrx_word' id='word_1_510' title='bbox 3341 3536 3536 3594; x_wconf 75' lang='grc' dir='ltr'><strong>πάσαις</strong></span> <span class='ocrx_word' id='word_1_511' title='bbox 3578 3532 3681 3587; x_wconf 68' lang='grc' dir='ltr'><strong>ταῖς</strong></span> 
     </span>
    </p>
   </div>
   <div class='ocr_carea' id='block_1_73' title="bbox 2116 3622 3681 3699">
    <p class='ocr_par' dir='ltr' id='par_1_73' title="bbox 2116 3622 3681 3699">
     <span class='ocr_line' id='line_1_73' title="bbox 2116 3622 3681 3699; baseline -0.007 -16"><span class='ocrx_word' id='word_1_512' title='bbox 2116 3627 2275 3691; x_wconf 69' lang='grc' dir='ltr'><strong>ὕλαις</strong></span> <span class='ocrx_word' id='word_1_513' title='bbox 2302 3630 2569 3696; x_wconf 78' lang='grc' dir='ltr'><strong>γίνονται,</strong></span> <span class='ocrx_word' id='word_1_514' title='bbox 2598 3628 2719 3681; x_wconf 84' lang='grc' dir='ltr'><strong>ἀλλ’</strong></span> <span class='ocrx_word' id='word_1_515' title='bbox 2742 3630 2801 3682; x_wconf 80' lang='grc' dir='ltr'><strong>ὲν</strong></span> <span class='ocrx_word' id='word_1_516' title='bbox 2840 3629 2962 3690; x_wconf 78' lang='grc' dir='ltr'><strong>ταῖς</strong></span> <span class='ocrx_word' id='word_1_517' title='bbox 2999 3627 3265 3699; x_wconf 79' lang='grc' dir='ltr'><strong>λειότητά</strong></span> <span class='ocrx_word' id='word_1_518' title='bbox 3302 3645 3425 3681; x_wconf 84' lang='grc' dir='ltr'><strong>τινα</strong></span> <span class='ocrx_word' id='word_1_519' title='bbox 3470 3624 3555 3677; x_wconf 75' lang='grc' dir='ltr'><strong>καὶ</strong></span> <span class='ocrx_word' id='word_1_520' title='bbox 3579 3622 3681 3674; x_wconf 81' lang='grc' dir='ltr'><strong>δια·</strong></span> 
     </span>
    </p>
   </div>
   <div class='ocr_carea' id='block_1_74' title="bbox 2118 3714 3680 3792">
    <p class='ocr_par' dir='ltr' id='par_1_74' title="bbox 2118 3714 3680 3792">
     <span class='ocr_line' id='line_1_74' title="bbox 2118 3714 3680 3792; baseline -0.001 -18"><span class='ocrx_word' id='word_1_521' title='bbox 2118 3723 2349 3792; x_wconf 75' lang='grc' dir='ltr'><strong>φὰνειαν</strong></span> <span class='ocrx_word' id='word_1_522' title='bbox 2389 3721 2798 3790; x_wconf 72' lang='grc' dir='ltr'><strong>κεκτημέναις·</strong></span> <span class='ocrx_word' id='word_1_523' title='bbox 2849 3719 3025 3782; x_wconf 77' lang='grc' dir='ltr'><strong>οὕτως</strong></span> <span class='ocrx_word' id='word_1_524' title='bbox 3074 3721 3175 3774; x_wconf 80' lang='grc' dir='ltr'><strong>οὐκ</strong></span> <span class='ocrx_word' id='word_1_525' title='bbox 3225 3724 3285 3775; x_wconf 84' lang='grc' dir='ltr'>ὲν</span> <span class='ocrx_word' id='word_1_526' title='bbox 3328 3721 3523 3780; x_wconf 71' lang='grc' dir='ltr'><strong>πάσαις</strong></span> <span class='ocrx_word' id='word_1_527' title='bbox 3574 3714 3680 3772; x_wconf 78' lang='grc' dir='ltr'><strong>ταῖς</strong></span> 
     </span>
    </p>
   </div>
   <div class='ocr_carea' id='block_1_75' title="bbox 2117 3804 3679 3887">
    <p class='ocr_par' dir='ltr' id='par_1_75' title="bbox 2117 3804 3679 3887">
     <span class='ocr_line' id='line_1_75' title="bbox 2117 3804 3679 3887; baseline -0.003 -20"><span class='ocrx_word' id='word_1_528' title='bbox 2117 3817 2325 3887; x_wconf 75' lang='grc' dir='ltr'><strong>ψυχαῖς</strong></span> <span class='ocrx_word' id='word_1_529' title='bbox 2378 3817 2410 3883; x_wconf 86' lang='grc' dir='ltr'>ἠ</span> <span class='ocrx_word' id='word_1_530' title='bbox 2448 3812 2542 3866; x_wconf 86' lang='grc' dir='ltr'><strong>τοῦ</strong></span> <span class='ocrx_word' id='word_1_531' title='bbox 2585 3813 2920 3882; x_wconf 74' lang='grc' dir='ltr'><strong>Πνεύματος</strong></span> <span class='ocrx_word' id='word_1_532' title='bbox 2973 3814 3255 3883; x_wconf 78' lang='grc' dir='ltr'><strong>ἐνέργεια,</strong></span> <span class='ocrx_word' id='word_1_533' title='bbox 3310 3814 3424 3866; x_wconf 83' lang='grc' dir='ltr'><strong>ἀλλ’</strong></span> <span class='ocrx_word' id='word_1_534' title='bbox 3481 3812 3533 3860; x_wconf 83' lang='grc' dir='ltr'><strong>ἐν</strong></span> <span class='ocrx_word' id='word_1_535' title='bbox 3578 3804 3679 3863; x_wconf 74' lang='grc' dir='ltr'><strong>ταῖς</strong></span> 
     </span>
    </p>
   </div>
   <div class='ocr_carea' id='block_1_76' title="bbox 2122 3895 3681 3978">
    <p class='ocr_par' dir='ltr' id='par_1_76' title="bbox 2122 3895 3681 3978">
     <span class='ocr_line' id='line_1_76' title="bbox 2122 3895 3681 3978; baseline -0.004 -17"><span class='ocrx_word' id='word_1_536' title='bbox 2122 3909 2290 3978; x_wconf 79' lang='grc' dir='ltr'><strong>μηδὲν</strong></span> <span class='ocrx_word' id='word_1_537' title='bbox 2326 3905 2541 3960; x_wconf 71' lang='grc' dir='ltr'><strong>σκολιὸν</strong></span> <span class='ocrx_word' id='word_1_538' title='bbox 2572 3905 2826 3976; x_wconf 80' lang='grc' dir='ltr'><strong>ἐχούσαις</strong></span> <span class='ocrx_word' id='word_1_539' title='bbox 2866 3905 3001 3975; x_wconf 78' lang='grc' dir='ltr'><strong>μηδὲ</strong></span> <span class='ocrx_word' id='word_1_540' title='bbox 3035 3903 3501 3977; x_wconf 65' lang='grc' dir='ltr'><strong>στραγγαλιῶδες.</strong></span> <span class='ocrx_word' id='word_1_541' title='bbox 3537 3895 3681 3964; x_wconf 72' lang='grc' dir='ltr'><strong>Ὁρᾷς</strong></span> 
     </span>
    </p>
   </div>
   <div class='ocr_carea' id='block_1_77' title="bbox 2120 3991 3678 4069">
    <p class='ocr_par' dir='ltr' id='par_1_77' title="bbox 2120 3991 3678 4069">
     <span class='ocr_line' id='line_1_77' title="bbox 2120 3991 3678 4069; baseline -0.012 -14"><span class='ocrx_word' id='word_1_542' title='bbox 2120 4002 2195 4063; x_wconf 82' lang='grc' dir='ltr'><strong>ὡς</strong></span> <span class='ocrx_word' id='word_1_543' title='bbox 2236 4003 2372 4054; x_wconf 75' lang='grc' dir='ltr'><strong>πᾶσι</strong></span> <span class='ocrx_word' id='word_1_544' title='bbox 2413 3999 2514 4069; x_wconf 77' lang='grc' dir='ltr'><strong>μὲν</strong></span> <span class='ocrx_word' id='word_1_545' title='bbox 2545 4000 2785 4067; x_wconf 86' lang='grc' dir='ltr'><strong>πάρεστι</strong></span> <span class='ocrx_word' id='word_1_546' title='bbox 2822 3998 2881 4050; x_wconf 71' lang='grc' dir='ltr'><strong>τὸ</strong></span> <span class='ocrx_word' id='word_1_547' title='bbox 2908 3998 3066 4065; x_wconf 83' lang='grc' dir='ltr'><strong>διγιον</strong></span> <span class='ocrx_word' id='word_1_548' title='bbox 3096 3997 3323 4067; x_wconf 81' lang='grc' dir='ltr'><strong>Πνεῦμα</strong></span> <span class='ocrx_word' id='word_1_549' title='bbox 3353 3995 3469 4049; x_wconf 83' lang='grc' dir='ltr'><strong>κατ’</strong></span> <span class='ocrx_word' id='word_1_550' title='bbox 3493 3991 3678 4051; x_wconf 72' lang='grc' dir='ltr'><strong>οὐσίαν,</strong></span> 
     </span>
    </p>
   </div>
   <div class='ocr_carea' id='block_1_78' title="bbox 408 4082 3679 4168">
    <p class='ocr_par' dir='ltr' id='par_1_78' title="bbox 408 4082 3679 4168">
     <span class='ocr_line' id='line_1_78' title="bbox 408 4082 3679 4168; baseline -0.004 -20"><span class='ocrx_word' id='word_1_551' title='bbox 408 4098 459 4147; x_wconf 83' lang='grc' dir='ltr'><strong>εἰ</strong></span> <span class='ocrx_word' id='word_1_552' title='bbox 492 4093 550 4148; x_wconf 79' lang='grc' dir='ltr'><strong>δὲ</strong></span> <span class='ocrx_word' id='word_1_553' title='bbox 598 4092 781 4163; x_wconf 68' lang='grc' dir='ltr'><strong>βούλει</strong></span> <span class='ocrx_word' id='word_1_554' title='bbox 823 4092 919 4145; x_wconf 73' lang='grc' dir='ltr'><strong>καὶ</strong></span> <span class='ocrx_word' id='word_1_555' title='bbox 952 4092 1095 4146; x_wconf 82' lang='grc' dir='ltr'><strong>κατὰ</strong></span> <span class='ocrx_word' id='word_1_556' title='bbox 1148 4091 1382 4168; x_wconf 66' lang='grc' dir='ltr'><strong>δῦναμίν</strong></span> <span class='ocrx_word' id='word_1_557' title='bbox 1431 4108 1492 4144; x_wconf 88' lang='grc' dir='ltr'><strong>τε</strong></span> <span class='ocrx_word' id='word_1_558' title='bbox 1541 4094 1636 4146; x_wconf 77' lang='grc' dir='ltr'><strong>καὶ</strong></span> <span class='ocrx_word' id='word_1_559' title='bbox 1684 4094 1998 4167; x_wconf 80' lang='grc' dir='ltr'><strong>ἐνέργειαν,</strong></span> <span class='ocrx_word' id='word_1_560' title='bbox 2048 4099 2340 4168; x_wconf 80' lang='grc' dir='ltr'><strong>μετέχεται</strong></span> <span class='ocrx_word' id='word_1_561' title='bbox 2373 4093 2427 4145; x_wconf 82' lang='grc' dir='ltr'><strong>δὲ</strong></span> <span class='ocrx_word' id='word_1_562' title='bbox 2479 4091 2575 4146; x_wconf 73' lang='grc' dir='ltr'><strong>καὶ</strong></span> <span class='ocrx_word' id='word_1_563' title='bbox 2608 4091 2960 4161; x_wconf 71' lang='grc' dir='ltr'><strong>ἐπιφαίνεται</strong></span> <span class='ocrx_word' id='word_1_564' title='bbox 2990 4092 3131 4146; x_wconf 72' lang='grc' dir='ltr'><strong>κατὰ</strong></span> <span class='ocrx_word' id='word_1_565' title='bbox 3184 4092 3287 4165; x_wconf 59' lang='grc' dir='ltr'><strong>μὲν</strong></span> <span class='ocrx_word' id='word_1_566' title='bbox 3347 4092 3447 4161; x_wconf 76' lang='grc' dir='ltr'><strong>τὴν</strong></span> <span class='ocrx_word' id='word_1_567' title='bbox 3509 4082 3679 4139; x_wconf 71' lang='grc' dir='ltr'><strong>οὐσίαν</strong></span> 
     </span>
    </p>
   </div>
   <div class='ocr_carea' id='block_1_79' title="bbox 407 4165 3329 4255">
    <p class='ocr_par' dir='ltr' id='par_1_79' title="bbox 407 4165 3329 4255">
     <span class='ocr_line' id='line_1_79' title="bbox 407 4165 3329 4255; baseline -0.001 -14"><span class='ocrx_word' id='word_1_568' title='bbox 407 4189 607 4251; x_wconf 69' lang='grc' dir='ltr'><strong>οὐδενὶ,</strong></span> <span class='ocrx_word' id='word_1_569' title='bbox 641 4188 783 4241; x_wconf 79' lang='grc' dir='ltr'><strong>κατᾶ</strong></span> <span class='ocrx_word' id='word_1_570' title='bbox 829 4187 886 4238; x_wconf 84' lang='grc' dir='ltr'><strong>δὲ</strong></span> <span class='ocrx_word' id='word_1_571' title='bbox 927 4185 1025 4255; x_wconf 76' lang='grc' dir='ltr'><strong>τὴν</strong></span> <span class='ocrx_word' id='word_1_572' title='bbox 1076 4165 1364 4253; x_wconf 74' lang='grc' dir='ltr'><strong>ἐνέργειαν</strong></span> <span class='ocrx_word' id='word_1_573' title='bbox 1393 4184 1580 4253; x_wconf 72' lang='grc' dir='ltr'><strong>μόνοις</strong></span> <span class='ocrx_word' id='word_1_574' title='bbox 1615 4188 1727 4251; x_wconf 77' lang='grc' dir='ltr'><strong>τοῖς</strong></span> <span class='ocrx_word' id='word_1_575' title='bbox 1768 4189 1863 4243; x_wconf 80' lang='grc' dir='ltr'><strong>τὸν</strong></span> <span class='ocrx_word' id='word_1_576' title='bbox 1897 4190 2007 4242; x_wconf 76' lang='grc' dir='ltr'><strong>άπὸ</strong></span> <span class='ocrx_word' id='word_1_577' title='bbox 2047 4191 2160 4243; x_wconf 89' lang='grc' dir='ltr'><strong>τῶν</strong></span> <span class='ocrx_word' id='word_1_578' title='bbox 2192 4186 2450 4255; x_wconf 76' lang='grc' dir='ltr'><strong>πονηρῶν</strong></span> <span class='ocrx_word' id='word_1_579' title='bbox 2484 4184 2679 4237; x_wconf 79' lang='grc' dir='ltr'><strong>παθῶν</strong></span> <span class='ocrx_word' id='word_1_580' title='bbox 2713 4185 3080 4253; x_wconf 81' lang='grc' dir='ltr'><strong>ἀποθεμένοις</strong></span> <span class='ocrx_word' id='word_1_581' title='bbox 3114 4186 3329 4239; x_wconf 81' lang='grc' dir='ltr'><strong>σπῖλον.</strong></span> 
     </span>
    </p>
   </div>
   <div class='ocr_carea' id='block_1_80' title="bbox 485 4261 2001 4354">
    <p class='ocr_par' dir='ltr' id='par_1_80' title="bbox 485 4261 2001 4354">
     <span class='ocr_line' id='line_1_80' title="bbox 485 4261 2001 4354; baseline 0.002 -19"><span class='ocrx_word' id='word_1_582' title='bbox 485 4280 672 4335; x_wconf 81' lang='lat' dir='ltr'><strong>Tlteot.</strong></span> <span class='ocrx_word' id='word_1_583' title='bbox 715 4277 852 4333; x_wconf 89' lang='lat' dir='ltr'><strong>Vere</strong></span> <span class='ocrx_word' id='word_1_584' title='bbox 912 4276 1208 4331; x_wconf 85' lang='lat' dir='ltr'><strong>fallacibus</strong></span> <span class='ocrx_word' id='word_1_585' title='bbox 1256 4261 1671 4335; x_wconf 45' lang='lat' dir='ltr'><strong>sese&#39;irretiuut</strong></span> <span class='ocrx_word' id='word_1_586' title='bbox 1710 4282 2001 4354; x_wconf 79' lang='lat' dir='ltr'><strong>argutiolis</strong></span> 
     </span>
    </p>
   </div>
   <div class='ocr_carea' id='block_1_81' title="bbox 410 4368 1997 4445">
    <p class='ocr_par' dir='ltr' id='par_1_81' title="bbox 410 4368 1997 4445">
     <span class='ocr_line' id='line_1_81' title="bbox 410 4368 1997 4445; baseline 0.002 -20"><span class='ocrx_word' id='word_1_587' title='bbox 410 4375 729 4445; x_wconf 86' lang='lat' dir='ltr'><strong>quicunque</strong></span> <span class='ocrx_word' id='word_1_588' title='bbox 773 4369 930 4424; x_wconf 82' lang='lat' dir='ltr'><strong>vobis</strong></span> <span class='ocrx_word' id='word_1_589' title='bbox 958 4368 1339 4425; x_wconf 89' lang='lat' dir='ltr'><strong>contradicere</strong></span> <span class='ocrx_word' id='word_1_590' title='bbox 1371 4379 1647 4444; x_wconf 84' lang='lat' dir='ltr'><strong>satagunt.</strong></span> <span class='ocrx_word' id='word_1_591' title='bbox 1677 4372 1815 4429; x_wconf 90' lang='lat' dir='ltr'><strong>Cum</strong></span> <span class='ocrx_word' id='word_1_592' title='bbox 1850 4374 1997 4430; x_wconf 88' lang='lat' dir='ltr'><strong>enim</strong></span> 
     </span>
    </p>
   </div>
   <div class='ocr_carea' id='block_1_82' title="bbox 411 4460 2006 4537">
    <p class='ocr_par' dir='ltr' id='par_1_82' title="bbox 411 4460 2006 4537">
     <span class='ocr_line' id='line_1_82' title="bbox 411 4460 2006 4537; baseline 0.001 -19"><span class='ocrx_word' id='word_1_593' title='bbox 411 4464 577 4518; x_wconf 84' lang='lat' dir='ltr'><strong>amho</strong></span> <span class='ocrx_word' id='word_1_594' title='bbox 601 4462 659 4515; x_wconf 91' lang='lat' dir='ltr'><strong>in</strong></span> <span class='ocrx_word' id='word_1_595' title='bbox 690 4474 979 4516; x_wconf 88' lang='lat' dir='ltr'><strong>sacrorum</strong></span> <span class='ocrx_word' id='word_1_596' title='bbox 1011 4460 1344 4531; x_wconf 88' lang='lat' dir='ltr'><strong>scriptorum</strong></span> <span class='ocrx_word' id='word_1_597' title='bbox 1364 4462 1519 4520; x_wconf 87' lang='lat' dir='ltr'><strong>libris</strong></span> <span class='ocrx_word' id='word_1_598' title='bbox 1552 4465 1699 4537; x_wconf 81' lang='lat' dir='ltr'><strong>clare</strong></span> <span class='ocrx_word' id='word_1_599' title='bbox 1722 4464 2006 4520; x_wconf 72' lang='lat' dir='ltr'><strong>affirmeti-</strong></span> 
     </span>
    </p>
   </div>
   <div class='ocr_carea' id='block_1_83' title="bbox 413 4552 2003 4624">
    <p class='ocr_par' dir='ltr' id='par_1_83' title="bbox 413 4552 2003 4624">
     <span class='ocr_line' id='line_1_83' title="bbox 413 4552 2003 4624; baseline 0 -14"><span class='ocrx_word' id='word_1_600' title='bbox 413 4567 524 4620; x_wconf 90' lang='lat' dir='ltr'><strong>tur,</strong></span> <span class='ocrx_word' id='word_1_601' title='bbox 554 4554 658 4624; x_wconf 84' lang='lat' dir='ltr'><strong>ipsi</strong></span> <span class='ocrx_word' id='word_1_602' title='bbox 710 4566 861 4607; x_wconf 90' lang='lat' dir='ltr'><strong>nunc</strong></span> <span class='ocrx_word' id='word_1_603' title='bbox 920 4552 1246 4609; x_wconf 89' lang='lat' dir='ltr'><strong>alterutrum</strong></span> <span class='ocrx_word' id='word_1_604' title='bbox 1299 4553 1569 4611; x_wconf 78' lang='lat' dir='ltr'><strong>dimtaxat</strong></span> <span class='ocrx_word' id='word_1_605' title='bbox 1621 4557 1771 4612; x_wconf 88' lang='lat' dir='ltr'><strong>velut</strong></span> <span class='ocrx_word' id='word_1_606' title='bbox 1824 4556 2003 4612; x_wconf 91' lang='lat' dir='ltr'><strong>solum</strong></span> 
     </span>
    </p>
   </div>
   <div class='ocr_carea' id='block_1_84' title="bbox 2188 4264 3681 4351">
    <p class='ocr_par' dir='ltr' id='par_1_84' title="bbox 2188 4264 3681 4351">
     <span class='ocr_line' id='line_1_84' title="bbox 2188 4264 3681 4351; baseline -0.011 -17"><span class='ocrx_word' id='word_1_607' title='bbox 2188 4279 2355 4334; x_wconf 83' lang='grc' dir='ltr'><strong>Θεότ.</strong></span> <span class='ocrx_word' id='word_1_608' title='bbox 2396 4279 2612 4342; x_wconf 78' lang='grc' dir='ltr'><strong>Ὄντως</strong></span> <span class='ocrx_word' id='word_1_609' title='bbox 2645 4278 3022 4346; x_wconf 74' lang='grc' dir='ltr'><strong>σφᾶς-οὒτοὺς</strong></span> <span class='ocrx_word' id='word_1_610' title='bbox 3049 4294 3119 4330; x_wconf 77' lang='grc' dir='ltr'><strong>πο</strong></span> <span class='ocrx_word' id='word_1_611' title='bbox 3136 4272 3498 4351; x_wconf 74' lang='grc' dir='ltr'><strong>ρακρούονιαί</strong></span> <span class='ocrx_word' id='word_1_612' title='bbox 3522 4284 3575 4323; x_wconf 83' lang='grc' dir='ltr'><strong>τε</strong></span> <span class='ocrx_word' id='word_1_613' title='bbox 3601 4264 3681 4319; x_wconf 73' lang='grc' dir='ltr'><strong>καὶ</strong></span> 
     </span>
    </p>
   </div>
   <div class='ocr_carea' id='block_1_85' title="bbox 2116 4362 3675 4439">
    <p class='ocr_par' dir='ltr' id='par_1_85' title="bbox 2116 4362 3675 4439">
     <span class='ocr_line' id='line_1_85' title="bbox 2116 4362 3675 4439; baseline -0.01 -13"><span class='ocrx_word' id='word_1_614' title='bbox 2116 4369 2591 4438; x_wconf 71' lang='grc' dir='ltr'><strong>κατατοφίζονται</strong></span> <span class='ocrx_word' id='word_1_615' title='bbox 2646 4370 2852 4434; x_wconf 87' lang='grc' dir='ltr'><strong>πάντες</strong></span> <span class='ocrx_word' id='word_1_616' title='bbox 2907 4372 2957 4423; x_wconf 83' lang='grc' dir='ltr'><strong>οί</strong></span> <span class='ocrx_word' id='word_1_617' title='bbox 3014 4372 3326 4439; x_wconf 82' lang='grc' dir='ltr'><strong>ἀντιλέγειν</strong></span> <span class='ocrx_word' id='word_1_618' title='bbox 3379 4362 3675 4422; x_wconf 73' lang='grc' dir='ltr'><strong>σπεύδοντες</strong></span> 
     </span>
    </p>
   </div>
   <div class='ocr_carea' id='block_1_86' title="bbox 2119 4456 3676 4533">
    <p class='ocr_par' dir='ltr' id='par_1_86' title="bbox 2119 4456 3676 4533">
     <span class='ocr_line' id='line_1_86' title="bbox 2119 4456 3676 4533; baseline -0.004 -18"><span class='ocrx_word' id='word_1_619' title='bbox 2119 4462 2271 4532; x_wconf 81' lang='grc' dir='ltr'><strong>ὑμῖν.</strong></span> <span class='ocrx_word' id='word_1_620' title='bbox 2322 4462 2679 4532; x_wconf 83' lang='grc' dir='ltr'><strong>’Δμφοτέρων</strong></span> <span class='ocrx_word' id='word_1_621' title='bbox 2724 4464 2835 4533; x_wconf 77' lang='grc' dir='ltr'><strong>γάρ</strong></span> <span class='ocrx_word' id='word_1_622' title='bbox 2862 4464 2921 4515; x_wconf 81' lang='grc' dir='ltr'><strong>ὲν</strong></span> <span class='ocrx_word' id='word_1_623' title='bbox 2946 4464 3065 4525; x_wconf 79' lang='grc' dir='ltr'><strong>ταῖς</strong></span> <span class='ocrx_word' id='word_1_624' title='bbox 3095 4463 3456 4533; x_wconf 77' lang='grc' dir='ltr'><strong>ἁγιογράφοις</strong></span> <span class='ocrx_word' id='word_1_625' title='bbox 3491 4456 3676 4509; x_wconf 76' lang='grc' dir='ltr'><strong>δέλτοις</strong></span> 
     </span>
    </p>
   </div>
   <div class='ocr_carea' id='block_1_87' title="bbox 2122 4541 3673 4626">
    <p class='ocr_par' dir='ltr' id='par_1_87' title="bbox 2122 4541 3673 4626">
     <span class='ocr_line' id='line_1_87' title="bbox 2122 4541 3673 4626; baseline -0.006 -18"><span class='ocrx_word' id='word_1_626' title='bbox 2122 4554 2311 4623; x_wconf 80' lang='grc' dir='ltr'><strong>σαφῶς</strong></span> <span class='ocrx_word' id='word_1_627' title='bbox 2345 4554 2866 4626; x_wconf 82' lang='grc' dir='ltr'><strong>ὑπαγορευομένων,</strong></span> <span class='ocrx_word' id='word_1_628' title='bbox 2898 4554 3057 4610; x_wconf 78' lang='grc' dir='ltr'><strong>αὐτοὶ</strong></span> <span class='ocrx_word' id='word_1_629' title='bbox 3098 4553 3193 4608; x_wconf 87' lang='grc' dir='ltr'><strong>νῦν</strong></span> <span class='ocrx_word' id='word_1_630' title='bbox 3234 4556 3331 4624; x_wconf 82' lang='grc' dir='ltr'><strong>μὲν</strong></span> <span class='ocrx_word' id='word_1_631' title='bbox 3357 4550 3449 4604; x_wconf 89' lang='grc' dir='ltr'><strong>τοῦ</strong></span> <span class='ocrx_word' id='word_1_632' title='bbox 3481 4546 3589 4606; x_wconf 76' lang='grc' dir='ltr'><strong>ἐνὸς</strong></span> <span class='ocrx_word' id='word_1_633' title='bbox 3609 4541 3673 4599; x_wconf 72' lang='grc' dir='ltr'><strong>ὡς</strong></span> 
     </span>
    </p>
   </div>
   <div class='ocr_carea' id='block_1_88' title="bbox 412 4631 2006 4733">
    <p class='ocr_par' dir='ltr' id='par_1_88' title="bbox 412 4641 2004 4717">
     <span class='ocr_line' id='line_1_88' title="bbox 412 4641 2004 4717; baseline 0.006 -22"><span class='ocrx_word' id='word_1_634' title='bbox 412 4647 619 4700; x_wconf 86' lang='lat' dir='ltr'><strong>dictum</strong></span> <span class='ocrx_word' id='word_1_635' title='bbox 661 4653 1035 4717; x_wconf 81' lang='lat' dir='ltr'><strong>propugnant,</strong></span> <span class='ocrx_word' id='word_1_636' title='bbox 1068 4660 1218 4701; x_wconf 91' lang='lat' dir='ltr'><strong>nunc</strong></span> <span class='ocrx_word' id='word_1_637' title='bbox 1256 4641 1597 4704; x_wconf 72' lang='lat' dir='ltr'><strong>invehuntur</strong></span> <span class='ocrx_word' id='word_1_638' title='bbox 1627 4658 1820 4704; x_wconf 89' lang='lat' dir='ltr'><strong>contra</strong></span> <span class='ocrx_word' id='word_1_639' title='bbox 1863 4650 2004 4704; x_wconf 89' lang='lat' dir='ltr'><strong>alte-</strong></span> 
     </span>
    </p>
   </div>
   <div class='ocr_carea' id='block_1_89' title="bbox 2114 4631 3672 4733">
    <p class='ocr_par' dir='ltr' id='par_1_89' title="bbox 2116 4631 3672 4733">
     <span class='ocr_line' id='line_1_89' title="bbox 2116 4631 3672 4733; baseline -0.004 -31"><span class='ocrx_word' id='word_1_640' title='bbox 2116 4649 2284 4703; x_wconf 74' lang='grc' dir='ltr'><strong>αὺτοῦ</strong></span> <span class='ocrx_word' id='word_1_641' title='bbox 2323 4650 2490 4719; x_wconf 81' lang='grc' dir='ltr'><strong>μόνου</strong></span> <span class='ocrx_word' id='word_1_642' title='bbox 2519 4650 2819 4721; x_wconf 80' lang='grc' dir='ltr'><strong>εἰρημένου</strong></span> <span class='ocrx_word' id='word_1_643' title='bbox 2850 4648 3013 4717; x_wconf 77' lang='grc' dir='ltr'><strong>δῆθεν</strong></span> <span class='ocrx_word' id='word_1_644' title='bbox 3043 4645 3563 4719; x_wconf 79' lang='grc' dir='ltr'><strong>ὑπεραγωνίζοντσι,</strong></span> <span class='ocrx_word' id='word_1_645' title='bbox 3589 4631 3672 4733; x_wconf 53' lang='grc' dir='ltr'><strong>νῧγ</strong></span> 
     </span>
    </p>
   </div>
   <div class='ocr_carea' id='block_1_90' title="bbox 415 4738 2005 4810">
    <p class='ocr_par' dir='ltr' id='par_1_90' title="bbox 415 4738 2005 4810">
     <span class='ocr_line' id='line_1_90' title="bbox 415 4738 2005 4810; baseline 0.005 -20"><span class='ocrx_word' id='word_1_646' title='bbox 415 4738 741 4809; x_wconf 86' lang='lat' dir='ltr'><strong>rum,’-quasi</strong></span> <span class='ocrx_word' id='word_1_647' title='bbox 768 4753 877 4793; x_wconf 91' lang='lat' dir='ltr'><strong>non</strong></span> <span class='ocrx_word' id='word_1_648' title='bbox 902 4746 1198 4810; x_wconf 87' lang='lat' dir='ltr'><strong>utrumque</strong></span> <span class='ocrx_word' id='word_1_649' title='bbox 1224 4739 1485 4797; x_wconf 84' lang='lat' dir='ltr'><strong>distincte</strong></span> <span class='ocrx_word' id='word_1_650' title='bbox 1504 4742 1806 4796; x_wconf 87' lang='lat' dir='ltr'><strong>diceretur.</strong></span> <span class='ocrx_word' id='word_1_651' title='bbox 1830 4742 1898 4798; x_wconf 90' lang='lat' dir='ltr'><strong>Et</strong></span> <span class='ocrx_word' id='word_1_652' title='bbox 1923 4742 2005 4798; x_wconf 89' lang='lat' dir='ltr'><strong>sic</strong></span> 
     </span>
    </p>
   </div>
   <div class='ocr_carea' id='block_1_91' title="bbox 415 4831 1999 4891">
    <p class='ocr_par' dir='ltr' id='par_1_91' title="bbox 415 4831 1999 4891">
     <span class='ocr_line' id='line_1_91' title="bbox 415 4831 1999 4891; baseline 0.004 -7"><span class='ocrx_word' id='word_1_653' title='bbox 415 4832 577 4886; x_wconf 82' lang='lat' dir='ltr'><strong>iidem</strong></span> <span class='ocrx_word' id='word_1_654' title='bbox 629 4831 769 4887; x_wconf 90' lang='lat' dir='ltr'><strong>idem</strong></span> <span class='ocrx_word' id='word_1_655' title='bbox 824 4842 1080 4887; x_wconf 88' lang='lat' dir='ltr'><strong>astruunt</strong></span> <span class='ocrx_word' id='word_1_656' title='bbox 1132 4848 1198 4889; x_wconf 90' lang='lat' dir='ltr'><strong>ac</strong></span> <span class='ocrx_word' id='word_1_657' title='bbox 1256 4832 1606 4890; x_wconf 86' lang='lat' dir='ltr'><strong>destruunt:</strong></span> <span class='ocrx_word' id='word_1_658' title='bbox 1674 4847 1800 4887; x_wconf 92' lang='lat' dir='ltr'><strong>cum</strong></span> <span class='ocrx_word' id='word_1_659' title='bbox 1853 4835 1999 4891; x_wconf 89' lang='lat' dir='ltr'><strong>enim</strong></span> 
     </span>
    </p>
   </div>
   <div class='ocr_carea' id='block_1_92' title="bbox 413 4922 2005 4992">
    <p class='ocr_par' dir='ltr' id='par_1_92' title="bbox 413 4922 2005 4992">
     <span class='ocr_line' id='line_1_92' title="bbox 413 4922 2005 4992; baseline 0.001 -13"><span class='ocrx_word' id='word_1_660' title='bbox 413 4923 809 4979; x_wconf 69' lang='lat' dir='ltr'><strong>contmunicari</strong></span> <span class='ocrx_word' id='word_1_661' title='bbox 867 4924 1128 4979; x_wconf 85' lang='lat' dir='ltr'><strong>omnibus</strong></span> <span class='ocrx_word' id='word_1_662' title='bbox 1182 4922 1771 4992; x_wconf 85' lang='lat' dir='ltr'><strong>supersuhstantialem</strong></span> <span class='ocrx_word' id='word_1_663' title='bbox 1811 4940 2005 4983; x_wconf 88' lang='lat' dir='ltr'><strong>essen-</strong></span> 
     </span>
    </p>
   </div>
   <div class='ocr_carea' id='block_1_93' title="bbox 413 5008 2004 5083">
    <p class='ocr_par' dir='ltr' id='par_1_93' title="bbox 413 5008 2004 5083">
     <span class='ocr_line' id='line_1_93' title="bbox 413 5008 2004 5083; baseline 0.003 -12"><span class='ocrx_word' id='word_1_664' title='bbox 413 5019 544 5071; x_wconf 80' lang='lat' dir='ltr'><strong>tiaut</strong></span> <span class='ocrx_word' id='word_1_665' title='bbox 576 5018 938 5083; x_wconf 85' lang='lat' dir='ltr'><strong>contendant,</strong></span> <span class='ocrx_word' id='word_1_666' title='bbox 985 5018 1302 5077; x_wconf 88' lang='lat' dir='ltr'><strong>necessario</strong></span> <span class='ocrx_word' id='word_1_667' title='bbox 1343 5008 1657 5073; x_wconf 74' lang='lat' dir='ltr'><strong>inéreatum</strong></span> <span class='ocrx_word' id='word_1_668' title='bbox 1690 5020 2004 5075; x_wconf 82' lang='lat' dir='ltr'><strong>communi-</strong></span> 
     </span>
    </p>
   </div>
   <div class='ocr_carea' id='block_1_94' title="bbox 411 5110 1998 5184">
    <p class='ocr_par' dir='ltr' id='par_1_94' title="bbox 411 5110 1998 5184">
     <span class='ocr_line' id='line_1_94' title="bbox 411 5110 1998 5184; baseline 0.003 -20"><span class='ocrx_word' id='word_1_669' title='bbox 411 5110 524 5164; x_wconf 81' lang='lat' dir='ltr'><strong>cari</strong></span> <span class='ocrx_word' id='word_1_670' title='bbox 557 5113 770 5167; x_wconf 88' lang='lat' dir='ltr'><strong>cunctis</strong></span> <span class='ocrx_word' id='word_1_671' title='bbox 804 5112 1264 5184; x_wconf 84' lang='lat' dir='ltr'><strong>participantibus</strong></span> <span class='ocrx_word' id='word_1_672' title='bbox 1294 5110 1574 5175; x_wconf 84' lang='lat' dir='ltr'><strong>fatentur;</strong></span> <span class='ocrx_word' id='word_1_673' title='bbox 1628 5122 1755 5163; x_wconf 92' lang='lat' dir='ltr'><strong>cum</strong></span> <span class='ocrx_word' id='word_1_674' title='bbox 1812 5117 1998 5168; x_wconf 91' lang='lat' dir='ltr'><strong>autem</strong></span> 
     </span>
    </p>
   </div>
   <div class='ocr_carea' id='block_1_95' title="bbox 316 5200 1998 5274">
    <p class='ocr_par' dir='ltr' id='par_1_95' title="bbox 316 5200 1998 5274">
     <span class='ocr_line' id='line_1_95' title="bbox 316 5200 1998 5274; baseline 0.001 -16"><span class='ocrx_word' id='word_1_675' title='bbox 316 5234 321 5239; x_wconf 66' lang='grc' dir='ltr'><strong>ι</strong></span> <span class='ocrx_word' id='word_1_676' title='bbox 411 5213 650 5259; x_wconf 75' lang='lat' dir='ltr'><strong>creatam</strong></span> <span class='ocrx_word' id='word_1_677' title='bbox 680 5205 869 5260; x_wconf 90' lang='lat' dir='ltr'><strong>dicunt</strong></span> <span class='ocrx_word' id='word_1_678' title='bbox 898 5207 1156 5274; x_wconf 81' lang='lat' dir='ltr'><strong>gratiam,</strong></span> <span class='ocrx_word' id='word_1_679' title='bbox 1188 5205 1498 5258; x_wconf 88' lang='lat' dir='ltr'><strong>increatum</strong></span> <span class='ocrx_word' id='word_1_680' title='bbox 1523 5216 1592 5256; x_wconf 92' lang='lat' dir='ltr'><strong>ne</strong></span> <span class='ocrx_word' id='word_1_681' title='bbox 1617 5200 1753 5272; x_wconf 90' lang='lat' dir='ltr'><strong>ipsis</strong></span> <span class='ocrx_word' id='word_1_682' title='bbox 1777 5204 1998 5274; x_wconf 88' lang='lat' dir='ltr'><strong>quidem</strong></span> 
     </span>
    </p>
   </div>
   <div class='ocr_carea' id='block_1_96' title="bbox 412 5297 1466 5364">
    <p class='ocr_par' dir='ltr' id='par_1_96' title="bbox 412 5297 1466 5364">
     <span class='ocr_line' id='line_1_96' title="bbox 412 5297 1466 5364; baseline -0.003 -13"><span class='ocrx_word' id='word_1_683' title='bbox 412 5297 693 5352; x_wconf 78' lang='lat' dir='ltr'><strong>cmlitibus</strong></span> <span class='ocrx_word' id='word_1_684' title='bbox 710 5297 1108 5352; x_wconf 81' lang='lat' dir='ltr'><strong>communicari</strong></span> <span class='ocrx_word' id='word_1_685' title='bbox 1139 5302 1466 5364; x_wconf 79' lang='lat' dir='ltr'><strong>agnoscunt.</strong></span> 
     </span>
    </p>
   </div>
   <div class='ocr_carea' id='block_1_97' title="bbox 485 5385 1999 5460">
    <p class='ocr_par' dir='ltr' id='par_1_97' title="bbox 485 5385 1999 5460">
     <span class='ocr_line' id='line_1_97' title="bbox 485 5385 1999 5460; baseline 0.003 -20"><span class='ocrx_word' id='word_1_686' title='bbox 485 5386 716 5457; x_wconf 80' lang='lat' dir='ltr'><strong>Theoph.</strong></span> <span class='ocrx_word' id='word_1_687' title='bbox 746 5386 1185 5459; x_wconf 87' lang='lat' dir='ltr'><strong>Oppositionem,</strong></span> <span class='ocrx_word' id='word_1_688' title='bbox 1220 5399 1253 5440; x_wconf 91' lang='grc' dir='ltr'><strong>ο</strong></span> <span class='ocrx_word' id='word_1_689' title='bbox 1282 5385 1480 5453; x_wconf 78' lang='lat' dir='ltr'><strong>amice,</strong></span> <span class='ocrx_word' id='word_1_690' title='bbox 1508 5397 1761 5456; x_wconf 63' lang='lat' dir='ltr'><strong>quaerunt</strong></span> <span class='ocrx_word' id='word_1_691' title='bbox 1817 5389 1999 5460; x_wconf 78' lang='lat' dir='ltr'><strong>quoad</strong></span> 
     </span>
    </p>
   </div>
   <div class='ocr_carea' id='block_1_98' title="bbox 412 5478 2001 5551">
    <p class='ocr_par' dir='ltr' id='par_1_98' title="bbox 412 5478 2001 5551">
     <span class='ocr_line' id='line_1_98' title="bbox 412 5478 2001 5551; baseline 0.003 -16"><span class='ocrx_word' id='word_1_692' title='bbox 412 5496 633 5547; x_wconf 88' lang='lat' dir='ltr'><strong>nomen,</strong></span> <span class='ocrx_word' id='word_1_693' title='bbox 673 5481 816 5537; x_wconf 89' lang='lat' dir='ltr'><strong>haud</strong></span> <span class='ocrx_word' id='word_1_694' title='bbox 850 5480 1032 5550; x_wconf 85' lang='lat' dir='ltr'><strong>quoad</strong></span> <span class='ocrx_word' id='word_1_695' title='bbox 1065 5492 1178 5534; x_wconf 91' lang='lat' dir='ltr'><strong>rem</strong></span> <span class='ocrx_word' id='word_1_696' title='bbox 1233 5478 1457 5534; x_wconf 87' lang='lat' dir='ltr'><strong>nomine</strong></span> <span class='ocrx_word' id='word_1_697' title='bbox 1504 5481 1890 5551; x_wconf 59' lang='lat' dir='ltr'><strong>signifieatan‘t.</strong></span> <span class='ocrx_word' id='word_1_698' title='bbox 1928 5484 2001 5539; x_wconf 84' lang='lat' dir='ltr'><strong>At</strong></span> 
     </span>
    </p>
   </div>
   <div class='ocr_carea' id='block_1_99' title="bbox 410 5570 1997 5643">
    <p class='ocr_par' dir='ltr' id='par_1_99' title="bbox 410 5570 1997 5643">
     <span class='ocr_line' id='line_1_99' title="bbox 410 5570 1997 5643; baseline 0.005 -20"><span class='ocrx_word' id='word_1_699' title='bbox 410 5570 454 5623; x_wconf 84' lang='lat' dir='ltr'><strong>si</strong></span> <span class='ocrx_word' id='word_1_700' title='bbox 490 5572 557 5625; x_wconf 90' lang='lat' dir='ltr'><strong>ad</strong></span> <span class='ocrx_word' id='word_1_701' title='bbox 591 5571 962 5643; x_wconf 72' lang='lat' dir='ltr'><strong>significatum</strong></span> <span class='ocrx_word' id='word_1_702' title='bbox 1013 5570 1302 5624; x_wconf 86' lang='lat' dir='ltr'><strong>advertant</strong></span> <span class='ocrx_word' id='word_1_703' title='bbox 1336 5579 1597 5636; x_wconf 89' lang='lat' dir='ltr'><strong>mentem,</strong></span> <span class='ocrx_word' id='word_1_704' title='bbox 1639 5588 1749 5627; x_wconf 88' lang='lat' dir='ltr'><strong>non</strong></span> <span class='ocrx_word' id='word_1_705' title='bbox 1783 5575 1997 5642; x_wconf 85' lang='lat' dir='ltr'><strong>species</strong></span> 
     </span>
    </p>
   </div>
   <div class='ocr_carea' id='block_1_100' title="bbox 409 5661 1999 5737">
    <p class='ocr_par' dir='ltr' id='par_1_100' title="bbox 409 5661 1999 5737">
     <span class='ocr_line' id='line_1_100' title="bbox 409 5661 1999 5737; baseline 0.004 -22"><span class='ocrx_word' id='word_1_706' title='bbox 409 5662 678 5716; x_wconf 77' lang='lat' dir='ltr'><strong>duntaxat</strong></span> <span class='ocrx_word' id='word_1_707' title='bbox 699 5661 1129 5732; x_wconf 75' lang='lat' dir='ltr'><strong>signifieatorum</strong></span> <span class='ocrx_word' id='word_1_708' title='bbox 1155 5662 1480 5730; x_wconf 85' lang='lat' dir='ltr'><strong>diviserunt,</strong></span> <span class='ocrx_word' id='word_1_709' title='bbox 1514 5665 1611 5720; x_wconf 90' lang='lat' dir='ltr'><strong>sed</strong></span> <span class='ocrx_word' id='word_1_710' title='bbox 1634 5681 1699 5720; x_wconf 91' lang='lat' dir='ltr'><strong>eo</strong></span> <span class='ocrx_word' id='word_1_711' title='bbox 1731 5682 1999 5737; x_wconf 86' lang='lat' dir='ltr'><strong>pervene-</strong></span> 
     </span>
    </p>
   </div>
   <div class='ocr_carea' id='block_1_101' title="bbox 418 5754 1997 5832">
    <p class='ocr_par' dir='ltr' id='par_1_101' title="bbox 418 5754 1997 5832">
     <span class='ocr_line' id='line_1_101' title="bbox 418 5754 1997 5832; baseline 0.006 -24"><span class='ocrx_word' id='word_1_712' title='bbox 418 5765 546 5809; x_wconf 87' lang='lat' dir='ltr'><strong>runt</strong></span> <span class='ocrx_word' id='word_1_713' title='bbox 576 5766 635 5810; x_wconf 89' lang='lat' dir='ltr'><strong>ut</strong></span> <span class='ocrx_word' id='word_1_714' title='bbox 659 5754 1039 5825; x_wconf 86' lang='lat' dir='ltr'><strong>discerperent</strong></span> <span class='ocrx_word' id='word_1_715' title='bbox 1069 5770 1180 5811; x_wconf 90' lang='lat' dir='ltr'><strong>rem</strong></span> <span class='ocrx_word' id='word_1_716' title='bbox 1209 5755 1383 5827; x_wconf 90' lang='lat' dir='ltr'><strong>ipsam</strong></span> <span class='ocrx_word' id='word_1_717' title='bbox 1411 5755 1476 5810; x_wconf 88' lang='lat' dir='ltr'><strong>de</strong></span> <span class='ocrx_word' id='word_1_718' title='bbox 1500 5774 1605 5829; x_wconf 88' lang='lat' dir='ltr'><strong>qua</strong></span> <span class='ocrx_word' id='word_1_719' title='bbox 1631 5771 1711 5815; x_wconf 90' lang='lat' dir='ltr'><strong>est</strong></span> <span class='ocrx_word' id='word_1_720' title='bbox 1741 5763 1997 5832; x_wconf 63' lang='lat' dir='ltr'><strong>quaestio.</strong></span> 
     </span>
    </p>
   </div>
   <div class='ocr_carea' id='block_1_102' title="bbox 393 5843 2001 5924">
    <p class='ocr_par' dir='ltr' id='par_1_102' title="bbox 393 5843 2001 5924">
     <span class='ocr_line' id='line_1_102' title="bbox 393 5843 2001 5924; baseline 0.008 -28"><span class='ocrx_word' id='word_1_721' title='bbox 393 5843 477 5924; x_wconf 24' lang='grc' dir='ltr'><strong>λιιι</strong></span> <span class='ocrx_word' id='word_1_722' title='bbox 514 5846 597 5900; x_wconf 92' lang='lat' dir='ltr'><strong>his</strong></span> <span class='ocrx_word' id='word_1_723' title='bbox 632 5846 795 5914; x_wconf 81' lang='lat' dir='ltr'><strong>igitur</strong></span> <span class='ocrx_word' id='word_1_724' title='bbox 824 5846 1042 5902; x_wconf 87' lang='lat' dir='ltr'><strong>sibimet</strong></span> <span class='ocrx_word' id='word_1_725' title='bbox 1059 5846 1218 5903; x_wconf 89' lang='lat' dir='ltr'><strong>inviti</strong></span> <span class='ocrx_word' id='word_1_726' title='bbox 1243 5849 1629 5906; x_wconf 85' lang='lat' dir='ltr'><strong>contradicunt</strong></span> <span class='ocrx_word' id='word_1_727' title='bbox 1650 5894 1663 5917; x_wconf 92' lang='lat'><strong>,</strong></span> <span class='ocrx_word' id='word_1_728' title='bbox 1695 5869 2001 5923; x_wconf 86' lang='lat' dir='ltr'><strong>eorumque</strong></span> 
     </span>
    </p>
   </div>
   <div class='ocr_carea' id='block_1_103' title="bbox 395 5936 2000 6009">
    <p class='ocr_par' dir='ltr' id='par_1_103' title="bbox 395 5936 2000 6009">
     <span class='ocr_line' id='line_1_103' title="bbox 395 5936 2000 6009; baseline 0.01 -24"><span class='ocrx_word' id='word_1_729' title='bbox 395 5936 783 6009; x_wconf 63' lang='lat' dir='ltr'><strong>cogitationes</strong></span> <span class='ocrx_word' id='word_1_730' title='bbox 824 5946 879 5993; x_wconf 92' lang='lat' dir='ltr'><strong>ct</strong></span> <span class='ocrx_word' id='word_1_731' title='bbox 914 5954 1203 5997; x_wconf 86' lang='lat' dir='ltr'><strong>sermones</strong></span> <span class='ocrx_word' id='word_1_732' title='bbox 1230 5941 1375 5998; x_wconf 79' lang='lat' dir='ltr'><strong>velut</strong></span> <span class='ocrx_word' id='word_1_733' title='bbox 1410 5942 1465 6003; x_wconf 86' lang='lat' dir='ltr'><strong>in</strong></span> <span class='ocrx_word' id='word_1_734' title='bbox 1505 5943 1623 5998; x_wconf 85' lang='lat' dir='ltr'><strong>alea</strong></span> <span class='ocrx_word' id='word_1_735' title='bbox 1665 5947 2000 6005; x_wconf 66' lang='lat' dir='ltr'><strong>circumvol-</strong></span> 
     </span>
    </p>
   </div>
   <div class='ocr_carea' id='block_1_104' title="bbox 2114 4724 3662 4811">
    <p class='ocr_par' dir='ltr' id='par_1_104' title="bbox 2114 4724 3662 4811">
     <span class='ocr_line' id='line_1_104' title="bbox 2114 4724 3662 4811; baseline -0.014 -15"><span class='ocrx_word' id='word_1_736' title='bbox 2114 4741 2192 4806; x_wconf 81' lang='grc' dir='ltr'><strong>δὲ,</strong></span> <span class='ocrx_word' id='word_1_737' title='bbox 2212 4742 2455 4811; x_wconf 87' lang='grc' dir='ltr'><strong>χωροῦσι</strong></span> <span class='ocrx_word' id='word_1_738' title='bbox 2500 4742 2645 4794; x_wconf 77' lang='grc' dir='ltr'><strong>κατὰ</strong></span> <span class='ocrx_word' id='word_1_739' title='bbox 2680 4739 2778 4794; x_wconf 88' lang='grc' dir='ltr'><strong>τοῦ</strong></span> <span class='ocrx_word' id='word_1_740' title='bbox 2809 4741 2999 4811; x_wconf 79' lang='grc' dir='ltr'><strong>ἑτέρου</strong></span> <span class='ocrx_word' id='word_1_741' title='bbox 3018 4781 3034 4806; x_wconf 89' lang='grc'><strong>,</strong></span> <span class='ocrx_word' id='word_1_742' title='bbox 3057 4740 3134 4803; x_wconf 85' lang='grc' dir='ltr'><strong>ὡς</strong></span> <span class='ocrx_word' id='word_1_743' title='bbox 3169 4741 3243 4810; x_wconf 82' lang='grc' dir='ltr'><strong>μὴ</strong></span> <span class='ocrx_word' id='word_1_744' title='bbox 3271 4734 3551 4807; x_wconf 74' lang='grc' dir='ltr'><strong>εἰρημένου</strong></span> <span class='ocrx_word' id='word_1_745' title='bbox 3581 4724 3662 4778; x_wconf 75' lang='grc' dir='ltr'><strong>καὶ</strong></span> 
     </span>
    </p>
   </div>
   <div class='ocr_carea' id='block_1_105' title="bbox 2118 4813 3661 4905">
    <p class='ocr_par' dir='ltr' id='par_1_105' title="bbox 2118 4813 3661 4905">
     <span class='ocr_line' id='line_1_105' title="bbox 2118 4813 3661 4905; baseline -0.004 -19"><span class='ocrx_word' id='word_1_746' title='bbox 2118 4834 2229 4887; x_wconf 77' lang='grc' dir='ltr'><strong>οὐδ’</strong></span> <span class='ocrx_word' id='word_1_747' title='bbox 2262 4835 2530 4905; x_wconf 79' lang='grc' dir='ltr'><strong>ἐκατέρου</strong></span> <span class='ocrx_word' id='word_1_748' title='bbox 2564 4832 2892 4903; x_wconf 79' lang='grc' dir='ltr'><strong>ὡρισμένως</strong></span> <span class='ocrx_word' id='word_1_749' title='bbox 2912 4849 2928 4865; x_wconf 76' lang='grc' dir='ltr'><strong><em>ο</em></strong></span> <span class='ocrx_word' id='word_1_750' title='bbox 2967 4833 3044 4897; x_wconf 84' lang='grc' dir='ltr'><strong>ὡς</strong></span> <span class='ocrx_word' id='word_1_751' title='bbox 3074 4829 3215 4887; x_wconf 74' lang='grc' dir='ltr'><strong>εἶναι</strong></span> <span class='ocrx_word' id='word_1_752' title='bbox 3243 4832 3369 4893; x_wconf 73' lang='grc' dir='ltr'><strong>τοὺς</strong></span> <span class='ocrx_word' id='word_1_753' title='bbox 3398 4822 3584 4880; x_wconf 77' lang='grc' dir='ltr'><strong>αὐτοὺς</strong></span> <span class='ocrx_word' id='word_1_754' title='bbox 3612 4813 3661 4866; x_wconf 66' lang='grc' dir='ltr'><strong>τὸ</strong></span> 
     </span>
    </p>
   </div>
   <div class='ocr_carea' id='block_1_106' title="bbox 2109 4907 3663 4996">
    <p class='ocr_par' dir='ltr' id='par_1_106' title="bbox 2109 4907 3663 4996">
     <span class='ocr_line' id='line_1_106' title="bbox 2109 4907 3663 4996; baseline 0 -17"><span class='ocrx_word' id='word_1_755' title='bbox 2109 4928 2240 4981; x_wconf 72' lang='grc' dir='ltr'><strong>αὐτὸ</strong></span> <span class='ocrx_word' id='word_1_756' title='bbox 2292 4926 2813 4992; x_wconf 76' lang='grc' dir='ltr'><strong>κατασκευάζοντας</strong></span> <span class='ocrx_word' id='word_1_757' title='bbox 2859 4927 2956 4980; x_wconf 78' lang='grc' dir='ltr'><strong>καὶ</strong></span> <span class='ocrx_word' id='word_1_758' title='bbox 2999 4924 3379 4996; x_wconf 79' lang='grc' dir='ltr'><strong>ἀναιροῦντας.</strong></span> <span class='ocrx_word' id='word_1_759' title='bbox 3411 4918 3534 4970; x_wconf 83' lang='grc' dir='ltr'><strong>Ὅτε</strong></span> <span class='ocrx_word' id='word_1_760' title='bbox 3578 4907 3663 4996; x_wconf 46' lang='grc' dir='ltr'><strong>μὲν</strong></span> 
     </span>
    </p>
   </div>
   <div class='ocr_carea' id='block_1_107' title="bbox 2112 4995 3663 5090">
    <p class='ocr_par' dir='ltr' id='par_1_107' title="bbox 2112 4995 3663 5090">
     <span class='ocr_line' id='line_1_107' title="bbox 2112 4995 3663 5090; baseline -0.017 -16"><span class='ocrx_word' id='word_1_761' title='bbox 2112 5019 2221 5088; x_wconf 73' lang='grc' dir='ltr'><strong>γὰρ</strong></span> <span class='ocrx_word' id='word_1_762' title='bbox 2257 5019 2534 5090; x_wconf 80' lang='grc' dir='ltr'><strong>μεθεκτὴν</strong></span> <span class='ocrx_word' id='word_1_763' title='bbox 2559 5019 2735 5073; x_wconf 74' lang='grc' dir='ltr'><strong>ἅπασι</strong></span> <span class='ocrx_word' id='word_1_764' title='bbox 2757 5017 2859 5090; x_wconf 76' lang='grc' dir='ltr'><strong>τὴν</strong></span> <span class='ocrx_word' id='word_1_765' title='bbox 2888 4995 3330 5089; x_wconf 82' lang='grc' dir='ltr'><strong>δπερουσιότητα</strong></span> <span class='ocrx_word' id='word_1_766' title='bbox 3361 5008 3565 5072; x_wconf 76' lang='grc' dir='ltr'><strong>ἐκείνην</strong></span> <span class='ocrx_word' id='word_1_767' title='bbox 3590 4995 3663 5047; x_wconf 82' lang='grc' dir='ltr'><strong>λέ-</strong></span> 
     </span>
    </p>
   </div>
   <div class='ocr_carea' id='block_1_108' title="bbox 2109 5089 3659 5195">
    <p class='ocr_par' dir='ltr' id='par_1_108' title="bbox 2109 5089 3659 5195">
     <span class='ocr_line' id='line_1_108' title="bbox 2109 5089 3659 5195; baseline -0.028 -12"><span class='ocrx_word' id='word_1_768' title='bbox 2109 5089 2323 5183; x_wconf 68' lang='grc' dir='ltr'><strong>γουσέν.</strong></span> <span class='ocrx_word' id='word_1_769' title='bbox 2358 5113 2419 5179; x_wconf 70' lang='grc' dir='ltr'>ἐξ</span> <span class='ocrx_word' id='word_1_770' title='bbox 2449 5089 2700 5183; x_wconf 45' lang='grc' dir='ltr'><strong>ἀνάγκης</strong></span> <span class='ocrx_word' id='word_1_771' title='bbox 2743 5089 3005 5166; x_wconf 81' lang='grc' dir='ltr'><strong>ἀκτίστου</strong></span> <span class='ocrx_word' id='word_1_772' title='bbox 3039 5111 3244 5164; x_wconf 82' lang='grc' dir='ltr'><strong>διδόασι</strong></span> <span class='ocrx_word' id='word_1_773' title='bbox 3273 5102 3515 5195; x_wconf 71' lang='grc' dir='ltr'><strong>μετέχειν</strong></span> <span class='ocrx_word' id='word_1_774' title='bbox 3543 5089 3659 5195; x_wconf 33' lang='lat' dir='ltr'><strong>sive</strong></span> 
     </span>
    </p>
   </div>
   <div class='ocr_carea' id='block_1_109' title="bbox 2108 5192 3659 5274">
    <p class='ocr_par' dir='ltr' id='par_1_109' title="bbox 2108 5192 3659 5274">
     <span class='ocr_line' id='line_1_109' title="bbox 2108 5192 3659 5274; baseline -0.007 -14"><span class='ocrx_word' id='word_1_775' title='bbox 2108 5225 2208 5270; x_wconf 80' lang='grc' dir='ltr'><strong>τας</strong></span> <span class='ocrx_word' id='word_1_776' title='bbox 2235 5207 2363 5271; x_wconf 76' lang='grc' dir='ltr'><strong>τοὺς</strong></span> <span class='ocrx_word' id='word_1_777' title='bbox 2401 5205 2736 5274; x_wconf 82' lang='grc' dir='ltr'><strong>μετέχοντας</strong></span> <span class='ocrx_word' id='word_1_778' title='bbox 2755 5217 2771 5234; x_wconf 86' lang='grc'><strong><em>⁸</em></strong></span> <span class='ocrx_word' id='word_1_779' title='bbox 2801 5204 2890 5257; x_wconf 83' lang='grc' dir='ltr'><strong>ὅτε</strong></span> <span class='ocrx_word' id='word_1_780' title='bbox 2923 5203 2979 5256; x_wconf 86' lang='grc' dir='ltr'><strong>δὲ</strong></span> <span class='ocrx_word' id='word_1_781' title='bbox 3007 5203 3233 5272; x_wconf 78' lang='grc' dir='ltr'><strong>κτιστὴν</strong></span> <span class='ocrx_word' id='word_1_782' title='bbox 3257 5199 3353 5269; x_wconf 78' lang='grc' dir='ltr'><strong>τὴν</strong></span> <span class='ocrx_word' id='word_1_783' title='bbox 3380 5192 3548 5264; x_wconf 67' lang='grc' dir='ltr'><strong>χάριν,</strong></span> <span class='ocrx_word' id='word_1_784' title='bbox 3574 5192 3659 5233; x_wconf 51' lang='lat'><strong>0&#39;3&quot;</strong></span> 
     </span>
    </p>
   </div>
   <div class='ocr_carea' id='block_1_110' title="bbox 2111 5275 3651 5371">
    <p class='ocr_par' dir='ltr' id='par_1_110' title="bbox 2111 5275 3651 5371">
     <span class='ocr_line' id='line_1_110' title="bbox 2111 5275 3651 5371; baseline 0.014 -17"><span class='ocrx_word' id='word_1_785' title='bbox 2111 5300 2371 5354; x_wconf 82' lang='grc' dir='ltr'><strong>ἀκτίστου</strong></span> <span class='ocrx_word' id='word_1_786' title='bbox 2396 5297 2529 5352; x_wconf 74' lang='grc' dir='ltr'><strong>οὐδ’</strong></span> <span class='ocrx_word' id='word_1_787' title='bbox 2570 5297 2769 5359; x_wconf 79' lang='grc' dir='ltr'><strong>αὐτοὺς</strong></span> <span class='ocrx_word' id='word_1_788' title='bbox 2810 5293 3060 5357; x_wconf 74' lang='grc' dir='ltr'><strong>ἐκείνους</strong></span> <span class='ocrx_word' id='word_1_789' title='bbox 3105 5296 3232 5357; x_wconf 81' lang='grc' dir='ltr'><strong>τοὺς</strong></span> <span class='ocrx_word' id='word_1_790' title='bbox 3266 5275 3651 5371; x_wconf 48' lang='grc' dir='ltr'><strong>ὑπερκοσὲλίῗῗῗ</strong></span> 
     </span>
    </p>
   </div>
   <div class='ocr_carea' id='block_1_111' title="bbox 2188 5361 3656 5461">
    <p class='ocr_par' dir='ltr' id='par_1_111' title="bbox 2188 5361 3656 5461">
     <span class='ocr_line' id='line_1_111' title="bbox 2188 5361 3656 5461; baseline -0.02 -15"><span class='ocrx_word' id='word_1_791' title='bbox 2188 5395 2366 5461; x_wconf 75' lang='grc' dir='ltr'><strong>Θεοφ.</strong></span> <span class='ocrx_word' id='word_1_792' title='bbox 2398 5390 2512 5461; x_wconf 80' lang='grc' dir='ltr'><strong>Τὴν</strong></span> <span class='ocrx_word' id='word_1_793' title='bbox 2536 5390 2681 5442; x_wconf 81' lang='grc' dir='ltr'><strong>κατὰ</strong></span> <span class='ocrx_word' id='word_1_794' title='bbox 2703 5389 2765 5441; x_wconf 72' lang='grc' dir='ltr'><strong>τὸ</strong></span> <span class='ocrx_word' id='word_1_795' title='bbox 2791 5388 2965 5459; x_wconf 75' lang='grc' dir='ltr'><strong>ὄνομα</strong></span> <span class='ocrx_word' id='word_1_796' title='bbox 2993 5386 3157 5457; x_wconf 86' lang='grc' dir='ltr'><strong>μόνον</strong></span> <span class='ocrx_word' id='word_1_797' title='bbox 3184 5383 3469 5440; x_wconf 89' lang='grc' dir='ltr'><strong>ἀντίθεσιν,</strong></span> <span class='ocrx_word' id='word_1_798' title='bbox 3492 5362 3533 5422; x_wconf 79' lang='grc' dir='ltr'><strong>ὦ</strong></span> <span class='ocrx_word' id='word_1_799' title='bbox 3556 5361 3656 5434; x_wconf 61' lang='grc' dir='ltr'><strong>βέὶνο</strong></span> 
     </span>
    </p>
   </div>
   <div class='ocr_carea' id='block_1_112' title="bbox 2112 5465 3652 5555">
    <p class='ocr_par' dir='ltr' id='par_1_112' title="bbox 2112 5465 3652 5555">
     <span class='ocr_line' id='line_1_112' title="bbox 2112 5465 3652 5555; baseline -0.005 -15"><span class='ocrx_word' id='word_1_800' title='bbox 2112 5502 2288 5550; x_wconf 80' lang='grc' dir='ltr'><strong>τιστε,</strong></span> <span class='ocrx_word' id='word_1_801' title='bbox 2320 5483 2607 5555; x_wconf 73' lang='grc' dir='ltr'><strong>ζητοῦσιν,</strong></span> <span class='ocrx_word' id='word_1_802' title='bbox 2652 5483 2714 5537; x_wconf 82' lang='grc' dir='ltr'><strong>οὗ</strong></span> <span class='ocrx_word' id='word_1_803' title='bbox 2759 5481 2859 5554; x_wconf 81' lang='grc' dir='ltr'><strong>τὴν</strong></span> <span class='ocrx_word' id='word_1_804' title='bbox 2890 5484 3032 5536; x_wconf 85' lang='grc' dir='ltr'><strong>κατὰ</strong></span> <span class='ocrx_word' id='word_1_805' title='bbox 3058 5480 3119 5534; x_wconf 84' lang='grc' dir='ltr'><strong>τὸ</strong></span> <span class='ocrx_word' id='word_1_806' title='bbox 3154 5478 3258 5534; x_wconf 82' lang='grc' dir='ltr'><strong>ὑπὸ</strong></span> <span class='ocrx_word' id='word_1_807' title='bbox 3296 5471 3387 5528; x_wconf 88' lang='grc' dir='ltr'><strong>τοῦ</strong></span> <span class='ocrx_word' id='word_1_808' title='bbox 3423 5465 3652 5532; x_wconf 66' lang='grc' dir='ltr'><strong>ὀνόμοντος</strong></span> 
     </span>
    </p>
   </div>
   <div class='ocr_carea' id='block_1_113' title="bbox 2112 5558 3650 5648">
    <p class='ocr_par' dir='ltr' id='par_1_113' title="bbox 2112 5558 3650 5648">
     <span class='ocr_line' id='line_1_113' title="bbox 2112 5558 3650 5648; baseline -0.016 -17"><span class='ocrx_word' id='word_1_809' title='bbox 2112 5576 2468 5648; x_wconf 82' lang='grc' dir='ltr'><strong>δηλούμενον.</strong></span> <span class='ocrx_word' id='word_1_810' title='bbox 2500 5574 2565 5627; x_wconf 83' lang='grc' dir='ltr'><strong>Εἰ</strong></span> <span class='ocrx_word' id='word_1_811' title='bbox 2614 5573 2671 5627; x_wconf 80' lang='grc' dir='ltr'><strong>δέ</strong></span> <span class='ocrx_word' id='word_1_812' title='bbox 2721 5591 2826 5628; x_wconf 86' lang='grc' dir='ltr'><strong>που</strong></span> <span class='ocrx_word' id='word_1_813' title='bbox 2866 5573 2962 5628; x_wconf 78' lang='grc' dir='ltr'><strong>καὶ</strong></span> <span class='ocrx_word' id='word_1_814' title='bbox 3001 5573 3142 5641; x_wconf 72' lang='grc' dir='ltr'><strong>πρὸς</strong></span> <span class='ocrx_word' id='word_1_815' title='bbox 3180 5572 3240 5627; x_wconf 73' lang='grc' dir='ltr'><strong>τὸ</strong></span> <span class='ocrx_word' id='word_1_816' title='bbox 3285 5558 3650 5648; x_wconf 47' lang='grc' dir='ltr'><strong>σημαινόμενον</strong></span> 
     </span>
    </p>
   </div>
   <div class='ocr_carea' id='block_1_114' title="bbox 2113 5645 3648 5742">
    <p class='ocr_par' dir='ltr' id='par_1_114' title="bbox 2113 5645 3648 5742">
     <span class='ocr_line' id='line_1_114' title="bbox 2113 5645 3648 5742; baseline -0.023 -17"><span class='ocrx_word' id='word_1_817' title='bbox 2113 5645 2511 5741; x_wconf 63' lang='grc' dir='ltr'><strong>ἐπιστρέφουσι</strong></span> <span class='ocrx_word' id='word_1_818' title='bbox 2535 5665 2630 5720; x_wconf 79' lang='grc' dir='ltr'><strong>τὸν</strong></span> <span class='ocrx_word' id='word_1_819' title='bbox 2656 5665 2799 5731; x_wconf 88' lang='grc' dir='ltr'><strong>νοῦν,</strong></span> <span class='ocrx_word' id='word_1_820' title='bbox 2829 5667 2888 5721; x_wconf 80' lang='grc' dir='ltr'><strong>οὐ</strong></span> <span class='ocrx_word' id='word_1_821' title='bbox 2914 5665 2984 5719; x_wconf 78' lang='grc' dir='ltr'><strong>τὰ</strong></span> <span class='ocrx_word' id='word_1_822' title='bbox 3007 5667 3123 5734; x_wconf 83' lang='grc' dir='ltr'><strong>είδη</strong></span> <span class='ocrx_word' id='word_1_823' title='bbox 3144 5666 3251 5719; x_wconf 83' lang='grc' dir='ltr'><strong>τῶν</strong></span> <span class='ocrx_word' id='word_1_824' title='bbox 3273 5645 3648 5742; x_wconf 68' lang='grc' dir='ltr'><strong>σημαινομένωὲ</strong></span> 
     </span>
    </p>
   </div>
   <div class='ocr_carea' id='block_1_115' title="bbox 2110 5740 3646 5833">
    <p class='ocr_par' dir='ltr' id='par_1_115' title="bbox 2110 5740 3646 5833">
     <span class='ocr_line' id='line_1_115' title="bbox 2110 5740 3646 5833; baseline -0.015 -19"><span class='ocrx_word' id='word_1_825' title='bbox 2110 5740 2439 5828; x_wconf 73' lang='grc' dir='ltr'><strong>διαιροῦσιν,</strong></span> <span class='ocrx_word' id='word_1_826' title='bbox 2471 5757 2550 5820; x_wconf 85' lang='grc' dir='ltr'><strong>ὡς</strong></span> <span class='ocrx_word' id='word_1_827' title='bbox 2598 5756 2973 5820; x_wconf 75' lang='grc' dir='ltr'><strong>ἀπολαϐόντες</strong></span> <span class='ocrx_word' id='word_1_828' title='bbox 3025 5754 3270 5828; x_wconf 76' lang='grc' dir='ltr'><strong>ἀκριϐῶς</strong></span> <span class='ocrx_word' id='word_1_829' title='bbox 3309 5747 3555 5833; x_wconf 71' lang='grc' dir='ltr'><strong>ἐφίκοντο,</strong></span> 
     </span>
    </p>
   </div>
   <div class='ocr_carea' id='block_1_116' title="bbox 2113 5831 3646 5923">
    <p class='ocr_par' dir='ltr' id='par_1_116' title="bbox 2113 5831 3646 5923">
     <span class='ocr_line' id='line_1_116' title="bbox 2113 5831 3646 5923; baseline -0.022 -2"><span class='ocrx_word' id='word_1_830' title='bbox 2113 5854 2281 5906; x_wconf 65' lang='grc' dir='ltr'><strong>’ἑνεκα</strong></span> <span class='ocrx_word' id='word_1_831' title='bbox 2317 5853 2351 5923; x_wconf 75' lang='grc' dir='ltr'>ἡ</span> <span class='ocrx_word' id='word_1_832' title='bbox 2382 5850 2638 5921; x_wconf 74' lang='grc' dir='ltr'><strong>ζήτησις.</strong></span> <span class='ocrx_word' id='word_1_833' title='bbox 2682 5848 2850 5901; x_wconf 82' lang='grc' dir='ltr'><strong>Ταῦτ’</strong></span> <span class='ocrx_word' id='word_1_834' title='bbox 2885 5848 2994 5919; x_wconf 81' lang='grc' dir='ltr'><strong>ἄρα</strong></span> <span class='ocrx_word' id='word_1_835' title='bbox 3037 5849 3133 5913; x_wconf 68' lang='grc' dir='ltr'><strong>καὶ</strong></span> <span class='ocrx_word' id='word_1_836' title='bbox 3164 5845 3314 5901; x_wconf 71' lang='grc' dir='ltr'><strong>αὐτοὶ</strong></span> <span class='ocrx_word' id='word_1_837' title='bbox 3341 5831 3537 5923; x_wconf 59' lang='grc' dir='ltr'><strong>ἑαυτοῖς</strong></span> <span class='ocrx_word' id='word_1_838' title='bbox 3561 5831 3646 5919; x_wconf 61' lang='grc' dir='ltr'><strong>οξκ</strong></span> 
     </span>
    </p>
   </div>
   <div class='ocr_carea' id='block_1_117' title="bbox 2114 5920 3643 6013">
    <p class='ocr_par' dir='ltr' id='par_1_117' title="bbox 2114 5920 3643 6013">
     <span class='ocr_line' id='line_1_117' title="bbox 2114 5920 3643 6013; baseline -0.007 -16"><span class='ocrx_word' id='word_1_839' title='bbox 2114 5944 2336 6006; x_wconf 63' lang='grc' dir='ltr'><strong>ἑκόντες</strong></span> <span class='ocrx_word' id='word_1_840' title='bbox 2369 5936 2512 5996; x_wconf 77' lang='grc' dir='ltr'><strong>εῖναι</strong></span> <span class='ocrx_word' id='word_1_841' title='bbox 2541 5940 2958 6013; x_wconf 79' lang='grc' dir='ltr'><strong>περιπίπτουσι,</strong></span> <span class='ocrx_word' id='word_1_842' title='bbox 2992 5940 3248 6011; x_wconf 67' lang='grc' dir='ltr'><strong>καθάπερ</strong></span> <span class='ocrx_word' id='word_1_843' title='bbox 3276 5937 3330 5988; x_wconf 74' lang='grc' dir='ltr'><strong>ἐν</strong></span> <span class='ocrx_word' id='word_1_844' title='bbox 3358 5920 3531 5988; x_wconf 54' lang='lat' dir='ltr'><strong>tet-’55&quot;!</strong></span> <span class='ocrx_word' id='word_1_845' title='bbox 3560 5923 3643 5979; x_wconf 50' lang='grc' dir='ltr'><strong>της</strong></span> 
     </span>
    </p>
   </div>
   <div class='ocr_carea' id='block_1_118' title="bbox 3914 2709 3918 3337">
    <p class='ocr_par' dir='ltr' id='par_1_118' title="bbox 3914 2709 3918 2995">
     <span class='ocr_line' id='line_1_118' title="bbox 3914 2709 3918 2995; baseline 0 0"><span class='ocrx_word' id='word_1_846' title='bbox 3914 2709 3918 2897; x_wconf 58' lang='grc' dir='ltr'><strong>ν</strong></span> 
     </span>
    </p>
   </div>
  </div>
