4046 6456
253 363 365 430 961

1600 380 2064 447 PROSOPOPlE
2077 388 2092 446 Ι
2105 388 2186 450 .E.

3413 400 3525 468 963

251 489 360 541 ιιιιη
388 483 673 551 facientes,
705 484 908 555 aurigae
931 487 1350 547 ratiocinantem
1386 508 1400 546 :
1427 492 1649 562 quidam
1674 511 1841 552 vena—
1869 505 1913 559 Α
1945 501 2158 559 dicendi
2200 521 2402 575 genere
2455 507 2768 578 hujusntodi
2823 514 3161 585 insistentrs,
3208 520 3274 576 ad
3300 519 3535 591 judicia-

253 579 367 635 tori
399 578 519 633 viro
546 576 990 647 ratiocinantem,
1024 598 1165 655 equo
1191 587 1281 641 cui
1329 586 1531 643 insidet
1575 592 1837 661 concupi-
1878 652 1890 662 ,

253 678 531 731 stentem,
581 669 706 723 cani
757 670 989 742 adjutori
1046 674 1377 733 irascentem
1409 690 1835 751 comparantes:

249 762 388 829 quin
420 761 584 816 etiam
614 760 857 818 locorum
893 765 1313 827 discriminibus
1345 772 1717 844 sejungentes,
1753 790 1840 830 ra-

250 853 461 907 tionem
505 859 565 907 ut
608 852 913 925 principem
947 855 1000 910 in
1035 858 1283 923 cerebro,
1316 869 1578 933 tanquam
1612 863 1665 918 in
1714 879 1841 919 arce

248 959 501 1009 summa,
535 959 567 1000 e
597 946 910 1016 propinquo
939 949 1095 1017 quasi
1137 953 1400 1008 satellitio
1420 968 1683 1012 sensuum
1713 974 1838 1011 mu-

250 1038 428 1091 uitam
455 1052 521 1092 ac
547 1038 827 1094 defensam
871 1058 884 1094 :
918 1042 1054 1097 iram
1090 1045 1143 1099 in
1170 1046 1357 1111 corde,
1396 1049 1754 1118 cupiditatem
1786 1052 1839 1104 in

250 1129 503 1198 jecinore
539 1132 834 1191 collocant.
864 1133 1093 1193 Eximius
1125 1153 1257 1196 vero
1283 1141 1569 1210 sapientiae
1597 1144 1840 1215 Aposto-

251 1224 366 1287 lus,
396 1225 707 1282 evidentius
737 1228 904 1282 animi
928 1241 1136 1299 partem
1163 1233 1392 1289 rationis
1419 1236 1739 1305 participem
1773 1238 1843 1293 ab

248 1326 482 1386 experte
533 1318 901 1389 distinguens,
932 1321 1078 1377 illam
1115 1326 1369 1395 spiritum
1421 1336 1477 1383 et
1521 1327 1840 1385 interiorem

254 1409 537 1464 hominem
565 1449 581 1475 ,
613 1410 756 1466 hanc
785 1427 1008 1469 carnem
1052 1423 1107 1470 et
1168 1420 1499 1475 exteriorem
1558 1421 1840 1478 hominem

251 1501 537 1570 appellat;
566 1501 766 1559 deinde
791 1507 1236 1565 contrarietatem
1264 1527 1454 1568 earum
1476 1514 1840 1584 patefaciens,

259 1606 283 1640 ι
322 1590 527 1654 Cerno,
573 1589 773 1662 inquit.
806 1586 1033 1651 alteram
1087 1597 1259 1671 legem
1311 1618 1434 1671 qua:
1470 1605 1523 1658 in
1576 1606 1843 1662 membris

256 1680 402 1736 meis
435 1689 542 1746 est,
573 1693 969 1752 repugnantem
1018 1687 1123 1759 legi
1168 1692 1369 1746 mentis
1411 1708 1568 1757 meae.
1589 1705 1644 1750 et
1670 1696 1843 1764 capti-

254 1782 477 1828 vantem
511 1790 601 1831 me
629 1777 733 1832 sub
769 1777 941 1848 legem
971 1783 1180 1850 peccati
1200 1783 1242 1837 ί.
1276 1803 1297 1837 ι
1330 1784 1623 1846 Orationes
1659 1798 1840 1843 autem

256 1882 400 1934 quas
428 1883 635 1940 corpus
660 1879 713 1926 et
740 1867 913 1930 mens'
937 1889 1033 1930 seu
1063 1877 1278 1934 ratione
1325 1887 1508 1943 utens,
1533 1889 1589 1937 et
1624 1883 1841 1952 patiens

258 1958 431 2014 animi
466 1976 615 2030 pars,
657 1962 899 2019 vicissim
931 1965 1267 2033 habuerunt,
1298 1969 1519 2026 exiliter
1547 1971 1843 2029 admodum

258 2053 470 2108 stoicus
518 2052 814 2112 Cleanthes
863 2070 948 2113 est
980 2070 1352 2122 commentus.
1386 2062 1468 2119 sic
1513 2079 1610 2120 eas
1639 2064 1845 2122 faciens

254 2145 547 2213 loquentes
568 2146 764 2215 :Quid,
789 2149 1094 2218 anime,vis
1121 2151 1325 2208 factum
1346 2154 1464 2221 tibi,
1491 2155 1622 2211 mihi
1641 2157 1843 2212 indica.

252 2236 538 2307 Quidquid
588 2239 728 2307 fieri,
763 2257 796 2296 o
827 2243 989 2306 ratio,
1027 2244 1317 2305 desidero:
1350 2248 1402 2302 id
1438 2249 1648 2316 regium
1686 2251 1847 2321 plane

254 2338 363 2382 est.
395 2327 628 2395 Quidam
659 2334 824 2389 etiam
860 2333 1123 2401 Ecclesiae
1167 2339 1476 2409 sapientum
1524 2344 1840 2409 doctorum.

256 2422 568 2479 iamborum
628 2427 891 2496 scriptor,
932 2430 1011 2483 ait
1064 2430 1241 2487 alibi:
1277 2431 1402 2487 Tibi
1451 2434 1582 2505 quid
1616 2447 1844 2506 exoptas

254 2515 374 2569 fieri
406 2532 422 2574 :
460 2526 694 2572 mentem
758 2535 935 2576 meam
990 2522 1143 2578 soleo
1201 2539 1396 2597 rogare
1429 2542 1445 2593 ;
1490 2530 1647 2584 visne
1675 2528 1842 2602 Gygis

250 2621 348 2663 res
388 2606 489 2664 has
521 2606 574 2665 et
620 2608 786 2679 illas?
816 2612 929 2671 Nos
955 2630 1084 2672 vero
1128 2616 1182 2672 in
1239 2617 1553 2689 juveniliori
1602 2622 1840 2693 quodam

1943 597 2048 652 lem
2087 598 2319 655 formam
2366 600 2568 675 dialogi
2623 607 2893 662 rationem
2933 613 3337 678 protendiinus,
3385 627 3440 671 et
3476 628 3536 675 ut

1943 689 2019 743 rei
2052 693 2260 760 species
2301 694 2586 750 honestior
2627 706 2681 751 et
2703 700 2914 767 mquior
2944 714 3112 766 esset,
3148 704 3366 773 judices
3394 712 3535 765 assi-

1942 781 2134 837 dentes
2165 784 2578 851 constituimus,
2624 802 2688 843 ac
2720 799 2903 857 partes
2938 797 3280 851 accusatoris
3310 801 3532 857 animus

1943 872 2173 929 rationis
2230 876 2524 947 particeps,
2582 877 2889 937 defensoris
2943 901 3144 955 corpus
3200 893 3533 947 tenetzhaec

1943 966 2089 1019 enim
2133 982 2258 1021 cum
2293 969 2417 1023 tit-ta
2445 971 2695 1040 qutedam
2749 974 3113 1033 describenda
3148 992 3276 1036 sunt
3306 986 3531 1053 permit-

1944 1063 2157 1109 tnntur.
2186 1053 2299 1112 Nec
2317 1059 2589 1128 quispiam
2627 1062 2887 1120 novitatis
2923 1069 3133 1123 crimen
3171 1070 3371 1126 inferat
3404 1090 3532 1128 ora-

1945 1146 2102 1211 tioni,
2145 1149 2284 1204 haud
2346 1152 2570 1208 nescius
2619 1171 2731 1224 quo
2774 1171 2955 1226 pacto,
2994 1170 3047 1215 et
3093 1166 3161 1216 ad
3201 1164 3523 1234 imaginum.

1943 1251 1998 1293 et
2031 1241 2095 1294 ad
2121 1257 2479 1310 personarum
2511 1246 2766 1316 figmenta
2793 1289 2809 1314 ,
2840 1254 3216 1321 sophistarum
3243 1271 3307 1311 ac
3332 1259 3527 1313 decla-

1945 1335 2211 1388 mantium
2251 1337 2634 1395 meditationes
2662 1354 2935 1412 provectae
2964 1358 3114 1404 sunt.
3158 1349 3313 1417 Quod
3344 1364 3525 1407 autem

1943 1430 2314 1497 assntnptivus
2362 1441 2540 1489 status
2598 1437 2695 1501 sit,
2725 1440 2913 1510 aguitu
2963 1457 3072 1498 non
3108 1452 3207 1509 est,
3233 1446 3282 1500 ei
3314 1447 3532 1502 dillicile

1944 1521 2117 1589 quiin
2163 1523 2421 1582 civilibus
2474 1531 2876 1597 quaestionibus
2899 1537 3226 1605 exercendis
3265 1548 3320 1593 et
3355 1539 3530 1594 medi-

1947 1616 2128 1673 tandis
2159 1617 2483 1688 aliquandiu
2541 1635 2797 1679 versatus
2824 1635 2938 1693 est;
2975 1628 3160 1696 potius
3215 1629 3531 1700 intelligen-

1946 1711 2074 1762 dum
2124 1718 2232 1777 est,
2261 1726 2386 1767 cum
2438 1725 2822 1784 argumentum
2859 1733 3080 1788 gravem
3135 1723 3528 1778 sententiarum

1949 1805 2234 1860 materiam
2289 1809 2662 1877 suppeditaret
2697 1814 2864 1882 (saepe
2894 1813 3038 1867 enim
3073 1824 3283 1870 motum
3315 1833 3531 1871 rerum-

1943 1909 2050 1964 que
2102 1907 2311 1952 natura:
2354 1900 2872 1971 contemplationem
2914 1906 3176 1976 attingit),
3208 1923 3308 1962 nos
3348 1919 3531 1964 tamen

1942 1986 2121 2053 quoad
2158 1986 2337 2050 licuit,
2378 1989 2465 2043 via
2495 1990 2820 2063 rationeque
2872 1996 3188 2062 artificiosa,
3210 2013 3270 2053 re
3296 2001 3362 2052 ad
3393 2000 3534 2054 civi-

1946 2077 2142 2131 liorem
2188 2078 2374 2134 stilum
2426 2093 2680 2138 revocata
2729 2086 2795 2139 ad
2821 2085 3168 2156 judicialium
3216 2090 3529 2144 orationum

1945 2173 2181 2239 speciem
2211 2178 2684 2233 accommodasse.
2719 2177 2876 2245 Quod
2911 2181 2955 2236 si
2983 2197 3080 2252 per
3107 2183 3291 2238 omnia
3323 2199 3536 2240 assum-

1948 2263 2084 2333 ptivi
2100 2267 2316 2335 generis
2337 2269 2512 2338 capita
2546 2271 2628 2325 hae
2657 2288 2763 2326 non
2790 2276 3092 2344 procedant
3118 2277 3421 2341 orationes,
3449 2277 3534 2332 ni-

1953 2354 2029 2409 hil
2057 2356 2295 2423 mirum;
2323 2373 2448 2414 nam
2498 2376 2600 2417 nec
2645 2363 2699 2417 in
2731 2364 2988 2421 omnibus
3035 2368 3159 2424 aliis
3194 2371 3536 2440 argumentis

1951 2449 2136 2503 omnia
2177 2450 2426 2506 incidant
2461 2448 2683 2508 necesse
2715 2465 2835 2522 est;
2874 2461 2987 2514 haec
3010 2476 3133 2529 quze
3162 2462 3534 2530 prmmcditari

1950 2542 2204 2611 oportuit,
2242 2544 2344 2601 hoc
2382 2542 2544 2602 modo
2575 2549 2945 2616 praemeditata
2974 2553 3103 2609 sint.

1335 2959 1718 3024 οΕσιΑΙιΑ
1730 2967 1820 3028 TI
1822 2966 1876 3029 Ο
1950 2969 2370 3036 ASSUMPTI
2379 2970 2497 3037 VA.

334 3132 394 3189 Si
427 3135 571 3205 apud
594 3134 732 3193 alios
760 3137 852 3209 qui
878 3154 988 3197 non
1018 3142 1382 3215 intelligerent
1404 3160 1663 3206 accurate
1684 3168 1848 3223 quam
1874 3133 1922 3198 (ἶ
1954 3148 2082 3191 sum
2105 3138 2173 3194 ad
2198 3153 2263 3195 ea
2299 3141 2552 3199 οΓτίιῘοηθ
2602 3143 2932 3216 explicanda
2968 3161 3091 3218 (Ιυτυ
3140 3154 3543 3210 “ﬂmmeum?

254 3228 440 3298 patior
471 3231 865 3287 contumeliam
898 3235 969 3289 ab
997 3236 1103 3291 hoc
1134 3252 1351 3294 mecum
1388 3244 1685 3315 eonjugato
1719 3261 1845 3301 cor-

256 3336 416 3388 pore,
452 3321 555 3376 hoc
595 3338 838 3392 prasens
866 3336 1142 3383 certamen
1178 3332 1546 3413 instituerem,
1571 3337 1703 3392 mihi
1734 3340 1851 3409 ipse

150 3412 167 3425 ⁴
258 3413 624 3480 facesserem,
659 3416 879 3487 illisque
927 3420 1222 3477 conﬂarem
1286 3429 1504 3497 negetis
1539 3446 1552 3483 :
1590 3430 1848 3485 nimirum

255 3507 328 3562 ad
367 3523 482 3561 rem
520 3509 798 3577 pertinere
831 3511 1066 3580 ducens,
1098 3517 1143 3571 si
1191 3518 1512 3589 singulatim
1542 3538 1605 3577 ea
1650 3524 1850 3593 quibus

259 3614 349 3653 me
385 3599 547 3656 malis
572 3612 767 3657 onerat
797 3604 917 3661 haec
940 3607 1071 3661 mihi
1099 3610 1518 3669 contubernalis
1542 3615 1849 3681 calamitas,

259 3708 614 3761 exponerem.
656 3696 854 3753 Verum
888 3714 1011 3755 cum
1060 3702 1205 3769 apud
1241 3718 1360 3769 vos,
1395 3707 1643 3762 omnium
1677 3710 1851 3764 virtu-

259 3792 379 3837 tum
411 3786 676 3849 cultores.
709 3789 845 3845 mihi
901 3803 1164 3861 quantam
1207 3812 1409 3866 passus
1452 3800 1555 3855 sim
1590 3801 1848 3870 iniuriam

253 3874 446 3928 divina
498 3875 850 3937 Providentia
911 3893 970 3938 ut
1012 3884 1063 3940 id
1096 3886 1337 3944 facerem
1386 3905 1713 3948 concessum
1758 3894 1849 3960 sit,

257 3970 359 4039 qui
399 3969 506 4026 hoc
538 3971 660 4040 ipso
694 3974 839 4042 quod
873 3989 998 4030 cum
1031 3992 1096 4032 eo
1123 3979 1310 4037 luctati
1370 3984 1676 4053 periculum
1716 3986 1853 4043 feci-

263 4062 390 4121 stis.
419 4064 773 4122 manifestum
820 4066 1180 4125 dicendorum
1218 4087 1604 4144 argumentum
1646 4092 1853 4146 praece-

268 4150 454 4223 pistis,
504 4170 611 4211 non
664 4157 962 4213 admodum
1012 4160 1147 4215 mihi
1181 4161 1374 4218 videor
1422 4180 1718 4235 operosum
1758 4178 1853 4224 aut

257 4245 468 4314 alioqui
529 4246 815 4304 molestum
866 4247 1114 4307 futurum
1168 4253 1323 4309 vobis
1386 4257 1495 4312 tale
1571 4269 1853 4316 certamen

261 4348 538 4403 aggressa.
593 4336 740 4394 Satis
784 4339 931 4395 enim
960 4351 1049 4398 est
1101 4343 1249 4400 brevi
1311 4349 1545 4416 quadam
1604 4352 1854 4408 oratione

261 4425 628 4494 percurrisse;
655 4436 712 4484 et
740 4429 1004 4488 duntaxat
1031 4432 1086 4489 in
1121 4437 1446 4494 memoriam
1493 4441 1649 4499 Vobis
1693 4458 1853 4499 revo-

260 4526 439 4576 casse,
468 4516 612 4583 quas
670 4517 802 4572 mihi
844 4518 984 4574 solet
1035 4522 1293 4579 vitiorum
1352 4525 1749 4597 impressiones
1793 4542 1853 4591 et

260 4604 588 4660 occasiones
637 4606 922 4676 exhibere,
955 4611 1190 4684 indeque
1243 4626 1304 4672 ut
1358 4617 1613 4691 suffragia
1657 4620 1854 4679 feratis

262 4697 567 4763 postulare.
598 4698 788 4772 Itaque
821 4705 1104 4773 paululum
1139 4718 1325 4765 vestro
1367 4711 1425 4767 in
1457 4716 1624 4770 rebus
1648 4716 1852 4773 divinis

262 4790 701 4860 contemplandis
746 4795 1099 4877 intermisso
1130 4801 1345 4869 studio,
1383 4805 1577 4861 audite
1620 4823 1728 4873 rue,
1753 4823 1854 4878 per

264 4889 480 4937 vestros
509 4898 608 4940 vos
641 4885 907 4955 obtestor,
948 4884 1166 4946 virtutis
1189 4907 1322 4963 ergo
1349 4905 1403 4950 et
1426 4899 1630 4953 multos
1655 4908 1710 4954 et
1736 4910 1854 4955 ma-

266 4987 406 5042 gnos
438 4975 690 5045 sudores,
738 4986 794 5034 et
829 4980 1028 5051 jurene
1082 5000 1270 5040 meum
1318 5001 1521 5059 corpus
1553 4993 1852 5061 reprehen-

263 5063 415 5131 dam,
450 5080 650 5135 necne,
680 5079 740 5124 ut
762 5071 955 5127 arbitri
985 5072 1202 5144 iudices
1228 5075 1492 5144 judicate,
1524 5095 1594 5136 ne
1624 5083 1855 5152 posthac

264 5157 412 5209 inter
442 5173 547 5213 nos
583 5158 953 5219 dissideamus
978 5175 1145 5235 atque
1177 5166 1554 5226 discordemus
1585 5189 1602 5229 :
1632 5171 1731 5228 sed
1773 5175 1858 5228 in-

265 5247 579 5317 telligamus
628 5269 814 5327 utrum
842 5268 1094 5313 nostrum
1128 5259 1366 5315 alterum
1402 5260 1599 5318 alliciat
1627 5265 1853 5335 injuria.

264 5338 428 5406 Nam,
465 5351 613 5414 quod
645 5350 1018 5408 miserabilius
1047 5362 1150 5421 est,
1185 5364 1384 5422 praeter
1425 5359 1676 5413 convicia
1725 5361 1852 5430 qui-

268 5434 377 5490 bus
409 5435 739 5500 insolentius
793 5445 847 5500 in
895 5460 983 5500 me
1034 5445 1427 5512 dcbacchatur,
1464 5452 1631 5505 etiam
1661 5465 1852 5506 eorum

260 5543 390 5596 quae
446 5533 721 5591 immerito
773 5536 1106 5608 indigneque
1155 5542 1358 5610 patior,
1432 5558 1520 5597 me
1572 5553 1853 5601 auctorem

263 5636 608 5695 causamque
641 5627 826 5687 facere
870 5645 981 5688 non
1012 5640 1252 5689 veretur.
1288 5632 1408 5690 Jam
1445 5651 1574 5693 vero
1604 5652 1855 5708 progres-

347 5833 361 5864 ⁸
391 5829 552 5887 Rern.
582 5848 676 5898 \‘tt,
697 5834 787 5889 53.

1951 3238 2141 3285 contra
2168 3246 2257 3288 mc
2288 3234 2473 3300 audet,
2522 3236 2657 3292 nihil
2698 3239 3104 3298 incommodius
3160 3243 3370 3302 factura
3406 3247 3555 3304 mihi

1953 3322 2163 3388 videor,
2194 3326 2239 3380 si
2285 3328 2449 3395 paulo
2474 3328 2640 3386 altius
2672 3331 2890 3387 initium
2918 3348 3159 3391 sumam.

2022 3414 2160 3485 Ego,
2202 3416 2301 3471 viri
2336 3419 2665 3487 beatissimi,
2698 3438 2900 3489 genere
2924 3425 3109 3482 divina
3133 3442 3280 3491 sum,
3306 3438 3360 3484 et
3388 3444 3420 3486 e
3447 3445 3542 3485 su;

1950 3520 2119 3574 perna
2164 3508 2256 3562 illa
2305 3510 2477 3564 nobili
2511 3514 2767 3581 prosapia
2825 3516 3093 3585 originem
3137 3521 3293 3587 duxi,
3328 3530 3388 3575 ut
3416 3538 3550 3592 qua:

1952 3596 2058 3652 sim
2088 3597 2184 3652 Dei
2210 3600 2549 3670 spiraculum
2575 3612 2630 3659 et
2656 3605 2838 3677 imago
2862 3607 3146 3677 primaria,
3177 3611 3538 3681 omniumque

1953 3696 2293 3745 terrenarum
2315 3693 2524 3762 regina;
2558 3708 2667 3749 non
2704 3696 2849 3750 enim
2880 3696 2948 3752 de
2983 3713 3071 3753 me
3103 3700 3218 3755 haec
3251 3704 3542 3773 magniﬁce

1952 3779 2251 3848 prazdicare
2281 3785 2530 3847 verebor,
2565 3794 2776 3842 tantum
2812 3804 2878 3844 ne
2903 3798 3183 3846 ostentare
3208 3807 3329 3847 mea
3352 3795 3551 3849 videar“

1952 3874 2098 3942 apud
2128 3889 2227 3931 vos
2252 3875 2462 3947 alioqui
2502 3880 2874 3951 magniloqna,
2925 3883 3020 3951 qui
3064 3884 3235 3954 probe
3266 3886 3442 3942 desitis
3475 3900 3553 3943 ac

1952 3964 2010 4019 in
2043 3966 2254 4023 honore
2283 3984 2458 4024 meam
2494 3971 2767 4030 habuistis
2801 3976 3172 4047 coluistisque
3200 3977 3545 4051 dignitatum

1953 4059 2389 4128 amplitudinem.
2460 4063 2758 4137 Postquam
2806 4070 2954 4125 enim
3025 4067 3119 4128 illa
3191 4086 3314 4143 qua:
3365 4076 3541 4130 nostri

1952 4150 2275 4221 primarium
2318 4157 2596 4227 exemplar
2633 4168 2717 4215 est
2750 4160 2992 4229 bonitas,
3026 4165 3092 4218 a’d
3147 4165 3287 4222 bene
3334 4166 3547 4221 facieu-v

1953 4241 2082 4297 dum
2108 4259 2209 4301 suo
2240 4246 2463 4317 ingenio
2481 4248 2632 4320 apla,
2655 4255 2924 4310 mundum
2948 4255 3338 4328 intelligentem
3361 4270 3414 4314 ct
3440 4263 3554 4314 Sulr

1955 4338 2372 4409 intelligentiam
2396 4343 2709 4410 cadentem,
2733 4347 2946 4417 hocque
2970 4351 3169 4406 cmlum
3195 4352 3543 4414 universum,

1958 4442 2014 4489 et
2036 4449 2278 4503 quorum
2314 4440 2485 4503 capax
2507 4439 2706 4493 cretum
2744 4450 2846 4508 est,
2882 4443 3210 4512 procreavit,
3243 4448 3458 4498 tandem
3490 4445 3543 4497 it

1956 4526 2340 4596 compendium
2371 4528 2628 4595 contulit,
2687 4529 2743 4583 in
2777 4546 3056 4600 unamque
3094 4533 3545 4601 seniperatiouem

1957 4626 2013 4673 et
2051 4619 2391 4674 molitionem
2439 4622 2590 4674 velut
2638 4621 2692 4675 in
2726 4631 3013 4691 ,‘eraterem
3073 4626 3363 4693 (intentatam
3410 4642 3537 4680 Cmr-

1961 4710 2125 4765 traxit
2162 4727 2275 4765 rem
2316 4727 2483 4766 unam
2528 4713 2680 4767 omni
2729 4728 2930 4783 genere
2977 4730 3158 4769 rerum
3208 4716 3450 4781 mistam,
3495 4725 3552 4771 ιι

1959 4803 2422 4873 multipotentcm,
2480 4806 2533 4859 id
2586 4805 2845 4859 nimirum
2897 4810 3044 4876 quod
3105 4817 3157 4861 et
3219 4808 3441 4873 ἀερίων,
3495 4820 3551 4861 ιιι

1960 4907 2045 4953 est
2076 4898 2260 4953 homo.
2301 4898 2438 4954 Hinc
2468 4915 2569 4970 ego
2610 4900 2926 4967 intelligens
2962 4912 3015 4956 et
3042 4906 3388 4967 {immortalis
3423 4921 3553 4960 cum

1961 4991 2150 5046 scnsili
2204 5002 2258 5047 et
2289 4993 2509 5048 mortali
2565 4994 2815 5064 colligata
2853 5008 2998 5058 sum,
3045 4986 3100 5047 ct
3150 4996 3392 5052 caelestis
3421 5013 3544 5052 cum

1962 5095 2180 5141 terreno
2216 5084 2488 5156 copulata,
2533 5094 2737 5141 etcum
2769 5087 2965 5140 ancilla
3000 5082 3128 5141 hera
3160 5106 3174 5154 ;
3212 5091 3554 5158 quibusnam

1962 5177 2272 5234 rationibus
2301 5177 2372 5232 ita
2405 5177 2516 5233 Deo
2546 5179 2718 5232 \Ntm
2763 5181 2988 5244 nescio;
3024 5180 3274 5236 fortassis
3303 5192 3359 5236 ut
3387 5186 3552 5237 ambo

1963 5272 2127 5325 simul
2165 5276 2358 5327 eodem
2390 5273 2454 5326 ad
2488 5270 2663 5325 «llic-ia
2702 5271 2917 5326 \irtutis
2943 5275 3244 5329 exercenda
3268 5275 3399 5345 jugo
3436 5277 3548 5328 ha:-

1962 5362 2134 5416 rentia
2176 5363 2684 5432 conspirantiaque,
2756 5364 2983 5419 alterius
3043 5367 3275 5420 alterum
3352 5375 3547 5420 natura

1966 5458 2307 5521 fruerentur;
2374 5457 2530 5519 illud,
2584 5467 2640 5511 ut
2670 5458 3072 5527 praestantioris
3140 5458 3551 5525 conSpiratiune

1968 5548 2331 5612 nobilitatum,
2358 5560 2409 5603 et
2440 5549 2945 5605 communicatione
2976 5563 3099 5603 cum
3131 5548 3428 5604 immortali
3459 5550 3551 5603 de.

1968 5649 2204 5711 gustata,
2232 5639 2702 5697 iumiortalitatcm
2750 5640 3211 5710 superinducrct‘:
3255 5654 3357 5711 ego
3408 5640 3553 5697 hanc
