4046 6452
562 281 671 347 963

1783 286 2161 346 GREGOilIl
2206 288 2526 350 i’.»\l..\.\l.i§
3380 362 3385 367 .
3679 314 3766 380 964

564 409 688 449 eum
726 391 986 449 deteriori
1031 391 1397 462 copulatione,
1426 401 1681 462 tanquam
1726 394 1885 461 (τίνῃς)
1925 392 2140 458 reflexa,
2177 409 2214 459 Α
2248 397 2529 467 quidpiam
2559 409 2735 455 mente
2765 405 3267 484 d’gtmm,tnihique
3291 416 3552 486 preprium
3572 425 3763 487 ellicm,

567 484 779 538 modivc
798 487 863 537 de
887 500 973 538 me
1008 483 1317 545 sentiendo,
1348 492 1404 536 et
1436 483 1763 552 gloriatione
1793 487 1857 536 de
1890 484 1905 536 i
1933 485 2147 552 naginis

563 576 714 644 digni
739 584 826 629 ate
878 575 1182 629 cohibenda
1235 576 1689 643 rentitteudaque,
1721 587 1776 630 et
1805 593 1909 629 uott
1951 592 2147 645 super-

568 668 785 726 biendo,
817 674 867 720 et
913 682 941 720 a
982 667 1111 731 Deo,
1159 676 1215 719 ιιι
1256 665 1464 735 primus
1524 666 1762 732 Lucifer,
1820 670 2144 732 deiicienda,

566 758 658 810 sed
688 757 869 826 potius
919 756 1194 810 humiliter
1238 767 1292 811 et
1337 756 1576 812 demisse
1614 757 1719 813 sub
1763 757 1884 827 ejus
1920 775 2141 812 manum

567 848 795 900 validam
846 862 933 901 tne
977 848 1338 917 subiiciendo,
1388 849 1460 903 ita
1511 847 1624 904 Deo
1657 849 1992 905 atllttererem
2021 866 2143 919 ego,

566 937 700 991 mihi
724 953 954 1007 t'ot‘pus;
982 946 1165 1007 neque
1198 939 1454 1008 pusillunt
1486 940 1703 1010 quidem
1740 951 1833 996 aut
1861 955 1962 1011 ego
2000 955 2031 994 a
2062 942 2146 995 vi-

565 1039 672 1081 taztt
710 1039 1000 1099 praestante
1023 1047 1209 1094 causa,
1240 1044 1334 1086 aut
1365 1032 1470 1087 hoc
1497 1047 1526 1087 a
1554 1049 1636 1086 nte
1668 1034 1946 1088 animante
1976 1034 2144 1088 alidu—

564 1134 801 1177 reretur.
856 1124 992 1179 Istas
1055 1125 1295 1181 rationes
1357 1127 1569 1196 opificis
1617 1136 1977 1196 reputantes,
2034 1143 2139 1181 non

566 1214 734 1267 linum
768 1214 898 1276 lit-.0,
927 1216 1019 1268 sel
1067 1230 1281 1284 semper
1317 1233 1374 1269 se
1402 1226 1706 1270 moventem
1750 1233 1875 1272 cum
1925 1218 2143 1274 aliunde

567 1317 733 1369 moto,
771 1316 823 1360 ct
854 1286 1157 1376 simplicem
1201 1323 1324 1360 Cllttl
1353 1309 1543 1376 juncto
1594 1312 1923 1378 permiscent
1958 1323 2005 1362 et
2042 1311 2142 1362 im-

567 1396 938 1467 plicant,quid
972 1398 1118 1453 enim
1145 1401 1213 1452 ab
1245 1400 1353 1453 illis
1381 1401 1793 1454 innumerarum
1824 1418 2004 1455 rerum
2033 1417 2133 1468 po-

564 1490 804 1543 tentibus
835 1482 1082 1544 conuerti
1117 1493 1386 1561 nequeat?
1423 1496 1499 1547 Ac
1541 1510 1663 1563 qua!
1707 1491 1777 1547 ab
1807 1492 1927 1564 ipso
1955 1496 2138 1548 statim

563 1590 685 1631 ortu
720 1579 1065 1635 incommoda
1099 1586 1301 1647 suttivi,
1334 1601 1440 1638 non
1473 1595 1556 1639 est
1583 1585 1744 1654 hujus
1782 1587 2043 1655 temporis
2073 1588 2141 1642 de

565 1670 650 1724 his
682 1671 975 1742 tragoedias
1005 1675 1316 1741 excitasse;
1353 1687 1565 1731 tantum
1612 1678 1738 1732 date
1791 1680 1923 1733 mihi
1981 1690 2038 1733 ut
2075 1695 2136 1734 ca

561 1765 754 1831 paucis
784 1764 1089 1834 deplorem.

633 1944 803 1998 Simul
841 1960 904 1998 ac
937 1961 1060 1998 cum
1100 1951 1201 1998 hoc
1235 1947 1455 2000 mortali
1498 1948 1699 2012 coalui,
1734 1965 1798 2003 ac
1843 1960 2135 2019 antequam

560 2019 702 2089 fetus
729 2037 893 2088 vitatu
930 2036 1158 2105 accepit,
1192 2034 1245 2087 in
1285 2047 1440 2090 tttero
1473 2050 1598 2090 cum
1646 2040 1860 2107 sepulto
1912 2054 2017 2094 una
2048 2056 2135 2094 se-

561 2128 745 2194 pelita,
787 2139 842 2180 et
874 2128 1019 2180 velut
1047 2128 1098 2180 iu
1132 2128 1335 2197 duplici
1379 2130 1663 2199 spelunca.
1717 2131 1864 2186 Sara:
1908 2144 2137 2192 mortua:

559 2218 791 2272 cadaver
824 2219 1097 2271 Ahrahatu
1150 2218 1416 2286 sepelivit,
1449 2222 1519 2275 ita
1554 2231 1605 2275 et
1636 2222 1753 2293 ipsa
1783 2225 1985 2295 duplici
2023 2242 2140 2281 Ino-

559 2296 819 2362 ntintento
859 2308 1132 2375 infodior;
1165 2326 1286 2364 nam
1319 2326 1380 2365 ex
1403 2313 1710 2382 sapientum
1752 2319 2042 2380 sententia,
2090 2319 2135 2372 si

557 2404 758 2469 corpus
787 2409 870 2454 est
918 2418 1097 2455 meum
1153 2406 1491 2471 sepulcrum.
1518 2404 1570 2458 id
1609 2422 1738 2459 vero
1778 2406 1831 2460 iu
1869 2417 2023 2464 utero
2054 2422 2138 2463 ιιι-

558 2490 815 2556 mulatur,
855 2490 1047 2562 quidni
1099 2492 1299 2561 duplici
1353 2493 1553 2560 loculo,
1624 2496 1731 2550 fetu
1795 2513 1955 2566 quem
2017 2513 2135 2553 eut-

561 2585 729 2655 hrynn
759 2596 975 2650 vocant,
1010 2583 1063 2638 et
1113 2598 1272 2639 utero
1327 2589 1708 2658 consepelior?
1768 2590 1991 2645 Talibus
2052 2608 2136 2647 me

553 2677 838 2745 complexu
882 2691 980 2729 suo
1030 2678 1268 2746 primum
1330 2688 1607 2744 receptam
1661 2689 1717 2733 et
1768 2681 2132 2750 amplexatam

554 2768 790 2821 amicum
823 2782 1024 2837 corpus
1049 2770 1254 2838 excipit
1286 2769 1640 2825 humanitatis
1676 2770 1900 2839 oliiciis;
1936 2774 2133 2828 talibus

557 2861 807 2930 hospitiis
839 2868 894 2913 et
922 2859 1218 2917 imiter-ibus
1242 2861 1568 2932 prehensaut
1597 2863 1816 2933 accipit.
1846 2864 1978 2931 Qua:
2005 2879 2132 2918 vero

554 2954 781 3020 posthac
830 2950 1174 3005 succedunt?
1220 2965 1500 3020 germana,
1540 2958 1601 3006 ιιι
1635 2954 1810 3021 aiunt,
1851 2960 1909 3009 et
1942 2958 2130 3010 eodem

552 3043 737 3096 colore
759 3050 1118 3103 contacta,ex
1136 3043 1435 3112 eademque
1485 3054 1602 3099 arte
1651 3044 1859 3113 ﬁglina,
1888 3047 2004 3101 sive
2035 3063 2129 3101 na-

556 3143 678 3185 tura
720 3134 976 3199 liugente.
1009 3131 1161 3186 Illinc
1187 3134 1332 3187 enim
1355 3136 1511 3205 quasi
1541 3151 1572 3191 e
1602 3142 1815 3190 tumulo
1838 3136 2126 3208 'prodeuué

556 3235 636 3279 tes
660 3239 768 3279 una
811 3226 1032 3294 sepulti,
1068 3226 1287 3280 uterino
1329 3226 1549 3295 quidem
1592 3228 1845 3298 sepulcro
1873 3227 2127 3298 defungi-

552 3335 714 3374 tnur:
746 3332 847 3390 ego
883 3333 1009 3373 vero
1066 3320 1115 3372 itt
1165 3334 1426 3389 corporeo
1451 3304 1755 3376 etiamnum
1789 3322 1983 3377 insisto
2011 3323 2124 3378 hae-'-

551 3426 772 3479 reoqne.
831 3410 1002 3479 Atque
1050 3409 1208 3465 veluti
1276 3412 1520 3481 ejusdem
1589 3414 1715 3468 vita:
1777 3412 1918 3470 facta
1982 3415 2125 3470 inter

551 3505 781 3557 miseros
835 3502 1195 3570 coemptione,
1240 3504 1618 3558 calantitosam
1673 3504 1838 3569 vitam
1898 3506 2123 3560 inchoa-

547 3610 708 3661 ntus;
757 3609 859 3647 nec
892 3593 1142 3667 laetantur
1173 3598 1328 3663 quasi
1370 3610 1401 3647 a
1431 3594 1672 3649 tenebris
1702 3594 1757 3648 itt
1791 3597 1968 3649 lucem
1997 3604 2125 3650 eru-

547 3685 812 3756 perimus,
844 3694 898 3741 et
929 3701 1118 3740 auram
1167 3686 1385 3740 vitalem
1439 3685 1744 3752 trahamus,
1799 3697 1854 3743 et
1918 3688 2119 3743 almum

545 3778 718 3833 solem
762 3778 1176 3849 antpiexetnur;
1209 3791 1386 3848 neque
1415 3779 1621 3833 circum
1668 3778 1987 3849 genitricem
2030 3794 2128 3835 ex-

545 3850 818 3925 sultantes
866 3870 1208 3934 laseivinttts,
1243 3876 1302 3922 ut
1330 3869 1480 3940 agni,
1516 3869 1703 3937 vituli,
1748 3870 1960 3926 ltittntl‘li
2015 3876 2123 3927 eir-

542 3978 670 4018 eum
737 3970 961 4025 matres,
1020 3961 1114 4015 sed
1150 3960 1304 4027 illud,
1338 3976 1463 4016 cum
1514 3979 1580 4018 ex
1623 3965 1754 4019 locis
1815 3965 2122 4022 calentibus

542 4065 769 4125 repente
800 4054 855 4108 itt
892 4066 1075 4107 aerem
1112 4050 1364 4123 frigidum
1398 4054 1666 4119 incurrat,
1704 4071 1769 4111 ex
1812 4069 2120 4114 commuta-

542 4148 695 4202 tione
743 4144 983 4214 angitur,
1019 4153 1074 4199 et
1123 4144 1324 4201 acriori
1366 4146 1556 4202 dolore
1583 4146 1932 4203 conﬂictatur
1965 4164 1982 4205 :
2018 4165 2119 4220 ego

541 4251 675 4293 vero
696 4224 1078 4308 aegritudinum
1110 4239 1433 4294 acerbat-um
1461 4244 1731 4296 consensu
1759 4241 1878 4311 ipsa
1903 4255 2121 4311 quoque

543 4331 782 4386 crucior.
811 4330 951 4386 Hinc
990 4338 1046 4385 et
1071 4330 1305 4399 eiulatus
1350 4332 1614 4390 natalitiis
1640 4336 1898 4390 cantibus
1930 4350 1993 4414 ex
2025 4337 2121 4386 ad-

2255 490 2479 545 huutido
2514 497 2729 566 gUrgite
2768 499 3047 556 immersa.

2324 663 2524 720 Verum
2565 670 2852 727 enimvero
2901 675 3038 741 haec,
3087 685 3303 737 tametsi
3346 686 3537 757 alioqui
3579 692 3763 760 misera.

2250 756 2555 813 tolerabilia
2577 770 2777 826 tamen,
2810 775 2864 819 et
2889 769 3071 836 qualia
3096 787 3254 827 nemo
3281 772 3401 844 jure
3433 756 3764 853 reprehendat,

2251 856 2307 897 ttt
2337 862 2457 916 qua
2488 860 2698 907 natura:
2729 854 2960 924 legibus,
2988 872 3040 915 et
3069 864 3297 934 originis
3331 868 3632 928 immutabili
3655 881 3765 934 serie

2247 940 2698 1013 connexioneque
2720 949 3093 1017 gubernantur
3140 973 3153 1009 :
3192 956 3321 1013 illud
3370 964 3624 1034 mis-rius,
3652 970 3765 1035 quod

2247 1046 2311 1084 ex
2353 1034 2609 1090 amentia‘
2662 1036 2832 1095 fundo
2888 1057 3117 1102 enataus
3174 1052 3482 1122 aliquando,
3516 1072 3565 1113 et
3597 1034 3765 1117 lumine

2246 1123 2476 1180 rationis
2507 1126 2776 1186 inchoans
2817 1134 3204 1210 circumfundi,
3253 1151 3521 1214 corporeis
3555 1154 3770 1209 tuendus

2246 1214 2310 1312 ad
2350 1218 2729 1284 perfectioretu
2757 1235 2961 1283 statum
2988 1238 3424 1306 procedentibus,
3470 1259 3633 1312 neque
3677 1257 3765 1301 tum

2245 1306 2405 1374 plane
2435 1324 2565 1377 pure
2596 1313 2866 1373 dementia
2893 1322 3196 1392 defuztgnr:
3228 1336 3661 1397 quemadmodum
3690 1356 3766 1394 nec

2244 1412 2305 1450 ex
2352 1398 2641 1468 cbticate,
2678 1409 2759 1459 vel
2790 1427 2985 1475 sopore
3014 1419 3187 1483 gravi,
3241 1420 3321 1475 rel
3370 1434 3580 1479 veterno
3601 1443 3764 1482 conra-

2247 1493 2509 1580 lest'entes
2538 1498 2821 1567 virtigine,
2857 1515 2950 1557 aut
2979 1509 3050 1559 oh
3089 1512 3280 1580 oculos
3331 1515 3522 1569 oll'usis
3562 1520 3761 1575 tenebris

2243 1574 2395 1630 illinc
2424 1581 2566 1633 uatis
2599 1584 2648 1636 in
2680 1593 2848 1639 totum
2893 1592 3079 1646 statim
3125 1576 3507 1668 repurgantur.
3539 1574 3763 1660 (Steterunt

2246 1666 2407 1723 hasce
2441 1675 2726 1729 dementire
2760 1679 2930 1735 malas
2978 1695 3152 1740 sortes
3201 1700 3255 1743 et
3288 1666 3516 1762 tempus,
3545 1707 3593 1750 et
3614 1714 3766 1766 pcree-
3850 1736 3853 1743 ς

2172 1761 2210 1816 B
2243 1761 2355 1828 ptio
2379 1762 2788 1833 disciplinarum
2809 1774 3033 1830 abradat
3080 1794 3109 1831 a
3147 1791 3344 1847 mente,
3365 1761 3417 1839 et
3445 1761 3700 1843 scientiam
3721 1808 3766 1845 ac

2243 1853 2585 1920 prudentiam
2614 1860 2909 1933 iuscttlpat,
2937 1848 3030 1923 sed
3070 1871 3421 1941 imperiosam
3448 1880 3670 1935 altricem
3701 1883 3764 1936 la-

2240 1949 2518 2017 cultatetn,
2542 1964 2595 2006 et
2626 1968 2883 2023 perpetua
2921 1961 3170 2018 ciborum
3194 1976 3245 2019 et
3283 1977 3501 2037 potnum
3530 1978 3763 2041 quotid'a-

2243 2054 2436 2093 uorum
2464 2047 2622 2111 quasi
2655 2047 2989 2105 tributorum
3038 2070 3239 2123 pensa,"
3265 2077 3491 2131 qumque
3528 2065 3640 2118 inde
3660 2066 3763 2118 mihi

2236 2130 2485 2188 adversa:
2505 2133 2797 2196 facultates
2832 2145 2899 2197 ab
2926 2146 3012 2200 illa
3044 2150 3387 2220 nutriuntur,
3418 2159 3764 2226 ceucupiscett-

2239 2231 2345 2277 tem
2373 2235 2425 2279 cl
2456 2226 2802 2297 irascentem,
2836 2239 3112 2305 quodnam
3150 2253 3366 2313 tempus
3396 2259 3487 2302 aut
3523 2266 3632 2319 quae
3684 2253 3759 2302 do-

2238 2318 2414 2371 ctrina
2462 2322 2688 2378 camino
2720 2329 2997 2384 remittere
3045 2343 3360 2392 everterere
3394 2342 3762 2409 possit?h:trnnt

2237 2408 2548 2464 servitutem
2576 2416 2698 2483 quis
2728 2422 3038 2478 excussisse
3054 2428 3367 2496 glorietur?
3395 2433 3522 2500 Quis
3554 2452 3759 2490 ruraeem

2240 2497 2728 2597 ittexplebiletnque
2754 2522 3019 2578 ventrem,
3049 2524 3105 2571 et
3145 2519 3333 2588 gulam
3361 2497 3763 2597 furentem,jcjn-

2238 2591 2311 2643 nii
2342 2592 2530 2663 lupato
2554 2605 2609 2650 et
2637 2600 2793 2655 freno
2838 2608 3189 2663 continentia:
3217 2613 3342 2667 sine
3363 2618 3511 2673 vobis
3531 2591 3762 2682 cohibeat,

2237 2685 2327 2752 qui
2358 2698 2565 2742 natura:
2596 2702 3003 2763 contemptores
3029 2700 3296 2759 inusitata
3321 2711 3593 2776 prudentia
3619 2713 3765 2767 estis?

2237 2785 2290 2872 et
2319 2777 2410 2845 qui
2435 2781 2727 2838 collatione
2748 2801 2872 2840 cunt
2907 2794 3142 2861 angelis,
3171 2800 3491 2856 mortalibus
3516 2820 3713 2872 t‘Ol‘pUst
3749 2832 3765 2843 -

2239 2866 2304 2921 lis
2351 2868 2553 2933 induti,
2585 2883 2639 2928 et
2671 2875 2783 2944 jam
2823 2879 3072 2936 divorum
3123 2896 3323 2943 natura
3369 2894 3659 2961 superiores
3692 2910 3764 2945 νινε

2238 2961 2414 3028 palam
2470 2977 2815 3036 px-mstattles,
2845 2973 2982 3028 nihil
3043 2980 3166 3047 novi
3219 2987 3404 3048 esr,si
3456 2988 3603 3056 longe
3631 3004 3761 3056 supra

2237 3066 2436 3122 corpus
2491 3058 2839 3118 evolareritis
2885 3077 2992 3121 :ut
3035 3070 3136 3126 hac
3199 3077 3342 3131 mihi
3402 3078 3508 3134 sint
3554 3082 3764 3135 oratione

2231 3152 2425 3200 vestra
2461 3162 2550 3203 res
2583 3152 2905 3211 eximendae.
2936 3158 3281 3220 Caeteroruna
3330 3181 3505 3224 autem
3536 3173 3618 3241 qui
3650 3188 3706 3223 nu
3742 3187 3765 3223 c

2228 3238 2488 3333 mortales
2512 3243 2675 3298 vitam
2702 3245 2927 3316 degunt,
2957 3254 3082 3322 quis
3098 3270 3129 3311 a
3151 3238 3762 3333 copiditatib‘usaliopnn

2226 3326 2442 3383 alienus
2472 3331 2765 3392 irascentis
2802 3340 2970 3395 animi
3004 3326 3282 3402 fremitum
3309 3326 3759 3423 compescathpns

2227 3418 2308 3514 vel
2338 3420 2625 3514 sapientiae
2656 3429 2957 3497 sapientior
3011 3436 3082 3490 ita
3116 3439 3211 3505 sit,
3257 3452 3317 3496 ut
3347 3418 3616 3514 cupiditati
3646 3418 3761 3498 ndu-

2226 3504 2650 3603 loutinus’quam
2673 3518 3202 3592 aspis,tnortiferutn
3231 3504 3494 3587 venenum
3512 3533 3757 3603 jarntauu.

2224 3608 2280 3653 et
2329 3601 2396 3656 ad
2454 3585 2861 3674 lirarcantriccm
2910 3629 3096 3670 vocem
3139 3619 3466 3680 obstinatius
3512 3585 3759 3689 'obswrde-

2225 3693 2396 3748 sceuti
2425 3697 2746 3754 medeatur?
2777 3712 2870 3757 aut.
2917 3710 3073 3776 quasi
3121 3724 3215 3765 vas
3251 3713 3379 3769 illud
3411 3716 3689 3778 electionis,
3715 3722 3755 3766 ut

2225 3788 2471 3858 viperam
2517 3794 2981 3855 adharescentem
3016 3807 3301 3862 excutiat?
3330 3812 3450 3881 quis
3493 3813 3759 3873 evangeliea

2225 3883 2546 3951 progenitus
2600 3898 2655 3942 et
2683 3890 2972 3957 educatus,
3008 3901 3467 3967 quemadniodtnn
3498 3904 3697 3958 Azarias
3717 3910 3757 3954 et

2224 3973 2363 4029 socii
2402 3976 2590 4044 puelli,
2644 3992 2750 4035 non
2802 3985 2970 4040 coluit
3017 3998 3409 4059 corporearum
3463 3998 3756 4063 tolnptatmtt

2222 4068 2491 4123 asseclam
2551 4072 2874 4142 locupletem
2928 4088 2981 4133 et
3029 4083 3411 4151 pecuniosum,
3467 4092 3523 4141 ιιι
3558 4086 3626 4140 illi
3670 4101 3697 4139 n
3731 4100 3754 4135 υ

2222 4155 2508 4214 εοιιιειειιι
2539 4175 2603 4214 ex
2634 4177 2773 4217 auro
2805 4175 2859 4219 et
2900 4182 3147 4239 argento,
3178 4187 3287 4228 aere
3329 4187 3384 4229 et
3417 4173 3569 4232 {eno
3593 4190 3756 4228 manu.

2221 4245 2425 4302 factum
2486 4247 2884 4309 simulacrum?
2921 4257 3076 4324 Quis,
3136 4272 3193 4317 ttt
3244 4266 3433 4334 paucis
3486 4267 3751 4321 absidram.

2219 4340 2426 4395 Ventris
2469 4342 2754 4413 ingluviei,
2801 4350 3177 4419 scortationis,
3244 4357 3488 4411 aVaritiae
3544 4363 3754 4411 catenam

541 4438 712 4480 verso
734 4424 1148 4493 respondentes,
1180 4435 1235 4479 et
1266 4424 1510 4493 undique
1537 4426 1906 4482 devincientes
1931 4424 2114 4480 fasciae
2142 4441 2193 4501 ι)
2220 4430 2659 4498 divulsit,neciis
2677 4438 2818 4494 inter
2833 4455 2892 4496 se
2912 4442 3155 4499 funiculo
3184 4447 3385 4518 triplici
3412 4450 3684 4518 longoque,
3714 4450 3755 4494 cl

538 4527 596 4572 ct
628 4517 1030 4571 eunahnlorunt
1072 4518 1312 4583 vincula,-
1363 4518 1762 4589 sepulcralibus
1806 4516 2120 4589 iigamentis

539 4617 793 4676 cognata,
817 4618 872 4663 et
896 4607 1079 4662 lectuli
1116 4624 1214 4679 seu
1237 4623 1416 4675 cunae,
1453 4607 1681 4663 evidens
1706 4608 1889 4678 imago
1928 4622 2120 4662 tuonu-

537 4702 731 4763 menti,
756 4713 814 4755 ut
849 4699 976 4754 hinc
998 4701 1161 4755 etiam
1189 4699 1322 4753 mihi
1352 4697 1615 4755 molestias
1637 4698 2114 4768 conduphcentur.

537 4793 796 4849 secundis
832 4793 917 4847 Itis
964 4792 1096 4847 tnibi
1147 4802 1269 4861 post
1325 4793 1500 4863 prima
1536 4790 1770 4846 vinculis
1800 4792 2112 4863 impositis;

537 4899 645 4939 non
669 4886 814 4940 enim
852 4900 880 4938 a
923 4886 1268 4955 sapientibus
1303 4882 1520 4950 illepide
1571 4883 1757 4938 multis
1792 4886 2113 4955 appellatio-

536 4976 699 5029 nibus
735 4984 785 5029 et
826 4978 1131 5047 coniugatis
1176 4976 1231 5029 id
1288 4981 1536 5037 vocatur,
1568 4974 1901 5042 sepulcrum,
1931 4988 2115 5031 custo-

534 5067 643 5131 dia,
677 5068 928 5132 amictus,
973 5074 1406 5129 monumentum,
1428 5064 1599 5135 δέμας
1624 5067 1774 5134 παρὰ
1801 5058 1888 5119 τὸν
1918 5067 2114 5138 δεσμόν

537 5162 591 5232 (a
620 5160 955 5230 vinciendo).
976 5172 1024 5214 et
1049 5156 1484 5221 tabernaculum;
1517 5158 1661 5226 quod
1688 5157 1740 5211 in
1769 5171 1834 5211 eo
1860 5166 2111 5229 tanquam

535 5253 588 5307 itt
622 5254 844 5307 taberna
874 5253 942 5307 de
973 5255 1057 5304 via
1096 5249 1405 5302 dirersctur
1431 5265 1445 5302 :
1471 5248 1667 5302 deinde
1689 5249 1769 5304 sic
1798 5250 1930 5306 illud
1956 5252 2111 5305 colli-

532 5355 739 5415 gatum,
766 5344 904 5396 lacte
937 5338 1196 5398 nutritur,
1226 5347 1273 5392 et
1304 5339 1509 5392 sensim
1540 5349 1799 5409 augetur;
1833 5357 1932 5410 ego
1961 5357 2108 5406 vero,

534 5443 793 5501 tanquam
830 5430 996 5483 [lotio
1031 5427 1317 5480 faeculento
1371 5427 1583 5481 cuidam
1612 5428 1840 5499 illigata,
1876 5431 2003 5485 huic
2033 5431 2113 5485 in-

534 5528 710 5579 talido
741 5522 1042 5589 tlehilique,
1085 5530 1137 5572 et
1183 5518 1330 5570 ﬂuxu
1366 5530 1620 5587 perpetuo
1651 5522 1890 5575 iulluenti
1944 5539 1973 5575 a
2001 5540 2109 5593 que

529 5616 791 5679 eliltu-nti,
823 5614 984 5669 veluti
1022 5613 1303 5667 submersa
1354 5613 1641 5684 corripior,
1677 5628 1727 5672 et
1767 5619 1819 5670 ιιι
1850 5630 2107 5672 extrenue

528 5705 817 5759 dementiae
847 5702 1076 5758 lttndum
1104 5717 1346 5775 praterps
1373 5705 1647 5773 devolvor,
1682 5724 1777 5761 nec
1808 5710 1948 5776 potis
1983 5726 2102 5762 sunt

2220 4529 2415 4577 caetera
2448 4524 2578 4579 vitia
2602 4532 2966 4587 contraheute
3004 4534 3164 4589 nexis
3188 4538 3520 4593 constrictus
3540 4528 3755 4591 tenenti?

2220 4613 2311 4667 Eae
2357 4625 2487 4672 sunt
2532 4617 2704 4685 enim,
2734 4624 2952 4692 opinor,
3000 4625 3142 4694 apud
3196 4626 3539 4683 Salomonetn
3590 4634 3754 4680 annua-

2219 4706 2343 4760 titire
2369 4715 2476 4763 tres
2507 4709 2778 4768 hirudinis
2821 4715 3204 4784 sanguinaria,
3246 4719 3296 4772 id
3325 4729 3411 4774 est
3431 4720 3624 4781 carnis,
3654 4727 3748 4784 qua!

2217 4796 2461 4865 sugendo
2482 4800 2745 4870 quidquid
2780 4804 3037 4871 animale,
3086 4807 3370 4877 quidquid
3404 4811 3455 4862 in
3486 4825 3568 4862 me
3616 4802 3749 4858 vitale

2216 4899 2285 4939 su
2304 4889 2647 4944 exhauriant.
2679 4891 2879 4947 llorutn
2905 4909 3104 4965 corpus
3125 4899 3333 4964 incuso,
3354 4901 3466 4955 haec
3482 4899 3713 4954 criminat'
3736 4909 3746 4942 :

2216 4977 2409 5033 horum
2452 4983 2673 5036 nomine
2727 4984 2870 5039 hanc
2928 4989 3329 5044 accusationem
3377 4990 3577 5052 factito,
3626 4966 3757 5039 reum.

2214 5069 2557 5124 contumeliae
2578 5072 2867 5141 etinjuriai
2921 5078 3239 5145 postulans:
3292 5082 3414 5147 quia
3465 5088 3662 5139 natura,
3703 5081 3742 5121 ul

2216 5167 2456 5212 nostrum
2485 5174 2658 5228 genus
2677 5174 3111 5233 censervarctur,
3128 5169 3402 5233 moliente,
3459 5167 3742 5235 permiscen-

2218 5257 2375 5317 teque
2405 5258 2460 5303 et
2497 5252 2778 5319 alimento,
2811 5266 2864 5307 et
2896 5258 3107 5321 generis
3155 5258 3544 5327 propagationi,
3604 5253 3741 5307 Volu-

2216 5352 2441 5411 ptatem,
2482 5353 2538 5395 ut
2569 5342 2673 5398 hac
2703 5355 2958 5415 tanquam
2988 5363 3111 5403 esca
3167 5350 3423 5418 pellectus
3481 5351 3646 5409 homo,
3691 5340 3744 5391 :iii

2213 5438 2456 5489 cultorum
2491 5442 2917 5507 perceptionem,
2948 5450 3001 5495 et
3032 5442 3327 5511 legitimum
3381 5442 3564 5496 cubitis
3587 5437 3745 5491 mulie-

2212 5524 2334 5577 bris
2354 5539 2511 5578 usunt
2543 5526 2932 5581 cont-ilzaretur
2958 5532 3142 5591 vivus,
3174 5541 3228 5584 et
3257 5532 3361 5583 vita
3398 5528 3597 5582 functus
3650 5533 3740 5573 ιιυιι

2211 5629 2421 5685 pertet:
2447 5624 2634 5673 harum
2666 5635 2848 5674 rerum
2870 5622 3071 5677 nemini
3100 5624 3507 5686 aecusztbilium,
3539 5630 3586 5672 et
3605 5621 3739 5669 natu-

2211 5713 2427 5779 ralium,
2458 5714 2808 5785 quas'tICgmn
2844 5730 2951 5770 non
2979 5718 3325 5791 scriptarum,
3363 5715 3577 5784 sedjatn
3608 5717 3734 5762 more
