4046 6462
343 347 454 411 965

1684 349 2280 417 ΡΒΟΒΟΡῡΡίΕῐίΕ.

3504 349 3611 415 an;

333 462 656 516 usitatarcm
685 469 898 532 captata
930 462 1089 520 facile
1105 463 1418 529 occasione,
1445 477 1644 532 corpus
1673 464 1738 518 ad
1767 479 1905 533 qna-
1937 472 1980 522 Α
2015 464 2403 532 profundatur,
2437 462 2504 517 ad
2546 464 2597 516 id
2631 473 2812 518 autem
2851 466 2996 533 quod
3032 478 3253 519 sensum
3292 478 3609 533 exasperat.

335 567 456 606 rum
491 552 827 621 volujtatnm
863 554 1132 610 licentiam
1168 570 1273 610 non
1315 556 1543 611 eﬂertur
1573 555 1596 609 ?
1624 556 1909 622 cujnsnam

343 643 609 699 sanandae
648 644 889 700 libidinis
918 648 1182 702 terminos
1239 662 1345 701 non
1394 660 1687 715 exsuperat
1715 646 1914 702 ?.\'une

332 732 738 787 esculentorum
760 733 1044 790 satietates
1073 737 1262 805 exigit,
1293 752 1438 792 nunc
1464 738 1914 791 rnrsnm'suavis-

333 825 490 877 simis
524 833 577 879 et
618 839 808 892 magna
837 825 1149 880 dillicultate
1190 827 1525 896 parabilihns
1556 828 1692 882 cibis
1735 827 1915 880 infac-

335 926 474 981 tum,
532 912 714 970 facere
784 930 893 969 non
920 925 1098 985 potest
1120 918 1250 987 quin
1301 919 1550 983 satietur,
1609 917 1917 987 iterumque

336 1007 502 1062 rebus
533 1006 734 1076 quibus
775 1006 1014 1062 abundat
1071 1010 1327 1062 obrutum
1357 1008 1624 1078 deglntit;
1678 1018 1732 1063 et
1785 1025 1920 1079 prac-

337 1098 514 1152 sentia
557 1097 848 1167 improbat,
907 1097 1154 1153 absentia
1216 1098 1522 1166 desiderat;
1578 1114 1751 1169 neque
1796 1100 1917 1153 vina

246 1194 253 1197 '
338 1205 461 1257 quae
495 1188 668 1257 patria
712 1189 853 1253 tulit,
887 1189 1038 1243 cordi
1061 1199 1210 1252 sunt,
1245 1189 1339 1244 διὰ
1377 1200 1433 1243 ut
1457 1205 1597 1258 aqua
1637 1205 1761 1259 quae
1784 1191 1917 1243 vici-

342 1295 445 1333 nos
484 1294 646 1349 agros
676 1278 854 1345 alluit,
890 1280 1040 1333 nihili
1064 1285 1388 1347 mstimatur,
1415 1290 1467 1345 et
1502 1284 1914 1351 peregrinorum

340 1371 464 1424 sitis
485 1372 800 1424 accenditur
829 1386 846 1435 ;
884 1386 1058 1439 neque
1106 1371 1431 1425 vestimenta
1458 1387 1574 1441 quae
1599 1370 1665 1425 ad
1726 1383 1919 1426 aestum

342 1472 397 1517 ct
435 1461 601 1531 frigus
648 1460 943 1515 arcendum
1000 1462 1292 1528 sufﬁciant,
1349 1464 1521 1519 solum
1576 1477 1918 1533 qumrnnlur,

344 1555 441 1607 sed
464 1568 587 1622 quas
620 1554 733 1608 sint
759 1568 824 1607 ex
864 1556 1091 1609 materia
1121 1555 1209 1607 vix
1233 1555 1485 1624 parabili,
1510 1565 1564 1610 et
1589 1567 1707 1610 arte
1732 1570 1921 1624 super-

347 1660 584 1700 vacanea
606 1644 873 1701 curiosius
903 1655 959 1699 et
996 1645 1283 1701 delicatius
1309 1648 1610 1712 elaborata,
1642 1648 1706 1702 ad
1727 1665 1787 1702 ea
1841 1663 1926 1702 me

350 1740 396 1793 vi
433 1742 597 1810 cogit,
627 1747 683 1793 ut
709 1754 803 1810 per
856 1738 1085 1794 armillas
1152 1739 1500 1806 cibariorum,
1552 1741 1922 1805 obsoniorum,

2023 554 2355 625 indignetur,
2396 556 2463 609 iis
2505 565 2824 609 exerceatur
2850 556 3233 610 affect‘onibns
3266 572 3387 625 qum
3417 572 3481 610 ex
3520 574 3615 609 vn-

2022 648 2229 718 luptate
2274 659 2327 703 et
2353 648 2540 703 dolore
2574 661 2893 703 nascuntur.
2925 651 3063 703 illnc
3083 657 3138 703 et
3162 651 3237 702 ira
3268 649 3408 703 vires
3437 659 3487 703 ct
3519 664 3613 719 po-

2024 744 2246 797 tentiam
2281 742 2333 795 in
2360 743 2548 801 corde.
2587 742 2639 794 in
2665 742 3021 811 jecinoreque
3061 743 3315 812 voluptas
3350 753 3611 797 exercet:

2024 833 2114 903 qui
2159 833 2432 902 principes
2461 833 2692 888 affectus
2736 835 2808 887 ita
2864 835 3122 888 diuturna
3150 835 3616 888 commentatione

2027 928 2478 990 corroborantur,
2508 934 2569 981 ut
2612 936 2666 980 et
2718 926 2820 980 mei
2861 935 3086 996 .partem
3118 921 3349 980 rationis
3397 925 3617 996 partici-

2028 1035 2150 1087 pem
2183 1021 2620 1073 consentientem
2657 1018 2916 1080 habeant,
2961 1018 3350 1085 abducantqne
3370 1017 3617 1082 morige-

2028 1126 2166 1172 ram,
2203 1126 2307 1162 una
2338 1110 2571 1177 qundam
2608 1108 2854 1173 ratione;
2882 1118 2972 1161 aut
3002 1108 3145 1163 enim
3183 1109 3331 1171 dolo,
3375 1116 3470 1162 aut
3498 1108 3617 1161 vio-

2032 1200 2193 1254 lentia
2223 1204 2466 1254 trahunt.
2506 1201 2548 1254 0
2588 1201 2805 1269 quoties
2838 1201 3249 1272 intelligentiam
3295 1200 3428 1253 mihi
3457 1200 3614 1254 voln—

2034 1301 2153 1361 ptas
2181 1291 2442 1346 suﬂurata
2468 1292 2567 1347 est!
2601 1288 2838 1361 quaties,
2865 1307 2982 1360 qua!
3014 1292 3209 1345 faciam
3240 1306 3341 1361 ego
3365 1306 3469 1342 non
3493 1304 3614 1343 sum

2033 1385 2297 1439 malorum
2339 1386 2550 1451 nescia,
2575 1384 2861 1439 consilium
2895 1393 2951 1438 at
2978 1384 3150 1437 iratus
3181 1398 3360 1437 meum
3394 1383 3619 1459 impedit

2033 1473 2274 1530 animus.
2303 1474 2645 1530 iracundiam
2676 1492 2896 1545 quoque
2918 1488 2972 1530 et
2995 1477 3327 1545 voluptatem
3362 1475 3619 1529 universa

2032 1567 2504 1636 perturbationum
2535 1571 2688 1622 turba
2716 1570 3100 1638 Consequitur.
3147 1562 3409 1637 Equidem
3446 1582 3617 1622 conor

2034 1656 2127 1710 uni
2159 1656 2290 1710 mihi
2322 1657 2685 1725 principatum
2727 1657 2971 1712 debitnrn
3004 1660 3294 1723 astiscere;
3327 1671 3512 1710 verum
3548 1658 3618 1707 ah

2040 1750 2141 1804 hac
2173 1748 2421 1818 populari
2459 1749 2832 1803 dominatione
2881 1758 3119 1814 avertor,
3170 1750 3425 1818 idemque
3480 1746 3616 1800 mihi

345 1842 401 1884 et
443 1831 713 1884 textilium
742 1831 1090 1886 administras
1126 1832 1226 1885 sibi
1266 1832 1560 1902 obsequar,
1584 1842 1638 1887 et
1696 1833 1924 1888 infinitis
1953 1827 2251 1904 Baccidit,
2290 1840 2418 1893 utsi
2461 1854 2569 1908 qua
2617 1840 2821 1894 nobilis
2875 1842 3053 1908 puella
3115 1840 3437 1908 parentibus
3483 1840 3615 1892 orba

348 1925 462 1978 suis
486 1926 726 1979 serviam
753 1924 1080 1980 libidinibus
1096 1923 1534 1995 suppeditandis,
1565 1925 1795 1979 etveluti
1828 1925 1922 1978 tri-

350 2016 493 2069 butis
511 2015 860 2071 conferendis
887 2017 954 2072 iis
992 2030 1112 2084 qua:
1145 2027 1341 2085 praeter
1369 2017 1734 2072 necessarium
1768 2032 1923 2071 usum

280 2150 287 2157 .
348 2108 679 2179 exiguntur;
708 2123 812 2163 non
849 2118 907 2160 ut
935 2122 998 2162 ea
1030 2107 1250 2174 decore,
1273 2116 1325 2161 et
1357 2107 1409 2161 in
1446 2123 1556 2163 rem
1583 2124 1734 2162 suam
1765 2109 1925 2184 absu-

348 2213 481 2266 mat,
522 2200 616 2258 sed
658 2200 726 2256 ad
773 2200 1025 2256 libidines
1052 2200 1400 2270 voluptuosas
1446 2216 1687 2271 praeceps
1735 2201 1926 2257 abuta-

346 2301 456 2348 tur.

420 2385 593 2452 Quam
625 2385 792 2456 igitur
820 2400 905 2441 me
925 2387 1089 2442 vitam
1129 2389 1345 2445 trahere
1381 2390 1581 2458 putatis
1621 2429 1635 2450 ,
1669 2389 1768 2441 viri
1818 2386 1928 2442 Deo

343 2478 537 2543 dicati,
566 2494 689 2533 cum
715 2494 782 2533 eo
814 2480 887 2534 ita
914 2481 1112 2535 misere
1170 2481 1519 2537 dementante
1582 2485 1929 2535 oberrantem

344 2583 402 2625 et
429 2570 862 2626 subservieatem
894 2573 916 2626 ?
951 2580 1044 2627 aut
1070 2572 1274 2643 quibus
1324 2571 1578 2628 absurdis
1633 2569 1934 2625 sceleribus

346 2661 666 2731 turpissime
706 2676 815 2716 non
847 2662 1279 2733 impingentem?
1310 2662 1486 2718 istane
1512 2660 1805 2715 mediocria
1858 2660 1933 2713 vi-

343 2753 712 2809 denlur?aut
757 2768 859 2824 ego
893 2752 1100 2810 frustra
1153 2764 1464 2823 temereque
1510 2753 1715 2823 alioqui
1790 2751 1934 2805 indi-

347 2847 529 2915 gnor?
559 2846 692 2903 Nam
721 2849 766 2903 si
802 2848 1145 2917 quotidiana,
1200 2863 1375 2919 eaque
1423 2847 1544 2903 sine
1587 2846 1787 2916 quibus
1828 2860 1935 2898 nun

346 2949 647 3008 constaret,
687 2940 949 3012 exigeret,
980 2957 1086 2996 non
1105 2943 1427 3011 quiritaret:
1454 2940 1498 2996 si
1517 2940 1782 2995 nuditatis
1811 2953 1941 3007 ope-

346 3035 645 3093 rimentum
677 3034 840 3090 simul
871 3043 926 3090 et
949 3035 1019 3089 ab
1049 3035 1192 3091 aeris
1220 3034 1503 3090 immensis
1544 3032 1759 3103 injuriis
1804 3045 1941 3101 prae-

345 3127 548 3183 sidium
575 3127 894 3196 postularet,
925 3126 1100 3181 libens
1115 3125 1367 3195 equidem
1389 3124 1683 3193 praeberem
1709 3139 1725 3190 ;
1747 3123 1792 3178 si
1819 3122 1932 3176 vul-

348 3187 942 3291 garibus-abuteretur,
974 3217 1023 3274 si
1063 3187 1242 3274 solum
1272 3187 1541 3272 modicam
1576 3224 1630 3271 et
1672 3187 1936 3285 frugalem
1963 3187 2010 3253 θ

343 3311 518 3364 vitam
550 3321 753 3363 rectam
792 3319 1063 3375 censeret,
1104 3322 1214 3363 non
1249 3307 1463 3375 injuriae
1494 3306 1615 3363 loco
1653 3308 1937 3373 ducerem,

353 3401 483 3455 talia
522 3401 889 3472 suppeditare,
941 3415 1120 3471 neque
1160 3400 1432 3456 actionem
1456 3400 1806 3469 postularem,
1845 3413 1942 3453 ne-

352 3508 463 3562 que
496 3493 638 3547 diem
665 3491 853 3562 judicii
884 3491 1144 3557 dicerem,
1164 3500 1221 3546 ut
1249 3491 1351 3545 hoc
1381 3500 1527 3547 certe
1548 3500 1793 3561 tempore
1819 3489 1944 3558 jure

349 3579 520 3645 facio,
554 3579 757 3649 quippe
788 3580 932 3649 quod
974 3594 1099 3635 cum
1143 3580 1349 3648 impetu
1396 3581 1513 3637 suis
1554 3580 1943 3649 cupii-itatibus

352 3681 545 3727 contra
581 3675 896 3727 mandatum
932 3673 1204 3741 Apostoli,
1250 3672 1555 3743 provideat;
1583 3674 1752 3729 semel
1793 3676 1941 3727 enim

353 3777 383 3816 a
421 3760 650 3815 naturali
688 3761 1010 3817 necessitate
1044 3763 1547 3819 commodissimam
1589 3771 1809 3818 nactum
1851 3778 1942 3817 oc-

352 3856 655 3919 casionem,
683 3868 898 3909 omnem
937 3867 1232 3925 pervagare
1261 3852 1553 3909 nefandam
1609 3853 1940 3922 voluptatem

356 3961 466 3999 non
507 3944 726 4001 desinit.
760 3943 924 3999 Plane
957 3944 1103 3999 cnim
1150 3946 1295 4014 quod
1322 3945 1399 3999 ait
1429 3945 1590 4001 divus
1638 3944 1841 4004 Paulus
1877 3947 1944 4001 de

353 4047 616 4109 peccato:
652 4036 754 4093 Per
786 4039 956 4108 legem
985 4039 1245 4108 scriptam
1288 4037 1492 4109 peperit
1522 4038 1578 4092 in
1612 4053 1699 4093 me
1725 4051 1943 4094 omnem

355 4128 747 4198 cupiditatem;
803 4116 1019 4198 captata
1067 4130 1214 4183 enim
1248 4144 1343 4199 per
1394 4129 1715 4184 mamlatum
1763 4144 1939 4184 occa-

355 4219 536 4283 sione,
570 4219 782 4287 decepit
832 4235 940 4287 tne,
991 4228 1048 4274 et
1074 4221 1309 4275 occidit:
1346 4220 1489 4275 idem
1525 4220 1689 4275 etiam
1742 4221 1798 4275 in
1841 4234 1946 4277 nos

354 4311 630 4377 incurrit;
665 4315 881 4365 inventa
913 4312 1058 4365 enim
1094 4312 1391 4367 occasione
1419 4328 1487 4367 ex
1531 4316 1644 4383 lege
1680 4312 1943 4380 naturali,

361 4403 417 4457 id
461 4415 570 4467 esr,
610 4402 858 4457 alimenti
909 4412 964 4457 et
1006 4403 1260 4458 fermenti
1303 4419 1430 4469 usu,
1467 4419 1590 4459 mea
1625 4407 1948 4471 caruncula,

352 4509 570 4549 omnem
604 4494 655 4547 in
701 4509 788 4548 me
837 4494 1094 4551 excitavit
1125 4496 1501 4566 cupiditatem,
1527 4507 1578 4551 et
1610 4508 1828 4568 propter
1857 4513 1940 4554 re-

355 4603 478 4642 rrnn
529 4587 966 4649 necessariarum
1022 4588 1400 4659 indigentiam,
1450 4592 1684 4661 primum
1731 4608 1819 4648 me
1871 4595 1940 4648 ad

351 4693 548 4735 eorum
593 4678 896 4748 legitimum
933 4694 1094 4734 usunr
1127 4680 1328 4747 ,trahit,
1358 4682 1556 4738 deinde
1600 4682 1671 4739 ab
1706 4700 1808 4739 usu
1842 4700 1941 4738 na-

356 4769 521 4823 turali
559 4769 626 4823 ad
662 4770 899 4824 alienum
950 4784 1005 4825 et
1052 4773 1397 4851 contrarium
1448 4784 1657 4830 natura:
1705 4777 1940 4831 abusum

355 4862 646 4929 pertrahit,
677 4849 789 4916 tum
823 4877 855 4917 a
896 4849 1158 4917 continuo
1185 4875 1240 4918 et
1268 4863 1542 4934 frequenti
1574 4868 1744 4922 abnsu
1767 4865 1836 4944 ad
1862 4868 1945 4920 ina

354 4956 665 5026 gurgitandi
691 4964 746 5011 et
773 4954 1063 5010 deliciandi
1097 4956 1340 5011 habitum
1367 4974 1382 5011 :
1412 4960 1630 5012 tandem
1665 4975 1751 5015 me
1782 4975 1942 5029 pror-

353 5065 452 5105 Sus
489 5050 768 5119 decipiens
790 5090 807 5116 ,
834 5051 1116 5106 interﬁcit.
1168 5051 1304 5106 Nam
1338 5053 1551 5109 deliciis
1589 5056 1795 5109 irrctita
1825 5057 1943 5113 sive

355 5144 560 5197 femina
612 5155 696 5198 est
727 5145 843 5198 sive
914 5158 1089 5206 mens.
1121 5145 1310 5199 vivens
1364 5154 1580 5201 mortua
1632 5157 1769 5214 est;
1823 5162 1941 5204 mea

351 5238 501 5289 enim
535 5251 682 5290 mors
708 5245 814 5300 est,
844 5235 1067 5290 oblitam
1103 5237 1448 5307 prepriarum
1479 5238 1610 5292 mihi
1636 5243 1939 5303 actionum,

355 5327 411 5379 in
443 5328 718 5396 pecuariis
747 5327 1117 5396 voluptatibus
1142 5328 1388 5397 corporis
1424 5331 1791 5399 percipiendis
1823 5348 1941 5385 ver-

355 5422 466 5474 Sari
495 5440 505 5471 :
541 5423 780 5486 quando,
816 5431 872 5475 ιιι
897 5422 1037 5475 alter
1070 5421 1349 5492 apostolus
1379 5422 1593 5486 scribit,
1614 5424 1863 5476 attrahor
1886 5437 1939 5481 et

357 5516 578 5567 irascor
606 5530 635 5566 ει
668 5512 851 5568 carnis
890 5515 1218 5584 cupiditate;
1253 5513 1524 5583 cupiditas
1571 5525 1753 5568 autem
1796 5507 1939 5569 con-

357 5605 490 5675 cipit
540 5618 593 5660 ct
634 5605 803 5676 gignit
841 5617 1146 5676 peccatum,
1178 5620 1468 5677 peccatum
1496 5614 1676 5660 autem
1719 5606 1942 5662 absolu-

357 5709 472 5753 tum
502 5709 752 5764 procreat
784 5711 1038 5755 mortem.
1097 5701 1188 5757 Ah.
1229 5700 1492 5755 uberibus
1522 5699 1664 5753 cnim
1713 5702 1844 5767 ipsis
1886 5703 1936 5754 in

357 5805 511 5844 ll'l’H‘t‘
543 5789 778 5857 positum
839 5802 944 5854 est,
988 5799 1049 5845 ut
1100 5803 1224 5846 cum
1280 5789 1344 5845 ad
1395 5793 1695 5861 jucundum
1723 5793 1939 5862 quidvis

2029 1932 2404 2001 relinquatur:
2431 1948 2553 2000 qua:
2575 1947 2692 1986 cum
2727 1933 3019 1986 multarnnr
3044 1934 3366 2006 ancillarum
3395 1934 3617 1986 domis-2t

2030 2025 2122 2087 sit,
2154 2024 2396 2077 nondum
2445 2033 2630 2078 autem
2666 2026 2938 2093 imperare
2991 2026 3267 2091 didicerit,
3312 2027 3619 2080 eontemui~

2036 2125 2146 2178 tur,
2176 2124 2271 2169 aut
2305 2115 2468 2170 etiam
2502 2116 2778 2171 colludere
2824 2118 3052 2173 docetur
3083 2137 3096 2172 :
3131 2127 3187 2173 at
3237 2118 3422 2174 serius
3449 2132 3619 2185 agnu-
3668 2180 3677 2183 _

2037 2198 2195 2261 secus
2229 2223 2351 2275 quae
2385 2207 2715 2277 quibuscum
2766 2224 3181 2278 corrumpatur,
3214 2208 3435 2263 familiae
3459 2222 3625 2274 (κιρ-ευ

2033 2301 2136 2355 scit
2166 2299 2476 2368 itnperiunh
2511 2300 2704 2356 etillas
2736 2301 2789 2354 in
2818 2302 3064 2356 ordinem
3102 2303 3352 2357 servilem
3406 2302 3557 2355 redm
3579 2302 3623 2354 it

2036 2401 2089 2446 et
2115 2393 2380 2460 castigat;
2405 2392 2512 2446 ill-.e
2532 2408 2660 2447 vero
2683 2393 2915 2463 pristina
2940 2395 3158 2448 licentia
3187 2394 3349 2448 herili
3369 2394 3625 2450 lascivia-

2035 2501 2140 2553 que
2178 2484 2408 2551 refertae,
2446 2485 2800 2548 erubescunt,
2843 2498 2896 2540 et
2928 2486 2982 2538 in
3013 2487 3199 2539 heram
3225 2487 3532 2557 insurgunt;
3561 2497 3623 2540 ull

2037 2577 2198 2631 etiam
2221 2577 2439 2645 quidam
2475 2576 2617 2629 servi
2649 2573 2923 2638 feruntur,
2945 2576 3092 2631 heris
3120 2592 3343 2646 peregre
3362 2577 3625 2646 profectis

2040 2667 2509 2734 rnorantibusque,
2533 2676 2585 2721 et
2609 2665 2829 2722 familia:
2859 2666 3074 2731 heri,et
3099 2681 3336 2721 uxorum
3365 2669 3468 2722 viri
3495 2680 3622 2723 Suc-‘

2037 2757 2312 2823 cessisse;
2346 2759 2541 2814 deimle
2570 2758 2624 2813 in
2671 2758 3114 2814 reversosheros
3170 2759 3539 2816 insurrexisse
3566 2772 3623 2815 et

2041 2846 2211 2900 armis
2265 2846 2577 2903 decertasse
2606 2865 2620 2911 ;
2657 2847 3118 2917 quemadmodum
3151 2847 3280 2902 item
3315 2848 3404 2903 alii
3435 2861 3620 2917 postea

2043 2938 2216 2994 Roma
2246 2937 2457 3009 fugitivi
2500 2940 2711 3009 magnis
2764 2932 2974 3008 pradiis'
2995 2955 3118 2995 cum
3160 2943 3625 3010 persequentibus

2042 3043 2094 3087 et
2128 3030 2455 3102 fugitivariis
2474 3031 2826 3086 dimicarunt.
2855 3029 2986 3085 Tale
3014 3033 3289 3100 quoddam
3320 3042 3511 3087 contra
3537 3048 3624 3086 me

2047 3128 2245 3182 servile
2273 3125 2470 3181 bellum
2511 3127 2749 3181 concitat
2799 3135 2992 3179 natura
3040 3126 3174 3181 mihi
3227 3141 3447 3180 servum
3497 3126 3624 3181 cor-

2043 3212 2173 3290 pus,
2196 3229 2292 3273 aut
2320 3220 2483 3274 etiam
2516 3218 2723 3285 acrius,
2754 3218 2900 3290 quod
2932 3219 3146 3273 illorum
3182 3223 3379 3288 partim
3424 3221 3623 3286 armis,
3691 3252 3696 3259 ι

2044 3327 2357 3382 quanquam
2382 3310 2687 3374 dillieulter,
2708 3323 2887 3365 tancn
2906 3312 3209 3378 perierunt,
3236 3329 3342 3368 una
3362 3329 3486 3368 cum
3513 3324 3633 3368 Ser:

2045 3403 2216 3458 vitute
2231 3403 2394 3457 vitam
2418 3417 2637 3473 quoque
2668 3412 2987 3471 posuerunt,
3031 3406 3226 3472 partim
3259 3406 3465 3461 interea
3492 3422 3616 3476 pug-

2045 3495 2226 3550 nando
2245 3496 2581 3558 restiterunt,
2603 3496 2731 3549 dum
2759 3496 2920 3551 heros
2951 3495 3096 3552 ferro
3123 3495 3445 3553 dimicantes
3475 3499 3631 3552 vide:

2046 3594 2196 3653 runt,
2219 3595 2276 3640 et
2304 3586 2355 3640 in
2383 3600 2441 3642 se
2467 3586 2667 3655 pariter
2692 3584 2990 3651 irruentes;
3021 3586 3110 3641 ubi
3135 3598 3316 3641 autem
3346 3587 3428 3641 illi
3450 3589 3622 3658 depo-

2047 3677 2223 3731 nemla
2250 3686 2581 3731 censuerunt
2608 3691 2786 3743 arma,
2813 3686 2867 3732 et
2890 3676 3126 3732 inermes
3158 3678 3324 3749 ﬂagra
3359 3680 3623 3734 duntaxat
3660 3670 3673 3681 ’

2047 3778 2302 3836 tanquam
2363 3771 2537 3824 servis
2577 3769 2949 3834 incusserunt,
3001 3768 3183 3841 itaque
3214 3781 3539 3826 revocarunt
3568 3773 3620 3825 in

2047 3862 2392 3921 memoriam.
2416 3860 2508 3931 qui
2534 3862 2860 3931 quibuscum
2886 3862 3153 3916 auderent
3177 3878 3368 3933 gerere
3395 3863 3621 3930 bellum,

2047 3960 2162 4006 tum
2196 3954 2260 4006 ad
2290 3952 2607 4022 sedenique
2637 3954 2933 4018 redierunt,
2961 3963 3014 4007 et
3052 3955 3341 4026 pristinam
3374 3956 3627 4012 domina-

2046 4044 2249 4099 tionem
2281 4053 2639 4114 agnoverunt.
2663 4043 2777 4099 Hoc
2811 4060 2938 4100 vero
2962 4060 3144 4100 meum
3176 4046 3373 4101 servile
3399 4045 3627 4101 hostile-

2045 4147 2152 4206 que
2182 4134 2387 4188 malum
2416 4142 2500 4190 est
2546 4136 2898 4204 indomabile,
2932 4136 3281 4203 seditiosum,
3310 4136 3633 4219 fugitivum,

2045 4225 2191 4296 quod
2239 4227 2388 4281 nullo
2429 4237 2598 4298 pacto
2625 4229 2676 4283 in
2702 4230 3049 4298 servitutem
3082 4230 3348 4287 adducas.
3381 4230 3496 4286 Nec
3538 4248 3629 4286 ra-

2018 4315 2250 4374 tionem
2304 4320 2470 4376 ullam
2522 4330 2701 4385 teneo,
2737 4337 2841 4393 qua
2879 4322 3127 4392 superior
3176 4323 3448 4390 evadant;
3498 4338 3626 4379 nam

2047 4428 2227 4483 neque
2251 4412 2376 4484 jure
2406 4413 2556 4478 belli,
2597 4431 2774 4485 neque
2801 4417 2916 4486 lege
2945 4416 3107 4486 justas
3139 4417 3423 4472 servitutis
3457 4431 3634 4486 exprr,

1972 4535 2020 4591 υ
2050 4518 2218 4591 gnare
2243 4518 2488 4573 possum,
2529 4504 2623 4559 sed
2659 4520 2881 4575 quoque
2905 4507 3067 4563 modo
3096 4506 3419 4576 congrediar
3450 4507 3629 4560 on.ni-

2051 4590 2150 4645 bus
2183 4593 2487 4661 proverbiis
2520 4596 2757 4650 obnoxia
2826 4605 3036 4665 teneor,
3086 4598 3319 4666 lapidem
3362 4610 3624 4667 coqueus,

2047 4697 2228 4739 aerem
2250 4687 2562 4753 verberans,
2577 4684 2893 4757 Ethiopem
2921 4687 3200 4763 dealbans,
3224 4686 3495 4743 flammam
3523 4704 3630 4743 caa-

2048 4775 2212 4842 dens,
2242 4776 2295 4831 in
2359 4768 2515 4848 aquis
2547 4779 2815 4839 scribens.
2858 4794 2922 4834 ex
2976 4795 3145 4835 arena
3168 4779 3473 4835 funiculum
3525 4796 3628 4834 ne-

2047 4877 2222 4926 ctens.
2254 4868 2847 4927 Ofactumincredibile
2877 4872 2891 4926 l
2918 4872 3153 4927 duarum
3184 4887 3365 4926 rerum
3397 4873 3628 4928 rationis

2046 4964 2351 5033 expertium
2387 4976 2629 5035 potestas
2661 4981 2795 5022 mea:
2823 4967 2947 5022 fidei
2981 4968 3188 5024 credita
3237 4977 3367 5024 est:
3400 4970 3624 5025 alterius

2049 5075 2265 5115 mecum
2306 5058 2638 5114 intrinsecus
2668 5068 2722 5113 et
2754 5074 2784 5112 e
2816 5060 3143 5128 propinquo,
3192 5060 3418 5116 alterius
3446 5077 3624 5115 renroo

2053 5153 2159 5208 tius
2190 5162 2241 5206 et
2275 5150 2614 5205 extrinsecus
2645 5150 2973 5217 conjunctae.
3012 5148 3208 5206 Verum
3247 5155 3362 5206 haec
3385 5154 3624 5206 exterior

2050 5245 2369 5301 servitutem
2395 5259 2552 5312 passa
2583 5255 2670 5299 cst
2706 5253 2760 5297 et
2790 5242 3114 5313 subjiciendi
3149 5246 3354 5314 legibus
3403 5247 3625 5312 aequiu-

2050 5336 2156 5400 vit;
2177 5334 2383 5388 nullum
2404 5335 2548 5388 enim
2570 5336 2931 5389 animantium
2955 5335 3164 5390 ratione
3218 5333 3623 5391 destitutorum,

2049 5423 2306 5477 idoneum
2337 5424 2659 5493 obsequium
2691 5434 2947 5492 praestare
2996 5431 3234 5487 recusat,
3283 5421 3379 5476 sed
3433 5420 3622 5491 jngnm

2049 5514 2362 5583 impositum
2394 5515 2595 5569 cervici
2645 5517 2740 5569 bos
2796 5516 2957 5579 tollit,
3005 5531 3069 5571 ac
3114 5525 3271 5569 terra:
3305 5515 3628 5568 crassitudi-

2050 5622 2171 5661 nem
2207 5615 2390 5660 aratro
2418 5607 2723 5677 perfringit,
2767 5609 2928 5676 idque
2960 5607 3106 5671 facit,
3154 5605 3463 5660 cervicibus
3498 5621 3626 5662 cor-

2048 5716 2221 5756 nuum
2253 5700 2398 5754 acies
2424 5700 2578 5769 quasi
2607 5701 2806 5754 alteras
2827 5699 3015 5753 hastas
3051 5706 3349 5767 prastcnsas
3376 5701 3622 5770 habens;

2049 5809 2222 5862 neque
2248 5792 2446 5863 lcvipr's
2477 5807 2648 5861 equus
2673 5791 3032 5847 ministerium
3065 5792 3217 5861 fugit,
3248 5793 3337 5847 scd
3359 5793 3513 5845 ιιιῑιιϊ
3548 5792 3624 5848 fe-
