2023 3227
252 173 304 202 937

870 170 1062 200 GRECOIUI
1083 170 1246 201 PALAM/E

1819 182 1863 214 938

254 235 300 253 ..ιχ
319 232 343 252 (ιι
360 225 496 260 petulans,
512 232 559 253 ore
576 231 666 253 tamen
683 214 759 252 frena
783 225 889 260 recipit,
909 233 1044 253 sessorem
1061 227 1083 256 A
1099 225 1178 254 liceat
1195 227 1309 254 dicenda
1328 227 1513 261 considerare,
1529 236 1648 264 praeceps
1661 231 1691 258 ad
1708 233 1864 264 nuntiandum

253 279 279 299 Pl
300 280 393 306 pacein
413 272 560 305 agitantem
578 276 604 298 et
620 276 782 306 pugnantem
798 272 881 299 vellit.
899 271 977 298 Paret
994 273 1045 299 asi-

256 325 317 348 nus,
336 317 397 343 licet
415 321 511 343 natura
540 316 635 343 tardus
654 317 701 349 sit,
733 317 766 343 ad
795 324 865 344 ontts
882 317 1044 351 portandum

253 369 365 390 \OCEHUS
383 372 389 393 ;
406 367 433 389 ct
455 362 684 397 quemadmodum
704 363 844 390 ferocitate
863 363 1044 391 exsultantem

249 418 351 441 equum
370 409 491 440 coercni,
518 408 610 435 itidem
636 409 823 436 tardissimum
842 410 950 436 asinttm
966 410 1045 436 aditi-

253 455 307 480 lllll)
323 455 412 489 pucllo
426 460 452 481 et
471 454 542 481 fuste
553 455 713 481 celeriorem
730 454 793 481 feci.
810 454 880 486 Ouid
895 455 953 482 lucc
968 463 1043 482 man-

250 500 371 527 Stlt‘rtlt'ltl
388 508 487 535 pecora
503 505 529 528 et
549 501 702 534 subjugalia
719 501 793 527 dico?
807 501 865 527 Non
882 509 971 532 ursus.
990 508 1043 528 non

252 547 382 580 pardalis,
397 547 518 573 ferarum
537 546 741 579 itumitissimze,
758 555 812 573 non
836 546 894 581 ipse
914 547 1044 581 elephan-

253 598 306 624 tus,
325 593 513 627 magnitudine
528 600 641 627 aggeres
657 597 736 619 terrae
762 601 905 627 superans,
924 601 977 620 non
991 593 1042 625 leo,

253 646 298 663 rex
328 639 476 672 agrestium
501 638 694 670 animantium,
726 643 849 665 nostrum
891 639 1044 665 detrectant

251 683 416 717 imperium:
435 683 481 710 sed
498 688 524 710 et
543 684 569 709 in
589 683 704 711 urbibus
721 692 770 719 per
787 684 876 711 forum
893 689 919 711 et
938 685 1042 711 lin-atra

228 718 229 722 ‘
250 730 336 761 ducti,
352 729 555 764 spectatoribus
564 730 658 757 otiosis
674 730 840 764 voluptatein
854 738 915 757 eum
932 736 1042 765 stupore

250 780 277 801 et
295 775 427 803 miraculo
452 776 584 810 praebent.
607 775 700 809 Neque
717 776 882 804 sublimibus
900 777 996 803 avibtts
1007 778 1041 803 ad

250 821 342 855 fugam
361 822 431 849 satis
448 821 499 849 fuit
510 823 582 850 aeris
601 823 694 857 ingens
711 823 826 851 altitudo
840 832 847 850 :
862 829 891 851 ut
902 831 991 855 neque
1002 824 1044 859 pi-

249 869 344 896 scibus
359 869 393 895 ad
408 869 526 896 latebras
545 870 792 905 profundissimum
809 872 894 898 maris
911 871 1039 904 fundum,

250 922 281 940 ac
296 914 348 941 ltoc
373 914 489 942 ratiouis
505 922 613 950 expers,
633 915 752 943 ferinum
780 920 807 943 et
823 917 984 948 belluinutn,
1002 918 1038 944 ita

251 960 487 988 mansuefacimus
509 966 539 988 ut
555 969 599 989 res
617 961 680 995 fert,
693 966 721 989 et
742 962 904 990 domamus:
921 964 1037 990 alterum

251 1014 315 1033 vero
334 1014 420 1041 genus
436 1007 616 1035 domesticum
627 1011 653 1034 et
670 1008 713 1035 cui
731 1008 905 1035 continenter
918 1009 1038 1037 insidere

250 1053 328 1079 nobis
352 1054 540 1088 praescriptum
565 1057 609 1081 est
634 1053 717 1089 idque
734 1054 881 1087 moderari,
900 1056 1039 1084 nescimus

248 1105 368 1133 quonam
385 1104 464 1133 pacto
489 1099 658 1134 mitigemus.
685 1105 711 1127 ct
726 1101 759 1128 ad
783 1101 964 1129 obediendum
981 1103 1037 1130 cle-

249 1148 357 1171 menter
374 1139 565 1178 adducamus;
582 1148 609 1172 ct
625 1150 715 1172 tamen
734 1154 820 1180 genus
847 1147 913 1174 illud
940 1154 1036 1174 natttra

247 1197 360 1224 prorsus
376 1190 409 1216 ad
426 1191 560 1217 rationem
577 1192 767 1218 obsurdeseit:
785 1192 836 1219 lioc
849 1194 997 1225 auscultat,
1013 1199 1036 1221 et

250 1235 331 1261 modo
349 1235 468 1268 quodam
484 1234 518 1261 ad
535 1242 594 1262 eam
620 1237 800 1269 convertitur,
830 1242 858 1264 at
873 1238 946 1272 quod
963 1246 977 1265 a
996 1247 1038 1264 ra«

249 1281 321 1307 tione
334 1281 452 1307 alienum
465 1286 506 1308 est
519 1282 641 1313 otiuiino,
659 1282 756 1309 rationi
772 1283 857 1318 magis
869 1285 1038 1319 obsequitur,

247 1335 328 1360 quam
345 1327 417 1360 quod
436 1332 531 1354 natura
550 1327 697 1363 insignitur
711 1328 860 1356 et-dueitur
872 1331 987 1357 ratione.
1005 1331 1037 1358 ll-

247 1373 293 1400 lnd
310 1381 419 1408 quoque
441 1374 597 1408 suppeditat
611 1381 638 1401 et
662 1375 754 1402 labore
771 1384 820 1403 suo
837 1382 913 1411 parat
931 1379 1038 1413 corpori

249 1418 407 1451 profutura:
424 1425 523 1453 corpus
542 1426 605 1446 vero
620 1420 721 1447 auxilio
733 1421 801 1448 milii
815 1422 908 1448 datum
929 1423 961 1450 ad
987 1425 1037 1451 ob-

248 1467 337 1490 eunda
355 1464 563 1499 pi'ait-larissinia
580 1465 688 1494 virtutis
698 1475 823 1500 numera,
834 1470 1037 1497 eontrariumet

246 1508 332 1542 magis
350 1509 471 1535 renitens
485 1509 715 1543 deprehenditur:
734 1512 880 1546 potiusque
898 1518 927 1539 ιιι
941 1522 1034 1541 seettm

1100 280 1149 299 sua
1169 277 1267 307 sponte
1285 274 1407 307 praisilit,
1427 274 1494 301 foris
1509 275 1648 308 eﬂ‘utiens,
1663 286 1720 312 qua‘
1738 288 1786 306 non
1800 289 1866 315 opor-

1099 320 1137 343 tet
1163 325 1170 343 :
1206 318 1312 345 tametsi
1330 322 1369 346 tot
1395 320 1479 354 Septis
1500 325 1604 348 natura:
1624 323 1815 353 circumrallala
1829 328 1865 355 sit.

1098 361 1168 394 Quid
1185 370 1250 390 vero
1265 364 1326 398 gula
1342 364 1444 392 canalis
1457 366 1566 400 quidam
1579 368 1698 395 omnium
1713 371 1802 404 capax?
1814 373 1866 406 quid

1098 406 1237 434 insaniens
1250 408 1397 443 furensque
1420 411 1546 445 tangendi
1561 419 1657 440 sensus
1669 413 1679 440 ?
1692 415 1816 444 ratiouine
1827 426 1867 445 an-

1097 452 1216 479 scultare
1240 454 1325 486 novit,
1343 460 1370 481 et
1398 456 1556 490 appetitioni
1590 458 1696 485 modum
1711 462 1868 490 constituere?

1096 498 1167 531 Quid
1183 506 1247 526 vero
1260 507 1319 532 cor,
1336 507 1398 527 cum
1431 501 1617 531 cﬂerrcsccns
1640 510 1667 531 et
1695 506 1726 532 ad
1754 508 1867 536 ultionem

1098 545 1243 572 incitatum
1272 547 1475 575 tunn-ltuatur?
1496 550 1568 583 quod
1592 552 1764 585 quamobrem
1784 557 1868 582 canino

1095 590 1148 617 ritu
1166 591 1269 620 latrans
1296 593 1405 620 Ilomcri
1424 602 1521 629 poema
1538 596 1643 628 fecerit,
1669 605 1700 625 ac
1720 607 1771 626 non
1793 602 1869 634 potius

1095 636 1206 664 leonino
1220 646 1295 665 more
1316 640 1436 675 rugiens,
1459 649 1473 668 a
1487 642 1597 676 ‘miror;
1612 649 1746 678 postremo
1764 649 1868 675 animosa

1095 682 1230 716 particula
1246 685 1371 719 cupiendi
1383 687 1427 713 cui
1441 688 1490 714 rite
1504 691 1656 724 comparari
1665 692 1765 726 possit?
1777 693 1869 729 Scylla:-

1095 736 1140 762 ne,
1161 730 1309 758 immortali
1336 734 1485 767 perniciei,
1505 742 1537 761 an
1554 739 1707 765 renascenti
1726 740 1828 772 ltydrm?
1841 750 1868 769 an

1095 773 1219 809 Typlioni
1234 776 1370 810 capitibus
1383 783 1492 805 centum
1508 781 1620 813 praedito
1633 781 1644 807 ?
1658 780 1709 809 Τυι
1722 775 1881 812 ίιιειτιιηιιληί

1095 824 1186 847 ιοι-υιη
1212 821 1361 854 baratltris,
1386 827 1414 850 et
1438 829 1547 852 artuum
1564 826 1653 861 vallis,
1680 829 1795 864 undique
1820 838 1867 858 mea

1095 871 1225 901 consepta
1239 874 1281 896 est
1296 869 1378 896 altius
1398 871 1548 899 habitatio:
1566 873 1593 899 in
1612 874 1710 907 quibus
1723 875 1837 903 absurda:
1848 884 1870 904 et

1096 913 1210 941 rationis
1235 921 1361 950 expertes
1383 916 1538 951 facultates,
1562 921 1636 947 velut
1663 922 1806 950 oninimodi
1823 932 1869 950 ser-

1092 965 1188 993 pentes
1203 960 1228 987 in
1246 961 1342 989 ferinis
1354 962 1446 999 Libyte
1459 965 1608 999 speluncis,
1624 967 1746 995 latitant:
1761 978 1823 1003 quas
1835 971 1868 997 ci-

1093 1010 1190 1031 curare
1220 1007 1484 1042 mansucfaeerequc
1499 1009 1645 1044 pollicetur
1661 1012 1704 1038 illa
1721 1013 1821 1045 quidem
1835 1014 1869 1040 di-

1094 1049 1366 1086 gnitas-imaginis;
1397 1058 1424 1079 at
1456 1054 1478 1081 si
1512 1063 1564 1090 qua
1596 1065 1706 1084 sursum
1734 1064 1867 1092 enini-gnat.

1093 1096 1220 1122 deorsum
1236 1105 1288 1123 una
1302 1099 1512 1133 cunrolvuntur,
1525 1110 1585 1128 nam
1600 1103 1738 1139 illamagis
1751 1105 1868 1132 ferminut

1091 1149 1217 1177 Stcpcque
1237 1151 1353 1171 numero
1362 1138 1520 1174 elici-antur.
1538 1147 1616 1181 Quod
1631 1157 1678 1176 vos
1697 1138 1799 1185 quome
1818 1154 1858 1178 sub

1090 1188 1251 1219 sentientes,
1279 1193 1306 1215 et
1324 1196 1358 1216 ne
1386 1191 1451 1224 quid
1478 1192 1541 1219 inde
1562 1194 1624 1220 mali
1654 1194 1729 1222 \‘obis
1751 1197 1868 1223 accideret

1092 1238 1231 1266 caventes,
1259 1242 1290 1261 ex
1322 1235 1462 1262 lto:ninnm
1489 1239 1563 1264 omni
1591 1241 1740 1272 consortio,
1766 1241 1866 1267 fetarum

1091 1278 1233 1307 altricibu:
1251 1280 1318 1307 lueis
1337 1282 1486 1316 occupatis.
1506 1291 1552 1310 vos
1575 1285 1750 1313 atlduccndos
1777 1287 1868 1313 censui-

1089 1325 1149 1355 stis.
1165 1333 1240 1352 antra
1253 1326 1311 1354 suis
1326 1329 1490 1362 tegumentis
1506 1330 1621 1362 munita,
1657 1337 1783 1367 terrieque
1804 1339 1870 1367 pene.

1092 1371 1170 1398 tralia
1188 1373 1253 1399 solis
1270 1373 1355 1400 radiis
1378 1374 1510 1409 impervia
1536 1377 1700 1409 subeuntes,
1717 1387 1761 1413 per
1777 1380 1866 1405 deserta

1092 1423 1167 1444 vasta
1185 1418 1236 1444 sub
1254 1419 1300 1446 dio
1317 1420 1433 1454 vagatis,
1451 1427 1479 1447 ut
1495 1423 1618 1456 corporis
1635 1424 1761 1451 sensibus
1778 1426 1807 1450 ad
1822 1433 1868 1452 nia-

1091 1465 1179 1490 loruni
1200 1465 1340 1499 ingressus
1354 1466 1512 1499 obstructis.
1531 1476 1594 1503 pars
1610 1470 1657 1496 illa
1672 1472 1772 1498 ratione
1787 1480 1867 1498 caren-

1090 1510 1123 1536 tis
1138 1511 1382 1544 a-iinti'fcreciens,
1401 1513 1538 1541 alimentis
1561 1515 1696 1544 destituta
1713 1519 1835 1553 quiescat.
1846 1524 1867 1545 ct

1059 899 1079 926 Β

246 1554 370 1580 aberrent
387 1561 402 1580 a
419 1555 534 1587 ratione,
551 1563 632 1589 quam
648 1562 676 1583 ut
695 1564 800 1584 mecum
819 1557 908 1592 ipsum
925 1568 977 1586 una
994 1567 1037 1586 ra-
1050 1576 1070 1606 ε
1089 1558 1201 1583 l'nlimlis
1216 1561 1351 1592 compitis
1380 1567 1441 1594 pars
1467 1561 1632 1596 intelligens.
1671 1572 1684 1590 a
1710 1573 1794 1591 rerum
1820 1565 1865 1591 sub

246 1599 320 1625 titne
338 1604 439 1631 utatur,
461 1600 486 1627 vi
504 1600 585 1636 cogit.
601 1602 639 1628 Ae
656 1603 782 1637 superius
800 1604 935 1638 explicata
952 1614 1033 1633 causa

246 1650 284 1671 est
301 1653 308 1671 :
335 1645 406 1678 quod
430 1653 490 1673 cum
507 1653 579 1674 esset
597 1647 662 1674 milii
684 1649 853 1675 lionoriticus
871 1655 960 1683 ortus,
980 1659 1032 1678 non

245 1692 364 1719 intellexi
394 1693 525 1727 primum,
540 1694 645 1722 scilicet
656 1702 718 1722 eum
733 1695 806 1722 fatua
820 1697 1033 1724 carunculauna

246 1739 400 1773 jnvuniliter
429 1739 577 1774 desipiens,
602 1740 659 1768 sire
675 1748 738 1768 cum
758 1741 879 1769 materia:
896 1743 1033 1777 sontibus,

246 1789 273 1811 ut
286 1785 476 1813 Chaldaeorum
489 1787 579 1814 verbis
591 1792 662 1818 utar,
678 1792 705 1814 et
715 1787 873 1822 quisquiliis
893 1790 974 1817 simul
987 1791 1033 1817 de-

245 1838 345 1863 mersa,
364 1835 391 1858 et
410 1832 484 1859 velu’t
513 1838 635 1860 ostreato
664 1833 825 1861 indumento
852 1835 1032 1870 circumdata,

244 1877 452 1910 comparatione
475 1877 711 1912 similitudineque
734 1879 854 1913 pecudes
873 1885 900 1908 et
913 1887 1033 1910 amentes

244 1926 356 1949 naturas
377 1923 476 1955 refero.
494 1924 583 1951 serius
596 1927 688 1951 tamen
705 1925 854 1960 intelligere
869 1927 991 1962 demens,
1007 1935 1034 1956 et

242 1969 338 1996 stolida
351 1970 498 2004 aliquando
511 1977 607 2004 sapere
620 1971 763 2005 incipiens,
777 1973 885 2000 adnitor
898 1974 964 2001 milii
980 1976 1034 2009 pri-

245 2015 381 2042 mordimn
412 2015 579 2043 conveniens
607 2016 757 2050 vindicare,
785 2020 894 2054 corpori
917 2021 1032 2055 ejusque

244 2062 376 2088 membris
395 2062 531 2096 imperare
548 2069 609 2088 cum
622 2063 737 2095 ratione,
755 2069 781 2091 et
808 2065 841 2091 ad
860 2073 959 2093 ntunus
971 2067 1031 2094 eui-

241 2114 295 2142 que
307 2114 461 2142 congruens
477 2114 614 2136 revocare.
630 2109 677 2136 Illa
695 2112 785 2138 tamen
802 2111 860 2146 ipsa
878 2120 1032 2140 sermonem

242 2154 324 2181 etiam
353 2155 583 2189 praeoccupanda,
610 2156 689 2190 plane
716 2156 796 2185 factis
828 2160 1033 2192 proclamarnut

242 2209 302 2236 quae
317 2202 390 2229 cives
404 2202 488 2229 nobili
506 2202 573 2235 viro,
586 2207 615 2230 ut
632 2208 674 2231 est
687 2204 713 2231 in
724 2206 878 2240 evangelica
893 2207 1030 2239 parabola,

1087 1610 1199 1630 sensum
1219 1604 1374 1631 cadentium
1392 1607 1651 1640 perturbationibus
1674 1611 1866 1643 rac.ins,otiusa

1086 1649 1168 1677 rebus
1188 1650 1365 1685 intelligentia
1382 1653 1438 1679 sola
1457 1654 1642 1688 percipiendis
1664 1657 1805 1684 incumbat.

1121 1696 1188 1723 Esto
1203 1697 1243 1724 sic
1258 1705 1345 1725 sane:
1366 1699 1492 1733 equidem
1511 1701 1552 1728 liis
1577 1703 1673 1735 paucis
1698 1704 1862 1730 demonstravi

1087 1742 1187 1776 palam,
1203 1748 1305 1778 quanta
1322 1745 1420 1772 servile
1434 1754 1533 1780 corpus
1551 1748 1577 1774 in
1595 1755 1639 1775 me
1652 1749 1803 1783 juvenilitcr
1815 1756 1863 1775 mo-

1088 1789 1185 1816 liatur:
1200 1791 1272 1824 quod
1289 1792 1396 1818 tametsi
1416 1793 1509 1819 talittm
1527 1794 1690 1828 injuriarnm
1708 1802 1797 1823 auctor
1817 1803 1862 1822 nia-

1085 1836 1183 1863 nifesu:
1199 1838 1364 1871 revincatur,
1382 1847 1436 1866 non
1459 1845 1549 1867 tamen
1566 1841 1715 1870 abstinebit
1728 1844 1860 1878 quominus

1086 1887 1179 1909 contra
1194 1884 1345 1910 etiamnum
1372 1885 1455 1917 dicat,
1472 1886 1561 1920 qualia
1581 1896 1768 1923 sa-penumero
1793 1890 1861 1915 liber-

1089 1929 1157 1955 rime
1173 1929 1299 1961 dicendo,
1322 1937 1375 1957 non
1399 1932 1541 1959 moliendo
1556 1933 1609 1960 ritu
1636 1943 1783 1967 serrorttm,
1799 1936 1862 1962 inso‘

1087 1975 1185 2001 lentius
1199 1975 1297 2002 audet:
1311 1976 1346 2002 ita
1362 1977 1490 2004 nimirum
1506 1980 1637 2007 omnibus
1650 1982 1676 2008 in
1692 1983 1779 2014 rebus,
1795 1981 1860 2017 quasi

1087 2027 1184 2048 natura
1200 2023 1296 2049 hostile
1310 2023 1377 2050 milii
1392 2024 1529 2057 renititur,
1547 2026 1627 2054 fartis
1646 2028 1776 2062 dictisque
1791 2036 1860 2062 repn-

1085 2076 1181 2101 gnatis,
1197 2073 1223 2095 et
1247 2070 1370 2101 omnino,
1397 2071 1500 2097 nullum
1520 2072 1545 2098 in
1574 2079 1693 2108 pactum,
1721 2076 1817 2103 nullum
1837 2075 1859 2100 in

1086 2114 1173 2141 fuidus
1182 2114 1284 2142 coiens.
1296 2115 1389 2150 Itaque
1399 2117 1546 2152 quidquam
1562 2127 1657 2146 eorum
1672 2128 1785 2155 quorum
1798 2128 1860 2148 nunc

1085 2164 1239 2193 accusatur,
1257 2168 1289 2187 ac
1305 2161 1331 2187 iti
1358 2163 1452 2196 primis
1473 2164 1533 2190 illos
1549 2165 1674 2193 ciborqu
1700 2167 1858 2201 pereuntium

1084 2205 1217 2241 malignos
1231 2212 1362 2241 quaestus,
1383 2213 1409 2235 et
1425 2214 1582 2243 perpetuam
1602 2213 1769 2239 exactionem
1785 2220 1811 2238 se
1824 2212 1859 2237 vel

242 2255 289 2280 per
315 2248 417 2283 legatos
440 2256 510 2283 quos
534 2249 656 2281 miserat.
680 2252 843 2278 nuntiarunt
859 2261 864 2278 :
883 2252 1031 2279 tNOllllllllS
1048 2248 1070 2275 Ι)
1085 2258 1164 2286 agere
1181 2252 1222 2279 vel
1242 2255 1294 2287 pati
1316 2259 1476 2289 negaturum
1496 2260 1546 2282 est.
1561 2255 1628 2283 Nam
1645 2266 1706 2285 cum
1723 2258 1757 2285 sit
1773 2262 1858 2284 natura

242 2298 270 2320 ut
281 2298 308 2320 tu
322 2301 417 2329 regnes
429 2293 456 2320 in
467 2294 556 2328 nobis;
574 2304 583 2320 ι
597 2295 697 2323 ducunt
707 2297 778 2323 enim
791 2297 871 2323 cilius
883 2305 963 2330 quam
980 2298 1029 2323 dti-

241 2343 350 2371 cuntur,
365 2341 573 2375 retiitunturquc
589 2341 769 2369 familiaribus
784 2346 810 2368 et
822 2342 919 2368 amicis
938 2343 1028 2376 potius

239 2392 320 2417 quam
332 2386 542 2421 asciscuutqute
555 2394 620 2414 sunt
642 2389 760 2421 optima:
780 2388 919 2421 magisque
941 2394 1027 2415 retra-

240 2432 307 2457 linnt
319 2438 399 2463 quam
411 2433 567 2460 trahuntur.
585 2434 672 2468 Atque
685 2434 750 2459 milii
766 2434 1029 2469 eonsiderate,qu£c-

239 2484 281 2509 so,
293 2477 408 2510 primunt
418 2486 498 2505 aures
508 2480 646 2506 ctoeulos:
655 2479 749 2510 illac,nt
758 2479 929 2507 Et'elesiastte
937 2482 1027 2509 verbis

238 2527 307 2554 utar,
323 2524 469 2555 audiendo,
487 2526 512 2551 Ill
528 2525 642 2551 videndo
658 2532 710 2551 non
727 2526 878 2559 satiantur;
895 2529 1025 2562 quoniam

238 2570 291 2596 llilS
312 2577 418 2603 semper
436 2571 592 2604 patentibus
611 2571 682 2597 fores
707 2571 852 2599 oceludere
870 2581 924 2601 non
944 2575 1024 2608 licet;

239 2615 280 2642 liis
310 2623 467 2650 quanquam
495 2616 684 2650 palpebrarum
712 2621 897 2652 tegumentum
924 2621 1023 2648 vallum

235 2664 286 2690 est,
302 2665 327 2685 ot
339 2661 457 2691 aversio,
473 2667 504 2686 ex
514 2661 646 2687 sententia
664 2663 754 2697 magni
770 2661 831 2696 Job,
845 2664 1024 2699 dispositione

237 2714 301 2731 uana
318 2707 436 2736 videant,
456 2705 519 2738 quid
542 2710 632 2732 tamen
650 2708 707 2733 lucc
729 2709 761 2734 ad
787 2717 880 2736 eorum
900 2719 1023 2739 inemen-

237 2756 292 2777 tum
312 2751 548 2785 promptissimum
562 2759 589 2779 ct.
605 2753 776 2781 celerrimum
802 2764 883 2791 supra
901 2759 1021 2789 modum.

235 2802 263 2824 et
284 2797 475 2831 inexplebilem
492 2798 698 2826 curiositatem?
719 2801 874 2838 Dciutleqttc
890 2804 1020 2838 linguam,

239 2843 396 2870 mlomabile
413 2842 524 2876 malum,
542 2845 670 2872 mundum
686 2847 846 2882 iniquitatis,
862 2855 890 2877 ut
902 2849 1021 2878 Jacobus

234 2894 318 2914 iiater
335 2888 379 2914 Dei
400 2888 537 2923 loquitur:
555 2899 614 2925 quo:
631 2893 710 2919 etiam
729 2896 802 2926 prius
820 2903 901 2930 quam
921 2897 1018 2923 rationi

1084 2298 1265 2332 compositum
1284 2305 1312 2327 et
1326 2308 1433 2334 semper
1444 2300 1543 2334 fluens,
1571 2303 1706 2331 meatibus
1722 2308 1776 2330 tum
1792 2304 1858 2330 abdi-

1085 2345 1129 2376 tis,
1144 2349 1199 2371 tum
1213 2346 1321 2379 apertis,
1339 2348 1493 2374 necessario
1506 2350 1715 2382 respondentem
1728 2349 1857 2376 inanitioni

1086 2389 1265 2423 repletioncm
1283 2392 1409 2424 requirit,
1424 2401 1504 2427 quam
1530 2402 1591 2421 cum
1617 2404 1669 2423 non
1696 2398 1772 2424 aliter
1786 2405 1855 2431 quant

1083 2443 1131 2470 per
1144 2436 1219 2463 cibos
1234 2441 1260 2464 et
1277 2443 1357 2472 potus
1373 2443 1469 2466 natura
1498 2442 1589 2469 tnolita
1613 2444 1658 2474 sit,
1682 2444 1781 2470 idcirco
1800 2441 1855 2469 nihil

1082 2490 1111 2509 se
1126 2489 1239 2516 peccare
1252 2483 1335 2516 dicet,
1352 2490 1455 2512 natura:
1473 2487 1577 2520 legibus
1591 2490 1746 2523 scquendis,
1760 2495 1785 2516 et
1804 2496 1855 2522 qnzu

1080 2534 1181 2557 statum
1200 2536 1359 2557 conservent
1374 2534 1543 2566 appetendis.
1561 2534 1582 2560 si
1603 2535 1635 2562 ad
1659 2540 1762 2569 tempus
1777 2534 1855 2569 legiti-

1081 2582 1154 2601 mum
1175 2575 1308 2608 suliicere,
1325 2584 1373 2604 nee
1386 2578 1456 2604 male
1465 2579 1574 2607 habere.
1587 2588 1666 2614 cgere
1679 2581 1790 2611 medico,
1802 2587 1853 2604 mii-

1080 2621 1146 2648 nino
1173 2622 1312 2650 defessum
1330 2624 1487 2658 concidere,
1502 2627 1691 2662 jactnianque
1710 2635 1799 2655 earum
1815 2632 1852 2652 ac-

1079 2668 1184 2695 tionum
1213 2669 1302 2697 facere
1330 2677 1398 2704 quas
1435 2673 1534 2700 mentis
1565 2681 1647 2700 causa
1677 2682 1736 2700 cum
1771 2673 1852 2699 labore

1079 2715 1241 2749 susceperit,
1254 2716 1328 2742 velit.
1345 2716 1376 2744 lli
1393 2725 1467 2750 vero,
1483 2718 1520 2749 lii.
1534 2719 1661 2754 inquam,
1678 2719 1746 2746 beati
1757 2716 1851 2752 judit‘cs

1079 2760 1171 2787 usitati
1187 2761 1294 2795 corpori
1311 2770 1370 2790 meo
1383 2768 1529 2797 praetextus
1541 2770 1613 2798 sunt,
1630 2765 1652 2792 si
1663 2764 1768 2799 quando
1786 2762 1851 2789 dela-

1077 2805 1145 2833 bens
1171 2812 1218 2833 aut
1246 2807 1353 2835 irruens
1368 2811 1400 2836 ad
1415 2810 1552 2837 lasciviam
1575 2811 1650 2839 freno
1668 2812 1727 2837 vilic
1743 2808 1849 2836 durioris

1078 2860 1213 2879 retocem.
1241 2853 1275 2881 Ut
1303 2856 1374 2881 enim
1401 2855 1534 2884 lactantes
1562 2858 1679 2884 infantes
1704 2864 1717 2883 a
1743 2861 1848 2882 manuna

1075 2898 1180 2931 depulsi
1197 2899 1303 2931 plorant
1318 2920 1325 2932 ,
1342 2901 1433 2927 itidem
1452 2907 1479 2929 ot
1500 2903 1552 2930 hoc
1568 2904 1601 2930 ab
1621 2903 1654 2931 iis
1670 2902 1766 2938 quibus
1781 2900 1848 2926 fanti—
