4046 6474
498 421 607 486 971

1782 420 2165 481 GIlEGORll
2205 423 2527 482 PALU'IIE

3660 429 3770 496 972

502 551 571 592 co
603 548 853 608 tempore
883 537 1258 595 vehementem
1285 547 1529 601 nactum,
1570 546 1619 589 et
1658 534 1885 605 insuper
1919 535 2094 589 arari-
2124 541 2167 593 Α
2198 536 2317 602 Quo
2345 538 2637 608 supplicio,
2676 555 2780 609 qua
2818 556 2981 612 pmna
3020 558 3127 598 non
3156 552 3238 601 est
3287 546 3508 619 dignum
3540 555 3646 604 ιιιιιι
3678 570 3767 607 ve-

505 628 661 695 liam,
694 627 1056 684 ambitionem
1088 670 1103 695 ,
1138 639 1193 684 ct
1226 630 1271 683 si
1324 628 1455 698 quid
1487 625 1634 683 aliud
1678 627 1872 680 horum
1907 638 2091 679 comes

506 736 633 776 cum
692 720 788 775 tali
840 731 1103 792 tantoque
1158 705 1307 777 coetu
1358 721 1494 785 coit,
1553 719 1684 774 mihi
1741 718 2089 781 adversatur,

504 813 706 868 astutia
738 812 934 870 bellica
984 813 1151 882 fallit,
1201 822 1259 869 et
1306 812 1414 870 sub
1445 811 1654 883 peccati
1703 811 1877 881 legem
1916 808 2093 880 capti-

505 921 627 960 vam
663 906 906 976 abducit,
938 906 1346 979 persuadetque
1376 915 1435 961 ut
1490 914 1543 961 et
1578 905 1696 975 ipsa
1729 904 1954 969 iaciam,
2010 901 2093 957 fa-

502 999 784 1068 cientique
815 999 1197 1063 consentiam,
1231 997 1381 1068 quod
1426 1011 1609 1066 neque
1654 996 1850 1064 probo,
1911 1006 2092 1064 neque

503 1090 649 1147 volo.
674 1090 753 1146 lta
783 1105 978 1161 parere
1000 1092 1228 1160 didicit;
1286 1093 1364 1147 ita
1403 1091 1552 1161 leges
1604 1089 1900 1146 obediendi
1931 1089 2087 1145 colit.

501 1183 607 1238 llic
663 1197 846 1254 opera:
872 1184 1112 1255 pretium
1154 1185 1341 1252 fuerit,
1382 1183 1545 1240 amici
1594 1182 1690 1239 Dei
1736 1183 1980 1254 judices,
2028 1191 2092 1240 ut

504 1289 614 1329 non
646 1275 854 1330 cedam
912 1277 1171 1341 fustibus,
1206 1285 1266 1332 ut
1319 1275 1554 1333 asellum
1589 1289 1757 1347 agaso
1789 1274 1952 1341 solet,
2013 1274 2088 1331 ita

502 1377 700 1434 praeter
727 1377 980 1423 naturam
1011 1369 1360 1438 superbiens,
1386 1377 1441 1424 et
1471 1368 1738 1424 ell‘renate
1769 1367 2085 1434 lasciviens,

497 1468 696 1514 etnon
757 1462 998 1531 amplius
1057 1461 1322 1532 pecuario
1380 1460 1526 1518 fastu
1587 1472 1925 1527 tumescens,
1987 1461 2087 1517 sed

500 1552 741 1606 belluiuo
778 1555 1002 1609 fremitu
1049 1555 1300 1625 rugiens,
1356 1571 1458 1611 nec
1488 1555 1787 1618 rubellane,
1824 1562 1881 1610 et
1904 1553 2088 1611 mani-

497 1641 641 1700 l‘esto
667 1647 1015 1715 tyrannidem
1062 1661 1381 1717 occupans,
1432 1646 1616 1719 ﬂagris
1668 1655 1727 1702 et
1777 1645 1995 1716 pugnis,
2030 1652 2089 1700 ut

503 1734 622 1811 heri
672 1738 851 1793 solent
900 1738 1195 1809 ma‘ncipia,
1245 1737 1448 1794 {eadem
1499 1757 1515 1794 :
1569 1737 1669 1793 sed
1720 1737 1889 1805 ferro,
1937 1736 2087 1807 quod

501 1829 675 1897 aiunt,
709 1829 940 1902 igneque
997 1832 1460 1897 animadvertam,
1519 1840 1574 1887 et
1621 1830 1857 1887 illustris
1914 1828 2085 1884 semel

2194 642 2320 681 cors
2365 638 2418 683 et
2470 630 2774 700 ingratum,
2810 644 2864 688 et
2920 635 2973 688 in
3019 651 3107 691 me
3156 641 3637 708 contumeliosum,
3694 647 3768 700 ita

2193 721 2514 779 clementem
2547 734 2600 778 et
2628 725 2931 783 miserabili
2967 729 3569 802 commiseresceutem,
3603 748 3662 792 ut
3702 753 3771 795 ne

2191 811 2490 869 liberorum
2514 817 2733 884 quidem
2757 832 2951 876 amans
2967 832 3143 877 mater
3162 823 3216 878 in
3247 838 3348 880 sua
3373 825 3546 896 ipsius
3562 829 3772 887 viscera

2154 913 2341 987 ,esset
2369 904 2609 963 aﬂ'ecta‘!
2654 910 2725 965 At
2759 909 2834 966 ita
2867 925 3002 968 sane
3044 915 3386 984 adolescens,
3423 918 3501 974 ita
3544 920 3772 990 juvene-

2186 1009 2353 1052 scens
2381 1008 2437 1053 et
2479 998 2692 1055 virilem
2728 1013 2944 1058 aetatem
2992 1005 3268 1077 attingens
3292 1050 3309 1075 ,
3359 1024 3449 1064 me
3488 1027 3599 1066 non
3634 1014 3774 1070 solet

2192 1094 2524 1149 auscultare.
2549 1094 2619 1148 At
2641 1110 2937 1153 senescens
2966 1100 3101 1154 mite
3129 1101 3445 1173 durtileque
3485 1114 3543 1159 et
3570 1114 3770 1162 tracta-

2193 1181 2302 1239 bile
2323 1193 2409 1242 est
2431 1185 2499 1240 ad
2518 1201 2583 1242 ea
2604 1202 2727 1257 quae
2747 1189 2940 1245 decent
2957 1190 3382 1248 instrumentum
3405 1195 3432 1249 ἵ
3452 1192 3769 1254 Undenam.’

2188 1275 2351 1343 Quod
2378 1289 2528 1334 certe
2569 1281 2941 1338 membrorum
2971 1283 3155 1354 vigore
3193 1301 3445 1356 nexuque
3475 1289 3654 1347 soluto
3673 1334 3690 1359 ,
3717 1306 3768 1348 et

2192 1368 2441 1437 ingenito
2479 1370 2665 1426 calore
2705 1373 2999 1440 exstincto,
3053 1376 3319 1431 immobili
3363 1387 3581 1449 torpore
3608 1384 3765 1437 tabc-

2188 1460 2394 1518 factum
2419 1463 2586 1518 veluti
2608 1467 2978 1535 compeditum
2996 1478 3100 1534 est,
3123 1480 3177 1524 et
3200 1471 3397 1527 veteris
3412 1473 3624 1528 arboris
3640 1488 3766 1528 esa-

2188 1555 2428 1611 rescenti
2464 1566 2661 1612 trunco
2690 1557 3120 1623 simile,scilirct
3167 1563 3275 1618 tale
3321 1565 3494 1633 possit
3539 1581 3627 1632 res
3673 1581 3766 1629 ag-

2186 1647 2339 1719 gredi
2365 1647 2540 1704 scrias
2562 1656 2618 1703 et
2646 1647 2932 1716 honestas,
2955 1653 3103 1722 quod
3126 1656 3560 1711 sustentantium
3590 1667 3646 1713 et
3678 1674 3766 1714 se-

2187 1740 2439 1796 nescenti
2505 1741 2954 1798 succurrentium
3006 1744 3236 1816 indiget,
3311 1751 3572 1817 praeclare
3635 1737 3764 1807 vero

2188 1846 2406 1887 mecum
2434 1840 2710 1903 ageretur,
2739 1834 2851 1891 nisi
2889 1839 3054 1892 etiam
3089 1853 3221 1896 suas
3257 1841 3391 1897 mihi
3422 1844 3764 1903 calamitates

501 1939 739 1995 pugnam
798 1941 1111 1995 conseram,
1163 1927 1422 1984 cominus
1476 1925 1686 1981 hostem
1722 1938 2000 1994 aggressa,
2028 1918 2159 1980 etB
2188 1923 2454 1993 inureret,
2503 1935 2558 1981 et
2616 1928 2818 1995 quibus
2867 1929 3133 1997 abundat,
3187 1934 3449 1991 senilibus
3486 1938 3644 1994 melis
3677 1956 3763 1994 me

502 2025 599 2072 aut
636 2017 819 2088 ipsum
864 2019 1152 2075 honestam
1206 2020 1408 2089 degens
1439 2018 1610 2071 vitam
1641 2016 1955 2080 exhibeam,
1987 2026 2085 2071 aut

502 2107 645 2162 idem
685 2107 830 2178 quod
878 2121 1179 2175 generosus
1221 2104 1460 2161 Samson
1517 2103 1720 2158 faciam
1773 2101 2082 2172 patiarque,

503 2198 839 2262 convellam,
868 2199 1118 2269 inquam,
1150 2199 1296 2268 quod
1334 2196 1596 2267 injuriam
1628 2195 1794 2250 faciat
1823 2211 1839 2249 :
1867 2203 1923 2249 et
1958 2208 2083 2248 cum

501 2291 662 2348 hoste
716 2293 950 2348 cadente
998 2292 1119 2349 laeta
1168 2290 1335 2347 simul
1378 2290 1665 2346 excedam.
1697 2288 1759 2343 ln
1796 2302 1881 2342 me
1915 2286 2085 2358 igitur

497 2382 634 2438 illud
662 2398 881 2453 quoque
910 2384 1240 2453 quadrabat,
1276 2381 1423 2453 quod
1442 2380 1732 2450 proverbio
1764 2378 2077 2449 quiritatur.

498 2473 613 2529 Abl
643 2490 811 2544 quam
844 2489 1011 2545 grave
1057 2482 1143 2531 est
1190 2474 1245 2530 id
1299 2473 1619 2530 hominibus
1671 2470 1916 2527 malum?
1953 2483 2081 2526 cum

498 2568 627 2637 quis
659 2567 820 2623 bouis
848 2583 956 2623 non
1014 2568 1188 2623 utitur
1217 2566 1303 2622 his
1363 2560 1488 2636 quae
1519 2565 1751 2622 noverit.
1801 2562 1940 2619 Nam
1981 2577 2082 2636 ego

491 2669 650 2713 certo
700 2662 886 2735 sciens
924 2660 978 2715 in
1024 2669 1134 2714 tam
1185 2656 1389 2714 rebello
1445 2671 1556 2712 non
1593 2671 1718 2712 esse
1755 2655 2082 2713 verberibus

498 2750 1078 2818 animadvertendum,
1106 2750 1202 2808 sed
1246 2761 1306 2805 ut
1331 2750 1530 2805 hostile
1568 2750 1696 2804 odio
1740 2763 2082 2820 prosequar

496 2844 651 2907 dum,
681 2858 791 2897 non
819 2852 1003 2898 tamen
1033 2841 1180 2899 bono
1211 2840 1320 2897 hoc
1349 2841 1518 2896 animi
1554 2839 1791 2896 consilio
1829 2849 1987 2909 utor;
2012 2841 2080 2898 ab

497 2934 803 2990 innumeris
860 2933 1008 2990 enim
1068 2931 1458 2989 all‘ectionibus
1515 2932 1741 3003 depulsa
1783 2932 2076 3004 impedior.

493 3024 628 3090 Quae
656 3036 787 3080 sunt
820 3026 940 3081 hae?
968 3040 1078 3081 non
1105 3026 1255 3081 enim
1286 3040 1388 3085 vos
1414 3021 1630 3081 celabo.
1662 3023 1847 3080 Pudor
1869 3063 1886 3091 ,
1931 3038 2067 3094 par-

495 3119 658 3185 citas,
714 3118 1140 3183 misericordia,
1183 3129 1365 3174 metus
1422 3135 1532 3174 non
1591 3118 1921 3188 intrepidus,
1980 3116 2077 3171 sed

496 3196 741 3267 lethalisl
768 3207 945 3265 Pudet
976 3224 1065 3292 me
1101 3210 1291 3281 hujus,
1348 3219 1410 3264 ut
1448 3210 1725 3275 conservi,
1752 3218 1807 3265 et
1864 3218 1924 3265 ut
1975 3207 2078 3264 ali-

494 3304 715 3372 quando
760 3317 849 3358 me
884 3301 1217 3383 adjuvantis,
1248 3302 1294 3358 si
1325 3317 1436 3357 non
1490 3303 1595 3357 hoc
1644 3311 1911 3370 tempore,
1962 3298 2076 3354 for-

496 3395 660 3449 tassis
726 3393 781 3448 in
839 3382 1110 3459 futurum,
1159 3400 1213 3447 et
1279 3401 1340 3447 ut
1400 3382 1634 3458 sodalis,
1685 3389 1875 3456 amici,
1913 3389 2072 3455 socii,

491 3474 814 3559 coscqualis,
853 3487 1029 3542 Pareo
1065 3486 1429 3555 abstineoque
1464 3493 1723 3552 tanquam
1775 3482 1844 3537 ab
1870 3497 2072 3537 aerum-

494 3595 652 3645 nuso,
686 3578 913 3641 infelici,
943 3578 1168 3634 misero.
1203 3581 1281 3632 Ac
1323 3591 1410 3631 me
1457 3576 1633 3631 vicem
1681 3575 1802 3645 ejus
1832 3574 2072 3645 graviter

496 3675 754 3738 miseret,
814 3671 1114 3742 ncscloque
1176 3670 1420 3741 quonam
1475 3666 1639 3722 modo
1695 3681 1821 3721 ctlm
1875 3664 2074 3720 alllicto

493 3763 841 3828 condolesco,
897 3779 1022 3818 cum
1073 3774 1339 3831 oppresso
1396 3774 1506 3813 una
1556 3758 1862 3812 molestiam
1892 3755 2072 3826 capio,

490 3873 613 3910 rum
642 3856 858 3911 dolente
880 3854 1221 3911 ‘coliaeresco.
1269 3852 1540 3907 Praeterea
1576 3866 1742 3906 caveo
1790 3866 1858 3904 ne
1905 3850 2075 3905 olleu-

489 3949 739 4004 siunibus
772 3947 1030 4014 acceptis.
1050 3944 1380 4015 imprudens
1429 3952 1574 4011 ruat,
1600 3951 1655 3997 ct
1686 3942 1818 3996 mihi
1846 3956 2070 3997 causam

488 4057 682 4096 earum
713 4054 896 4095 rerum
929 4054 1069 4109 quas
1102 4040 1280 4109 ipsum
1325 4036 1714 4099 attentaverit,
1745 4045 1840 4088 aut
1874 4032 2075 4086 vinctis

490 4131 797 4187 cusrodiam
830 4112 1262 4199 perlod‘iei'ltibus
1283 4142 1349 4182 ac
1386 4126 1732 4182 elabentibus
1758 4133 1852 4179 aut
1883 4137 2076 4179 servos

493 4214 1477 4290 currumpetitibuslxjuquisitioi‘iibus
1508 4228 1563 4272 et
1595 4216 1887 4272 tormentis
1916 4218 2078 4269 velle-

496 4313 899 4379 memioribus,‘
933 4311 1220 4366 attribuat.
1273 4310 1556 4376 Quantum
1607 4309 1755 4362 enim
1802 4307 1978 4361 audax
2024 4316 2077 4361 et

495 4400 1010 4472 tezmrrm-ium'est,
1043 4407 1265 4473 quando
1298 4403 1506 4458 lautius
1541 4403 1782 4457 nutritur
1809 4442 1824 4468 ,
1862 4408 2074 4454 tantum

493 4507 562 4556 ab
592 4516 836 4555 aerumna
857 4501 1100 4577 qualibet
1124 4506 1449 4554 occurrente
1475 4498 1751 4559 Vexatum,
1777 4493 2077 4550 commori-

495 4604 621 4660 tur;
658 4584 1155 4673 nen-intrdp'feiiiui‘
1194 4593 1388 4645 morbo
1433 4580 1711 4652 laboratis,
1753 4587 1846 4641 sed
1880 4594 1936 4640 et
1976 4585 2074 4639 l‘ri-
2107 4620 2150 4676 Β

493 4699 645 4753 gere,
705 4665 1184 4752 vigiliis,“e§iifr‘ie;
1231 4683 1435 4752 sitique
1484 4679 1775 4734 lahasceus
1838 4692 1901 4731 ac
1944 4675 2075 4731 deli-

492 4782 643 4831 ciens
671 4775 823 4830 humi
855 4770 1218 4848 provolvitur,
1257 4773 1608 4840 concitatque
1662 4770 1728 4824 ad
1759 4770 2074 4823 misericor-

493 4871 639 4925 diam
675 4870 889 4933 hostes,
928 4867 1128 4923 nedum
1165 4879 1253 4920 me
1288 4864 1551 4919 nascendi
1581 4869 1646 4916 a‘c
1679 4861 2076 4926 viviscendi,et

497 4962 743 5034 profecto
782 4959 1106 5039 renascendi
1156 4964 1324 5029 atque
1370 4942 1736 5045 reviviscendi
1769 4957 1974 5010 sociam
2022 4963 2077 5007 ct

494 5042 996 5128 participeui;’x;.-.Z*-‘5

564 5240 649 5297 Me
675 5219 975 5297 miseram!
1010 5239 1140 5309 quid
1169 5239 1347 5309 patiar
1385 5244 1481 5290 aut
1523 5232 1746 5300 iaciam,
1794 5251 1918 5291 Cum
1966 5248 2074 5290 lam

494 5332 892 5401 multiplicibus
928 5331 1089 5384 malis
1138 5329 1365 5404 praedito
1413 5328 1567 5381 socio
1603 5328 1890 5393 conjuncla
1918 5367 1934 5393 ,
1982 5330 2073 5384 iis-

496 5428 732 5497 demque
782 5426 1019 5488 all‘ecta,
1068 5405 1209 5497 culi;
1265 5438 1372 5491 quo
1418 5437 1446 5473 a
1480 5422 1663 5489 pueris
1706 5422 1758 5473 in
1819 5419 2071 5475 eumdem

496 5500 856 5593 ignorationis
892 5521 1119 5577 fundum
1155 5509 1416 5593 deprllor,
1453 5527 1507 5569 et
1558 5530 1681 5568 cum
1723 5526 1831 5581 quo
1859 5512 2075 5579 juveni-

495 5618 621 5673 litcr
670 5617 737 5671 ad
785 5611 1154 5672 contumelias
1206 5609 1514 5680 prolabenti
1561 5602 1882 5677 corripior?
1949 5620 2072 5658 cum

500 5712 682 5780 ipsum
728 5708 989 5764 membris
1020 5687 1165 5785 riget
1199 5704 1339 5774 suis,
1381 5703 1637 5771 equidem
1682 5698 1903 5766 indigne
1944 5697 2081 5761 l'cro,

497 5816 736 5870 cumque
770 5815 857 5853 me
888 5800 953 5853 ad
985 5790 1215 5852 nefanda
1238 5790 1488 5849 Tacinura
1516 5792 1659 5860 rapit
1682 5806 1697 5855 ',
1723 5805 1846 5843 cum
1878 5796 2078 5843 rursus

445 5872 461 5902 ’
496 5892 756 5961 afﬂigitur
805 5892 1027 5957 misere,
1055 5888 1632 5954 rellexadislorqueor,
1662 5892 1716 5935 et
1743 5897 2085 5938 nlausuesro.

2187 2016 2495 2085 referciret,
2526 2020 2723 2078 delirio
2763 2023 3009 2094 inquam,
3046 2040 3249 2082 errore
3269 2037 3326 2083 et
3354 2036 3595 2086 veterno.
3625 2032 3761 2089 Nam

2184 2109 2235 2166 si
2255 2126 2448 2167 verum
2480 2122 2586 2179 est,
2614 2123 2855 2171 mentem
2888 2116 3571 2188 Tithono‘consenescere,
3592 2134 3647 2180 et
3676 2125 3759 2183 bis

2184 2217 2387 2274 pueros
2421 2219 2583 2262 senes
2638 2208 2780 2273 lteri,
2836 2209 2906 2265 ad
2962 2216 3464 2282 repuerascendum
3516 2217 3760 2287 prole-to

2182 2297 2408 2345 aetatum
2444 2294 2806 2351 conversione
2835 2300 3201 2366 revertimur;
3238 2318 3303 2357 ac
3322 2318 3519 2373 corpus
3543 2308 3755 2376 quidem

2184 2380 2332 2436 videt
2380 2390 2438 2437 et
2487 2384 2603 2439 odit
2651 2386 2944 2455 obtusius,
2973 2403 3075 2460 ego
3111 2407 3240 2447 vero
3291 2394 3441 2450 senis
3479 2396 3757 2454 delirantis

2184 2469 2512 2542 lippitudine
2545 2475 2901 2547 caecitateque
2927 2488 3187 2549 tanquam
3214 2482 3459 2538 tenebris
3483 2484 3754 2553 oﬂundor,

2185 2578 2287 2618 nec
2341 2563 2559 2620 acutius
2601 2566 2714 2636 jam
2763 2582 2992 2626 cernere
3031 2584 3279 2640 possum.
3333 2572 3400 2629 Et
3454 2574 3589 2632 illud
3632 2592 3756 2633 cum

2183 2654 2420 2710 aliarum
2453 2672 2642 2712 rerum
2666 2658 3059 2728 obliviscatur,
3083 2662 3329 2719 alimenti
3351 2676 3529 2721 tamen
3556 2670 3606 2722 in
3637 2684 3758 2738 per-

2182 2755 2413 2818 petuum
2442 2750 2713 2815 meminit,
2745 2760 2799 2806 et
2819 2754 3077 2822 genuinis
3107 2770 3216 2809 non
3240 2757 3474 2828 amplius
3505 2760 3754 2817 dentibus

2182 2832 2239 2889 in
2293 2835 2522 2891 alveolis
2568 2837 2773 2904 inﬁxis,
2814 2850 2994 2898 tamen
3042 2845 3283 2901 maxillis
3324 2848 3623 2905 molaribus
3663 2851 3758 2906 dco

2182 2924 2394 2982 stitutis
2459 2927 2616 2984 molit
2677 2936 2740 2985 ut
2793 2941 2989 3000 potest,
3021 2950 3165 3005 quas
3208 2937 3373 2992 etiam
3408 2942 3751 3009 proverbium

2138 3034 2141 3035 ν
2180 3017 2566 3087 quoddamut
2593 3030 2647 3076 et
2679 3021 3019 3093 Scipionem,
3042 3026 3159 3082 seni
3204 3026 3432 3096 largitur
3456 3047 3470 3083 :
3498 3046 3597 3101 ego
3625 3047 3753 3088 vero

2181 3126 2293 3165 non
2318 3109 2434 3182 jam
2465 3113 2753 3186 disciplina
2785 3125 2839 3171 et
2872 3118 3139 3174 memoria
3184 3127 3365 3188 utens,
3408 3136 3585 3191 neque
3619 3138 3751 3179 sane

2181 3203 2368 3260 denuo
2399 3216 2460 3260 ut
2485 3205 2674 3272 didici,
2708 3221 2981 3280 praecepta
3000 3209 3323 3278 recordans,
3350 3212 3528 3267 solum
3563 3214 3749 3282 ingur-

2177 3296 2321 3367 gitor
2371 3297 2666 3355 oblivionis
2694 3302 2912 3371 poculo,
2967 3305 3154 3374 itaque
3186 3305 3448 3374 paulatim
3477 3321 3510 3362 e
3534 3306 3747 3366 sublimi

2178 3387 2250 3443 ad
2314 3391 2578 3460 puerilem
2654 3393 2936 3463 regredior
2991 3403 3232 3450 aetatem.
3296 3394 3541 3453 Tametsi
3603 3398 3744 3453 enim

2178 3484 2668 3552 temperationibus
2686 3485 2932 3542 adversis
2961 3486 3137 3542 allecti
3168 3498 3299 3544 sunt
3327 3497 3384 3544 et
3404 3489 3558 3560 pueri
3584 3499 3639 3545 ct
3661 3490 3750 3543 de-

2178 3577 2368 3643 crepiti
2396 3592 2580 3637 senes.
2606 3579 2751 3647 quod
2781 3578 2863 3633 illi
2889 3579 3097 3634 humidi
3118 3579 3235 3653 sint
3255 3589 3311 3634 et
3340 3580 3523 3647 calidi,
3551 3580 3747 3637 bisicci

2177 3677 2234 3722 ct
2268 3668 2474 3738 frigidi,
2510 3679 2745 3740 utraque
2774 3679 2956 3727 tamen
2999 3679 3135 3727 actas
3181 3674 3465 3743 sapientia:
3498 3690 3653 3731 usum
3685 3689 3747 3731 ac

2178 3761 2483 3830 prudentim
2536 3763 2665 3817 mihi
2709 3772 2904 3834 negat;
2960 3763 3244 3833 nimirum,
3277 3767 3498 3837 quando
3547 3768 3751 3839 puerile

2178 3864 2382 3919 corpus
2428 3851 2532 3905 sub
2564 3853 2890 3921 perhumido
2942 3854 3195 3924 sinciptte
3245 3857 3526 3912 cerebrum
3581 3867 3750 3927 gestat

2179 3957 2472 4012 aquosam,
2515 3952 2572 3996 ut
2604 3944 2737 3997 nihil
2770 3945 3078 4014 intelligens
3113 3946 3293 4002 infans
3323 3950 3477 4017 sapio
3501 3968 3514 4004 :
3537 3946 3750 4018 quando

2180 4050 2307 4089 vera
2358 4036 2598 4090 calvaria
2634 4036 2791 4092 senio
2821 4039 3069 4094 eminens
3113 4049 3301 4102 paret,
3351 4040 3485 4117 nihil
3535 4041 3604 4094 ab
3648 4057 3745 4094 uva

2179 4144 2366 4200 passa,
2418 4139 2474 4183 ut
2522 4130 2577 4183 in
2616 4130 2907 4198 proverbio
2949 4138 3055 4196 est,
3088 4130 3380 4199 absimilis,
3430 4147 3643 4186 rursum
3694 4146 3749 4185 ut

2180 4220 2365 4275 infans
2400 4229 2647 4291 rcpulor.
2696 4220 3019 4275 Mler-tiones
3070 4222 3218 4276 enim
3264 4232 3655 4292 cxsuperantes
3697 4234 3749 4277 et

2180 4327 2471 4382 corporum
2504 4321 2781 4377 naturam,
2818 4328 2920 4367 nec
2962 4311 3148 4366 minus
3184 4312 3289 4367 mei
3334 4322 3542 4382 partem
3582 4314 3747 4366 ratio-

2183 4408 2460 4461 cinanlem
2494 4403 2822 4462 labefactare
2866 4404 3220 4460 vehementer
3251 4414 3498 4476 possunt.
3545 4403 3748 4458 Omitto

2186 4500 2397 4568 reliqua
2427 4514 2715 4554 recensere
2750 4511 2871 4567 quae
2909 4490 3009 4551 bas
3036 4506 3243 4561 aetates,
3278 4496 3509 4566 primam
3554 4503 3608 4549 et
3651 4511 3748 4566 po.

2182 4601 2443 4648 strumam
2501 4593 2627 4648 dico
2696 4604 2915 4646 sorores
2982 4604 3272 4658 germanas
3346 4599 3755 4657 consequuntur

2180 4695 2529 4740 excrementa
2565 4682 2861 4754 superﬂua,
2915 4681 3128 4735 calvam
3164 4679 3493 4748 depilatam;
3546 4677 3756 4732 accedit

2182 4782 2290 4835 huc
2319 4794 2381 4834 os
2429 4778 2730 4832 salivosum
2759 4784 2816 4829 et
2857 4773 3201 4835 edentulum,
3242 4770 3532 4841 lacrymosi
3562 4779 3615 4824 et
3650 4770 3751 4822 hu-

2183 4883 2393 4929 mentes
2418 4870 2587 4933 oculi,
2621 4882 2784 4922 nares
2808 4879 3065 4928 mucosae,
3088 4863 3251 4932 pedes
3268 4862 3462 4931 partim
3488 4861 3748 4922 nondum,

2184 4964 2380 5035 partim
2419 4978 2526 5014 nou
2573 4957 2811 5027 amplius
2850 4953 2919 5011 ad
2973 4951 3388 5022 ingrediendum
3447 4949 3651 5035 habiles
3692 4956 3750 5004 et

2182 5030 2743 5128 aptinnembrorum
2773 5048 2903 5105 item
2958 5046 3192 5102 tremula
3245 5030 3636 5111 inconstantia,
3691 5051 3745 5096 et

2183 5152 2352 5205 tutius
2379 5144 2630 5216 corporis
2653 5139 3059 5213 conquassatio.
3093 5137 3201 5215 ξπμ
3224 5148 3508 5207 quousque
3524 5134 3753 5191 recitare

2184 5237 2459 5294 contendo
2490 5231 2742 5304 corporis
2774 5232 2959 5287 omnia
3010 5230 3189 5285 tristia
3216 5228 3357 5283 mala
3396 5228 3595 5300 quibus
3625 5224 3751 5280 alle-

2184 5340 2356 5394 ctum,
2378 5338 2474 5381 aut
2503 5341 2591 5379 me
2628 5325 2826 5380 misere
2860 5322 2926 5377 ad
2956 5318 3449 5377 condolescendum
3487 5316 3753 5382 attrahit,

2190 5430 2286 5477 aut
2325 5418 2583 5472 miserius
2615 5416 2680 5471 ad
2714 5414 3098 5470 colitetaudum
3131 5408 3403 5479 corripit?
3438 5404 3761 5478 lgiturmul-

2192 5515 2260 5567 tis
2296 5509 2701 5581 prmterlilissis,
2734 5523 2800 5560 ac
2834 5506 3156 5559 morborum
3197 5501 3539 5581 examinibus
3571 5511 3759 5565 μηνιμ-

2193 5578 2333 5667 ritis,
2383 5617 2414 5656 a
2462 5601 2684 5670 quibus,
2738 5598 2870 5653 dum
2901 5595 3136 5660 fovetur,
3179 5594 3343 5663 riget,
3385 5578 3612 5646 arlubus
3646 5596 3759 5641 tor-

2191 5709 2413 5767 quetur,
2455 5704 2529 5759 et,
2565 5705 2622 5746 ut
2650 5693 2840 5761 paucis
2876 5690 3186 5751 absolvam,
3229 5688 3354 5741 dum
3387 5683 3526 5739 male
3575 5679 3757 5743 habet,

2194 5787 2559 5854 coucrucior;
2603 5784 2922 5838 summatim
2973 5781 3227 5849 colligam
3278 5776 3557 5833 infestiora
3612 5771 3757 5826 mala

2195 5882 2395 5952 quibus
2419 5879 2695 5933 immerito
2720 5873 2949 5930 alliciar.
2998 5871 3070 5929 Ut
3106 5869 3441 5926 naturalibus
3478 5858 3757 5918 facultati.
