4046 6460
398 317 516 384 973

1724 298 2315 363 PROSOPOPGEUE.

3556 290 3670 359 975

403 438 508 490 lms
565 432 795 486 abusum
859 425 926 480 ad
974 424 1226 479 vitiosam
1284 419 1592 477 satietatem
1639 425 1696 471 et
1752 415 1986 470 delicias
2016 422 2060 476 Λ
2092 417 2354 485 iniuriam
2401 413 2597 494 patiar,
2646 406 2988 484 permittere.
3034 411 3091 465 Si
3126 395 3272 465 enim
3311 408 3667 476 evangelicus

404 526 593 587 fuerit,
623 515 989 576 demonstravi
1016 532 1031 570 :
1067 524 1234 582 utque
1260 511 1393 566 mihi
1423 508 1646 564 conanti
1671 507 1976 578 providere,

402 631 460 677 ct
495 619 562 674 ad
594 610 934 670 moderatius
960 609 1090 663 vitae
1108 621 1281 677 genus
1304 617 1582 668 revocare,
1614 598 1878 656 restiterit
1925 605 1982 653 et

407 705 786 771 insurrexeril,
847 701 1076 756 liberam
1132 695 1348 751 vivendi
1398 691 1855 749 consuetudinem
1925 697 1983 740 ut

407 808 582 876 legem
643 795 974 854 immobilem
1035 788 1416 862 praetendens,
1475 794 1531 841 ct
1578 794 1636 838 ut
1689 780 1985 836 indomitus

406 872 679 968 quispiam
740 887 973 950 vitulus,
1030 882 1223 953 iugum
1279 878 1565 935 servitutis
1621 872 1986 946 ignominiose

407 967 721 1056 despiciens
768 988 823 1033 et
882 975 1144 1046 iniuriam
1189 973 1430 1041 spirans,
1466 980 1523 1024 et
1569 967 1792 1023 taurino
1834 976 1987 1018 more

408 1078 691 1135 saeviens:
747 1064 1319 1140 quodque‘gravius,
1381 1066 1442 1113 ut
1489 1066 1700 1113 natura:
1749 1056 1886 1108 lixas
1934 1059 1988 1106 et

410 1177 592 1227 certas
632 1166 780 1234 leges
813 1158 1114 1214 transiliat.
1155 1154 1293 1210 Nam
1326 1167 1452 1208 cum
1483 1158 1748 1206 statutum
1800 1147 1891 1209 sit,
1930 1155 1992 1201 ut

410 1280 499 1321 me
524 1262 747 1320 ducem,
775 1269 900 1325 qua:
930 1248 1163 1309 rationis
1198 1261 1320 1302 sum
1354 1246 1653 1315 particeps,
1695 1251 1749 1296 et
1783 1240 1848 1295 ad
1883 1239 1992 1293 im-

412 1352 712 1427 perandum
746 1345 982 1401 habilior
1004 1350 1058 1397 et
1072 1340 1270 1411 aptior,
1299 1346 1583 1414 sequatur,
1606 1335 1781 1403 ipsum
1807 1330 1992 1400 potius

412 1426 684 1519 imperare
714 1438 851 1496 mihi
884 1435 1190 1500 contendit,
1243 1440 1302 1486 ut
1333 1431 1518 1495 velim,
1549 1427 1739 1491 nolim,
1778 1426 1846 1479 ad
1882 1436 1992 1477 una

413 1517 816 1610 suppeditanda
869 1526 1171 1598 voluptatis
1216 1522 1508 1579 ellicientia
1561 1517 1886 1590 pertrahar,
1939 1525 1996 1568 et

412 1607 673 1689 indecore
700 1640 787 1681 me
818 1636 946 1679 cum
980 1636 1046 1677 eo
1069 1633 1280 1690 geram,
1316 1614 1484 1670 veluti
1518 1613 1756 1683 quadam
1786 1607 1991 1678 duplici

414 1727 523 1785 telo
552 1738 714 1780 manu
734 1729 969 1785 armata,
1002 1712 1401 1771 violentissima
1428 1709 1778 1779 captivitate,
1809 1716 1865 1759 et
1891 1704 1996 1757 ἰω-

415 1831 644 1895 postura
669 1815 807 1872 nihil
837 1829 947 1870 non
973 1810 1246 1866 ailiciente
1290 1812 1588 1878 pertracta.
1621 1797 1992 1855 Molestiarum

413 1885 581 1971 etiam
618 1923 760 1981 quas
790 1901 1030 1974 aspergit
1062 1898 1222 1964 mihi,
1277 1906 1394 1952 tum
1426 1896 1482 1950 in
1544 1889 1767 1964 puerili,
1790 1899 1903 1942 tum
1941 1885 1996 1938 in

417 2014 577 2062 a-tate
608 1977 797 2064 senili,
846 1994 949 2051 etsi
1007 2000 1204 2046 natura
1234 1984 1677 2056 inculpabilium,
1712 1977 1993 2034 miseriam

420 2110 608 2156 tamen
661 2085 1168 2160 multiplicantium,
1217 2077 1544 2149 tragtediam
1596 2073 1773 2128 obiter
1820 2069 1998 2138 attigi.

415 2190 588 2259 Quasi
622 2186 769 2243 enim
802 2197 912 2237 nou
943 2176 1253 2245 sulIiCerent
1299 2170 1478 2226 aetatis
1510 2165 1744 2237 vigentis
1786 2173 1842 2218 et
1891 2162 2000 2215 l‘er-

416 2252 694 2341 vesceutis
723 2274 791 2331 ad
822 2288 909 2327 res
938 2266 1291 2338 turpissimas
1326 2262 1492 2327 mala,
1526 2263 1692 2315 etiam
1727 2270 1849 2325 quae
1871 2252 2000 2307 huic

420 2371 770 2442 interiacent,
828 2379 959 2421 suas
1010 2375 1233 2432 quoque
1273 2354 1614 2409 calamitates
1665 2350 1772 2402 huc
1813 2343 2002 2400 confc-

424 2440 579 2526 runt.
605 2463 670 2518 Et
692 2459 1021 2519 omnibusin
1055 2455 1223 2510 rebus
1255 2458 1492 2521 quantas
1519 2446 1846 2517 quotiesque
1865 2440 2000 2496 mihi

418 2555 857 2615 contumeliosas
893 2561 1173 2606 erumnas
1210 2545 1315 2599 hoc
1346 2542 1468 2597 leue
1504 2553 1705 2607 corpus
1730 2532 2002 2595 infundat,

396 2638 618 2707 [leviter
664 2643 876 2715 aperui.
924 2641 1003 2697 Ne
1072 2636 1304 2710 posthac
1344 2633 1509 2705 igitur
1554 2641 1664 2684 tam
1715 2627 2006 2685 inhoneste

424 2744 607 2812 imago
636 2738 732 2793 Dei
761 2736 831 2792 ab
880 2734 984 2789 hac
1023 2732 1174 2787 lutea
1224 2726 1461 2797 coniuge
1493 2728 1768 2792 turpetur,
1815 2726 1870 2773 et
1911 2716 2012 2770 do-

424 2835 576 2891 mina
628 2826 926 2898 mancipati
976 2820 1340 2878 dominationi
1373 2815 1722 2886 subiiciatur,
1759 2819 2005 2867 vestrum

425 2935 516 2982 est
541 2932 596 2978 et
629 2922 927 2992 reliquum,
961 2915 1202 2986 iudices,
1252 2910 1506 2979 suil'ragia
1552 2907 1721 2971 ferre,
1765 2904 2009 2975 iniuria-.-

425 3034 537 3089 que
596 3030 688 3071 reo
726 3026 949 3085 pinnam
1003 3007 1365 3070 constituere,
1410 3018 1513 3059 nec
1534 3011 1601 3058 ut
1628 3015 1730 3073 ego
1779 2996 2010 3068 posthac

2014 3210 2083 3228 3'—

2087 515 2179 569 ille
2199 514 2392 583 iudex,
2424 526 2603 581 neque
2635 513 2802 565 Deum
2841 508 3165 573 formidans,
3204 520 3380 576 neque
3413 505 3667 558 homines

2087 606 2379 669 reveritus,
2446 605 2871 660 vindicationem
2943 616 3244 673 aggressus
3295 606 3412 661 est,
3460 604 3668 667 quanto

2089 699 2266 765 magis
2320 712 2418 752 vos
2449 694 2801 749 vindicabitis
2828 706 2937 758 me,
2973 692 3066 762 qui
3100 698 3155 745 et
3192 689 3457 757 religione
3486 686 3664 742 sancti

2087 790 2244 855 estis,
2285 797 2340 843 et
2375 802 2556 841 rerum
2594 787 2957 841 humanarum
3005 780 3251 852 providi?
3284 779 3420 835 Nam
3463 779 3514 832 ei
3553 792 3668 831 me-

2091 884 2201 937 rito
2235 896 2304 959 ne
2330 892 2612 950 parcatur,
2641 880 2687 933 si
2736 878 2857 946 eius
2892 885 3102 931 natura
3129 875 3277 944 quod
3323 882 3409 927 est
3456 873 3670 926 luctuo-

2089 990 2214 1032 sum
2241 982 2297 1030 et
2329 973 2643 1028 miserabile
2685 977 3042 1025 convertatur
3086 970 3152 1021 ad
3186 967 3614 1037 supplicandum
3652 983 3666 1019 :

2092 1070 2188 1124 sed
2231 1067 2302 1122 ab
2353 1064 2475 1135 eius
2505 1064 2774 1120 seditione
2801 1060 3210 1131 manifestaque
3257 1057 3546 1129 tyrannide
3571 1071 3670 1110 vos

2093 1162 2470 1226 abhorrentes,
2517 1172 2550 1211 a
2596 1158 2816 1211 duobus
2869 1155 3101 1213 alterum
3151 1154 3300 1222 iuste
3356 1150 3671 1206 faciendum

2095 1253 2352 1311 statuatis
2385 1271 2400 1307 :
2431 1259 2532 1305 aut
2563 1258 2623 1304 ut
2671 1249 2804 1302 mibi
2861 1248 3022 1303 detur
3056 1248 3129 1302 ita
3164 1260 3286 1301 meo
3324 1242 3672 1301 tractandum

2094 1344 2350 1408 arbitrio,
2401 1342 2791 1414 torquendum,
2842 1338 3029 1409 ﬂagris
3080 1340 3432 1403 caedendum,
3492 1337 3676 1398 inedia

2097 1434 2504 1501 suﬂ'ocandum,
2534 1435 2680 1507 omni
2724 1442 3130 1488 tormentorum
3167 1445 3368 1501 genere
3419 1430 3678 1486 crucian-

2097 1531 2250 1591 dum,
2293 1537 2354 1583 ut
2397 1541 2425 1582 a
2478 1541 2564 1581 me
2600 1533 2877 1595 gestorum
2934 1525 3077 1578 ratio
3136 1525 3285 1577 nulla
3331 1530 3676 1591 reposcatur,

2098 1622 2266 1676 etiam
2312 1619 2368 1673 si
2416 1617 2744 1673 mutilavero
2801 1625 2858 1670 et
2911 1615 3135 1670 cumino
3178 1611 3472 1669 confecero
3511 1628 3526 1666 :
3581 1620 3679 1664 aut

2102 1712 2399 1781 apostolica
2431 1709 2806 1775 aemulatione,
2849 1704 3070 1761 Satanae
3104 1704 3421 1769 communi,
3452 1704 3573 1757 diro
3624 1714 3682 1759 et

2099 1803 2320 1874 publico
2371 1800 2567 1857 tortori
2601 1800 2837 1855 tradam.
2894 1798 3140 1866 Quorum
3185 1795 3333 1850 enim
3389 1808 3517 1850 vasa
3554 1792 3682 1848 forte

2098 1907 2333 1951 terrena
2358 1892 2621 1957 incolent,
2649 1900 2709 1946 ut
2732 1900 2820 1948 est
2850 1892 2904 1947 in
2936 1888 3163 1947 oraculo
3194 1887 3470 1961 (incolunt
3496 1894 3680 1943 autem

2093 1984 2608 2056 perturbatimiibus
2631 1980 3024 2048 incidentibus)
3046 1994 3240 2035 eorum
3265 1988 3321 2034 et
3360 1992 3540 2050 poenae
3571 1978 3685 2034 sint

2101 2076 2417 2132 mortalium
2453 2073 2851 2131 suﬂ'ocatrices.
2905 2073 2984 2127 Ita
3038 2073 3410 2136 verberatum,
3457 2069 3684 2124 demens

2104 2176 2342 2222 mentem
2380 2162 2524 2220 feret
2554 2179 2723 2235 seque
2759 2163 2979 2219 tandem
3016 2170 3308 2231 agnoscet,
3336 2169 3385 2215 et
3435 2174 3466 2214 a
3516 2167 3686 2228 petu-

2105 2262 2279 2316 lantia
2300 2260 2561 2324 cessabit,
2592 2274 2658 2314 ex
2711 2274 2887 2329 eoque
2931 2259 3075 2329 quod
3122 2265 3242 2311 erat
3286 2262 3567 2309 armatura
3606 2254 3690 2306 in-

2100 2348 2360 2419 iustitiai,
2419 2349 2496 2404 ad
2554 2347 2787 2418 iustitiae
2839 2346 3191 2402 commodum
3259 2343 3685 2400 instrumentum

2106 2449 2479 2497 convertetur.
2514 2438 2705 2510 itaque
2756 2440 2810 2492 in
2861 2447 3143 2508 posterum
3179 2433 3548 2491 seditionibus
3564 2446 3685 2488 non

2110 2534 2466 2605 agitabimur,
2494 2547 2598 2587 nec
2640 2530 2813 2585 altero
2842 2530 3081 2585 alterum
3121 2529 3257 2599 iugo
3287 2528 3558 2591 nitemur;
3593 2526 3688 2578 sed

2109 2626 2373 2684 concordi
2401 2624 2809 2694 conspiratione
2835 2631 2894 2677 et
2915 2635 3191 2683 consensu
3230 2620 3456 2689 iunctas
3488 2632 3690 2688 operas

2113 2720 2170 2774 in
2196 2721 2359 2775 rebus
2405 2716 2649 2771 honestis
2680 2723 2734 2771 et
2758 2713 3341 2772 seriiscollocabimus
3364 2753 3380 2778 ,
3413 2721 3468 2767 et
3499 2698 3703 2780 conio:

2111 2821 2356 2882 gatorem
2385 2817 2631 2864 nostrum
2672 2805 2943 2873 colemus,
2982 2817 3048 2860 ac
3080 2804 3242 2861 nobis
3279 2803 3415 2874 ipsis
3457 2802 3695 2873 promis-

2115 2920 2233 2961 sam
2303 2903 2452 2958 illam
2509 2899 2953 2966 beatitudinem,
3013 2896 3479 2955 intercedentibus
3538 2896 3694 2951 vobis

2112 2994 2336 3051 arbitris
2359 3004 2414 3049 et
2439 2993 2657 3062 legatis,
2688 2991 3057 3062 comparaturi
3088 3003 3309 3049 sumus.
3583 2993 3586 2996 ’

594 3402 928 3473 ALTERA
976 3393 1555 3463 .DECLAMATIO
1588 3439 1605 3469 ,
1638 3393 1833 3469 Οἱ]Λί
1855 3392 2010 3455 ET.

2114 3389 2196 3451 SA
2246 3390 2353 3451 ES
2367 3389 2418 3450 T
2445 3389 2594 3451 ASS
2605 3388 2984 3451 UMPTH’A
3015 3391 3185 3453 REF
3197 3389 3353 3458 UTA
3371 3383 3531 3447 T10.

1710 3588 1952 3665 Quibus
1980 3584 2187 3648 verbis
2235 3603 2465 3665 corpus

930 3757 1164 3811 contra
1192 3751 1457 3805 mentem
1494 3743 1561 3804 in
1583 3738 1830 3822 judicio
1849 3738 2237 3803 contendens
2266 3757 2477 3801 coram
2509 3736 2842 3818 judicibus
2872 3738 2969 3801 uti
2997 3742 3219 3818 possit.

504 3931 574 3988 in
607 3944 694 3988 me
717 3936 854 3998 quot
906 3922 1182 3990 convicia,
1222 3926 1353 3991 quot
1393 3915 1775 3979 contumelias,
1821 3922 2024 3985 quanta

437 4027 940 4091 cavilla’congcsta
983 4030 1138 4072 mens
1185 4015 1287 4070 ista
1334 4009 1518 4082 gravis
1551 4006 1828 4072 effuderit,
1861 4005 2053 4077 quasi-

440 4116 768 4177 comaediam
799 4117 987 4183 ageret
1006 4109 1061 4164 in
1085 4108 1319 4167 theatro,
1354 4119 1461 4158 non
1483 4109 1772 4156 accusaret
1795 4099 1849 4154 iu
1879 4099 2023 4163 foro,

441 4213 676 4271 audistis
716 4220 872 4272 sane,
904 4198 1232 4257 divinissimi
1260 4197 1521 4269 iudices;
1570 4192 1747 4249 soluta
1784 4192 1931 4246 enim
1973 4199 2028 4245 et

444 4307 615 4363 libera
648 4303 856 4372 lingua,
894 4311 963 4352 ne
984 4294 1116 4367 quid
1147 4292 1271 4363 plus
1294 4288 1549 4355 dixerim,
1576 4287 1721 4356 large
1749 4282 2028 4355 eﬂ'useque

2118 3912 2395 3983 iudicium
2419 3912 2807 3983 vilipcndebat,
2846 3922 2906 3968 ut
2944 3914 3146 3969 alicubi
3203 3916 3319 3984 ipse
3350 3917 3552 3985 inquit;
3604 3938 3703 3977 nec

2125 4004 2373 4075 profecto
2406 4005 2704 4069 mentitur;
2742 4021 2863 4058 nam
2898 4016 3104 4074 praeter
3134 4006 3239 4060 alia
3278 4007 3416 4062 bona
3457 4021 3507 4064 et
3540 4017 3707 4067 bono-

2125 4104 2232 4163 sta,
2285 4096 2450 4151 etiam
2506 4097 2746 4151 hominis
2777 4100 2988 4152 veracis
3043 4100 3417 4156 testimonium
3472 4108 3705 4174 acet-pit.

2127 4187 2318 4259 Neque
2338 4198 2488 4244 certe
2515 4188 2661 4244 Deus
2688 4188 2758 4242 ab
2793 4188 2912 4258 ipso
2942 4188 3047 4245 Job
3075 4192 3130 4247 in
3165 4192 3432 4261 judicium
3455 4207 3703 4261 vocatus,
3749 4236 3759 4242 ρ

2132 4294 2193 4339 ut
2243 4283 2673 4339 conviciatorem
2714 4285 3089 4354 reprehendit.
3131 4288 3373 4355 Quidni?
3415 4291 3506 4359 qui
3564 4294 3710 4361 apud
3775 4318 3784 4322 η

432 4413 545 4454 usa
569 4406 672 4461 est,
700 4408 810 4447 non
839 4399 1100 4460 tanquam
1139 4396 1431 4447 conservo,
1458 4389 1576 4448 aut,
1608 4388 1667 4434 ut
1699 4378 1815 4449 ipsa
1845 4376 2026 4447 loqui-
2061 4375 2106 4433 Β
2136 4376 2382 4431 divinum
2438 4374 2658 4444 Isaiam,
2696 4395 2716 4429 ε
2759 4375 2971 4445 Venite,
3006 4380 3202 4450 inquit,
3233 4393 3288 4436 et
3338 4382 3709 4453 disceptemus
3766 4385 3775 4398 ‘

444 4504 558 4558 tur,
608 4485 901 4557 coniugata
963 4492 1217 4551 parcens,
1278 4480 1372 4558 sed
1431 4482 1493 4530 ut
1574 4473 1628 4527 in
1690 4470 2022 4539 mancipium

446 4554 678 4654 argento
702 4554 1045 4646 redemptum
1068 4554 1353 4634 invehens,
1371 4577 1426 4623 et
1450 4575 1660 4620 tantum
1688 4580 1796 4618 non
1812 4576 2029 4632 pugnus

438 4674 675 4732 crebros
736 4670 1065 4739 impingens.
1135 4661 1247 4733 Ego
1301 4676 1430 4715 vero
1494 4666 1784 4728 postquam
1852 4664 2029 4708 vestra

451 4768 585 4824 mihi
642 4765 875 4834 aequitas
923 4755 1135 4814 dicendi
1184 4755 1360 4808 locum
1397 4753 1507 4816 dat,
1545 4749 1679 4804 nihil
1729 4763 1850 4804 sum
1897 4748 2031 4801 levis

453 4858 713 4914 momenti
739 4851 984 4908 vitiosive
1002 4846 1307 4912 dicturum;
1334 4844 1474 4899 bona
1496 4842 1640 4897 enim
1666 4844 1828 4895 verba
1850 4840 2035 4894 dican-

438 4959 546 5004 .tur
579 4960 800 5003 necesse
843 4953 948 5008 est,
990 4942 1083 4996 sed
1134 4954 1257 5010 qua:
1282 4935 1513 4991 crimina
1555 4932 1843 4988 intentavit
1873 4930 2030 4994 mihi,

444 5061 518 5101 ea
545 5050 601 5096 ut
629 5048 821 5113 potero
857 5033 1163 5092 dissolvere
1193 5031 1457 5096 conabor,
1490 5030 1659 5085 semel
1711 5038 1896 5082 autem
1931 5024 2035 5079 hoc

455 5149 704 5205 tempore
732 5132 862 5186 mihi
893 5142 1159 5184 concessa
1198 5140 1263 5180 ex
1295 5137 1455 5191 aequo
1486 5118 1702 5178 dicendi
1749 5117 2032 5182 facultate,

457 5246 558 5291 vos
584 5220 1224 5290 oraboobtestaborque,
1254 5224 1314 5271 ut
1334 5229 1510 5271 meam
1531 5211 1804 5268 dominam
1829 5209 2036 5264 interea

459 5320 741 5390 tuitigctis,
779 5314 1050 5385 siquidem
1099 5309 1321 5379 indigna
1363 5322 1424 5361 se
1456 5303 1566 5375 pati
1597 5316 1849 5366 censeris,
1897 5299 2035 5354 irata

462 5393 637 5467 meam
660 5409 814 5466 audit
863 5406 1190 5467 orationem,
1227 5404 1390 5471 idque
1441 5396 1604 5452 aliam
1649 5392 2034 5448 contumeliam

460 5507 884 5573 interpretatur,
913 5501 1059 5569 quod
1087 5494 1246 5550 tuitio
1266 5495 1368 5548 sim
1402 5503 1598 5545 ausum
1621 5485 2033 5543 contradicere:

462 5610 635 5664 utque
653 5591 809 5646 vobis
832 5589 1014 5645 veniat
1032 5585 1085 5640 in
1111 5594 1350 5639 mentem
1376 5576 1838 5661 quemadmodum
1859 5589 2039 5645 neque

448 5687 563 5745 Job
616 5684 707 5739 ille
765 5680 988 5737 divinus
1010 5693 1237 5735 suorum
1281 5675 1454 5746 ipsius
1498 5669 1829 5726 famulorum
1879 5667 1948 5724 de
1980 5682 2038 5721 se

2133 4484 2258 4523 cum
2312 4468 2447 4524 viris
2498 4469 2981 4540 delinquentibus;
3026 4491 3047 4525 ι
3118 4485 3171 4529 et
3244 4478 3385 4546 apud
3450 4480 3708 4544 magnum

2138 4559 2393 4616 Davidem
2442 4561 2719 4617 inducitur
2774 4563 3134 4629 iustiﬁcatus,
3201 4574 3258 4620 et
3316 4568 3535 4622 vincens
3585 4584 3708 4623 cum

2132 4651 2434 4721 iudicatur.
2467 4649 2639 4721 Igitur
2668 4660 2721 4706 et
2758 4653 2873 4707 haec
2903 4668 3027 4722 quae
3061 4654 3150 4708 Dei
3186 4656 3349 4710 refert
3396 4659 3710 4727 imaginem,

2136 4743 2401 4813 exemplis
2435 4744 2733 4798 bonitatem
2767 4743 2931 4809 illam,
2966 4746 3230 4810 imitetur,
3259 4758 3312 4801 et
3341 4763 3539 4819 magno
3572 4767 3715 4819 pne-

2138 4836 2250 4890 dita
2278 4837 2466 4892 animo
2499 4837 2765 4906 patienter
2789 4836 2929 4890 hanc
2954 4837 3069 4891 sive
3093 4837 3490 4904 judirationem
3531 4844 3718 4912 appel-

2140 4927 2279 4995 lare,
2314 4928 2431 4983 sive
2459 4928 2623 4983 etiam
2665 4927 3094 4995 disputationem
3125 4939 3363 4996 oportet,
3421 4918 3713 4995 sustineat,

2138 5019 2457 5091 eisdemque
2493 5020 2802 5077 rationibus
2831 5022 2997 5076 animi
3039 5022 3243 5092 quibus
3295 5025 3408 5087 ille,
3444 5026 3719 5086 fortitudi-

2143 5112 2231 5168 nis
2260 5111 2616 5168 adamantina
2645 5128 2921 5183 aureaque
2950 5123 3152 5179 statua,
3206 5115 3502 5171 famulares
3530 5127 3719 5172 contra

2146 5217 2206 5259 se
2236 5203 2375 5273 iuris
2407 5202 2649 5258 actiones
2682 5201 2920 5258 ferebat.
2976 5203 3270 5269 Utrumne,
3316 5207 3499 5262 aiebat
3531 5211 3720 5264 beatus

2148 5295 2260 5364 ille,
2315 5310 2423 5352 non
2475 5296 2621 5351 sicut
2676 5305 2730 5350 et
2774 5311 2872 5367 ego
2920 5297 2974 5351 in
3028 5308 3182 5381 utero
3230 5299 3330 5365 lui,
3371 5300 3447 5354 illi
3503 5316 3723 5370 quoque

2148 5386 2388 5444 fuerint?
2419 5387 2574 5454 Quod
2607 5384 2653 5444 si
2679 5385 2821 5443 forte
2848 5390 3070 5457 perinde
3098 5391 3409 5449 ratiocinari
3435 5393 3724 5460 dicereque

2142 5496 2206 5536 ac
2239 5480 2329 5536 ille
2356 5479 2543 5551 juStus
2569 5477 2692 5546 Job,
2726 5491 2962 5544 recuset,
2996 5496 3053 5538 ut
3082 5500 3183 5551 ego
3206 5483 3395 5537 saltent
3420 5486 3536 5537 vice
3565 5496 3720 5540 versu

2147 5572 2349 5638 dicam,
2377 5572 2686 5637 concedite,
2735 5572 3049 5644 quanquam
3083 5574 3427 5630 dissimiliter
3473 5576 3669 5630 similia
3705 5594 3720 5631 :

2145 5681 2256 5735 qua
2308 5665 2419 5723 illic
2452 5667 2618 5723 herus
2651 5681 2780 5731 erga
2815 5664 3056 5722 tantulus
3084 5666 3338 5737 aequabili
3384 5668 3578 5726 .attimo
3601 5675 3726 5723 ute—

3286 5902 3295 5927 ἢ
