4046 6490
412 404 528 469 9'75

1656 396 2042 461 GREGORII
2079 397 2408 461 PALAMIE

3575 399 3680 464 976

416 513 738 581 batur;liie
789 528 918 586 erga
976 511 1256 568 dominam
1322 527 1427 584 ego
1476 525 1696 566 servum
1757 511 2074 567 tibertatcA
2105 511 2384 581 particeps
2450 509 2698 580 ejusdem
2765 508 3053 582 dignitatis
3083 484 3210 566 cum
3272 519 3452 568 mente
3511 513 3679 570 conii-

417 615 570 659 ulor.
632 603 889 674 Nunquid
933 616 1039 656 non
1072 610 1128 657 et
1177 600 1296 672 ipsa
1340 616 1505 655 manu
1555 601 1646 654 Dei
1677 608 1863 655 creata
1895 607 2000 661 est,

416 706 481 750 ut
515 712 616 766 ego
644 694 869 751 ﬁctum?
902 710 1010 750 non
1043 696 1188 749 enim
1229 709 1290 749 se
1344 693 1439 749 Dei
1494 702 1803 748 creaturam
1847 705 2004 761 nega-

418 791 520 856 bit,
557 789 768 843 tametsi
805 786 1063 843 fortassis
1111 785 1451 858 figmentum,
1479 798 1539 841 ut
1571 800 1695 856 quae
1731 784 1915 840 divina
1932 785 2004 839 sit

418 881 713 952 inspiratio
747 892 765 939 :
795 895 972 950 neque
1003 879 1147 935 male
1174 879 1388 935 feriatis
1422 879 1749 952 hominibus
1772 878 2001 946 decepta

418 974 768 1045 persuadebit
796 988 1061 1042 unquam,
1104 976 1252 1042 quod
1285 973 1539 1028 essentia:
1579 970 1777 1025 divinae
1829 967 2003 1024 deﬂu-

418 1070 566 1122 vium
613 1067 707 1129 sit,
769 1067 864 1137 qui
925 1067 1146 1137 quidem
1203 1074 1469 1136 quantum
1526 1062 1895 1135 magnifacere
1947 1070 2003 1116 ct

415 1161 680 1217 extollere
706 1161 1038 1215 studuerunt
1057 1174 1203 1224 eam,
1237 1158 1485 1229 ejusdem
1515 1172 1640 1211 cum
1677 1156 1790 1211 Deo
1831 1164 1994 1210 natu-

416 1270 491 1310 ra:
540 1254 886 1319 definientes,
929 1262 1137 1307 tantum
1211 1252 1583 1320 imprudentes
1603 1250 1850 1306 eamdem
1870 1264 2003 1304 con-

415 1345 574 1399 viciis
605 1344 932 1410 affecerunt,
968 1343 1034 1396 ad
1064 1342 1293 1405 bestias,
1329 1342 1557 1396 frutices
1588 1354 1641 1396 et
1677 1355 2000 1397 cucumercs

416 1434 813 1503 deprimentes,
846 1448 948 1488 nec
976 1433 1025 1487 ei
1081 1433 1264 1487 solum
1332 1431 1691 1487 immodicum
1733 1431 1997 1486 honorem

416 1540 471 1587 et
499 1529 810 1595 infamiam,
850 1528 945 1584 sed
991 1536 1049 1583 et
1097 1542 1374 1598 suprema:
1425 1527 1500 1582 illi
1553 1535 1763 1582 naturae
1809 1537 2004 1579 contu—

417 1623 614 1678 melias
649 1624 1050 1691 intorquentes.
1085 1619 1219 1675 Nam
1290 1634 1416 1674 cum
1448 1618 1829 1674 constituisset
1858 1615 2001 1673 Deus

417 1716 698 1771 hominem
732 1715 984 1784 efﬁngere
1003 1713 1089 1784 (ad
1118 1712 1336 1767 initium
1361 1710 1509 1766 enim
1546 1709 1828 1780 proprium
1861 1707 1997 1762 mihi

417 1809 731 1864 revocanda
766 1817 852 1862 est
883 1806 1112 1873 oratio),
1154 1820 1263 1860 non
1290 1812 1472 1865 terrae,
1500 1817 1609 1856 non
1628 1802 1790 1872 aquis
1810 1800 1997 1870 jussit,

418 1914 479 1956 ut
508 1902 655 1955 hunc
694 1913 913 1970 quoque
943 1898 1091 1954 sicut
1138 1907 1195 1953 et
1243 1897 1350 1951 alia
1404 1895 1765 1951 animantium
1800 1909 1998 1966 genera

417 1993 808 2063 producerent,
834 1990 929 2044 sed
949 1995 1175 2056 accepto
1198 1987 1423 2057 pulvere
1451 1989 1568 2055 ipse
1592 1985 1999 2041 conformavit:

415 2099 472 2141 et
495 2094 555 2141 ut
576 2082 945 2139 conformatio
976 2079 1216 2135 divinior
1260 2089 1363 2146 est,
1415 2079 1489 2133 ita
1524 2088 1578 2133 et
1628 2092 1749 2132 mea
1788 2073 2003 2147 species

414 2176 717 2246 antiquior,
750 2189 859 2229 non
888 2173 1036 2229 enim
1071 2170 1482 2243 quadrupedem
1506 2180 1561 2225 et
1588 2183 1817 2239 pronam
1849 2167 2000 2232 fecit,

339 2291 346 2298 -
417 2283 529 2322 non
560 2267 684 2321 alvo
713 2266 1002 2336 capiteque
1053 2265 1109 2319 in
1159 2273 1360 2319 terram
1404 2270 1722 2333 protensam
1775 2271 1831 2315 et
1876 2277 2005 2332 pro-

356 2358 361 2365 ’
416 2368 644 2415 stratam
678 2374 919 2429 semper,
959 2360 1053 2413 sed
1094 2364 1303 2412 rectam
1350 2364 1408 2411 et
1458 2363 1628 2411 totam
1685 2355 1999 2422 sublimem,

415 2452 603 2523 parvis
651 2450 873 2520 quidem
913 2449 1092 2518 iisque
1149 2447 1368 2505 duobus
1409 2446 1719 2517 plantarum
1756 2447 2002 2517 vestigiis

415 2555 620 2600 terram
670 2542 866 2597 leniter
920 2540 1307 2610 attingentem,
1370 2553 1593 2594 sursum
1627 2547 1808 2593 autem
1840 2547 2004 2609 caput

414 2637 777 2701 attollentem,
793 2650 976 2690 aerem
1001 2633 1278 2702 puriorem
1319 2632 1644 2703 respirando
1666 2640 2002 2701 carpentem,

412 2739 473 2782 et
528 2728 785 2783 etalt-stes
851 2725 1296 2796 pulchritudines
1350 2723 1813 2791 contemplantem
1873 2739 1890 2777 :
1937 2738 2004 2779 ac

416 2822 619 2877 nativis
647 2820 870 2890 quidem
906 2817 1114 2873 nudam
1167 2816 1534 2886 indumentis,
1560 2826 1614 2872 et
1643 2818 1708 2871 ad
1742 2832 1802 2873 se
1833 2826 2000 2872 tuen-

415 2917 542 2969 dam
581 2912 851 2983 prresidiis
887 2910 1178 2971 inermem,
1236 2908 1496 2963 manibus
1552 2917 1732 2963 tamen
1761 2923 2005 2963 commu-

415 3005 612 3066 nitam,
647 3003 874 3073 pr0prio
901 3000 1073 3056 animi
1124 2999 1358 3054 rationis
1409 2999 1716 3069 participis,
1753 3010 1810 3055 et
1841 3000 2003 3054 indu-

417 3096 558 3152 strio
612 3104 668 3149 et
718 3103 945 3149 versuto
974 3091 1300 3149 exercendis
1326 3091 1540 3147 artibus
1581 3092 1950 3149 instrumento
1984 3109 1999 3145 :

2029 1853 2076 1915 B

2105 601 2305 666 ciente,
2339 601 2596 669 imaginis
2625 602 2898 672 exemplo,
2926 610 2980 657 et
3011 603 3366 657 honestarum
3401 601 3678 659 actionum

2105 693 2375 763 adjuvans
2413 709 2580 749 causa
2610 709 2756 750 sum.
2783 692 2982 749 Nixum
3009 695 3154 750 enim
3176 693 3487 766 fretumque
3520 707 3680 751 natu-

2105 800 2180 840 rae
2207 786 2449 842 hominis
2476 787 2687 843 ratione
2718 795 2884 858 atque
2908 780 3299 857 descriptione,
3324 788 3681 845 centirmave-

2105 878 2232 947 rim,
2271 894 2382 935 non
2418 891 2653 937 mentem
2678 880 2850 935 solam
2885 895 3067 951 neque
3102 895 3304 951 corpus
3357 881 3536 936 solum
3587 882 3681 936 ho-

2106 971 2307 1027 minem
2355 972 2486 1039 dici,
2532 974 2627 1028 sed
2667 980 2960 1043 utrumque
3018 972 3215 1036 simul,
3251 988 3413 1043 quem
3452 974 3518 1027 ad
3550 973 3682 1027 ima-

2103 1066 2280 1132 ginem
2314 1079 2468 1120 suam
2494 1064 2689 1121 fecisse
2722 1064 2867 1120 Deus
2892 1064 3114 1119 dicitur.
3148 1060 3445 1133 Nimirum,
3490 1081 3684 1136 quem-

2103 1156 2395 1211 admodum
2460 1171 2586 1213 cum
2654 1157 2876 1212 homine
2952 1157 3323 1223 communico,
3382 1159 3455 1213 ita
3514 1168 3568 1213 et
3615 1161 3684 1215 ab

2104 1247 2343 1303 humana
2405 1247 2672 1319 dignitate
2730 1248 3022 1319 participe.
3082 1248 3151 1302 At
3205 1249 3312 1304 tale
3369 1264 3496 1304 eum
3555 1252 3685 1317 sim,

2101 1355 2192 1395 me
2225 1348 2409 1396 tamen
2435 1341 2641 1412 optima
2671 1356 2823 1397 mens
2857 1357 2888 1396 e
2917 1341 3167 1411 catalogo
3199 1350 3360 1396 tanta:
3387 1342 3684 1397 nobilitatis

2103 1431 2389 1503 expungit,
2415 1443 2472 1488 et
2501 1433 2666 1488 veluti
2694 1436 2942 1504 spurium
2975 1432 3212 1497 abdicat,
3244 1449 3330 1489 me
3354 1449 3593 1499 servum,
3626 1426 3685 1490 se

2102 1527 2343 1582 divinam
2374 1526 2809 1596 inspirationem,
2840 1525 3085 1595 reginam
3113 1535 3169 1581 et
3198 1541 3373 1581 meam
3402 1527 3676 1581 dominam

2103 1619 2409 1687 appellans.
2441 1618 2519 1672 Ac
2553 1619 2852 1687 potuissem
2882 1618 3139 1689 equidem
3173 1620 3458 1689 operosius
3488 1628 3539 1674 et
3568 1620 3682 1674 elli—

2102 1710 2290 1764 cacius
2320 1711 2467 1765 hunc
2497 1719 2730 1765 tractare
2755 1709 2960 1776 locum,
2987 1700 3327 1780 suadereque
3358 1728 3423 1766 ne
3451 1713 3684 1783 amplius

2103 1814 2324 1856 servum
2359 1811 2580 1858 vocaret
2615 1817 2702 1856 me
2734 1815 3060 1858 conservum
3094 1810 3151 1858 et
3183 1801 3397 1872 imperii
3430 1820 3680 1867 consors,

2102 1893 2432 1965 virtutisque
2476 1895 2751 1964 particeps
2790 1905 2844 1950 et
2886 1894 3014 1950 vitae
3057 1904 3173 1951 tum
3221 1898 3528 1967 praesentis,
3569 1909 3681 1952 tum

2104 1998 2364 2057 speratur:
2397 1987 2670 2044 suiliciant
2703 1998 2882 2044 tamen
2924 2005 3046 2060 quae
3077 1991 3188 2045 dixi
3244 1993 3506 2048 hactenus
3540 1996 3683 2065 apud

2105 2094 2225 2142 vos,
2261 2079 2461 2148 quibus
2510 2082 2577 2136 ad
2614 2081 2863 2137 obeunda
2909 2084 3214 2139 certamina
3260 2085 3377 2140 haec
3419 2101 3678 2157 generosa

2104 2187 2335 2241 corpora
2368 2177 2614 2244 exposita
2659 2185 2813 2244 sunt,
2852 2183 2914 2231 ut
2945 2192 3014 2232 ne
3054 2178 3182 2232 dum
3234 2177 3286 2232 in
3340 2179 3442 2234 hoc
3484 2185 3683 2236 sa-culn

2106 2264 2448 2334 spiritalibus
2489 2266 2669 2332 donis,
2708 2278 2768 2322 ut
2794 2269 2943 2323 socia
2988 2273 3042 2323 et
3089 2271 3364 2327 consortia
3412 2271 3679 2339 laborum,

2105 2354 2383 2423 fruantur,
2406 2372 2595 2412 verum
2626 2358 2789 2414 etiam
2824 2360 2878 2414 in
2910 2369 3224 2431 exspectata
3253 2364 3680 2433 regeneratione,

2107 2452 2271 2507 simul
2300 2468 2425 2508 cum
2450 2450 2636 2510 beatis
2669 2454 2786 2511 suis
2820 2455 3104 2525 spiritibus
3143 2464 3389 2528 regnent,
3424 2468 3479 2514 et
3510 2467 3570 2522 ut
3600 2461 3679 2514 Sol

2105 2542 2436 2597 colluceant.
2463 2541 2731 2598 Caeterum
2765 2556 2877 2599 non
2908 2544 3202 2599 admodum
3235 2547 3337 2601 hac
3368 2546 3437 2601 de
3471 2561 3528 2600 re
3553 2562 3680 2601 eon-

2108 2636 2352 2691 tendam.
2384 2635 2634 2706 Appellat
2669 2636 2863 2696 utfsibi
2900 2636 2982 2694 fas
3017 2639 3190 2693 visum
3225 2638 3414 2705 fuerit;
3447 2643 3680 2710 potentia

2106 2729 2457 2796 referciatur,
2487 2744 2590 2784 suo
2621 2729 2839 2800 quidvis
2861 2731 3091 2786 arbitrio
3121 2730 3279 2801 ferat,
3311 2745 3467 2803 agat;
3499 2744 3682 2789 utatur

2107 2837 2193 2878 me
2241 2822 2704 2893 quemadmodum
2763 2822 2935 2889 volet,
2983 2823 3248 2879 duntaxat
3289 2840 3354 2879 ne
3387 2826 3519 2880 vitio
3551 2826 3679 2881 mihi

2107 2923 2283 2970 vertat
2330 2915 2579 2981 innoxia,
2630 2930 2809 2986 neque
2863 2930 2951 2971 me
3008 2916 3168 2987 culpa
3226 2932 3426 2975 vacans
3481 2919 3679 2990 culpet.

2108 3008 2355 3064 Audistis
2394 3007 2540 3062 enim
2576 3008 2777 3078 quibus
2815 3008 2883 3063 de
2930 3008 3093 3063 rebus
3133 3020 3354 3064 accuset
3389 3025 3493 3073 me,
3536 3013 3678 3077 quod

2109 3101 2202 3168 ali,
2245 3101 2392 3172 quod
2439 3102 2591 3155 indui
2637 3101 2795 3156 velim
2846 3102 3083 3157 animale
3129 3118 3355 3182 manens
3390 3105 3586 3166 adhuc.
3631 3115 3682 3159 et

419 3202 652 3258 quarum
695 3200 859 3255 opera
894 3184 1070 3238 tutius
1120 3183 1371 3237 induitur
1408 3195 1607 3239 contra
1656 3185 2004 3242 incommoda
2032 3197 2076 3255 c
2109 3194 2239 3249 dum
2269 3195 2340 3248 ab
2369 3192 2699 3248 animalibus
2724 3191 3076 3257 facultatibus
3117 3196 3415 3265 guberuor,
3457 3196 3683 3251 necdum

416 3279 626 3342 omnia,
657 3293 823 3349 quam
863 3276 1118 3345 lanigerae
1151 3283 1207 3329 et
1236 3275 1417 3344 longis
1444 3275 1586 3345 .pilis
1626 3276 1851 3332 munita:
1882 3278 2005 3332 ani-

416 3380 677 3437 mantes;
716 3367 1054 3437 rectiusque,
1091 3381 1256 3435 quam
1285 3375 1555 3436 qu0tquot
1584 3377 1683 3427 aut,
1715 3368 1883 3423 coriis
1912 3377 2007 3423 aut

416 3462 668 3532 squamis
704 3459 906 3514 nativis
951 3459 1344 3524 abducuntur;
1378 3467 1433 3511 et
1486 3457 1793 3527 pulchrius,
1838 3474 2002 3530 quam

420 3556 562 3609 bene
585 3553 744 3607 alata;
780 3566 941 3618 aves;
996 3559 1211 3606 armata
1242 3558 1327 3605 est
1371 3559 1555 3606 autem
1588 3551 1825 3606 validius
1852 3552 1919 3606 ad
1947 3566 2007 3608 se

414 3644 844 3710 defendendam,
894 3642 1329 3715 prepugnaculis
1381 3658 1546 3697 manu
1608 3644 1787 3707 factis,
1839 3658 2005 3714 quam

416 3756 498 3794 ea:
536 3738 606 3794 iis
642 3753 764 3807 quae
798 3738 881 3791 vel
917 3738 1141 3806 ungulis
1177 3735 1262 3793 Vel
1295 3736 1561 3791 cornibus
1597 3745 1844 3806 pugnant
1871 3775 1886 3800 ,
1913 3745 2006 3792 aut

413 3830 678 3886 dentibus
707 3839 763 3885 et
796 3829 1094 3899 unguibus.
1127 3829 1206 3884 lta
1240 3843 1371 3883 vero
1397 3828 1531 3882 mibi
1556 3829 1803 3884 studiose
1834 3828 2009 3884 artifi-

412 3925 681 3995 cioseque
702 3923 962 3988 formato,
990 3921 1140 3997 Deus
1169 3921 1297 3976 vitae
1324 3918 1659 3992 spiraculum
1696 3921 2005 3991 inspiravit,

421 4027 475 4072 et
506 4017 557 4073 id
595 4033 660 4073 ex
694 4016 970 4072 ambobus
1006 4022 1403 4085 temperatum,
1448 4014 1725 4070 hominem
1764 4024 1818 4070 et
1851 4028 2005 4069 suam

422 4110 722 4181 imaginem
754 4107 1084 4173 nominavit,
1118 4117 1171 4162 et
1207 4115 1267 4160 ut
1297 4105 1667 4175 pedestribus,
1692 4106 2009 4164 natatilibus

412 4211 476 4257 et
535 4200 850 4254 volatilibus
900 4200 1231 4268 imperaret,
1288 4197 1567 4267 praecepit,
1627 4208 1683 4253 et
1733 4213 1834 4269 ego
1888 4199 2011 4254 sine

422 4300 610 4347 mente
646 4290 932 4360 quidpiam
965 4305 1125 4359 agere
1156 4289 1465 4358 nequirem,
1497 4300 1558 4344 ut
1586 4305 1688 4346 nec
1718 4305 1872 4345 mens
1891 4290 2011 4346 sine

420 4401 536 4439 me.
571 4383 767 4437 Statim
810 4382 955 4436 enim
993 4396 1116 4450 qua:
1147 4382 1422 4452 prmcipua
1450 4392 1534 4439 est
1563 4382 1823 4454 imaginis
1858 4392 2008 4448 nota,

425 4478 481 4531 in
523 4474 830 4529 animantes
855 4473 1151 4543 imperium
1192 4489 1487 4541 exercere,
1530 4474 1810 4545 quomodo
1845 4488 2004 4529 mens

423 4582 655 4638 corpore
686 4567 974 4631 destituta,
1005 4575 1099 4620 aut
1133 4566 1290 4621 initio
1322 4576 1470 4622 recte
1504 4568 1703 4637 potuit,
1724 4575 1822 4620 aut
1854 4565 1908 4620 in
1942 4581 2006 4621 eo
2038 4540 2087 4599 1)

422 4672 612 4731 postea
636 4659 1041 4732 perseveravit?
1065 4676 1171 4730 qua
1211 4659 1424 4715 ratione
1454 4674 1792 4715 conscensus
1814 4657 2009 4715 fuisset

423 4771 624 4824 equus,
656 4753 761 4808 nisi
804 4767 941 4807 mem
990 4767 1186 4807 manus
1238 4751 1391 4808 frena
1442 4750 1853 4805 fabricassent:
1898 4764 2005 4817 qua

424 4850 640 4903 ratione
668 4849 764 4901 bos
782 4846 1078 4910 incidisset
1106 4844 1314 4909 sulcos,
1351 4843 1458 4898 nisi
1511 4842 1702 4896 iisdem
1734 4841 1860 4912 iuga
1888 4856 2011 4895 ara-

423 4950 621 5007 traque
679 4920 1145 4992 conficientibus?
1175 4936 1329 5002 Quod
1381 4936 1427 4991 si
1483 4934 1684 4988 mentis
1731 4935 2010 5003 excogita-

423 5033 573 5086 tione
621 5035 738 5085 haec
774 5041 985 5097 reperta
1018 5038 1172 5093 sunt,
1209 5030 1342 5085 illud
1372 5038 1459 5084 est
1490 5027 1635 5098 quod
1667 5043 1813 5083 nunc
1863 5026 2009 5083 dice.
2054 5050 2057 5051 ν

424 5125 572 5190 bam,
604 5124 835 5180 alterius
864 5139 1034 5195 opera
1058 5139 1219 5194 egere
1258 5121 1534 5186 alterum;
1588 5121 1676 5174 illa
1715 5123 2007 5193 excogitat,

425 5231 525 5287 ego
564 5216 710 5285 quod
745 5225 834 5271 est
860 5216 1255 5284 emugitatum,
1306 5214 1576 5269 industria
1607 5229 1727 5269 mea
1764 5218 2006 5285 perlicio.

427 5309 546 5381 ipsa
581 5310 825 5366 rationes
856 5308 1188 5364 artiliciosas
1223 5296 1370 5363 videt
1420 5316 1474 5362 ct
1505 5309 1783 5377 proponit,
1812 5308 2025 5364 manus

430 5417 565 5456 mea:
598 5401 883 5457 materiam
914 5399 1173 5455 ductilem
1207 5409 1261 5455 et
1305 5408 1539 5455 tractatu
1566 5398 1782 5455 facilem
1814 5419 2013 5472 suppe-

428 5490 689 5558 ditantes,
721 5493 843 5562 ejus
876 5490 1021 5561 quod
1046 5492 1230 5546 animo
1260 5490 1617 5548 informatum
1646 5504 1732 5549 est
1768 5496 2007 5564 speciem

427 5585 727 5640 coniiciunt
756 5602 771 5650 ;
799 5594 851 5639 et
880 5599 989 5638 non
1020 5583 1133 5654 jam
1160 5600 1381 5641 servum
1405 5623 1419 5649 ,
1456 5600 1770 5655 quanquam
1808 5597 1868 5642 ut
1897 5603 2013 5643 ser-

428 5691 555 5733 vum
588 5689 685 5734 aut
743 5679 1178 5735 instrumentum
1218 5679 1336 5737 haec
1367 5680 1769 5755 .submittistro,
1805 5683 1899 5741 sed
1952 5697 2012 5741 ut

506 5866 527 5897 ¹
561 5865 764 5935 Ephes.
805 5882 855 5928 ν,
881 5864 975 5921 29.

2106 3287 2163 3342 in
2208 3286 2454 3358 spiritale
2495 3284 2971 3341 transformatum.
3006 3287 3187 3341 Aliam
3221 3289 3370 3342 enim
3407 3288 3568 3343 vitam
3607 3290 3683 3355 id,

2108 3380 2381 3449 aliamque
2396 3381 2570 3434 victus
2591 3376 2882 3442 rationem,
2912 3385 2972 3431 ut
3003 3379 3054 3431 in
3090 3379 3378 3447 proverbio
3405 3387 3508 3445 est,
3541 3380 3683 3435 desi-

2108 3469 2297 3537 derat;
2331 3484 2479 3525 nunc
2510 3486 2638 3525 vero
2658 3468 2887 3525 ﬂuidum
2918 3487 3042 3525 cum
3072 3472 3199 3535 sim,
3229 3482 3283 3526 et
3316 3472 3435 3528 sine
3466 3471 3686 3528 faculta-

2108 3563 2256 3618 tibus
2285 3562 2670 3633 appetcntibus
2703 3564 2959 3618 constare
2991 3577 3097 3617 non
3132 3565 3362 3631 possim,
3398 3565 3683 3635 quidnam,

2109 3670 2319 3727 quaeso,
2367 3655 2646 3723 delinquo,
2688 3654 2733 3710 si
2781 3661 2990 3709 naturae
3029 3654 3291 3710 instinctu
3339 3656 3582 3711 ciborum
3631 3669 3685 3710 et

2108 3758 2336 3821 potuum
2386 3748 2684 3817 cupiditate
2719 3747 2944 3801 teneor?
2987 3744 3165 3814 Quam
3211 3747 3312 3803 sibi
3351 3751 3687 3806 contumeliae

2111 3850 2296 3896 notam
2339 3854 2495 3895 mens
2530 3838 2720 3906 inurit,
2748 3854 2869 3908 qua:
2904 3839 3019 3894 ha‘c
3046 3839 3237 3894 eadem
3271 3841 3405 3894 mihi
3437 3843 3688 3913 suppedi-

2109 3931 2225 3986 tat?
2271 3930 2436 3997 Quasi
2486 3943 2596 3984 non
2654 3928 2889 3984 audierit
2941 3928 3263 3998 Apostolum
3307 3930 3629 3985 clamantem
3669 3951 3683 3986 :

2118 4043 2137 4077 ς
2172 4022 2344 4079 Nemo
2377 4037 2531 4079 suam
2559 4035 2777 4077 carnem
2812 4019 2928 4076 odit
2953 4061 2969 4086 ,
2999 4021 3093 4077 sed
3118 4020 3322 4076 enutrit
3343 4031 3399 4077 et
3428 4021 3632 4078 fovet'.
3662 4041 3682 4074 ι

2110 4117 2233 4184 Quo
2280 4098 2438 4185 pacto
2468 4112 2613 4169 enim
2649 4122 2745 4167 aut
2793 4111 2950 4166 initio
2979 4113 3337 4179 substitisset,
3374 4123 3469 4169 aut
3501 4128 3685 4185 postea

2109 4211 2470 4275 constitisset,
2492 4206 2596 4264 nisi
2621 4204 2952 4261 sufﬁcienter
2976 4206 3251 4262 aleretur?
3271 4208 3483 4278 Quippe
3505 4209 3683 4263 statim

2112 4317 2178 4357 ac
2208 4301 2262 4355 in
2297 4310 2452 4354 utero
2476 4297 2708 4364 former,
2726 4297 2881 4366 quasi
2903 4296 3088 4366 planta
3110 4296 3194 4353 vel
3218 4298 3357 4352 inter
3374 4298 3610 4368 plantam
3636 4310 3689 4354 et

2111 4389 2314 4447 animal
2334 4388 2575 4443 medium
2597 4387 2751 4457 quid,
2798 4400 2895 4455 per
2922 4401 3018 4442 eas
3046 4389 3317 4444 secundas
3341 4402 3479 4459 quas
3510 4392 3691 4460 appel-

2115 4485 2248 4546 lant,
2272 4481 2388 4537 sive
2412 4494 2509 4550 per
2529 4478 2871 4545 umbilicum,
2896 4477 3013 4533 alor
3041 4480 3317 4550 sanguine
3333 4483 3643 4537 menstruali
3670 4500 3685 4538 :

2115 4573 2266 4630 illinc
2292 4580 2474 4627 autem
2496 4584 2847 4641 progressum
2878 4568 3036 4625 lactis
3063 4569 3242 4625 rivulo
3271 4587 3367 4639 per
3395 4587 3687 4629 mammam

2117 4664 2396 4729 nutricor,
2441 4663 2691 4730 adusque
2729 4660 2972 4715 dentium
3018 4668 3222 4716 ortum.
3264 4659 3365 4717 Ubi
3401 4678 3532 4719 vero
3567 4665 3688 4718 ani-

2115 4756 2296 4813 mandi
2324 4762 2521 4810 natura
2546 4754 2743 4825 cupida
2768 4752 2901 4806 mihi
2923 4752 3179 4808 dentibus
3200 4769 3262 4808 os
3281 4753 3457 4809 acutis
3484 4766 3537 4810 et
3563 4755 3694 4810 latis

2115 4850 2403 4916 instruxit,
2428 4858 2490 4904 ut
2515 4859 2571 4903 et
2600 4860 2788 4903 secare
2816 4856 2872 4901 et
2900 4846 3171 4902 coniicere
3203 4845 3360 4903 facile
3384 4848 3565 4904 cibum
3595 4866 3687 4919 po-

2114 4942 2333 5008 tuerim,
2367 4949 2481 4994 tum
2511 4938 2749 5008 denique
2784 4951 3030 4994 mensam
3061 4938 3413 4994 solidioribus
3442 4940 3686 4997 esculen-

2115 5035 2183 5089 tis
2211 5031 2509 5096 exstruxit;
2540 5030 2610 5084 ita
2643 5044 2775 5084 sane
2798 5028 3006 5084 naturis
3026 5043 3315 5097 corporum
3338 5029 3681 5099 congenitum

2114 5137 2199 5183 est
2221 5127 2562 5189 alimentum,
2585 5137 2760 5192 eaque
2786 5133 3000 5176 natura:
3026 5121 3280 5193 cognatio
3301 5132 3406 5186 est,
3441 5121 3542 5178 etsi
3579 5138 3684 5177 non

2114 5229 2201 5276 est
2228 5233 2418 5275 eorum
2444 5216 2625 5272 verbis
2653 5216 2785 5269 fides
2826 5213 3100 5275 habenda,
3125 5215 3217 5283 qui
3255 5214 3524 5284 lapidibus
3551 5229 3685 5267 non-

2116 5313 2296 5369 nullos
2333 5310 2401 5364 ali
2444 5309 2618 5369 aiunt,
2659 5306 2801 5361 facto
2841 5314 3024 5360 tamen
3051 5305 3382 5360 credendum
3412 5317 3516 5370 est,
3543 5307 3686 5374 quod

2118 5407 2483 5462 animatorum
2527 5400 2736 5455 nullum
2771 5406 2967 5473 careat,
2989 5396 3269 5463 alimento,
3298 5408 3354 5452 ut
3383 5399 3606 5453 arbores
3636 5408 3689 5451 et

2122 5500 2302 5554 herbae
2328 5506 2382 5552 et
2411 5492 2674 5565 quidqtud
2715 5489 2994 5545 radicibus
3037 5489 3231 5547 fultum
3276 5501 3416 5546 terra
3450 5494 3607 5561 parit,
3636 5502 3691 5546 et

2118 5589 2428 5647 omnimoda
2459 5584 2780 5642 animantia.
2826 5583 2908 5637 An
2944 5596 3076 5639 vero
3104 5582 3376 5640 daemones
3413 5594 3470 5640 et
3511 5584 3690 5641 sidera

2119 5680 2434 5742 libamentis
2476 5679 2582 5734 illis
2626 5686 2681 5732 et
2717 5675 3003 5743 odoribus,
3053 5675 3491 5732 exhalatimtibus
3532 5685 3688 5732 terrae
