4046 6460
309 463 412 524 9'17

1654 456 2142 518 PROSOPOPCEI
2156 457 2238 519 Αἰ.

3469 453 3584 521 978

307 585 422 637 ha'c
459 577 948 648 enutrlantur,,id
989 577 1320 647 Graecanicis
1367 591 1430 630 ac
1481 577 1727 645 profanis
1756 591 1888 645 poe-
1922 584 2103 642 Aest,
2154 590 2274 644 quae
2328 573 2393 627 ad
2454 573 2788 644 propositam
2838 570 2993 627 vobis
3057 586 3219 639 quam
3280 570 3592 639 planiorem

309 675 383 730 tis
433 685 488 728 ct
519 669 860 742 philosophis
885 670 1212 736 dicentibus,
1241 669 1383 723 haud
1411 667 1569 723 facile
1600 669 1886 722 assentiar.

308 761 446 818 Nam
483 763 558 816 illi
591 771 792 816 coetum
827 760 1130 813 daemonum
1158 758 1521 826 opinabantur
1550 773 1670 812 r-sse
1699 773 1892 828 corpo-

308 872 465 916 reum
512 865 565 910 et
594 852 835 908 materia:
883 850 1289 920 voluptatisque
1346 851 1585 912 avidum,
1639 863 1692 903 ct
1736 847 1894 903 astris

309 949 524 1003 animos
573 943 908 999 tribuebant.
942 942 1130 1012 Itaque
1182 957 1306 996 cum
1353 941 1655 995 animatum
1695 955 1896 1009 corpus

307 1053 473 1094 omne
529 1037 602 1092 sit
668 1035 1095 1100 alimentarium,
1144 1033 1410 1103 quidquid
1462 1033 1760 1086 animatum
1811 1040 1898 1086 est

311 1140 520 1184 natura:
564 1129 680 1198 lege
726 1127 1002 1180 nutriatur
1039 1133 1092 1180 et
1134 1125 1281 1180 vivat
1329 1139 1551 1179 necesse
1597 1132 1718 1178 est:
1749 1123 1895 1192 quod

315 1231 499 1276 autem
545 1235 655 1274 non
702 1220 944 1273 nutritur
977 1231 1156 1286 neque
1198 1218 1350 1281 vivit,
1386 1216 1437 1270 id
1480 1231 1548 1270 ne
1592 1214 1893 1268 animatum

311 1314 534 1382 quidem
565 1323 666 1366 est.
699 1310 1065 1376 Quamobrem
1097 1307 1358 1364 Servator
1383 1315 1568 1362 noster
1594 1323 1699 1360 non
1733 1305 1898 1360 modo

312 1419 453 1473 quos
489 1413 739 1457 mortuos
783 1401 850 1456 ad
902 1401 1065 1455 vitam
1101 1399 1376 1455 revocavit
1403 1399 1562 1453 edere
1586 1397 1770 1468 jussit,
1801 1386 1908 1450 sed]

317 1505 370 1549 et
413 1495 530 1565 ipsc
585 1503 836 1548 mortuus
889 1507 954 1547 ac
1002 1493 1116 1564 jam
1179 1492 1512 1547 reviviscens
1556 1489 1797 1544 comedit
1843 1496 1898 1544 et

322 1589 473 1666 bibit,
498 1596 883 1656 argumentum
909 1585 1204 1640 insolubile
1234 1584 1478 1654 repetita:
1504 1582 1626 1636 vitae
1649 1579 1897 1635 alimenti

312 1680 722 1750 perceptionem
756 1693 1095 1750 pr0ponens.
1128 1679 1195 1732 Et
1225 1686 1418 1732 natura
1459 1676 1678 1744 quidem
1711 1688 1898 1730 serva-

313 1771 418 1823 trix
468 1769 541 1822 ita
603 1768 850 1838 corporis
898 1769 1218 1837 sanguinem
1265 1782 1583 1838 procreatis,
1630 1764 1897 1834 sanguine

317 1871 571 1916 materno
619 1860 768 1915 fetus
830 1875 926 1916 ore
986 1864 1226 1915 nondum
1278 1859 1580 1930 prazditos,
1655 1857 1895 1912 infantes

314 1955 634 2018 edentulos,
675 1953 815 2008 lacte
860 1952 1135 2020 perfectos
1167 1961 1220 2007 et
1254 1929 1558 2018 absolutos,
1599 1949 1750 2004 omni
1800 1966 1892 2019 ge-
1931 1929 1974 1984 Β

315 2060 449 2100 nere
485 2045 861 2113 varietateque
892 2043 1139 2096 ciborum
1181 2041 1305 2106 alit;
1346 2055 1470 2102 nec,
1505 2040 1634 2094 dum
1676 2037 1896 2102 crescit,

312 2136 621 2212 nutricatur
647 2144 704 2190 et
739 2135 948 2198 educit,
992 2134 1237 2187 adultum
1278 2147 1408 2188 vero
1441 2143 1496 2188 et
1527 2133 1640 2203 jam
1678 2129 1894 2185 inhabi-

307 2231 420 2285 lem
453 2229 758 2284 crescendo
795 2235 1008 2283 aetatem
1037 2229 1315 2296 attingens
1343 2225 1672 2295 dereliquit:
1705 2223 1798 2280 sed
1831 2222 1900 2278 ad

309 2331 654 2377 senectutem
698 2328 753 2376 et
793 2319 1127 2388 decrepitam
1160 2326 1372 2371 aetatem
1402 2333 1596 2386 uSque,
1637 2327 1895 2386 tanquam

311 2413 452 2467 bona
489 2413 670 2466 nutrix
709 2411 931 2466 ducenti
961 2408 1212 2478 spiritum
1250 2409 1422 2473 ade-5t,
1464 2423 1745 2477 nunquam
1786 2407 1899 2463 dis-

310 2503 538 2568 cedens,
597 2517 708 2555 non
773 2510 961 2567 noctu,
1008 2515 1118 2554 non
1182 2498 1442 2555 interdiu.
1495 2497 1896 2553 Dormientium

309 2595 516 2650 etenim
567 2610 676 2649 non
725 2593 963 2664 quiescit
1011 2592 1172 2646 altrix
1217 2589 1466 2656 facultas,
1500 2591 1598 2647 sed
1634 2590 1899 2646 insomnis

311 2696 364 2741 et
395 2686 624 2757 pervigil
655 2687 812 2740 bona:
847 2684 1080 2740 nutricis
1115 2685 1308 2748 instar,
1356 2683 1645 2750 inspiranti
1697 2691 1898 2754 praesto

313 2789 420 2843 est,
448 2779 693 2848 nunquid
722 2793 829 2831 non
870 2777 1012 2832 bona
1042 2775 1284 2831 faciens?
1307 2791 1368 2831 ea
1391 2784 1540 2832 certe
1573 2791 1696 2846 quae
1719 2791 1816 2845 per
1835 2789 1899 2831 os

318 2869 509 2923 molita
544 2868 598 2921 in
632 2879 877 2922 ventrem
913 2867 1298 2932 demittuntur,
1331 2880 1684 2936 concoquens
1722 2880 1786 2920 ac
1812 2866 1899 2920 di-

316 2974 541 3030 gerens,
590 2957 936 3027 primumque
973 2957 1027 3011 in
1075 2971 1270 3012 succos
1313 2967 1660 3024 convertens,
1705 2955 1902 3010 deinde

319 3053 390 3110 ad
410 3054 570 3125 jecur
597 3051 883 3106 attrahens
913 3058 968 3106 et
996 3050 1053 3105 in
1086 3049 1410 3120 sanguinem
1439 3059 1691 3114 mutans;
1724 3047 1901 3103 illinc-

317 3161 428 3216 que
471 3160 566 3212 per
610 3158 779 3199 venas
840 3140 1098 3198 omnibus
1146 3157 1303 3196 suam
1349 3142 1548 3211 cuique
1594 3141 1901 3211 portionem

1997 667 2286 736 agitamus,
2320 666 2757 721 controversiam
2793 679 2903 718 non
2947 664 3205 733 pertinet.
3236 662 3292 716 Si
3330 679 3460 716 vero
3493 679 3588 716 na—

1997 761 2230 814 turalem
2281 775 2402 829 qua:
2467 759 2764 814 nutriendo
2834 757 3162 827 percipitur,
3215 756 3585 822 voluptatem,

1998 851 2272 904 luxuriam
2307 851 2520 916 definit,
2565 850 2735 904 multo
2781 851 2932 919 prius
2967 865 3088 917 qtue
3134 849 3186 901 in
3228 847 3584 917 procreandis

1999 943 2186 997 liberis
2214 951 2318 1006 est,
2355 942 2680 1013 ﬂagitiosam
2724 942 3049 996 nominabit.
3084 941 3155 994 At
3219 955 3395 1009 neque
3447 955 3587 1008 nup-

2001 1034 2170 1100 tialis,
2206 1050 2382 1104 neque
2423 1035 2590 1088 etiam
2625 1033 2784 1090 altrix
2813 1033 3062 1102 voluptas
3090 1033 3215 1086 ullis
3249 1044 3428 1085 mente
3448 1047 3588 1100 pra:-

2001 1126 2133 1179 ditis
2186 1125 2405 1178 crimini
2450 1126 2634 1187 datur,
2669 1123 2800 1194 quin
2853 1124 3031 1192 potius
3073 1121 3422 1177 admirationi
3479 1130 3584 1175 est.

2006 1217 2142 1272 Nam
2177 1218 2267 1272 illa
2299 1218 2366 1272 de
2403 1232 2601 1288 genere
2633 1217 2778 1285 quod
2820 1217 3024 1272 sensim
3055 1215 3245 1279 ellluit,
3279 1213 3588 1268 successio-

2001 1324 2100 1376 ne;
2136 1311 2249 1363 haec
2296 1310 2547 1380 corporis
2591 1308 2935 1372 inanitatem,
2970 1307 3230 1361 alimento
3275 1305 3484 1374 supplet
3523 1319 3589 1358 ae

1999 1412 2254 1471 reparat;
2307 1403 2495 1472 itaque
2529 1415 2710 1472 neque
2758 1399 2937 1454 divina
2979 1415 3133 1453 mens
3177 1413 3206 1451 a
3247 1413 3345 1453 sua
3387 1395 3590 1452 decidit

2001 1494 2174 1564 ipsius
2207 1493 2491 1564 dignitate,
2527 1507 2707 1561 neque
2743 1507 2972 1562 prorsus
3002 1489 3336 1546 contumelia
3363 1488 3585 1543 divexa‘

2000 1594 2110 1651 tur,
2145 1600 2208 1641 ea
2259 1583 2569 1640 concedens
2607 1599 2729 1654 quae
2775 1598 2806 1636 a
2859 1592 3056 1637 natura
3096 1582 3314 1637 decreta
3358 1589 3486 1636 sunt
3532 1589 3587 1636 et

2000 1679 2240 1744 sancita;
2276 1685 2331 1734 et
2370 1692 2592 1748 operam
2627 1675 2942 1740 conferens,
2975 1690 3041 1729 ac
3085 1692 3193 1730 una
3227 1677 3584 1745 suppeditans

1999 1785 2062 1823 ea
2092 1784 2211 1839 qua:
2244 1779 2374 1824 sunt
2421 1767 2718 1840 praecipua,
2751 1776 2807 1823 et
2849 1767 3087 1822 maxime
3128 1767 3347 1838 corpori
3393 1782 3585 1822 neces-

2001 1861 2172 1929 saria;
2210 1861 2315 1916 etsi
2348 1861 2414 1916 de
2449 1861 2653 1916 talibus
2680 1860 2796 1914 haec
2821 1870 3007 1915 erecta
3037 1859 3242 1924 fremit,
3279 1859 3590 1928 quibusque

2004 1953 2332 2008 criminibus
2365 1951 2600 2006 aliorum
2636 1959 2786 2006 taxat
2814 1950 3062 2017 delicias,
3094 1950 3287 2005 iisdem
3323 1949 3440 2020 ipsa
3470 1964 3588 2003 ma-

2003 2043 2087 2113 gis
2125 2041 2393 2099 delicians
2420 2043 2741 2099 revincitur.
2770 2043 3128 2103 Considerate
3169 2043 3340 2109 enim,
3377 2057 3588 2112 quaeso,

2003 2142 2207 2206 quanta
2235 2135 2435 2208 jactet;
2478 2135 2872 2190 contumeliam
2912 2143 2968 2190 et
3012 2133 3331 2189 servitutem
3363 2132 3589 2202 ignobi-

2004 2229 2270 2284 lissimam
2305 2235 2494 2284 censet
2517 2226 2664 2296 quod
2691 2227 2846 2282 initio
2881 2226 2986 2281 mei
3014 2240 3204 2281 curam
3236 2232 3410 2296 gerat,
3437 2232 3494 2280 et
3520 2225 3590 2279 ad

2006 2321 2293 2376 vivendum
2348 2321 2663 2376 necessaria
2711 2329 3022 2389 comparet;
3063 2335 3130 2374 ac
3171 2318 3592 2374 dissimulanter

2005 2411 2293 2467 cavillatur
2364 2426 2424 2466 se
2487 2409 2968 2481 praestantioribus
3017 2410 3426 2466 adhaerescendi
3481 2424 3589 2464 non

2001 2519 2126 2560 esse
2149 2512 2479 2574 compotem,
2502 2512 2560 2557 et
2589 2503 2882 2558 deterioris
2913 2517 3103 2558 curam
3135 2502 3356 2564 habere,
3385 2501 3593 2556 idcirco

2002 2596 2291 2666 cujusdam
2321 2595 2536 2650 ancillae
2569 2594 2936 2665 opsonatricis
2969 2603 3024 2649 et
3056 2594 3307 2665 panificis
3348 2594 3591 2664 speciem

2003 2689 2202 2754 induit,
2233 2705 2356 2759 quae
2379 2688 2582 2757 alioqui
2610 2688 2833 2743 domina
2869 2697 2975 2756 est,
3004 2698 3060 2743 et
3091 2701 3248 2742 suam
3285 2687 3468 2742 studet
3501 2685 3590 2740 in-

2005 2782 2260 2836 violatam
2300 2780 2622 2836 felicitatem
2662 2795 3017 2837 conservare.

2071 2876 2237 2946 Atqui
2283 2876 2328 2932 si
2382 2876 2499 2931 hch
2557 2876 2698 2946 apud
2754 2875 2893 2932 alios
2939 2874 3194 2930 desidens
3241 2873 3593 2929 sermonibus

1999 2971 2254 3040 jactaret,
2307 2967 2562 3023 fortassis
2608 2967 2694 3023 his
2743 2965 3038 3038 praestigiis
3087 2968 3422 3036 imponeret;
3478 2981 3588 3020 non

2004 3076 2136 3116 vero
2171 3077 2298 3116 cum
2331 3061 2475 3131 apud
2501 3075 2597 3115 vos
2630 3059 2769 3112 nihil
2801 3059 2958 3124 recti,
2998 3057 3131 3112 nihil
3167 3058 3287 3111 sani
3327 3057 3587 3112 dissimu-

2005 3153 2098 3215 let,
2138 3153 2426 3206 manifesto
2461 3149 2717 3205 indecore
2763 3148 2916 3205 facit.
2963 3147 3074 3204 Vos
3121 3149 3322 3202 ctenim
3364 3148 3452 3217 qui
3503 3148 3593 3202 hic

317 3236 680 3301 distribuens,
711 3241 766 3291 et
789 3234 988 3304 cuique
1020 3249 1324 3305 congruum
1354 3243 1408 3288 et
1449 3232 1728 3303 preprium
1758 3247 1889 3287 con-

2007 3244 2203 3300 sedetis
2250 3254 2530 3310 tacentes,
2567 3243 3052 3312 tergiversationes
3097 3242 3257 3310 hujus
3309 3241 3592 3309 perspicue

315 3334 626 3402 glutinans;
651 3347 714 3385 ac
739 3331 964 3384 multam
994 3331 1226 3400 gratiam
1254 3328 1618 3384 Providentiae
1642 3329 1768 3382 huic
1792 3345 1899 3398 qua

315 3441 420 3480 nos
467 3424 944 3487 administrantur,
979 3422 1269 3486 debemus,
1307 3437 1407 3490 per
1445 3436 1608 3490 quam
1642 3435 1762 3488 qua:
1805 3435 1899 3489 pe-

317 3517 460 3588 perit
496 3516 672 3580 initio,
707 3515 898 3568 eadem
930 3521 986 3569 et
1018 3517 1070 3567 in
1115 3524 1395 3584 posterum
1436 3513 1707 3567 charitate
1748 3527 1902 3565 com-

323 3610 605 3680 plectitur,
647 3622 748 3663 ncc
775 3607 906 3662 sinit
938 3606 1180 3677 disperdi
1211 3605 1602 3675 dissiparique,
1626 3604 1902 3659 alimentis

323 3701 644 3770 excogitatis
674 3714 738 3754 ac
769 3699 998 3768 paratis.

393 3791 460 3844 Et
505 3800 700 3843 natura
747 3789 990 3856 quidem,
1041 3797 1098 3840 ut
1147 3785 1353 3841 dictum
1401 3794 1507 3850 est,
1557 3785 1630 3840 ita
1678 3784 1900 3852 format,

321 3879 654 3942 conformat,
684 3885 1048 3946 coagmentat.
1078 3875 1231 3930 Meus
1267 3886 1450 3929 autem
1496 3877 1722 3930 rationis
1748 3891 1900 3930 com-

321 3987 448 4041 pos,
484 3979 540 4023 et
591 3984 792 4038 corpus
841 3967 1104 4032 incolens,
1152 3977 1360 4020 natura:
1406 3965 1710 4021 contrarias
1758 3967 1904 4036 leges

318 4065 630 4129 constituit,
670 4073 730 4117 ut
767 4063 870 4116 alia
919 4062 1187 4131 quaspiam
1226 4061 1519 4124 imperiosa
1553 4061 1774 4114 domina
1804 4079 1817 4116 :
1849 4069 1903 4116 et

316 4158 452 4226 quia
509 4155 890 4224 quotidianum
932 4168 1151 4221 semper
1201 4153 1518 4206 alimentum
1574 4167 1781 4222 quacro,
1815 4168 1905 4208 me

316 4249 570 4320 gulosum
607 4255 659 4300 et
704 4244 1032 4314 inexplebile
1077 4243 1281 4297 dolium
1329 4261 1343 4298 :
1396 4245 1519 4311 quia
1566 4243 1904 4299 nutrimento

320 4345 496 4404 laetor,
527 4338 871 4393 luxuriosum
911 4345 965 4390 et
1007 4337 1392 4405 voluptuosum
1438 4344 1737 4404 nuncupat,
1774 4335 1907 4389 deli-

317 4433 531 4486 ciarum
568 4429 714 4484 enim
747 4426 950 4482 ﬁnibus
995 4426 1316 4480 alimentum
1353 4424 1595 4491 metitur,
1647 4426 1793 4491 quod
1839 4426 1907 4480 iis

318 4539 452 4594 qua:
509 4520 848 4576 comedimus
897 4527 953 4573 et
1020 4518 1262 4573 bibimus
1310 4527 1505 4571 natura
1563 4517 1904 4572 dulcedinem

2004 3333 2321 3399 revincetis,
2377 3333 2470 3402 qui
2529 3333 2831 3387 nobilitatis
2879 3333 3136 3399 imaginis
3177 3332 3343 3393 illius,
3395 3331 3442 3385 si
3493 3331 3587 3400 qui

2005 3425 2095 3478 alii
2154 3425 2349 3479 bonam
2407 3425 2562 3479 vobis
2612 3434 2822 3493 partem
2874 3423 3227 3488 vindicastis,
3273 3432 3326 3477 et
3382 3425 3592 3492 absque

2007 3515 2518 3582 perturbationibus
2557 3530 2618 3567 ac
2648 3513 2814 3568 veluti
2854 3513 2990 3567 citra
3025 3513 3268 3566 materia:
3299 3515 3587 3583 contagio-

2007 3617 2130 3660 ne‘m
2162 3606 2214 3659 in
2243 3606 2584 3675 corpusculis
2611 3604 2936 3658 mortalibus
2955 3605 3120 3658 vitam
3148 3605 3372 3675 egistis:
3408 3615 3593 3660 tamen

2008 3707 2062 3752 et
2107 3712 2402 3766 corporum
2453 3713 2518 3751 ex
2586 3707 2739 3768 parte
2784 3712 2972 3750 curam
3015 3698 3234 3766 geritis,
3287 3697 3588 3765 apestnlica

2004 3791 2355 3844 aemulatione
2393 3789 2549 3844 vobis
2581 3791 2682 3859 ipsi
2711 3799 3096 3858 comparantes
3121 3799 3175 3844 et
3198 3789 3592 3844 administran-

2005 3892 2086 3937 tes
2116 3881 2344 3946 idonea;
2383 3897 2562 3952 neque
2592 3897 2884 3950 corporum
2917 3883 3080 3937 talem
3104 3882 3443 3939 aversioncm
3477 3891 3588 3938 tam

2007 3975 2227 4045 indigne
2275 3974 2499 4039 tulistis,
2539 3991 2700 4043 quam
2747 3975 3056 4029 animorum
3103 3993 3134 4029 a
3183 3984 3326 4029 statu
3377 3976 3587 4030 meliori

2008 4069 2246 4138 lapsum,
2282 4083 2460 4138 neque
2494 4069 2783 4122 verborum
2822 4084 2996 4124 nexus
3043 4077 3098 4123 et
3145 4069 3316 4124 series
3345 4085 3440 4124 vos
3477 4079 3586 4124 tam

2007 4161 2072 4213 ad
2117 4161 2656 4215 commiserationetn
2708 4161 2896 4224 trahit,
2943 4178 3107 4232 quam
3157 4178 3338 4218 aurea:
3387 4173 3593 4220 catenae

2015 4253 2276 4328 virtutum
2314 4252 2421 4307 alia
2453 4253 2673 4321 solutio,
2695 4254 2792 4310 sed
2823 4265 2880 4309 ut
2911 4271 3006 4324 per
3037 4256 3218 4310 omnia
3245 4257 3591 4328 justi,justc,

2009 4343 2317 4400 beatissimi
2353 4344 2594 4414 judices,
2629 4355 2685 4400 et
2721 4362 3013 4417 corporum
3057 4349 3184 4417 jura
3220 4349 3404 4403 divino
3450 4365 3588 4419 prae-

2009 4444 2165 4504 cepto
2193 4436 2464 4505 persecuti
2497 4438 2654 4504 estis,
2689 4455 2786 4493 nec
2818 4439 2888 4494 ob
2930 4439 2982 4493 id
3015 4455 3114 4494 vos
3145 4441 3444 4496 deteriores
3472 4457 3595 4496 eva-

2012 4528 2150 4582 sisse
2193 4529 2515 4592 censuistis,
2553 4546 2654 4585 nec
2699 4532 2764 4584 ad
2801 4531 3174 4602 conditionem
3208 4547 3505 4601 coquorum
3537 4545 3601 4587 er

313 4613 584 4686 iunxerit.
616 4621 673 4666 Ul-
702 4611 977 4665 Sllm'ilale
1001 4611 1236 4678 quadam
1270 4610 1336 4663 ad
1374 4609 1582 4678 Slalills
1610 4616 1666 4664 θῑ
1695 4610 1906 4665 aVidiUS
1939 4637 1981 4689 ο
2014 4633 2218 4673 mensa:
2252 4630 2591 4675 structorum
2625 4621 2999 4688 descendisse,
3042 4633 3101 4676 ut
3146 4639 3213 4676 ex
3256 4639 3370 4677 mea
3413 4637 3594 4679 mente

319 4705 735 4776 percipiendum
768 4701 954 4755 cibum
995 4699 1324 4764 allieiamur,
1356 4715 1456 4754 nec
1499 4699 1682 4754 tristes
1721 4700 1904 4768 quoti-

315 4797 504 4853 dianis
535 4793 810 4848 alimentis
844 4793 1180 4846 advehendis
1215 4789 1687 4847 condolescamus.
1721 4791 1904 4846 Novas

319 4889 475 4945 enim
503 4888 672 4957 leges,
717 4899 858 4938 nova
901 4883 1122 4937 nomina
1167 4884 1339 4951 fingit,
1372 4882 1549 4937 aliena
1580 4883 1827 4953 quredam
1852 4890 1912 4938 et;

316 4978 592 5040 absurda,
647 4987 759 5029 tum
827 4974 1036 5044 legibus
1094 4971 1365 5038 ferendis,
1419 4982 1532 5027 tum
1597 4973 1909 5030 nominibus

319 5067 668 5138 imponendis
703 5067 1025 5130 decernens,
1062 5063 1216 5132 quasi
1243 5061 1396 5116 nefas
1424 5063 1515 5128 sit,
1555 5063 1624 5117 ali
1653 5078 1778 5118 cum
1811 5067 1908 5118 vo"-

317 5163 550 5228 luptate,
582 5157 727 5227 quod
762 5155 882 5210 talis
914 5155 1092 5224 τροφὴ
1139 5153 1342 5224 τρυφή,
1372 5153 1425 5208 id
1463 5164 1546 5209 est
1589 5155 1906 5209 alimentum

318 5253 538 5309 delicia:
566 5251 695 5304 sint.
724 5247 838 5320 Ego
870 5261 997 5302 vero
1033 5246 1176 5315 quod
1209 5255 1401 5299 natura
1431 5255 1749 5316 naturaeque
1773 5247 1908 5317 legi-

327 5349 434 5401 bus
472 5345 766 5415 gubcrnor,
799 5350 855 5394 ut
902 5341 1017 5394 alar
1049 5338 1182 5392 mihi
1219 5337 1402 5403 llcene,
1428 5352 1495 5391 ex
1527 5338 1677 5392 omni
1720 5353 1908 5393 neces-

330 5441 495 5496 sitatc
527 5433 994 5502 consequentibus
1033 5441 1087 5487 et
1130 5430 1297 5486 animi
1337 5430 1608 5510 hilaritate
1653 5438 1708 5485 et
1759 5431 1908 5486 volu-

323 5541 494 5604 ptate,
522 5543 720 5586 censeo
743 5545 758 5582 :
791 5541 891 5581 nec
919 5525 1129 5580 deliciae
1151 5524 1518 5580 criminabiles
1543 5539 1620 5579 ea:
1638 5537 1788 5589 sunt,
1812 5524 1906 5580 sed

323 5626 552 5677 charum
601 5618 922 5672 alimentum
957 5625 1011 5671 et
1050 5625 1260 5671 natura:
1291 5631 1622 5686 congruens.
1658 5615 1814 5682 Quod
1858 5619 1903 5672 si

322 5729 449 5783 qms
498 5725 797 5780 Oppressus
849 5723 1108 5772 maerore,
1152 5709 1238 5762 vel
1297 5724 1434 5778 pane
1483 5708 1626 5762 vesci
1679 5725 1922 5778 prorsus-

321 5802 524 5857 olilitus
551 5800 734 5865 fuerit,
771 5792 854 5854 vel
879 5801 1120 5854 cinerem
1155 5808 1412 5868 tanquam
1439 5816 1631 5868 panem
1657 5802 1906 5854 comede-

314 5899 414 5964 rit,
456 5905 508 5950 et
549 5906 733 5964 potum
780 5911 900 5948 eum
937 5894 1064 5947 llettt
1115 5890 1410 5959 miscuerit,
1446 5894 1550 5947 alia
1606 5894 1744 5948 ratio
1792 5894 1904 5948 btet:

2009 4724 2155 4762 nunc
2180 4709 2430 4765 audistis.
2467 4709 2679 4763 Etenim
2711 4710 2990 4778 equidem,
3019 4711 3179 4764 amici
3225 4711 3315 4764 Dei
3351 4711 3587 4780 judiccs,

2008 4814 2190 4869 neque
2223 4803 2510 4871 conspicio
2554 4817 2802 4869 quamam
2839 4819 2903 4856 ex
2936 4803 3045 4857 mei
3086 4818 3218 4857 cura
3253 4804 3420 4858 menti
3456 4820 3590 4859 con-

2011 4891 2249 4947 tumeliaa
2285 4903 2417 4947 nota
2450 4895 2719 4948 inuratur.
2746 4895 2826 4946 An
2857 4909 2984 4950 vero
3013 4897 3144 4949 hera
3183 4911 3384 4952 curans
3417 4898 3590 4952 ancil-

2010 4983 2115 5047 las,
2147 4982 2250 5036 hac
2285 4984 2497 5037 ratione
2528 4982 2693 5038 fuerit
2739 4985 3142 5053 ignominiosa?
3181 4999 3276 5041 aut
3314 4989 3592 5057 guberna-

2011 5079 2097 5127 tor
2140 5088 2330 5128 navem
2367 5075 2670 5128 onerariam
2715 5075 3015 5141 instruens,
3052 5093 3119 5131 ex
3169 5078 3273 5134 hoc
3318 5081 3592 5150 periculo-

2010 5165 2127 5221 sius
2157 5167 2468 5236 navigabit;
2507 5176 2600 5220 aut
2636 5167 2792 5221 miles
2821 5183 2972 5222 arma
3011 5171 3278 5225 recudens
3312 5181 3368 5226 et
3402 5187 3592 5241 repur-

2009 5273 2147 5327 gans
2196 5274 2262 5311 ac
2326 5259 2645 5312 bellatorem
2705 5260 2854 5314 alens
2901 5276 3128 5330 equum,
3172 5263 3458 5332 imperitia:
3510 5265 3598 5318 rei'

2012 5350 2266 5405 militaris
2303 5350 2510 5405 idcirco
2537 5350 2914 5417 damnabitur,
2955 5365 3048 5410 aut
3091 5355 3232 5409 inter
3269 5356 3464 5410 milites
3495 5359 3590 5410 de-

2011 5453 2254 5497 sertores
2297 5442 2752 5497 euumerabitur?
2783 5444 2924 5510 Quid
2975 5461 3081 5498 non
3117 5447 3182 5499 ad
3223 5446 3322 5498 bos
3363 5448 3590 5516 respEcis

2009 5533 2102 5602 qui
2144 5535 2197 5587 in
2231 5535 2562 5604 corporibus
2599 5536 2718 5590 sine
2757 5541 3003 5607 corporis
3047 5537 3372 5605 contagione
3419 5539 3588 5592 vitam

2011 5624 2308 5692 duxerunt,
2347 5637 2402 5682 et
2465 5643 2696 5697 corpora
2741 5644 2853 5683 non
2912 5630 3164 5692 oderunt,
3219 5627 3348 5695 quin
3403 5631 3588 5698 potius

2011 5729 2339 5773 accurarunt
2362 5729 2630 5790 quantum
2659 5723 2923 5792 oportuit,
2949 5737 2980 5774 o
3013 5721 3212 5775 frustra
3237 5737 3433 5790 corpus
3453 5737 3586 5776 exo-

2011 5821 2092 5871 sa,
2126 5810 2602 5892 contentionisque
2633 5827 2786 5866 vanae
2826 5827 2890 5866 ac
2930 5813 3139 5868 inutilis
3171 5812 3397 5868 amans?
3442 5813 3592 5878 Quid

2011 5915 2120 5954 non
2156 5900 2333 5970 tnagni
2383 5903 2525 5957 illius
2560 5905 2863 5958 recordaris
2899 5904 3161 5974 Apostoli,
3203 5907 3289 5975 qui
3328 5906 3377 5958 in
3427 5920 3600 5974 νέην
