4046 6460
426 498 538 570 ατο

1669 498 2055 566 GREGORII
2090 472 2435 566 PALAM‘Lc

3580 496 3690 565 930

433 619 616 672 disutn
646 630 822 687 usque
842 614 913 671 ad
944 614 1165 670 tertium
1190 614 1390 671 omium
1422 621 1616 686 raptus
1637 626 1747 680 est,
1766 622 1821 669 et
1844 614 2010 670 verba
2040 616 2089 674 Α
2116 614 2181 669 lis
2209 623 2264 670 et
2295 588 2539 685 prudens
2563 611 2889 668 administra
2926 611 3163 672 familiae.
3191 620 3248 665 ut
3279 611 3375 667 des
3394 682 3395 687 η
3414 624 3592 665 escam
3630 596 3703 663 iu'

432 724 555 779 quae
585 722 697 765 non
732 707 863 763 licet
895 706 1080 775 eloqui
1127 705 1446 763 hominibus
1476 706 1712 772 audivit;
1741 714 1797 760 et
1822 714 2007 761 tamen

433 813 608 868 usque
640 798 823 853 denuo
850 811 1203 868 progressus,
1234 796 1585 852 contumeliae
1616 797 1738 852 loco
1769 810 1881 851 non
1914 810 2011 866 pu-

428 890 585 956 tavit,
610 891 727 947 suis
773 890 949 961 ipsius
996 889 1253 944 manibus
1284 888 1594 945 eoriaceam
1638 898 1813 944 artem
1856 902 2011 944 exer-

427 997 576 1047 cere,
605 990 660 1036 et
691 980 813 1037 suis
843 996 909 1036 ac
943 982 1220 1036 sociorum
1252 981 1677 1037 necessitatibus
1706 980 2010 1036 inservien-

426 1075 500 1129 do
568 1071 882 1130 subvenire.
945 1073 1207 1131 Oratione
1278 1076 1761 1147 supergrediamur
1828 1076 2007 1146 ipsum

426 1165 683 1233 Paulum,
714 1176 770 1221 et
802 1167 924 1237 eius
953 1167 1178 1223 tertium
1211 1166 1444 1234 malum;
1473 1182 1605 1221 num
1641 1166 1786 1222 Deus
1818 1167 1873 1221 in
1905 1180 2011 1221 suo

426 1266 575 1313 statu
602 1274 820 1329 semper
843 1258 1158 1315 consistens
1186 1258 1253 1313 ad
1279 1273 1400 1315 sese
1427 1259 1746 1326 reflectitur,
1766 1268 1821 1319 et
1842 1274 2009 1329 supra

430 1348 571 1403 hanc
596 1348 1011 1404 universitatem
1045 1360 1265 1406 erectus
1297 1350 1490 1406 sedet?
1522 1349 1800 1407 Utrumne
1823 1366 2006 1406 rerum

426 1453 551 1507 qua:
595 1448 719 1509 post
768 1455 897 1496 eum
927 1440 1213 1511 subiacent
1264 1442 1413 1515 nulla
1461 1458 1617 1509 cura,
1646 1443 1795 1499 nulla
1826 1443 2009 1513 provi-

426 1508 613 1585 dentia
667 1532 929 1603 tangitur,
974 1508 1154 1603 neque
1203 1508 1368 1590 etiam
1433 1508 1775 1591 infirmarum
1825 1508 2035 1607 return

428 1633 737 1680 nostrarum
764 1624 1208 1695 procurationem
1233 1627 1439 1687 habet?
1472 1642 1543 1683 an
1576 1642 1715 1684 vero
1740 1641 2013 1691 accursus

426 1716 802 1786 providenter,
834 1717 903 1773 de
931 1734 1032 1774 sua
1071 1718 1242 1788 ipsius
1270 1720 1341 1775 ob
1372 1719 1425 1773 id
1464 1718 1728 1785 dignitate
1758 1698 1814 1773 et
1839 1716 2047 1789 gloria“

427 1808 725 1880 quidquam
780 1810 993 1879 mittit}
1041 1810 1296 1878 Quonam
1349 1812 1518 1882 igitur
1571 1812 1735 1866 modo
1770 1809 2007 1880 ‘corpori

427 1900 715 1971 coniugata
742 1914 896 1956 mens
919 1916 1106 1963 curam
1131 1902 1408 1972 congeniti
1433 1903 1699 1974 corporis,
1726 1902 2004 1975 indignum

426 2004 488 2044 se
523 1991 767 2049 studium
799 2001 1038 2062 reputat,
1064 2003 1124 2049 et
1164 1994 1309 2048 hanc
1338 1994 1505 2059 rebus
1531 1995 1788 2053 secundis
1825 1994 2010 2065 provi-

429 2083 647 2140 dentem
674 2084 955 2143 solertiam
980 2086 1252 2156 repudiat,
1282 2101 1447 2156 supra
1480 2101 1578 2144 vos
1604 2087 1838 2142 cllcrens
1861 2100 2006 2155 sese,

386 2162 389 2169 λ
429 2188 665 2244 quorum
712 2176 1015 2233 etianmum
1062 2179 1213 2234 humi
1257 2181 1621 2251 gradientium
1663 2180 2012 2236 conversatio

432 2269 491 2320 in
535 2268 692 2323 cm'lis
730 2268 854 2324 est?
887 2284 1051 2340 supra
1092 2270 1208 2339 iam
1252 2272 1452 2327 cmlum
1486 2271 1812 2342 corporibus
1842 2285 2011 2343 appe-

432 2370 611 2415 tentes
656 2360 979 2431 apostolos':
1011 2377 1179 2431 supra
1219 2363 1483 2421 bonitatis
1515 2364 1692 2434 ipsius
1732 2362 2009 2434 exemplar

431 2449 584 2514 illud,
614 2452 763 2519 quod
799 2452 1149 2513 omnisarui
1191 2453 1424 2523 largitur
1459 2454 1824 2510 alimentum:
1853 2452 2012 2523 cuius

429 2555 496 2599 ex
522 2540 884 2600 similitudine
917 2544 1261 2602 nobilitatem
1302 2546 1592 2617 magnifice
1617 2548 1857 2617 iactans,
1897 2562 2008 2601 non

430 2632 684 2690 similiter
712 2634 780 2689 ad
814 2634 1133 2692 inferiorum
1154 2637 1423 2709 dignitate
1448 2638 1844 2708 providentiam
1872 2652 2010 2715 con-

429 2728 695 2794 vertitur;
719 2737 773 2782 et
801 2738 983 2784 tamen
1011 2745 1289 2787 summum
1319 2730 1452 2786 illud
1486 2732 1686 2787 bonum
1718 2732 2007 2803 plusquam

430 2817 653 2886 plenum
685 2828 740 2872 et
792 2820 999 2875 nullius
1035 2823 1265 2887 omnino
1304 2822 1584 2893 indigens,
1629 2823 1834 2878 nullius
1870 2839 2012 2892 opus

430 2921 661 2977 usquam
710 2908 876 2965 habet
912 2925 1102 2968 eorum
1155 2913 1360 2983 quibus
1391 2914 1681 2985 providet:
1723 2913 1838 2969 haec
1881 2928 2009 2968 vero

431 3012 807 3070 npcnuinero
835 3017 923 3056 me
963 3012 1025 3073 et,
1061 3016 1120 3058 ut
1157 3005 1523 3061 instrumento
1563 3003 1816 3061 famulari
1865 2988 2007 3075 eget,

433 3099 491 3143 et
521 3098 582 3144 ut
614 3090 909 3160 adiuvante
955 3108 1121 3148 causa
1164 3110 1228 3149 ac
1269 3095 1629 3161 adminiculo,
1661 3106 1716 3151 et
1758 3113 1870 3167 quo
1912 3095 2009 3150 ab-

432 3192 586 3235 sente
618 3182 755 3236 nihil
784 3198 1106 3253 generosum
1146 3187 1198 3240 iu
1227 3187 1417 3255 primis
1451 3188 1714 3258 perficiet.

508 3270 616 3328 Sed
646 3274 901 3332 fortassis
943 3276 1012 3330 ab
1051 3278 1135 3331 bis
1167 3278 1469 3333 rationibus
1506 3293 1777 3347 repressa,
1805 3294 1867 3333 se
1896 3294 2007 3347 non
2036 3317 2081 3377 ο

433 3364 690 3430 iniuriam
720 3366 865 3420 dicet
910 3381 976 3422 ex
1012 3369 1454 3425 necessariarum
1490 3369 1628 3424 mihi
1664 3384 1846 3424 rerum
1879 3384 2009 3437 snp-

431 3455 763 3523 peditatione
788 3472 1032 3527 passam,
1065 3459 1161 3515 sed
1201 3461 1348 3530 quod
1379 3459 1539 3530 longe
1571 3474 1735 3530 supra
1767 3462 2010 3516 necessi-

431 3555 600 3602 tatem
628 3559 680 3604 et
707 3565 866 3603 usum
898 3551 1096 3619 partim
1129 3551 1428 3606 insatiabili
1457 3552 1778 3620 cupiditate,
1812 3554 2008 3620 partim

428 3640 729 3708 voluptatis
763 3640 1017 3697 aviditate
1049 3657 1426 3714 progressum,
1463 3645 1604 3697 hanc
1636 3658 1851 3699 mecum
1882 3661 2009 3699 cor-

430 3734 650 3801 ripiant,
676 3742 730 3788 et
754 3733 981 3790 invitam
1011 3735 1381 3806 praecipitem;
1408 3735 1513 3790 hoc
1540 3735 1691 3791 enim
1720 3736 1834 3792 fere
1864 3739 2013 3793 dicc-

430 3825 544 3888 bat,
574 3826 798 3893 quando
828 3842 888 3881 se
919 3827 1290 3897 voluptatibus
1321 3826 1577 3893 absurdis
1608 3829 1932 3899 ntancipari,
1958 3838 2011 3885 et

430 3916 571 3971 meis
590 3915 766 3986 decipi
793 3918 1088 3989 praestigiis
1112 3919 1485 3974 asseverabat.
1504 3917 1573 3989 ‘ld
1609 3934 1738 3975 vero
1768 3920 2012 3976 refutare

429 4022 651 4077 quoque
702 4007 862 4064 facile
907 4017 1015 4075 est,
1053 4024 1118 4065 ac
1160 4010 1361 4066 docere
1404 4009 1658 4068 audaxne
1704 4011 1921 4069 facinus
1957 4021 2012 4068 et

429 4100 780 4155 temerarium
828 4101 923 4167 sit,
975 4100 1056 4156 ita
1097 4101 1216 4156 sive
1267 4101 1438 4169 fastu,
1480 4102 1597 4160 sive
1637 4103 2010 4161 contendendi

430 4191 617 4248 studio
661 4190 973 4257 incitatam,
999 4208 1064 4249 ea
1113 4194 1169 4247 in
1211 4208 1301 4250 me
1344 4208 1609 4253 accusare
1661 4211 1723 4253 se
1774 4196 2012 4266 nescire,

428 4299 661 4353 quorum
688 4283 806 4352 ipsa
840 4300 931 4339 rea
962 4284 1057 4351 sit,
1077 4300 1201 4339 cum
1226 4287 1561 4357 oportuisset
1582 4288 1826 4359 integere
1853 4288 2007 4344 haec:

430 4375 526 4429 scd
549 4374 847 4431 infaustum
872 4376 1012 4432 nihil
1031 4378 1233 4444 dicam,
1253 4381 1614 4437 admiratione
1633 4395 1761 4436 vero
1783 4381 2009 4450 dignum

428 4476 531 4525 est.
555 4468 649 4538 qui
691 4467 782 4521 tiat
816 4481 875 4524 ut
914 4469 1019 4525 sibi
1058 4472 1336 4526 contraria
1369 4472 1629 4544 loquatur
1660 4472 2004 4542 imprudens.

428 4550 701 4630 Numquid
737 4577 843 4615 non
884 4576 1105 4618 sursum
1128 4564 1387 4621 deorsum
1423 4580 1650 4619 versans
1680 4564 2007 4631 orationem,

2114 705 2400 776 tempore?
2419 704 2525 773 Qui
2557 706 2616 759 iit
2646 705 2897 781 igiturlut
2922 719 3029 758 non
3053 704 3283 757 ﬁdeliter
3310 710 3365 757 ct
3395 701 3687 771 prudenter

2111 798 2449 868 assignatum
2489 811 2688 852 munus
2718 796 3095 856 administros.
3130 794 3607 871 desquetemporc
3632 798 3688 845 et

2112 892 2279 946 modo
2301 889 2510 952 cibum,
2542 897 2682 945 etut
2713 888 2889 943 fidelis
2922 888 3173 956 increpes
3204 883 3443 949 infidele,
3475 894 3534 937 ut
3560 898 3684 951 pru-

2110 982 2247 1038 dens
2298 982 2531 1052 castiges
2578 992 2633 1036 et
2682 980 2944 1036 emendes
2978 978 3315 1059 imprudens_.
3360 982 3413 1029 et
3461 972 3684 1028 omnino

2113 1080 2436 1144 potestatem
2472 1075 2526 1128 in
2560 1073 2660 1129 tibi
2705 1072 2908 1129 credita
2941 1066 3420 1149 administratione
3461 1066 3682 1145 liberam

2110 1180 2391 1237 exerceas.
2423 1176 2477 1219 et
2524 1179 2687 1237 ornes
2729 1162 2977 1237 optime?
3009 1161 3081 1215 At
3111 1169 3161 1216 te
3192 1158 3393 1229 corripi
3428 1157 3679 1212 violentia

2112 1258 2211 1317 tibi
2260 1257 2467 1315 subditi
2520 1256 2679 1322 diris,
2716 1255 2876 1312 et'ad
2923 1254 3145 1311 easdem
3200 1252 3267 1308 ad
3321 1265 3459 1329 quas
3509 1250 3683 1318 ipsum

2113 1352 2352 1423 ineptias
2384 1359 2436 1406 te
2469 1361 2840 1408 transversam
2875 1349 2986 1418 agi.
3011 1345 3313 1402 Talibusne
3344 1343 3688 1414 praztextibus

2111 1459 2310 1500 censes
2341 1452 2413 1507 te,
2450 1459 2613 1514 quam
2648 1443 2791 1498 male
2835 1456 2996 1496 stium
3028 1454 3231 1495 munus
3262 1424 3484 1493 obeunti
3511 1434 3687 1490 mina-

2111 1541 2201 1588 tus
2243 1546 2327 1599 est
2361 1533 2490 1601 ille,
2523 1514 2905 1611 membrorum.
2935 1522 3296 1588 divulsionem
3366 1524 3687 1581 evasuram?

2108 1623 2276 1694 Atqui
2326 1624 2451 1680 talis
2492 1623 2677 1693 opinio
2700 1640 2837 1678 vana
2868 1631 2954 1681 est
2980 1630 3034 1677 et
3068 1620 3292 1699 inanis;
3327 1633 3355 1673 a
3381 1617 3683 1689 principatu

2110 1716 2256 1772 enim
2288 1717 2447 1785 [omni
2491 1731 2681 1795 eorum
2715 1702 2838 1787 quae
2870 1714 3077 1771 subditi
3104 1721 3331 1795 peccant
3346 1700 3539 1784 preme
3570 1709 3683 1765 exi-

2111 1817 2314 1878 guntur
2346 1809 2504 1863 :sive
2561 1792 2969 1881 imperatorem,
3006 1808 3121 1863 sive
3155 1792 3528 1885 preda'gogum,
3573 1802 3686 1857 sive

2110 1888 2563 1967 parentctn,.sive
2595 1900 2875 1954 doctorem
2916 1898 3093 1961 dicas,
3130 1896 3233 1952 etsi
3272 1894 3474 1963 alioqui
3521 1890 3674 1963 probi

2113 1992 2241 2058 sint,
2274 1992 2594 2048 earumdem
2634 1990 2928 2046 criminum
2975 1989 3051 2043 rei
3091 1995 3338 2066 suntuut
3371 1988 3418 2041 si
3467 1985 3550 2039 vel
3585 1984 3687 2069 im-

2112 2089 2331 2149 perator
2368 2095 2497 2157 cum
2548 2066 2792 2135 exercitu
2840 2079 3059 2134 deserat
3089 2078 3285 2143 aciem,
3306 2082 3407 2131 aut
3433 2066 3687 2143 paedagoo

2111 2184 2213 2240 gus
2244 2185 2368 2225 cum
2401 2186 2574 2240 puero
2619 2170 2879 2236 colludat,
2906 2162 3003 2225 aut
3033 2179 3187 2241 pater
3227 2183 3351 2223 cum
3383 2164 3490 2223 ﬁlio
3524 2167 3688 2221 lasci-

2111 2264 2244 2328 viat,
2290 2272 2384 2318 aut
2439 2278 2563 2317 cum
2607 2263 2882 2333 discipulo
2930 2263 3190 2333 magister
3237 2246 3445 2341 inertia;
3484 2250 3688 2314 et‘otio

2111 2354 2408 2425 indulgeat,
2439 2353 2645 2424 duplici
2685 2369 2867 2426 pmna,
2911 2369 3130 2420 censeo,
3168 2336 3363 2408 horum
3399 2334 3689 2433 unusquisf

2111 2463 2218 2518 que
2247 2448 2537 2517 punietur:
2568 2446 2758 2513 altera,
2789 2445 2933 2516 quod
2960 2445 3270 2501 clanculum
3290 2460 3414 2500 eum
3441 2457 3685 2499 corrum-

2110 2550 2222 2610 pat,
2260 2555 2423 2611 quem
2460 2539 2647 2609 potius
2687 2522 3069 2597 se‘mcliorem
3103 2537 3439 2593 redditurum
3466 2530 3685 2606 pollice-

2112 2632 2305 2699 batur;
2351 2630 2529 2686 altcra
2573 2630 2717 2700 quod
2764 2624 3081 2685 eorumdem
3139 2624 3265 2685 reus
3311 2643 3539 2698 quorum
3590 2625 3686 2681 ille

2111 2722 2598 2793 deprehendatur;
2645 2732 2707 2778 ut
2749 2724 2872 2778 vice
2922 2736 3082 2780 versa
3109 2720 3309 2794 duplici
3356 2721 3507 2777 venia
3534 2719 3685 2790 digni

2112 2816 2315 2870 subditi
2347 2816 2562 2892 censeri
2609 2817 2811 2871 debent
2855 2816 2998 2886 apud
3037 2831 3134 2871 eos
3175 2816 3267 2887 qui
3311 2815 3430 2886 plus
3470 2828 3687 2869 summa

2109 2906 2231 2977 iure
2270 2920 2433 2989 quam
2464 2906 2764 2989 clementer
2806 2922 2921 2962 rem
2954 2905 3293 2976 diiudicant;
3329 2905 3501 2960 altera
3551 2920 3684 2973 pro-
3770 2940 3777 2949 η

2111 3005 2231 3065 pter
2271 2984 2463 3051 eorum
2496 2984 2751 3053 naturam
2781 3014 2901 3067 quae
2926 3012 3145 3069 semper
3180 2997 3374 3052 ducem
3403 3008 3457 3065 et
3487 2995 3550 3049 ad
3579 2994 3684 3047 bo-

2111 3099 2379 3146 neSIatem
2408 3078 2814 3163 promerentem
2840 3090 3097 3160 requirit;
3143 3078 3312 3145 altera
3353 3088 3497 3159 quod
3520 3101 3684 3157 quem

2115 3183 2179 3237 ad
2239 3184 2445 3239 bonum
2504 3182 2819 3253 praefectum
2876 3193 3188 3253 acceperat,
3243 3172 3297 3236 in
3348 3180 3682 3237 contrarium

2113 3277 2501 3347 depravantem
2550 3289 2605 3335 et
2659 3268 3047 3350 provocantem
3101 3264 3327 3332 invenit.
3374 3275 3513 3329 Nihil
3552 3287 3683 3327 vero

2118 3380 2225 3423 tam
2270 3372 2338 3426 ad
2375 3374 2629 3427 virtutem
2676 3382 2731 3427 et
2779 3372 2969 3426 vitium
3019 3370 3209 3431 allicit,
3241 3384 3402 3439 quant
3430 3366 3682 3439 princeps

2113 3477 2175 3516 ea
2208 3462 2413 3518 faciens
2437 3480 2559 3533 quae
2584 3464 2648 3516 ad
2674 3464 2999 3517 alterutrum
3027 3464 3405 3528 exhortantur,
3429 3471 3481 3516 et
3501 3476 3682 3516 exem-

2114 3553 2205 3623 plo
2226 3570 2327 3610 suo
2346 3555 2412 3609 ad
2442 3557 2640 3610 similia
2665 3557 3025 3626 perpetranda
3042 3556 3305 3617 trahens;
3334 3554 3681 3626 quemadmo-

2113 3644 2244 3698 dum
2276 3653 2329 3700 et
2360 3650 2524 3700 chara
2557 3647 2691 3701 mihi
2733 3662 2888 3703 mens
2925 3646 3169 3716 duplices
3196 3647 3347 3701 dabit
3386 3662 3589 3716 poenas,
3618 3657 3688 3703 ut

2114 3750 2234 3805 quae
2259 3751 2438 3808 neque
2467 3738 2609 3807 quod
2642 3739 2697 3792 in
2733 3740 2952 3794 homine
2983 3739 3146 3794 fuerit
3171 3739 3529 3794 inordinatum
3556 3755 3684 3794 cor-

2111 3830 2275 3897 rexit,
2312 3846 2545 3901 qumque
2571 3831 2838 3886 collaetata
2868 3829 3051 3898 fuerit,
3090 3841 3143 3886 et
3178 3832 3464 3903 voluptatis
3495 3832 3679 3887 illece-

2113 3922 2240 3995 bras
2285 3922 2451 3977 simul
2474 3924 2745 3979 excitarit.
2775 3924 2831 3978 Si
2860 3938 2990 3978 vero
3011 3922 3281 3979 suﬂ‘ocant
3302 3940 3477 3995 aquae.
3505 3924 3683 3991 aiunt,

2112 4015 2246 4085 quid
2276 4029 2416 4086 opus
2449 4026 2533 4071 est
2557 4016 2849 4073 adbibere?
2882 4014 3011 4070 Mihi
3035 4026 3216 4072 autem
3251 4017 3497 4073 fortassis
3522 4016 3682 4072 venia

2111 4106 2385 4176 quaepiam
2431 4105 2673 4173 dabitur,
2702 4108 2849 4178 quod
2892 4107 3076 4161 heram
3106 4121 3433 4179 consequar.
3461 4124 3581 4177 qua
3619 4118 3683 4164 ut

2113 4196 2218 4254 ista
2257 4197 2572 4268 delinquant
2635 4213 2723 4253 me
2772 4198 2984 4254 doceat.
3041 4198 3229 4266 Qualis
3285 4199 3452 4265 enim,
3504 4202 3681 4268 aiunt,

2115 4288 2271 4355 hera,
2307 4288 2435 4344 talis
2463 4298 2518 4345 et
2560 4289 2737 4346 canis.
2772 4286 2839 4344 Ut
2872 4300 3052 4346 autem
3094 4291 3298 4347 clarius
3340 4290 3684 4348 demonstra-

2113 4388 2228 4453 tum
2262 4381 2357 4448 sit,
2387 4381 2532 4451 quod
2557 4396 2588 4436 a
2620 4396 2707 4437 me
2734 4396 2845 4437 non
2877 4381 2993 4452 ipsa
3023 4382 3348 4454 corripiatur
3375 4381 3443 4437 ad
3477 4383 3681 4453 turpis-

2114 4473 2253 4529 sima
2283 4488 2531 4545 quaeque,
2554 4475 2649 4531 sed
2666 4475 2782 4545 ipsa
2802 4474 2975 4546 magis
2995 4474 3063 4530 ad
3086 4475 3390 4545 voluptates
3423 4475 3681 4546 abripiat,

2114 4579 2312 4635 meque
2356 4580 2545 4621 secum
2577 4566 2879 4636 pertrahat,
2933 4552 3025 4620 me
3076 4550 3265 4637 quaeso
3290 4566 3552 4636 patienter
3578 4580 3683 4621 au-

428 4653 634 4711 Christi
668 4654 855 4711 famuli
882 4656 1123 4726 iudices,
1158 4659 1477 4728 primariam
1507 4657 1825 4729 dignitatem
1865 4672 2006 4737 pra:-
2030 4647 2087 4710 D
2114 4655 2301 4720 diatis,
2327 4656 2396 4712 ab
2429 4658 2697 4714 orationis
2732 4672 2899 4713 cursu
2932 4657 3153 4728 paulum
3183 4658 3594 4728 digredientem,
3623 4666 3683 4713 et

429 4745 705 4811 tendebat,
732 4749 876 4815 quod
911 4750 1091 4821 imago
1133 4750 1320 4806 divina
1370 4759 1538 4821 atque
1582 4750 1752 4805 totius
1793 4751 2011 4807 ratione

437 4838 678 4894 carentis
706 4849 916 4896 natura:
957 4842 1142 4912 regina
1170 4852 1340 4913 esset,
1371 4858 1435 4898 ac
1479 4856 1565 4898 me
1619 4839 1907 4909 famulum,
1950 4858 2011 4898 se

445 4931 719 4985 dominam
750 4920 1133 5003 nuncupabat?
1166 4932 1416 5001 Quonam
1463 4933 1631 5003 igitur
1661 4935 1823 4989 modo
1849 4936 2010 4990 derc-

372 5020 381 5027 ’
436 5031 595 5094 pente
626 5022 772 5078 facta
806 5026 1132 5092 mutatione,
1159 5041 1380 5081 sursum
1408 5040 1601 5082 versus
1631 5025 1852 5082 ﬂumina
1886 5043 2012 5098 pro—

431 5113 632 5169 cedunt
692 5111 896 5180 fontes,
950 5130 1016 5171 ac
1067 5115 1357 5171 ostendere
1420 5122 1649 5169 conatur
1705 5132 1794 5171 me
1841 5116 2008 5171 veluti

430 5204 633 5261 dueere
661 5220 723 5261 ac
767 5205 1179 5262 circumducere
1230 5205 1601 5276 imperiosius,
1644 5220 1705 5263 se
1734 5216 1916 5263 autem
1953 5217 2012 5264 ut

433 5297 767 5367 mancipium
804 5296 890 5365 agi
937 5294 1208 5365 ferrique!
1244 5308 1297 5352 et
1329 5296 1590 5367 quidquid
1613 5299 1860 5356 criminis
1892 5316 2011 5356 am-

434 5386 613 5441 bobus
649 5385 1005 5455 delinquitur,
1033 5384 1087 5440 id
1127 5387 1194 5441 ad
1231 5402 1317 5440 me
1347 5396 1407 5442 ut
1450 5399 1728 5444 auctorem
1773 5392 2007 5460 primum

434 5477 671 5548 reiicit?’
693 5475 848 5543 Quod
892 5476 938 5532 si
972 5477 1090 5545 ipsa
1134 5476 1387 5545 imperat,
1433 5493 1531 5548 ego
1577 5494 1761 5549 pareo,
1792 5490 2014 5550 quanta:

432 5569 787 5640 impudentiae
823 5578 908 5625 est
952 5567 1109 5622 alteri
1140 5568 1226 5621 sui
1275 5567 1459 5623 delicti
1489 5578 1545 5623 et
1585 5571 1791 5638 peccati
1824 5582 2008 5625 notam

434 5661 693 5717 inurere?
733 5662 963 5729 Roganti
996 5660 1143 5715 enim
1174 5660 1304 5713 mihi
1340 5659 1627 5729 responde,
1650 5677 1682 5715 ο
1715 5661 2013 5731 reprehen-

434 5754 596 5808 dendi
620 5760 674 5807 et
707 5731 998 5808 accusandi
1028 5752 1255 5808 libidine
1280 5751 1536 5824 ﬂagrans,
1565 5761 1696 5810 tunc
1727 5769 1757 5807 a
1788 5753 2014 5808 domino

437 5843 732 5898 constituta
756 5857 816 5898 es
845 5858 967 5913 qua:
1008 5857 1277 5898 conservo
1314 5851 1560 5899 mutuum
1598 5854 1827 5915 prmstes
1856 5844 2015 5900 obse-

437 5931 654 6002 ῳιίυιη,
688 5932 827 6001 quod
854 5943 935 5987 cst
965 5935 1019 5988 in
1050 5934 1358 6005 evangelica
1388 5936 1665 6006 parabola,
1698 5935 1855 6006 quasi
1883 5936 2016 5991 lide-

2115 4748 2184 4823 ad
2219 4748 2612 4820 tragoediarum
2651 4749 2897 4805 omnium
2935 4765 3179 4817 causam,
3218 4764 3378 4820 quam
3413 4749 3681 4818 explicare

2111 4855 2270 4896 mens
2304 4840 2597 4908 erubescit,
2622 4852 3017 4901 recurrentem.
3480 4830 3487 4839 ’

2182 4931 2301 4987 Non
2338 4931 2634 4999 sinceram,
2667 4932 2770 4987 viri
2795 4934 3032 5004 iudices,
3066 4932 3453 5006 intelligentem
3488 4934 3674 4997 vitam,

2112 5036 2166 5081 et
2196 5040 2227 5081 a
2264 5039 2533 5095 corporeo
2559 5040 2727 5083 sensu
2759 5025 3060 5097 ablegatam
3097 5035 3283 5081 noster
3311 5026 3525 5081 animus
3556 5041 3676 5080 sor-

2112 5115 2247 5172 titus
2276 5126 2381 5182 cst,
2416 5116 2510 5171 sed
2552 5116 2769 5186 utrique
2794 5116 2919 5171 vitae
2947 5116 2995 5173 ei
3028 5117 3285 5185 subjectae
3308 5117 3527 5181 insidet,
3563 5125 3673 5172 tum

2112 5207 2416 5278 plantaria,
2460 5216 2572 5264 tum
2606 5209 2786 5275 vitali,
2828 5224 2856 5263 a
2902 5210 3103 5282 quibus
3134 5210 3453 5264 constitutio
3494 5219 3674 5264 nostra

2112 5314 2380 5369 corporea
2428 5300 2727 5370 gubernata
2778 5308 3153 5355 conservatur.
3208 5298 3343 5353 Nam
3390 5298 3573 5354 dolore
3622 5306 3674 5352 et

2114 5390 2387 5459 voluptate
2440 5390 2597 5459 quasi
2642 5389 3011 5459 gubernaculo
3064 5397 3454 5459 temperamur;
3493 5384 3676 5440 dblore

2114 5494 2236 5533 cum
2286 5478 2549 5534 inanitate
2582 5478 2918 5543 laboramus,
2952 5486 3047 5533 aut
3078 5477 3234 5531 aliter
3264 5477 3546 5547 angimur;
3578 5488 3675 5529 vo-

2115 5569 2345 5637 luptate,
2373 5582 2497 5621 cum
2524 5566 2829 5637 explemur,
2853 5574 2907 5620 et
2929 5566 3072 5620 nulla
3100 5563 3502 5634 perturbatione
3523 5575 3679 5614 vexa-

2117 5674 2259 5720 mur,
2296 5675 2361 5713 ex
2411 5658 2621 5728 Opiﬁcis
2670 5666 2881 5711 natura:
2913 5654 3275 5727 providentia,
3304 5652 3677 5707 all‘ectionibus

2114 5749 2383 5821 ejusmodi
2431 5747 2589 5801 nobis
2637 5745 2705 5800 ad
2751 5746 2981 5802 salutem
3031 5740 3380 5815 ingeneratis.
3428 5739 3483 5795 Si
3530 5739 3672 5793 enim

2115 5842 2243 5895 dum
2283 5835 2573 5894 dciluimus
2617 5846 2670 5892 et
2715 5836 3139 5905 corrumpimur,
3186 5847 3293 5888 non
3334 5844 3670 5902 angerentur,

2120 5947 2297 6003 neque
2327 5931 2456 5987 dum
2491 5929 2756 5987 satiantur
2784 5929 3109 5998 laetarentur,
3145 5927 3217 5983 ita
3257 5935 3313 5982 ut
3347 5937 3520 5995 neque
3549 5936 3674 5976 cou-
