3988 6492
351 433 460 496 E83

1595 431 1982 492 GREGORll
2027 433 2357 493 ΡΑιΑΜιλΕ

3519 433 3628 501 984

347 543 514 600 homo
543 558 571 596 a
607 541 842 596 muliere
891 540 1067 612 prima
1107 555 1231 611 quae
1265 540 1333 597 de
1383 542 1696 612 perniciosa
1745 553 1936 612 gusta-
1971 557 2015 609 Α
2045 546 2554 617 compellit?Quod
2591 532 3004 604 monumentum
3040 564 3145 603 non
3204 555 3443 609 inenibra
3506 571 3628 625 qum

347 645 505 691 verat
530 636 748 699 arbore,
775 633 1046 702 posterior
1075 640 1300 702 accepto
1331 633 1458 689 cibo
1487 635 1782 693 comedens
1805 676 1821 702 ,
1849 651 1939 692 ve-

349 729 498 785 niam
531 728 676 798 apud
718 727 890 781 Deum
923 727 1157 781 meritus
1187 735 1314 784 est:
1352 735 1450 783 aut
1479 738 1539 783 ut
1569 722 1622 782 vi
1649 738 1938 798 correptus

349 829 582 874 mortem
612 817 841 890 ellugit?
867 817 1158 887 Cupiditas
1182 818 1329 873 enim
1353 826 1410 876 et
1439 819 1522 875 ira
1553 819 1658 876 sub
1688 821 1936 876 animum

349 912 582 967 rationis
643 911 970 981 participem
1035 911 1302 982 subjectae
1362 923 1536 979 sunt;
1584 928 1696 969 non
1749 923 1810 968 ut
1869 913 1938 968 ad

349 1007 644 1076 voluptatis
702 1006 1031 1062 suavitatem
1089 1005 1182 1061 illa
1239 1005 1541 1071 delabens,
1577 1021 1766 1061 secum
1819 1010 1938 1076 ipsa

347 1100 642 1156 contrahat
665 1140 680 1166 ,
713 1100 829 1156 haec
869 1115 1002 1155 vero
1040 1099 1111 1154 ad
1142 1099 1376 1154 ferinam
1429 1099 1700 1156 saevitiam
1753 1115 1941 1170 erum-

347 1208 520 1265 pens,
575 1208 763 1250 secum
797 1192 1074 1260 abducat,
1128 1194 1226 1248 sed
1278 1201 1339 1248 ut
1386 1192 1456 1247 ad
1497 1191 1826 1262 captandam
1885 1200 1942 1247 et

352 1285 661 1341 habendam
717 1285 1060 1341 honestatem
1114 1286 1449 1340 conveniant
1482 1297 1534 1340 et
1575 1287 1890 1355 conspirent
1923 1304 1938 1342 :

348 1379 629 1448 cupiditas
656 1417 672 1443 ,
715 1387 777 1432 ut
808 1394 988 1448 equus
1022 1377 1192 1434 frenis
1227 1378 1366 1433 bene
1397 1379 1739 1445 moderatus,
1767 1379 1944 1434 subli-

351 1488 494 1526 mem
528 1471 762 1528 efferens
789 1512 804 1539 ,
833 1481 887 1527 et
915 1471 982 1526 ad
1022 1488 1147 1527 vere
1178 1472 1569 1527 desiderabilia
1600 1473 1891 1527 concitans
1925 1489 1941 1539 ;

350 1566 639 1632 ira,veluti
673 1582 976 1638 generosus
1007 1567 1184 1632 canis,
1214 1583 1323 1621 una
1362 1582 1461 1634 pro
1493 1567 1562 1622 iis
1590 1580 1645 1621 et
1671 1567 1942 1622 adversus

350 1676 414 1714 ca
448 1677 573 1730 qua:
599 1671 816 1730 oportet
842 1661 1170 1731 belligerans
1198 1670 1252 1714 et
1285 1675 1675 1730 prOpugnans;
1705 1667 1944 1728 utraque

351 1754 614 1808 nimirum
659 1769 688 1807 a
726 1753 943 1808 ratione
972 1770 1069 1823 per
1113 1755 1432 1809 diuturnam
1483 1753 1941 1809 consuetudinem

349 1849 419 1901 ad
468 1847 607 1902 bene
657 1837 1050 1917 parendum'et
1093 1848 1462 1904 obedientium
1512 1849 1720 1902 domita
1775 1857 1945 1916 atque

2045 645 2189 691 sunt‘
2232 652 2400 707 super
2462 646 2667 692 terram
2715 639 3056 704 mortificat,
3094 650 3146 693 et
3206 644 3404 697 animae
3459 646 3625 700 vitam

2041 729 2194 782 omni
2220 743 2288 783 ex
2322 738 2476 799 parte
2508 729 2722 783 beatam
2757 729 3011 797 largitur,
3035 731 3131 784 sed
3164 733 3346 801 potius
3381 735 3626 790 viviﬁcat

2041 828 2096 874 et
2126 819 2393 873 adversus
2422 818 2663 873 animam
2687 821 2997 876 exsuscitat
3020 820 3173 876 ?Aut
3202 823 3370 892 igitur
3397 841 3495 895 ego
3525 842 3627 880 ne-

2042 929 2150 984 que
2201 919 2515 984 sepulcrum
2539 952 2555 979 ,
2585 930 2762 984 neque
2807 925 3001 970 catena
3046 932 3166 972 sum
3192 958 3205 980 ,
3234 918 3505 988 siquidem
3557 919 3626 973 ad

2041 1005 2266 1060 delicias
2310 1006 2603 1074 eorripior,
2630 1017 2686 1062 et
2711 1023 2820 1061 una
2851 1008 3178 1077 pertrahor:
3221 1009 3628 1067 inconsiderate

2043 1107 2098 1152 et
2134 1099 2373 1152 inaniter.
2417 1099 2616 1154 talibus
2649 1100 2860 1156 cavillis
2908 1099 3146 1168 illudor;
3175 1112 3270 1157 aut
3301 1119 3628 1159 monumen-

2045 1199 2160 1244 tum
2197 1205 2387 1244 revera
2415 1198 2472 1245 et
2505 1201 2700 1245 catena
2747 1190 2875 1254 sim,
2907 1205 2974 1247 ac
3009 1207 3217 1262 magnae
3269 1193 3402 1249 hinc
3438 1196 3631 1251 incon-

2047 1281 2295 1337 tinentiae
2325 1282 2564 1352 seipsam
2599 1297 2755 1338 mens
2785 1297 2936 1337 ream
2973 1283 3123 1352 facit,
3149 1286 3296 1355 quod
3329 1297 3384 1342 et
3424 1286 3633 1358 illigata

2047 1375 2176 1430 mihi
2227 1387 2280 1430 et
2321 1375 2640 1446 consepulta
2673 1377 3046 1440 delicietur,et
3072 1379 3262 1434 vivens
3295 1390 3506 1434 mortua
3537 1383 3632 1446 sit,

2046 1485 2111 1525 ac
2142 1483 2308 1539 supra
2329 1471 2552 1525 modum
2589 1470 2894 1533 extollitur,
2925 1471 3138 1527 tametsi
3162 1488 3299 1528 crux
3325 1488 3424 1543 ego
3458 1475 3560 1530 sim
3582 1476 3633 1532 ei

2046 1563 2171 1617 data
2201 1581 2217 1624 ;
2243 1565 2349 1620 hoc
2374 1565 2518 1619 enim
2549 1564 2774 1620 nomine
2811 1580 2899 1621 me
2931 1580 3154 1635 quoque
3181 1568 3356 1624 libens
3378 1570 3636 1638 appellat,

2049 1657 2300 1711 utetiam
2356 1657 2564 1712 dolium
2627 1667 2955 1728 pertusum,
3001 1658 3360 1714 dissimulans
3410 1669 3542 1730 quot
3582 1671 3640 1718 et

2049 1761 2388 1822 quantorum
2425 1753 2696 1807 bonorum
2749 1767 2851 1823 ego
2893 1752 2998 1807 sim
3045 1755 3537 1824 conceptaculum,
3577 1767 3642 1812 ut

2051 1863 2157 1903 non
2209 1849 2383 1901 multo
2435 1856 2558 1916 post
2591 1846 2662 1900 de
2711 1846 2899 1901 multis
2948 1861 3121 1916 pauca
3167 1847 3469 1918 degustans
3512 1867 3637 1906 sum

352 1940 600 1993 cicurata
624 1979 637 1993 .
666 1936 870 1993 Verum
909 1956 1065 1995 tuens
1100 1941 1307 2011 alioqui
1357 1940 1658 1996 temulenta
1695 1940 1864 2005 facta,
1891 1947 1947 1993 et
1979 1919 2021 1972 Β
2050 1941 2577 1996 demonstraturum.
2610 1939 2667 1994 Si
2709 1955 2842 1994 vero
2893 1949 3179 2010 pertusum
3230 1957 3452 2012 quoque
3478 1958 3598 1998 sum
3624 1986 3670 2010 ,.

349 2032 511 2088 valde
538 2049 651 2089 suae
679 2035 1025 2091 strenuitatis
1056 2035 1362 2106 negligens,
1405 2034 1758 2091 effeminatur
1785 2033 1948 2102 quasi

350 2141 568 2190 vecors,
598 2137 654 2182 et
699 2128 1009 2196 deteritur,
1040 2145 1104 2184 ac
1139 2141 1408 2197 quantum
1459 2143 1489 2182 a
1523 2125 1800 2182 constanti
1834 2126 1943 2180 im-

353 2219 655 2290 mobilique
689 2231 960 2276 concentu
987 2221 1224 2287 decedit,
1246 2221 1591 2276 tantumdem
1619 2220 1688 2274 ad
1717 2233 1941 2275 currum

353 2296 838 2377 perturbationum
870 2312 1082 2366 accedit
1117 2330 1131 2366 :
1167 2320 1546 2382 quantumque
1583 2309 1846 2380 paulatim
1876 2306 1945 2362 ab

353 2406 679 2475 imperando
709 2406 988 2473 desciscit,
1023 2417 1236 2464 tantum
1296 2407 1388 2465 illa
1437 2405 1691 2462 servituti
1729 2401 1943 2457 manci-

353 2509 539 2568 patur.
573 2498 768 2566 itaque
805 2500 957 2555 nulla
994 2504 1046 2556 vi
1093 2502 1344 2570 cogitur,
1371 2515 1471 2555 nec
1499 2501 1566 2554 ad
1602 2501 1944 2569 peccandum

351 2597 409 2644 et
441 2591 874 2661 delinquendum
899 2592 1069 2647 invita
1104 2591 1448 2660 rapitur,sed
1479 2590 1626 2660 quod
1652 2588 1944 2644 Herculem

354 2699 578 2754 passum
611 2683 785 2740 fuisse
835 2686 1139 2756 fecisseque
1195 2684 1369 2759 Graeci
1423 2700 1489 2740 ac
1520 2684 1761 2755 profani
1807 2685 1950 2738 scri—

352 2788 541 2849 plores
591 2787 864 2837 testantur
898 2780 1126 2850 (ferunt
1178 2780 1323 2834 enim
1364 2781 1518 2836 illum
1586 2789 1708 2848 post
1741 2780 1952 2836 belluas

355 2860 411 2947 et
445 2872 745 2928 sceleratos
771 2873 1026 2948 homines
1055 2874 1416 2943 perdomitus,
1441 2881 1634 2945 postea
1669 2875 1945 2928 volentem

355 2965 522 3036 Lyda:
569 2967 807 3034 feminae,
867 2967 1154 3035 Omphalae
1186 2969 1444 3034 nomine,
1476 2967 1779 3039 serviisse),
1808 2969 1949 3022 idem

360 3044 497 3141 mihi
529 3061 743 3116 videtur
785 3062 988 3117 mentis
1037 3063 1178 3116 ratio
1212 3062 1421 3132 perpeti
1452 3101 1468 3116 .
1497 3044 1646 3116 Nam.
1667 3077 1791 3131 qua:
1823 3069 1955 3116 sunt

364 3158 419 3233 in
481 3155 704 3210 homine
757 3155 1020 3211 bellulnae
1054 3147 1421 3225 maligtimQue
1473 3155 1952 3226 perturbationes,

365 3265 491 3304 cum
551 3263 646 3303 eas
697 3251 804 3304 sub
845 3263 1001 3303 suam
1057 3257 1386 3319 potestatem
1434 3248 1708 3316 subjicere
1741 3258 1952 3319 posset,

369 3324 550 3420 libens
607 3351 791 3418 tamen
856 3343 1122 3413 voluptati
1177 3342 1459 3412 animique
1520 3343 1956 3414 appetitionibus

362 3434 578 3489 servit:
617 3434 706 3511 vel
765 3434 931 3488 etiam
971 3445 1032 3489 ut
1081 3436 1217 3490 alter
1267 3434 1514 3510 primas,
1568 3431 1806 3504 magnus
1865 3435 1958 3489 ille

364 3523 598 3590 Samson
649 3531 718 3584 ab
753 3528 1093 3600 insidiatrice
1145 3527 1491 3593 muliercula,
1535 3527 1726 3582 eadem
1794 3529 1956 3583 volu-

363 3630 520 3692 ptate
551 3621 809 3691 decepta,
844 3636 1006 3695 suum
1042 3635 1302 3691 magnum
1335 3620 1502 3674 robur
1524 3620 1752 3674 ridicule
1776 3616 1970 3688 prodit'

363 3697 418 3763 et
450 3709 618 3773 nuda,
644 3726 708 3765 ac
735 3724 847 3764 non
894 3709 1006 3780 jam
1044 3711 1220 3779 ipsum
1271 3710 1438 3764 veluti
1474 3725 1689 3766 comam
1717 3711 1958 3780 jactans,

365 3803 533 3858 facile
557 3819 586 3857 a
635 3795 1148 3872 perturbationibus
1184 3804 1512 3873 alienigenis
1546 3804 1762 3875 captiva
1803 3804 1961 3860 duci-

366 3885 476 3963 tur,
507 3905 563 3951 et
595 3906 911 3967 excaecatur
941 3897 1120 3953 oculis
1157 3898 1224 3951 ad
1257 3893 1522 3952 honestas
1570 3911 1658 3953 res
1693 3905 1746 3950 et
1790 3897 1962 3952 bonas

366 3992 801 4064 perSpicacibus,
829 3991 1170 4061 pistrinoque
1195 3989 1465 4060 illigatur,
1490 3999 1544 4045 et
1566 3991 1776 4045 circum
1809 4004 1966 4045 eum-

369 4084 494 4141 dem
526 4085 871 4154 voluptatum
934 4083 1166 4148 orbem,
1221 4073 1456 4151 querum
1501 4083 1717 4137 initium
1769 4091 1855 4137 est
1909 4092 1965 4136 et

368 4173 539 4236 Veluti
569 4179 831 4237 stimulus
861 4179 1073 4234 ventris
1102 4176 1395 4247 ingluvies,
1414 4177 1735 4233 innumeras
1761 4193 1965 4232 aerum-

373 4291 472 4329 nas
515 4272 831 4343 perpetiens
873 4257 1227 4326 convolvitur
1253 4309 1268 4333 ,
1302 4279 1357 4325 et
1387 4271 1544 4340 quasi
1574 4270 1801 4327 lascivis
1826 4287 1964 4342 pue-

372 4355 472 4431 ris,
511 4355 803 4435 cupiditati
853 4371 911 4418 et
943 4360 1244 4416 iracundiae
1278 4360 1518 4417 ludibrio
1549 4371 1672 4419 est.
1701 4362 1779 4418 Ita
1809 4379 1967 4418 mens

373 4473 572 4535 sponte
602 4479 661 4518 se
710 4448 869 4516 malis
923 4460 1258 4532 immergens
1279 4501 1294 4525 ,
1326 4461 1442 4530 ipsa
1481 4461 1588 4516 sibi
1618 4460 1968 4531 contumelia:

374 4573 549 4630 genus
601 4555 906 4624 intorquet,
958 4559 1014 4607 et
1073 4545 1315 4621 undique
1367 4557 1626 4619 cooperta
1687 4545 1965 4612 miseriis,

2052 2043 2109 2089 at
2137 2043 2285 2090 certe
2316 2049 2583 2089 sensuum
2634 2036 2908 2090 meatibus
2957 2036 3188 2090 omnino
3220 2037 3601 2105 specularibus
3621 2078 3640 2103 ,

2053 2129 2300 2183 luciferis
2332 2137 2389 2183 et
2432 2130 2645 2184 nuntiis
2691 2130 3208 2200 comprehensionis
3249 2146 3429 2186 rerum
3451 2172 3465 2196 ,
3497 2140 3558 2186 ut
3586 2132 3642 2187 id

2051 2221 2217 2276 etiam
2249 2222 2434 2277 statim
2469 2225 2781 2294 apparebit,
2834 2225 2980 2293 quod
3015 2239 3111 2294 per
3164 2225 3264 2279 hos
3293 2224 3551 2280 hauriens
3585 2233 3642 2281 et

2055 2330 2178 2371 sese
2231 2316 2536 2372 referciens
2575 2317 2628 2371 in
2672 2332 2759 2372 me
2791 2317 2960 2372 veluti
3019 2318 3355 2374 temulentiaa
3400 2318 3638 2386 pristina

2055 2408 2320 2462 vomitum
2373 2409 2617 2466 cli‘undat
2638 2451 2654 2474 ,
2685 2421 2737 2465 et
2769 2410 3086 2479 turpissime
3116 2410 3488 2467 debacchetur
3509 2450 3523 2465 .
3559 2412 3638 2466 'l‘u

2059 2512 2214 2554 meos
2245 2514 2464 2567 sensus,
2490 2513 2542 2556 et
2575 2516 2767 2556 eorum
2799 2503 3089 2559 facultates
3120 2505 3429 2570 maledictis
3452 2520 3639 2570 vexas,

2057 2591 2350 2658 speluncas
2383 2603 2438 2648 et
2478 2593 2654 2649 lustra
2704 2594 2883 2651 ferina
2935 2595 3372 2667 cognominans,
3405 2609 3637 2665 quorum

2055 2694 2226 2746 opera
2261 2683 2520 2739 maximis
2547 2683 2743 2740 affecta
2782 2686 3070 2742 beneficiis
3102 2687 3175 2741 ita
3218 2689 3435 2756 ingrato
3468 2695 3523 2740 et
3544 2685 3644 2739 im-.

2057 2776 2288 2829 memori
2345 2779 2533 2832 animo
2580 2762 2914 2837 es?Nonne
2970 2779 3222 2836 discendi
3263 2781 3473 2836 artibus
3523 2789 3644 2832 tan-

2058 2881 2223 2934 quam
2257 2869 2542 2936 pontibus,
2585 2880 2643 2925 ut
2674 2872 2743 2926 ad
2779 2888 2867 2928 res
2897 2873 3355 2945 contemplandas
3391 2888 3512 2944 qua:
3541 2870 3642 2926 sub

2061 2958 2482 3027 intelligentiam
2523 2963 2798 3020 duntaxat
2825 2969 3032 3022 cadunt
3057 2967 3376 3037 trajiciaris,
3415 2981 3515 3029 usa
3537 2980 3595 3021 es
3618 2965 3642 3018 ἲ

2061 3051 2314 3117 Quonam
2356 3064 2519 3124 pacto
2550 3072 2652 3112 eas
2691 3057 2851 3114 initio
2881 3059 3003 3115 sine
3036 3059 3178 3115 meis
3209 3059 3464 3116 sensibus
3496 3072 3644 3113 com-

2065 3158 2320 3214 par-asses
2338 3134 2886 3222 l'Arithmeticamgne
2933 3161 3030 3207 aut
3081 3153 3455 3207 harmonicam
3483 3151 3646 3205 disci-

2062 3239 2268 3307 pliuam
2305 3240 2599 3312 habuisses
2638 3260 2908 3315 unquam,
2956 3246 3064 3300 nisi
3101 3245 3251 3301 auris
3304 3245 3643 3310 exstitisset;

2061 3343 2130 3382 an
2181 3345 2538 3397 numerorum
2577 3335 2989 3404 proportiones,
3027 3346 3122 3392 aut
3151 3336 3646 3408 geometriam,aut

2062 3423 2460 3492 astrologiam,
2511 3427 2617 3482 nisi
2679 3427 2865 3483 lumen
2913 3429 3198 3484 oculorum
3233 3427 3541 3484 eluxisset?
3578 3442 3643 3481 an

2061 3513 2374 3568 doctrinam
2411 3518 2476 3572 de
2508 3517 2762 3589 pulsibus
2795 3528 2850 3575 et
2901 3520 3157 3575 medendi
3189 3520 3473 3588 scientiam
3497 3560 3514 3585 ,
3543 3519 3647 3573 nisi

2061 3609 2318 3677 tangendi
2350 3619 2404 3664 et
2431 3613 2685 3680 gustandi
2726 3628 2924 3670 sensus
2960 3614 3055 3670 tibi
3081 3614 3225 3669 viam
3265 3611 3646 3685 patefecisset?

2062 3699 2196 3756 Meis
2236 3702 2404 3770 igitur
2435 3703 2692 3758 sensibus
2740 3705 2970 3773 ablatis,
3005 3705 3116 3762 tuis
3159 3707 3442 3761 convulsis
3476 3705 3650 3775 ponti-

2063 3794 2202 3860 bus,
2252 3795 2383 3865 quid
2446 3796 2542 3860 tibi
2614 3797 2894 3868 reliquum
2955 3799 3105 3853 aliud
3163 3800 3426 3869 supersit,
3487 3811 3648 3867 quam

2065 3889 2255 3955 humi,
2288 3900 2342 3944 et
2374 3890 2519 3944 inter
2555 3905 2644 3946 res
2685 3892 2978 3946 sensibiles
3019 3891 3292 3956 volutari,
3322 3889 3406 3945 vel
3438 3906 3505 3945 ne
3552 3891 3649 3945 has

2065 3983 2288 4054 quidem
2342 3983 2396 4037 in
2428 3993 2604 4038 totum
2644 3985 2937 4055 attingere,
2973 3999 3154 4054 neque
3186 3992 3456 4054 quantum
3491 3992 3649 4036 terra:

2066 4072 2438 4131 meditullium
2473 4086 2557 4132 est
2583 4117 2598 4142 ,
2633 4077 2744 4132 vita
2784 4077 3060 4132 sentiendi
3096 4085 3349 4154 compote
3382 4075 3527 4142 frui,
3557 4075 3648 4131 sed

2065 4169 2184 4225 sola
2221 4169 2269 4223 si
2307 4186 2392 4226 res
2429 4169 2503 4224 ita
2565 4168 2743 4235 ferat,
2773 4170 3088 4239 plantaria;
3123 4178 3176 4223 et
3225 4179 3339 4223 tum
3375 4183 3503 4223 vere
3553 4167 3651 4222 sub

2066 4270 2483 4337 monumentum
2514 4276 2900 4332 carceremque
2931 4275 3135 4316 caecum
3158 4258 3396 4324 defossa,
3413 4260 3650 4314 materiae

2068 4354 2330 4412 sordibus
2395 4356 2724 4423 submersa,
2760 4365 2816 4410 et
2877 4353 3165 4425 profundae
3224 4352 3430 4422 illigata
3498 4350 3650 4418 laici,

2070 4461 2274 4502 caream
2329 4446 2488 4516 talpae
2559 4456 2658 4501 aut
2708 4446 3017 4518 cujuspiam
3077 4445 3438 4516 plantaminis
3485 4444 3651 4498 vitam

2070 4539 2283 4601 trahas.
2331 4554 2421 4595 ne
2473 4539 2678 4606 solum,
2737 4549 2795 4594 ut
2843 4540 2962 4608 ipsa
3022 4539 3231 4594 comice
3283 4536 3606 4606 perstringis
3636 4575 3652 4601 ,

380 4627 640 4704 indecore
675 4645 932 4701 lascivit:
970 4642 1167 4699 deinde
1210 4643 1283 4698 ob
1314 4643 1419 4698 hoc
1466 4639 1843 4697 voluntarium
1878 4639 1964 4693 in-
1994 4660 2043 4719 ι)
2070 4643 2314 4690 ostreato
2387 4633 2713 4706 indumento
2783 4629 3176 4686 circumdata?
3214 4627 3369 4683 Nunc
3435 4643 3564 4683 vero
3606 4635 3654 4680 te

377 4744 682 4799 fortunium
724 4741 792 4796 de
845 4755 906 4795 se
937 4747 1260 4808 conquesta,
1298 4751 1526 4807 suaeque
1584 4733 1966 4802 deploratione

377 4836 707 4893 calamitatis
738 4833 1018 4899 defuncta,
1043 4830 1178 4886 mihi
1206 4829 1416 4885 crimen
1447 4820 1685 4882 intentat
1717 4833 1771 4880 et
1794 4824 1968 4878 malo-

377 4947 499 4986 rum
535 4943 756 4984 causam
789 4911 1060 4991 attribuit,
1089 4934 1165 4989 ct,
1191 4932 1251 4978 ut
1287 4921 1508 4986 videtis,
1535 4933 1727 4994 ptenas
1757 4917 1963 4989 exigit;

381 5042 447 5083 ac
496 5021 766 5079 conviciis
792 5033 1107 5089 aspergens,
1129 5015 1262 5088 quid
1290 5030 1399 5084 non
1433 5013 1488 5068 in
1523 5004 1610 5068 me
1635 5011 1928 5068 cavillatur
1948 5051 1965 5079 ,

380 5106 511 5194 quid
547 5107 661 5174 non
688 5116 880 5171 irridet
907 5097 931 5168 ?
961 5113 1294 5197 Sepulcrum
1326 5124 1414 5164 me
1444 5093 1640 5172 vocat,
1675 5095 1927 5162 catenam
1950 5144 1965 5171 ,

379 5217 571 5273 faecem
603 5215 791 5275 imam,
821 5219 876 5264 et
907 5225 974 5264 ex
1005 5205 1324 5264 Chaldaicis
1357 5201 1541 5274 nugis,
1573 5203 1819 5258 materia:
1849 5216 1968 5284 sor-

380 5293 478 5365 des
538 5318 593 5364 et
650 5293 1023 5379 quisquilias,
1069 5301 1282 5357 dolium
1352 5306 1684 5382 pertusum,
1720 5311 1965 5352 crucem.

377 5404 544 5474 Atqui
590 5402 635 5458 si
668 5416 800 5459 vere
833 5413 957 5454 sum
1016 5410 1119 5466 ego
1174 5402 1594 5478 monumentum
1620 5433 1640 5478 ,_
1673 5393 1765 5474 qui
1807 5393 1866 5446 lit
1912 5400 1972 5472 ut

380 5513 490 5552 non
524 5496 655 5550 huic
701 5492 1063 5570 persuadeam
1097 5489 1164 5563 ad
1224 5489 1316 5542 Dei
1349 5486 1766 5570 similitudinem
1819 5487 1971 5542 elfic-

382 5570 493 5648 tam
548 5567 793 5643 mortem.
833 5567 1081 5660 studiose
1128 5578 1417 5658 meditari,
1449 5580 1544 5634 sed
1589 5567 1666 5634 ad
1706 5579 1969 5642 delicias,

380 5662 526 5755 quod
556 5683 652 5747 ait,
674 5665 987 5750 pertraham
1010 5676 1033 5728 ?
1059 5675 1103 5730 si
1141 5676 1466 5745 catena,qui
1501 5675 1558 5728 fit
1591 5683 1648 5729 ut
1680 5690 1790 5728 non
1823 5689 1972 5728 com-

382 5765 709 5856 printens'a
764 5771 1040 5843 peccando
1093 5768 1531 5836 cohibeam,sed
1567 5769 1633 5823 ad
1676 5767 1970 5823 nefandam

381 5868 596 5926 inertia:
627 5866 900 5921 licentiam
933 5863 1274 5934 corripiant?
1309 5864 1438 5929 Quae
1461 5873 1655 5918 catena
1685 5877 1794 5917 non
1819 5869 1970 5916 arcet

385 5963 454 6041 ab
483 5959 688 6034 injuria
726 5971 780 6018 et
815 5957 1112 6028 maleﬁcio,
1131 5957 1226 6018 sed
1260 5973 1326 6018 eo
1355 5959 1599 6017 vinctum
1626 5955 1712 6014 vel
1733 5956 1967 6017 invitum

2075 4739 2227 4786 certe
2266 4729 2648 4784 caecutientem
2690 4727 2759 4782 ab
2789 4735 2913 4781 ortu
2943 4726 3010 4779 ad
3041 4722 3484 4793 cognoscendum
3524 4737 3653 4778 ocu—

2073 4822 2242 4896 latam
2287 4819 2416 4887 feci,
2458 4819 2526 4874 ad
2559 4817 2960 4889 philosophiam
3007 4815 3253 4880 “admovi,
3290 4825 3341 4870 et
3371 4814 3652 4885 degustato

2075 4903 2307 4980 lumine,
2342 4931 2440 4986 per
2471 4915 2652 4984 ipsum
2692 4921 2752 4966 ut
2803 4921 2961 4966 terrae
3011 4909 3456 4973 concretionem,
3489 4907 3651 4961 maris

2078 5009 2437 5072 refusionem,
2469 5007 2596 5063 cmli
2648 4989 3152 5078 conglobationem,
3185 5013 3239 5058 et
3290 5002 3470 5056 omnia
3535 5014 3652 5070 quae

2077 5113 2210 5160 sunt
2271 5105 2326 5159 in
2374 5103 2516 5159 cmlo
2573 5085 2841 5157 miracula
2877 5109 3142 5176 tanquam
3193 5097 3250 5151 in
3306 5094 3529 5166 speculo
3567 5096 3672 5168 ἱιι-⁵

2078 5187 2334 5265 tuereris,
2367 5196 2618 5252 concessi
2657 5204 2873 5264 :utque
2919 5192 3171 5263 partibus
3207 5189 3470 5244 omnibus
3521 5201 3652 5241 con-

2077 5295 2298 5365 cordem
2342 5299 2696 5354 concentum,
2731 5272 2842 5359 qui'
2880 5284 3249 5358 ineli‘abilibus
3287 5282 3443 5337 sonis
3493 5278 3652 5349 ορὶῆ-

2079 5403 2198 5442 cem
2228 5385 2541 5441 conclamat
2569 5380 2902 5443 exaudieris,
2931 5387 2986 5432 et
3023 5392 3092 5432 ex
3126 5389 3311 5430 rerum
3344 5382 3648 5428 creatarum

2081 5478 2498 5550 magnitudine,
2546 5457 2993 5546 pulchritudine,
3055 5468 3325 5524 concinna
3381 5466 3654 5525 motione,

2080 5589 2312 5631 movens
2357 5556 2492 5627 illud
2547 5567 2876 5635 immobile,
2911 5574 2968 5620 et
3032 5565 3273 5635 primum
3338 5569 3394 5615 et
3450 5555 3657 5628 ipsissi-

2080 5685 2230 5723 mum
2289 5670 2494 5720 bonum
2543 5660 2861 5726 informavi,
2902 5665 2956 5711 et
3014 5657 3080 5711 ad
3123 5655 3283 5724 cujus
3323 5648 3653 5719 exemplaris

2080 5759 2326 5831 primarii
2379 5756 2669 5827 imaginem
2711 5754 2851 5809 facta
2893 5751 3082 5816 fueris,
3111 5747 3428 5826 memoriam
3493 5754 3654 5797 reuo-

2081 5854 2214 5912 tavi.
2240 5851 2407 5922 Atqui
2450 5853 2556 5906 hoc
2613 5845 2938 5919 praeclarius
2977 5841 3108 5922 quid
3147 5840 3315 5895 menti
3366 5834 3538 5909 possit
3567 5846 3658 5888 ac—

2077 5930 2298 6018 cidere,
2335 5959 2500 6018 quam
2557 5959 2622 6003 ex
2658 5942 2725 6002 iis
2755 5956 2878 6013 qua:
2907 5937 3046 5999 meis
3063 5921 3332 5999 sensibus
3389 5931 3654 5990 hauriun-
