3988 6460
370 436 480 503 985

1699 443 2276 506 PROSOPUPfEiE.

3505 440 3614 510 986

377 564 489 618 tur,
553 551 720 607 Deum
783 552 1070 622 reperire?
1143 553 1253 608 Nec
1310 554 1488 610 solum
1560 555 1637 610 ita
1703 571 1802 625 per
1858 561 2308 630 meAsuhjectis
2345 560 2638 616 incudibus
2683 559 3124 627 obstrepentibus
3173 555 3483 610 fabricare:
3517 562 3611 610 aut

375 644 614 714 primum
667 642 733 696 ad
804 643 972 697 Deum
1032 643 1319 709 ascendit,
1377 644 1471 699 sed
1526 645 1690 699 etiam
1741 661 1774 700 a
1833 645 1943 699 Deo

374 735 656 798 delabens,
693 749 760 790 eo
808 750 903 804 per
959 751 1045 790 me
1079 753 1298 791 rursum
1336 737 1494 791 redit.
1527 737 1664 791 Nam
1714 752 1810 808 per
1858 752 1946 790 me

374 827 674 897 ptenitendi
722 835 777 881 et
829 827 1044 881 veniam
1081 827 1407 897 impetrandi
1459 827 1638 882 lucum
1693 827 1941 892 invenit;

375 917 424 972 si
464 918 610 972 enim
666 931 696 970 a
751 930 839 971 me
878 917 1151 985 disiuncta
1193 927 1246 970 et
1287 925 1440 970 extra
1505 931 1703 986 corpus
1758 915 1944 978 fuerit,

376 1024 445 1065 ne
507 1007 774 1077 paenitere
827 1007 1047 1075 quidem
1113 1007 1321 1077 peccati
1376 1007 1608 1076 primum
1641 1006 1942 1074 potuerit,

378 1112 435 1154 ut
498 1115 672 1167 neque
746 1100 838 1168 qui
892 1099 1212 1154 deciderunt
1291 1099 1507 1168 angeli;
1589 1112 1736 1152 nunc
1805 1109 1936 1150 vero

377 1207 499 1245 mea
540 1192 851 1262 conjugatio
893 1191 996 1244 hoc
1028 1205 1248 1260 quoque
1275 1190 1475 1245 bonum
1514 1190 1564 1244 ei
1605 1190 1795 1260 largita
1831 1194 1934 1243 est.

376 1284 624 1351 Quantas
658 1285 815 1336 enim
849 1294 902 1338 et
948 1295 1301 1352 quotcunque
1347 1282 1711 1350 turpitudines
1763 1296 1948 1351 asper-

379 1377 549 1441 serit,
589 1391 667 1432 ea:
703 1376 838 1430 meis
895 1375 1188 1431 sudoribus
1219 1375 1510 1440 eluuntur,
1535 1383 1590 1428 et
1643 1375 1764 1428 niVe
1819 1388 1948 1428 can-

379 1469 562 1523 didius
595 1467 975 1522 clat'ilicantur
1007 1485 1022 1532 ;
1058 1482 1183 1520 nam
1231 1481 1396 1536 supra
1449 1465 1672 1520 herbam
1728 1478 1945 1519 omnem

379 1555 738 1619 abluentium,
776 1564 830 1610 et
873 1565 1072 1623 prmter
1109 1555 1330 1623 hyssopi
1378 1554 1630 1622 quamvis
1671 1556 1946 1622 aspersio-

381 1662 506 1710 nem
557 1653 738 1701 exStat
791 1661 854 1700 ea
900 1661 1022 1715 quae
1075 1646 1269 1701 diffluit
1314 1661 1344 1702 e
1380 1648 1550 1709 meis,
1585 1657 1644 1700 ut
1697 1645 1812 1714 ipsa
1867 1646 1947 1699 di-

382 1740 560 1804 xerit,
601 1738 879 1808 speluncis
905 1777 922 1802 ,
959 1750 1018 1792 ut
1047 1732 1181 1818 ego,
1220 1738 1466 1794 fontibus
1505 1737 1794 1808 pellucidis
1817 1776 1832 1799 ,
1866 1736 1947 1789 la-

381 1849 608 1904 cryma,
663 1832 874 1898 inedia,
933 1830 1084 1886 humi
1138 1831 1357 1886 cubitus
1411 1831 1726 1900 praedurus,
1791 1828 1946 1883 ﬂexis

383 1927 610 2000 genibus
659 1924 974 1992 deprecatio
1003 1961 1021 1985 ,
1058 1923 1113 1977 in
1145 1924 1398 1991 precibUs
1434 1922 1610 1976 defixa
1646 1921 1942 1976 immobili—

387 2028 470 2074 ter
521 2024 950 2084 constanterque
994 2015 1260 2079 intentio,
1297 2013 1531 2082 pectoris
1562 2014 1844 2082 percussio
1867 2053 1882 2076 ,
1920 2027 1951 2067 c

384 2114 606 2176 pectore
655 2105 915 2175 prodiens
946 2104 1130 2171 gravis
1184 2103 1388 2165 fumus,
1427 2103 1710 2158 interioris
1739 2102 1953 2157 inﬂam-

385 2197 645 2254 mationis
684 2195 970 2258 indicium,
1004 2195 1220 2265 aliaque
1261 2211 1326 2249 ex
1358 2195 1559 2264 quibus
1600 2195 1954 2264 multipotens

385 2288 690 2370 pmnitendi
751 2288 1012 2343 miscetur
1062 2288 1545 2342 medicamentum.
1576 2286 1682 2342 Tot
1722 2300 1954 2340 numero

383 2380 658 2444 honorum
713 2379 839 2434 novi
868 2380 1162 2435 recondere
1220 2381 1506 2434 thesauros
1552 2393 1674 2447 ego,
1706 2393 1770 2430 ex
1807 2391 1959 2430 men-

385 2473 456 2530 tis
511 2486 646 2528 mea:
695 2470 973 2526 sententia
1035 2478 1435 2541 pertusum,et
1485 2469 1624 2524 nihil
1666 2468 1958 2546 continens
2017 2459 2030 2470 ’

385 2563 614 2622 dolium.

458 2653 565 2710 Sed
598 2654 776 2722 inepte
805 2651 1054 2709 fortassis
1085 2663 1137 2708 et
1161 2661 1357 2722 praeter
1380 2651 1638 2707 decorum
1688 2649 1831 2721 apud
1861 2663 1960 2704 vos

388 2747 593 2818 quibus
661 2745 788 2802 talia
846 2746 973 2800 trita
1025 2756 1190 2810 sunt,
1226 2745 1440 2814 singula
1497 2743 1725 2799 dicendo
1771 2757 1958 2814 perse-

387 2855 530 2911 quor
559 2856 576 2895 :
607 2838 798 2909 itaque
849 2837 1167 2894 summatim
1206 2845 1262 2891 et
1300 2836 1492 2906 paucis
1527 2836 1955 2897 ostendendum,

389 2933 538 3003 quod
578 2948 701 3003 qua:
731 2930 864 2985 mihi
895 2945 928 2986 a
962 2941 1145 2985 mente
1176 2928 1311 2984 vitio
1346 2936 1657 2994 vertuntur,
1687 2942 1752 2982 ea
1778 2927 1962 2996 potius

391 3039 590 3106 passus
643 3023 748 3078 sim
802 3037 966 3098 quam
999 3021 1224 3077 fecerim
1263 3036 1428 3090 ;quaa
1466 3029 1648 3074 autem
1692 3018 1834 3074 facio
1867 3033 1962 3072 na-

393 3128 516 3173 tura
544 3119 704 3180 duce,
735 3128 968 3184 quu'que
999 3113 1233 3168 conticio
1259 3113 1377 3168 hate
1413 3122 1562 3169 sunt.
1603 3110 1962 3180 Philosophia

2045 653 2274 724 guttulis
2305 668 2336 706 a
2371 663 2515 708 terra
2544 651 2944 706 exsudantibus
2972 650 3212 705 collectis
3232 657 3422 717 stagna
3443 647 3614 702 conti-

2047 760 2171 799 cere
2193 785 2208 807 ,
2233 753 2325 798 aut
2368 752 2558 798 contra
2609 758 2783 797 szevos
2844 751 3037 795 ventos
3063 781 3078 802 ,
3109 740 3354 794 furentes
3414 738 3612 792 fluctus

2047 837 2338 901 obluctari,
2371 849 2762 902 nonnunquam
2821 834 2985 887 etiam
3052 834 3106 884 in
3148 829 3476 900 profundum
3519 829 3615 882 de-

2047 944 2233 984 orsum
2285 940 2443 982 vcrso
2483 926 2694 993 capite,
2726 932 2922 976 natans
2981 929 3163 982 feror,
3220 929 3273 973 et
3307 919 3616 972 militariter

2047 1018 2335 1087 disiectum
2386 1025 2439 1068 et
2481 1014 2713 1071 scissum
2770 1013 2974 1068 ictibus
3031 1011 3284 1066 omnibus
3334 1009 3514 1072 obsto,
3545 1023 3615 1062 ne

2047 1111 2220 1165 dicam
2261 1108 2327 1161 ad
2365 1120 2500 1176 quas
2538 1106 2872 1160 exercendas
2921 1111 3068 1156 artes
3121 1118 3286 1155 vanas
3333 1110 3389 1156 et
3422 1102 3622 1158 inanes.

2047 1203 2098 1255 vi
2155 1210 2402 1256 coactum
2460 1197 2738 1262 instituor,
2773 1211 2896 1248 cum
2944 1194 3432 1264 prrestigiatOt-ibus
3458 1207 3613 1247 exse-

2047 1293 2268 1348 crandis
2306 1291 2585 1358 subjicior,
2616 1289 2918 1355 docent-que
2947 1287 3133 1340 funem
3169 1286 3428 1340 extremis
3463 1284 3611 1352 pedi-

2048 1386 2149 1438 bus
2199 1383 2464 1438 scandere
2510 1391 2565 1435 et
2621 1379 2937 1444 ambulare,
2972 1377 3229 1445 subjectis
3280 1376 3614 1446 pugionibus

2050 1474 2347 1544 tripudiare
2367 1511 2382 1537 ,
2417 1472 2595 1542 capite
2644 1471 2886 1525 demisso
2923 1469 3086 1525 salire
3107 1509 3121 1531 ,
3150 1467 3364 1536 lapillos
3398 1476 3450 1520 et
3481 1465 3611 1519 ferri

2048 1565 2348 1635 particulas
2405 1565 2710 1626 devorare;
2765 1570 2926 1630 atque
2991 1574 3172 1615 rerum
3203 1559 3275 1612 ita
3312 1557 3614 1611 difficilium

2049 1671 2212 1726 atque
2267 1655 2682 1718 miserabilium,
2710 1661 2765 1708 et
2816 1653 3024 1720 alioqui
3066 1663 3419 1720 operosarunt
3449 1661 3614 1716 quam

2050 1763 2161 1802 non
2217 1748 2248 1800 a
2296 1762 2462 1816 puero
2522 1745 2970 1800 exercitationem
3022 1740 3618 1808 conlicio?Vigentem

2051 1837 2323 1907 attingens
2390 1847 2606 1890 :etatem
2679 1851 2765 1888 me
2832 1835 3082 1904 pertinax
3133 1843 3186 1886 et
3266 1830 3617 1884 ambitiosum

2057 1940 2251 2002 priesto
2279 1945 2294 1995 ;
2327 1945 2445 1984 eam
2487 1928 2762 1984 excedens
2801 1936 3040 1992 aetatem,
3084 1925 3252 1979 nihilo
3305 1922 3498 1977 minori
3532 1938 3623 1974 co-

2057 2034 2185 2078 natu
2237 2023 2497 2088 elaboro;
2536 2019 2949 2074 corroboratum
2990 2027 3045 2072 et
3089 2031 3404 2076 senescens,
3467 2013 3625 2068 addi-

2057 2128 2214 2170 scere
2247 2129 2358 2166 non
2391 2127 2545 2166 ccsso
2584 2111 2744 2166 etiam
2780 2109 2923 2180 quod
2976 2107 3286 2176 excogitatu
3323 2104 3629 2174 sapientius

2057 2207 2303 2274 sitquam
2326 2218 2446 2274 quae
2464 2202 2694 2271 juvenes
2714 2201 3014 2267 moliuntur
3035 2217 3048 2264 ;
3067 2210 3120 2253 et
3139 2207 3201 2253 ut
3223 2199 3277 2250 in
3302 2196 3621 2274 universum

2057 2297 2260 2358 dicant,
2299 2293 2436 2347 nihil
2466 2301 2549 2347 est
2581 2291 2730 2368 quod
2791 2302 2909 2346 arte
2964 2290 3169 2360 parari,
3203 2287 3348 2357 quod
3379 2287 3630 2342 doctrina

2059 2386 2198 2440 tradi
2243 2385 2451 2453 possit,
2483 2384 2549 2438 ad
2604 2383 2749 2452 quod
2797 2397 2905 2437 non
2953 2381 3199 2436 adducar
3221 2419 3237 2444 ,
3270 2378 3405 2432 nihil
3435 2377 3593 2431 factis
3614 2417 3633 2440 ,

2059 2481 2198 2536 nihil
2261 2480 2423 2534 dictis
2487 2479 2654 2533 menti
2708 2477 2912 2532 volenti
2967 2490 3299 2546 repugnans,
3339 2482 3398 2526 ut
3454 2487 3631 2542 neque

2059 2576 2420 2632 animantium
2451 2573 2820 2644 subjugalium
2861 2581 2915 2626 et
2963 2571 3386 2626 inanimatorum
3421 2566 3654 2619 instrur

2061 2677 2371 2722 mentorum
2410 2663 2908 2732 obsequentissima
2963 2674 3214 2730 quicque.
3247 2659 3327 2711 An
3366 2656 3530 2712 etiam
3563 2652 3630 2706 ad

2061 2759 2310 2814 obeunda
2377 2754 2592 2810 virtutis
2645 2754 2856 2815 munia,
2909 2752 3018 2806 illis
3067 2751 3226 2819 longe
3274 2746 3629 2819 iucundiora,

2062 2851 2266 2916 facilia,
2296 2859 2505 2903 natura:
2556 2844 2932 2913 congruentia,
2966 2843 3216 2912 ineptum
3267 2847 3322 2893 et
3372 2839 3634 2891 adversa-

2065 2945 2231 3008 rium,
2261 2950 2315 2994 et
2375 2937 2542 2993 veluti
2611 2949 2944 3006 repugnans,
2979 2933 3328 2993 seditiosum,
3360 2927 3636 2983 hostiliter

2063 3048 2186 3088 sum
2236 3027 2540 3084 affectum?
2584 3029 2654 3080 At
2694 3027 2748 3081 id
2810 3025 2907 3079 tibi
2939 3021 3138 3078 dicenti
3187 3035 3294 3074 non
3350 3018 3637 3073 crederent

2064 3123 2263 3195 egregii
2300 3121 2534 3175 victores
2568 3119 2645 3172 illi
2676 3126 2944 3188 martyres
2966 3125 3019 3169 et
3049 3114 3104 3168 hi
3127 3113 3340 3181 judices
3371 3110 3633 3164 virtutum

394 3208 545 3263 enim
585 3223 678 3277 per
718 3222 882 3278 quam
941 3207 1008 3261 ad
1045 3206 1213 3260 Deum
1262 3205 1598 3269 attollimur,
1622 3204 1676 3258 in
1711 3210 1958 3259 contem!

2069 3217 2306 3271 cultores
2331 3251 2347 3277 ,
2378 3213 2469 3283 qui
2508 3226 2799 3282 corporum
2842 3207 3235 3264 certaminibus
3291 3205 3644 3273 incorporeo-

392 3299 690 3368 plationem
726 3306 778 3350 et
821 3295 1093 3350 actionem
1155 3303 1340 3360 secta,
1378 3293 1650 3363 siquidem
1705 3299 1956 3346 contem-

390 3388 681 3460 platricem
735 3401 797 3442 ea
845 3387 1012 3441 vitam
1047 3385 1427 3456 amplexetur,
1463 3399 1561 3454 per
1613 3397 1700 3437 me
1741 3392 1958 3436 natura:

393 3494 562 3549 opera
623 3477 918 3548 perspicit,
953 3486 1009 3532 et
1039 3491 1138 3546 per
1195 3474 1604 3540 disciplinarum
1653 3483 1848 3542 pontes
1893 3470 1962 3525 ad

392 3585 489 3624 cas
521 3584 609 3624 res
641 3583 763 3638 quae
792 3569 1002 3622 ratione
1052 3565 1429 3638 intelliguntur
1455 3565 1848 3620 transmittitur
1867 3603 1882 3627 ,
1909 3573 1966 3618 et

395 3673 698 3735 postremo,
731 3660 876 3731 quod
908 3659 1095 3725 aiunt,
1123 3659 1190 3718 ad
1235 3659 1411 3727 ipsum
1466 3656 1748 3726 theologia:
1797 3656 1962 3710 limen

396 3753 634 3809 volantlo
672 3751 1062 3822 conquiescit:
1091 3750 1174 3806 sin
1216 3764 1326 3818 prae
1372 3746 1776 3815 contemplandi
1829 3762 1966 3812 pon-

398 3848 582 3909 tibus,
613 3845 806 3917 agendi
852 3843 1054 3898 scalam
1112 3843 1300 3907 malit,
1340 3841 1426 3895 hic
1459 3841 1621 3894 etiam
1675 3839 1850 3908 magis
1880 3852 1968 3892 me

398 3937 683 3994 laboribus
760 3933 997 4004 propriis
1052 3931 1364 3996 aedificanti,
1423 3943 1616 3983 omnes
1687 3928 1964 3981 actionum

401 4030 600 4100 gradus
635 4026 865 4081 invenit.
895 4023 1104 4090 Dicam,
1135 4021 1283 4094 quod
1331 4020 1588 4076 omnibus
1621 4019 1850 4082 eminet,
1870 4033 1968 4086 per

402 4137 490 4176 me
531 4121 598 4174 ab
633 4117 840 4188 angelis
891 4116 1170 4186 paululum
1215 4113 1524 4169 diminutus
1581 4112 1786 4177 homo,
1829 4111 1972 4170 mul-

404 4225 517 4270 tum
565 4226 728 4281 supra
757 4209 980 4279 angelos
1015 4207 1238 4263 excellit
1273 4206 1433 4277 (quis
1472 4205 1619 4260 enim
1652 4203 1968 4274 angelorum

401 4305 578 4372 possit
611 4319 730 4373 qua.-
770 4301 917 4356 Deus
968 4315 1166 4370 passus
1203 4309 1326 4362 est,
1353 4308 1410 4354 et
1448 4307 1505 4352 ut
1535 4297 1701 4352 homo
1735 4304 1968 4350 mortem

404 4395 614 4452 imitari
664 4396 844 4467 potuit
867 4394 890 4448 3
916 4394 937 4463 )
967 4408 1062 4462 per
1114 4406 1203 4447 me
1253 4392 1440 4460 utique
1469 4405 1694 4454 cassum,
1733 4397 1971 4451 tortum,

403 4487 666 4541 laniatum
694 4527 709 4552 ,
739 4494 796 4540 et
823 4493 1102 4554 postremo
1154 4482 1316 4537 morti
1365 4482 1662 4546 traditum,
1693 4491 1748 4534 et
1783 4478 1972 4533 divino

2071 3318 2192 3356 rum
2251 3311 2479 3355 naturas
2541 3307 2894 3368 exsuperant.
2935 3295 3134 3350 Verum
3185 3303 3400 3363 tempus
3445 3301 3550 3357 εει,
3583 3301 3645 3345 ut

2069 3407 2257 3449 eorum
2295 3407 2416 3460 quae
2449 3389 2688 3444 diximus
2731 3402 2944 3442 summa
2990 3387 3170 3455 capita
3221 3399 3640 3452 recenseamus,

2071 3493 2127 3540 et
2165 3481 2560 3552 opportuniora
2587 3480 3126 3547 congruentioraque
3162 3491 3571 3546 percurramus.

2142 3574 2463 3629 Accusatrix
2501 3587 2619 3625 mea
2677 3585 2832 3623 mens
2886 3571 3136 3624 convicta
3186 3577 3292 3634 est,
3336 3568 3476 3622 nihil
3522 3566 3645 3622 sani

2071 3668 2208 3721 vitio
2239 3675 2475 3726 vertere,
2511 3664 2606 3718 sed
2643 3661 2845 3717 frustra
2894 3663 3181 3729 insurgere
3234 3661 3392 3724 mihi,
3425 3669 3479 3715 ct
3523 3674 3646 3728 qua

2074 3759 2350 3827 inculpata
2408 3764 2538 3811 sunt
2597 3753 2896 3809 accusandi
2945 3752 3128 3806 studio
3174 3761 3229 3807 et
3281 3753 3644 3818 calumniose,

2076 3864 2308 3918 quaeque
2339 3846 2472 3900 mihi
2510 3845 2958 3914 permittuntura
3011 3852 3230 3908 natura,
3259 3842 3498 3910 culpare.
3541 3841 3650 3896 De-

2078 3937 2332 3994 fensione
2389 3951 2510 3990 mea
2567 3931 2946 4003 comprobari,
2976 3931 3180 3986 nullam
3249 3941 3344 3985 aut
3387 3929 3646 3998 iniuriam

2075 4040 2172 4086 aut
2201 4027 2589 4086 contumeliam
2617 4041 2702 4080 me
2743 4025 2980 4080 dominae
3009 4023 3296 4089 famulum,
3316 4023 3650 4093 imperatrici

2079 4124 2411 4192 obsequens,
2445 4120 2872 4174 instrumentum
2913 4117 2962 4172 ei
3017 4131 3138 4186 quae
3169 4130 3268 4170 suo
3308 4130 3394 4169 me
3421 4116 3653 4170 arbitrio

2079 4222 2300 4277 utatur,.
2352 4211 2556 4264 inferre
2599 4209 2886 4278 potuisse:
2937 4207 3030 4261 sed
3087 4206 3259 4274 ipsam
3317 4205 3500 4274 potius
3549 4221 3650 4260 sua

2081 4302 2332 4360 socordia
2371 4308 2796 4370 torpescentem,
2832 4305 2886 4351 et
2926 4295 3299 4350 imbecillitate
3327 4296 3651 4350 mollescen-

2083 4409 2216 4460 tem,
2245 4394 2444 4449 malam
2473 4392 2703 4447 evadere
2737 4406 2752 4455 ;
2782 4398 2986 4444 etcum
3020 4390 3356 4457 Oportuisset
3389 4389 3654 4457 integere,

2085 4489 2228 4542 hanc
2255 4484 2421 4538 etiam
2457 4481 2648 4551 pmna's
2691 4480 2927 4549 exigere.
2965 4475 3010 4531 0
3043 4477 3423 4531 calamitosum
3466 4487 3519 4530 et
3549 4478 3652 4528 mi-

402 4578 622 4648 corpori
677 4575 990 4632 Servatoris
1031 4573 1436 4630 conformatum
1472 4573 1566 4631 :in
1601 4588 1711 4641 quo
1762 4579 1817 4625 et
1845 4584 1973 4639 pec-
2005 4582 2051 4638 1)
2087 4591 2272 4632 serum
2315 4589 2402 4630 me
2432 4575 2445 4627 ε
2475 4571 2608 4638 Quis
2650 4579 2855 4639 parcet,
2915 4569 3040 4636 quis
3097 4567 3466 4631 miserebitur,
3526 4582 3652 4619 cum

402 4679 586 4725 catum
635 4667 1039 4730 condemnavit,
1072 4666 1210 4719 utin
1237 4664 1394 4718 nobis
1440 4664 1534 4718 Dei
1562 4662 1775 4734 juStitia
1822 4676 1973 4715 com-

406 4761 663 4831 pleretur.
681 4758 962 4826 Quoniam
997 4767 1178 4813 autem
1213 4765 1268 4811 et
1322 4771 1478 4810 mens
1527 4754 1849 4810 sciscitatur
1904 4766 1974 4804 ex

410 4870 528 4919 me,
568 4853 788 4922 quando
853 4866 1072 4922 quaque
1122 4858 1284 4906 aetate
1333 4849 1438 4903 sibi
1491 4848 1800 4918 subjectum
1851 4857 1976 4898 esse

408 4946 640 5018 possint,
667 4960 768 5015 ego
805 4943 942 4999 nihil
1002 4949 1321 4998 cunctatum
1369 4942 1444 4994 ita
1496 4939 1818 5009 simpliciter
1884 4950 1978 4990 re-

411 5042 696 5111 spondebo
727 5059 743 5098 :
774 5038 1074 5109 Ecquando
1112 5050 1220 5092 non
1255 5049 1476 5104 possum
1499 5074 1514 5098 ,
1547 5049 1768 5104 quaque
1819 5039 1980 5092 aetate

404 5147 532 5190 sum
587 5132 974 5202 inobsequens,
1007 5131 1122 5198 ipsa
1157 5127 1274 5182 sive
1320 5126 1524 5182 bonum
1550 5163 1566 5190 ,
1600 5125 1716 5180 sive
1748 5138 1978 5194 pravum

407 5219 502 5284 sit,
529 5234 618 5274 me
665 5219 919 5274 ducendo
979 5225 1136 5273 vocet
1166 5216 1272 5270 ?ut
1308 5230 1377 5270 ex
1427 5215 1640 5269 artibus
1691 5214 1980 5285 perspicue

406 5313 603 5379 liquet.
633 5311 863 5366 Nactum
898 5309 1206 5364 litterarum
1253 5305 1554 5364 studiosam
1611 5317 1665 5361 et
1697 5314 1978 5361 amantem

413 5403 723 5459 honestatis
772 5411 1030 5471 mentem,
1070 5401 1394 5474 paedagogos
1436 5414 1676 5470 sequor,
1706 5399 1984 5470 magistris

415 5509 624 5566 pareo,
667 5495 721 5548 in
789 5495 996 5549 scholis
1047 5503 1104 5549 et
1145 5491 1436 5549 auditoriis
1498 5491 1718 5547 assideo
1747 5529 1764 5557 ,
1809 5502 1863 5545 et
1914 5491 1983 5546 de

411 5582 734 5638 liberalibus
761 5583 1067 5651 disciplinis
1103 5592 1160 5638 et
1187 5581 1455 5638 doctrinis
1487 5581 1619 5651 quid
1652 5581 1981 5636 inculcatum

415 5689 529 5730 non
557 5674 864 5756 εειςρτὶηιοῖ
894 5674 1110 5730 Rursus
1142 5689 1261 5729 sum
1301 5689 1402 5746 ego
1438 5684 1672 5728 mentem
1725 5687 1986 5726 exercen-

412 5767 504 5823 dis
538 5765 750 5820 artibus
805 5766 1164 5822 illiberalibus
1211 5777 1393 5835 aptam
1423 5764 1728 5820 sortitum?
1772 5763 1984 5820 Doceor

415 5859 615 5934 iterum
651 5859 940 5929 aediﬁcare,
971 5869 1067 5915 aut
1097 5858 1366 5930 lapidibus
1420 5866 1654 5928 struere,
1693 5865 1786 5914 aut
1835 5867 1984 5913 stans

2089 4673 2256 4730 etiam
2309 4678 2544 4740 cognata
2603 4681 2760 4722 meus
2813 4674 2869 4720 et
2927 4679 3139 4717 mecum
3205 4661 3498 4729 conjugata
3547 4678 3655 4716 non

2088 4752 2399 4826 miseretur,
2435 4773 2612 4829 neque
2647 4757 2784 4811 meis
2835 4751 3280 4809 amictationihus
3324 4750 3523 4805 referta
3567 4768 3658 4806 sa-

2090 4856 2254 4909 tietur
2279 4853 2303 4905 ?
2331 4851 2424 4906 sed
2454 4856 2651 4919 praeter
2685 4861 2748 4901 ea
2785 4860 2908 4914 qua:
2947 4858 3093 4898 nunc
3121 4842 3299 4911 patior
3319 4883 3333 4908 ,
3366 4853 3423 4897 et
3445 4842 3496 4895 in
3553 4859 3656 4912 po-

2085 4953 2292 5000 sterum
2323 4940 2500 5012 patiar
2545 4938 2666 5009 ejus
2691 4951 2894 5006 opera,
2922 4935 3149 5004 insuper
3183 4935 3333 4988 aliud
3366 4936 3658 4991 recentius

2086 5035 2392 5106 excogitat,
2443 5030 2864 5102 inquisitiones,
2907 5027 3029 5083 lites
3087 5036 3142 5080 et
3204 5027 3589 5083 contentiones
3638 5046 3658 5096 ;

2087 5126 2407 5190 tribunalia,
2438 5124 2588 5179 diros
2611 5131 2868 5187 tortores,
2889 5120 3049 5192 quasi
3083 5134 3190 5173 non
3233 5134 3295 5173 ea
3335 5136 3456 5189 quae
3489 5119 3656 5174 mise-

2090 5233 2212 5274 rum
2234 5217 2414 5288 patior
2434 5215 2550 5286 ipsa
2574 5221 2833 5284 peccante
2852 5209 3146 5268 sufficiant.
3172 5210 3264 5264 Dei
3288 5209 3659 5278 aequalitatem

2090 5311 2332 5366 fastuosa
2368 5306 2700 5378 concupivit,
2730 5313 2784 5358 et
2813 5304 2998 5360 statim
3033 5317 3133 5372 ego
3169 5301 3500 5356 mortalitate
3531 5317 3660 5356 sum

2091 5405 2474 5469 interceptum,
2509 5407 2564 5452 et
2595 5399 2663 5451 ad
2687 5395 2966 5466 pulverem
2998 5403 3226 5450 matrem
3257 5406 3608 5446 reversurum
3640 5409 3654 5446 :

2092 5509 2160 5547 ne
2199 5506 2322 5560 qua:
2352 5489 2544 5544 media:
2579 5486 2952 5541 interveniunt
2983 5483 3326 5541 calamitates
3355 5490 3410 5535 et
3459 5481 3662 5535 obsce-

2094 5586 2293 5638 nitates
2330 5595 2651 5646 memorem,
2685 5579 3012 5641 nuditatem,
3058 5573 3290 5630 ficulnea
3328 5572 3662 5634 velamenta,

2092 5687 2148 5732 et
2185 5674 2439 5730 coriacea
2484 5671 2829 5734 indumenta,
2863 5668 3238 5723 aculeatarutn
3295 5664 3580 5734 spinarum
3608 5671 3668 5718 et

2095 5764 2422 5819 tribulorutn
2466 5762 2638 5816 acies.
2682 5757 2887 5814 Invidia
2941 5771 3136 5812 rursus
3199 5746 3580 5830 cgnflagravit,
3609 5764 3668 5808 et

2095 5855 2228 5912 mihi
2264 5854 2390 5911 tabe
2425 5851 2756 5922 liquefactus
2835 5849 3016 5906 vultus
3082 5847 3364 5905 concidit:
3398 5847 3488 5903 ubi
3535 5858 3682 5912 vero,
