3988 6456
472 362 578 427 937

1712 371 2102 436 GREGORII
2140 344 2469 437 PALAM/i!
3584 392 3674 458 988

473 479 700 534 fratrem
747 494 913 534 exosa
975 478 1198 534 fratrem
1268 491 1355 538 est
1392 498 1527 540 ausa
1596 490 1897 556 trucidare,
1944 491 2467 562 egoAinbumanis
2523 491 2897 555 daemonibus,
2952 508 3226 561 exponor.
3290 494 3485 550 Mecum
3554 497 3678 553 hanc

471 573 654 629 statim
681 574 968 627 tremulum
1005 583 1059 629 et
1079 575 1485 643 queribundum
1504 594 1570 635 ac
1598 581 1858 651 imposito
1882 582 2045 654 signo

434 674 719 720 °notatum
755 677 807 719 et
851 665 1163 721 convictum
1205 668 1463 738 vagabar.
1498 671 1733 743 impegit
1787 689 1942 731 mens
1982 674 2037 729 in

471 758 892 826 legislationem.
919 761 1003 814 vel
1032 762 1398 830 praphetiam,
1431 763 1517 820 vel
1545 765 1842 821 sacerdotii
1864 765 2044 836 digni-

472 846 766 913 tatemfet
821 853 955 907 mihi
1010 855 1410 910 maledicentia;
1479 857 1746 928 supplicia
1813 858 2044 915 ﬁrmiter

469 947 809 1013 inhibentur,
845 962 910 1004 ac
937 949 1121 1004 statim
1150 951 1427 1019 leprosum
1451 951 1680 1007 eﬂicior.
1708 950 1830 1022 Ipsa
1850 953 2043 1021 angelo

471 1038 650 1094 fausta
700 1039 973 1095 nuntianti
1037 1041 1253 1108 diffidit,
1284 1050 1337 1098 et
1397 1058 1517 1099 mea
1579 1043 1763 1115 lingua
1824 1026 2045 1101 silentio

470 1131 856 1199 compeditur;
887 1131 1004 1186 haec
1042 1143 1163 1188 astu
1221 1132 1438 1187 ferninze
1474 1134 1629 1189 malm
1683 1136 1908 1205 decepta
1938 1144 2041 1200 est,

468 1230 525 1277 et
589 1238 692 1291 ego
746 1239 1017 1290 excaecor,
1068 1234 1124 1279 et
1178 1225 1233 1279 in
1284 1225 1579 1296 pistrinum
1640 1227 1926 1283 dctrttdor.
1982 1225 2041 1282 ιιι

466 1329 642 1383 pauca
703 1315 874 1371 multa
941 1316 1265 1372 contraham
1300 1327 1438 1373 :aut
1488 1333 1612 1376 sum
1667 1333 1792 1374 cum
1860 1326 2043 1374 mente

466 1407 778 1478 colligatum
803 1407 996 1463 humili
1028 1424 1092 1463 ac
1125 1408 1397 1468 illiberali.
1426 1419 1482 1467 et
1510 1418 1670 1466 nocte
1697 1410 1897 1479 dieque
1922 1424 2045 1467 sus-

468 1497 616 1554 tineo
678 1500 974 1556 continuos
1030 1501 1270 1566 labores,
1307 1503 1375 1558 ad
1424 1502 1802 1573 quotidianum
1857 1502 2040 1556 cibum

467 1603 707 1659 euntque
738 1604 963 1659 parcum
1014 1600 1070 1646 et
1123 1602 1366 1659 tenuem,
1410 1595 1476 1646 ad
1532 1593 1752 1658 laenam,
1785 1591 1868 1646 vel
1912 1592 2043 1647 sub-

467 1681 717 1737 strictam
744 1683 1041 1751 quamdam
1069 1692 1127 1739 et
1149 1684 1366 1739 brevem
1392 1685 1657 1752 tunicam,
1685 1685 1773 1739 vel
1797 1683 2042 1753 tegendis

468 1773 715 1827 humeris
748 1775 1003 1843 penulam
1045 1774 1472 1843 comparandam
1510 1784 1652 1830 :aut
1692 1791 1819 1830 cum
1869 1774 2040 1828 vitam

2147 583 2409 639 vitiorum
2434 584 2756 655 tragoediam
2793 594 2916 654 agat
2952 583 3039 638 ille
3071 585 3444 643 vocalissimus
3469 586 3677 657 Aposto-

2145 674 2255 738 lus,
2291 690 2433 745 quae,
2470 686 2654 731 mente
2682 690 2876 730 omnes
2916 676 3158 735 habenas
3211 685 3264 732 et
3290 676 3438 733 frena
3467 679 3679 747 laxante,

2146 767 2203 823 in
2240 782 2327 823 me
2376 765 2654 837 peccando
2702 767 2991 821 conferunt
3044 777 3370 827 scortatores
3419 770 3677 836 immanes,

2144 863 2200 912 et
2232 866 2505 928 quotquot
2539 868 2730 912 contra
2762 858 3036 914 naturales
3068 874 3200 915 usus
3230 860 3606 924 accenduntur,
3632 869 3680 915 ut

2146 963 2236 1004 me
2290 949 2594 1019 ignominia
2648 957 2841 1005 notent
2898 949 3155 1005 insolenti
3207 966 3221 1004 :
3276 964 3489 1019 quoque
3539 951 3681 1003 modo

2145 1039 2379 1109 pessime
2394 1039 2803 1109 corrumpendi,
2823 1056 2907 1094 mc
2931 1039 3190 1111 templum
3214 1039 3305 1094 Dei
3330 1051 3680 1109 corrumpunt,

2147 1144 2376 1200 meaque
2414 1131 2657 1185 membra
2689 1146 2810 1201 qua:
2837 1140 2966 1187 sunt
3021 1130 3229 1186 Christi
3260 1131 3518 1194 membra,
3548 1146 3683 1186 scor-

2147 1232 2327 1277 torum
2387 1223 2631 1277 tncntbra
2673 1222 2901 1278 faciunt.
2936 1223 3207 1279 Cancrum
3262 1239 3370 1277 non
3402 1222 3485 1277 bis
3550 1237 3684 1275 mins

2144 1315 2420 1377 nullorum
2462 1331 2570 1372 non
2621 1318 2886 1375 malorum
2933 1331 3141 1370 memor
3190 1325 3443 1371 contenta
3480 1322 3578 1377 est,
3606 1313 3684 1367 sed

2146 1422 2242 1463 vos
2270 1407 2496 1481 supplex
2550 1417 2704 1478 rogat
2729 1417 2785 1462 et
2828 1408 3246 1472 obtestatur,'ut
3287 1407 3389 1462 sibi
3436 1406 3686 1460 licentiam

2143 1499 2283 1555 dctis
2337 1500 2523 1559 utendi
2583 1515 2672 1555 me
2726 1514 2829 1555 suo
2879 1500 3141 1566 arbitrio,
3191 1498 3511 1568 torquentii,
3566 1496 3688 1551 fante

2146 1590 2394 1657 necandi,
2431 1590 2482 1645 in
2512 1592 2740 1647 exitium
2774 1590 2992 1647 Satanae
3042 1592 3315 1647 tradendi.
3346 1588 3526 1643 Nescit
3564 1589 3686 1642 enim

2145 1683 2386 1751 sapiens,
2421 1697 2481 1738 se
2515 1684 2675 1754 plane
2704 1683 3066 1759 desipientem
3120 1682 3176 1737 in
3205 1687 3271 1738 ea
3324 1680 3558 1736 incidere
3585 1694 3689 1749 qum

2147 1783 2272 1828 sunt
2336 1773 2389 1827 in
2448 1774 3050 1845 proverbio:Capram
3117 1773 3260 1829 ferre
3319 1788 3429 1828 non
3466 1786 3689 1841 possunt,

468 1866 852 1936 voluptuosam
918 1869 1307 1938 amplexante,
1359 1853 1632 1921 et'multo
1676 1865 2045 1921 deterioribus
2075 1868 2118 1922 Β
2148 1866 2281 1920 mibi
2310 1866 2502 1921 bovem
2535 1867 2819 1936 imponite.
2871 1865 3006 1922 Nam
3058 1866 3106 1923 si
3154 1880 3278 1935 quae
3328 1866 3380 1919 in
3443 1864 3589 1918 nobis
3632 1879 3687 1917 ex

469 1958 626 2012 malis
669 1957 901 2028 aliligo'r,
931 1960 1059 2013 dum
1097 1958 1331 2030 singulis
1364 1958 1514 2012 horis
1559 1957 1965 2028 inexplebiliter
1988 1959 2041 2011 in

464 2057 712 2102 ventrem
776 2048 1069 2112 intercior,
1118 2057 1173 2103 et
1204 2049 1512 2104 immodicis
1561 2049 1732 2112 cibis,
1786 2049 2040 2119 potibus,

467 2136 636 2191 rebus
666 2138 916 2192 venereis
938 2137 1224 2192 distendor
1253 2145 1313 2192 et
1342 2153 1566 2208 rumpor
1597 2154 1613 2206 ;
1638 2137 1881 2209 hincque
1912 2146 2047 2207 quot

466 2227 781 2282 morborum
811 2227 1128 2299 agminibus
1159 2227 1455 2284 obluctor!
1514 2230 1625 2284 Ant
1653 2230 1799 2285 enim
1838 2229 1905 2284 ad
1933 2228 2047 2284 lec-

466 2330 581 2374 tum
641 2319 1004 2385 decumbens,
1050 2331 1146 2377 aut
1206 2330 1266 2377 ut
1302 2322 1535 2377 attonita
1583 2322 1830 2392 quaedam
1884 2321 2044 2377 ruina

466 2412 786 2482 languesco,
816 2422 912 2467 aut
937 2412 1088 2469 t‘ehre
1136 2412 1496 2484 colliqnesco,
1525 2426 1622 2469 aut
1653 2413 2042 2485 articularibus
2086 2444 2097 2453 -

463 2503 670 2558 morbis
703 2505 898 2574 pedum
936 2504 993 2560 et
1041 2514 1305 2561 manuum
1346 2513 1648 2577 torqueor:
1682 2514 1797 2561 tum
1825 2513 1880 2561 et
1913 2520 2043 2560 car-

461 2581 985 2653 nilicibus'medicis
1039 2598 1399 2654 mercenariis
1445 2597 1753 2654 curandum
1799 2599 2043 2654 medica-

462 2683 660 2740 mentis
675 2692 730 2741 et
746 2683 1093 2754 laniandum,
1113 2702 1510 2760 nonnunquam
1536 2687 1703 2744 etiam
1736 2688 2041 2743 tortoribus

2143 1955 2462 2013 inordinata
2496 1961 2730 2014 materia
2783 1960 3136 2030 aegritudines
3191 1959 3684 2021 adnascuntur,eas

2143 2057 2205 2105 ut
2266 2050 2423 2107 decet
2478 2050 2869 2123 philosophum
2926 2066 3034 2106 non
3094 2049 3235 2119 fert,
3280 2050 3608 2121 indignatur,
3645 2057 3688 2101 et

2142 2143 2328 2213 gravia
2355 2157 2417 2199 se
2443 2143 2554 2214 pati
2612 2153 2836 2212 censet,
2879 2143 3013 2214 quid
3061 2160 3168 2199 non
3231 2151 3379 2200 esset
3412 2126 3606 2212 passa,
3650 2140 3688 2193 si

2142 2248 2362 2289 mecum
2398 2235 2476 2289 ira
2510 2236 2696 2291 divina
2748 2236 3090 2293 calamitates
3145 2234 3328 2290 illatas
3376 2232 3686 2303 accepisset,

2142 2326 2197 2381 ln
2230 2326 2376 2383 fastu
2423 2326 2611 2385 inﬂata
2647 2328 2916 2399 superbit.
2979 2325 3179 2383 Verum
3237 2328 3353 2382 haec
3409 2340 3474 2380 ex
3531 2332 3687 2378 vestro

2141 2416 2449 2488 dependent
2480 2419 2735 2485 arbitrio,
2760 2428 2814 2475 et
2843 2416 3112 2489 quidquid
3133 2416 3314 2473 visum
3345 2414 3493 2470 vobis
3523 2412 3687 2474 luerit,

2139 2507 2195 2564 in
2251 2524 2318 2565 eo
2381 2511 2760 2581 tanquam~in
2831 2510 3015 2565 divina
3069 2510 3363 2572 sententia,
3429 2515 3535 2560 tum
3586 2517 3689 2573 qua:

2138 2599 2409 2670 facienda,
2445 2610 2560 2659 tum
2592 2619 2717 2676 quas
2733 2618 2840 2659 non
2870 2602 3118 2660 facienda
3143 2603 3259 2659 sint
3278 2600 3582 2659 deliniente,
3605 2608 3688 2650 nos

2144 2708 2367 2765 quoque
2399 2696 2836 2768 acquiescemns.

1617 2944 1999 3011 JUDICUM
2048 2946 2549 3016 SENTENTIA
2563 2998 2578 3013 .

533 3077 759 3133 Vestras
791 3075 1081 3145 utriusque
1110 3074 1355 3131 vicissim
1387 3087 1513 3130 cum
1554 3073 1837 3131 orationes
1866 3074 2029 3130 audi-

464 3172 726 3236 verimus,
761 3178 935 3233 tuam,
968 3184 1127 3226 mens
1163 3168 1402 3225 rationis
1421 3169 1722 3239 particeps,
1758 3168 1906 3240 quod
1938 3168 2036 3225 tibi

461 3267 743 3325 subditum
773 3274 879 3329 est,
912 3271 972 3319 ttt
1001 3264 1424 3333 intemperatum
1450 3269 1505 3318 et
1526 3261 1851 3319 inobediens
1876 3276 2041 3317 accn-

2148 3079 2454 3149 perantiam
2502 3095 2755 3146 accusas,
2790 3090 2853 3137 ut
2883 3095 2952 3135 ne
2986 3080 3219 3151 tcipsam
3255 3074 3413 3150 quasi
3447 3087 3548 3130 non
3577 3068 3693 3126 insi:

2146 3174 2367 3242 pienter-
2394 3174 2718 3240 model-eris,
2745 3174 3065 3253 seddivino
3089 3173 3187 3228 tibi
3221 3185 3445 3227 munere
3485 3178 3686 3223 conces-

2147 3278 2272 3320 sum
2317 3264 2708 3322 administrum
2761 3274 3038 3336 perpetuo.
3079 3263 3481 3325 criminareris,
3525 3257 3691 3325 culpas

460 3361 639 3416 sentis
670 3377 687 3413 ς
722 3370 870 3413 tuam
902 3373 1123 3422 rursus,
1147 3371 1278 3427 pars
1323 3354 1495 3412 animi
1545 3356 1764 3412 ratione
1820 3370 2039 3421 carens,
2070 3389 2114 3449 ο
2147 3357 2293 3425 quod
2326 3357 2522 3415 merito
2549 3356 2884 3428 culpandum
2914 3372 3025 3413 non
3052 3365 3157 3411 est.
3177 3354 3266 3425 Ast
3294 3370 3401 3409 non
3432 3353 3692 3449 imperator

462 3450 810 3508 defendentis
836 3460 889 3506 te
916 3449 1053 3505 nihil
1071 3448 1394 3519 delinquere
1416 3447 1708 3503 utanimus
1728 3447 2043 3517 intelligens

465 3555 670 3599 temere
719 3542 1094 3601 calumniatur
1139 3556 1153 3593 :
1215 3540 1373 3595 nobis
1407 3547 1605 3595 autem.
1637 3539 1704 3595 de
1754 3538 2044 3608 utriusque

463 3636 815 3691 orationibus
845 3633 1076 3707 arbitria
1113 3630 1363 3687 iacienda
1392 3639 1542 3697 sunt,
1563 3638 1618 3685 et
1650 3627 2043 3684 controversiae

461 3728 737 3793 sedanda,
757 3743 826 3782 ne
852 3725 1055 3781 frustra
1087 3734 1334 3780 nostram
1351 3732 1401 3779 et
1415 3720 1824 3793 contemplandi
1855 3720 2042 3776 studio

461 3821 705 3876 debitam
749 3819 915 3874 vitam
949 3815 1442 3887 interruperimus,
1479 3815 1569 3870 hic
1597 3814 1878 3879 sedentes,
1925 3811 2040 3882 jam

458 3913 698 3967 dicimus
728 3926 851 3980 quae
879 3924 946 3964 ex
973 3908 1155 3976 longis
1210 3907 1608 3979 experimentis
1651 3914 1710 3961 et
1761 3920 1791 3961 a
1837 3904 2040 3961 divinis

459 4002 761 4073 Scripturis
798 4011 1055 4057 accurate
1081 4000 1404 4056 didicimus.
1456 3999 1612 4054 lianc
1662 3998 1851 4068 itaque
1909 4013 2041 4053 scn-

458 4096 690 4161 tentiam
721 4092 954 4150 ferimus
981 4109 996 4146 :
1027 4091 1090 4149 Si
1113 4094 1300 4149 carnis
1330 4105 1588 4156 sensum,
1611 4105 1645 4145 ο
1672 4105 1852 4154 mens,
1876 4105 2043 4146 accu-

456 4196 571 4245 ses,
598 4189 660 4235 ut
693 4181 863 4236 rebus
887 4179 1140 4235 honestis
1170 4192 1238 4233 ac
1289 4177 1478 4234 virtuti
1515 4177 1907 4234 consentaneis
1942 4179 2041 4234 ad.

457 4272 789 4336 versarium,
822 4281 877 4326 et
905 4271 1007 4327 tibi
1036 4269 1332 4326 obediendi
1362 4268 1650 4340 impotem,
1714 4269 2039 4340 imprudens

459 4367 516 4420 in
553 4364 987 4419 Manicltmorum
1045 4361 1708 4433 opinionemdelaberis;
1761 4362 2042 4418 existima-

459 4465 592 4515 runt
619 4457 768 4513 enim
825 4454 1147 4513 exsecrandi
1211 4453 1314 4521 illi,
1346 4453 1753 4526 intelligentem
1785 4452 2036 4507 animum

458 4548 735 4621 opiﬁcium
767 4561 891 4605 esse
923 4546 1079 4612 boni,
1109 4546 1344 4603 rationis
1380 4554 1686 4615 expertem,
1742 4542 1873 4598 mali
1903 4559 1918 4597 :
1979 4552 2037 4598 et

457 4636 665 4711 idcirco
699 4656 878 4714 neque
897 4643 1153 4698 virtutem
1184 4655 1497 4713 capessere,
1517 4646 1613 4694 aut
1641 4647 1796 4708 grata
1834 4644 1891 4689 et
1920 4636 2038 4705 opi-

2145 3444 2362 3510 doctor,
2394 3445 2658 3516 magister
2687 3442 3145 3515 cujuscunqueis
3179 3441 3376 3515 fuerit,
3412 3437 3507 3508 ipsi
3547 3432 3691 3490 ratio-

2145 3549 2273 3591 nem
2302 3536 2560 3603 reddunt,
2586 3544 2867 3607 etpaznas
2890 3535 3059 3589 luunt.
3094 3547 3296 3589 eorum
3338 3545 3476 3602 quae,
3506 3526 3590 3597 qui
3635 3520 3694 3576 ab

2145 3628 2282 3699 ipsis
2315 3629 2615 3697 ducuntur,
2649 3630 3044 3701 magistrorum
3081 3628 3297 3683 incuria
3329 3637 3490 3694 atque
3540 3615 3692 3688 negli-

2142 3722 2327 3792 gentia
2358 3723 2628 3791 peccant?
2650 3721 2707 3777 Id
2740 3737 2811 3778 ne
2841 3723 3121 3792 sapientes
3152 3720 3374 3791 quidem
3403 3724 3604 3772 exteros
3627 3710 3692 3762 la-

2143 3815 2251 3870 tuit
2275 3832 2292 3869 :
2316 3814 3080 3886 siquidemphilosOpltorum
3112 3812 3262 3884 apud
3294 3810 3419 3866 illos
3472 3804 3687 3877 quidanm

2143 3906 2553 3963 adolescentem
2586 3906 2950 3976 conspicatus
2980 3902 3360 3960 lascivientem
3405 3906 3458 3954 et
3490 3889 3693 3963 flagitio-

2144 4014 2292 4062 sum,
2322 3999 2531 4054 nullum
2563 3997 2621 4054 in
2639 4013 2766 4074 eum
2796 3996 3151 4065 maledictum
3173 3994 3428 4059 contulit,
3464 3989 3554 4045 sed
3599 3997 3689 4055 pa!-

2142 4092 2417 4163 dagogum
2450 4094 2750 4165 percussit,
2782 4091 3039 4163 inquiens
3066 4106 3082 4145 :
3126 4089 3275 4157 Quid
3306 4077 3692 4174 en‘imtaliade-

2142 4182 2280 4239 ces?
2313 4183 2411 4237 Sin
2444 4189 2631 4238 autem
2663 4181 2843 4244 dicas,
2875 4193 3134 4250 maguum
3167 4176 3323 4231 illum
3360 4169 3603 4227 Paulum,
3647 4169 3690 4215 in

2145 4277 2391 4347 Epistula
2424 4292 2591 4347 quam
2624 4275 2691 4331 ad
2723 4274 3006 4331 Romanos
3045 4268 3295 4339 scripsit,
3350 4275 3559 4322 carnem
3612 4267 3689 4347 ac-

2142 4346 2360 4429 cusare,
2385 4346 2511 4425 audi
2544 4367 2679 4438 quid
2703 4367 2852 4430 velit,
2879 4374 2937 4420 ct
2972 4363 3039 4418 ad
3071 4362 3203 4430 quid
3262 4360 3381 4414 haec
3425 4346 3688 4424 Apostolus

2144 4457 2426 4523 loquatur.
2456 4455 2592 4509 Nam
2618 4464 2748 4509 ante
2771 4452 2991 4509 Domini
3022 4451 3323 4507 adventum
3354 4458 3409 4502 et
3437 4454 3575 4496 mors
3600 4443 3692 4486 ter-

2141 4543 2323 4599 ribilis
2353 4551 2496 4607 erat,
2533 4542 2822 4605 terribilis,
2856 4548 2913 4595 et
2932 4539 3126 4595 mortis
3149 4535 3441 4606 imperium
3476 4524 3689 4617 habens:

2141 4644 2433 4705 propterea
2458 4642 2512 4688 et
2540 4633 2680 4702 apud
2716 4631 2915 4686 Isaiam
2940 4630 3160 4683 aiebant
3196 4642 3210 4678 :
3254 4644 3272 4678 ι
3299 4622 3530 4677 Edamus
3552 4620 3600 4666 cl
3622 4608 3665 4662 bi

460 4736 587 4793 licio
610 4736 758 4793 bono
786 4735 1169 4793 convenientia
1197 4735 1404 4792 sentire
1434 4745 1619 4803 posse.
1651 4728 1747 4783 Sin
1772 4727 1890 4797 ipsa
1923 4727 2029 4785 hoc
2062 4725 2104 4781 D
2132 4724 2351 4787 baturus,
2381 4737 2508 4779 cras
2530 4721 2679 4778 enim
2715 4720 3010 4775 moriemur
3041 4716 3085 4772 ³.
3133 4732 3155 4767 ι

459 4838 571 4886 non
587 4830 692 4896 ais,
723 4830 817 4887 sed
846 4829 1106 4887 ctIrenem
1137 4834 1193 4885 ct
1221 4827 1616 4896 obsequentem
1648 4820 1776 4889 ejus
1827 4820 2028 4879 intem-

538 4995 561 5035 ⁸
592 5006 697 5061 lsa.
732 5021 868 5073 uti,
903 5004 988 5060 l3.
