3988 6500
391 466 505 532 98:?

419 616 920 629 —_———-—_~»——_
950 617 1344 626 --ψ-...κη
1365 619 1378 622 --
1405 618 1433 622 .-
1461 616 1520 622 —~_-
1550 616 1682 622 ~~.__

1482 469 1658 530 VITA
1703 468 1770 537 S._
1803 465 2037 525 PETRI
2076 465 2515 525 ATIIONI'LE.

1717 612 1900 621 -_...__a__.
1909 613 2164 621 .....___._..__.

3434 533 3456 542 _
3541 465 3652 531 990

2427 613 2596 620 ...τ-*η
2607 613 2672 620 α.-

1010 637 1025 642 -
1043 634 1840 645 -ῂῂ-αωςῂ-σ-ο-ι
1855 634 1908 640 -ον
1916 631 2060 641 α---ι

1051 795 1514 970 VITA
1613 795 2304 970 SA‘NCTI
2408 799 3001 968 PETRI?

753 1299 1297 1395 AUCTORE
1407 1292 2028 1389 cuEGomo
2101 1258 3252 1388 THESSALON'ICENSI‘.

1967 1514 2040 1541 ενι

1163 1663 1234 1724 C.
1275 1655 1691 1724 JANNINGI
1718 1650 2411 1718 COMMENTARIUS
2461 1652 2879 1716 PRzEVIUS.

1458 1823 1600 1886 (Acta
1623 1822 1720 1873 SS.
1748 1815 1976 1870 Bolland.
1998 1815 2156 1874 Junii,
2185 1824 2224 1869 t.
2247 1819 2313 1880 ll,
2335 1821 2416 1871 die
2461 1821 2561 1884 12.)

385 1967 417 2039 ᾖ
453 1967 504 2021 Ι.
527 1963 920 2039 Cultus_sacer.
963 1959 1248 2039 Palaestra.
1283 1962 1436 2039 Ilione
1481 1957 1670 2010 Athos.
1721 1951 1952 2019 Tempus
1983 1943 2030 2005 Α
2061 1951 2237 2003 minus
2260 1953 2406 2006 omni
2448 1969 2512 2006 ex
2549 1959 2704 2022 parte
2752 1957 2906 2011 nobis
2934 1961 3153 2028 probari
3189 1945 3320 2016 Acta
3371 1961 3641 2034 Onuphrii

723 2032 779 2086 in
801 2047 864 2085 eo
897 2041 1098 2085 actum.
1134 2029 1248 2083 Iter
1282 2027 1601 2082 Romanum.

451 2151 504 2202 l.
537 2147 758 2218 Egimus
799 2145 902 2200 hoc
943 2145 1064 2214 ipso
1106 2142 1194 2198 die
1219 2143 1288 2197 12
1317 2142 1384 2197 de
1417 2147 1613 2195 sancto
1647 2134 1957 2205 Onuphrio,

385 2241 481 2309 qui
538 2240 590 2294 in
628 2240 865 2308 quadam
889 2236 1183 2292 solitudine
1229 2234 1449 2304 Egypti
1500 2234 1668 2288 vitam
1713 2231 1861 2285 solus
1899 2235 1952 2281 et

379 2335 595 2403 ignotus
637 2329 890 2385 omnibus
936 2328 1239 2383 diutissime
1289 2325 1595 2395 protraxit,
1636 2321 1959 2391 pauloaute

378 2430 611 2478 mortem
655 2437 686 2473 ι
728 2437 833 2476 non
875 2421 1092 2476 nemine
1120 2418 1378 2473 divinitus
1427 2419 1703 2476 inventus,
1757 2421 1960 2479 etpost

379 2523 608 2569 mortem
639 2513 908 2581 sepultus,
939 2525 1064 2566 cum
1105 2509 1375 2565 inventori
1411 2523 1514 2563 suo
1543 2507 1740 2563 seriem
1770 2521 1955 2560 rerum

378 2622 410 2662 a
441 2621 504 2664 se
535 2613 811 2676 gestarum
844 2614 1002 2660 antea
1027 2603 1324 2659 retulisset.
1343 2599 1608 2672 Typicnm
1643 2598 1830 2654 Sancti
1858 2597 1959 2652 Sa-

378 2702 485 2767 lue,
519 2693 764 2756 Venetiis
787 2715 933 2756 anno
966 2698 1109 2754 l602
1142 2699 1493 2766 impressum,
1523 2694 1808 2762 Onuphrio
1830 2708 1961 2748 con-

371 2792 560 2865 iungit
609 2795 822 2849 eodem
854 2793 943 2848 die
1005 2791 1352 2862 (crediderim
1403 2789 1474 2844 ob
1540 2785 1956 2842 similitudinem

379 2885 805 2949 anachoreseos)
831 2883 1076 2948 Petrum,
1103 2897 1132 2936 a
1163 2890 1349 2937 monte
1375 2879 1543 2945 Atho,
1568 2889 1728 2948 quem
1762 2876 1962 2946 longis-

375 2978 518 3033 simo
539 2977 764 3031 incoluit
798 2985 1063 3046 tempore,
1082 2973 1398 3029 Athouitam
1431 2971 1763 3041 appellatum
1790 2989 1805 3025 :
1830 2984 1961 3024 con-'-

370 3069 554 3139 jengit
586 3078 764 3123 autem
795 3076 1088 3138 utrumque
1119 3067 1206 3121 his
1245 3067 1426 3121 verbis
1455 3081 1470 3119 :
1505 3064 1600 3127 Εἰς
1623 3063 1724 3126 τὰς
1764 3060 1834 3132 ιβ’
1861 3059 1958 3113 τοῦ

373 3162 528 3214 ὁσίου
558 3161 774 3226 Πατρδς
800 3159 961 3229 ἡμῶν
998 3158 1346 3227 Ὀνουφρίου,
1387 3157 1484 3211 καὶ
1527 3155 1626 3210 τοῦ
1667 3154 1819 3208 ὁσίου
1848 3153 1965 3206 Ila-4

373 3251 501 3321 τρδς
548 3252 705 3320 ἡμῶν
757 3252 976 3321 Πέτρου·
1016 3249 1109 3303 τοῦ
1171 3248 1487 3302 Ἀθωκιίτου.
1526 3247 1627 3301 Die
1673 3246 1736 3300 I2
1781 3242 1956 3307 Iunii,

371 3345 544 3399 uncti
568 3342 750 3397 Patris
774 3345 940 3396 nostri
964 3341 1224 3411 Onuphrii
1241 3383 1256 3406 ,
1284 3352 1334 3396 et
1368 3343 1539 3395 sancti
1569 3340 1747 3394 Patris
1779 3340 1950 3394 nostri

372 3435 530 3490 Petri
584 3435 876 3489 Athonitw.
936 3435 1223 3489 Consentit
1275 3432 1625 3502 Horologium
1685 3431 1957 3496 Graecum,

372 3529 520 3598 quod
573 3528 762 3581 eadem
817 3527 1047 3581 totidem
1105 3525 1286 3579 verbis
1320 3525 1528 3589 relert;
1582 3534 1637 3578 et
1685 3523 1957 3587 Molanus,

375 3619 572 3673 unicus
623 3617 766 3685 quod
822 3618 990 3670 sciam
1032 3616 1176 3683 apud
1232 3615 1458 3671 Latinos
1519 3613 1954 3685 martyrologus,

376 3709 470 3777 qui
518 3708 636 3778 ejus
683 3708 1015 3762 mentionem
1053 3707 1206 3763 facit.
1255 3707 1390 3763 Cum
1413 3715 1592 3762 autem
1637 3707 1726 3761 hic
1763 3707 1955 3762 eadem

372 3801 597 3855 omnino
625 3799 816 3854 Latine
845 3800 1107 3870 proferat,
1135 3816 1254 3868 qua:
1285 3800 1486 3856 Menma
1521 3809 1575 3854 et
1605 3799 1955 3868 Horologium

375 3891 586 3954 Graece,
618 3905 680 3946 ex
709 3891 972 3945 alterutro
1012 3889 1230 3944 illorum
1267 3905 1364 3944 sua
1421 3889 1778 3944 transtulerit.
1813 3889 1961 3941 Mar-

376 3978 698 4048 tyrologium
738 3995 954 4050 quoque
1005 3979 1306 4036 Moscorum
1365 3979 1633 4048 Onuphrii
1693 3978 1856 4034 simul
1903 3986 1958 4031 et

375 4071 522 4126 Petri
585 4072 855 4138 meminit,
905 4073 1207 4142 eodemque
1264 4074 1352 4128 die
1396 4081 1452 4127 et
1501 4072 1554 4126 in
1609 4086 1715 4126 una
1759 4070 1956 4148 tabella

378 4173 677 4234 utrumque
703 4165 980 4234 proponit,
1004 4165 1504 4236 ﬁguratumeodem
1523 4179 1750 4234 prorsus
1769 4165 1953 4229 modo,

379 4255 435 4311 id
468 4268 551 4312 est
603 4267 788 4313 erecte
835 4267 1066 4324 stantes,
1100 4258 1310 4328 capillis
1359 4263 1474 4312 non‘
1505 4257 1797 4312 admodum
1831 4272 1958 4327 pro-

379 4346 587 4410 missis,
615 4346 786 4402 barba
818 4347 998 4415 ampla
1051 4361 1148 4415 per
1191 4354 1386 4417 pectus
1433 4347 1704 4403 deﬂuente
1734 4362 1956 4403 crurum

378 4447 560 4501 tenus,
595 4437 800 4493 circum
823 4436 1066 4492 verenda
1105 4436 1389 4493 frondibus
1419 4438 1656 4504 cinctos,
1695 4444 1954 4495 caeterum

375 4528 558 4587 nudos
582 4547 598 4584 :
628 4531 706 4585 uti
733 4529 918 4585 videre
936 4538 1022 4584 est.
1046 4529 1099 4584 in
1130 4529 1461 4586 Kalendario
1480 4531 1811 4597 Moscorum,
1831 4543 1958 4588 ante

2061 2042 2324 2105 diximus,
2352 2045 2610 2114 pleraque
2630 2046 2721 2098 hic
2759 2063 2864 2101 non
2893 2048 3162 2104 obtinent.
3195 2049 3366 2108 Notus
3391 2065 3474 2108 est
3493 2056 3640 2110 enini

2065 2143 2261 2189 auctor
2289 2134 2428 2191 Vita:
2457 2134 2627 2202 Petri,
2664 2139 2750 2193 vir
2782 2141 3030 2196 eruditus
3055 2152 3221 2211 atque
3269 2147 3644 2216 archiepisco—

2059 2239 2182 2294 pus,
2218 2228 2308 2295 qui
2343 2237 2398 2282 et
2431 2229 2590 2284 aliam
2629 2231 2756 2286 olim
2795 2231 3057 2300 scriptam
3091 2236 3264 2291 Vitam
3293 2247 3530 2294 testatur
3582 2255 3643 2295 se

2059 2319 2260 2375 vidisse
2300 2330 2354 2375 et
2399 2323 2700 2378 habuisse:
2758 2333 2938 2383 notus:
2980 2330 3135 2384 locus
3199 2332 3631 2400 anachoreseos,

2061 2424 2220 2465 mons
2251 2413 2447 2478 Athos,
2480 2417 2613 2470 nihil
2657 2419 2710 2472 in
2743 2420 2863 2474 Vita
2897 2421 3160 2478 audacius
3195 2435 3288 2479 aut
3317 2426 3642 2482 insolentius

2059 2499 2264 2558 dictum
2291 2507 2624 2576 scriptnmve
2647 2529 2658 2564 :
2683 2510 2815 2565 nihil
2852 2511 3136 2568 insolitum
3170 2525 3267 2569 aut
3291 2518 3642 2576 inauditum:

2060 2595 2194 2650 nihil
2221 2611 2284 2651 ex
2327 2601 2493 2654 variis
2523 2603 2967 2657 consarcinatum
2999 2623 3015 2660 :
3059 2607 3196 2661 nihil
3241 2611 3400 2662 alteri
3430 2619 3650 2666 contra-

2062 2687 2223 2752 rium,
2262 2690 2363 2744 nisi
2398 2689 2538 2746 forte
2578 2693 2632 2745 in
2668 2708 2898 2763 nurnero
2930 2710 3028 2763 per
3062 2709 3306 2752 errorem
3361 2701 3470 2756 tale
3513 2703 3643 2772 quid

2063 2783 2386 2850 reperiatur.
2433 2783 2703 2840 Convenit
2753 2788 2970 2856 quidem
3024 2787 3150 2844 Vita
3179 2792 3294 2846 haec
3344 2809 3467 2848 cum
3524 2794 3644 2851 Vita

2060 2874 2234 2926 sancti
2269 2873 2555 2944 Onuphrii,
2588 2878 2651 2932 de
2676 2893 2783 2945 quo
2836 2881 2994 2936 modo
3020 2922 3035 2946 ,
3089 2892 3144 2936 et
3189 2897 3394 2942 sancta:
3457 2886 3646 2946 Maria:

2061 2964 2412 3036 .Egyptiacaz,
2443 2970 2508 3024 de
2529 2984 2633 3038 qua
2672 2969 2732 3024 ll
2767 2973 2968 3038 Aprilis
2992 2977 3202 3045 egimus
3230 2999 3244 3046 ;
3275 2981 3418 3049 quod
3449 2996 3645 3039 omnes

2063 3059 2312 3114 nitantur
2355 3061 2514 3115 unius
2578 3062 2844 3118 duntaxat
2901 3066 3141 3123 hominis
3200 3072 3531 3128 auctoritate
3583 3090 3651 3130 ac

2065 3152 2349 3207 relatione.
2383 3153 2488 3208 Sed
2547 3155 2902 3226 Onuphriana
2937 3159 3066 3213 aliis
3100 3160 3315 3216 duabus
3352 3162 3455 3218 li'de
3507 3166 3648 3219 mul-

2069 3254 2183 3300 tum
2205 3248 2560 3317 cedit;quod
2617 3251 2883 3307 certiores
2932 3253 3399 3322 circumstantias,
3446 3259 3648 3313 certio-

2063 3351 2260 3406 resque
2289 3349 2540 3394 auctores
2570 3342 2651 3394 hae
2680 3335 2918 3397 habeant
2942 3359 3104 3413 quam
3132 3346 3242 3400 illa.
3280 3345 3448 3413 Quod
3475 3348 3644 3405 Maria

2062 3435 2117 3482 et
2144 3428 2340 3482 Petrus
2379 3429 2460 3482 bis
2508 3430 2714 3485 inventi
2754 3431 2961 3488 fuerint
3012 3436 3243 3492 diversis
3281 3441 3641 3507 temporibus,

2061 3516 2230 3569 semel
2265 3517 2394 3584 vivi,
2432 3519 2630 3574 iterum
2679 3525 2902 3586 mortui,
2931 3533 2986 3579 et
3031 3527 3228 3583 Petrus
3265 3530 3484 3597 quidem
3531 3533 3643 3602 jam

2059 3615 2306 3660 mortuus
2339 3621 2368 3660 a
2417 3611 2645 3667 testibus
2667 3623 2933 3683 quatuor;
2966 3633 3075 3671 non
3128 3619 3254 3673 item
3307 3621 3642 3692 Onuphrins.

2059 3695 2211 3762 Quod
2247 3699 2456 3754 illorum
2489 3703 2731 3772 reliquias
2761 3704 3010 3775 legantur
3068 3701 3373 3779 antiquitus
3411 3717 3647 3769 transla-

2059 3797 2147 3854 tae,
2185 3804 2250 3844 ac
2281 3793 2446 3845 certis
2476 3793 2610 3849 locis
2635 3795 2939 3852 honoriﬁce
2974 3803 3266 3857 reconditae
3281 3804 3642 3876 luissezquod

2060 3880 2126 3935 de
2147 3881 2516 3950 Onuphrianis
2562 3887 2740 3941 minus
2767 3900 2982 3946 constat

2129 3976 2182 4028 5.
2226 3975 2633 4035 Celeberrimus
2671 3991 2724 4034 et
2749 3981 2880 4036 olim
2925 3984 3025 4040 fuit
3075 3997 3125 4040 et
3163 4005 3306 4042 nunc
3364 4001 3448 4046 est
3486 4009 3642 4048 mons

2057 4063 2252 4129 Athos,
2283 4069 2533 4135 palaestra
2570 4070 2669 4124 viri
2703 4073 2918 4139 sancti,
2971 4076 3023 4130 in
3069 4079 3266 4134 llnibus
3314 4081 3642 4138 Macedonia:

2057 4157 2218 4223 situs,
2251 4159 2340 4215 ubi
2371 4160 2514 4216 inter
2539 4162 2714 4217 sinum
2745 4162 3148 4235 Strymonicum
3182 4171 3250 4224 ad
3303 4173 3638 4243 aquilonem,

2057 4259 2110 4305 et
2141 4249 2466 4320 Singiticum
2501 4254 2565 4307 ad
2603 4257 2912 4325 meridiem,
2949 4275 2972 4310 ‹
3007 4274 3116 4316 non
3147 4268 3544 4334 promontorio,
3582 4274 3647 4322 ut

2060 4342 2174 4406 alii,
2214 4358 2401 4398 verum
2443 4354 2589 4399 totus
2620 4358 2820 4414 exstat,
2851 4357 3076 4422 totoque
3121 4352 3287 4425 longe.
3319 4355 3483 4409 dorso
3521 4373 3646 4427 pro-

2059 4436 2201 4492 cedit
2232 4439 2283 4492 iu
2319 4438 2560 4507 pelagus,
2593 4459 2611 4491 ι
2653 4451 2709 4496 ut
2737 4441 2873 4498 Mela
2910 4443 3170 4514 loquitur,
3200 4462 3503 4517 paucorum
3529 4461 3645 4506 sta-

2060 4527 2272 4581 diorum
2321 4527 2526 4584 isthtno
2583 4532 2887 4586 continenti
2946 4534 3205 4604 junctus;
3260 4551 3367 4606 quo
3397 4541 3560 4593 etiam
3611 4558 3642 4595 a

379 4633 586 4678 [omnm
626 4622 877 4692 primum
938 4619 1088 4677 Maii,
1144 4623 1319 4690 Adde,
1382 4623 1582 4691 templo
1626 4638 1654 4677 ο
1709 4623 2028 4690 ﬁdelibusc
2064 4615 2272 4683 Xerxe,
2338 4619 2536 4673 bellum
2587 4619 2792 4676 Graecis
2847 4622 3134 4688 inferente,
3171 4627 3301 4680 olim
3356 4627 3600 4696 perfosso
3624 4649 3654 4697 ;-

376 4725 590 4772 structo
626 4713 975 4781 honoratum,
1004 4730 1190 4771 annuo
1222 4715 1361 4771 l'esto
1389 4730 1452 4770 ac
1483 4714 1664 4785 populi
1688 4729 1956 4770 concursu

376 4807 735 4870 celebratum,
768 4821 868 4861 nec
892 4819 997 4860 non
1035 4807 1314 4861 miraculis
1377 4807 1433 4860 in
1485 4806 1592 4859 vita
1639 4814 1804 4874 atquc
1836 4813 1958 4874 po'st

378 4908 610 4952 mortem
639 4897 845 4951 clarum
877 4896 1052 4953 fuisse
1081 4897 1301 4953 Petrum
1327 4935 1344 4963 ,
1373 4896 1450 4951 uti
1472 4905 1695 4953 constat
1732 4913 1800 4953 ex
1829 4897 1956 4952 Vita

377 5003 530 5040 num.
569 4987 660 5041 49.

448 5075 503 5129 2.
538 5075 698 5131 Hisce
727 5076 983 5146 permoti,
1014 5075 1374 5146 proponimus
1413 5084 1469 5131 et
1487 5091 1585 5132 nos
1608 5075 1711 5133 hoc
1731 5077 1850 5148 ipso
1869 5077 1958 5134 die‘

377 5170 622 5233 Petrum,
671 5177 729 5223 et
765 5167 986 5238 quidem
1019 5165 1315 5237 Onuphrio
1337 5167 1613 5238 (quamvis
1657 5167 1752 5223 illo
1788 5168 1958 5226 multo

376 5261 566 5330 iunior
592 5275 713 5316 esse
733 5259 948 5331 debeat)
975 5260 1221 5330 proxime
1243 5261 1592 5330 coniunctum
1632 5259 1798 5330 :quia
1822 5261 1954 5315 dum

380 5352 516 5406 nihil
550 5353 684 5408 certi
732 5354 798 5407 de
833 5362 1079 5422 tempore
1107 5367 1216 5422 quo
1241 5352 1462 5418 vixerit,
1503 5352 1659 5408 nobis
1693 5361 1954 5409 constat:

379 5443 468 5498 cui
500 5444 682 5512 potius
741 5458 864 5499 eum
918 5443 1340 5513 conjttngamus,
1367 5458 1530 5514 quam
1575 5444 1663 5500 cui
1710 5443 1986 5502 inetituto'

378 5532 505 5586 vita:
538 5546 800 5603 perquam
824 5532 1040 5597 simi-lis,
1083 5547 1148 5586 ac
1207 5545 1491 5603 propterea
1524 5535 1624 5592 abs
1670 5537 1957 5595 ritualibus

378 5622 536 5679 libris
577 5623 906 5693 coujunctus
954 5624 1144 5690 etiam,
1183 5635 1242 5679 ut
1283 5625 1538 5693 vidimus,
1571 5626 1709 5683 fuit?
1745 5629 1824 5684 Ex
1854 5629 1959 5685 hac

373 5723 562 5770 tamen
617 5715 976 5772 similitudine
1019 5717 1217 5773 vitaeet
1267 5719 1652 5788 conjunctione
1693 5722 1955 5778 Actorum

381 5808 586 5862 uctniui
617 5808 860 5878 suspicio
898 5809 1057 5865 debet
1097 5810 1254 5876 oriri,
1283 5812 1440 5880 quasi
1482 5829 1585 5882 par
1613 5813 1778 5869 etiam
1819 5814 1956 5871 ﬁdes

381 5901 668 5972 utriusque
697 5901 846 5958 Actis
873 5902 1174 5958 adhibenda
1210 5904 1298 5959 sit.
1343 5905 1479 5962 Nam
1512 5918 1827 5976 argumenta
1857 5924 1964 5965 cur.

2064 4709 2356 4778 veliﬁcatus
2401 4710 2584 4778 Athos,
2633 4715 2710 4766 uti
2752 4716 2897 4768 canit
2937 4718 3258 4780 iuvenalis,
3300 4729 3355 4774 et
3386 4735 3546 4777 mons
3574 4733 3646 4778 exi

2063 4803 2372 4870 peninsula,
2419 4804 2596 4859 insula
2630 4808 2898 4876 tantisper
2933 4809 3107 4863 factus
3142 4809 3264 4864 fuit.
3309 4811 3646 4870 Describitur

2066 4895 2207 4950 idem
2263 4897 2436 4952 Athos
2488 4898 2541 4950 in
2587 4895 2807 4954 Menaeis
2835 4897 2924 4956 die
2955 4900 2990 4954 5
3031 4897 3182 4966 Julii,
3219 4903 3310 4966 ubi
3341 4904 3408 4960 de
3447 4917 3660 4963 sancto-

2065 4985 2385 5052 Athanasio,
2412 4989 2580 5058 Ὄρος
2602 4988 2805 5059 ὑψηλόν
2829 5005 2891 5042 τε
2918 4989 3012 5042 καὶ
3043 4990 3339 5062 ἐπίμηκες,
3373 4997 3468 5048 ἐπὶ
3499 4997 3659 5051 πολὺ-⁸

2063 5077 2166 5146 τῆς
2197 5078 2472 5149 Θαλάσσης
2500 5079 2710 5151 διῆκον,
2735 5080 2810 5146 ὡς
2835 5081 3011 5152 αὐχήν
3029 5098 3115 5146 τις
3139 5084 3459 5152 ὑπόστενος.
3479 5087 3660 5144 Mons--

2067 5168 2209 5227 altus
2239 5180 2288 5224 et
2323 5173 2677 5243 pragrandis,
2713 5172 2872 5244 longe
2908 5175 3088 5246 spatio
3120 5175 3173 5230 in
3215 5193 3363 5233 matre
3393 5195 3660 5248 expone:

2066 5271 2204 5329 ctus,
2258 5248 2421 5318 veluti
2461 5273 2746 5335 angustum
2787 5263 3008 5332 collum,
3061 5282 3172 5337 qua
3209 5258 3372 5336 parte
3423 5269 3650 5328 scilicet‘

2065 5357 2368 5413 continenti
2405 5357 2787 5412 committitur.

2137 5449 2192 5504 4.
2233 5447 2310 5504 De
2348 5433 2784 5506 eodcm‘monte
2843 5451 3224 5522 religiosisque
3270 5452 3390 5522 ejus
3439 5453 3646 5512 incolis"-

2069 5541 2233 5596 multa
2260 5541 2608 5598 laudabiliter
2635 5551 2899 5598 memorat
2935 5544 3036 5598 sub
3071 5542 3285 5598 initium
3311 5547 3491 5599 saeculi
3534 5561 3651 5601 XIII"

2065 5635 2412 5690 Innocentius
2441 5633 2509 5689 Ill
2543 5649 2700 5705 papa,
2731 5634 2974 5690 scribens
3020 5633 3086 5688 ad
3133 5633 3652 5693 Sancti'Athanasii"

2067 5727 2245 5800 (cujus
2269 5725 2504 5782 nominis
2543 5725 2867 5797 praecipuum
2922 5725 3034 5780 illic
3084 5727 3474 5782 monasterium
3528 5733 3653 5797 est)

2066 5829 2400 5889 eaeterosque
2429 5818 2650 5873 abhates
2683 5827 2736 5871 et
2766 5816 3059 5871 monachos
3091 5813 3286 5872 Montis
3315 5821 3489 5873 sancti
3520 5815 3648 5876 sive

2069 5913 2218 5979 Athi,
2263 5926 2464 5981 eosque
2505 5910 2604 5965 sub
2653 5907 2797 5964 beati
2844 5906 2987 5963 Petri
3046 5915 3101 5965 et
3153 5923 3249 5966 sua
3298 5912 3644 5982 protectioue-
