3988 6504
451 432 550 496 991

1723 433 1768 491 G
1785 432 2112 492 REGORII
2157 431 2481 492 PALAM/E
3601 433 3696 498 99?.

437 549 741 616 suscipiens
791 563 853 602 ac
914 547 1194 617 privilegia
1240 545 1598 600 confirmans.
1640 545 1731 596 Sic
1771 544 1914 596 enim
1947 546 2017 596 ait
2055 551 2094 603 Α
2130 545 2356 599 nomine
2384 544 2683 598 Turcarum
2730 551 2962 614 tyranno
3007 539 3302 610 quotannis
3331 553 3399 595 ex
3446 540 3700 595 vinetisi-t

441 639 824 710 epistola-168
877 640 1000 693 libri
1056 654 1146 692 ινι
1190 654 1204 692 :

440 749 761 800 magnorum
803 733 1042 786 virorum
1072 741 1258 786 nostro
1303 739 1384 784 est
1412 726 1739 798 apostolatui
1773 725 2020 780 declara—

445 836 580 886 tum,
609 825 755 892 quod
791 825 877 877 ille
907 824 1000 893 qui
1036 833 1122 876 est
1165 837 1323 875 mons
1367 821 1564 874 domus
1611 815 1850 880 Domini,
1882 829 2023 883 prm-

441 926 662 982 paratus
703 915 754 968 in
797 915 1005 967 vertice
1049 911 1342 972 montium,
1381 922 1437 964 ut
1483 909 1548 962 ad
1595 923 1717 962 eum
1749 905 2026 961 confluant

438 1021 630 1058 omnes
685 1013 898 1072 gentes,
940 1004 1176 1058 Sanetus
1227 1001 1484 1056 videlicet
1539 1009 1880 1062 sanctorum,
1931 994 2022 1064 qui

441 1097 700 1151 Ecclesia:
746 1094 1101 1149 fundamenta
1144 1094 1199 1147 in
1229 1093 1436 1148 sanctis
1479 1090 1756 1145 montibus
1788 1087 2025 1142 colloca-

435 1189 545 1253 vit;
586 1196 824 1242 montem
855 1198 1122 1250 vestrum,
1161 1200 1326 1254 super
1368 1198 1520 1237 mare
1556 1183 1743 1247 situm,
1770 1181 1834 1234 ad
1869 1179 2026 1233 inha-

437 1277 722 1332 bitandum
752 1279 866 1346 suis
917 1280 1166 1334 ﬁdelibus
1190 1277 1490 1348 prmelegit,
1523 1275 1615 1345 qui
1651 1273 1903 1329 effectum
1935 1273 2021 1326 sui

437 1372 679 1425 nominis
701 1375 1016 1426 etnumiuis
1051 1374 1102 1425 in
1131 1387 1191 1426 se
1217 1370 1452 1434 habens,
1489 1370 1616 1423 licet
1646 1368 1834 1422 aridus
1864 1365 1937 1420 sit
1967 1373 2024 1418 et

436 1480 618 1530 asper,
669 1475 724 1519 et
783 1465 1080 1520 fertilitatis
1116 1465 1290 1535 gratia
1319 1464 1638 1528 destitutus,
1693 1469 1779 1515 est
1841 1470 2021 1513 tamen

437 1555 581 1607 inter
630 1557 767 1609 alios
822 1556 1009 1610 mundi
1075 1565 1286 1610 montes
1348 1554 1586 1609 maxima
1650 1550 2020 1623 spiritualium

435 1643 681 1698 ubertate
713 1646 1034 1700 mirabiliter
1070 1645 1411 1701 fecundatus.
1444 1644 1577 1698 Nam
1608 1658 1731 1698 cum
1767 1641 2024 1696 trecentis

437 1739 787 1793 monasteriis
820 1748 873 1792 et
906 1739 1139 1808 gloriosa
1197 1738 1574 1807 religiosorum
1612 1737 1853 1789 virorum
1881 1733 2024 1786 mul-

437 1830 692 1895 titudine,
751 1841 959 1885 arctam
1016 1843 1070 1886 et
1117 1847 1412 1901 pauperem
1473 1832 1640 1885 vitam
1681 1827 2020 1888 ducentium,

1247 657 1263 683 σ
1317 637 1596 691 ltelatione
1651 634 1944 688 illustrium
1971 642 2048 702 et.

2135 635 2350 689 olivetis
2377 635 2492 689 suis
2531 633 2772 704 pendunt
2823 649 2877 687 vt
2925 633 3087 686 millia
3129 631 3419 686 obolorum
3456 631 3700 686 Turcico-

2125 743 2265 782 rum.
2300 727 2452 782 Mons
2480 729 2525 781 is
2543 743 2570 780 a
2598 724 2924 781 Christianis
2949 726 3136 792 Ἄγιον
3156 725 3300 792 ὄρος,
3335 724 3440 778 hoc
3461 733 3542 777 est
3561 723 3696 778 Mons

2125 829 2348 876 sanctus
2373 820 2594 881 dicitur,
2623 835 2650 872 a
2680 817 2906 872 Rutenis
2940 817 3138 870 Suvata
3171 813 3410 885 [Sviata]
3443 816 3594 868 hora.
3628 836 3644 866 ι
3725 795 3732 816 ’

2197 907 2254 964 6.
2284 907 2608 963 Prmdictuiu
2636 923 2834 963 nomen
2867 907 3063 976 Ἀγιον
3093 906 3219 978 ὅρος
3247 907 3319 960 ab
3354 906 3444 960 illo
3473 907 3694 962 virorum

2125 1003 2502 1073 religiosorum
2534 1012 2678 1058 caatu
2707 1014 2759 1056 et
2783 1002 2987 1056 sanctis
3009 1000 3502 1055 exercitationibus
3535 1001 3698 1054 adlue-

2125 1099 2265 1152 sisse
2290 1095 2430 1149 Atho
2475 1094 2631 1163 putat
2678 1094 2987 1158 Bellonius;
3032 1108 3154 1147 cum
3196 1093 3383 1160 potius
3435 1091 3695 1145 sanctitati

2125 1189 2273 1244 Petri
2319 1188 2704 1244 ascribeudum
2728 1229 2742 1251 ,
2780 1187 2845 1240 ab
2873 1187 3099 1256 ipsaque
3129 1185 3368 1249 'Deipara
3400 1184 3448 1237 ei
3480 1183 3691 1237 inditum

2125 1283 2218 1348 sit,
2251 1283 2325 1337 uti
2364 1299 2513 1336 num.
2549 1282 2605 1334 ll
2653 1281 2705 1334 iu
2744 1278 2869 1333 Vita
2908 1279 3122 1346 legitur.
3159 1277 3396 1343 Quando
3427 1285 3602 1329 autem
3626 1277 3692 1330 sic

2126 1374 2353 1444 casperit
2385 1372 2648 1442 appellari
2697 1381 2809 1424 tum
2837 1379 3091 1424 constare
3115 1369 3340 1438 poterit,
3379 1366 3598 1438 quando
3637 1368 3694 1421 de

2125 1476 2392 1536 tempore,
2426 1481 2532 1536 quo
2557 1479 2854 1520 conversus
2892 1473 2975 1518 est
3012 1462 3229 1528 Petrus,
3263 1460 3560 1516 constabit.
3584 1460 3694 1514 Flo-

2130 1561 2317 1625 ruit_in
2351 1575 2418 1614 eo
2450 1568 2658 1619 monte,
2711 1565 2908 1626 printer
2957 1556 3177 1612 Petrum
3236 1564 3507 1618 nostrum,
3552 1561 3690 1607 notus

2128 1654 2286 1707 nubis
2319 1651 2680 1706 sanctimonia
2714 1651 2842 1704 vita;
2874 1649 3212 1704 Athanasius
3243 1646 3491 1718 quidam,
3534 1646 3690 1716 patria

2126 1745 2542 1815 Trapezuntius,
2554 1742 3022 1812 Constantinopoli
3047 1741 3244 1797 litteris
3261 1741 3432 1810 probe
3448 1739 3689 1805 eruditus,

2128 1841 2330 1894 montis
2361 1838 2604 1908 Cyminas
2637 1837 2689 1890 in
2741 1837 2870 1890 Asia
2921 1838 3181 1906 primum,
3221 1835 3420 1890 deinde
3469 1833 3589 1888 Athi
3644 1833 3690 1885 in

434 1917 765 2008 deceratur;
813 1933 962 1979 tanta
1006 1941 1181 1993 usque
1218 1929 1378 1981 modo
1411 1925 1654 1980 refloruit
1698 1919 2021 1978 excellentia
2055 1954 2097 2010 Β
2129 1931 2439 1986 Macedonia
2475 1945 2632 1985 sacer
2666 1938 2913 1984 ascetes:
2941 1929 3035 1998 qui
3071 1929 3126 1983 in
3153 1928 3316 1992 huius
3355 1927 3606 1982 inleriora
3632 1939 3689 1979 ex

437 2005 766 2084 honestatis,
791 2029 942 2074 tanta
973 2020 1250 2089 religionis
1275 2019 1490 2074 eximia:
1515 2018 1764 2072 claritate
1790 2013 2022 2078 refulsit,

435 2117 496 2163 ut
527 2111 593 2163 de
622 2111 742 2178 ipso
767 2127 892 2165 cum
921 2109 1092 2165 Jacoh
1143 2121 1290 2165 recte
1327 2111 1495 2179 possit
1549 2111 1670 2176 quis
1712 2108 1897 2162 dicere
1931 2105 2026 2159 ad-

435 2200 688 2254 mirando
712 2239 727 2254 .
765 2199 912 2256 Vere
938 2209 1165 2257 sanctus
1197 2211 1283 2256 est
1314 2200 1418 2255 iste
1443 2199 1616 2262 locus,
1643 2196 1768 2268 quia
1817 2197 1900 2251 hic
1931 2208 2023 2252 est

437 2294 634 2348 domus
669 2294 782 2357 Dei,
817 2303 871 2346 et
911 2293 1157 2360 quaedam
1202 2289 1604 2362 quodammodo
1645 2296 1800 2359 porta
1858 2287 2019 2348 caeli;

441 2386 532 2439 inhi
569 2386 862 2442 multitudo
897 2386 1144 2442 caelestis
1173 2386 1472 2446 exercitus,
1497 2392 1752 2452 tanquam
1811 2388 2025 2434 castro-

440 2495 560 2531 rum
615 2479 762 2533 acies
820 2479 1071 2534 ordinata
1095 2487 1148 2532 et
1182 2489 1370 2547 parata
1406 2475 1672 2530 suscitare
1699 2472 2022 2535 Leviathau,

434 2573 756 2628 victoriose..
780 2579 984 2643 pugnat
1033 2571 1235 2640 jugiter
1299 2583 1423 2623 cum
1479 2569 1740 2631 dracone,
1786 2564 2025 2634 psallens

437 2663 669 2718 Doinino
715 2666 1014 2734 sapienter.
1051 2662 1282 2732 Propter
1321 2660 1468 2730 quod
1499 2659 1617 2729 jam
1654 2659 1855 2712 dudum
1879 2656 2023 2712 fama

435 2757 598 2812 vestri
641 2757 910 2820 nominis,
931 2771 1053 2824 quae
1078 2757 1255 2810 fuerat
1301 2755 1473 2809 effusa
1507 2755 1651 2808 sicut
1685 2753 1864 2807 oleum
1923 2752 2026 2806 cir-

437 2865 805 2919 cumquaque,
834 2850 1034 2904 multos
1075 2851 1303 2918 populos
1333 2849 1400 2904 ad
1436 2865 1496 2903 se
1531 2848 1759 2902 traxerit
1794 2847 1850 2900 in
1885 2848 2024 2900 odo—

437 2955 555 2994 rem
597 2952 999 3011 unguentorum
1028 2951 1357 3005 vestrorum,
1388 2940 1536 3009 ipsos
1562 2953 1784 2993 currere
1819 2934 2024 2990 faciens

440 3035 768 3098 aremotis;
839 3033 1206 3088 Ecclesiarum
1261 3032 1472 3100 praelati
1544 3040 1597 3084 et
1665 3034 2024 3099 imperatores

441 3127 1034 3195 Constantinopolitaui
1067 3127 1358 3194 pluresque
1389 3125 1667 3195 principes
1702 3123 2020 3187 saecularcs,

439 3237 539 3292 per
568 3220 847 3289 privilegia
879 3235 979 3274 sua
1012 3218 1203 3281 multa,
1233 3218 1364 3272 olim
1388 3214 2025 3283 tanta:libertatisprazt.L

2129 2021 2308 2074 divina
2357 2021 2688 2075 revelatione
2736 2020 2954 2075 tandem
3009 2020 3260 2087 secessit,
3326 2037 3345 2071 ι
3384 2018 3689 2086 ibidemque,

2130 2121 2351 2183 rogatus
2377 2128 2405 2166 a
2442 2112 2751 2181 Nicephoro
2783 2111 2986 2176 Phoca,
3010 2111 3217 2167 militiae
3241 2112 3445 2180 pariter
3469 2125 3531 2166 ac
3558 2108 3686 2163 domi

2129 2208 2184 2262 in
2239 2207 2445 2276 palatio
2491 2206 2843 2275 imperatoris
2872 2205 3043 2268 claro,
3099 2205 3318 2275 ipsique
3367 2213 3550 2260 sancto
3589 2203 3686 2269 jam

2128 2307 2252 2353 ante
2267 2297 2610 2353 familiariter
2629 2305 2758 2352 noto
2779 2305 2835 2353 et
2865 2297 3121 2352 amicitiae
3154 2297 3375 2353 vinculo
3398 2294 3680 2362 coniuncto,

2127 2392 2223 2447 Dei
2253 2391 2410 2446 Matri
2443 2392 2790 2462 magnilicum
2823 2407 2955 2446 sane
2993 2391 3254 2460 templqu
3288 2390 3560 2452 condidit,
3588 2387 3683 2443 «τοι.

2127 2485 2316 2553 lasque
2345 2483 2606 2553 plurimas
2638 2491 2694 2537 et
2727 2484 2994 2537 maximas
3026 2483 3093 2536 ad
3136 2497 3297 2537 usum
3327 2497 3392 2538 ac
3425 2481 3667 2535 habitatio

2129 2590 2249 2631 nem
2274 2575 2502 2630 fratrum
2567 2590 2596 2628 a
2645 2574 3020 2630 fundamentis
3067 2574 3352 2640 excitavit,
3407 2583 3459 2628 et
3501 2572 3682 2626 Iauram

2127 2669 2359 2736 denique
2407 2667 2700 2722 multorum
2733 2683 2990 2738 capacem
3043 2667 3292 2732 molitus,
3338 2665 3574 2738 migravit
3623 2662 3682 2716 ad

2126 2760 2438 2828 Dominum,
2479 2779 2498 2812 ι
2538 2761 2614 2816 uti
2649 2760 2852 2816 Mentea
2887 2759 3182 2829 loquuntur
3216 2760 3283 2814 ad
3325 2758 3466 2813 diem
3494 2756 3524 2810 5
3547 2753 3680 2808 Julii.

2196 2852 2252 2907 ’1.
2290 2852 2561 2908 Conlicies
2602 2867 2766 2923 porro
2796 2867 2862 2909 ex
2901 2862 3063 2908 tetate
3107 2850 3405 2920 Nicephori
3444 2845 3677 2919 praedicti,

2125 2959 2270 2999 anno
2294 2944 2400 3000 965
2440 2944 2728 3012 imperium
2771 2961 2931 3000 suum
2972 2945 3108 3011 orsi,
3144 2945 3508 3000 Athanasium
3539 2944 3677 2997 istum

2126 3037 2229 3091 sub
2260 3051 2458 3091 annum
2476 3037 2582 3093 950
2613 3037 2862 3092 floruisse
2887 3038 2941 3091 in
2975 3046 3156 3092 monte
3181 3037 3361 3104 Atho;
3387 3045 3540 3102 atque
3561 3032 3678 3086 adeo

2123 3129 2234 3198 jam
2274 3139 2434 3185 antea
2493 3131 2692 3185 ibidem
2726 3131 2861 3186 alios
2891 3130 3054 3184 vitam
3102 3130 3330 3186 duxisse
3385 3126 3674 3185 solitariam,

2127 3239 2252 3278 eum
2274 3233 2329 3278 et
2368 3223 2484 3292 ipse
2516 3222 2724 3293 legatur
2763 3223 2815 3278 in
2855 3223 3073 3280 Menaeis
3110 3223 3233 3280 loco
3265 3224 3429 3278 citato
3453 3262 3467 3284 ,
3501 3215 3674 3274 seniori

441 3289 704 3365 ininentia
733 3324 829 3363 vos
859 3310 1134 3370 dotaruut,
1178 3319 1236 3360 ut
1264 3315 1386 3375 post
1417 3305 1607 3371 Deum,
1640 3305 1726 3359 cui
1771 3305 2024 3357 volebant

2129 3318 2484 3372 Anachorctte
2527 3317 2638 3372 illic
2661 3332 2721 3373 se
2765 3318 3087 3388 discipulum
3141 3317 3453 3372 tradidisse.
3518 3313 3678 3367 POtest

439 3421 536 3458 vos
583 3404 755 3457 libere
803 3401 1076 3463 famulari,
1109 3399 1308 3453 nullius
1361 3413 1600 3465 unquam
1631 3397 1829 3451 essetis
1859 3394 2025 3463 juris-

437 3495 666 3551 dictioni
701 3493 952 3561 subjecti.
1002 3512 1020 3543 ι
1049 3491 1128 3545 Ita
1159 3489 1424 3559 pontifex,
1465 3489 1569 3544 alia
1610 3488 1810 3543 deinde
1839 3503 2026 3557 prose-

436 3606 610 3664 quens
644 3591 710 3646 de
740 3589 978 3643 violento
1005 3588 1278 3659 praedone,
1303 3585 1406 3652 'qtti
1441 3583 1841 3638 monachorum
1871 3583 2026 3652 quie-

441 3693 550 3738 tem
577 3681 835 3746 turbavit,
858 3679 1117 3747 expilavit
1139 3678 1426 3739 ecclesias,
1443 3677 1707 3744 quosdam
1729 3675 2027 3732 crudeliter

437 3776 601 3830 etiam
622 3774 899 3828 interemit
920 3790 936 3837 ;
957 3788 1060 3828 nec
1092 3787 1198 3826 non
1226 3771 1534 3840 suscipiens
1561 3780 1673 3823 tum
1704 3772 2024 3838 monachos,

447 3879 558 3922 tum
590 3877 829 3920 montem
882 3868 1058 3936 ipsum
1101 3866 1203 3921 sub
1235 3881 1338 3921 sua
1363 3873 1418 3920 et
1468 3864 1648 3920 sancti
1689 3864 1836 3919 Petri
1893 3879 2024 3934 pro-

449 3963 703 4015 tectioue.
1197 3989 1200 3992 ~
1871 3970 1874 3974 ’

517 4057 569 4111 5.
603 4057 720 4109 Alia
780 4053 1012 4109 subinde
1069 4053 1275 4109 montis
1331 4050 1503 4107 facies
1553 4051 1767 4106 exstitit
1821 4053 2026 4109 secutis

441 4149 814 4216 temporibus,
869 4145 1333 4202 monasteriorum
1383 4145 1684 4214 praasertim
1752 4160 2023 4212 numero,

443 4242 584 4293 t’orte
644 4239 696 4290 in
747 4236 1063 4292 schismatis
1111 4249 1364 4304 poenam,
1411 4235 1810 4291 incredibiliter
1841 4237 2027 4291 immi-

440 4339 600 4388 nuto.
651 4330 782 4382 Nam
803 4331 902 4399 qui
923 4329 1124 4383 saeculo
1151 4329 1418 4398 superiori
1456 4339 1696 4386 montem
1732 4334 2028 4399 peramhu-
2063 4347 2065 4349 ί

445 4421 598 4484 lavit,
627 4431 886 4474 accurate
907 4419 1146 4475 lustrans
1191 4419 1372 4474 omnia
1406 4421 1763 4490 pluribusque
1810 4420 2026 4476 descri-

441 4515 574 4569 bens
628 4512 818 4567 Petrus
871 4510 1166 4577 Bellonius,
1217 4511 1294 4565 ait
1349 4511 1487 4566 libro
1523 4528 1624 4567 suo
1673 4510 1717 4576 l,
1764 4524 1886 4580 cap.
1933 4510 2024 4574 10,

2130 3418 2311 3462 tamen
2367 3408 2434 3462 ab
2501 3409 2784 3465 Athanasii
2843 3410 3181 3478 temporibus
3238 3407 3501 3464 celebrior
3530 3403 3680 3456 factus

2127 3511 2183 3555 et
2209 3501 2381 3570 magis
2405 3501 2778 3570 frequentatus
2800 3503 2966 3557 fuisse
2995 3518 3151 3557 mons
3181 3501 3308 3566 iste,
3348 3511 3453 3556 tum
3486 3504 3678 3566 propter

2127 3595 2472 3649 sanctitatem
2507 3595 2678 3662 ipsius
2711 3595 3033 3660 Athanasii,
3063 3605 3175 3648 tum
3210 3604 3431 3666 propter
3463 3585 3677 3644 auctori-

2129 3695 2293 3742 tatem
2323 3687 2638 3756 Nicephori,
2673 3687 2771 3742 viri
2803 3688 3064 3757 Opulenti,
3097 3689 3296 3744 deinde
3347 3679 3670 3756 imperatoris,

2133 3791 2244 3834 tum
2280 3779 2444 3834 etiam
2490 3789 2710 3848 propter
2745 3783 3138 3836 monasterium
3163 3792 3219 3836 et
3250 3781 3452 3836 lanram
3492 3772 3670 3828 utrius-

2130 3885 2235 3939 que
2292 3885 2397 3940 ope
2455 3880 2854 3928 constructam.
2907 3873 3079 3940 Quam
3150 3873 3357 3928 lanram
3418 3869 3460 3922 si
3503 3866 3670 3918 dixero

2129 3964 2428 4019 etiamnum
2461 3973 2697 4029 exstare,
2716 3965 3072 4035 eamdemque
3097 3977 3402 4035 essequam
3433 3953 3668 4012 Bellonius

2130 4052 2415 4127 describit,
2465 4054 2557 4109 lib.
2591 4071 2630 4119 ι,
2658 4070 2783 4122 cap.
2814 4055 2882 4110 57
2905 4096 2920 4120 ,
2955 4055 3210 4110 fortassis
3239 4055 3370 4120 erit,
3405 4049 3490 4119 qui
3521 4039 3672 4099 consi-

2129 4142 2335 4198 deratis
2363 4143 2589 4204 Bellouii
2614 4144 2792 4200 verbis
2817 4146 2948 4199 mihi
2985 4148 3333 4201 asseutiatu‘r.
3369 4161 3388 4194 ι
3431 4138 3668 4193 Monaste—

2129 4233 2295 4298 rium,
2347 4235 2523 4305 inquit
2571 4236 2688 4302 ille,
2717 4236 2851 4303 Agia
2892 4235 3068 4290 Laura
3125 4242 3508 4303 nuncupatum,
3553 4226 3668 4277 inter

2129 4324 2336 4394 reliqua
2371 4327 2539 4382 totius
2571 4329 2772 4384 montis
2815 4329 3144 4389 monasteria
3175 4328 3330 4384 facile
3347 4321 3667 4394 principi“um

2130 4416 2362 4484 obtinet,
2399 4427 2562 4487 atque
2592 4421 2659 4474 ad
2709 4421 2921 4475 radices
2947 4420 3240 4475 celsissimi
3269 4417 3380 4488 jugi
3411 4408 3564 4481 (quod
3588 4419 3667 4458 ve-

2131 4523 2225 4564 rus
2256 4523 2412 4564 mons
2439 4510 2614 4566 Athos
2643 4510 2749 4581 est)
2789 4513 2949 4565 situm
2990 4522 3097 4578 est,
3128 4526 3233 4581 qua
3265 4518 3411 4580 parte
3456 4503 3664 4557 Lemnon

443 4605 606 4668 trium
640 4604 846 4658 dierum
891 4602 1088 4657 itinere
1114 4601 1168 4656 in
1208 4601 1625 4671 longitudinem,
1656 4600 1865 4654 dimidii
1897 4614 2025 4655 vero
2057 4626 2104 4685 ι)
2133 4610 2360 4672 spectat.
2385 4621 2404 4654 ι
2448 4601 2596 4658 Gerit
2620 4604 2766 4658 enim
2789 4607 3175 4659 monasterium
3213 4605 3331 4666 hoc,
3355 4597 3519 4653 solum
3548 4590 3666 4683 inter

442 4699 495 4752 in
543 4696 884 4756 latitudinem
948 4703 1174 4764 patere:
1207 4709 1235 4747 a
1287 4695 1418 4749 solis
1471 4693 1752 4762 Calogeris
1782 4691 1930 4762 (sunt
1988 4693 2023 4748 ii

441 4788 695 4844 monachi
727 4787 952 4844 etelibes
983 4789 1126 4856 apud
1179 4784 1422 4856 Graecos)
1454 4784 1750 4840 inhabitari
1777 4799 1792 4838 :
1831 4785 2024 4854 viginti

446 4883 544 4936 tria
580 4880 660 4936 vel
681 4893 914 4950 quatuor
942 4892 1048 4934 non
1076 4878 1309 4948 amplius
1333 4876 2025 4944 monasteria,variislocis

442 4973 573 5037 sita,
599 4975 897 5026 numerari.
932 4970 1259 5027 Monasteria
1287 4971 1404 5040 ipsa
1437 4969 1640 5024 habere
1671 4970 1727 5024 in
1751 4971 2025 5040 adiunctis

441 5067 542 5121 sibi
579 5065 788 5134 templis
815 5080 1000 5120 sacras
1031 5065 1313 5133 reliquias,
1343 5064 1410 5118 ad
1454 5077 1658 5131 easque
1683 5058 2023 5134 frequentem

442 5158 558 5212 fieri
589 5155 1178 5227 coucursunt.Tetnpla
1211 5171 1428 5226 quoque
1458 5155 1576 5224 ipsa
1594 5158 2023 5227 egregie'ornata

439 5260 494 5304 et
523 5258 800 5304 exstructa
843 5262 1003 5316 esse,
1055 5259 1219 5318 atque
1267 5247 1398 5302 inibi
1445 5247 1737 5317 Calogeros
1792 5250 2023 5320 singulis

440 5342 632 5396 diibus
665 5342 911 5409 liturgias
945 5356 1164 5404 canere,
1197 5341 1379 5396 omnia
1404 5339 1596 5394 Grteco
1623 5355 1876 5399 sermone
1901 5359 2027 5413 pro-

441 5430 702 5485 ferentes.
755 5430 860 5485 Sed
921 5431 987 5485 de
1019 5429 1320 5498 Calogeris,
1347 5431 1439 5498 qui
1480 5421 1591 5484 iflic
1627 5431 1692 5484 ad
1728 5446 1823 5486 sex
1854 5431 2056 5501 millia_

443 5524 702 5575 dicuntur
733 5521 953 5588 degere,
990 5520 1065 5573 uti
1103 5529 1158 5572 et
1204 5520 1269 5573 de
1309 5521 1429 5574 aliis
1465 5522 1570 5574 huc
1609 5525 2021 5588 pertinentibus

441 5613 642 5666 videsis
678 5611 979 5664 Belloniutn
1022 5610 1194 5680 ipsum
1217 5647 1234 5675 ,
1269 5620 1325 5665 et
1379 5625 1502 5680 quae
1533 5611 1773 5670 Joannes
1803 5613 2022 5686 Langus

438 5705 509 5758 ad
543 5704 639 5759 lib.
666 5721 716 5757 ιι
743 5703 1064 5773 Nicephori,
1091 5720 1208 5774 cap.
1244 5706 1334 5773 38,
1361 5707 1443 5762 sic
1474 5717 1627 5761 notat.
1658 5723 1673 5762 :
1715 5728 1734 5761 ‹
1771 5709 1944 5766 llodie
1965 5712 2022 5767 in

443 5793 586 5847 Atlio
639 5803 817 5848 monte
863 5794 935 5847 ἓξ
985 5795 1214 5866 insignia
1261 5807 1388 5852 sunt
1425 5801 1753 5854 monasteria
1807 5801 2022 5858 Graeco-

445 5904 562 5950 rum
596 5889 984 5952 inouachorutu
1008 5889 1218 5948 ordinis
1246 5893 1418 5951 sancti
1453 5892 1659 5961 Basilii,
1683 5910 1802 5968 qua
1835 5897 2020 5953 tributi

2129 4695 2309 4750 omnia
2354 4712 2382 4750 a
2429 4695 2670 4751 Bellonio
2711 4707 3068 4760 enumerata,
3115 4710 3308 4750 nomen
3357 4691 3519 4744 Laura
3549 4697 3564 4734 :
3591 4672 3662 4728 cui

2128 4788 2372 4842 additum
2407 4788 2603 4842 deinde
2651 4797 2828 4857 potest
2858 4785 3027 4842 fuisse
3071 4786 3230 4855 Ἅγια
3260 4785 3356 4842 seu
3389 4784 3574 4834 saneta,
3595 4761 3660 4818 rel

2129 4893 2157 4932 a
2189 4877 2494 4933 fundatoris
2524 4878 2806 4933 Athanasii
2865 4878 3156 4953 sanctitate
3180 4919 3195 4943 ,
3225 4875 3306 4930 vel
3346 4887 3372 4924 a
3409 4861 3661 4922 sanctille

2130 4971 2299 5039 ipsius
2327 4971 2683 5034 monasterii,
2715 4971 2860 5040 quod
2885 4980 2940 5025 et
2975 4971 3082 5024 situ
3126 4960 3431 5040 particulari
3461 4959 3655 5008 venera-

2128 5063 2292 5118 bilius
2343 5075 2429 5118 est
2454 5063 2594 5126 aliis,
2635 5073 2688 5116 et
2737 5063 2822 5118 cui
2871 5061 2978 5116 alia
3028 5063 3168 5117 forte
3214 5056 3388 5115 omnia
3431 5046 3655 5112 originem

2131 5171 2285 5211 suam
2315 5168 2482 5227 atque
2523 5156 2660 5210 adeo
2707 5157 2868 5211 etiam
2898 5155 3298 5209 venerationem
3335 5128 3656 5201 debeant.Est

2129 5260 2392 5318 praeterea
2421 5250 2808 5305 monasterium
2847 5250 2968 5315 hoc,
2996 5248 3069 5303 uti
3094 5246 3222 5301 illud
3252 5232 3652 5318 .Atliaiiasiantlttt.

2130 5339 2184 5394 in
2213 5340 2410 5394 montis
2458 5349 2612 5408 parte
2653 5339 2899 5394 interiori
2953 5349 3010 5394 et
3037 5339 3210 5407 magis
3241 5332 3341 5386 alta
3369 5335 3514 5394 quam
3550 5308 3651 5365 reli-

2129 5448 2258 5504 qua,
2292 5433 2408 5488 fere
2448 5434 2500 5488 in
2534 5432 2806 5487 littoribus
2834 5431 2952 5486 sitae
2979 5442 3075 5485 aut
3103 5440 3288 5499 parum
3321 5418 3438 5476 inde
3461 5408 3648 5464 remota.

2131 5527 2206 5580 uti
2243 5535 2474 5580 testatur
2495 5525 2788 5579 Bellonius.
3581 5584 3590 5595 .

2201 5619 2254 5673 8.
2285 5617 2390 5673 Sed
2438 5621 2724 5672 redeamus
2771 5618 2837 5670 ad
2887 5615 3133 5678 Petrum,
3167 5611 3252 5681 qui
3295 5599 3496 5661 cumino
3524 5591 3646 5659 prior

2130 5711 2435 5767 Athanasio
2463 5713 2664 5765 Athum
2691 5712 2982 5766 incoluisse
3015 5711 3191 5765 debet.
3217 5707 3329 5772 Quo
3363 5694 3489 5751 enim
3515 5686 3644 5782 pic}?

2137 5820 2233 5875 per
2279 5819 2452 5858 annos
2497 5803 2611 5858 fere
2652 5804 3066 5874 quinquaginta,
3117 5815 3248 5872 quos
3287 5793 3390 5849 illic
3438 5776 3644 5875 “Odi”:

2144 5898 2368 5962 ἀίείιυτ»
2399 5897 2568 5954 latere
2603 5897 2847 5953 omnium
2877 5898 3099 5953 omnino
3130 5891 3305 5951 oculos
3329 5873 3573 5954 patuisset.
3598 5867 3638 5910 ³⁸
