3988 6480
354 376 461 447 95.33

1405 385 1585 446 VITA
1625 386 1686 447 S.
1731 388 1962 450 PETRI
1995 392 2424 454 ATHONl'l‘zE.

3499 390 3610 463 994

349 514 458 559 ‘3'"
496 503 748 574 frequens
779 504 1172 564 habitatoribus
1199 517 1323 566 “mc
1347 511 1537 568 “"55?!
1558 520 1737 582 Πισηε,
1763 518 1925 592 (itm!)
1958 525 2002 578 Α
2036 531 2143 575 tam
2173 521 2224 574 in
2255 521 2442 575 Asiam
2471 519 2588 576 vela
2620 519 2887 586 facturos,
2916 540 2934 573 ι
2960 521 3034 576 uti
3057 525 3311 576 narratur
3343 528 3493 578 num.
3517 521 3603 581 10.

347 613 470 652 esse
512 609 630 666 post
655 598 1013 652 Athanasium
1042 603 1245 671 coepit?
1276 602 1416 670 Quid
1447 607 1611 660 etiam
1652 608 1754 663 sibi
1784 607 1918 670 vult,

350 691 494 758 quod
523 693 730 758 primus
759 692 957 746 athleta
981 693 1092 748 illic
1124 696 1330 766 degerit
1371 697 1564 754 Petrus
1588 743 1603 764 ,
1633 700 1708 752 uti
1735 700 1922 754 Prolo-

347 798 476 852 gus;
500 791 551 836 et
573 783 714 851 quod
746 783 973 853 Deipara
996 785 1172 839 locum
1200 787 1347 840 illum
1370 789 1532 845 Petro
1551 793 1916 856 constituerit,

348 886 408 930 ut
447 875 548 930 sibi
601 874 832 929 electum
881 891 978 944 pro
1023 878 1276 934 instituto
1325 883 1642 949 monastico,
1677 885 1751 938 uti
1797 883 1920 940 Vita

348 967 466 1036 ipsa
496 983 645 1020 ltttlll.
674 967 733 1020 ll
781 969 1008 1021 narrat?
1048 969 1192 1025 Sane
1239 973 1430 1028 isthmc
1472 985 1657 1044 aperte
1698 976 1917 1041 docent,

347 1059 584 1128 priorem
619 1059 918 1113 Athanasio
940 1063 1140 1116 Album
1174 1064 1465 1121 incoluisse
1486 1066 1704 1122 Petrum
1731 1080 1919 1137 :atque

345 1149 555 1202 utinam
589 1159 800 1217 tempus
830 1165 1044 1220 quoque
1073 1152 1458 1210 intermedium
1490 1159 1782 1213 docerent!
1814 1157 1919 1214 Sed

346 1236 477 1290 illud
509 1237 633 1291 hinc
649 1240 974 1305 Sperandum
1004 1258 1107 1296 non
1138 1253 1240 1308 est,
1258 1246 1462 1300 nullum
1496 1247 1750 1303 indicium
1785 1265 1921 1318 prae-

346 1329 593 1383 bentibus
633 1331 814 1395 Actis,
883 1334 1025 1387 unde
1093 1335 1143 1388 in
1199 1338 1445 1391 notitiam
1516 1341 1739 1404 sa~culi,
1813 1355 1918 1410 quo

346 1419 528 1474 ﬂoruit
579 1420 796 1487 Petrus,
834 1425 1006 1478 veniri
1036 1427 1226 1493 possit.
1286 1430 1398 1482 lmo
1453 1448 1549 1484 nec
1601 1433 1727 1484 sciri
1785 1433 1918 1488 satis

345 1523 520 1577 certe,
569 1515 807 1580 quandiu
847 1515 899 1569 in
939 1517 1085 1570 Atho
1143 1519 1360 1583 vixerit,
1403 1537 1466 1574 ex
1513 1523 1662 1577 Actis
1714 1534 1915 1593 potest,

347 1605 509 1660 aliter
529 1615 691 1674 atque
712 1606 870 1661 aliter
903 1609 1132 1662 subinde
1152 1609 1514 1678 loquentibus.
1548 1612 1676 1666 Nam
1707 1631 1855 1670 nllllt.
1883 1618 1918 1672 5

344 1698 627 1766 assignant
658 1701 978 1754 anaeboresi
1006 1705 1124 1771 ejus
1167 1705 1218 1756 iu
1261 1717 1443 1759 monte
1470 1722 1642 1760 annos
1680 1711 1915 1777 amplius

344 1791 761 1862 quinquaginta,
785 1795 873 1861 qui
901 1811 1048 1848 num.
1063 1795 1133 1849 42
1151 1799 1514 1852 extenduntur
1532 1803 1598 1852 ad
1620 1816 1788 1854 annos
1806 1802 1912 1856 53:

2025 609 2097 666 Ut
2140 612 2425 666 commode
2453 613 2640 666 isthmc
2663 613 2825 666 verba
2851 613 3245 683 intelligantur,
3269 617 3607 683 separandus

2026 704 2111 757 hic
2137 711 2224 758 est
2262 715 2453 773 portus
2488 703 2555 756 ab
2581 705 2737 766 urbe,
2765 719 2828 758 ac
2869 708 3102 772 spatium
3133 705 3274 758 inter
3308 709 3599 775 utrumque

2024 793 2242 862 aliquod
2311 793 2654 862 interjectum
2698 794 2908 862 concipi
2964 795 3164 848 debet:
3218 797 3360 862 quod
3417 783 3603 848 [lorum

2021 901 2177 940 nova:
2200 901 2295 940 seu
2317 885 2810 954 Constantinopoli,
2833 887 2920 939 ubi
2952 896 3143 954 portus
3177 901 3303 956 pars
3332 886 3480 939 urbis
3500 897 3601 952 est,

2022 975 2314 1030 convenire
2336 990 2440 1030 non
2465 983 2661 1046 potest;
2687 985 2862 1044 potest
2881 987 3058 1030 autem
3090 976 3272 1031 Ronue
3297 979 3486 1040 veteri,
3510 990 3602 1030 cu-

2018 1068 2110 1135 jus
2130 1075 2315 1137 portus
2343 1068 2622 1122 duouecim
2653 1067 2765 1122 fere
2788 1069 2936 1122 mille
2961 1081 3157 1135 passus
3177 1070 3244 1122 ab
3270 1069 3401 1124 urbe
3422 1062 3604 1122 semo-

2025 1169 2110 1213 tus
2143 1169 2245 1224 est,
2277 1159 2391 1213 sive
2424 1175 2520 1228 per
2555 1160 2706 1213 illum
2745 1159 2895 1215 Ostia
2932 1160 3210 1228 Tiberina,
3247 1162 3384 1215 sive
3408 1159 3604 1214 Porlus

2021 1250 2247 1319 Augusti
2271 1290 2288 1316 ,
2319 1250 2481 1304 etiam
2515 1250 2788 1306 Romanus
2838 1251 3144 1320 appellatus
3170 1263 3212 1316 ,_'
3239 1251 3589 1324 intelligatur.

2021 1344 2280 1406 Rursum,
2321 1343 2445 1398 hinc
2505 1343 2838 1398 solventibus
2865 1345 2916 1397 in
2941 1343 3154 1406 Asiam,
3188 1345 3294 1398 iter
3325 1357 3420 1410 per
3469 1346 3603 1399 Cre-

2023 1444 2132 1489 tam
2183 1435 2390 1488 institui
2449 1446 2602 1490 reCta
2663 1444 3020 1502 potest;non
3085 1439 3213 1488 item
3261 1433 3602 1489 solventibus

2019 1526 2514 1594 ConstantinOpoli,
2571 1527 2637 1578 ab
2677 1526 2798 1578 Asia
2845 1527 2958 1578 solo
3021 1525 3261 1594 BnSporo
3329 1524 3602 1580 Thracico

2020 1619 2308 1686 dirempta.
2348 1615 2595 1684 Denique
2623 1632 2775 1670 num.
2813 1616 2898 1681 l5,
2935 1633 3058 1671 cum
3087 1619 3240 1672 navis
3270 1633 3490 1672 cursum
3517 1633 3604 1672 re-

2020 1710 2146 1764 licta
2180 1709 2339 1764 Creta
2367 1718 2795 1780 prosequeretur
2816 1752 2829 1774 ,
2861 1722 3028 1780 atque
3068 1726 3133 1764 ex
3174 1712 3466 1778 improviso
3499 1712 3602 1762 im-

2020 1801 2240 1854 mobilis
2302 1801 2673 1867 consisteret,
2723 1801 2951 1871 jubetur
3021 1802 3396 1856 sinistrorsum
3456 1800 3599 1856 ﬂecti

345 1893 402 1937 at
437 1899 586 1937 num.
628 1883 718 1944 56,
757 1885 915 1936 annis
953 1885 1024 1939 46
1056 1889 1317 1940 duntaxat
1371 1889 1422 1940 in
1469 1905 1656 1944 eremo
1706 1901 1914 1947 transa-
1951 1862 1993 1914 Β
2023 1907 2212 1946 versus
2249 1893 2451 1946 Album
2491 1901 2750 1948 montem.
2784 1892 2879 1946 Est
2924 1903 3103 1947 autem
3135 1894 3311 1947 Athos
3337 1892 3508 1947 Roma
3548 1893 3602 1946 in

349 1973 467 2036 ctis,
499 1973 694 2026 dicitur
731 1974 985 2028 inventus
1026 1976 1192 2029 fuisse
1239 1992 1268 2029 a
1321 1988 1599 2043 venatore,
1633 1981 1830 2050 vivus;
1864 1992 1919 2037 et

346 2075 489 2115 anno
542 2071 663 2131 post
721 2079 848 2126 uno,
888 2077 1156 2131 mortuus,
1197 2068 1276 2122 sic
1313 2075 1372 2122 ut
1413 2070 1481 2122 47
1543 2070 1652 2124 illic
1704 2083 1916 2125 tantum

345 2154 665 2224 expleverit.
713 2155 912 2210 Verum
963 2173 1085 2212 cum
1135 2159 1242 2212 duo
1285 2162 1494 2228 priores
1547 2163 1752 2215 numeri
1813 2179 1915 2216 non

345 2246 488 2300 male
527 2246 668 2300 inter
698 2263 757 2302 se
785 2251 1118 2303 concordent
1143 2289 1158 2314 ,
1189 2252 1380 2304 cedere
1423 2253 1528 2306 illis
1557 2255 1913 2319 posteriorem

344 2337 566 2390 unicum
603 2352 698 2405 par
727 2347 808 2392 est
840 2379 857 2403 ,
917 2339 1128 2406 dicique
1163 2341 1396 2405 debebit,
1445 2353 1537 2396 aut
1578 2359 1822 2398 errorem
1863 2346 1916 2400 in

346 2442 631 2482 numerum
657 2428 960 2497 irrepsisse,
989 2443 1080 2485 aut
1102 2432 1316 2500 longius
1338 2449 1497 2502 quam
1522 2436 1645 2486 anni
1682 2436 1912 2503 spatium

346 2517 512 2588 (quod
557 2531 736 2573 tamen
790 2522 921 2574 Acta
957 2523 1177 2591 negant)
1220 2523 1362 2576 inter
1399 2525 1606 2578 abitum
1647 2527 1918 2580 venatoris

345 2625 376 2664 e
398 2619 582 2664 monte
609 2626 673 2663 ac
701 2612 931 2666 reditum
950 2613 1245 2668 efﬂuxisse.
1265 2614 1454 2671 Posset
1481 2616 1732 2671 fortassis
1754 2619 1916 2672 etiam

346 2703 636 2766 susﬁneri,
694 2706 834 2772 quod
891 2704 1124 2761 Sanctus
1176 2721 1346 2762 annos
1424 2708 1493 2761 47
1561 2711 1919 2764 determinate

344 2795 542 2847 vixerit
583 2796 636 2848 in
696 2805 922 2851 monte:
977 2813 1071 2852 sex
1127 2815 1276 2866 vero,
1309 2801 1400 2869 qui
1451 2803 1915 2871 superadduntur,

346 2885 722 2954 intelligendos
749 2901 890 2952 esse,
911 2904 973 2943 ex
1013 2901 1192 2944 mente
1223 2891 1380 2961 primi
1427 2890 1562 2946 Vitae
1606 2895 1915 2962 scriptoris,

349 2975 418 3028 de
445 2977 602 3033 annis
656 2978 761 3033 illis
801 2981 892 3047 qui
940 2981 1007 3033 ab
1055 2980 1210 3037 initio
1277 2985 1647 3040 conversionis
1701 2988 1754 3040 in
1815 2986 1918 3052 itu,

348 3082 500 3121 mora
560 3071 843 3136 redituque
889 3071 1156 3138 Romano,
1194 3089 1366 3143 usque
1399 3078 1461 3129 ad
1503 3077 1720 3131 initium
1763 3079 1917 3132 habi-

2017 1985 2201 2037 Asiam
2265 1982 2649 2051 navigantibus
2683 1999 2711 2034 a
2761 1993 2915 2052 parte
2957 1985 3201 2049 sinistra,
3230 1999 3352 2036 cum
3415 1985 3604 2037 eodem

2019 2072 2404 2144 navigantibus
2437 2072 2907 2142 Constantinopoli
2931 2075 3242 2128 necessario
3266 2073 3608 2142 relinquatur

2018 2184 2048 2219 a
2080 2167 2289 2221 dextra.
3052 2220 3058 2226 .

2058 2252 2086 2324 §
2129 2255 2196 2309 ll.
2243 2255 2382 2310 Vita:
2419 2266 2628 2325 auctor,
2671 2259 2944 2316 inventor,
2983 2273 3116 2310 nova
3156 2256 3325 2308 vnrsio
3366 2262 3568 2313 nostra.

2091 2352 2178 2406 ll.
2219 2351 2297 2407 Ex
2336 2368 2402 2407 eo
2431 2353 2574 2421 quod
2605 2351 2836 2406 Rotnam
2889 2361 3126 2406 veterem
3193 2349 3470 2418 profectus
3529 2349 3604 2404 sit

2022 2443 2238 2508 Petrus,
2268 2445 2343 2498 uti
2383 2445 2637 2509 vidimus,
2674 2445 2857 2512 ibique
2888 2436 3130 2497 liabitum
3161 2441 3434 2509 acceperit
3479 2455 3601 2494 mo-

2021 2538 2310 2600 nasticum,
2343 2537 2489 2592 omni
2517 2535 2832 2591 schismatls
2862 2533 3193 2599 suspicione,
3219 2548 3380 2601 quam
3411 2532 3606 2599 aliquis

2020 2629 2265 2698 objicere
2317 2636 2522 2696 posset,
2576 2628 2876 2690 eximitur;
2947 2625 3160 2678 tametsi
3219 2623 3607 2678 schiSmaticus

2022 2729 2185 2788 atque
2212 2720 2496 2773 haereticus
2533 2718 2693 2772 fuerit
2747 2719 2811 2782 is,
2849 2719 2942 2788 qui
2981 2717 3158 2771 Vitam
3204 2732 3364 2784 quam
3393 2717 3606 2770 edimus

2021 2828 2115 2867 sua
2145 2811 2460 2881 paraphrasi
2489 2811 2719 2864 ornavit.
2754 2809 3050 2864 Estautetn
3095 2811 3139 2864 is
3176 2810 3470 2878 Gregorius
3499 2811 3606 2863 Pa-

1995 2903 2211 2966 slamas,
2245 2903 2686 2972 archiepiscopus
2720 2901 3250 2964 Thessalonicensis,
3303 2901 3602 2968 sriptione

2023 3011 2335 3066 sua,quatn
2387 3005 2576 3050 centra
2626 2997 2856 3050 Beccnm
2915 2995 3284 3063 patriarcham
3345 2993 3452 3046 (ΣΡ.
3485 2993 3610 3062 Spi—

2025 3088 2186 3141 ritum
2220 3095 2465 3140 sanctum
2498 3103 2524 3138 a
2549 3085 2712 3140 Patre
2743 3096 2905 3154 atque
2925 3085 3062 3139 Filio
3084 3084 3244 3136 simul
3278 3086 3598 3150 procedere,

350 3164 570 3219 talionis
603 3175 891 3233 montanas,
921 3167 1222 3224 efﬂuxerint
1249 3189 1264 3237 ;
1297 3173 1374 3226 sic
1403 3181 1459 3226 ttt
1487 3182 1656 3227 totum
1683 3174 1920 3232 melioris
1949 3179 1991 3237 C
2027 3195 2148 3233 cum
2211 3177 2419 3233 Latinis
2493 3177 2711 3232 fortiter
2747 3187 3015 3254 _tueutem
3042 3217 3057 3239 ,
3133 3175 3419 3243 publicavit
3444 3217 3456 3234 .
3508 3191 3608 3229 sa:-

345 3256 474 3311 vitae
501 3259 732 3326 spatium
767 3261 890 3314 anui
929 3263 996 3316 55
1019 3267 1330 3319 numerandi
1356 3267 1486 3321 sint.

420 3349 474 3404 9.
513 3351 694 3406 Nihilo
723 3357 958 3410 certiora
991 3356 1147 3409 nobis
1182 3357 1248 3411 de
1275 3340 1578 3414 Petri'loco
1615 3361 1778 3416 natali
1809 3372 1918 3417 tra-

349 3443 486 3496 dunt
516 3443 676 3510 Acta,
710 3460 870 3514 quam
907 3448 972 3501 de
1002 3447 1204 3501 saeculo
1227 3463 1334 3518 quo
1357 3449 1574 3506 vixerit.
1606 3450 1767 3508 Num.
1793 3452 1824 3507 6
1848 3453 1925 3508 le—

350 3535 813 3603 giturexcitatum
847 3539 897 3592 in
923 3541 1094 3608 patria
1133 3540 1248 3607 ejus
1285 3542 1482 3596 bellum
1523 3543 1688 3598 fuisse
1733 3555 1921 3607 contra

348 3627 557 3683 Arabes
581 3647 596 3694 ;
624 3632 766 3698 quod
801 3631 1002 3686 indicio
1027 3633 1240 3702 quidem
1263 3649 1382 3689 esse
1411 3636 1601 3704 possit.
1622 3639 1671 3689 iu
1709 3636 1921 3690 illorttm

351 3719 608 3774 confiniis
639 3731 824 3774 natum
867 3724 1063 3776 alicubi
1087 3723 1255 3778 fuisse
1290 3724 1504 3779 Petrum
1527 3743 1540 3788 ;
1563 3727 1655 3781 sed
1684 3726 1925 3796 quibus?

351 3812 860 3868 Occidentalibusne
917 3829 982 3868 an
1041 3817 1594 3885 septentrionalibus,
1638 3833 1705 3871 an
1758 3817 1925 3871 aliis?

351 3903 454 3959 Est
501 3907 711 3962 Arabia:
740 3909 1075 3962 contermina
1108 3908 1391 3962 Palzestina
1426 3927 1440 3962 :
1485 3920 1636 3978 parte
1669 3911 1750 3964 sui
1779 3926 1926 3964 eam-

354 3998 475 4048 dem
507 3997 724 4065 attingit
778 3995 931 4068 Syria
967 4016 980 4051 :
1023 4000 1257 4052 Arabum
1299 4000 1638 4053 incursiones
1693 3999 1924 4055 subinde

355 4099 411 4140 et
432 4090 554 4140 Asia
612 4089 796 4143 minor
827 4091 1016 4144 sensit.
1063 4090 1415 4160 Suspicemur
1445 4092 1606 4161 igitur
1641 4107 1706 4145 ex
1743 4093 1924 4162 aliqua

359 4181 896 4253 istarum.regionum
925 4225 940 4249 ,
982 4199 1044 4238 ac
1101 4185 1368 4252 praecipue
1405 4201 1468 4238 ex
1503 4186 1762 4241 alterutra
1792 4189 1927 4240 dua-

361 4288 479 4326 rum
529 4275 852 4342 primarum,
908 4276 1194 4329 oriundum
1244 4274 1411 4330 fuisse
1454 4275 1697 4342 Petrum,
1755 4281 1930 4334 donec

359 4365 578 4419 aliunde
632 4365 830 4419 clarior
888 4367 1121 4421 fortasse
1172 4367 1260 4420 lux
1327 4367 1582 4437 atl‘ulgeat
1618 4369 1926 4437 aliquando.

2031 3272 2155 3328 culo
2185 3287 2273 3327 xtv
2304 3271 2586 3335 famosus;
2629 3284 2729 3324 nec
2758 3285 2860 3323 non
2911 3267 3169 3322 famosior
3202 3268 3313 3330 illa,
3349 3283 3450 3336 qua
3481 3283 3609 3323 cou-

2032 3364 2238 3419 futatus
2286 3365 2402 3433 ipse
2452 3372 2643 3432 postea
2703 3362 2805 3415 fuit
2855 3377 2882 3412 a
2945 3360 3206 3414 cardinali
3264 3359 3609 3422 Bessarione,

2031 3457 2185 3513 Becci
2219 3466 2379 3522 atque
2424 3454 2708 3509 catholicae
2737 3453 2997 3507 doctrinae
3025 3455 3092 3504 de
3145 3449 3380 3518 Spiritus
3432 3452 3610 3504 sancti

2032 3547 2382 3616 processione
2435 3546 2654 3614 egregio
2704 3542 3015 3597 defensore.
3071 3541 3372 3597 lncoluisse
3430 3555 3610 3596 autem

2032 3648 2086 3692 et
2117 3637 2232 3706 ipse
2256 3637 2509 3691 Palamas
2543 3636 2759 3690 videtur
2781 3643 3019 3688 montem
3043 3634 3266 3699 Athum,
3301 3634 3611 3702 priusquam

2035 3727 2482 3795 archiepiscopus
2515 3739 2833 3788 crearetur;
2887 3723 3068 3790 ibique
3096 3721 3276 3776 Vitam
3303 3726 3440 3776 hanc
3473 3725 3609 3777 scri-

2035 3821 2232 3886 psisse,
2263 3827 2317 3870 et
2348 3831 2445 3885 pro
2489 3817 2753 3870 concione
2790 3814 2856 3867 ad
2889 3815 3185 3868 monachos
3220 3813 3417 3868 ibidem
3443 3815 3615 3868 habi-

2037 3920 2215 3965 tantes
2237 3911 2457 3964 dixisse.
2483 3908 2770 3977 Colligitur
2796 3907 2848 3962 id
2875 3921 2941 3962 ex
2980 3905 3232 3974 Prologo,
3261 3907 3348 3959 ubi
3382 3907 3613 3973 Athum,

2034 4003 2246 4058 huncce
2281 4010 2519 4054 montem
2542 4039 2557 4061 ,
2592 4009 2642 4053 et
2671 3997 2911 4064 Petrum,
2945 3989 3244 4054 nostratem
3281 4007 3444 4067 atque
3476 4000 3618 4053 indi-

2043 4111 2240 4164 genam
2277 4092 2540 4163 appellat,
2567 4093 2655 4160 qui
2693 4092 2778 4145 hic
2802 4101 3091 4154 terrarum,
3125 4104 3318 4156 nempe
3345 4091 3395 4143 in
3427 4099 3615 4146 monte

2037 4189 2138 4243 boc
2161 4189 2326 4251 Atho,
2355 4186 2620 4240 habitavit
2655 4195 2815 4254 atque
2848 4183 3044 4237 ibidem
3094 4169 3325 4253 primum
3355 4192 3615 4251 tropa‘nm

2037 4283 2104 4333 de
2136 4279 2281 4332 victo
2312 4279 2556 4331 dtemone
2592 4275 2784 4330 erexit.
2808 4274 2884 4330 Ut
2938 4261 3067 4328 vero
3122 4274 3293 4343 magis
3344 4275 3620 4334 eximatur

2038 4369 2346 4436 suspicione
2391 4367 2702 4422 schismatis
2737 4366 2954 4430 Pettius,
2983 4367 3278 4419 notandum
3309 4373 3411 4431 est,
3443 4382 3617 4436 Ipsum

359 4454 608 4511 Excitato
643 4457 724 4527 (ut
755 4458 1012 4529 diximus)
1051 4459 1210 4523 bello,
1263 4459 1314 4512 in
1364 4477 1461 4514 can
1487 4477 1611 4529 pum
1645 4479 1764 4516 cum
1811 4463 1924 4519 aliis

2042 4455 2212 4509 Roma
2250 4455 2576 4523 profectum,
2606 4456 2658 4509 in
2686 4454 2844 4509 Creta
2871 4456 3129 4508 miracula
3164 4465 3444 4523 operatum
3479 4471 3620 4523 esse,

361 4552 632 4620 processit
658 4548 874 4617 Petrus,
915 4561 1211 4619 captusque
1240 4553 1290 4605 in
1326 4554 1580 4608 Arabiam
1617 4555 1928 4620 abducitur,

361 4649 417 4694 et
444 4643 651 4696 carceri
685 4641 1048 4710 mancipatur.
1083 4642 1212 4698 lude
1240 4659 1366 4699 vero
1397 4645 1653 4699 divinitus
1685 4657 1927 4713 ereptus,

365 4732 593 4786 Romam
655 4732 756 4788 iter
791 4733 1056 4798 instituit;
1106 4749 1337 4804 eamque
1379 4736 1670 4806 ingressus,
1724 4754 1751 4788 a
1795 4750 1932 4804 pon-

363 4826 508 4878 tilice
538 4828 890 4880 monasticam
925 4826 1164 4880 induitur
1212 4828 1450 4881 habitum
1488 4838 1540 4882 et
1588 4829 1814 4883 docetur
1852 4831 1935 4881 in-

362 4920 654 4971 stitutum.
711 4916 930 4971 Utinam
993 4918 1081 4974 hic
1148 4927 1340 4973 auctor
1399 4919 1671 4988 pontificis
1736 4933 1931 4973 IIOIIIen

359 5011 754 5076 expressisset!
781 5008 1024 5065 Certiora
1063 5009 1188 5063 inde
1236 5010 1494 5078 temporis
1555 5010 1750 5062 indicia
1790 5009 1934 5063 nacti

363 5100 687 5169 fuissemus,
740 5117 802 5156 ac
837 5103 1042 5158 certius
1086 5100 1570 5161 distiuxissemus,
1640 5101 1937 5155 llomatune

364 5205 584 5253 novam,
621 5206 688 5244 an
732 5198 964 5246 veterem
998 5189 1274 5260 profectus
1313 5188 1477 5242 fuerit
1503 5187 1939 5254 Petrus.Qnam-

366 5284 449 5336 vis
505 5284 622 5337 sine
685 5276 781 5337 illo.
821 5285 1022 5338 indicio
1077 5281 1248 5335 ausim
1282 5295 1550 5342 asserere,
1591 5279 1814 5333 Romam
1854 5282 1939 5333 hic

367 5374 767 5442 intelligendam
788 5390 907 5429 esse
945 5384 1202 5435 veterem,
1228 5372 1386 5441 idque
1411 5389 1474 5426 ex
1501 5373 1616 5440 ipso
1647 5372 1941 5441 navigatio-

363 5466 456 5520 nis
488 5481 648 5520 cursu
677 5467 921 5520 ostendo.

440 5557 528 5612 10.
570 5556 703 5611 Nam
736 5559 821 5612 ubi
856 5557 1026 5611 lloma
1064 5558 1362 5612 disressum
1399 5553 1721 5617 meditatur,
1755 5553 1942 5621 inqui-

364 5650 575 5706 siturus
614 5649 814 5714 locum,
852 5651 1128 5719 proposito
1154 5649 1256 5704 sibi
1278 5647 1523 5702 instituto
1542 5656 1940 5714 opportunum;

371 5762 392 5796 ο
433 5741 626 5814 Incidit
649 5743 699 5796 in
731 5751 946 5809 nautas,
975 5742 1083 5808 jam
1105 5750 1325 5810 paratos
1369 5740 1654 5794 discedere
1687 5752 1753 5793 ex
1784 5737 1966 5798 urbe,‘

368 5852 472 5892 nec
506 5834 675 5888 multo
708 5843 828 5904 post
859 5848 888 5889 e
928 5843 1084 5902 portu
1115 5832 1410 5897 soluturos,
1462 5842 1623 5902 atque
1654 5844 1748 5899 per
1807 5827 1940 5884 Cre-

2041 4561 2140 4600 nec
2187 4561 2308 4600 cum
2342 4544 2454 4598 ullo
2507 4545 2722 4609 exinde,
2759 4552 2958 4613 praeter
2993 4551 3260 4607 vectores,
3292 4544 3616 4598 collocutum

2041 4637 2210 4690 fuisse
2270 4651 2440 4705 usque
2500 4635 2565 4689 ad
2621 4635 2982 4703 penullimum
3046 4633 3168 4685 vita;
3224 4646 3335 4684 sum
3377 4649 3619 4703 annum;

2041 4733 2281 4798 adeoque
2320 4745 2442 4784 cum
2488 4729 2701 4782 nemine
2743 4728 2939 4797 egisse,
2973 4728 3064 4797 qui
3097 4742 3222 4780 eum
3255 4727 3322 4781 ad
3378 4728 3613 4783 schisma

2037 4822 2352 4890 pertrahere
2402 4821 2656 4889 potuerit.
2693 4819 2767 4875 Ut
2815 4819 2948 4872 nihil
2988 4821 3189 4882 dicam,
3239 4821 3378 4889 quod
3427 4821 3619 4876 incolm

2039 4915 2276 4982 ejusdem
2313 4913 2517 4967 montis
2549 4913 2822 4976 monachi,
2857 4911 2995 4966 uniti
3032 4911 3232 4965 fuerint
3281 4913 3457 4966 adlmc
3509 4913 3618 4967 Bo-

2043 5022 2214 5061 manzr
2245 5004 2496 5059 Ecclesiae
2524 5003 2726 5059 saeculo
2761 5017 2894 5069 xttl;
2921 5003 3137 5072 quando
3185 5005 3462 5058 humiliter
3489 5020 3617 5074 Sup-

2043 5099 2312 5167 plicarunt
2368 5096 2686 5151 Innocentio
2748 5093 2815 5148 Ill
2886 5110 3037 5165 papa:
3092 5104 3152 5149 ut
3201 5097 3480 5150 libertates
3513 5097 3617 5150 sibi

2043 5205 2170 5242 suas
2228 5187 2600 5248 confirmaret,
2650 5200 2816 5254 seque
2870 5185 2972 5239 Sltb
3023 5184 3165 5239 beati
3201 5184 3345 5238 Petri
3401 5199 3466 5237 ac
3520 5200 3615 5236 sua

2045 5258 2211 5346 ipsius
2245 5293 2394 5346 papae
2442 5275 2778 5346 protectione
2829 5276 3107 5344 suscipere
3138 5275 3493 5344 dignaretur:
3538 5268 3617 5327 uti

2043 5380 2096 5422 et
2157 5370 2358 5422 factum
2416 5378 2496 5421 est
2527 5383 2620 5436 per
2669 5368 2991 5436 rescriptum
3028 5367 3269 5435 ejusdem
3325 5365 3621 5433 pontificis,

2046 5457 2410 5526 Epistolarum
2456 5459 2575 5525 ejus
2631 5456 2772 5511 libro
2809 5473 2931 5518 xvi,
2982 5457 3142 5525 epist.
3194 5452 3294 5506 168
3335 5453 3620 5506 inscrtum.

2046 5551 2199 5616 Quod
2231 5551 2275 5603 si
2301 5550 2495 5604 deinde
2523 5547 2852 5603 schismatici
2883 5547 3006 5600 facti
3057 5556 3180 5599 sunt
3208 5545 3459 5597 monachi
3521 5543 3622 5609 illi,

2048 5643 2124 5696 uti
2177 5641 2278 5695 fuit
2323 5643 2438 5709 ipse
2499 5641 2787 5704 Palamas,
2821 5639 2949 5708 quid
3013 5638 3061 5691 id
3116 5636 3296 5700 faciat,
3340 5645 3399 5690 ut
3458 5637 3620 5690 etiam

2059 5733 2448 5786 schismaticus
2498 5731 2780 5801 iudicetur
2809 5728 2982 5782 fuisse
3036 5715 3256 5792 Petrus,
3285 5735 3436 5780 tanto
3470 5726 3625 5795 prius

2053 5836 2341 5894 mortuus,
2381 5840 2501 5881 cum
2537 5823 2670 5878 nihil
2702 5821 2922 5878 οιιιιιὶιιο
2971 5819 3113 5888 quod
3161 5817 3398 5875 schisma
3451 5819 3628 5885 sapiat
