3988 6476
377 416 487 481 997

1442 408 1622 472 VITA
1656 409 1714 468 S.
1759 404 1986 466 PETRI
2023 401 2459 462 ATHONII‘B.

3535 402 3644 466 9‘38

378 529 894 593 καταπαλαίσαντα,
954 528 1050 581 καὶ
1101 528 1365 597 τρόπαιον
1418 523 1674 577 ἐνταυθοῖ
1734 521 1952 591 πρῶτον

2079 531 2324 570 errarum
2381 513 2756 569 adversarium
2803 513 3148 584 proﬂigavit,
3195 513 3419 586 ejusque
3463 515 3647 588 furore

380 622 480 691 τῆς
524 621 738 673 ἐκείνου
787 619 908 672 καθ’
969 617 1126 688 ἡμῶν
1171 618 1450 686 στήσαντα
1483 614 1702 684 μανίας,
1736 613 1828 665 καὶ
1865 612 1956 663 τὸν

378 713 473 767 τοῦ
514 710 684 766 καλοῦ
734 711 936 780 σπόρον
981 710 1061 772 είς
1095 709 1288 778 καιρὸν
1333 709 1442 778 ἄρα
1493 705 1954 772 καταδαλόμενον,

378 805 504 856 ἐπεὶ
558 806 653 856 καὶ
708 801 921 869 ἀνεφύη
971 801 1068 853 καὶ
1115 799 1422 868 τέθραπται
1482 799 1577 851 καὶ
1623 797 1954 865 εὐφόρησεν,

377 896 452 959 ὡς
479 895 575 947 νῦν
615 896 678 946 ἐκ
707 894 816 945 τῶν
851 892 1148 963 ὁρωμένων
1171 890 1352 958 ἔξεστι
1379 891 1544 944 παντὶ
1579 888 1843 960 συνορᾷν.

452 1151 516 1222 β’.
559 1150 649 1215 Ὠς
685 1149 783 1220 μὲν
811 1143 904 1202 οὖν
960 1148 1053 1202 τὸν
1084 1148 1404 1218 τηλικοῦτον
1435 1146 1678 1219 ἀρχηγὸν
1707 1146 1799 1199 καὶ
1825 1145 1956 1217 ἡμῖν

379 1245 516 1313 πρὸς
556 1243 624 1296 τὰ
660 1241 888 1296 τοιαῦτα
943 1241 1160 1310 ὁδηγδν,
1201 1232 1299 1307 τῆς
1345 1240 1410 1293 ὲκ
1449 1240 1556 1292 τῶν
1600 1237 1841 1292 ἐπαίνων
1871 1254 1958 1307 γι-

377 1336 646 1404 γνομένης
689 1333 926 1402 ἀμοιϐῆς
957 1331 1168 1385 δίκαιόν
1219 1331 1370 1384 ἐστιν
1406 1330 1566 1401 εῐπερ
1597 1329 1718 1382 τινὰ
1753 1328 1958 1404 τυγχά-

378 1445 512 1491 νειν,
545 1427 746 1486 πάντες
776 1424 840 1477 ἂν
895 1425 1165 1494 συμφαῖεν
1190 1438 1204 1453 ⁸
1239 1424 1364 1492 ἐμοὶ
1411 1422 1465 1475 δὲ
1517 1423 1695 1476 πάντα
1727 1439 1786 1474 τε
1820 1421 1959 1486 ἐξει-

378 1516 500 1566 πεῖν
550 1514 620 1565 τὰ
671 1513 770 1564 τοῦ
817 1513 1033 1582 ἀνδρὸς,
1091 1517 1189 1566 καὶ
1237 1514 1303 1567 τὰ
1359 1513 1496 1584 πρὸς
1541 1513 1697 1580 ἀξίαν
1743 1513 1958 1580 ἑκάστῳ

375 1603 584 1657 τούτων
636 1602 929 1657 ἀποδοῦναι
1064 1602 1234 1672 ἐγγὺς
1290 1603 1398 1658 τῶν
1453 1601 1612 1656 πάντ’
1652 1602 1955 1657 ἀδυνάτων.

389 1696 564 1765 Ἀγὼν
623 1696 732 1766 γὰρ
779 1696 856 1758 ὡς
912 1695 1091 1748 ἔοικεν
1165 1695 1362 1766 ἐκείνῳ
1411 1695 1642 1764 γέγονε,
1705 1711 1957 1765 προεισε-

374 1789 592 1855 νεγκεῖν
617 1789 738 1849 ταῖς
769 1786 908 1857 πρὸς
936 1785 1074 1850 Θεοῦ
1102 1785 1489 1850 τοῖς-δικαίοις
1520 1784 1960 1854 ὲπαγγελμέναις

2063 623 2174 677 quo
2206 607 2262 661 in
2297 622 2395 662 nos
2421 606 2786 661 bacchabatur
2823 607 3057 673 tt-cnato,
3089 608 3322 676 primum
3356 607 3551 662 ibidem
3577 610 3644 662 de

2065 702 2158 756 illo
2197 710 2454 768 tropumm
2502 699 2710 764 erexit,
2747 713 2812 752 ac
2846 700 3105 752 virtutum
3158 700 3364 754 semina
3402 708 3642 770 tempore

2063 802 2372 862 opportuno
2433 798 2594 846 terrae
2645 792 2928 847 mandavit
2985 807 3000 845 :
3082 794 3523 864 quandoquidem
3574 805 3645 851 .et

2021 939 2026 942 _
2066 889 2224 936 enata
2259 881 2391 946 sint,
2450 889 2506 936 et
2555 880 2928 946 adoleverint,
2962 891 3016 936 et
3067 883 3262 940 uberes
3317 886 3647 953 protulerint

2067 973 2275 1028 fructus
2297 990 2312 1039 ;
2335 973 2413 1028 uti
2451 987 2596 1029 nunc
2619 972 2796 1029 cuivis
2849 989 2913 1028 ex
2947 973 3013 1028 its
3038 989 3160 1044 qua:
3186 976 3359 1034 oculis
3392 988 3642 1050 usurpat,

2067 1064 2421 1122 manifestum
2447 1075 2554 1122 est.

2133 1155 2190 1210 2.
2222 1156 2588 1225 Quamobrem
2627 1157 3030 1225 consenserint,
3057 1169 3209 1230 puto,
3261 1174 3452 1216 omnes
3485 1169 3540 1217 et
3568 1177 3644 1215 τρ-

2066 1263 2235 1319 quum
2279 1249 2603 1320 judicarint,
2651 1261 2710 1306 ut
2739 1261 2926 1308 tantus
2964 1253 3079 1318 vir,
3131 1252 3224 1320 qui
3285 1267 3384 1308 nos
3417 1253 3501 1308 .ad
3535 1263 3640 1308 tam

2049 1339 2325 1396 sublimia
2365 1342 2532 1406 ducit,
2564 1344 2846 1413 praemium
2883 1344 3027 1412 quod
3061 1360 3129 1398 ex
3161 1343 3489 1402 laudatione
3521 1361 3647 1414 pro-

2068 1445 2272 1500 manat,
2327 1438 2373 1490 si
2431 1436 2555 1504 quis
2605 1437 2770 1502 alius,
2813 1446 3204 1506 consequatur.
3262 1438 3374 1508 Ego
3429 1452 3557 1492 vero
3589 1447 3650 1490 ut

2066 1533 2264 1578 cuncta
2301 1541 2430 1596 qua:
2449 1527 2626 1596 ipsum
2660 1531 3080 1592 commendant,
3114 1543 3446 1599 prosequar,
3479 1543 3648 1597 eaque

2053 1629 2231 1682 .prout
2263 1630 2544 1678 merentur
2577 1621 2788 1692 singula
2829 1628 3100 1691 proteram
3124 1659 3138 1687 ,
3180 1622 3294 1677 ﬁeri
3330 1623 3419 1676 vix
3456 1631 3548 1675 aut
3580 1639 3648 1676 ne

2066 1708 2154 1762 vix
2185 1707 2402 1776 quidem
2453 1710 2646 1780 poterit
2683 1712 2834 1780 (nam
2882 1710 3160 1767 contentio
3199 1710 3319 1780 ejus
3370 1710 3517 1773 illuc,
3571 1709 3648 1763 uti

2021 1861 2024 1863 Α
2070 1794 2169 1869 par
2197 1811 2301 1864 εει,
2327 1801 2510 1856 omnis
2562 1805 2860 1867 tendebat,
2893 1813 2951 1858 ut
2979 1813 3270 1872 antequam
3321 1802 3646 1872 promissum

377 1881 671 1962 ἀμοιϐαῖς,
721 1875 834 1933 οἷόν
885 1897 1008 1934 τινα
1061 1879 1178 1950 βίου
1240 1881 1559 1950 σύμμετρον
1617 1878 1952 1948 ὑπερϐολὴν,

2070 1891 2223 1959 iustis
2271 1908 2304 1946 a
2354 1892 2465 1950 Deo
2515 1896 2800 1962 praemium
2854 1905 3304 1965 consequeretur,
3353 1893 3648 1964 quamdam

379 1975 614 2045 κρείττω
642 1972 844 2046 δηλαδὴ
878 1973 974 2024 καὶ
999 1971 1159 2040 λόγου
1207 1971 1303 2024 καὶ
1337 1971 1680 2040 ἀκροάσεως.
1720 1967 1865 2021 Ἀλλ’
1894 1967 1954 2020 οὐ

378 2067 532 2138 παρὰ
575 2065 720 2119 τοῦτ’
778 2064 1117 2118 ἀποστατέον
1169 2059 1312 2116 εἶναί
1374 2080 1464 2131 μοι
1515 2062 1688 2126 δοκεῖ,
1743 2059 1960 2130 σιωπὴν

378 2159 471 2211 ἐπὶ
498 2158 717 2211 πάντων
743 2155 1040 2226 ὴσκηκότι.
1076 2155 1186 2207 Καὶ
1211 2153 1322 2225 γὰρ
1355 2151 1478 2205 οὐδὲ
1503 2151 1616 2204 τῶν
1642 2152 1740 2221 τῆς
1769 2151 1870 2221 γῆς
1896 2167 1958 2204 τε

377 2251 475 2304 καὶ
510 2248 788 2310 θαλάττης
830 2249 889 2299 ἐν
919 2241 1001 2309 οἷς
1032 2246 1208 2298 τελεῖν
1237 2263 1296 2298 τε
1349 2244 1442 2298 καὶ
1494 2242 1735 2314 βαδίζειν
1768 2243 1961 2313 ἔχομεν

375 2339 734 2408 ἀφιστάμεθα
781 2339 989 2408 μερῶν,
1022 2337 1106 2389 ὅτι
1139 2336 1214 2403 μὴ
1266 2335 1515 2404 πλώϊμος
1561 2334 1593 2403 ἦ
1632 2333 1967 2404 πορεύσιμος

377 2432 631 2500 ἐξωτέρω
663 2431 751 2481 διὰ
793 2430 1014 2482 πάντων
1063 2428 1245 2480 ἐστίν·
1278 2427 1400 2479 οὐδὲ
1443 2427 1554 2488 τοῖς
1611 2425 1740 2494 περὶ
1785 2425 1966 2478 αὐτῶν

380 2525 770 2594 ἱστορηκόσιν,
822 2523 905 2574 ὅτι
970 2519 1048 2590 μὴ
1110 2519 1287 2572 πάντα
1341 2517 1411 2569 δι’
1468 2517 1758 2587 ἀκριὸείας
1817 2512 1964 2586 εἶχον

377 2618 637 2684 ἐξειπεῖν,
673 2616 892 2668 ἅπαντα
930 2616 1189 2682 παρεῖται
1211 2629 1226 2644 ο
1275 2610 1626 2682 διεξηγητέον
1679 2611 1736 2662 δὲ
1772 2611 1963 2664 κάκεί-

379 2727 494 2774 νοις
568 2710 750 2773 ἔδοξεν
831 2708 1098 2770 εἰκότως,
1156 2707 1256 2759 ὅσα
1319 2721 1378 2756 τε
1444 2704 1650 2757 τούτων
1720 2706 1817 2760 καὶ
1873 2705 1959 2774 ἐφ’

378 2805 504 2858 ὅσον
529 2799 618 2874 ἦν.

2068 1984 2235 2038 veluti
2285 1985 2700 2040 convenientem
2750 1986 2875 2040 vitae
2935 1987 3334 2054 praestantiam,
3388 1984 3650 2052 illamque

2069 2073 2354 2142 majorem,
2390 2089 2552 2142 quam
2581 2084 2639 2130 ut
2667 2075 2788 2144 quis
2809 2075 2997 2146 eloqui
3039 2076 3216 2133 verbis
3247 2085 3340 2129 aut
3372 2075 3657 2144 percipere

2045 2165 2252 2220 auditu
2291 2166 2498 2236 possit,
2520 2211 2522 2218 ,
2545 2181 2610 2221 eo
2641 2165 2916 2222 conferret
2945 2168 2964 2237 )
2997 2185 3013 2234 ;
3049 2182 3156 2222 non
3183 2168 3452 2223 continuo.
3473 2177 3650 2219 tamen

2069 2254 2384 2311 laudatione
2418 2257 2551 2311 mihi
2608 2259 2992 2316 abstinendum
3039 2271 3194 2328 puto,
3231 2268 3326 2313 aut
3359 2260 3544 2312 omnia
3577 2257 3652 2311 si-

2069 2347 2238 2404 lentio
2266 2351 2625 2405 involvenda.
2662 2352 2878 2408 Etenim
2917 2367 3094 2422 neque
3133 2367 3198 2407 ea
3233 2363 3506 2407 terrarum
3537 2367 3648 2404 ma-

2067 2440 2252 2509 risque
2284 2441 2484 2511 spatia,
2524 2442 2578 2496 in
2623 2445 2824 2512 quibus
2852 2444 3158 2500 incedimus
3186 2461 3253 2499 ac
3302 2445 3647 2513 navigamus,

2065 2545 2176 2585 non
2220 2531 2468 2588 adeunda
2522 2545 2802 2603 putamus,
2827 2544 3135 2605 propterea
3169 2537 3315 2604 quod
3355 2544 3499 2590 terra
3533 2551 3647 2589 non

2066 2623 2265 2692 ubique
2327 2627 2702 2694 pcrmcabilis,
2753 2642 2902 2682 mare
2954 2643 3062 2682 non
3104 2626 3304 2697 ubique
3339 2626 3648 2698 navigabile

2068 2713 2189 2768 sit:
2251 2730 2430 2784 neque
2477 2716 2537 2782 ii,
2585 2717 2686 2785 qui
2745 2717 2874 2772 talia
2930 2717 3243 2782 describere
3271 2719 3651 2784 instituerunt,

2068 2818 2354 2876 propterea
2384 2811 2529 2879 quod
2586 2827 2694 2866 non
2737 2811 2935 2870 omnia.
2973 2812 3387 2868 accuratissime
3434 2814 3655 2869 valeant

379 2899 702 2959 edisset-ere,
756 2896 937 2950 omnia
989 2893 1440 2965 praetermittunt;
1489 2893 1582 2948 sed
1620 2908 1801 2964 opera:
1829 2897 2062 2966 pretium
2104 2901 2311 2958 ducunt
2351 2917 2636 2972 enarrare,
2685 2913 2950 2975 quantum
2979 2919 3103 2975 .per
3150 2907 3309 2974 ,vires
3369 2917 3430 2962 et
3492 2909 3652 2977 inge-

381 2993 533 3048 nium
577 2995 814 3048 licuerit.

454 3093 526 3154 γ’.
558 3087 660 3138 Τὸν
697 3087 812 3138 ἴσον
872 3087 1060 3140 τοίνυν
1111 3086 1312 3157 τρόπον
1360 3084 1530 3154 κάμοὶ
1576 3083 1672 3135 νῦν
1703 3085 1963 3154 ἐγχειρη-

379 3179 521 3232 τέον.
573 3177 688 3231 ἀλλ’
739 3180 800 3230 οὐ
855 3178 1190 3244 παροπτέον,
1221 3179 1305 3230 ὅτι
1362 3177 1431 3229 τὰ
1488 3177 1588 3244 τῆς
1646 3176 1962 3239 ὑποθέσεως

382 3271 774 3341 ἀνυπέρϐλητα
825 3271 902 3340 τῷ
948 3271 1092 3338 λόγῳ
1138 3289 1150 3301 ·

383 3363 606 3431 προσέτι
653 3362 710 3414 δὲ
753 3363 848 3414 καὶ
882 3363 1050 3415 πᾶσιν
1097 3363 1243 3425 ὅσοις
1275 3362 1434 3429 λόγου
1488 3362 1743 3431 μέτεστιν
1768 3375 1782 3390 ·
1818 3358 1964 3413 οὕτω

382 3453 493 3522 γὰρ
538 3456 599 3504 ἐκ
646 3452 866 3505 πάντων
911 3452 1112 3522 γένοιτ’
1149 3453 1215 3505 ἂν
1257 3452 1386 3514 ἴσως
1417 3451 1631 3518 ἔρανος,
1668 3453 1964 3520 προσήκων

380 3546 460 3615 τῷ
492 3544 592 3612 τῆς
633 3543 948 3608 ὑποθέσεως
978 3543 1226 3614 μεγέθει.
1265 3543 1376 3596 Καὶ
1415 3541 1562 3595 τοῦθ’
1604 3540 1776 3604 οὕτως
1818 3540 1962 3612 ἔχον,

383 3639 498 3690 ὅσοι
528 3637 623 3690 τοῦ
666 3637 974 3705 καταλόγου
1003 3636 1112 3689 τῶν
1145 3635 1450 3704 ἐλλογίμων
1493 3636 1586 3686 ἐπὶ
1629 3633 1753 3688 νοῦν
1779 3633 1965 3703 βελλό-

385 3746 560 3799 μενοι,
597 3727 930 3799 συγγνώμην
961 3727 1251 3795 -ιεμοῦνται
1276 3727 1521 3796 εὐχερῶς
1557 3727 1680 3795 ἐμοί
1703 3743 1715 3756 ·
1739 3726 1963 3796 δεήσον-

379 3841 474 3875 ται
495 3823 603 3892 γὰρ
635 3822 806 3892 δήπου
840 3822 1045 3890 ταύτης
1080 3824 1175 3875 καί
1205 3821 1380 3886 αὐτοὶ,
1419 3819 1604 3874 κοινοῦ
1633 3820 1726 3872 τοῦ
1759 3820 1964 3890 χρέους

380 3913 558 3979 ὄντος,
593 3915 687 3966 καὶ
719 3917 875 3984 κοινῇ
909 3913 1034 3968 καθ’
1075 3915 1174 3967 ἕνα
1226 3913 1444 3966 πάντων
1488 3912 1960 3981 ἀπολειπομένων.

395 4006 539 4076 Ἐγὼ
563 4008 628 4071 δ’,
659 4000 704 4060 ὧ
729 4007 958 4076 θέατρον
1001 4007 1168 4077 ἱερὸν,
1201 4009 1294 4060 καὶ
1348 4007 1551 4069 παντδς
1635 4005 1969 4069 οὑτινοσοῦν,

382 4101 478 4151 καὶ
529 4099 626 4171 τὴν
650 4099 706 4165 ἐξ
733 4102 886 4168 ὑμῶν
917 4099 986 4151 δι’
1015 4099 1186 4169 εὐχῶν
1215 4098 1534 4170 τεθάῤῥηκα
1587 4096 1862 4168 βοήθειαν.
1907 4098 1969 4150 Εἰ

381 4191 490 4257 γὰρ
541 4189 634 4240 καὶ
672 4187 944 4258 δυσχερὴς
977 4189 1004 4238 ὁ
1040 4185 1410 4256 προκείμενος
1457 4187 1630 4256 ἀγὼν,
1665 4189 1803 4242 ἀλλά
1847 4191 1968 4250 ταῖς

384 4281 538 4348 ὑμῶν
601 4282 963 4349 ὲπικλήσεσιν
1035 4280 1194 4342 ἵλεως
1271 4281 1403 4349 ἡμῖν
1468 4280 1679 4333 ἄνωθεν
1767 4282 1968 4353 ἀρτίως

383 4372 757 4437 ἐποπτεύσας,
797 4373 824 4423 ὁ
875 4373 970 4423 καὶ
1001 4371 1081 4441 τῷ
1115 4372 1470 4443 προκειμένῳ
1505 4373 1641 4443 πρὸς
1680 4373 1770 4426 τὸν
1806 4375 1972 4442 ὑπερ-

384 4467 497 4533 φυᾶ
533 4465 646 4534 βίον
694 4467 1071 4535 συναράμενος
1122 4466 1278 4530 Θεὸς,
1316 4467 1425 4518 πᾶν
1476 4466 1684 4519 σκῶλον
1726 4467 1970 4520 ἐκποδὼν

385 4557 757 4624 καταστῆσαι,
786 4558 880 4610 καί
904 4555 1260 4610 συνδιαθέντα
1294 4557 1436 4627 λόγῳ
1465 4558 1630 4626 πόρον
1659 4559 1716 4610 ἐν
1746 4559 1970 4628 ἀπόροις

383 4648 579 4709 διδούς.

2148 3083 2205 3139 3.
2232 3082 2353 3140 Pari
2390 3084 2550 3140 modo
2578 3085 2749 3140 hocce
2784 3083 2917 3140 mibi
2944 3098 3089 3140 nunc
3118 3084 3538 3154 aggrediettdttm
3570 3094 3658 3142 est

2072 3192 2212 3246 Opus
2243 3193 2258 3244 ;
2306 3191 2413 3232 non
2451 3189 2633 3232 autem
2667 3178 2895 3233 omnino
2926 3177 3329 3249 negligendunt,
3365 3187 3652 3247 propterea

1211 3269 1305 3323 καὶ
1355 3271 1454 3340 οὐχ
1531 3269 1681 3329 ὅπως
1737 3267 1963 3336 ἔμοιγε,

2073 3271 2215 3338 quod
2245 3269 2550 3339 argumenti
2585 3270 2910 3325 excellentia
2935 3307 2954 3336 ,
2985 3284 3093 3324 non
3145 3271 3306 3326 modo
3346 3285 3377 3324 a
3406 3286 3526 3337 me,
3564 3287 3654 3326 vc-

2075 3376 2191 3413 rmu
2218 3360 2382 3415 etiam
2431 3375 2460 3414 a
2494 3359 2861 3416 disertissimo
2879 3361 3094 3430 quovis,
3114 3361 3378 3430 explicari
3401 3364 3654 3420 oratione

2068 3465 2176 3504 non
2209 3452 2416 3519 possit:
2457 3451 2533 3505 ita
2557 3451 2712 3506 enim
2759 3450 3016 3506 fortassis
3052 3451 3169 3515 ﬂet,
3212 3461 3271 3506 ut
3299 3467 3365 3505 ex
3397 3454 3650 3506 Omnibus

2066 3543 2316 3598 collectio
2338 3543 2683 3608 conﬁciatur,
2731 3542 3040 3615 argumenti
3089 3544 3656 3615 eonveniensmagui-

2067 3632 2264 3685 tudini.
2313 3631 2407 3685 llis
2442 3632 2630 3702 itaque
2682 3634 2762 3687 sic
2820 3645 2882 3687 se
2983 3627 3330 3695 habentibus,
3382 3646 3652 3704 quotquot

2067 3725 2268 3775 seriem
2299 3721 2558 3792 praeclare
2588 3733 2870 3792 geStorum
2907 3722 3025 3794 ejus
3055 3725 3108 3777 in
3153 3724 3394 3779 animum
3431 3742 3654 3782 revoca-

2070 3814 2272 3876 verint,
2305 3813 2463 3868 facile
2492 3815 2705 3868 veniam
2749 3814 2956 3870 dabunt
2988 3816 3239 3870 tenuitati
3277 3827 3509 3884 nostrae,
3546 3838 3650 3889 (μη

2071 3905 2260 3972 utique
2314 3912 2369 3960 et
2401 3903 2502 3974 ipsi
2538 3905 2879 3974 indigerent;
2928 3921 3048 3969 cum
3090 3907 3193 3962 hoc
3240 3923 3528 3964 commune
3575 3915 3651 3965 sit

2070 3997 2333 4061 debitum,
2370 4009 2423 4051 ct
2453 3999 2816 4052 communiter
2858 4000 2924 4052 ad
2974 4016 3138 4054 unum
3175 4016 3367 4056 omnes
3401 4003 3488 4058 llic
3515 4007 3651 4057 tlt'll-

2070 4084 2304 4138 ciamus.
2341 4084 2454 4152 Ego
2487 4100 2614 4139 vero
2640 4124 2656 4150 ,
2693 4101 2724 4139 ο
2751 4088 2894 4141 sacri
2926 4090 3205 4144 auditores
3235 4129 3251 4152 ,
3289 4105 3401 4144 rem
3463 4107 3656 4164 aggre-

2070 4178 2211 4243 dior,
2237 4189 2349 4232 tum
2383 4179 2621 4250 cujusvis
2641 4180 2900 4247 alterius,
2945 4193 3060 4236 tutu
3097 4195 3273 4237 vestra
3307 4201 3408 4254 ope
3439 4202 3503 4240 ac
3528 4205 3654 4248 orn-

2074 4269 2311 4326 tiouibus
2334 4270 2528 4327 fretus.
2583 4270 2638 4326 Si
2682 4273 2826 4327 enim
2883 4274 3204 4342 periculosa:
3253 4290 3339 4328 me
3374 4283 3654 4334 eummito

2073 4361 2336 4433 palmstrae
2367 4402 2383 4428 ,
2419 4366 2616 4418 vestris
2648 4365 3140 4434 supplicationibus
3169 4377 3373 4434 motus,
3409 4371 3519 4438 jam
3557 4388 3652 4424 ιιο-

2078 4456 2162 4509 bis
2191 4473 2222 4511 e
2250 4457 2391 4511 cmlo
2421 4458 2683 4526 propitius
2737 4459 3036 4527 respiciens
3063 4459 3233 4524 Deus,
3268 4464 3357 4530 qui
3389 4472 3452 4516 ct‘
3483 4467 3652 4518 \it‘lltlt

2074 4560 2181 4614 quo
2207 4551 2272 4601 de
2303 4563 2526 4616 agemus
2552 4550 2618 4602 ad
2662 4557 2770 4601 tam
2826 4551 3115 4604 sublimem
3149 4552 3273 4606 vita:
3306 4559 3652 4611 sanctitatem

2002 4662 2044 4715 ο
2074 4641 2346 4708 perduxit,
2387 4655 2548 4694 ontue
2599 4641 3052 4709 impedimentum,
3121 4647 3306 4711 proettl
3360 4653 3652 4718 amovcbit,

2079 4743 2241 4787 atauc
2277 4733 2510 4788 orationi
2549 4743 2744 4788 nostra:
2777 4735 2916 4786 viam
2955 4750 3049 4802 per
3081 4736 3223 4791 invia
3255 4743 3476 4807 μυριάδι.

1869 4877 2098 4934 CAPUT

1258 4999 1407 5054 Petri
1435 5002 1636 5068 patria,
1665 5000 1882 5063 militia,
1921 5000 2220 5067 captivitas,
2255 5012 2451 5065 votum,
2480 5005 2744 5056 liberalia.

460 5119 524 5172 δ’.
556 5118 754 5179 Γονέας
792 5117 890 5187 μὲν
935 5112 1028 5171 οὖν
1083 5123 1176 5169 καὶ
1232 5114 1333 5187 τὴν
1377 5119 1442 5170 ἐκ
1496 5117 1688 5178 παιδὸς
1731 5117 1968 5187 πατρίδα

381 5210 482 5261 τοῦ
511 5210 749 5278 μεγάλου
778 5209 972 5262 τούτου
1010 5208 1105 5261 καὶ
1140 5208 1451 5277 θαυμασίου
1509 5208 1744 5279 ΙΙατρὸς,
1780 5210 1874 5261 καὶ
1904 5202 1966 5260 οὗ

382 5303 677 5372 πρέπουσα
722 5303 922 5373 πατρὶς
960 5304 993 5372 ἡ
1028 5303 1136 5353 τῶν
1168 5302 1516 5372 ἐπουρανίων
1559 5301 1754 5371 σκηνὴ,
1787 5301 1968 5363 καλῶς

387 5392 561 5444 ποιῶν
599 5393 628 5444 ὁ
657 5395 846 5461 χρόνος
883 5391 1105 5458 ἀόύσσῳ
1151 5389 1325 5460 λήθης
1373 5390 1719 5460 καθῆκεν.⁶⁹Α
1758 5391 1866 5459 γὰρ
1888 5390 1968 5443 ἔτι

383 5486 554 5550 ζῶντι
605 5486 683 5553 τῷ
733 5487 966 5555 γενναίῳ
1016 5485 1336 5555 παρῶπται,
1370 5486 1442 5546 ὼς
1477 5484 1584 5555 ἄρα
1631 5485 1729 5554 τῆς
1762 5485 1970 5537 οἰκείας

383 5577 594 5647 ἀρετῆς
626 5577 844 5641 ἀνάξια,
880 5581 1085 5629 τούτων
1119 5579 1347 5638 εἰκότως
1408 5579 1527 5630 οὐδὲ
1590 5581 1639 5629 οἱ
1667 5579 1764 5648 τὴ)
1790 5578 1968 5648 ἀρχὴν

383 5669 457 5723 τὰ
507 5670 630 5722 κατ’
665 5670 828 5723 αὑτὸν
889 5673 1339 5740 συγγεγραςότες
1388 5672 1498 5724 δεῖν
1555 5671 1817 5742 ᾠήθησαν
1864 5687 1966 5742 με-

389 5761 653 5832 μνῆσθαι.
692 5761 782 5825 Εἰς
839 5763 868 5815 ὅ
921 5764 984 5818 δὲ
1035 5765 1218 5832 φέρων
1251 5766 1466 5830 ἑαυτὸν,
1508 5764 1710 5834 μᾶλλον
1760 5763 1818 5817 δὲ
1866 5762 1970 5816 ὑπό

383 5851 528 5906 Θεοῦ
582 5854 885 5922 φερόμενος
933 5853 1300 5926 κατῴκισται,
1351 5859 1442 5909 καὶ
1503 5852 1563 5911 οὗ
1609 5857 1736 5920 τοὺς
1792 5856 1972 5918 θείους

2146 5117 2200 5172 4.
2237 5117 2384 5183 Quos
2416 5129 2688 5187 parentes,
2721 5137 2888 5190 quam
2918 5123 3148 5191 patriam
3187 5124 3364 5178 infans
3391 5125 3655 5177 imbuerit

2079 5226 2311 5282 magnus
2341 5211 2431 5267 hic
2462 5221 2519 5267 et
2560 5214 2904 5272 admirabilis
2933 5215 3118 5282 Pater,
3149 5219 3234 5273 cui
3265 5220 3491 5287 patriam
3526 5235 3661 5271 con-

2078 5304 2327 5358 veniebat
2349 5319 2470 5358 esse
2509 5305 2920 5362 tabernaculum
2955 5310 3200 5373 crelcste,
3233 5310 3340 5363 alta
3373 5309 3660 5364 oblivionis

2079 5396 2276 5467 abysso
2299 5407 2512 5466 tempus
2547 5411 2654 5450 non
2698 5398 2994 5470 incongrue
3040 5399 3310 5468 sepelivit.
3337 5399 3470 5465 Qua:
3505 5402 3652 5452 enim

2083 5489 2267 5543 vivens
2331 5487 2461 5557 ille,
2502 5499 2561 5545 ut
2617 5490 2778 5559 digna
2831 5494 3036 5546 virtute
3089 5507 3229 5556 sua,
3285 5492 3658 5560 despiciebat,

2077 5579 2266 5634 eadem
2333 5594 2512 5650 neque
2571 5582 3048 5636 commemoranda
3097 5578 3200 5634 sibi
3248 5593 3391 5645 esse,
3458 5585 3655 5633 merito

2077 5672 2462 5728 existimarunt
2523 5673 2597 5738 ii,
2657 5675 2746 5743 qui
2804 5690 2888 5728 res
2943 5675 3013 5725 ab
3057 5671 3143 5725 illo
3195 5684 3379 5741 gestas
3422 5672 3652 5740 primum

2077 5763 2275 5818 litteris
2305 5765 2721 5828 mandaverunt.
2754 5766 2821 5817 At
2869 5779 3030 5829 vero,
3063 5764 3116 5818 in
3165 5778 3326 5832 quem
3362 5764 3655 5818 habitatio-

2087 5857 2170 5912 uis
2218 5856 2399 5912 locum
2459 5856 2572 5927 ipse
2615 5857 2887 5924 transivit,
2943 5865 3034 5910 aut
3083 5857 3261 5927 potius
3307 5856 3488 5912 divino
3522 5863 3658 5912 nutu
