  <div class='ocr_page' id='page_1' title='image "/cluster/home/n/w/nwhite01/storage/ocr_20150623/150:no.1/coo.31924054870559/507.png"; bbox 0 0 3988 6496; ppageno 0'>
   <div class='ocr_carea' id='block_1_1' title="bbox 378 353 487 420">
    <p class='ocr_par' dir='ltr' id='par_1_1' title="bbox 378 353 487 420">
     <span class='ocr_line' id='line_1_1' title="bbox 378 353 487 420; baseline 0.009 -1"><span class='ocrx_word' id='word_1_1' title='bbox 378 353 487 420; x_wconf 81' lang='lat'><strong>999</strong></span> 
     </span>
    </p>
   </div>
   <div class='ocr_carea' id='block_1_2' title="bbox 1626 317 2378 404">
    <p class='ocr_par' dir='ltr' id='par_1_2' title="bbox 1626 317 2378 404">
     <span class='ocr_line' id='line_1_2' title="bbox 1626 317 2378 404; baseline -0.008 0"><span class='ocrx_word' id='word_1_2' title='bbox 1626 324 2013 404; x_wconf 77' lang='lat' dir='ltr'><strong>ouseo&#39;mt</strong></span> <span class='ocrx_word' id='word_1_3' title='bbox 2035 317 2378 400; x_wconf 56' lang='lat' dir='ltr'><strong>summa:</strong></span> 
     </span>
    </p>
   </div>
   <div class='ocr_carea' id='block_1_3' title="bbox 3498 317 3637 401">
    <p class='ocr_par' dir='ltr' id='par_1_3' title="bbox 3498 317 3637 401">
     <span class='ocr_line' id='line_1_3' title="bbox 3498 317 3637 401; baseline 0.036 -5"><span class='ocrx_word' id='word_1_4' title='bbox 3498 317 3637 401; x_wconf 72' lang='lat'><strong>1000</strong></span> 
     </span>
    </p>
   </div>
   <div class='ocr_carea' id='block_1_4' title="bbox 378 448 1991 540">
    <p class='ocr_par' dir='ltr' id='par_1_4' title="bbox 378 461 1991 540">
     <span class='ocr_line' id='line_1_4' title="bbox 378 461 1991 540; baseline -0.014 -7"><span class='ocrx_word' id='word_1_5' title='bbox 378 474 676 534; x_wconf 88' lang='lat' dir='ltr'><strong>translatus</strong></span> <span class='ocrx_word' id='word_1_6' title='bbox 703 471 809 540; x_wconf 56' lang='lat' dir='ltr'><strong>est,</strong></span> <span class='ocrx_word' id='word_1_7' title='bbox 835 469 925 527; x_wconf 87' lang='lat' dir='ltr'><strong>ubi</strong></span> <span class='ocrx_word' id='word_1_8' title='bbox 956 465 1260 526; x_wconf 73' lang='lat' dir='ltr'><strong>certamina</strong></span> <span class='ocrx_word' id='word_1_9' title='bbox 1292 478 1390 520; x_wconf 88' lang='lat' dir='ltr'><strong>sua</strong></span> <span class='ocrx_word' id='word_1_10' title='bbox 1436 461 1547 519; x_wconf 83' lang='lat' dir='ltr'><strong>Deo</strong></span> <span class='ocrx_word' id='word_1_11' title='bbox 1577 461 1741 530; x_wconf 86' lang='lat' dir='ltr'><strong>digne</strong></span> <span class='ocrx_word' id='word_1_12' title='bbox 1765 470 1949 514; x_wconf 78' lang='lat' dir='ltr'><strong>ecrta-</strong></span> <span class='ocrx_word' id='word_1_13' title='bbox 1978 486 1991 521; x_wconf 53' lang='grc' dir='ltr'><em>Α</em></span> 
     </span>
    </p>
   </div>
   <div class='ocr_carea' id='block_1_5' title="bbox 2095 448 3638 540">
    <p class='ocr_par' dir='ltr' id='par_1_5' title="bbox 2095 448 3638 527">
     <span class='ocr_line' id='line_1_5' title="bbox 2095 448 3638 527; baseline -0.003 -16"><span class='ocrx_word' id='word_1_14' title='bbox 2095 459 2252 520; x_wconf 86' lang='grc' dir='ltr'>θλους</span> <span class='ocrx_word' id='word_1_15' title='bbox 2301 457 2490 527; x_wconf 84' lang='grc' dir='ltr'>ῆνυσε,</span> <span class='ocrx_word' id='word_1_16' title='bbox 2525 452 2619 507; x_wconf 76' lang='grc' dir='ltr'>καὶ</span> <span class='ocrx_word' id='word_1_17' title='bbox 2661 451 2789 508; x_wconf 85' lang='grc' dir='ltr'>ὅθεν</span> <span class='ocrx_word' id='word_1_18' title='bbox 2830 451 3041 522; x_wconf 78' lang='grc' dir='ltr'><strong>ἀνέπτη</strong></span> <span class='ocrx_word' id='word_1_19' title='bbox 3077 448 3217 520; x_wconf 58' lang='grc' dir='ltr'>πρὶς</span> <span class='ocrx_word' id='word_1_20' title='bbox 3263 450 3514 521; x_wconf 74' lang='grc' dir='ltr'>οὐρανὸν,</span> <span class='ocrx_word' id='word_1_21' title='bbox 3544 452 3638 506; x_wconf 73' lang='grc' dir='ltr'>τὸν</span> 
     </span>
    </p>
   </div>
   <div class='ocr_carea' id='block_1_6' title="bbox 380 550 1960 634">
    <p class='ocr_par' dir='ltr' id='par_1_6' title="bbox 380 550 1960 634">
     <span class='ocr_line' id='line_1_6' title="bbox 380 550 1960 634; baseline -0.014 -10"><span class='ocrx_word' id='word_1_22' title='bbox 380 571 484 634; x_wconf 89' lang='lat' dir='ltr'><strong>vit,</strong></span> <span class='ocrx_word' id='word_1_23' title='bbox 513 584 579 625; x_wconf 91' lang='lat' dir='ltr'><strong>ac</strong></span> <span class='ocrx_word' id='word_1_24' title='bbox 604 568 749 622; x_wconf 92' lang='lat' dir='ltr'><strong>unde</strong></span> <span class='ocrx_word' id='word_1_25' title='bbox 789 575 973 621; x_wconf 90' lang='lat' dir='ltr'><strong>tamen</strong></span> <span class='ocrx_word' id='word_1_26' title='bbox 1018 564 1075 618; x_wconf 89' lang='lat' dir='ltr'><strong>in</strong></span> <span class='ocrx_word' id='word_1_27' title='bbox 1122 559 1297 616; x_wconf 60' lang='lat' dir='ltr'><strong>caelos</strong></span> <span class='ocrx_word' id='word_1_28' title='bbox 1344 555 1624 614; x_wconf 83' lang='lat' dir='ltr'><strong>avolavit:</strong></span> <span class='ocrx_word' id='word_1_29' title='bbox 1661 556 1832 614; x_wconf 89' lang='lat' dir='ltr'><strong>hunc,</strong></span> <span class='ocrx_word' id='word_1_30' title='bbox 1873 550 1960 604; x_wconf 87' lang='lat' dir='ltr'><strong>in-</strong></span> 
     </span>
    </p>
   </div>
   <div class='ocr_carea' id='block_1_7' title="bbox 384 645 1961 732">
    <p class='ocr_par' dir='ltr' id='par_1_7' title="bbox 384 645 1961 732">
     <span class='ocr_line' id='line_1_7' title="bbox 384 645 1961 732; baseline -0.013 -17"><span class='ocrx_word' id='word_1_31' title='bbox 384 676 572 732; x_wconf 88' lang='lat' dir='ltr'><strong>quam,</strong></span> <span class='ocrx_word' id='word_1_32' title='bbox 600 657 1015 714; x_wconf 89' lang='lat' dir='ltr'><strong>celeberrimum</strong></span> <span class='ocrx_word' id='word_1_33' title='bbox 1049 650 1532 715; x_wconf 81' lang='lat' dir='ltr'><strong>venerandumque</strong></span> <span class='ocrx_word' id='word_1_34' title='bbox 1562 645 1961 711; x_wconf 86' lang='lat' dir='ltr'><strong>locum;hunc,</strong></span> 
     </span>
    </p>
   </div>
   <div class='ocr_carea' id='block_1_8' title="bbox 385 734 1963 815">
    <p class='ocr_par' dir='ltr' id='par_1_8' title="bbox 385 734 1963 815">
     <span class='ocr_line' id='line_1_8' title="bbox 385 734 1963 815; baseline -0.011 -10"><span class='ocrx_word' id='word_1_35' title='bbox 385 753 643 806; x_wconf 89' lang='lat' dir='ltr'><strong>virtutum</strong></span> <span class='ocrx_word' id='word_1_36' title='bbox 700 749 915 815; x_wconf 87' lang='lat' dir='ltr'><strong>sedem;</strong></span> <span class='ocrx_word' id='word_1_37' title='bbox 980 746 1128 801; x_wconf 92' lang='lat' dir='ltr'><strong>hunc</strong></span> <span class='ocrx_word' id='word_1_38' title='bbox 1159 742 1339 801; x_wconf 89' lang='lat' dir='ltr'><strong>omnis</strong></span> <span class='ocrx_word' id='word_1_39' title='bbox 1389 737 1695 796; x_wconf 87' lang='lat' dir='ltr'><strong>honestatis</strong></span> <span class='ocrx_word' id='word_1_40' title='bbox 1740 734 1963 791; x_wconf 82' lang='lat' dir='ltr'><strong>domici-</strong></span> 
     </span>
    </p>
   </div>
   <div class='ocr_carea' id='block_1_9' title="bbox 384 828 1962 910">
    <p class='ocr_par' dir='ltr' id='par_1_9' title="bbox 384 828 1962 910">
     <span class='ocr_line' id='line_1_9' title="bbox 384 828 1962 910; baseline -0.012 -11"><span class='ocrx_word' id='word_1_41' title='bbox 384 844 557 910; x_wconf 89' lang='lat' dir='ltr'><strong>lium;</strong></span> <span class='ocrx_word' id='word_1_42' title='bbox 599 843 764 903; x_wconf 85' lang='lat' dir='ltr'><strong>hunc,</strong></span> <span class='ocrx_word' id='word_1_43' title='bbox 816 838 1121 895; x_wconf 80' lang='lat' dir='ltr'><strong>caelestium</strong></span> <span class='ocrx_word' id='word_1_44' title='bbox 1173 833 1374 897; x_wconf 88' lang='lat' dir='ltr'><strong>simile,</strong></span> <span class='ocrx_word' id='word_1_45' title='bbox 1427 847 1533 886; x_wconf 88' lang='lat' dir='ltr'><strong>non</strong></span> <span class='ocrx_word' id='word_1_46' title='bbox 1589 828 1962 885; x_wconf 85' lang='lat' dir='ltr'><strong>mahufa‘ctum</strong></span> 
     </span>
    </p>
   </div>
   <div class='ocr_carea' id='block_1_10' title="bbox 387 918 1965 997">
    <p class='ocr_par' dir='ltr' id='par_1_10' title="bbox 387 918 1965 997">
     <span class='ocr_line' id='line_1_10' title="bbox 387 918 1965 997; baseline -0.011 -7"><span class='ocrx_word' id='word_1_47' title='bbox 387 932 846 997; x_wconf 73' lang='lat' dir='ltr'><strong>tabernaculum;</strong></span> <span class='ocrx_word' id='word_1_48' title='bbox 887 932 1054 996; x_wconf 75' lang='lat' dir='ltr'><strong>hunc,</strong></span> <span class='ocrx_word' id='word_1_49' title='bbox 1110 925 1290 985; x_wconf 84' lang='lat' dir='ltr'><strong>omnis</strong></span> <span class='ocrx_word' id='word_1_50' title='bbox 1339 920 1538 981; x_wconf 76' lang='lat' dir='ltr'><strong>celeri&#39;s</strong></span> <span class='ocrx_word' id='word_1_51' title='bbox 1570 937 1785 994; x_wconf 84' lang='lat' dir='ltr'><strong>purum.</strong></span> <span class='ocrx_word' id='word_1_52' title='bbox 1816 918 1965 973; x_wconf 75' lang='lat' dir='ltr'><strong>Omni</strong></span> 
     </span>
    </p>
   </div>
   <div class='ocr_carea' id='block_1_11' title="bbox 387 1012 1967 1088">
    <p class='ocr_par' dir='ltr' id='par_1_11' title="bbox 387 1012 1967 1088">
     <span class='ocr_line' id='line_1_11' title="bbox 387 1012 1967 1088; baseline -0.011 -8"><span class='ocrx_word' id='word_1_53' title='bbox 387 1022 714 1080; x_wconf 75' lang='lat' dir='ltr'><strong>exsecrabili</strong></span> <span class='ocrx_word' id='word_1_54' title='bbox 759 1020 1043 1076; x_wconf 69' lang='lat' dir='ltr'><strong>affectione</strong></span> <span class='ocrx_word' id='word_1_55' title='bbox 1068 1019 1231 1075; x_wconf 79' lang='lat' dir='ltr'><strong>animi</strong></span> <span class='ocrx_word' id='word_1_56' title='bbox 1249 1017 1606 1088; x_wconf 83' lang='lat' dir='ltr'><strong>superiorem,</strong></span> <span class='ocrx_word' id='word_1_57' title='bbox 1633 1028 1661 1067; x_wconf 91' lang='lat' dir='ltr'><strong>a</strong></span> <span class='ocrx_word' id='word_1_58' title='bbox 1679 1012 1967 1068; x_wconf 86' lang='lat' dir='ltr'><strong>sanctitate</strong></span> 
     </span>
    </p>
   </div>
   <div class='ocr_carea' id='block_1_12' title="bbox 387 1104 1968 1182">
    <p class='ocr_par' dir='ltr' id='par_1_12' title="bbox 387 1104 1968 1182">
     <span class='ocr_line' id='line_1_12' title="bbox 387 1104 1968 1182; baseline -0.009 -13"><span class='ocrx_word' id='word_1_59' title='bbox 387 1130 485 1169; x_wconf 89' lang='lat' dir='ltr'><strong>sua</strong></span> <span class='ocrx_word' id='word_1_60' title='bbox 512 1128 755 1182; x_wconf 83' lang='lat' dir='ltr'><strong>congrue</strong></span> <span class='ocrx_word' id='word_1_61' title='bbox 788 1109 1492 1181; x_wconf 61' lang='lat' dir='ltr'><strong>cognominatumgmontem</strong></span> <span class='ocrx_word' id='word_1_62' title='bbox 1513 1124 1527 1174; x_wconf 91' lang='lat'><strong>;</strong></span> <span class='ocrx_word' id='word_1_63' title='bbox 1550 1107 1716 1169; x_wconf 87' lang='lat' dir='ltr'><strong>hunc,</strong></span> <span class='ocrx_word' id='word_1_64' title='bbox 1735 1104 1790 1156; x_wconf 90' lang='lat' dir='ltr'><strong>in</strong></span> <span class='ocrx_word' id='word_1_65' title='bbox 1813 1110 1968 1170; x_wconf 88' lang='lat' dir='ltr'><strong>parte</strong></span> 
     </span>
    </p>
   </div>
   <div class='ocr_carea' id='block_1_13' title="bbox 388 1192 1968 1274">
    <p class='ocr_par' dir='ltr' id='par_1_13' title="bbox 388 1192 1968 1274">
     <span class='ocr_line' id='line_1_13' title="bbox 388 1192 1968 1274; baseline -0.009 -16"><span class='ocrx_word' id='word_1_66' title='bbox 388 1203 583 1274; x_wconf 64' lang='lat' dir='ltr'><strong>patriae</strong></span> <span class='ocrx_word' id='word_1_67' title='bbox 640 1200 834 1257; x_wconf 83' lang='lat' dir='ltr'><strong>habuit</strong></span> <span class='ocrx_word' id='word_1_68' title='bbox 877 1200 963 1255; x_wconf 88' lang='lat' dir='ltr'><strong>vir</strong></span> <span class='ocrx_word' id='word_1_69' title='bbox 994 1198 1085 1255; x_wconf 89' lang='lat' dir='ltr'><strong>ille</strong></span> <span class='ocrx_word' id='word_1_70' title='bbox 1142 1216 1156 1254; x_wconf 91' lang='lat'><strong>:</strong></span> <span class='ocrx_word' id='word_1_71' title='bbox 1223 1198 1382 1269; x_wconf 85' lang='lat' dir='ltr'><strong>cujus</strong></span> <span class='ocrx_word' id='word_1_72' title='bbox 1440 1193 1586 1252; x_wconf 86' lang='lat' dir='ltr'><strong>nulla</strong></span> <span class='ocrx_word' id='word_1_73' title='bbox 1640 1193 1850 1250; x_wconf 88' lang='lat' dir='ltr'><strong>mentio</strong></span> <span class='ocrx_word' id='word_1_74' title='bbox 1909 1192 1968 1246; x_wconf 87' lang='lat' dir='ltr'><strong>fit</strong></span> 
     </span>
    </p>
   </div>
   <div class='ocr_carea' id='block_1_14' title="bbox 391 1278 1968 1364">
    <p class='ocr_par' dir='ltr' id='par_1_14' title="bbox 391 1278 1968 1364">
     <span class='ocr_line' id='line_1_14' title="bbox 391 1278 1968 1364; baseline -0.007 -15"><span class='ocrx_word' id='word_1_75' title='bbox 391 1296 624 1364; x_wconf 84' lang='lat' dir='ltr'><strong>uspiam,</strong></span> <span class='ocrx_word' id='word_1_76' title='bbox 658 1293 765 1347; x_wconf 86' lang='lat' dir='ltr'><strong>nisi</strong></span> <span class='ocrx_word' id='word_1_77' title='bbox 794 1300 851 1348; x_wconf 93' lang='lat' dir='ltr'><strong>et</strong></span> <span class='ocrx_word' id='word_1_78' title='bbox 884 1290 1080 1346; x_wconf 90' lang='lat' dir='ltr'><strong>montis</strong></span> <span class='ocrx_word' id='word_1_79' title='bbox 1105 1278 1234 1355; x_wconf 80' lang='lat' dir='ltr'><strong>ﬂat;</strong></span> <span class='ocrx_word' id='word_1_80' title='bbox 1278 1288 1425 1344; x_wconf 87' lang='lat' dir='ltr'><strong>nulla</strong></span> <span class='ocrx_word' id='word_1_81' title='bbox 1460 1295 1612 1359; x_wconf 87' lang='lat' dir='ltr'><strong>gesta</strong></span> <span class='ocrx_word' id='word_1_82' title='bbox 1653 1285 1968 1357; x_wconf 83' lang='lat' dir='ltr'><strong>audiuntur,</strong></span> 
     </span>
    </p>
   </div>
   <div class='ocr_carea' id='block_1_15' title="bbox 391 1377 1971 1455">
    <p class='ocr_par' dir='ltr' id='par_1_15' title="bbox 391 1377 1971 1455">
     <span class='ocr_line' id='line_1_15' title="bbox 391 1377 1971 1455; baseline -0.007 -13"><span class='ocrx_word' id='word_1_83' title='bbox 391 1388 494 1443; x_wconf 87' lang='lat' dir='ltr'><strong>nisi</strong></span> <span class='ocrx_word' id='word_1_84' title='bbox 524 1399 581 1442; x_wconf 92' lang='lat' dir='ltr'><strong>et</strong></span> <span class='ocrx_word' id='word_1_85' title='bbox 609 1401 765 1441; x_wconf 90' lang='lat' dir='ltr'><strong>mons</strong></span> <span class='ocrx_word' id='word_1_86' title='bbox 786 1385 1156 1455; x_wconf 82' lang='lat' dir='ltr'><strong>intelligatur;</strong></span> <span class='ocrx_word' id='word_1_87' title='bbox 1181 1397 1249 1438; x_wconf 83' lang='lat' dir='ltr'><strong>ex</strong></span> <span class='ocrx_word' id='word_1_88' title='bbox 1280 1395 1389 1452; x_wconf 85' lang='lat' dir='ltr'><strong>quo</strong></span> <span class='ocrx_word' id='word_1_89' title='bbox 1431 1381 1691 1436; x_wconf 77' lang='lat' dir='ltr'><strong>videlicet</strong></span> <span class='ocrx_word' id='word_1_90' title='bbox 1723 1380 1839 1448; x_wconf 91' lang='lat' dir='ltr'><strong>ipse</strong></span> <span class='ocrx_word' id='word_1_91' title='bbox 1891 1377 1971 1432; x_wconf 92' lang='lat' dir='ltr'><strong>di-</strong></span> 
     </span>
    </p>
   </div>
   <div class='ocr_carea' id='block_1_16' title="bbox 391 1466 1970 1551">
    <p class='ocr_par' dir='ltr' id='par_1_16' title="bbox 391 1466 1970 1551">
     <span class='ocr_line' id='line_1_16' title="bbox 391 1466 1970 1551; baseline -0.006 -19"><span class='ocrx_word' id='word_1_92' title='bbox 391 1480 693 1551; x_wconf 85' lang='lat' dir='ltr'><strong>gnoscitur,</strong></span> <span class='ocrx_word' id='word_1_93' title='bbox 722 1478 807 1545; x_wconf 63' lang='lat' dir='ltr'><strong>fab</strong></span> <span class='ocrx_word' id='word_1_94' title='bbox 857 1476 1086 1544; x_wconf 81' lang='lat' dir='ltr'><strong>aliisque</strong></span> <span class='ocrx_word' id='word_1_95' title='bbox 1124 1474 1367 1544; x_wconf 87' lang='lat' dir='ltr'><strong>ejusdem</strong></span> <span class='ocrx_word' id='word_1_96' title='bbox 1396 1471 1633 1551; x_wconf 81' lang='lat' dir='ltr'><strong>nominis</strong></span> <span class='ocrx_word' id='word_1_97' title='bbox 1676 1466 1970 1540; x_wconf 82' lang='lat' dir='ltr'><strong>distingui-</strong></span> 
     </span>
    </p>
   </div>
   <div class='ocr_carea' id='block_1_17' title="bbox 394 1564 1597 1637">
    <p class='ocr_par' dir='ltr' id='par_1_17' title="bbox 394 1564 1597 1637">
     <span class='ocr_line' id='line_1_17' title="bbox 394 1564 1597 1637; baseline -0.005 -12"><span class='ocrx_word' id='word_1_98' title='bbox 394 1580 486 1625; x_wconf 86' lang='lat' dir='ltr'><strong>tur</strong></span> <span class='ocrx_word' id='word_1_99' title='bbox 520 1610 537 1637; x_wconf 94' lang='lat'><strong>,</strong></span> <span class='ocrx_word' id='word_1_100' title='bbox 583 1585 706 1623; x_wconf 89' lang='lat' dir='ltr'><strong>cum</strong></span> <span class='ocrx_word' id='word_1_101' title='bbox 733 1567 1023 1624; x_wconf 83' lang='lat' dir='ltr'><strong>Athouites</strong></span> <span class='ocrx_word' id='word_1_102' title='bbox 1054 1565 1248 1621; x_wconf 90' lang='lat' dir='ltr'><strong>merito</strong></span> <span class='ocrx_word' id='word_1_103' title='bbox 1275 1564 1597 1635; x_wconf 84' lang='lat' dir='ltr'><strong>appellatur.</strong></span> 
     </span>
    </p>
   </div>
   <div class='ocr_carea' id='block_1_18' title="bbox 459 1649 1971 1725">
    <p class='ocr_par' dir='ltr' id='par_1_18' title="bbox 459 1649 1971 1725">
     <span class='ocr_line' id='line_1_18' title="bbox 459 1649 1971 1725; baseline -0.005 -13"><span class='ocrx_word' id='word_1_104' title='bbox 459 1657 515 1712; x_wconf 81' lang='lat'><strong>5.</strong></span> <span class='ocrx_word' id='word_1_105' title='bbox 558 1657 613 1711; x_wconf 93' lang='lat' dir='ltr'><strong>Si</strong></span> <span class='ocrx_word' id='word_1_106' title='bbox 642 1657 788 1710; x_wconf 90' lang='lat' dir='ltr'><strong>enim</strong></span> <span class='ocrx_word' id='word_1_107' title='bbox 836 1655 1063 1709; x_wconf 74' lang='lat' dir='ltr'><strong>Athenis</strong></span> <span class='ocrx_word' id='word_1_108' title='bbox 1115 1655 1234 1725; x_wconf 90' lang='lat' dir='ltr'><strong>lege</strong></span> <span class='ocrx_word' id='word_1_109' title='bbox 1264 1662 1545 1724; x_wconf 92' lang='lat' dir='ltr'><strong>receptum</strong></span> <span class='ocrx_word' id='word_1_110' title='bbox 1580 1650 1709 1719; x_wconf 85' lang='lat' dir='ltr'><strong>fuit,</strong></span> <span class='ocrx_word' id='word_1_111' title='bbox 1758 1660 1820 1707; x_wconf 91' lang='lat' dir='ltr'><strong>ut</strong></span> <span class='ocrx_word' id='word_1_112' title='bbox 1870 1649 1971 1705; x_wconf 84' lang='lat' dir='ltr'><strong>ad-</strong></span> 
     </span>
    </p>
   </div>
   <div class='ocr_carea' id='block_1_19' title="bbox 388 1742 1975 1817">
    <p class='ocr_par' dir='ltr' id='par_1_19' title="bbox 388 1742 1975 1817">
     <span class='ocr_line' id='line_1_19' title="bbox 388 1742 1975 1817; baseline -0.003 -18"><span class='ocrx_word' id='word_1_113' title='bbox 388 1762 545 1801; x_wconf 73' lang='lat' dir='ltr'><strong>vena:</strong></span> <span class='ocrx_word' id='word_1_114' title='bbox 570 1754 694 1817; x_wconf 89' lang='lat' dir='ltr'><strong>post</strong></span> <span class='ocrx_word' id='word_1_115' title='bbox 720 1746 903 1800; x_wconf 85' lang='lat' dir='ltr'><strong>trienii</strong></span> <span class='ocrx_word' id='word_1_116' title='bbox 942 1754 1177 1809; x_wconf 86' lang='lat' dir='ltr'><strong>moram,</strong></span> <span class='ocrx_word' id='word_1_117' title='bbox 1224 1759 1324 1815; x_wconf 88' lang='lat' dir='ltr'><strong>pro</strong></span> <span class='ocrx_word' id='word_1_118' title='bbox 1365 1744 1539 1813; x_wconf 89' lang='lat' dir='ltr'><strong>patria</strong></span> <span class='ocrx_word' id='word_1_119' title='bbox 1578 1754 1676 1799; x_wconf 84' lang='lat' dir='ltr'><strong>sua</strong></span> <span class='ocrx_word' id='word_1_120' title='bbox 1709 1742 1975 1800; x_wconf 84' lang='lat' dir='ltr'><strong>baberent</strong></span> 
     </span>
    </p>
   </div>
   <div class='ocr_carea' id='block_1_20' title="bbox 390 1818 2046 1907">
    <p class='ocr_par' dir='ltr' id='par_1_20' title="bbox 390 1818 2046 1907">
     <span class='ocr_line' id='line_1_20' title="bbox 390 1818 2046 1907; baseline -0.003 -14"><span class='ocrx_word' id='word_1_121' title='bbox 390 1840 604 1902; x_wconf 88' lang='lat' dir='ltr'><strong>urbem,</strong></span> <span class='ocrx_word' id='word_1_122' title='bbox 632 1839 687 1892; x_wconf 90' lang='lat' dir='ltr'><strong>in</strong></span> <span class='ocrx_word' id='word_1_123' title='bbox 717 1838 978 1907; x_wconf 76' lang='lat' dir='ltr'><strong>illamque</strong></span> <span class='ocrx_word' id='word_1_124' title='bbox 1026 1837 1247 1907; x_wconf 73' lang='lat' dir='ltr'><strong>ascripti</strong></span> <span class='ocrx_word' id='word_1_125' title='bbox 1275 1844 1670 1903; x_wconf 85' lang='lat' dir='ltr'><strong>censerentur;</strong></span> <span class='ocrx_word' id='word_1_126' title='bbox 1700 1834 1972 1906; x_wconf 84' lang='lat' dir='ltr'><strong>quomodo</strong></span> <span class='ocrx_word' id='word_1_127' title='bbox 2002 1818 2046 1874; x_wconf 78' lang='grc' dir='ltr'><strong><em>Β</em></strong></span> 
     </span>
    </p>
   </div>
   <div class='ocr_carea' id='block_1_21' title="bbox 390 1926 1971 1992">
    <p class='ocr_par' dir='ltr' id='par_1_21' title="bbox 390 1926 1971 1992">
     <span class='ocr_line' id='line_1_21' title="bbox 390 1926 1971 1992; baseline -0.003 -9"><span class='ocrx_word' id='word_1_128' title='bbox 390 1942 499 1983; x_wconf 91' lang='lat' dir='ltr'><strong>nou</strong></span> <span class='ocrx_word' id='word_1_129' title='bbox 528 1928 722 1984; x_wconf 91' lang='lat' dir='ltr'><strong>merito</strong></span> <span class='ocrx_word' id='word_1_130' title='bbox 753 1929 898 1982; x_wconf 88' lang='lat' dir='ltr'><strong>hunc</strong></span> <span class='ocrx_word' id='word_1_131' title='bbox 944 1928 1048 1982; x_wconf 88' lang='lat' dir='ltr'><strong>sibi</strong></span> <span class='ocrx_word' id='word_1_132' title='bbox 1106 1935 1344 1983; x_wconf 88' lang='lat' dir='ltr'><strong>montem</strong></span> <span class='ocrx_word' id='word_1_133' title='bbox 1388 1926 1666 1992; x_wconf 83' lang='lat' dir='ltr'><strong>vindicet,</strong></span> <span class='ocrx_word' id='word_1_134' title='bbox 1699 1935 1759 1981; x_wconf 83' lang='lat' dir='ltr'><strong>ut</strong></span> <span class='ocrx_word' id='word_1_135' title='bbox 1784 1940 1971 1991; x_wconf 89' lang='lat' dir='ltr'><strong>suum,</strong></span> 
     </span>
    </p>
   </div>
   <div class='ocr_carea' id='block_1_22' title="bbox 393 2017 1981 2088">
    <p class='ocr_par' dir='ltr' id='par_1_22' title="bbox 393 2017 1981 2088">
     <span class='ocr_line' id='line_1_22' title="bbox 393 2017 1981 2088; baseline 0 -16"><span class='ocrx_word' id='word_1_136' title='bbox 393 2022 477 2075; x_wconf 87' lang='lat' dir='ltr'><strong>vir</strong></span> <span class='ocrx_word' id='word_1_137' title='bbox 507 2032 753 2087; x_wconf 86' lang='lat' dir='ltr'><strong>sanctus,</strong></span> <span class='ocrx_word' id='word_1_138' title='bbox 784 2020 873 2073; x_wconf 89' lang='lat' dir='ltr'><strong>ubi</strong></span> <span class='ocrx_word' id='word_1_139' title='bbox 924 2033 1098 2074; x_wconf 89' lang='lat' dir='ltr'><strong>annos</strong></span> <span class='ocrx_word' id='word_1_140' title='bbox 1146 2018 1379 2087; x_wconf 89' lang='lat' dir='ltr'><strong>amplius</strong></span> <span class='ocrx_word' id='word_1_141' title='bbox 1414 2017 1810 2088; x_wconf 80' lang='lat' dir='ltr'><strong>quinquaginta</strong></span> <span class='ocrx_word' id='word_1_142' title='bbox 1852 2032 1981 2072; x_wconf 80' lang='lat' dir='ltr'><strong>exe-</strong></span> 
     </span>
    </p>
   </div>
   <div class='ocr_carea' id='block_1_23' title="bbox 394 2108 1979 2184">
    <p class='ocr_par' dir='ltr' id='par_1_23' title="bbox 394 2108 1979 2184">
     <span class='ocr_line' id='line_1_23' title="bbox 394 2108 1979 2184; baseline -0.001 -21"><span class='ocrx_word' id='word_1_143' title='bbox 394 2115 497 2184; x_wconf 83' lang='lat' dir='ltr'><strong>git,</strong></span> <span class='ocrx_word' id='word_1_144' title='bbox 563 2113 726 2180; x_wconf 85' lang='lat' dir='ltr'><strong>idque</strong></span> <span class='ocrx_word' id='word_1_145' title='bbox 774 2112 828 2164; x_wconf 92' lang='lat' dir='ltr'><strong>in</strong></span> <span class='ocrx_word' id='word_1_146' title='bbox 881 2120 1027 2165; x_wconf 85' lang='lat' dir='ltr'><strong>tanta</strong></span> <span class='ocrx_word' id='word_1_147' title='bbox 1080 2109 1302 2166; x_wconf 88' lang='lat' dir='ltr'><strong>virtutis</strong></span> <span class='ocrx_word' id='word_1_148' title='bbox 1353 2108 1703 2183; x_wconf 75' lang='lat' dir='ltr'><strong>acquirendm</strong></span> <span class='ocrx_word' id='word_1_149' title='bbox 1748 2117 1979 2165; x_wconf 86' lang='lat' dir='ltr'><strong>conten-</strong></span> 
     </span>
    </p>
   </div>
   <div class='ocr_carea' id='block_1_24' title="bbox 398 2202 1980 2275">
    <p class='ocr_par' dir='ltr' id='par_1_24' title="bbox 398 2202 1980 2275">
     <span class='ocr_line' id='line_1_24' title="bbox 398 2202 1980 2275; baseline -0.001 -18"><span class='ocrx_word' id='word_1_150' title='bbox 398 2204 582 2257; x_wconf 79' lang='lat' dir='ltr'><strong>tione?</strong></span> <span class='ocrx_word' id='word_1_151' title='bbox 608 2202 881 2259; x_wconf 66' lang='lat' dir='ltr'><strong>Prteterea</strong></span> <span class='ocrx_word' id='word_1_152' title='bbox 917 2204 962 2257; x_wconf 91' lang='lat' dir='ltr'><strong>si</strong></span> <span class='ocrx_word' id='word_1_153' title='bbox 1021 2203 1112 2257; x_wconf 89' lang='lat' dir='ltr'><strong>illa</strong></span> <span class='ocrx_word' id='word_1_154' title='bbox 1157 2204 1358 2273; x_wconf 86' lang='lat' dir='ltr'><strong>cuique</strong></span> <span class='ocrx_word' id='word_1_155' title='bbox 1390 2205 1565 2275; x_wconf 90' lang='lat' dir='ltr'><strong>patria</strong></span> <span class='ocrx_word' id='word_1_156' title='bbox 1594 2202 1843 2258; x_wconf 88' lang='lat' dir='ltr'><strong>habenda</strong></span> <span class='ocrx_word' id='word_1_157' title='bbox 1887 2202 1980 2268; x_wconf 85' lang='lat' dir='ltr'><strong>sit,</strong></span> 
     </span>
    </p>
   </div>
   <div class='ocr_carea' id='block_1_25' title="bbox 394 2293 1981 2367">
    <p class='ocr_par' dir='ltr' id='par_1_25' title="bbox 394 2293 1981 2367">
     <span class='ocr_line' id='line_1_25' title="bbox 394 2293 1981 2367; baseline -0.001 -18"><span class='ocrx_word' id='word_1_158' title='bbox 394 2296 490 2351; x_wconf 87' lang='lat' dir='ltr'><strong>ubi</strong></span> <span class='ocrx_word' id='word_1_159' title='bbox 528 2295 739 2350; x_wconf 84' lang='lat' dir='ltr'><strong>felicem</strong></span> <span class='ocrx_word' id='word_1_160' title='bbox 776 2296 898 2362; x_wconf 87' lang='lat' dir='ltr'><strong>quis</strong></span> <span class='ocrx_word' id='word_1_161' title='bbox 930 2297 1042 2367; x_wconf 90' lang='lat' dir='ltr'><strong>agit</strong></span> <span class='ocrx_word' id='word_1_162' title='bbox 1073 2295 1242 2351; x_wconf 86' lang='lat' dir='ltr'><strong>vitam</strong></span> <span class='ocrx_word' id='word_1_163' title='bbox 1291 2295 1771 2367; x_wconf 89' lang='lat' dir='ltr'><strong>(quemadmodum</strong></span> <span class='ocrx_word' id='word_1_164' title='bbox 1805 2293 1981 2366; x_wconf 83' lang='lat' dir='ltr'><strong>genti-</strong></span> 
     </span>
    </p>
   </div>
   <div class='ocr_carea' id='block_1_26' title="bbox 396 2388 1981 2460">
    <p class='ocr_par' dir='ltr' id='par_1_26' title="bbox 396 2388 1981 2460">
     <span class='ocr_line' id='line_1_26' title="bbox 396 2388 1981 2460; baseline 0.001 -18"><span class='ocrx_word' id='word_1_165' title='bbox 396 2388 529 2442; x_wconf 88' lang='lat' dir='ltr'><strong>lium</strong></span> <span class='ocrx_word' id='word_1_166' title='bbox 576 2388 795 2456; x_wconf 85' lang='lat' dir='ltr'><strong>quidam</strong></span> <span class='ocrx_word' id='word_1_167' title='bbox 848 2389 1066 2457; x_wconf 87' lang='lat' dir='ltr'><strong>sapiens</strong></span> <span class='ocrx_word' id='word_1_168' title='bbox 1116 2388 1538 2460; x_wconf 83' lang='lat' dir='ltr'><strong>pronuntiavit),</strong></span> <span class='ocrx_word' id='word_1_169' title='bbox 1577 2388 1735 2460; x_wconf 85' lang='lat' dir='ltr'><strong>quis,</strong></span> <span class='ocrx_word' id='word_1_170' title='bbox 1765 2398 1981 2458; x_wconf 70' lang='lat' dir='ltr'><strong>quaeso,</strong></span> 
     </span>
    </p>
   </div>
   <div class='ocr_carea' id='block_1_27' title="bbox 398 2478 1983 2550">
    <p class='ocr_par' dir='ltr' id='par_1_27' title="bbox 398 2478 1983 2550">
     <span class='ocr_line' id='line_1_27' title="bbox 398 2478 1983 2550; baseline 0.002 -20"><span class='ocrx_word' id='word_1_171' title='bbox 398 2479 609 2548; x_wconf 87' lang='lat' dir='ltr'><strong>uspiam</strong></span> <span class='ocrx_word' id='word_1_172' title='bbox 642 2488 734 2534; x_wconf 90' lang='lat' dir='ltr'><strong>aut</strong></span> <span class='ocrx_word' id='word_1_173' title='bbox 764 2478 983 2534; x_wconf 88' lang='lat' dir='ltr'><strong>felicius</strong></span> <span class='ocrx_word' id='word_1_174' title='bbox 1020 2480 1131 2550; x_wconf 89' lang='lat' dir='ltr'><strong>egit</strong></span> <span class='ocrx_word' id='word_1_175' title='bbox 1155 2480 1299 2550; x_wconf 89' lang='lat' dir='ltr'><strong>aliqu</strong></span> <span class='ocrx_word' id='word_1_176' title='bbox 1314 2479 1470 2542; x_wconf 66' lang='lat' dir='ltr'><strong>sudo,</strong></span> <span class='ocrx_word' id='word_1_177' title='bbox 1503 2488 1599 2535; x_wconf 89' lang='lat' dir='ltr'><strong>aut</strong></span> <span class='ocrx_word' id='word_1_178' title='bbox 1646 2479 1983 2549; x_wconf 87' lang='lat' dir='ltr'><strong>inposterum</strong></span> 
     </span>
    </p>
   </div>
   <div class='ocr_carea' id='block_1_28' title="bbox 398 2568 1983 2639">
    <p class='ocr_par' dir='ltr' id='par_1_28' title="bbox 398 2568 1983 2639">
     <span class='ocr_line' id='line_1_28' title="bbox 398 2568 1983 2639; baseline 0.001 -16"><span class='ocrx_word' id='word_1_179' title='bbox 398 2578 619 2625; x_wconf 84' lang='lat' dir='ltr'><strong>acturus</strong></span> <span class='ocrx_word' id='word_1_180' title='bbox 648 2581 731 2624; x_wconf 87' lang='lat' dir='ltr'><strong>est</strong></span> <span class='ocrx_word' id='word_1_181' title='bbox 762 2584 929 2639; x_wconf 91' lang='lat' dir='ltr'><strong>quam</strong></span> <span class='ocrx_word' id='word_1_182' title='bbox 959 2569 1047 2624; x_wconf 88' lang='lat' dir='ltr'><strong>hic</strong></span> <span class='ocrx_word' id='word_1_183' title='bbox 1081 2570 1168 2624; x_wconf 89' lang='lat' dir='ltr'><strong>vir</strong></span> <span class='ocrx_word' id='word_1_184' title='bbox 1201 2570 1259 2624; x_wconf 92' lang='lat' dir='ltr'><strong>in</strong></span> <span class='ocrx_word' id='word_1_185' title='bbox 1301 2571 1471 2625; x_wconf 89' lang='lat' dir='ltr'><strong>hocce</strong></span> <span class='ocrx_word' id='word_1_186' title='bbox 1494 2569 1724 2624; x_wconf 81' lang='lat' dir='ltr'><strong>monte?</strong></span> <span class='ocrx_word' id='word_1_187' title='bbox 1749 2568 1839 2623; x_wconf 93' lang='lat' dir='ltr'><strong>ubi</strong></span> <span class='ocrx_word' id='word_1_188' title='bbox 1858 2578 1983 2625; x_wconf 88' lang='lat' dir='ltr'><strong>cum</strong></span> 
     </span>
    </p>
   </div>
   <div class='ocr_carea' id='block_1_29' title="bbox 401 2659 1987 2732">
    <p class='ocr_par' dir='ltr' id='par_1_29' title="bbox 401 2659 1987 2732">
     <span class='ocr_line' id='line_1_29' title="bbox 401 2659 1987 2732; baseline 0.001 -19"><span class='ocrx_word' id='word_1_189' title='bbox 401 2659 510 2715; x_wconf 88' lang='lat' dir='ltr'><strong>Deo</strong></span> <span class='ocrx_word' id='word_1_190' title='bbox 538 2660 850 2731; x_wconf 69' lang='lat' dir='ltr'><strong>frequenter</strong></span> <span class='ocrx_word' id='word_1_191' title='bbox 877 2659 1221 2727; x_wconf 81' lang='lat' dir='ltr'><strong>conferebat,</strong></span> <span class='ocrx_word' id='word_1_192' title='bbox 1255 2675 1320 2716; x_wconf 91' lang='lat' dir='ltr'><strong>ac</strong></span> <span class='ocrx_word' id='word_1_193' title='bbox 1345 2661 1529 2716; x_wconf 85' lang='lat' dir='ltr'><strong>divina</strong></span> <span class='ocrx_word' id='word_1_194' title='bbox 1554 2661 1768 2718; x_wconf 82' lang='lat' dir='ltr'><strong>visione</strong></span> <span class='ocrx_word' id='word_1_195' title='bbox 1791 2661 1987 2732; x_wconf 84' lang='lat' dir='ltr'><strong>digna-</strong></span> 
     </span>
    </p>
   </div>
   <div class='ocr_carea' id='block_1_30' title="bbox 399 2752 1987 2833">
    <p class='ocr_par' dir='ltr' id='par_1_30' title="bbox 399 2752 1987 2833">
     <span class='ocr_line' id='line_1_30' title="bbox 399 2752 1987 2833; baseline 0.001 -26"><span class='ocrx_word' id='word_1_196' title='bbox 399 2753 598 2817; x_wconf 81' lang='lat' dir='ltr'><strong>batur;</strong></span> <span class='ocrx_word' id='word_1_197' title='bbox 634 2753 742 2827; x_wconf 86' lang='lat' dir='ltr'><strong>imo</strong></span> <span class='ocrx_word' id='word_1_198' title='bbox 773 2752 856 2825; x_wconf 88' lang='lat' dir='ltr'><strong>(ut</strong></span> <span class='ocrx_word' id='word_1_199' title='bbox 887 2762 1060 2809; x_wconf 89' lang='lat' dir='ltr'><strong>totum</strong></span> <span class='ocrx_word' id='word_1_200' title='bbox 1087 2752 1412 2833; x_wconf 82' lang='lat' dir='ltr'><strong>compendio</strong></span> <span class='ocrx_word' id='word_1_201' title='bbox 1449 2754 1653 2825; x_wconf 82' lang='lat' dir='ltr'><strong>dicam)</strong></span> <span class='ocrx_word' id='word_1_202' title='bbox 1676 2755 1767 2810; x_wconf 92' lang='lat' dir='ltr'><strong>ubi</strong></span> <span class='ocrx_word' id='word_1_203' title='bbox 1791 2755 1987 2810; x_wconf 76' lang='lat' dir='ltr'><strong>huma-</strong></span> 
     </span>
    </p>
   </div>
   <div class='ocr_carea' id='block_1_31' title="bbox 401 2846 1990 2917">
    <p class='ocr_par' dir='ltr' id='par_1_31' title="bbox 401 2846 1990 2917">
     <span class='ocr_line' id='line_1_31' title="bbox 401 2846 1990 2917; baseline 0.001 -17"><span class='ocrx_word' id='word_1_204' title='bbox 401 2860 530 2900; x_wconf 84' lang='lat' dir='ltr'><strong>nam</strong></span> <span class='ocrx_word' id='word_1_205' title='bbox 559 2854 908 2915; x_wconf 87' lang='lat' dir='ltr'><strong>traugressus</strong></span> <span class='ocrx_word' id='word_1_206' title='bbox 934 2857 1212 2914; x_wconf 90' lang='lat' dir='ltr'><strong>naturam,</strong></span> <span class='ocrx_word' id='word_1_207' title='bbox 1237 2846 1403 2917; x_wconf 91' lang='lat' dir='ltr'><strong>inque</strong></span> <span class='ocrx_word' id='word_1_208' title='bbox 1431 2861 1559 2903; x_wconf 83' lang='lat' dir='ltr'><strong>vere</strong></span> <span class='ocrx_word' id='word_1_209' title='bbox 1580 2847 1816 2903; x_wconf 88' lang='lat' dir='ltr'><strong>divinam</strong></span> <span class='ocrx_word' id='word_1_210' title='bbox 1841 2862 1990 2903; x_wconf 80' lang='lat' dir='ltr'><strong>com-</strong></span> 
     </span>
    </p>
   </div>
   <div class='ocr_carea' id='block_1_32' title="bbox 403 2922 1992 3011">
    <p class='ocr_par' dir='ltr' id='par_1_32' title="bbox 403 2922 1992 3011">
     <span class='ocr_line' id='line_1_32' title="bbox 403 2922 1992 3011; baseline 0.002 -20"><span class='ocrx_word' id='word_1_211' title='bbox 403 2947 644 2993; x_wconf 89' lang='lat' dir='ltr'><strong>mutatus</strong></span> <span class='ocrx_word' id='word_1_212' title='bbox 681 2938 823 3008; x_wconf 69' lang='lat' dir='ltr'><strong>(quae</strong></span> <span class='ocrx_word' id='word_1_213' title='bbox 850 2952 981 2994; x_wconf 88' lang='lat' dir='ltr'><strong>vero</strong></span> <span class='ocrx_word' id='word_1_214' title='bbox 1007 2922 1329 3009; x_wconf 68' lang='lat' dir='ltr'><strong>eloquentia:</strong></span> <span class='ocrx_word' id='word_1_215' title='bbox 1354 2939 1439 2995; x_wconf 86' lang='lat' dir='ltr'><strong>vis</strong></span> <span class='ocrx_word' id='word_1_216' title='bbox 1464 2947 1676 2996; x_wconf 90' lang='lat' dir='ltr'><strong>tantum</strong></span> <span class='ocrx_word' id='word_1_217' title='bbox 1701 2940 1992 3011; x_wconf 87' lang='lat' dir='ltr'><strong>eloquatur</strong></span> 
     </span>
    </p>
   </div>
   <div class='ocr_carea' id='block_1_33' title="bbox 404 3030 1989 3104">
    <p class='ocr_par' dir='ltr' id='par_1_33' title="bbox 404 3030 1989 3104">
     <span class='ocr_line' id='line_1_33' title="bbox 404 3030 1989 3104; baseline 0.001 -20"><span class='ocrx_word' id='word_1_218' title='bbox 404 3030 810 3103; x_wconf 81' lang='lat' dir='ltr'><strong>miraculum!)</strong></span> <span class='ocrx_word' id='word_1_219' title='bbox 861 3032 1239 3087; x_wconf 78' lang='lat' dir='ltr'><strong>excellentiam</strong></span> <span class='ocrx_word' id='word_1_220' title='bbox 1291 3031 1414 3103; x_wconf 90' lang='lat' dir='ltr'><strong>plus</strong></span> <span class='ocrx_word' id='word_1_221' title='bbox 1444 3048 1609 3104; x_wconf 89' lang='lat' dir='ltr'><strong>quam</strong></span> <span class='ocrx_word' id='word_1_222' title='bbox 1656 3033 1989 3099; x_wconf 85' lang='lat' dir='ltr'><strong>naturalem,</strong></span> 
     </span>
    </p>
   </div>
   <div class='ocr_carea' id='block_1_34' title="bbox 2067 542 3637 621">
    <p class='ocr_par' dir='ltr' id='par_1_34' title="bbox 2067 542 3637 621">
     <span class='ocr_line' id='line_1_34' title="bbox 2067 542 3637 621; baseline -0.004 -18"><span class='ocrx_word' id='word_1_223' title='bbox 2067 548 2344 621; x_wconf 80' lang='grc' dir='ltr'><strong>περιφανῆ</strong></span> <span class='ocrx_word' id='word_1_224' title='bbox 2384 546 2599 601; x_wconf 76' lang='grc' dir='ltr'>τουτονὶ</span> <span class='ocrx_word' id='word_1_225' title='bbox 2650 544 2795 613; x_wconf 82' lang='grc' dir='ltr'>λέγω</span> <span class='ocrx_word' id='word_1_226' title='bbox 2825 542 2921 597; x_wconf 55' lang='grc' dir='ltr'>οιαὶ</span> <span class='ocrx_word' id='word_1_227' title='bbox 2974 542 3276 613; x_wconf 83' lang='grc' dir='ltr'>σεϐάσμιον</span> <span class='ocrx_word' id='word_1_228' title='bbox 3304 542 3507 612; x_wconf 85' lang='grc' dir='ltr'>χῶρον.</span> <span class='ocrx_word' id='word_1_229' title='bbox 3539 544 3637 612; x_wconf 79' lang='grc' dir='ltr'><strong>τὴν</strong></span> 
     </span>
    </p>
   </div>
   <div class='ocr_carea' id='block_1_35' title="bbox 2067 632 3641 711">
    <p class='ocr_par' dir='ltr' id='par_1_35' title="bbox 2067 632 3641 711">
     <span class='ocr_line' id='line_1_35' title="bbox 2067 632 3641 711; baseline -0.006 -14"><span class='ocrx_word' id='word_1_230' title='bbox 2067 643 2178 697; x_wconf 83' lang='grc' dir='ltr'><strong>τῶν</strong></span> <span class='ocrx_word' id='word_1_231' title='bbox 2225 640 2441 711; x_wconf 80' lang='grc' dir='ltr'>ἀρετῶν</span> <span class='ocrx_word' id='word_1_232' title='bbox 2485 632 2693 704; x_wconf 73' lang='grc' dir='ltr'>ἑστίαν,</span> <span class='ocrx_word' id='word_1_233' title='bbox 2725 637 2788 691; x_wconf 80' lang='grc' dir='ltr'><strong>τὸ</strong></span> <span class='ocrx_word' id='word_1_234' title='bbox 2824 637 2995 691; x_wconf 79' lang='grc' dir='ltr'>καλοῦ</span> <span class='ocrx_word' id='word_1_235' title='bbox 3043 635 3247 699; x_wconf 75' lang='grc' dir='ltr'>παντὸς</span> <span class='ocrx_word' id='word_1_236' title='bbox 3294 635 3641 704; x_wconf 76' lang='grc' dir='ltr'>ἐνδιαίτημα,</span> 
     </span>
    </p>
   </div>
   <div class='ocr_carea' id='block_1_36' title="bbox 2068 726 3644 802">
    <p class='ocr_par' dir='ltr' id='par_1_36' title="bbox 2068 726 3644 802">
     <span class='ocr_line' id='line_1_36' title="bbox 2068 726 3644 802; baseline -0.005 -16"><span class='ocrx_word' id='word_1_237' title='bbox 2068 732 2168 802; x_wconf 85' lang='grc' dir='ltr'><strong>τὴν</strong></span> <span class='ocrx_word' id='word_1_238' title='bbox 2230 731 2340 784; x_wconf 88' lang='grc' dir='ltr'><strong>τῶν</strong></span> <span class='ocrx_word' id='word_1_239' title='bbox 2395 726 2741 800; x_wconf 81' lang='grc' dir='ltr'>ἐπουρανίων</span> <span class='ocrx_word' id='word_1_240' title='bbox 2793 727 3091 782; x_wconf 77' lang='grc' dir='ltr'>ἀντίτυπόν</span> <span class='ocrx_word' id='word_1_241' title='bbox 3149 744 3210 781; x_wconf 88' lang='grc' dir='ltr'><strong>τε</strong></span> <span class='ocrx_word' id='word_1_242' title='bbox 3272 728 3366 780; x_wconf 79' lang='grc' dir='ltr'><strong>καὶ</strong></span> <span class='ocrx_word' id='word_1_243' title='bbox 3426 727 3644 796; x_wconf 86' lang='grc' dir='ltr'>ἀχειρο-</span> 
     </span>
    </p>
   </div>
   <div class='ocr_carea' id='block_1_37' title="bbox 2070 815 3644 897">
    <p class='ocr_par' dir='ltr' id='par_1_37' title="bbox 2070 815 3644 897">
     <span class='ocr_line' id='line_1_37' title="bbox 2070 815 3644 897; baseline -0.006 -18"><span class='ocrx_word' id='word_1_244' title='bbox 2070 825 2294 897; x_wconf 78' lang='grc' dir='ltr'>ποίητον</span> <span class='ocrx_word' id='word_1_245' title='bbox 2343 826 2572 892; x_wconf 80' lang='grc' dir='ltr'>σκηνὴν,</span> <span class='ocrx_word' id='word_1_246' title='bbox 2601 823 2660 874; x_wconf 67' lang='grc' dir='ltr'><strong>τ’)</strong></span> <span class='ocrx_word' id='word_1_247' title='bbox 2720 817 2925 880; x_wconf 76' lang='grc' dir='ltr'>παντὸς</span> <span class='ocrx_word' id='word_1_248' title='bbox 2984 815 3154 888; x_wconf 73' lang='grc' dir='ltr'>ἄγους</span> <span class='ocrx_word' id='word_1_249' title='bbox 3214 817 3501 887; x_wconf 72' lang='grc' dir='ltr'>ἐλεύθερον</span> <span class='ocrx_word' id='word_1_250' title='bbox 3550 817 3644 871; x_wconf 72' lang='grc' dir='ltr'>καὶ</span> 
     </span>
    </p>
   </div>
   <div class='ocr_carea' id='block_1_38' title="bbox 2070 908 3641 982">
    <p class='ocr_par' dir='ltr' id='par_1_38' title="bbox 2070 908 3641 982">
     <span class='ocr_line' id='line_1_38' title="bbox 2070 908 3641 982; baseline -0.007 -11"><span class='ocrx_word' id='word_1_251' title='bbox 2070 917 2272 981; x_wconf 73' lang='grc' dir='ltr'>παντὸς</span> <span class='ocrx_word' id='word_1_252' title='bbox 2300 912 2507 978; x_wconf 80' lang='grc' dir='ltr'>πάθους</span> <span class='ocrx_word' id='word_1_253' title='bbox 2532 910 2764 981; x_wconf 70' lang='grc' dir='ltr'>ἐναγοῦς</span> <span class='ocrx_word' id='word_1_254' title='bbox 2798 908 3091 982; x_wconf 65' lang='grc' dir='ltr'>ἀνώτερον.</span> <span class='ocrx_word' id='word_1_255' title='bbox 3120 912 3180 963; x_wconf 73' lang='grc' dir='ltr'>τὺ</span> <span class='ocrx_word' id='word_1_256' title='bbox 3204 911 3304 979; x_wconf 80' lang='grc' dir='ltr'><strong>τῆς</strong></span> <span class='ocrx_word' id='word_1_257' title='bbox 3330 909 3641 977; x_wconf 78' lang='grc' dir='ltr'>ἀγιωτύνης</span> 
     </span>
    </p>
   </div>
   <div class='ocr_carea' id='block_1_39' title="bbox 2073 1001 3644 1080">
    <p class='ocr_par' dir='ltr' id='par_1_39' title="bbox 2073 1001 3644 1080">
     <span class='ocr_line' id='line_1_39' title="bbox 2073 1001 3644 1080; baseline -0.006 -18"><span class='ocrx_word' id='word_1_258' title='bbox 2073 1008 2412 1080; x_wconf 85' lang='grc' dir='ltr'>φερωνύμως</span> <span class='ocrx_word' id='word_1_259' title='bbox 2442 1004 2730 1075; x_wconf 82' lang='grc' dir='ltr'>ἐπώνυμον</span> <span class='ocrx_word' id='word_1_260' title='bbox 2758 1003 2884 1076; x_wconf 82' lang='grc' dir='ltr'>δρος</span> <span class='ocrx_word' id='word_1_261' title='bbox 2907 1019 2923 1036; x_wconf 79' lang='grc' dir='ltr'><strong>ο</strong></span> <span class='ocrx_word' id='word_1_262' title='bbox 2953 1002 3115 1056; x_wconf 82' lang='grc' dir='ltr'>τοῦτό</span> <span class='ocrx_word' id='word_1_263' title='bbox 3141 1002 3291 1055; x_wconf 80' lang='grc' dir='ltr'>ἐστιν</span> <span class='ocrx_word' id='word_1_264' title='bbox 3340 1003 3401 1053; x_wconf 82' lang='grc' dir='ltr'>ὲν</span> <span class='ocrx_word' id='word_1_265' title='bbox 3447 1001 3644 1069; x_wconf 87' lang='grc' dir='ltr'>πατρί-</span> 
     </span>
    </p>
   </div>
   <div class='ocr_carea' id='block_1_40' title="bbox 2073 1092 3646 1172">
    <p class='ocr_par' dir='ltr' id='par_1_40' title="bbox 2073 1092 3646 1172">
     <span class='ocr_line' id='line_1_40' title="bbox 2073 1092 3646 1172; baseline -0.006 -17"><span class='ocrx_word' id='word_1_266' title='bbox 2073 1102 2163 1166; x_wconf 89' lang='grc' dir='ltr'><strong>δος</strong></span> <span class='ocrx_word' id='word_1_267' title='bbox 2217 1099 2384 1172; x_wconf 83' lang='grc' dir='ltr'>μοίρᾳ</span> <span class='ocrx_word' id='word_1_268' title='bbox 2423 1096 2502 1169; x_wconf 85' lang='grc' dir='ltr'>τῷ</span> <span class='ocrx_word' id='word_1_269' title='bbox 2535 1096 2902 1169; x_wconf 80' lang='grc' dir='ltr'>προκειμένῳ,</span> <span class='ocrx_word' id='word_1_270' title='bbox 2934 1092 3030 1169; x_wconf 58' lang='grc' dir='ltr'><strong>καί</strong></span> <span class='ocrx_word' id='word_1_271' title='bbox 3075 1093 3254 1164; x_wconf 77' lang='grc' dir='ltr'>τούτῳ</span> <span class='ocrx_word' id='word_1_272' title='bbox 3301 1092 3646 1146; x_wconf 83' lang='grc' dir='ltr'>συλλαλείται</span> 
     </span>
    </p>
   </div>
   <div class='ocr_carea' id='block_1_41' title="bbox 2072 1178 3645 1255">
    <p class='ocr_par' dir='ltr' id='par_1_41' title="bbox 2072 1178 3645 1255">
     <span class='ocr_line' id='line_1_41' title="bbox 2072 1178 3645 1255; baseline -0.009 -4"><span class='ocrx_word' id='word_1_273' title='bbox 2072 1178 2171 1252; x_wconf 54' lang='grc' dir='ltr'>καί.</span> <span class='ocrx_word' id='word_1_274' title='bbox 2220 1192 2600 1251; x_wconf 84' lang='grc' dir='ltr'>συνακούεται,</span> <span class='ocrx_word' id='word_1_275' title='bbox 2632 1188 2932 1243; x_wconf 79' lang='grc' dir='ltr'>κάντεῦθεν</span> <span class='ocrx_word' id='word_1_276' title='bbox 2981 1182 3137 1251; x_wconf 69' lang='grc' dir='ltr'>οὗτος</span> <span class='ocrx_word' id='word_1_277' title='bbox 3194 1184 3645 1255; x_wconf 76' lang='grc' dir='ltr'>ἐπιγινώσκεται,</span> 
     </span>
    </p>
   </div>
   <div class='ocr_carea' id='block_1_42' title="bbox 2076 1276 3651 1358">
    <p class='ocr_par' dir='ltr' id='par_1_42' title="bbox 2076 1276 3651 1358">
     <span class='ocr_line' id='line_1_42' title="bbox 2076 1276 3651 1358; baseline -0.008 -16"><span class='ocrx_word' id='word_1_278' title='bbox 2076 1287 2171 1342; x_wconf 76' lang='grc' dir='ltr'>καὶ</span> <span class='ocrx_word' id='word_1_279' title='bbox 2216 1278 2317 1358; x_wconf 77' lang='grc' dir='ltr'>τὴν</span> <span class='ocrx_word' id='word_1_280' title='bbox 2371 1283 2512 1355; x_wconf 77' lang='grc' dir='ltr'>πρὸς</span> <span class='ocrx_word' id='word_1_281' title='bbox 2573 1281 2702 1347; x_wconf 80' lang='grc' dir='ltr'>τοὺς</span> <span class='ocrx_word' id='word_1_282' title='bbox 2760 1279 3090 1350; x_wconf 73' lang='grc' dir='ltr'><strong>ὁμωνύμους</strong></span> <span class='ocrx_word' id='word_1_283' title='bbox 3152 1279 3313 1348; x_wconf 80' lang='grc' dir='ltr'>φέρει</span> <span class='ocrx_word' id='word_1_284' title='bbox 3361 1276 3651 1347; x_wconf 74' lang='grc' dir='ltr'><strong>διαστολὴν</strong></span> 
     </span>
    </p>
   </div>
   <div class='ocr_carea' id='block_1_43' title="bbox 2088 1361 3082 1449">
    <p class='ocr_par' dir='ltr' id='par_1_43' title="bbox 2088 1361 3082 1449">
     <span class='ocr_line' id='line_1_43' title="bbox 2088 1361 3082 1449; baseline -0.014 -12"><span class='ocrx_word' id='word_1_285' title='bbox 2088 1379 2386 1449; x_wconf 76' lang='grc' dir='ltr'>’Δθωνίτης</span> <span class='ocrx_word' id='word_1_286' title='bbox 2414 1361 2639 1440; x_wconf 76' lang='grc' dir='ltr'>δικαίως</span> <span class='ocrx_word' id='word_1_287' title='bbox 2668 1369 3082 1445; x_wconf 67' lang='grc' dir='ltr'>ὠνομασμένοςι</span> 
     </span>
    </p>
   </div>
   <div class='ocr_carea' id='block_1_44' title="bbox 2149 1629 3648 1716">
    <p class='ocr_par' dir='ltr' id='par_1_44' title="bbox 2149 1629 3648 1716">
     <span class='ocr_line' id='line_1_44' title="bbox 2149 1629 3648 1716; baseline -0.005 -17"><span class='ocrx_word' id='word_1_288' title='bbox 2149 1634 2213 1701; x_wconf 47' lang='grc' dir='ltr'><strong>εδ.</strong></span> <span class='ocrx_word' id='word_1_289' title='bbox 2249 1629 2313 1700; x_wconf 73' lang='lat' dir='ltr'><strong>El</strong></span> <span class='ocrx_word' id='word_1_290' title='bbox 2341 1645 2450 1716; x_wconf 88' lang='grc' dir='ltr'><strong>γάρ</strong></span> <span class='ocrx_word' id='word_1_291' title='bbox 2476 1644 2533 1698; x_wconf 70' lang='grc' dir='ltr'><strong>ὲν</strong></span> <span class='ocrx_word' id='word_1_292' title='bbox 2570 1633 2847 1713; x_wconf 76' lang='grc' dir='ltr'>Ἀθήναις,</span> <span class='ocrx_word' id='word_1_293' title='bbox 2879 1638 3021 1713; x_wconf 84' lang='grc' dir='ltr'><strong>μετά</strong></span> <span class='ocrx_word' id='word_1_294' title='bbox 3053 1638 3244 1712; x_wconf 76' lang='grc' dir='ltr'>τριετῆ</span> <span class='ocrx_word' id='word_1_295' title='bbox 3295 1640 3648 1711; x_wconf 82' lang='grc' dir='ltr'>προσεδρίαν,</span> 
     </span>
    </p>
   </div>
   <div class='ocr_carea' id='block_1_45' title="bbox 2081 1730 3654 1810">
    <p class='ocr_par' dir='ltr' id='par_1_45' title="bbox 2081 1730 3654 1810">
     <span class='ocr_line' id='line_1_45' title="bbox 2081 1730 3654 1810; baseline -0.005 -16"><span class='ocrx_word' id='word_1_296' title='bbox 2081 1740 2204 1796; x_wconf 80' lang='grc' dir='ltr'>ἀντὶ</span> <span class='ocrx_word' id='word_1_297' title='bbox 2238 1734 2497 1810; x_wconf 83' lang='grc' dir='ltr'>πατρίδος</span> <span class='ocrx_word' id='word_1_298' title='bbox 2518 1736 2771 1808; x_wconf 55' lang='grc' dir='ltr'>,χρῆσθαι</span> <span class='ocrx_word' id='word_1_299' title='bbox 2804 1738 2872 1804; x_wconf 82' lang='grc' dir='ltr'>τῇ</span> <span class='ocrx_word' id='word_1_300' title='bbox 2908 1734 3063 1789; x_wconf 82' lang='grc' dir='ltr'>πόλει</span> <span class='ocrx_word' id='word_1_301' title='bbox 3114 1735 3241 1796; x_wconf 84' lang='grc' dir='ltr'>τοὺς</span> <span class='ocrx_word' id='word_1_302' title='bbox 3280 1730 3654 1804; x_wconf 82' lang='grc' dir='ltr'>προσηλύτους</span> 
     </span>
    </p>
   </div>
   <div class='ocr_carea' id='block_1_46' title="bbox 2078 1816 3653 1903">
    <p class='ocr_par' dir='ltr' id='par_1_46' title="bbox 2078 1816 3653 1903">
     <span class='ocr_line' id='line_1_46' title="bbox 2078 1816 3653 1903; baseline -0.006 -14"><span class='ocrx_word' id='word_1_303' title='bbox 2078 1832 2437 1903; x_wconf 82' lang='grc' dir='ltr'>νομιζόμενον</span> <span class='ocrx_word' id='word_1_304' title='bbox 2487 1826 2578 1901; x_wconf 82' lang='grc' dir='ltr'>ἦν,</span> <span class='ocrx_word' id='word_1_305' title='bbox 2617 1830 2733 1892; x_wconf 84' lang='grc' dir='ltr'><strong>πῶς</strong></span> <span class='ocrx_word' id='word_1_306' title='bbox 2774 1829 2837 1882; x_wconf 81' lang='grc' dir='ltr'><strong>οὐ</strong></span> <span class='ocrx_word' id='word_1_307' title='bbox 2872 1816 3098 1892; x_wconf 58' lang='grc' dir='ltr'>δικαῖως</span> <span class='ocrx_word' id='word_1_308' title='bbox 3144 1829 3511 1881; x_wconf 69' lang='grc' dir='ltr'><strong>ἀντιποιεῖται</strong></span> <span class='ocrx_word' id='word_1_309' title='bbox 3557 1826 3653 1879; x_wconf 77' lang='grc' dir='ltr'>τώ</span> 
     </span>
    </p>
   </div>
   <div class='ocr_carea' id='block_1_47' title="bbox 2077 1919 3657 1998">
    <p class='ocr_par' dir='ltr' id='par_1_47' title="bbox 2077 1919 3657 1998">
     <span class='ocr_line' id='line_1_47' title="bbox 2077 1919 3657 1998; baseline -0.006 -17"><span class='ocrx_word' id='word_1_310' title='bbox 2077 1927 2240 1998; x_wconf 74' lang='grc' dir='ltr'>ὄρους</span> <span class='ocrx_word' id='word_1_311' title='bbox 2273 1927 2302 1980; x_wconf 82' lang='grc' dir='ltr'>ὁ</span> <span class='ocrx_word' id='word_1_312' title='bbox 2341 1924 2518 1994; x_wconf 76' lang='grc' dir='ltr'>ἅγιος,</span> <span class='ocrx_word' id='word_1_313' title='bbox 2555 1924 2739 1978; x_wconf 79' lang='grc' dir='ltr'>πλεῖον</span> <span class='ocrx_word' id='word_1_314' title='bbox 2769 1924 2802 1994; x_wconf 80' lang='grc' dir='ltr'>ἢ</span> <span class='ocrx_word' id='word_1_315' title='bbox 2827 1921 3170 1994; x_wconf 68' lang='grc' dir='ltr'>πεντήιιοντα</span> <span class='ocrx_word' id='word_1_316' title='bbox 3199 1919 3480 1992; x_wconf 73' lang='grc' dir='ltr'>περιόδους</span> <span class='ocrx_word' id='word_1_317' title='bbox 3515 1921 3657 1972; x_wconf 70' lang='grc' dir='ltr'>ἑτῶν</span> 
     </span>
    </p>
   </div>
   <div class='ocr_carea' id='block_1_48' title="bbox 2079 2006 3654 2084">
    <p class='ocr_par' dir='ltr' id='par_1_48' title="bbox 2079 2006 3654 2084">
     <span class='ocr_line' id='line_1_48' title="bbox 2079 2006 3654 2084; baseline -0.005 -12"><span class='ocrx_word' id='word_1_318' title='bbox 2079 2016 2298 2072; x_wconf 75' lang='grc' dir='ltr'>ἐνταῦθ’</span> <span class='ocrx_word' id='word_1_319' title='bbox 2325 2017 2554 2083; x_wconf 88' lang='grc' dir='ltr'>ἀνύσας,</span> <span class='ocrx_word' id='word_1_320' title='bbox 2584 2018 2681 2071; x_wconf 75' lang='grc' dir='ltr'>καὶ</span> <span class='ocrx_word' id='word_1_321' title='bbox 2723 2017 2878 2071; x_wconf 79' lang='grc' dir='ltr'>ταῦθ’</span> <span class='ocrx_word' id='word_1_322' title='bbox 2922 2006 3095 2079; x_wconf 71' lang='grc' dir='ltr'>οὕτως</span> <span class='ocrx_word' id='word_1_323' title='bbox 3122 2012 3428 2084; x_wconf 72' lang='grc' dir='ltr'>ἐναγωνίως</span> <span class='ocrx_word' id='word_1_324' title='bbox 3455 2030 3472 2078; x_wconf 88' lang='lat'><strong>;</strong></span> <span class='ocrx_word' id='word_1_325' title='bbox 3505 2014 3569 2067; x_wconf 87' lang='grc' dir='ltr'>Εί</span> <span class='ocrx_word' id='word_1_326' title='bbox 3594 2014 3654 2066; x_wconf 68' lang='grc' dir='ltr'>δὲ</span> 
     </span>
    </p>
   </div>
   <div class='ocr_carea' id='block_1_49' title="bbox 2082 2094 3652 2181">
    <p class='ocr_par' dir='ltr' id='par_1_49' title="bbox 2082 2094 3652 2181">
     <span class='ocr_line' id='line_1_49' title="bbox 2082 2094 3652 2181; baseline -0.004 -15"><span class='ocrx_word' id='word_1_327' title='bbox 2082 2112 2180 2166; x_wconf 76' lang='grc' dir='ltr'><strong>καὶ</strong></span> <span class='ocrx_word' id='word_1_328' title='bbox 2210 2115 2411 2181; x_wconf 69' lang='grc' dir='ltr'>πατρὶς</span> <span class='ocrx_word' id='word_1_329' title='bbox 2454 2096 2669 2180; x_wconf 70' lang='grc' dir='ltr'>ἑκάστῳ</span> <span class='ocrx_word' id='word_1_330' title='bbox 2699 2107 2822 2162; x_wconf 79' lang='grc' dir='ltr'>καθ’</span> <span class='ocrx_word' id='word_1_331' title='bbox 2850 2111 2916 2180; x_wconf 75' lang='grc' dir='ltr'>ἣν</span> <span class='ocrx_word' id='word_1_332' title='bbox 2940 2109 3005 2164; x_wconf 82' lang='grc' dir='ltr'>ἀν</span> <span class='ocrx_word' id='word_1_333' title='bbox 3034 2126 3119 2171; x_wconf 87' lang='grc' dir='ltr'><strong>τις</strong></span> <span class='ocrx_word' id='word_1_334' title='bbox 3149 2094 3347 2180; x_wconf 79' lang='grc' dir='ltr'>εύτυχῇ</span> <span class='ocrx_word' id='word_1_335' title='bbox 3381 2107 3652 2179; x_wconf 79' lang='grc' dir='ltr'>(καθάπερ</span> 
     </span>
    </p>
   </div>
   <div class='ocr_carea' id='block_1_50' title="bbox 2080 2196 3656 2270">
    <p class='ocr_par' dir='ltr' id='par_1_50' title="bbox 2080 2196 3656 2270">
     <span class='ocr_line' id='line_1_50' title="bbox 2080 2196 3656 2270; baseline -0.005 -14"><span class='ocrx_word' id='word_1_336' title='bbox 2080 2219 2165 2265; x_wconf 82' lang='grc' dir='ltr'><strong>τις</strong></span> <span class='ocrx_word' id='word_1_337' title='bbox 2190 2202 2302 2254; x_wconf 76' lang='grc' dir='ltr'>τῶν</span> <span class='ocrx_word' id='word_1_338' title='bbox 2341 2200 2541 2266; x_wconf 71' lang='grc' dir='ltr'>ἔξωθεν</span> <span class='ocrx_word' id='word_1_339' title='bbox 2590 2199 2917 2270; x_wconf 79' lang='grc' dir='ltr'>ἀπεφήνατο</span> <span class='ocrx_word' id='word_1_340' title='bbox 2944 2199 3171 2269; x_wconf 80' lang='grc' dir='ltr'>σοφῶν),</span> <span class='ocrx_word' id='word_1_341' title='bbox 3210 2198 3295 2261; x_wconf 85' lang='grc' dir='ltr'><strong>τίς</strong></span> <span class='ocrx_word' id='word_1_342' title='bbox 3326 2197 3389 2252; x_wconf 82' lang='grc' dir='ltr'>ἀν</span> <span class='ocrx_word' id='word_1_343' title='bbox 3417 2215 3518 2251; x_wconf 90' lang='grc' dir='ltr'><strong>που</strong></span> <span class='ocrx_word' id='word_1_344' title='bbox 3545 2196 3656 2248; x_wconf 83' lang='grc' dir='ltr'><strong>τῶν</strong></span> 
     </span>
    </p>
   </div>
   <div class='ocr_carea' id='block_1_51' title="bbox 2084 2284 3655 2365">
    <p class='ocr_par' dir='ltr' id='par_1_51' title="bbox 2084 2284 3655 2365">
     <span class='ocr_line' id='line_1_51' title="bbox 2084 2284 3655 2365; baseline -0.006 -16"><span class='ocrx_word' id='word_1_345' title='bbox 2084 2296 2345 2350; x_wconf 78' lang='grc' dir='ltr'>ἁπάντων</span> <span class='ocrx_word' id='word_1_346' title='bbox 2381 2293 2592 2364; x_wconf 85' lang='grc' dir='ltr'>βέλτιον</span> <span class='ocrx_word' id='word_1_347' title='bbox 2619 2284 2651 2364; x_wconf 75' lang='grc' dir='ltr'>ἢ</span> <span class='ocrx_word' id='word_1_348' title='bbox 2679 2292 2970 2361; x_wconf 77' lang='grc' dir='ltr'>πράξειεν,</span> <span class='ocrx_word' id='word_1_349' title='bbox 3068 2290 3252 2362; x_wconf 72' lang='grc' dir='ltr'>μέλλει</span> <span class='ocrx_word' id='word_1_350' title='bbox 3281 2290 3521 2362; x_wconf 80' lang='grc' dir='ltr'><strong>πράξειν,</strong></span> <span class='ocrx_word' id='word_1_351' title='bbox 3553 2284 3655 2358; x_wconf 71' lang='grc' dir='ltr'><strong>τῆς</strong></span> 
     </span>
    </p>
   </div>
   <div class='ocr_carea' id='block_1_52' title="bbox 2083 2378 3655 2458">
    <p class='ocr_par' dir='ltr' id='par_1_52' title="bbox 2083 2378 3655 2458">
     <span class='ocr_line' id='line_1_52' title="bbox 2083 2378 3655 2458; baseline -0.007 -15"><span class='ocrx_word' id='word_1_352' title='bbox 2083 2381 2187 2443; x_wconf 82' lang='grc' dir='ltr'>ὧδε</span> <span class='ocrx_word' id='word_1_353' title='bbox 2247 2391 2341 2445; x_wconf 83' lang='grc' dir='ltr'>τοῦ</span> <span class='ocrx_word' id='word_1_354' title='bbox 2380 2388 2573 2458; x_wconf 68' lang='grc' dir='ltr'>ἀνδρὸς</span> <span class='ocrx_word' id='word_1_355' title='bbox 2623 2386 2961 2456; x_wconf 80' lang='grc' dir='ltr'>εὐκληρίας·</span> <span class='ocrx_word' id='word_1_356' title='bbox 3003 2378 3065 2439; x_wconf 79' lang='grc' dir='ltr'>οὗ</span> <span class='ocrx_word' id='word_1_357' title='bbox 3115 2382 3235 2454; x_wconf 84' lang='grc' dir='ltr'><strong>Θεῷ</strong></span> <span class='ocrx_word' id='word_1_358' title='bbox 3280 2381 3509 2450; x_wconf 77' lang='grc' dir='ltr'><strong>συνῆλθε</strong></span> <span class='ocrx_word' id='word_1_359' title='bbox 3559 2380 3655 2433; x_wconf 81' lang='grc' dir='ltr'>καὶ</span> 
     </span>
    </p>
   </div>
   <div class='ocr_carea' id='block_1_53' title="bbox 2085 2474 3658 2549">
    <p class='ocr_par' dir='ltr' id='par_1_53' title="bbox 2085 2474 3658 2549">
     <span class='ocr_line' id='line_1_53' title="bbox 2085 2474 3658 2549; baseline -0.006 -14"><span class='ocrx_word' id='word_1_360' title='bbox 2085 2481 2239 2544; x_wconf 84' lang='grc' dir='ltr'>θείας</span> <span class='ocrx_word' id='word_1_361' title='bbox 2286 2479 2417 2544; x_wconf 83' lang='grc' dir='ltr'>θέας</span> <span class='ocrx_word' id='word_1_362' title='bbox 2466 2479 2723 2549; x_wconf 73' lang='grc' dir='ltr'>ἐπέτυχε,</span> <span class='ocrx_word' id='word_1_363' title='bbox 2766 2478 2968 2548; x_wconf 80' lang='grc' dir='ltr'>μᾶλλον</span> <span class='ocrx_word' id='word_1_364' title='bbox 2996 2477 3075 2544; x_wconf 84' lang='grc' dir='ltr'>δὲ,</span> <span class='ocrx_word' id='word_1_365' title='bbox 3108 2477 3197 2530; x_wconf 79' lang='grc' dir='ltr'>ἵνα</span> <span class='ocrx_word' id='word_1_366' title='bbox 3243 2477 3305 2529; x_wconf 75' lang='grc' dir='ltr'>τὸ</span> <span class='ocrx_word' id='word_1_367' title='bbox 3356 2476 3465 2527; x_wconf 77' lang='grc' dir='ltr'><strong>πᾶν</strong></span> <span class='ocrx_word' id='word_1_368' title='bbox 3515 2474 3658 2526; x_wconf 81' lang='grc' dir='ltr'>εἴπω</span> 
     </span>
    </p>
   </div>
   <div class='ocr_carea' id='block_1_54' title="bbox 2087 2564 3654 2645">
    <p class='ocr_par' dir='ltr' id='par_1_54' title="bbox 2087 2564 3654 2645">
     <span class='ocr_line' id='line_1_54' title="bbox 2087 2564 3654 2645; baseline -0.008 -15"><span class='ocrx_word' id='word_1_369' title='bbox 2087 2575 2348 2640; x_wconf 85' lang='grc' dir='ltr'>συνελὼν,</span> <span class='ocrx_word' id='word_1_370' title='bbox 2407 2568 2468 2628; x_wconf 76' lang='grc' dir='ltr'><strong>οὗ</strong></span> <span class='ocrx_word' id='word_1_371' title='bbox 2520 2574 2623 2645; x_wconf 81' lang='grc' dir='ltr'>τὴν</span> <span class='ocrx_word' id='word_1_372' title='bbox 2675 2571 3026 2644; x_wconf 76' lang='grc' dir='ltr'>ἀνθρωπείαν</span> <span class='ocrx_word' id='word_1_373' title='bbox 3068 2566 3419 2641; x_wconf 74' lang='grc' dir='ltr'>ὑπεραναϐἀς</span> <span class='ocrx_word' id='word_1_374' title='bbox 3471 2564 3654 2635; x_wconf 83' lang='grc' dir='ltr'>φύσιν,</span> 
     </span>
    </p>
   </div>
   <div class='ocr_carea' id='block_1_55' title="bbox 2089 2660 3662 2739">
    <p class='ocr_par' dir='ltr' id='par_1_55' title="bbox 2089 2660 3662 2739">
     <span class='ocr_line' id='line_1_55' title="bbox 2089 2660 3662 2739; baseline -0.006 -17"><span class='ocrx_word' id='word_1_375' title='bbox 2089 2667 2188 2723; x_wconf 74' lang='grc' dir='ltr'><strong>καὶ</strong></span> <span class='ocrx_word' id='word_1_376' title='bbox 2236 2667 2338 2739; x_wconf 78' lang='grc' dir='ltr'><strong>τὴν</strong></span> <span class='ocrx_word' id='word_1_377' title='bbox 2393 2666 2546 2719; x_wconf 90' lang='grc' dir='ltr'>θείαν</span> <span class='ocrx_word' id='word_1_378' title='bbox 2601 2663 2773 2729; x_wconf 75' lang='grc' dir='ltr'>ὅντως</span> <span class='ocrx_word' id='word_1_379' title='bbox 2824 2661 3194 2735; x_wconf 75' lang='grc' dir='ltr'>ὴλλοιωμᾶνος</span> <span class='ocrx_word' id='word_1_380' title='bbox 3235 2662 3516 2714; x_wconf 78' lang='grc' dir='ltr'>ἀλλοίωσιν</span> <span class='ocrx_word' id='word_1_381' title='bbox 3555 2660 3662 2729; x_wconf 75' lang='grc' dir='ltr'>(τίς</span> 
     </span>
    </p>
   </div>
   <div class='ocr_carea' id='block_1_56' title="bbox 2088 2748 3659 2832">
    <p class='ocr_par' dir='ltr' id='par_1_56' title="bbox 2088 2748 3659 2832">
     <span class='ocr_line' id='line_1_56' title="bbox 2088 2748 3659 2832; baseline -0.008 -16"><span class='ocrx_word' id='word_1_382' title='bbox 2088 2762 2156 2817; x_wconf 79' lang='grc' dir='ltr'>ἂν</span> <span class='ocrx_word' id='word_1_383' title='bbox 2213 2750 2589 2832; x_wconf 72' lang='grc' dir='ltr'>ἀποχρήσεται</span> <span class='ocrx_word' id='word_1_384' title='bbox 2651 2758 2809 2827; x_wconf 81' lang='grc' dir='ltr'>λόγος</span> <span class='ocrx_word' id='word_1_385' title='bbox 2865 2756 3221 2827; x_wconf 81' lang='grc' dir='ltr'>παραστῆσαι</span> <span class='ocrx_word' id='word_1_386' title='bbox 3285 2754 3346 2806; x_wconf 82' lang='grc' dir='ltr'><strong>τὸ</strong></span> <span class='ocrx_word' id='word_1_387' title='bbox 3407 2752 3587 2820; x_wconf 79' lang='grc' dir='ltr'>θαῦμα</span> <span class='ocrx_word' id='word_1_388' title='bbox 3617 2748 3659 2818; x_wconf 89' lang='lat'><strong>;)</strong></span> 
     </span>
    </p>
   </div>
   <div class='ocr_carea' id='block_1_57' title="bbox 2090 2838 3667 2926">
    <p class='ocr_par' dir='ltr' id='par_1_57' title="bbox 2090 2838 3667 2926">
     <span class='ocr_line' id='line_1_57' title="bbox 2090 2838 3667 2926; baseline -0.01 -19"><span class='ocrx_word' id='word_1_389' title='bbox 2090 2854 2229 2926; x_wconf 80' lang='grc' dir='ltr'>πρὸς</span> <span class='ocrx_word' id='word_1_390' title='bbox 2261 2853 2323 2906; x_wconf 81' lang='grc' dir='ltr'><strong>τδ</strong></span> <span class='ocrx_word' id='word_1_391' title='bbox 2355 2852 2458 2921; x_wconf 84' lang='grc' dir='ltr'><strong>τῆς</strong></span> <span class='ocrx_word' id='word_1_392' title='bbox 2480 2852 2637 2919; x_wconf 81' lang='grc' dir='ltr'>ἀξίας</span> <span class='ocrx_word' id='word_1_393' title='bbox 2662 2847 2965 2919; x_wconf 77' lang='grc' dir='ltr'>ὑπερφυὲς,</span> <span class='ocrx_word' id='word_1_394' title='bbox 2992 2849 3062 2918; x_wconf 78' lang='grc' dir='ltr'>τῇ</span> <span class='ocrx_word' id='word_1_395' title='bbox 3089 2845 3184 2900; x_wconf 84' lang='grc' dir='ltr'>τοῦ</span> <span class='ocrx_word' id='word_1_396' title='bbox 3231 2844 3487 2914; x_wconf 77' lang='grc' dir='ltr'>Ὑψίστου</span> <span class='ocrx_word' id='word_1_397' title='bbox 3513 2838 3667 2921; x_wconf 69' lang='grc' dir='ltr'>δεξιᾷ</span> 
     </span>
    </p>
   </div>
   <div class='ocr_carea' id='block_1_58' title="bbox 2094 2931 3666 3019">
    <p class='ocr_par' dir='ltr' id='par_1_58' title="bbox 2094 2931 3666 3019">
     <span class='ocr_line' id='line_1_58' title="bbox 2094 2931 3666 3019; baseline -0.012 -19"><span class='ocrx_word' id='word_1_398' title='bbox 2094 2945 2591 3019; x_wconf 76' lang='grc' dir='ltr'>μετερῤύθμηται;</span> <span class='ocrx_word' id='word_1_399' title='bbox 2651 2941 2797 2995; x_wconf 85' lang='grc' dir='ltr'>Ἀλλ’</span> <span class='ocrx_word' id='word_1_400' title='bbox 2881 2941 3029 3011; x_wconf 83' lang='grc' dir='ltr'>ὅμως</span> <span class='ocrx_word' id='word_1_401' title='bbox 3080 2937 3180 3009; x_wconf 81' lang='grc' dir='ltr'><strong>τῆς</strong></span> <span class='ocrx_word' id='word_1_402' title='bbox 3236 2935 3488 3007; x_wconf 80' lang='grc' dir='ltr'>πατρίδος</span> <span class='ocrx_word' id='word_1_403' title='bbox 3563 2931 3666 3001; x_wconf 73' lang='grc' dir='ltr'>μὲν</span> 
     </span>
    </p>
   </div>
   <div class='ocr_carea' id='block_1_59' title="bbox 2088 3022 3667 3108">
    <p class='ocr_par' dir='ltr' id='par_1_59' title="bbox 2088 3022 3667 3108">
     <span class='ocr_line' id='line_1_59' title="bbox 2088 3022 3667 3108; baseline -0.009 -18"><span class='ocrx_word' id='word_1_404' title='bbox 2088 3036 2367 3108; x_wconf 79' lang='grc' dir='ltr'>ὑπερεῖδε,</span> <span class='ocrx_word' id='word_1_405' title='bbox 2398 3036 2478 3107; x_wconf 82' lang='grc' dir='ltr'>τῷ</span> <span class='ocrx_word' id='word_1_406' title='bbox 2533 3035 2592 3088; x_wconf 87' lang='grc' dir='ltr'>δὲ</span> <span class='ocrx_word' id='word_1_407' title='bbox 2649 3037 2745 3107; x_wconf 79' lang='grc' dir='ltr'><strong>τῆς</strong></span> <span class='ocrx_word' id='word_1_408' title='bbox 2799 3032 2911 3087; x_wconf 79' lang='grc' dir='ltr'><strong>ἀνω</strong></span> <span class='ocrx_word' id='word_1_409' title='bbox 2958 3032 3208 3104; x_wconf 71' lang='grc' dir='ltr'>προξένῳ</span> <span class='ocrx_word' id='word_1_410' title='bbox 3258 3027 3510 3097; x_wconf 77' lang='grc' dir='ltr'>πατρίδος</span> <span class='ocrx_word' id='word_1_411' title='bbox 3545 3022 3667 3093; x_wconf 80' lang='grc' dir='ltr'>ὄρει</span> 
     </span>
    </p>
   </div>
   <div class='ocr_carea' id='block_1_60' title="bbox 404 3114 1991 3210">
    <p class='ocr_par' dir='ltr' id='par_1_60' title="bbox 404 3123 1987 3197">
     <span class='ocr_line' id='line_1_60' title="bbox 404 3123 1987 3197; baseline 0.006 -21"><span class='ocrx_word' id='word_1_412' title='bbox 404 3123 673 3177; x_wconf 80' lang='lat' dir='ltr'><strong>Altissimi</strong></span> <span class='ocrx_word' id='word_1_413' title='bbox 716 3133 1048 3192; x_wconf 84' lang='lat' dir='ltr'><strong>cooperante</strong></span> <span class='ocrx_word' id='word_1_414' title='bbox 1111 3125 1363 3192; x_wconf 78' lang='lat' dir='ltr'><strong>dextera,</strong></span> <span class='ocrx_word' id='word_1_415' title='bbox 1420 3126 1737 3197; x_wconf 82' lang='lat' dir='ltr'><strong>acquisivit.</strong></span> <span class='ocrx_word' id='word_1_416' title='bbox 1794 3125 1987 3196; x_wconf 83' lang='lat' dir='ltr'><strong>Spreta</strong></span> 
     </span>
    </p>
   </div>
   <div class='ocr_carea' id='block_1_61' title="bbox 2095 3114 3667 3210">
    <p class='ocr_par' dir='ltr' id='par_1_61' title="bbox 2095 3114 3667 3200">
     <span class='ocr_line' id='line_1_61' title="bbox 2095 3114 3667 3200; baseline -0.013 -16"><span class='ocrx_word' id='word_1_417' title='bbox 2095 3130 2270 3200; x_wconf 82' lang='grc' dir='ltr'>τούτῳ</span> <span class='ocrx_word' id='word_1_418' title='bbox 2322 3126 2727 3199; x_wconf 80' lang='grc' dir='ltr'>προσέδραμεν,</span> <span class='ocrx_word' id='word_1_419' title='bbox 2756 3119 2819 3178; x_wconf 69' lang='grc' dir='ltr'><strong>οἶ)</strong></span> <span class='ocrx_word' id='word_1_420' title='bbox 2853 3125 2917 3196; x_wconf 80' lang='grc' dir='ltr'>δὴ</span> <span class='ocrx_word' id='word_1_421' title='bbox 2958 3126 3053 3176; x_wconf 72' lang='grc' dir='ltr'>καὶ</span> <span class='ocrx_word' id='word_1_422' title='bbox 3102 3123 3196 3174; x_wconf 72' lang='grc' dir='ltr'>τὸν</span> <span class='ocrx_word' id='word_1_423' title='bbox 3249 3117 3483 3184; x_wconf 88' lang='grc' dir='ltr'>πολυετῆ</span> <span class='ocrx_word' id='word_1_424' title='bbox 3526 3114 3667 3184; x_wconf 66' lang='grc' dir='ltr'>βίονι</span> 
     </span>
    </p>
   </div>
   <div class='ocr_carea' id='block_1_62' title="bbox 407 3211 1991 3291">
    <p class='ocr_par' dir='ltr' id='par_1_62' title="bbox 407 3213 1986 3285">
     <span class='ocr_line' id='line_1_62' title="bbox 407 3213 1986 3285; baseline 0.008 -18"><span class='ocrx_word' id='word_1_425' title='bbox 407 3213 577 3283; x_wconf 85' lang='lat' dir='ltr'><strong>igitur</strong></span> <span class='ocrx_word' id='word_1_426' title='bbox 604 3217 782 3285; x_wconf 87' lang='lat' dir='ltr'><strong>patria</strong></span> <span class='ocrx_word' id='word_1_427' title='bbox 811 3231 932 3282; x_wconf 88' lang='lat' dir='ltr'><strong>sua,</strong></span> <span class='ocrx_word' id='word_1_428' title='bbox 973 3216 1026 3271; x_wconf 92' lang='lat' dir='ltr'><strong>iu</strong></span> <span class='ocrx_word' id='word_1_429' title='bbox 1064 3218 1211 3276; x_wconf 87' lang='lat' dir='ltr'><strong>hunc</strong></span> <span class='ocrx_word' id='word_1_430' title='bbox 1238 3228 1500 3283; x_wconf 88' lang='lat' dir='ltr'><strong>montem,</strong></span> <span class='ocrx_word' id='word_1_431' title='bbox 1535 3221 1882 3275; x_wconf 90' lang='lat' dir='ltr'><strong>commodum</strong></span> <span class='ocrx_word' id='word_1_432' title='bbox 1916 3220 1986 3279; x_wconf 81' lang='lat' dir='ltr'><strong>ad</strong></span> 
     </span>
    </p>
   </div>
   <div class='ocr_carea' id='block_1_63' title="bbox 2095 3211 3387 3291">
    <p class='ocr_par' dir='ltr' id='par_1_63' title="bbox 2096 3211 3387 3291">
     <span class='ocr_line' id='line_1_63' title="bbox 2096 3211 3387 3291; baseline -0.009 -15"><span class='ocrx_word' id='word_1_433' title='bbox 2096 3224 2195 3277; x_wconf 70' lang='grc' dir='ltr'>καὶ</span> <span class='ocrx_word' id='word_1_434' title='bbox 2220 3223 2321 3291; x_wconf 74' lang='grc' dir='ltr'>τὴν</span> <span class='ocrx_word' id='word_1_435' title='bbox 2355 3221 2588 3291; x_wconf 87' lang='grc' dir='ltr'>ἀόρατον</span> <span class='ocrx_word' id='word_1_436' title='bbox 2616 3216 2925 3288; x_wconf 83' lang='grc' dir='ltr'>ἀνθρώποις</span> <span class='ocrx_word' id='word_1_437' title='bbox 2958 3215 3171 3269; x_wconf 83' lang='grc' dir='ltr'>δίαιταν</span> <span class='ocrx_word' id='word_1_438' title='bbox 3200 3211 3387 3284; x_wconf 81' lang='grc' dir='ltr'>ῆνυσε.</span> 
     </span>
    </p>
   </div>
   <div class='ocr_carea' id='block_1_64' title="bbox 348 3304 3675 3393">
    <p class='ocr_par' dir='ltr' id='par_1_64' title="bbox 348 3304 3675 3393">
     <span class='ocr_line' id='line_1_64' title="bbox 348 3304 3675 3393; baseline -0 -33"><span class='ocrx_word' id='word_1_439' title='bbox 348 3330 357 3339; x_wconf 62' lang='grc' dir='ltr'><em>ι</em></span> <span class='ocrx_word' id='word_1_440' title='bbox 408 3309 684 3363; x_wconf 72' lang='grc' dir='ltr'>εωιεειθιιι</span> <span class='ocrx_word' id='word_1_441' title='bbox 722 3309 953 3393; x_wconf 84' lang='lat' dir='ltr'><strong>patriam</strong></span> <span class='ocrx_word' id='word_1_442' title='bbox 988 3312 1461 3382; x_wconf 63' lang='lat' dir='ltr'><strong>comparandam,</strong></span> <span class='ocrx_word' id='word_1_443' title='bbox 1487 3315 1851 3383; x_wconf 80' lang='lat' dir='ltr'><strong>conscendit,</strong></span> <span class='ocrx_word' id='word_1_444' title='bbox 1890 3317 2073 3387; x_wconf 83' lang='lat' dir='ltr'><strong>ibique</strong></span> <span class='ocrx_word' id='word_1_445' title='bbox 2102 3327 2156 3373; x_wconf 90' lang='lat' dir='ltr'><strong>et</strong></span> <span class='ocrx_word' id='word_1_446' title='bbox 2187 3317 2481 3393; x_wconf 88' lang='lat' dir='ltr'><strong>multorum</strong></span> <span class='ocrx_word' id='word_1_447' title='bbox 2518 3327 2785 3369; x_wconf 88' lang='lat' dir='ltr'><strong>annorum</strong></span> <span class='ocrx_word' id='word_1_448' title='bbox 2855 3320 3070 3367; x_wconf 74' lang='lat' dir='ltr'><strong>aetatem</strong></span> <span class='ocrx_word' id='word_1_449' title='bbox 3156 3308 3331 3373; x_wconf 77' lang='lat' dir='ltr'><strong>duxit,</strong></span> <span class='ocrx_word' id='word_1_450' title='bbox 3397 3317 3449 3362; x_wconf 82' lang='lat' dir='ltr'><strong>et</strong></span> <span class='ocrx_word' id='word_1_451' title='bbox 3514 3304 3675 3360; x_wconf 87' lang='lat' dir='ltr'><strong>insti-</strong></span> 
     </span>
    </p>
   </div>
   <div class='ocr_carea' id='block_1_65' title="bbox 410 3405 2187 3476">
    <p class='ocr_par' dir='ltr' id='par_1_65' title="bbox 410 3405 2187 3476">
     <span class='ocr_line' id='line_1_65' title="bbox 410 3405 2187 3476; baseline 0.004 -18"><span class='ocrx_word' id='word_1_452' title='bbox 410 3412 591 3459; x_wconf 86' lang='lat' dir='ltr'><strong>tutum</strong></span> <span class='ocrx_word' id='word_1_453' title='bbox 624 3405 860 3469; x_wconf 86' lang='lat' dir='ltr'><strong>vivendi,</strong></span> <span class='ocrx_word' id='word_1_454' title='bbox 889 3408 1031 3476; x_wconf 84' lang='lat' dir='ltr'><strong>quod</strong></span> <span class='ocrx_word' id='word_1_455' title='bbox 1060 3409 1248 3461; x_wconf 88' lang='lat' dir='ltr'><strong>oculos</strong></span> <span class='ocrx_word' id='word_1_456' title='bbox 1278 3407 1549 3463; x_wconf 84' lang='lat' dir='ltr'><strong>humanos</strong></span> <span class='ocrx_word' id='word_1_457' title='bbox 1579 3407 1795 3470; x_wconf 78' lang='lat' dir='ltr'><strong>lateret,</strong></span> <span class='ocrx_word' id='word_1_458' title='bbox 1830 3418 2051 3464; x_wconf 90' lang='lat' dir='ltr'><strong>secutus</strong></span> <span class='ocrx_word' id='word_1_459' title='bbox 2080 3420 2187 3466; x_wconf 85' lang='lat' dir='ltr'><strong>est.</strong></span> 
     </span>
    </p>
   </div>
   <div class='ocr_carea' id='block_1_66' title="bbox 483 3494 2001 3571">
    <p class='ocr_par' dir='ltr' id='par_1_66' title="bbox 483 3494 2001 3571">
     <span class='ocr_line' id='line_1_66' title="bbox 483 3494 2001 3571; baseline 0.003 -21"><span class='ocrx_word' id='word_1_460' title='bbox 483 3498 541 3552; x_wconf 77' lang='lat' dir='ltr'><strong>ti.</strong></span> <span class='ocrx_word' id='word_1_461' title='bbox 573 3494 836 3565; x_wconf 81' lang='lat' dir='ltr'><strong>Equidem</strong></span> <span class='ocrx_word' id='word_1_462' title='bbox 869 3496 1221 3554; x_wconf 83' lang='lat' dir='ltr'><strong>considerare</strong></span> <span class='ocrx_word' id='word_1_463' title='bbox 1252 3513 1350 3553; x_wconf 91' lang='lat' dir='ltr'><strong>vos</strong></span> <span class='ocrx_word' id='word_1_464' title='bbox 1368 3498 1530 3553; x_wconf 89' lang='lat' dir='ltr'><strong>velim</strong></span> <span class='ocrx_word' id='word_1_465' title='bbox 1572 3499 2001 3571; x_wconf 83' lang='lat' dir='ltr'><strong>incomprehen-</strong></span> 
     </span>
    </p>
   </div>
   <div class='ocr_carea' id='block_1_67' title="bbox 408 3589 2000 3662">
    <p class='ocr_par' dir='ltr' id='par_1_67' title="bbox 408 3589 2000 3662">
     <span class='ocr_line' id='line_1_67' title="bbox 408 3589 2000 3662; baseline 0.002 -18"><span class='ocrx_word' id='word_1_466' title='bbox 408 3591 623 3644; x_wconf 87' lang='lat' dir='ltr'><strong>sibilem</strong></span> <span class='ocrx_word' id='word_1_467' title='bbox 655 3592 934 3661; x_wconf 67' lang='lat' dir='ltr'><strong>sapientiae</strong></span> <span class='ocrx_word' id='word_1_468' title='bbox 952 3589 1151 3644; x_wconf 86' lang='lat' dir='ltr'><strong>divinae</strong></span> <span class='ocrx_word' id='word_1_469' title='bbox 1178 3592 1578 3660; x_wconf 62' lang='lat' dir='ltr'><strong>praestantiam,</strong></span> <span class='ocrx_word' id='word_1_470' title='bbox 1605 3591 1848 3662; x_wconf 86' lang='lat' dir='ltr'><strong>ejusdem</strong></span> <span class='ocrx_word' id='word_1_471' title='bbox 1874 3596 2000 3661; x_wconf 79' lang='lat' dir='ltr'><strong>erga</strong></span> 
     </span>
    </p>
   </div>
   <div class='ocr_carea' id='block_1_68' title="bbox 414 3674 2001 3753">
    <p class='ocr_par' dir='ltr' id='par_1_68' title="bbox 414 3674 2001 3753">
     <span class='ocr_line' id='line_1_68' title="bbox 414 3674 2001 3753; baseline 0.002 -16"><span class='ocrx_word' id='word_1_472' title='bbox 414 3682 664 3738; x_wconf 84' lang='lat' dir='ltr'><strong>homines</strong></span> <span class='ocrx_word' id='word_1_473' title='bbox 707 3683 1067 3753; x_wconf 84' lang='lat' dir='ltr'><strong>providentiae</strong></span> <span class='ocrx_word' id='word_1_474' title='bbox 1099 3692 1414 3749; x_wconf 64' lang='lat' dir='ltr'><strong>etcessum,</strong></span> <span class='ocrx_word' id='word_1_475' title='bbox 1450 3692 1508 3739; x_wconf 89' lang='lat' dir='ltr'><strong>et</strong></span> <span class='ocrx_word' id='word_1_476' title='bbox 1550 3684 1782 3739; x_wconf 87' lang='lat' dir='ltr'><strong>salutem</strong></span> <span class='ocrx_word' id='word_1_477' title='bbox 1811 3674 2001 3740; x_wconf 74' lang='lat' dir='ltr'><strong>éorum</strong></span> 
     </span>
    </p>
   </div>
   <div class='ocr_carea' id='block_1_69' title="bbox 415 3773 2036 3847">
    <p class='ocr_par' dir='ltr' id='par_1_69' title="bbox 415 3773 2036 3847">
     <span class='ocr_line' id='line_1_69' title="bbox 415 3773 2036 3847; baseline 0.001 -17"><span class='ocrx_word' id='word_1_478' title='bbox 415 3776 768 3846; x_wconf 87' lang='lat' dir='ltr'><strong>promovendi</strong></span> <span class='ocrx_word' id='word_1_479' title='bbox 798 3776 1122 3832; x_wconf 82' lang='lat' dir='ltr'><strong>desiderium</strong></span> <span class='ocrx_word' id='word_1_480' title='bbox 1156 3775 1486 3832; x_wconf 85' lang='lat' dir='ltr'><strong>insatiabile.</strong></span> <span class='ocrx_word' id='word_1_481' title='bbox 1506 3773 1794 3832; x_wconf 79' lang='lat' dir='ltr'><strong>Excitatur</strong></span> <span class='ocrx_word' id='word_1_482' title='bbox 1826 3777 1881 3832; x_wconf 84' lang='lat' dir='ltr'><strong>iu</strong></span> <span class='ocrx_word' id='word_1_483' title='bbox 1905 3792 2003 3847; x_wconf 84' lang='lat' dir='ltr'><strong>pa-</strong></span> <span class='ocrx_word' id='word_1_484' title='bbox 2033 3777 2036 3780; x_wconf 82' lang='grc'><strong>’</strong></span> 
     </span>
    </p>
   </div>
   <div class='ocr_carea' id='block_1_70' title="bbox 414 3865 2004 3935">
    <p class='ocr_par' dir='ltr' id='par_1_70' title="bbox 414 3865 2004 3935">
     <span class='ocr_line' id='line_1_70' title="bbox 414 3865 2004 3935; baseline 0.003 -15"><span class='ocrx_word' id='word_1_485' title='bbox 414 3868 517 3921; x_wconf 87' lang='lat' dir='ltr'><strong>tria</strong></span> <span class='ocrx_word' id='word_1_486' title='bbox 565 3867 902 3922; x_wconf 81' lang='lat' dir='ltr'><strong>admirabilis</strong></span> <span class='ocrx_word' id='word_1_487' title='bbox 954 3867 1183 3935; x_wconf 86' lang='lat' dir='ltr'><strong>hujusce</strong></span> <span class='ocrx_word' id='word_1_488' title='bbox 1234 3865 1413 3922; x_wconf 83' lang='lat' dir='ltr'><strong>Patris</strong></span> <span class='ocrx_word' id='word_1_489' title='bbox 1484 3866 1685 3922; x_wconf 84' lang='lat' dir='ltr'><strong>bellum</strong></span> <span class='ocrx_word' id='word_1_490' title='bbox 1740 3866 2004 3925; x_wconf 88' lang='lat' dir='ltr'><strong>adversus</strong></span> 
     </span>
    </p>
   </div>
   <div class='ocr_carea' id='block_1_71' title="bbox 410 3958 1999 4027">
    <p class='ocr_par' dir='ltr' id='par_1_71' title="bbox 410 3958 1999 4027">
     <span class='ocr_line' id='line_1_71' title="bbox 410 3958 1999 4027; baseline 0.001 -12"><span class='ocrx_word' id='word_1_491' title='bbox 410 3958 643 4015; x_wconf 79' lang='lat' dir='ltr'><strong>Arabes.</strong></span> <span class='ocrx_word' id='word_1_492' title='bbox 674 3958 813 4027; x_wconf 89' lang='lat' dir='ltr'><strong>Ipse,</strong></span> <span class='ocrx_word' id='word_1_493' title='bbox 849 3959 1055 4014; x_wconf 66' lang='lat' dir='ltr'><strong>bellica:</strong></span> <span class='ocrx_word' id='word_1_494' title='bbox 1083 3959 1240 4025; x_wconf 87' lang='lat' dir='ltr'><strong>artis,</strong></span> <span class='ocrx_word' id='word_1_495' title='bbox 1268 3966 1330 4012; x_wconf 91' lang='lat' dir='ltr'><strong>ut</strong></span> <span class='ocrx_word' id='word_1_496' title='bbox 1358 3959 1596 4023; x_wconf 83' lang='lat' dir='ltr'><strong>videtur,</strong></span> <span class='ocrx_word' id='word_1_497' title='bbox 1640 3965 1744 4015; x_wconf 89' lang='lat' dir='ltr'><strong>non</strong></span> <span class='ocrx_word' id='word_1_498' title='bbox 1773 3960 1999 4017; x_wconf 90' lang='lat' dir='ltr'><strong>omnino</strong></span> 
     </span>
    </p>
   </div>
   <div class='ocr_carea' id='block_1_72' title="bbox 408 4049 2000 4122">
    <p class='ocr_par' dir='ltr' id='par_1_72' title="bbox 408 4049 2000 4122">
     <span class='ocr_line' id='line_1_72' title="bbox 408 4049 2000 4122; baseline 0.001 -16"><span class='ocrx_word' id='word_1_499' title='bbox 408 4052 589 4118; x_wconf 72' lang='lat' dir='ltr'><strong>rudis,</strong></span> <span class='ocrx_word' id='word_1_500' title='bbox 641 4066 765 4105; x_wconf 89' lang='lat' dir='ltr'><strong>cum</strong></span> <span class='ocrx_word' id='word_1_501' title='bbox 824 4052 941 4107; x_wconf 85' lang='lat' dir='ltr'><strong>suis</strong></span> <span class='ocrx_word' id='word_1_502' title='bbox 989 4049 1286 4122; x_wconf 86' lang='lat' dir='ltr'><strong>gentilibus</strong></span> <span class='ocrx_word' id='word_1_503' title='bbox 1340 4049 1391 4104; x_wconf 91' lang='lat' dir='ltr'><strong>in</strong></span> <span class='ocrx_word' id='word_1_504' title='bbox 1424 4065 1675 4121; x_wconf 84' lang='lat' dir='ltr'><strong>campum</strong></span> <span class='ocrx_word' id='word_1_505' title='bbox 1708 4053 2000 4122; x_wconf 89' lang='lat' dir='ltr'><strong>procedit;</strong></span> 
     </span>
    </p>
   </div>
   <div class='ocr_carea' id='block_1_73' title="bbox 409 4141 2005 4214">
    <p class='ocr_par' dir='ltr' id='par_1_73' title="bbox 409 4141 2005 4214">
     <span class='ocr_line' id='line_1_73' title="bbox 409 4141 2005 4214; baseline 0.001 -16"><span class='ocrx_word' id='word_1_506' title='bbox 409 4143 628 4211; x_wconf 73' lang='lat' dir='ltr'><strong>capitur</strong></span> <span class='ocrx_word' id='word_1_507' title='bbox 678 4142 748 4197; x_wconf 85' lang='lat' dir='ltr'><strong>ab</strong></span> <span class='ocrx_word' id='word_1_508' title='bbox 780 4141 1027 4196; x_wconf 87' lang='lat' dir='ltr'><strong>hostibus</strong></span> <span class='ocrx_word' id='word_1_509' title='bbox 1057 4183 1074 4209; x_wconf 93' lang='lat'><strong>,</strong></span> <span class='ocrx_word' id='word_1_510' title='bbox 1108 4151 1165 4196; x_wconf 91' lang='lat' dir='ltr'><strong>et</strong></span> <span class='ocrx_word' id='word_1_511' title='bbox 1213 4141 1405 4209; x_wconf 88' lang='lat' dir='ltr'><strong>procul</strong></span> <span class='ocrx_word' id='word_1_512' title='bbox 1447 4158 1476 4196; x_wconf 87' lang='lat' dir='ltr'><strong>a</strong></span> <span class='ocrx_word' id='word_1_513' title='bbox 1535 4143 1708 4213; x_wconf 88' lang='lat' dir='ltr'><strong>patria</strong></span> <span class='ocrx_word' id='word_1_514' title='bbox 1757 4147 2005 4214; x_wconf 84' lang='lat' dir='ltr'><strong>captivus</strong></span> 
     </span>
    </p>
   </div>
   <div class='ocr_carea' id='block_1_74' title="bbox 417 4232 2004 4302">
    <p class='ocr_par' dir='ltr' id='par_1_74' title="bbox 417 4232 2004 4302">
     <span class='ocr_line' id='line_1_74' title="bbox 417 4232 2004 4302; baseline -0.001 -12"><span class='ocrx_word' id='word_1_515' title='bbox 417 4234 748 4298; x_wconf 86' lang='lat' dir='ltr'><strong>abducitur;</strong></span> <span class='ocrx_word' id='word_1_516' title='bbox 783 4233 996 4298; x_wconf 66' lang='lat' dir='ltr'><strong>alienae,</strong></span> <span class='ocrx_word' id='word_1_517' title='bbox 1015 4233 1245 4302; x_wconf 90' lang='lat' dir='ltr'><strong>ejusque</strong></span> <span class='ocrx_word' id='word_1_518' title='bbox 1265 4232 1481 4290; x_wconf 88' lang='lat' dir='ltr'><strong>hostilis</strong></span> <span class='ocrx_word' id='word_1_519' title='bbox 1544 4243 1705 4290; x_wconf 64' lang='lat' dir='ltr'><strong>terrae</strong></span> <span class='ocrx_word' id='word_1_520' title='bbox 1740 4236 2004 4290; x_wconf 89' lang='lat' dir='ltr'><strong>interiora</strong></span> 
     </span>
    </p>
   </div>
   <div class='ocr_carea' id='block_1_75' title="bbox 417 4324 2001 4398">
    <p class='ocr_par' dir='ltr' id='par_1_75' title="bbox 417 4324 2001 4398">
     <span class='ocr_line' id='line_1_75' title="bbox 417 4324 2001 4398; baseline 0 -17"><span class='ocrx_word' id='word_1_521' title='bbox 417 4335 644 4382; x_wconf 84' lang='lat' dir='ltr'><strong>coactus</strong></span> <span class='ocrx_word' id='word_1_522' title='bbox 671 4325 807 4389; x_wconf 90' lang='lat' dir='ltr'><strong>adit,</strong></span> <span class='ocrx_word' id='word_1_523' title='bbox 840 4337 993 4378; x_wconf 89' lang='lat' dir='ltr'><strong>arcto</strong></span> <span class='ocrx_word' id='word_1_524' title='bbox 1020 4324 1229 4379; x_wconf 85' lang='lat' dir='ltr'><strong>carceri</strong></span> <span class='ocrx_word' id='word_1_525' title='bbox 1275 4327 1638 4396; x_wconf 72' lang='lat' dir='ltr'><strong>manuipatur,</strong></span> <span class='ocrx_word' id='word_1_526' title='bbox 1672 4327 1813 4398; x_wconf 89' lang='lat' dir='ltr'><strong>cippi</strong></span> <span class='ocrx_word' id='word_1_527' title='bbox 1847 4329 2001 4398; x_wconf 87' lang='lat' dir='ltr'><strong>pedi-</strong></span> 
     </span>
    </p>
   </div>
   <div class='ocr_carea' id='block_1_76' title="bbox 419 4414 2004 4485">
    <p class='ocr_par' dir='ltr' id='par_1_76' title="bbox 419 4414 2004 4485">
     <span class='ocr_line' id='line_1_76' title="bbox 419 4414 2004 4485; baseline 0.001 -14"><span class='ocrx_word' id='word_1_528' title='bbox 419 4418 523 4481; x_wconf 85' lang='lat' dir='ltr'><strong>bus</strong></span> <span class='ocrx_word' id='word_1_529' title='bbox 552 4416 894 4483; x_wconf 88' lang='lat' dir='ltr'><strong>injiciuntur,</strong></span> <span class='ocrx_word' id='word_1_530' title='bbox 924 4414 1040 4484; x_wconf 86' lang='lat' dir='ltr'><strong>ipse</strong></span> <span class='ocrx_word' id='word_1_531' title='bbox 1072 4415 1178 4470; x_wconf 87' lang='lat' dir='ltr'><strong>cibi</strong></span> <span class='ocrx_word' id='word_1_532' title='bbox 1217 4416 1393 4471; x_wconf 83' lang='lat' dir='ltr'><strong>inedia</strong></span> <span class='ocrx_word' id='word_1_533' title='bbox 1425 4426 1736 4473; x_wconf 83' lang='lat' dir='ltr'><strong>maceratur</strong></span> <span class='ocrx_word' id='word_1_534' title='bbox 1758 4458 1774 4485; x_wconf 93' lang='lat'><strong>,</strong></span> <span class='ocrx_word' id='word_1_535' title='bbox 1806 4418 2004 4473; x_wconf 62' lang='lat' dir='ltr'><strong>intoleo</strong></span> 
     </span>
    </p>
   </div>
   <div class='ocr_carea' id='block_1_77' title="bbox 2172 3478 3674 3567">
    <p class='ocr_par' dir='ltr' id='par_1_77' title="bbox 2172 3478 3674 3567">
     <span class='ocr_line' id='line_1_77' title="bbox 2172 3478 3674 3567; baseline -0.007 -12"><span class='ocrx_word' id='word_1_536' title='bbox 2172 3506 2248 3566; x_wconf 80' lang='grc' dir='ltr'><strong>ς’.</strong></span> <span class='ocrx_word' id='word_1_537' title='bbox 2283 3500 2397 3554; x_wconf 81' lang='grc' dir='ltr'><strong>Καὶ</strong></span> <span class='ocrx_word' id='word_1_538' title='bbox 2442 3499 2697 3552; x_wconf 83' lang='grc' dir='ltr'>σκοπεῖτε</span> <span class='ocrx_word' id='word_1_539' title='bbox 2743 3497 2805 3551; x_wconf 72' lang='grc' dir='ltr'>τὸ</span> <span class='ocrx_word' id='word_1_540' title='bbox 2834 3496 2931 3567; x_wconf 86' lang='grc' dir='ltr'><strong>τῆς</strong></span> <span class='ocrx_word' id='word_1_541' title='bbox 2956 3482 3105 3559; x_wconf 86' lang='grc' dir='ltr'>θείας</span> <span class='ocrx_word' id='word_1_542' title='bbox 3154 3478 3346 3563; x_wconf 78' lang='grc' dir='ltr'>σοφίας</span> <span class='ocrx_word' id='word_1_543' title='bbox 3372 3494 3674 3564; x_wconf 80' lang='grc' dir='ltr'>ἀμήχανον,</span> 
     </span>
    </p>
   </div>
   <div class='ocr_carea' id='block_1_78' title="bbox 2100 3577 3675 3665">
    <p class='ocr_par' dir='ltr' id='par_1_78' title="bbox 2100 3577 3675 3665">
     <span class='ocr_line' id='line_1_78' title="bbox 2100 3577 3675 3665; baseline -0.007 -17"><span class='ocrx_word' id='word_1_544' title='bbox 2100 3591 2198 3648; x_wconf 73' lang='grc' dir='ltr'>καὶ</span> <span class='ocrx_word' id='word_1_545' title='bbox 2251 3577 2352 3665; x_wconf 76' lang='grc' dir='ltr'>τὴν</span> <span class='ocrx_word' id='word_1_546' title='bbox 2411 3590 2548 3660; x_wconf 75' lang='grc' dir='ltr'>πρδς</span> <span class='ocrx_word' id='word_1_547' title='bbox 2603 3589 2927 3663; x_wconf 78' lang='grc' dir='ltr'>ἀνθρώπους</span> <span class='ocrx_word' id='word_1_548' title='bbox 2983 3587 3074 3642; x_wconf 77' lang='grc' dir='ltr'>τοῦ</span> <span class='ocrx_word' id='word_1_549' title='bbox 3149 3587 3287 3640; x_wconf 82' lang='grc' dir='ltr'>Θεοῦ</span> <span class='ocrx_word' id='word_1_550' title='bbox 3350 3585 3675 3656; x_wconf 85' lang='grc' dir='ltr'>κηδεμονίας</span> 
     </span>
    </p>
   </div>
   <div class='ocr_carea' id='block_1_79' title="bbox 2102 3679 3672 3759">
    <p class='ocr_par' dir='ltr' id='par_1_79' title="bbox 2102 3679 3672 3759">
     <span class='ocr_line' id='line_1_79' title="bbox 2102 3679 3672 3759; baseline -0.005 -18"><span class='ocrx_word' id='word_1_551' title='bbox 2102 3679 2435 3759; x_wconf 72' lang='grc' dir='ltr'>ὑπερϐολὴν,</span> <span class='ocrx_word' id='word_1_552' title='bbox 2478 3687 2573 3740; x_wconf 80' lang='grc' dir='ltr'><strong>καὶ</strong></span> <span class='ocrx_word' id='word_1_553' title='bbox 2602 3684 2703 3753; x_wconf 78' lang='grc' dir='ltr'>τὴν</span> <span class='ocrx_word' id='word_1_554' title='bbox 2744 3681 2885 3754; x_wconf 82' lang='grc' dir='ltr'>ὑπὲρ</span> <span class='ocrx_word' id='word_1_555' title='bbox 2914 3682 2976 3736; x_wconf 79' lang='grc' dir='ltr'><strong>τὸ</strong></span> <span class='ocrx_word' id='word_1_556' title='bbox 3028 3680 3225 3748; x_wconf 80' lang='grc' dir='ltr'>σώζειν</span> <span class='ocrx_word' id='word_1_557' title='bbox 3257 3679 3672 3751; x_wconf 80' lang='grc' dir='ltr'>ἀνυπέρϐλητον</span> 
     </span>
    </p>
   </div>
   <div class='ocr_carea' id='block_1_80' title="bbox 2103 3773 3673 3851">
    <p class='ocr_par' dir='ltr' id='par_1_80' title="bbox 2103 3773 3673 3851">
     <span class='ocr_line' id='line_1_80' title="bbox 2103 3773 3673 3851; baseline -0.006 -17"><span class='ocrx_word' id='word_1_558' title='bbox 2103 3780 2312 3850; x_wconf 74' lang='grc' dir='ltr'>ἔφεσιν.</span> <span class='ocrx_word' id='word_1_559' title='bbox 2360 3776 2809 3851; x_wconf 74' lang='grc' dir='ltr'>Ἀναρῤιπίζεται</span> <span class='ocrx_word' id='word_1_560' title='bbox 2858 3777 3093 3846; x_wconf 65' lang='grc' dir='ltr'>πόλεμον,</span> <span class='ocrx_word' id='word_1_561' title='bbox 3129 3777 3195 3846; x_wconf 79' lang='grc' dir='ltr'>τῇ</span> <span class='ocrx_word' id='word_1_562' title='bbox 3227 3773 3325 3828; x_wconf 80' lang='grc' dir='ltr'>τοῦ</span> <span class='ocrx_word' id='word_1_563' title='bbox 3369 3773 3673 3844; x_wconf 78' lang='grc' dir='ltr'>θαυμασίου</span> 
     </span>
    </p>
   </div>
   <div class='ocr_carea' id='block_1_81' title="bbox 2101 3858 3681 3943">
    <p class='ocr_par' dir='ltr' id='par_1_81' title="bbox 2101 3858 3681 3943">
     <span class='ocr_line' id='line_1_81' title="bbox 2101 3858 3681 3943; baseline -0.007 -15"><span class='ocrx_word' id='word_1_564' title='bbox 2101 3875 2292 3928; x_wconf 85' lang='grc' dir='ltr'>τούτου</span> <span class='ocrx_word' id='word_1_565' title='bbox 2341 3872 2556 3943; x_wconf 84' lang='grc' dir='ltr'>[ἰατρὸς</span> <span class='ocrx_word' id='word_1_566' title='bbox 2603 3858 2825 3942; x_wconf 82' lang='grc' dir='ltr'>πατρίδι</span> <span class='ocrx_word' id='word_1_567' title='bbox 2880 3869 3016 3942; x_wconf 84' lang='grc' dir='ltr'>πρὸς</span> <span class='ocrx_word' id='word_1_568' title='bbox 3050 3868 3336 3940; x_wconf 74' lang='grc' dir='ltr'>Ἄραϐας·</span> <span class='ocrx_word' id='word_1_569' title='bbox 3390 3868 3420 3920; x_wconf 85' lang='grc' dir='ltr'><strong>δ</strong></span> <span class='ocrx_word' id='word_1_570' title='bbox 3470 3865 3545 3932; x_wconf 80' lang='grc' dir='ltr'><strong>δὲ,</strong></span> <span class='ocrx_word' id='word_1_571' title='bbox 3582 3882 3681 3917; x_wconf 86' lang='grc' dir='ltr'>συ-</span> 
     </span>
    </p>
   </div>
   <div class='ocr_carea' id='block_1_82' title="bbox 2104 3955 3676 4038">
    <p class='ocr_par' dir='ltr' id='par_1_82' title="bbox 2104 3955 3676 4038">
     <span class='ocr_line' id='line_1_82' title="bbox 2104 3955 3676 4038; baseline -0.007 -18"><span class='ocrx_word' id='word_1_572' title='bbox 2104 3966 2507 4038; x_wconf 63' lang='grc' dir='ltr'>στρατιωτικῆς</span> <span class='ocrx_word' id='word_1_573' title='bbox 2565 3956 2678 4034; x_wconf 86' lang='grc' dir='ltr'><strong>(ὡς</strong></span> <span class='ocrx_word' id='word_1_574' title='bbox 2738 3961 2952 4033; x_wconf 73' lang='grc' dir='ltr'>ἔοικεν)</span> <span class='ocrx_word' id='word_1_575' title='bbox 3013 3961 3115 4014; x_wconf 83' lang='grc' dir='ltr'><strong>οὐκ</strong></span> <span class='ocrx_word' id='word_1_576' title='bbox 3179 3960 3510 4029; x_wconf 79' lang='grc' dir='ltr'>ἀμελέτητος</span> <span class='ocrx_word' id='word_1_577' title='bbox 3563 3955 3676 4024; x_wconf 79' lang='grc' dir='ltr'>ὢν,</span> 
     </span>
    </p>
   </div>
   <div class='ocr_carea' id='block_1_83' title="bbox 2103 4052 3679 4129">
    <p class='ocr_par' dir='ltr' id='par_1_83' title="bbox 2103 4052 3679 4129">
     <span class='ocr_line' id='line_1_83' title="bbox 2103 4052 3679 4129; baseline -0.004 -17"><span class='ocrx_word' id='word_1_578' title='bbox 2103 4059 2449 4129; x_wconf 85' lang='grc' dir='ltr'>συμπολεμεῖ</span> <span class='ocrx_word' id='word_1_579' title='bbox 2497 4059 2610 4118; x_wconf 80' lang='grc' dir='ltr'>τοῖς</span> <span class='ocrx_word' id='word_1_580' title='bbox 2651 4054 2981 4127; x_wconf 79' lang='grc' dir='ltr'>ὁμοφύλοις·</span> <span class='ocrx_word' id='word_1_581' title='bbox 3041 4052 3147 4108; x_wconf 77' lang='grc' dir='ltr'>ὑπὸ</span> <span class='ocrx_word' id='word_1_582' title='bbox 3196 4052 3306 4107; x_wconf 84' lang='grc' dir='ltr'><strong>τῶν</strong></span> <span class='ocrx_word' id='word_1_583' title='bbox 3364 4052 3679 4118; x_wconf 75' lang='grc' dir='ltr'>ἀλλοφύλων</span> 
     </span>
    </p>
   </div>
   <div class='ocr_carea' id='block_1_84' title="bbox 2100 4140 3682 4219">
    <p class='ocr_par' dir='ltr' id='par_1_84' title="bbox 2100 4140 3682 4219">
     <span class='ocr_line' id='line_1_84' title="bbox 2100 4140 3682 4219; baseline -0.003 -17"><span class='ocrx_word' id='word_1_584' title='bbox 2100 4148 2429 4202; x_wconf 81' lang='grc' dir='ltr'>ἀλίσκεται’</span> <span class='ocrx_word' id='word_1_585' title='bbox 2499 4147 2691 4219; x_wconf 74' lang='grc' dir='ltr'>πόρρω</span> <span class='ocrx_word' id='word_1_586' title='bbox 2764 4146 2865 4215; x_wconf 77' lang='grc' dir='ltr'><strong>τῆς</strong></span> <span class='ocrx_word' id='word_1_587' title='bbox 2942 4144 3273 4215; x_wconf 76' lang='grc' dir='ltr'>ἐνεγκούσης</span> <span class='ocrx_word' id='word_1_588' title='bbox 3333 4140 3682 4216; x_wconf 67' lang='grc' dir='ltr'>αίχμάλωτος</span> 
     </span>
    </p>
   </div>
   <div class='ocr_carea' id='block_1_85' title="bbox 2107 4234 3685 4310">
    <p class='ocr_par' dir='ltr' id='par_1_85' title="bbox 2107 4234 3685 4310">
     <span class='ocr_line' id='line_1_85' title="bbox 2107 4234 3685 4310; baseline -0.004 -18"><span class='ocrx_word' id='word_1_589' title='bbox 2107 4239 2489 4304; x_wconf 79' lang='grc' dir='ltr'>ἀποικίζεταιο</span> <span class='ocrx_word' id='word_1_590' title='bbox 2521 4242 2619 4310; x_wconf 79' lang='grc' dir='ltr'><strong>τῆς</strong></span> <span class='ocrx_word' id='word_1_591' title='bbox 2649 4237 2941 4309; x_wconf 84' lang='grc' dir='ltr'>ἀλλοτρίας</span> <span class='ocrx_word' id='word_1_592' title='bbox 2989 4238 3253 4308; x_wconf 77' lang='grc' dir='ltr'>ἐνδοτέρω</span> <span class='ocrx_word' id='word_1_593' title='bbox 3286 4236 3382 4291; x_wconf 79' lang='grc' dir='ltr'><strong>καὶ</strong></span> <span class='ocrx_word' id='word_1_594' title='bbox 3420 4234 3685 4305; x_wconf 66' lang='grc' dir='ltr'>πολεμίας</span> 
     </span>
    </p>
   </div>
   <div class='ocr_carea' id='block_1_86' title="bbox 2109 4326 3683 4402">
    <p class='ocr_par' dir='ltr' id='par_1_86' title="bbox 2109 4326 3683 4402">
     <span class='ocr_line' id='line_1_86' title="bbox 2109 4326 3683 4402; baseline -0.003 -17"><span class='ocrx_word' id='word_1_595' title='bbox 2109 4333 2270 4385; x_wconf 75' lang='grc' dir='ltr'>ποσὶν</span> <span class='ocrx_word' id='word_1_596' title='bbox 2330 4332 2631 4401; x_wconf 73' lang='grc' dir='ltr'>ἀϐούλητος</span> <span class='ocrx_word' id='word_1_597' title='bbox 2689 4330 3018 4402; x_wconf 72' lang='grc' dir='ltr'>προϐαίνει*</span> <span class='ocrx_word' id='word_1_598' title='bbox 3074 4329 3356 4401; x_wconf 81' lang='grc' dir='ltr'>φρουρίοις</span> <span class='ocrx_word' id='word_1_599' title='bbox 3414 4326 3683 4398; x_wconf 67' lang='grc' dir='ltr'>ἀφύκτοις</span> 
     </span>
    </p>
   </div>
   <div class='ocr_carea' id='block_1_87' title="bbox 2110 4421 3686 4494">
    <p class='ocr_par' dir='ltr' id='par_1_87' title="bbox 2110 4421 3686 4494">
     <span class='ocr_line' id='line_1_87' title="bbox 2110 4421 3686 4494; baseline -0.016 15"><span class='ocrx_word' id='word_1_600' title='bbox 2110 4422 2541 4494; x_wconf 63' lang='grc' dir='ltr'><strong>καθείργνυται’</strong></span> <span class='ocrx_word' id='word_1_601' title='bbox 2573 4423 2651 4493; x_wconf 73' lang='grc' dir='ltr'><strong>τῷ</strong></span> <span class='ocrx_word' id='word_1_602' title='bbox 2701 4421 2822 4475; x_wconf 61' lang='grc' dir='ltr'><strong>ποδὶ</strong></span> <span class='ocrx_word' id='word_1_603' title='bbox 2877 4422 3066 4485; x_wconf 79' lang='grc' dir='ltr'><strong>πέδαις</strong></span> <span class='ocrx_word' id='word_1_604' title='bbox 3118 4422 3423 4491; x_wconf 79' lang='grc' dir='ltr'>δεσμεῖται,</span> <span class='ocrx_word' id='word_1_605' title='bbox 3473 4422 3686 4491; x_wconf 62' lang='grc' dir='ltr'>τροφῆς</span> 
     </span>
    </p>
   </div>
   <div class='ocr_carea' id='block_1_88' title="bbox 424 4500 1991 4587">
    <p class='ocr_par' dir='ltr' id='par_1_88' title="bbox 424 4500 1991 4579">
     <span class='ocr_line' id='line_1_88' title="bbox 424 4500 1991 4579; baseline -0.001 -14"><span class='ocrx_word' id='word_1_606' title='bbox 424 4500 618 4565; x_wconf 79' lang='lat' dir='ltr'><strong>rabilia</strong></span> <span class='ocrx_word' id='word_1_607' title='bbox 675 4507 847 4563; x_wconf 90' lang='lat' dir='ltr'><strong>multa</strong></span> <span class='ocrx_word' id='word_1_608' title='bbox 902 4508 1144 4578; x_wconf 90' lang='lat' dir='ltr'><strong>patitur,</strong></span> <span class='ocrx_word' id='word_1_609' title='bbox 1189 4508 1487 4579; x_wconf 88' lang='lat' dir='ltr'><strong>despondet</strong></span> <span class='ocrx_word' id='word_1_610' title='bbox 1525 4513 1791 4576; x_wconf 88' lang='lat' dir='ltr'><strong>animum,</strong></span> <span class='ocrx_word' id='word_1_611' title='bbox 1837 4511 1991 4564; x_wconf 82' lang='lat' dir='ltr'><strong>vitam</strong></span> 
     </span>
    </p>
   </div>
   <div class='ocr_carea' id='block_1_89' title="bbox 2095 4500 3686 4587">
    <p class='ocr_par' dir='ltr' id='par_1_89' title="bbox 2111 4512 3686 4587">
     <span class='ocr_line' id='line_1_89' title="bbox 2111 4512 3686 4587; baseline -0.002 -19"><span class='ocrx_word' id='word_1_612' title='bbox 2111 4515 2287 4587; x_wconf 79' lang='grc' dir='ltr'>ἐνδείᾷ</span> <span class='ocrx_word' id='word_1_613' title='bbox 2363 4515 2632 4581; x_wconf 79' lang='grc' dir='ltr'>πιέζεται,</span> <span class='ocrx_word' id='word_1_614' title='bbox 2684 4514 2855 4568; x_wconf 80' lang='grc' dir='ltr'>πολλὰ</span> <span class='ocrx_word' id='word_1_615' title='bbox 2933 4512 3134 4584; x_wconf 77' lang='grc' dir='ltr'>πάσχει</span> <span class='ocrx_word' id='word_1_616' title='bbox 3208 4514 3317 4566; x_wconf 83' lang='grc' dir='ltr'><strong>τῶν</strong></span> <span class='ocrx_word' id='word_1_617' title='bbox 3368 4515 3686 4583; x_wconf 79' lang='grc' dir='ltr'>ἀφορήτων,</span> 
     </span>
    </p>
   </div>
   <div class='ocr_carea' id='block_1_90' title="bbox 424 4601 2008 4673">
    <p class='ocr_par' dir='ltr' id='par_1_90' title="bbox 424 4601 2008 4673">
     <span class='ocr_line' id='line_1_90' title="bbox 424 4601 2008 4673; baseline -0.001 -15"><span class='ocrx_word' id='word_1_618' title='bbox 424 4604 724 4672; x_wconf 85' lang='lat' dir='ltr'><strong>desperat;</strong></span> <span class='ocrx_word' id='word_1_619' title='bbox 780 4601 1019 4670; x_wconf 89' lang='lat' dir='ltr'><strong>denique</strong></span> <span class='ocrx_word' id='word_1_620' title='bbox 1083 4602 1151 4657; x_wconf 89' lang='lat' dir='ltr'><strong>ad</strong></span> <span class='ocrx_word' id='word_1_621' title='bbox 1212 4601 1381 4657; x_wconf 89' lang='lat' dir='ltr'><strong>Deum</strong></span> <span class='ocrx_word' id='word_1_622' title='bbox 1420 4603 1685 4672; x_wconf 81' lang='lat' dir='ltr'><strong>confugit,</strong></span> <span class='ocrx_word' id='word_1_623' title='bbox 1718 4603 1879 4673; x_wconf 66' lang='lat' dir='ltr'><strong>rique</strong></span> <span class='ocrx_word' id='word_1_624' title='bbox 1907 4603 2008 4658; x_wconf 90' lang='lat' dir='ltr'><strong>soli</strong></span> 
     </span>
    </p>
   </div>
   <div class='ocr_carea' id='block_1_91' title="bbox 427 4677 2010 4765">
    <p class='ocr_par' dir='ltr' id='par_1_91' title="bbox 427 4677 2010 4765">
     <span class='ocr_line' id='line_1_91' title="bbox 427 4677 2010 4765; baseline 0.003 -19"><span class='ocrx_word' id='word_1_625' title='bbox 427 4692 784 4764; x_wconf 85' lang='lat' dir='ltr'><strong>imposterum</strong></span> <span class='ocrx_word' id='word_1_626' title='bbox 818 4708 877 4749; x_wconf 89' lang='lat' dir='ltr'><strong>se</strong></span> <span class='ocrx_word' id='word_1_627' title='bbox 899 4695 1171 4748; x_wconf 90' lang='lat' dir='ltr'><strong>victurum</strong></span> <span class='ocrx_word' id='word_1_628' title='bbox 1194 4696 1486 4765; x_wconf 90' lang='lat' dir='ltr'><strong>promittit,</strong></span> <span class='ocrx_word' id='word_1_629' title='bbox 1516 4697 1559 4749; x_wconf 88' lang='lat' dir='ltr'><strong>si</strong></span> <span class='ocrx_word' id='word_1_630' title='bbox 1593 4677 1757 4749; x_wconf 87' lang='lat' dir='ltr'><strong>modo</strong></span> <span class='ocrx_word' id='word_1_631' title='bbox 1790 4694 2010 4750; x_wconf 87' lang='lat' dir='ltr'><strong>liberio-</strong></span> 
     </span>
    </p>
   </div>
   <div class='ocr_carea' id='block_1_92' title="bbox 427 4786 2013 4857">
    <p class='ocr_par' dir='ltr' id='par_1_92' title="bbox 427 4786 2013 4857">
     <span class='ocr_line' id='line_1_92' title="bbox 427 4786 2013 4857; baseline 0.002 -18"><span class='ocrx_word' id='word_1_632' title='bbox 427 4799 541 4839; x_wconf 89' lang='lat' dir='ltr'><strong>rem</strong></span> <span class='ocrx_word' id='word_1_633' title='bbox 594 4801 719 4840; x_wconf 81' lang='lat' dir='ltr'><strong>aera</strong></span> <span class='ocrx_word' id='word_1_634' title='bbox 766 4786 1090 4857; x_wconf 87' lang='lat' dir='ltr'><strong>conspicere</strong></span> <span class='ocrx_word' id='word_1_635' title='bbox 1154 4786 1472 4857; x_wconf 82' lang='lat' dir='ltr'><strong>aliquando,</strong></span> <span class='ocrx_word' id='word_1_636' title='bbox 1510 4801 1574 4841; x_wconf 82' lang='lat' dir='ltr'><strong>ac</strong></span> <span class='ocrx_word' id='word_1_637' title='bbox 1623 4788 1759 4839; x_wconf 84' lang='lat' dir='ltr'><strong>mala</strong></span> <span class='ocrx_word' id='word_1_638' title='bbox 1809 4788 2013 4856; x_wconf 85' lang='lat' dir='ltr'><strong>quibus</strong></span> 
     </span>
    </p>
   </div>
   <div class='ocr_carea' id='block_1_93' title="bbox 425 4878 2014 4949">
    <p class='ocr_par' dir='ltr' id='par_1_93' title="bbox 425 4878 2014 4949">
     <span class='ocr_line' id='line_1_93' title="bbox 425 4878 2014 4949; baseline 0.004 -20"><span class='ocrx_word' id='word_1_639' title='bbox 425 4878 693 4946; x_wconf 83' lang='lat' dir='ltr'><strong>premitur</strong></span> <span class='ocrx_word' id='word_1_640' title='bbox 715 4879 947 4933; x_wconf 82' lang='lat' dir='ltr'><strong>evadere</strong></span> <span class='ocrx_word' id='word_1_641' title='bbox 995 4879 1296 4948; x_wconf 81' lang='lat' dir='ltr'><strong>contingat.</strong></span> <span class='ocrx_word' id='word_1_642' title='bbox 1350 4878 1493 4944; x_wconf 85' lang='lat' dir='ltr'><strong>Quid</strong></span> <span class='ocrx_word' id='word_1_643' title='bbox 1531 4878 1696 4949; x_wconf 88' lang='lat' dir='ltr'><strong>igitur</strong></span> <span class='ocrx_word' id='word_1_644' title='bbox 1730 4878 1839 4944; x_wconf 80' lang='lat' dir='ltr'><strong>hic,</strong></span> <span class='ocrx_word' id='word_1_645' title='bbox 1866 4880 2014 4935; x_wconf 89' lang='lat' dir='ltr'><strong>celer</strong></span> 
     </span>
    </p>
   </div>
   <div class='ocr_carea' id='block_1_94' title="bbox 424 4966 2013 5038">
    <p class='ocr_par' dir='ltr' id='par_1_94' title="bbox 424 4966 2013 5038">
     <span class='ocr_line' id='line_1_94' title="bbox 424 4966 2013 5038; baseline 0.002 -17"><span class='ocrx_word' id='word_1_646' title='bbox 424 4966 498 5021; x_wconf 86' lang='lat' dir='ltr'><strong>ad</strong></span> <span class='ocrx_word' id='word_1_647' title='bbox 521 4968 942 5033; x_wconf 77' lang='lat' dir='ltr'><strong>exaudiendum,</strong></span> <span class='ocrx_word' id='word_1_648' title='bbox 977 4979 1033 5022; x_wconf 91' lang='lat' dir='ltr'><strong>et</strong></span> <span class='ocrx_word' id='word_1_649' title='bbox 1058 4968 1316 5038; x_wconf 87' lang='lat' dir='ltr'><strong>providus</strong></span> <span class='ocrx_word' id='word_1_650' title='bbox 1342 4969 1410 5023; x_wconf 90' lang='lat' dir='ltr'><strong>ad</strong></span> <span class='ocrx_word' id='word_1_651' title='bbox 1435 4969 1829 5025; x_wconf 86' lang='lat' dir='ltr'><strong>consulendum</strong></span> <span class='ocrx_word' id='word_1_652' title='bbox 1855 4970 2013 5033; x_wconf 79' lang='lat' dir='ltr'><strong>rebus</strong></span> 
     </span>
    </p>
   </div>
   <div class='ocr_carea' id='block_1_95' title="bbox 431 5053 2014 5131">
    <p class='ocr_par' dir='ltr' id='par_1_95' title="bbox 431 5053 2014 5131">
     <span class='ocr_line' id='line_1_95' title="bbox 431 5053 2014 5131; baseline 0.001 -15"><span class='ocrx_word' id='word_1_653' title='bbox 431 5060 649 5116; x_wconf 86' lang='lat' dir='ltr'><strong>miseris</strong></span> <span class='ocrx_word' id='word_1_654' title='bbox 703 5061 887 5116; x_wconf 80' lang='lat' dir='ltr'><strong>Deus?</strong></span> <span class='ocrx_word' id='word_1_655' title='bbox 952 5059 1132 5116; x_wconf 82' lang='lat' dir='ltr'><strong>Moras</strong></span> <span class='ocrx_word' id='word_1_656' title='bbox 1179 5053 1449 5131; x_wconf 86' lang='lat' dir='ltr'><strong>tantisper</strong></span> <span class='ocrx_word' id='word_1_657' title='bbox 1508 5062 1699 5129; x_wconf 85' lang='lat' dir='ltr'><strong>nectit,</strong></span> <span class='ocrx_word' id='word_1_658' title='bbox 1755 5070 1813 5117; x_wconf 88' lang='lat' dir='ltr'><strong>et</strong></span> <span class='ocrx_word' id='word_1_659' title='bbox 1878 5078 2014 5117; x_wconf 86' lang='lat' dir='ltr'><strong>cun-</strong></span> 
     </span>
    </p>
   </div>
   <div class='ocr_carea' id='block_1_96' title="bbox 428 5153 2015 5227">
    <p class='ocr_par' dir='ltr' id='par_1_96' title="bbox 428 5153 2015 5227">
     <span class='ocr_line' id='line_1_96' title="bbox 428 5153 2015 5227; baseline 0 -16"><span class='ocrx_word' id='word_1_660' title='bbox 428 5155 632 5211; x_wconf 85' lang='lat' dir='ltr'><strong>ctando</strong></span> <span class='ocrx_word' id='word_1_661' title='bbox 661 5153 914 5212; x_wconf 84' lang='lat' dir='ltr'><strong>miserias</strong></span> <span class='ocrx_word' id='word_1_662' title='bbox 950 5154 1070 5225; x_wconf 90' lang='lat' dir='ltr'><strong>ejus</strong></span> <span class='ocrx_word' id='word_1_663' title='bbox 1122 5154 1463 5225; x_wconf 85' lang='lat' dir='ltr'><strong>longiuscule</strong></span> <span class='ocrx_word' id='word_1_664' title='bbox 1493 5157 1740 5224; x_wconf 86' lang='lat' dir='ltr'><strong>protendi</strong></span> <span class='ocrx_word' id='word_1_665' title='bbox 1785 5157 2015 5227; x_wconf 83' lang='lat' dir='ltr'><strong>permit-</strong></span> 
     </span>
    </p>
   </div>
   <div class='ocr_carea' id='block_1_97' title="bbox 434 5246 2015 5321">
    <p class='ocr_par' dir='ltr' id='par_1_97' title="bbox 434 5246 2015 5321">
     <span class='ocr_line' id='line_1_97' title="bbox 434 5246 2015 5321; baseline 0.003 -19"><span class='ocrx_word' id='word_1_666' title='bbox 434 5250 540 5315; x_wconf 89' lang='lat' dir='ltr'><strong>tit;</strong></span> <span class='ocrx_word' id='word_1_667' title='bbox 600 5247 763 5317; x_wconf 85' lang='lat' dir='ltr'><strong>idque</strong></span> <span class='ocrx_word' id='word_1_668' title='bbox 812 5248 1263 5319; x_wconf 80' lang='lat' dir='ltr'><strong>prudentissime,</strong></span> <span class='ocrx_word' id='word_1_669' title='bbox 1313 5257 1372 5301; x_wconf 90' lang='lat' dir='ltr'><strong>ut</strong></span> <span class='ocrx_word' id='word_1_670' title='bbox 1427 5246 1680 5302; x_wconf 84' lang='lat' dir='ltr'><strong>videlicet</strong></span> <span class='ocrx_word' id='word_1_671' title='bbox 1710 5248 1791 5304; x_wconf 90' lang='lat' dir='ltr'><strong>sic</strong></span> <span class='ocrx_word' id='word_1_672' title='bbox 1842 5251 2015 5321; x_wconf 90' lang='lat' dir='ltr'><strong>magis</strong></span> 
     </span>
    </p>
   </div>
   <div class='ocr_carea' id='block_1_98' title="bbox 433 5339 2013 5411">
    <p class='ocr_par' dir='ltr' id='par_1_98' title="bbox 433 5339 2013 5411">
     <span class='ocr_line' id='line_1_98' title="bbox 433 5339 2013 5411; baseline 0.002 -19"><span class='ocrx_word' id='word_1_673' title='bbox 433 5346 549 5392; x_wconf 82' lang='lat' dir='ltr'><strong>tuta</strong></span> <span class='ocrx_word' id='word_1_674' title='bbox 590 5339 728 5394; x_wconf 88' lang='lat' dir='ltr'><strong>foret</strong></span> <span class='ocrx_word' id='word_1_675' title='bbox 773 5339 1107 5410; x_wconf 86' lang='lat' dir='ltr'><strong>supplicanti</strong></span> <span class='ocrx_word' id='word_1_676' title='bbox 1162 5339 1419 5405; x_wconf 89' lang='lat' dir='ltr'><strong>libertas;</strong></span> <span class='ocrx_word' id='word_1_677' title='bbox 1468 5341 1909 5411; x_wconf 81' lang='lat' dir='ltr'><strong>quandoquidem</strong></span> <span class='ocrx_word' id='word_1_678' title='bbox 1942 5344 2013 5398; x_wconf 83' lang='lat' dir='ltr'><strong>ita</strong></span> 
     </span>
    </p>
   </div>
   <div class='ocr_carea' id='block_1_99' title="bbox 430 5432 2013 5504">
    <p class='ocr_par' dir='ltr' id='par_1_99' title="bbox 430 5432 2013 5504">
     <span class='ocr_line' id='line_1_99' title="bbox 430 5432 2013 5504; baseline 0.002 -19"><span class='ocrx_word' id='word_1_679' title='bbox 430 5443 559 5485; x_wconf 88' lang='lat' dir='ltr'><strong>cum</strong></span> <span class='ocrx_word' id='word_1_680' title='bbox 621 5433 933 5486; x_wconf 76' lang='lat' dir='ltr'><strong>lio-niuibus</strong></span> <span class='ocrx_word' id='word_1_681' title='bbox 972 5442 1353 5500; x_wconf 83' lang='lat' dir='ltr'><strong>comparatum</strong></span> <span class='ocrx_word' id='word_1_682' title='bbox 1391 5432 1500 5496; x_wconf 87' lang='lat' dir='ltr'><strong>sit,</strong></span> <span class='ocrx_word' id='word_1_683' title='bbox 1549 5439 1610 5486; x_wconf 85' lang='lat' dir='ltr'><strong>ut</strong></span> <span class='ocrx_word' id='word_1_684' title='bbox 1660 5445 2013 5504; x_wconf 88' lang='lat' dir='ltr'><strong>posteaquam</strong></span> 
     </span>
    </p>
   </div>
   <div class='ocr_carea' id='block_1_100' title="bbox 432 5522 2012 5591">
    <p class='ocr_par' dir='ltr' id='par_1_100' title="bbox 432 5522 2012 5591">
     <span class='ocr_line' id='line_1_100' title="bbox 432 5522 2012 5591; baseline 0.001 -14"><span class='ocrx_word' id='word_1_685' title='bbox 432 5522 792 5578; x_wconf 84' lang='lat' dir='ltr'><strong>liberatisuut</strong></span> <span class='ocrx_word' id='word_1_686' title='bbox 833 5524 899 5577; x_wconf 85' lang='lat' dir='ltr'><strong>iis</strong></span> <span class='ocrx_word' id='word_1_687' title='bbox 928 5524 1129 5591; x_wconf 83' lang='lat' dir='ltr'><strong>quibus</strong></span> <span class='ocrx_word' id='word_1_688' title='bbox 1161 5523 1551 5591; x_wconf 82' lang='lat' dir='ltr'><strong>premebantur</strong></span> <span class='ocrx_word' id='word_1_689' title='bbox 1578 5524 1852 5590; x_wconf 85' lang='lat' dir='ltr'><strong>adversis,</strong></span> <span class='ocrx_word' id='word_1_690' title='bbox 1889 5536 2012 5580; x_wconf 85' lang='lat' dir='ltr'><strong>vota</strong></span> 
     </span>
    </p>
   </div>
   <div class='ocr_carea' id='block_1_101' title="bbox 437 5599 2017 5687">
    <p class='ocr_par' dir='ltr' id='par_1_101' title="bbox 437 5599 2017 5687">
     <span class='ocr_line' id='line_1_101' title="bbox 437 5599 2017 5687; baseline 0.002 -18"><span class='ocrx_word' id='word_1_691' title='bbox 437 5616 589 5687; x_wconf 83' lang='lat' dir='ltr'><strong>prius</strong></span> <span class='ocrx_word' id='word_1_692' title='bbox 624 5615 768 5669; x_wconf 88' lang='lat' dir='ltr'><strong>facta</strong></span> <span class='ocrx_word' id='word_1_693' title='bbox 794 5614 955 5670; x_wconf 80' lang='lat' dir='ltr'><strong>facile</strong></span> <span class='ocrx_word' id='word_1_694' title='bbox 1000 5614 1301 5685; x_wconf 82' lang='lat' dir='ltr'><strong>negligant,</strong></span> <span class='ocrx_word' id='word_1_695' title='bbox 1346 5616 1400 5669; x_wconf 92' lang='lat' dir='ltr'><strong>ni</strong></span> <span class='ocrx_word' id='word_1_696' title='bbox 1434 5631 1496 5670; x_wconf 87' lang='lat' dir='ltr'><strong>ea</strong></span> <span class='ocrx_word' id='word_1_697' title='bbox 1530 5599 2017 5687; x_wconf 34' lang='lat' dir='ltr'><strong>probe‘coullrma-</strong></span> 
     </span>
    </p>
   </div>
   <div class='ocr_carea' id='block_1_102' title="bbox 436 5711 632 5762">
    <p class='ocr_par' dir='ltr' id='par_1_102' title="bbox 436 5711 632 5762">
     <span class='ocr_line' id='line_1_102' title="bbox 436 5711 632 5762; baseline -0.015 0"><span class='ocrx_word' id='word_1_698' title='bbox 436 5711 632 5762; x_wconf 81' lang='lat' dir='ltr'><strong>verint.</strong></span> 
     </span>
    </p>
   </div>
   <div class='ocr_carea' id='block_1_103' title="bbox 507 5801 2014 5881">
    <p class='ocr_par' dir='ltr' id='par_1_103' title="bbox 507 5801 2014 5881">
     <span class='ocr_line' id='line_1_103' title="bbox 507 5801 2014 5881; baseline -0.001 -19"><span class='ocrx_word' id='word_1_699' title='bbox 507 5806 562 5862; x_wconf 87' lang='lat'><strong>7.</strong></span> <span class='ocrx_word' id='word_1_700' title='bbox 586 5801 732 5867; x_wconf 74' lang='grc' dir='ltr'>Ωιιιὰ</span> <span class='ocrx_word' id='word_1_701' title='bbox 765 5804 974 5877; x_wconf 75' lang='lat' dir='ltr'><strong>porro?</strong></span> <span class='ocrx_word' id='word_1_702' title='bbox 1011 5807 1118 5861; x_wconf 83' lang='lat' dir='ltr'><strong>l’cr</strong></span> <span class='ocrx_word' id='word_1_703' title='bbox 1150 5804 1389 5877; x_wconf 80' lang='lat' dir='ltr'><strong>quietem</strong></span> <span class='ocrx_word' id='word_1_704' title='bbox 1436 5809 1700 5878; x_wconf 88' lang='lat' dir='ltr'><strong>promissa</strong></span> <span class='ocrx_word' id='word_1_705' title='bbox 1743 5810 1861 5881; x_wconf 67' lang='lat' dir='ltr'><strong>ejus</strong></span> <span class='ocrx_word' id='word_1_706' title='bbox 1901 5821 2014 5865; x_wconf 74' lang='lat' dir='ltr'><strong>rata</strong></span> 
     </span>
    </p>
   </div>
   <div class='ocr_carea' id='block_1_104' title="bbox 2111 4603 3689 4678">
    <p class='ocr_par' dir='ltr' id='par_1_104' title="bbox 2111 4603 3689 4678">
     <span class='ocr_line' id='line_1_104' title="bbox 2111 4603 3689 4678; baseline -0.003 -18"><span class='ocrx_word' id='word_1_707' title='bbox 2111 4607 2481 4678; x_wconf 78' lang='grc' dir='ltr'>ἐξαπορεῖται,</span> <span class='ocrx_word' id='word_1_708' title='bbox 2530 4608 2633 4678; x_wconf 79' lang='grc' dir='ltr'>τὴν</span> <span class='ocrx_word' id='word_1_709' title='bbox 2678 4607 2887 4660; x_wconf 76' lang='grc' dir='ltr'>οἰκείαν</span> <span class='ocrx_word' id='word_1_710' title='bbox 2938 4604 3087 4676; x_wconf 80' lang='grc' dir='ltr'>ζωὴν</span> <span class='ocrx_word' id='word_1_711' title='bbox 3137 4606 3488 4673; x_wconf 85' lang='grc' dir='ltr'>ἀπολέγεται,</span> <span class='ocrx_word' id='word_1_712' title='bbox 3534 4603 3689 4666; x_wconf 77' lang='grc' dir='ltr'>τέλος</span> 
     </span>
    </p>
   </div>
   <div class='ocr_carea' id='block_1_105' title="bbox 2111 4697 3690 4770">
    <p class='ocr_par' dir='ltr' id='par_1_105' title="bbox 2111 4697 3690 4770">
     <span class='ocr_line' id='line_1_105' title="bbox 2111 4697 3690 4770; baseline -0.004 -16"><span class='ocrx_word' id='word_1_713' title='bbox 2111 4701 2206 4754; x_wconf 75' lang='grc' dir='ltr'><strong>ἐπὶ</strong></span> <span class='ocrx_word' id='word_1_714' title='bbox 2261 4700 2395 4754; x_wconf 75' lang='grc' dir='ltr'>Θεὸν</span> <span class='ocrx_word' id='word_1_715' title='bbox 2454 4700 2816 4770; x_wconf 76' lang='grc' dir='ltr'>καταφεύγει,</span> <span class='ocrx_word' id='word_1_716' title='bbox 2860 4698 3036 4769; x_wconf 82' lang='grc' dir='ltr'>τούτῳ</span> <span class='ocrx_word' id='word_1_717' title='bbox 3096 4698 3242 4768; x_wconf 86' lang='grc' dir='ltr'>μόνῳ</span> <span class='ocrx_word' id='word_1_718' title='bbox 3279 4697 3476 4762; x_wconf 77' lang='grc' dir='ltr'>ζώσειν</span> <span class='ocrx_word' id='word_1_719' title='bbox 3514 4700 3690 4763; x_wconf 75' lang='grc' dir='ltr'>ἐπατ-</span> 
     </span>
    </p>
   </div>
   <div class='ocr_carea' id='block_1_106' title="bbox 2112 4790 3683 4865">
    <p class='ocr_par' dir='ltr' id='par_1_106' title="bbox 2112 4790 3683 4865">
     <span class='ocr_line' id='line_1_106' title="bbox 2112 4790 3683 4865; baseline -0.004 -16"><span class='ocrx_word' id='word_1_720' title='bbox 2112 4795 2385 4864; x_wconf 85' lang='grc' dir='ltr'>γέλλεται,</span> <span class='ocrx_word' id='word_1_721' title='bbox 2443 4795 2604 4865; x_wconf 67' lang='grc' dir='ltr'>μόθον</span> <span class='ocrx_word' id='word_1_722' title='bbox 2636 4795 2714 4847; x_wconf 82' lang='grc' dir='ltr'>,εί</span> <span class='ocrx_word' id='word_1_723' title='bbox 2771 4793 2886 4862; x_wconf 80' lang='grc' dir='ltr'>φῶς</span> <span class='ocrx_word' id='word_1_724' title='bbox 2934 4791 3222 4862; x_wconf 80' lang='grc' dir='ltr'>ἐλεύθερον</span> <span class='ocrx_word' id='word_1_725' title='bbox 3276 4790 3395 4857; x_wconf 82' lang='grc' dir='ltr'>ἱδοι,</span> <span class='ocrx_word' id='word_1_726' title='bbox 3431 4792 3525 4843; x_wconf 81' lang='grc' dir='ltr'>καὶ</span> <span class='ocrx_word' id='word_1_727' title='bbox 3579 4790 3683 4842; x_wconf 67' lang='grc' dir='ltr'><strong>τῶν</strong></span> 
     </span>
    </p>
   </div>
   <div class='ocr_carea' id='block_1_107' title="bbox 2114 4874 3684 4959">
    <p class='ocr_par' dir='ltr' id='par_1_107' title="bbox 2114 4874 3684 4959">
     <span class='ocr_line' id='line_1_107' title="bbox 2114 4874 3684 4959; baseline -0.006 -16"><span class='ocrx_word' id='word_1_728' title='bbox 2114 4889 2451 4959; x_wconf 78' lang='grc' dir='ltr'>συνεχόντων</span> <span class='ocrx_word' id='word_1_729' title='bbox 2481 4887 2768 4958; x_wconf 79' lang='grc' dir='ltr'>ἀπαλλάξῃ</span> <span class='ocrx_word' id='word_1_730' title='bbox 2817 4874 3031 4940; x_wconf 74' lang='grc' dir='ltr'>δεινῶν.</span> <span class='ocrx_word' id='word_1_731' title='bbox 3062 4884 3127 4937; x_wconf 85' lang='grc' dir='ltr'><strong>Τί</strong></span> <span class='ocrx_word' id='word_1_732' title='bbox 3168 4882 3261 4937; x_wconf 78' lang='grc' dir='ltr'>οὖν</span> <span class='ocrx_word' id='word_1_733' title='bbox 3288 4885 3316 4937; x_wconf 80' lang='grc' dir='ltr'>ὁ</span> <span class='ocrx_word' id='word_1_734' title='bbox 3343 4882 3509 4952; x_wconf 77' lang='grc' dir='ltr'>ταχὺς</span> <span class='ocrx_word' id='word_1_735' title='bbox 3546 4880 3684 4951; x_wconf 74' lang='grc' dir='ltr'>ὁμοῦ</span> 
     </span>
    </p>
   </div>
   <div class='ocr_carea' id='block_1_108' title="bbox 2113 4970 3686 5052">
    <p class='ocr_par' dir='ltr' id='par_1_108' title="bbox 2113 4970 3686 5052">
     <span class='ocr_line' id='line_1_108' title="bbox 2113 4970 3686 5052; baseline -0.009 -17"><span class='ocrx_word' id='word_1_736' title='bbox 2113 4982 2208 5035; x_wconf 74' lang='grc' dir='ltr'><strong>καὶ</strong></span> <span class='ocrx_word' id='word_1_737' title='bbox 2242 4980 2538 5052; x_wconf 79' lang='grc' dir='ltr'>προμηθὴς</span> <span class='ocrx_word' id='word_1_738' title='bbox 2580 4978 2747 5044; x_wconf 84' lang='grc' dir='ltr'><strong>Θεό;;</strong></span> <span class='ocrx_word' id='word_1_739' title='bbox 2791 4975 3183 5030; x_wconf 82' lang='grc' dir='ltr'>Ἀναϐἁλλεται</span> <span class='ocrx_word' id='word_1_740' title='bbox 3208 4975 3343 5037; x_wconf 71' lang='grc' dir='ltr'>τέως</span> <span class='ocrx_word' id='word_1_741' title='bbox 3388 4973 3489 5044; x_wconf 84' lang='grc' dir='ltr'>τὴν</span> <span class='ocrx_word' id='word_1_742' title='bbox 3522 4970 3686 5039; x_wconf 57' lang='grc' dir='ltr'>ταχύ-</span> 
     </span>
    </p>
   </div>
   <div class='ocr_carea' id='block_1_109' title="bbox 2113 5062 3683 5142">
    <p class='ocr_par' dir='ltr' id='par_1_109' title="bbox 2113 5062 3683 5142">
     <span class='ocr_line' id='line_1_109' title="bbox 2113 5062 3683 5142; baseline -0.006 -18"><span class='ocrx_word' id='word_1_743' title='bbox 2113 5076 2289 5142; x_wconf 71' lang='grc' dir='ltr'>τητα.</span> <span class='ocrx_word' id='word_1_744' title='bbox 2340 5075 2435 5125; x_wconf 77' lang='grc' dir='ltr'>καὶ</span> <span class='ocrx_word' id='word_1_745' title='bbox 2487 5070 2567 5141; x_wconf 81' lang='grc' dir='ltr'><strong>τῷ</strong></span> <span class='ocrx_word' id='word_1_746' title='bbox 2618 5070 2835 5141; x_wconf 82' lang='grc' dir='ltr'>μέλλειν</span> <span class='ocrx_word' id='word_1_747' title='bbox 2907 5067 3008 5133; x_wconf 83' lang='grc' dir='ltr'>τὰς</span> <span class='ocrx_word' id='word_1_748' title='bbox 3063 5066 3257 5131; x_wconf 83' lang='grc' dir='ltr'>ὀδύνας</span> <span class='ocrx_word' id='word_1_749' title='bbox 3321 5062 3683 5119; x_wconf 77' lang='grc' dir='ltr'>ἐπιτείνεσθαι</span> 
     </span>
    </p>
   </div>
   <div class='ocr_carea' id='block_1_110' title="bbox 2118 5159 3686 5235">
    <p class='ocr_par' dir='ltr' id='par_1_110' title="bbox 2118 5159 3686 5235">
     <span class='ocr_line' id='line_1_110' title="bbox 2118 5159 3686 5235; baseline -0.008 -17"><span class='ocrx_word' id='word_1_750' title='bbox 2118 5166 2429 5235; x_wconf 76' lang='grc' dir='ltr'>συγχωρείο</span> <span class='ocrx_word' id='word_1_751' title='bbox 2467 5161 2923 5235; x_wconf 38' lang='grc' dir='ltr'>προμη-θούμενος</span> <span class='ocrx_word' id='word_1_752' title='bbox 2953 5162 3126 5231; x_wconf 80' lang='grc' dir='ltr'>δήπου</span> <span class='ocrx_word' id='word_1_753' title='bbox 3178 5159 3270 5212; x_wconf 79' lang='grc' dir='ltr'><strong>τὸν</strong></span> <span class='ocrx_word' id='word_1_754' title='bbox 3297 5159 3485 5228; x_wconf 76' lang='grc' dir='ltr'>ἱκέτην</span> <span class='ocrx_word' id='word_1_755' title='bbox 3511 5159 3686 5224; x_wconf 83' lang='grc' dir='ltr'>ἀσφα-</span> 
     </span>
    </p>
   </div>
   <div class='ocr_carea' id='block_1_111' title="bbox 2116 5232 3686 5326">
    <p class='ocr_par' dir='ltr' id='par_1_111' title="bbox 2116 5232 3686 5326">
     <span class='ocr_line' id='line_1_111' title="bbox 2116 5232 3686 5326; baseline -0.008 -16"><span class='ocrx_word' id='word_1_756' title='bbox 2116 5232 2374 5326; x_wconf 70' lang='grc' dir='ltr'>λέστερον</span> <span class='ocrx_word' id='word_1_757' title='bbox 2419 5232 2591 5321; x_wconf 73' lang='grc' dir='ltr'>ἕξειν,</span> <span class='ocrx_word' id='word_1_758' title='bbox 2632 5232 2820 5325; x_wconf 64' lang='grc' dir='ltr'>ἐπειδῆ</span> <span class='ocrx_word' id='word_1_759' title='bbox 2864 5253 3177 5322; x_wconf 76' lang='grc' dir='ltr'>πεφύκασιν</span> <span class='ocrx_word' id='word_1_760' title='bbox 3220 5250 3498 5322; x_wconf 75' lang='grc' dir='ltr'>ἄνθρωποι</span> <span class='ocrx_word' id='word_1_761' title='bbox 3549 5246 3686 5316; x_wconf 81' lang='grc' dir='ltr'><strong>μετά</strong></span> 
     </span>
    </p>
   </div>
   <div class='ocr_carea' id='block_1_112' title="bbox 2117 5338 3686 5421">
    <p class='ocr_par' dir='ltr' id='par_1_112' title="bbox 2117 5338 3686 5421">
     <span class='ocr_line' id='line_1_112' title="bbox 2117 5338 3686 5421; baseline -0.008 -19"><span class='ocrx_word' id='word_1_762' title='bbox 2117 5350 2217 5421; x_wconf 81' lang='grc' dir='ltr'>τὴν</span> <span class='ocrx_word' id='word_1_763' title='bbox 2251 5348 2345 5402; x_wconf 78' lang='grc' dir='ltr'>τοῦ</span> <span class='ocrx_word' id='word_1_764' title='bbox 2379 5349 2656 5412; x_wconf 75' lang='grc' dir='ltr'>πιέζοντος</span> <span class='ocrx_word' id='word_1_765' title='bbox 2688 5347 3032 5416; x_wconf 78' lang='grc' dir='ltr'>ἀπαλλαγὴν,</span> <span class='ocrx_word' id='word_1_766' title='bbox 3068 5344 3180 5398; x_wconf 80' lang='grc' dir='ltr'>τῶν</span> <span class='ocrx_word' id='word_1_767' title='bbox 3222 5346 3278 5396; x_wconf 83' lang='grc' dir='ltr'><strong>ἐν</strong></span> <span class='ocrx_word' id='word_1_768' title='bbox 3314 5340 3461 5411; x_wconf 81' lang='grc' dir='ltr'>αὐτῷ</span> <span class='ocrx_word' id='word_1_769' title='bbox 3495 5338 3686 5406; x_wconf 86' lang='grc' dir='ltr'>συνθη-</span> 
     </span>
    </p>
   </div>
   <div class='ocr_carea' id='block_1_113' title="bbox 2120 5428 3687 5512">
    <p class='ocr_par' dir='ltr' id='par_1_113' title="bbox 2120 5428 3687 5512">
     <span class='ocr_line' id='line_1_113' title="bbox 2120 5428 3687 5512; baseline -0.008 -18"><span class='ocrx_word' id='word_1_770' title='bbox 2120 5442 2231 5494; x_wconf 85' lang='grc' dir='ltr'><strong>κῶν</strong></span> <span class='ocrx_word' id='word_1_771' title='bbox 2288 5442 2649 5509; x_wconf 79' lang='grc' dir='ltr'>ὑπερφρονεῖν</span> <span class='ocrx_word' id='word_1_772' title='bbox 2702 5439 2919 5512; x_wconf 67' lang='grc' dir='ltr'>ρᾳδίως,</span> <span class='ocrx_word' id='word_1_773' title='bbox 2956 5439 3022 5492; x_wconf 76' lang='grc' dir='ltr'><strong>ἂν</strong></span> <span class='ocrx_word' id='word_1_774' title='bbox 3074 5437 3153 5506; x_wconf 83' lang='grc' dir='ltr'>μὴ</span> <span class='ocrx_word' id='word_1_775' title='bbox 3208 5432 3409 5497; x_wconf 82' lang='grc' dir='ltr'>ταύτας</span> <span class='ocrx_word' id='word_1_776' title='bbox 3445 5428 3687 5502; x_wconf 82' lang='grc' dir='ltr'>ἀκριϐῶς</span> 
     </span>
    </p>
   </div>
   <div class='ocr_carea' id='block_1_114' title="bbox 2122 5535 2529 5605">
    <p class='ocr_par' dir='ltr' id='par_1_114' title="bbox 2122 5535 2529 5605">
     <span class='ocr_line' id='line_1_114' title="bbox 2122 5535 2529 5605; baseline 0 -18"><span class='ocrx_word' id='word_1_777' title='bbox 2122 5535 2529 5605; x_wconf 77' lang='grc' dir='ltr'>ίσχυρίσωνται.</span> 
     </span>
    </p>
   </div>
   <div class='ocr_carea' id='block_1_115' title="bbox 2194 5795 3686 5871">
    <p class='ocr_par' dir='ltr' id='par_1_115' title="bbox 2194 5795 3686 5871">
     <span class='ocr_line' id='line_1_115' title="bbox 2194 5795 3686 5871; baseline -0.009 -11"><span class='ocrx_word' id='word_1_778' title='bbox 2194 5804 2260 5870; x_wconf 76' lang='grc' dir='ltr'><strong>ζ’.</strong></span> <span class='ocrx_word' id='word_1_779' title='bbox 2303 5804 2368 5859; x_wconf 86' lang='grc' dir='ltr'>Τί</span> <span class='ocrx_word' id='word_1_780' title='bbox 2417 5803 2479 5857; x_wconf 78' lang='grc' dir='ltr'>τὸ</span> <span class='ocrx_word' id='word_1_781' title='bbox 2529 5802 2813 5869; x_wconf 47' lang='lat' dir='ltr'><strong>bneﬁci);</strong></span> <span class='ocrx_word' id='word_1_782' title='bbox 2861 5802 2939 5854; x_wconf 77' lang='grc' dir='ltr'><strong>Δι’</strong></span> <span class='ocrx_word' id='word_1_783' title='bbox 2995 5801 3221 5871; x_wconf 78' lang='grc' dir='ltr'>ὀνείρων</span> <span class='ocrx_word' id='word_1_784' title='bbox 3277 5797 3424 5864; x_wconf 74' lang='grc' dir='ltr'>αὐτῷ</span> <span class='ocrx_word' id='word_1_785' title='bbox 3473 5797 3540 5850; x_wconf 69' lang='grc' dir='ltr'>τὰ</span> <span class='ocrx_word' id='word_1_786' title='bbox 3591 5795 3686 5857; x_wconf 67' lang='grc' dir='ltr'><strong>τῆς</strong></span> 
     </span>
    </p>
   </div>
  </div>
