3988 6492
319 373 452 436 1001

1425 371 1606 434 ΥΙΤΑ
1639 373 1700 433 S.
1739 371 1972 434 PETRI
2014 371 2440 440 ATHONITAZ.

3429 374 3566 442 1002

311 487 662 556 ὑποσχέσεως
713 485 960 556 ἐμπεδοϊ,
1010 485 1102 538 καὶ
1157 481 1320 537 αὑτὸν
1379 481 1512 554 ὄναρ
1577 485 1887 552 ἐπιπέμπει

2012 487 2153 542 tabct
2173 487 2346 550 Deus,
2371 487 2581 557 objecta
2609 485 2852 550 visione,
2884 500 3008 557 qum
3060 485 3164 556 ipsi
3217 498 3578 556 rcprtrsentet

310 579 510 648 τούτῳ,
543 579 634 630 τὸν
665 577 840 648 μέγαν
869 579 928 631 ἐν
953 577 1238 648 ίερᾶιρχαις
1265 577 1362 630 καὶ
1404 577 1684 647 Πατράσιν
1711 577 1890 645 ἁγίοις

312 669 608 730 Νικόλαον,
647 667 708 720 ὃν
735 667 833 720 καὶ
882 669 1044 728 αὐτὸς
1071 665 1341 720 ἐπεϐοᾶτο
1367 666 1722 736 θερμότερον,
1759 667 1794 718 ει
1831 683 1891 718 τε
1947 683 1960 704 κ

311 763 414 834 τῆς
442 762 578 833 πρὸς
609 761 743 814 Θεὸν
773 759 942 816 αὐτοῦ
978 760 1296 832 παρρησίας
1329 760 1763 827 πεπειραμένος,
1803 761 1894 812 καὶ

313 853 405 908 διὰ
453 850 733 922 Θαύματος
779 850 939 903 αὐτὸν
987 851 1161 917 ἄγων,
1209 849 1426 911 πολλοῖς
1479 851 1572 902 καὶ
1623 849 1893 920 πρότερον

327 943 675 1012 κεχρημένος
730 938 872 1008 ύπέρ
901 937 1066 991 αὐτοῦ
1099 937 1395 1008 θαύμασιν.
1439 940 1535 1002 Ὃς
1569 937 1632 1008 δὴ
1664 939 1758 991 καὶ
1791 955 1892 1008 φα·

315 1035 430 1096 νεὶς
463 1033 564 1101 οὐχ
593 1029 760 1096 ἆπαξ,
793 1029 908 1082 ἀλλ’
935 1031 1040 1102 ἠδη
1071 1031 1167 1084 καὶ
1209 1032 1312 1096 δὶς,
1337 1031 1474 1085 πολὺ
1506 1031 1897 1100 κατεμέμφετο

312 1130 412 1200 τὴν
440 1128 534 1181 τοῦ
560 1107 761 1200 ἀνδρὸς
797 1126 1076 1191 ἀϐουλίαν,
1116 1125 1374 1190 πολλάκις
1402 1127 1502 1195 μὲν
1533 1125 1598 1196 δὴ
1637 1127 1730 1177 καὶ
1762 1124 1894 1194 πρό-

311 1239 472 1290 τερον
506 1219 804 1289 εὐξαμένου
840 1219 941 1290 τὴν
965 1219 1074 1272 ἀπὸ
1094 1216 1188 1270 τοῦ
1218 1217 1426 1287 κόσμου
1457 1217 1660 1287 φυγὴν,
1701 1216 1899 1288 ὡρμηο

315 1314 481 1382 μένου
509 1309 565 1363 δέ
601 1309 726 1380 μηδ’
760 1309 906 1370 ὅπως
941 1306 1037 1361 οὖν
1067 1307 1215 1378 ἔργῳ
1247 1306 1348 1374 τὴν
1369 1307 1536 1378 εὐχὴν
1573 1304 1892 1358 ἀποδοῦναι.

316 1403 506 1474 Ταύτῃ
558 1419 642 1454 τοι
709 1400 934 1462 δικαίως
985 1402 1191 1472 ἀρτίως
1247 1398 1510 1467 ἔφασκεν,
1563 1397 1679 1451 οὒτ’
1735 1397 1898 1459 αὐτὸς

316 1495 582 1568 εἰσακούῃ
611 1493 770 1562 κάγὼ
811 1491 1022 1546 πείθειν
1050 1489 1255 1564 ἥκιστα
1289 1489 1550 1562 δύναμαι,
1599 1487 1898 1560 πρεσϐείαν

313 1588 457 1656 ὑπὲρ
527 1586 638 1638 τῶν
701 1602 786 1638 σοι
849 1583 1124 1638 συνοίσειν
1187 1583 1492 1652 μελλόντων
1553 1581 1692 1653 πρὸς
1760 1580 1898 1634 Θεδν

314 1677 664 1748 ποιούμενος.
710 1675 873 1730 Ἀλλὰ
901 1675 1032 1746 γὰρ,
1063 1673 1120 1728 εί
1155 1692 1245 1746 μοι
1291 1672 1481 1746 πείθῃ,
1511 1673 1604 1726 καὶ
1643 1671 1803 1727 ἄλλον
1831 1671 1896 1740 δή

313 1787 434 1823 τινα
487 1769 598 1821 τῶν
661 1769 806 1836 μέγα
863 1767 1016 1836 παρὰ
1047 1767 1169 1836 Θεῷ
1206 1767 1526 1837 δυναμένων
1553 1763 1899 1831 ἐπικέκλησο

1997 593 2252 649 magnum
2279 578 2592 648 episcopum
2625 588 2679 633 et
2711 579 2950 643 Patrem,
2971 587 3218 633 sanetum
3248 578 3530 634 Nicolaum
3557 598 3573 644 ς

1996 683 2156 738 quem
2189 669 2350 722 etiam
2395 669 2668 724 ferventer
2701 667 3028 732 invocabat,
3065 679 3250 740 utpote
3282 673 3396 742 ejus
3434 671 3581 742 apud

2001 759 2167 814 Delum
2199 761 2650 816 intercessionem
2701 776 3002 832 expertus;
3050 765 3410 836 euntdemque
3464 767 3580 836 jam

1997 853 2206 920 pridem
2242 853 2395 924 plura
2459 854 2512 908 in
2571 868 2634 910 se
2679 855 2952 912 mirabilia
2985 867 3292 928 operatum,
3327 859 3578 916 miraculi

1999 945 2118 998 loco
2159 945 2415 999 habebat.
2448 943 2634 1016 Neque
2656 961 2786 1002 vero
2817 949 2984 1004 semel
3007 958 3240 1014 tantum,
3276 951 3370 1005 sed
3393 961 3446 1006 et
3478 951 3581 1006 ite.-

2001 1050 2120 1087 rum
2155 1050 2212 1087 se
2248 1037 2366 1088 viro
2391 1035 2684 1092 videndum
2713 1038 2948 1106 prmbuit
2973 1049 3216 1106 sanctus,
3240 1041 3464 1096 multum
3496 1044 3582 1097 in-

1999 1140 2234 1196 crepans
2271 1129 2636 1184 temeritatem
2682 1131 2820 1199 cjus,
2853 1131 2996 1200 quod
3040 1131 3152 1201 jam
3187 1132 3396 1200 pridem
3431 1149 3578 1204 saepe

1941 1277 1950 1290 _
2003 1221 2242 1276 vovisset
2275 1219 2455 1292 fugam
2491 1239 2517 1276 a
2547 1225 2768 1288 saeculo,
2793 1231 2847 1278 et
2883 1225 3144 1280 nihildum
3164 1227 3276 1281 voti
3310 1227 3394 1282 sui
3420 1243 3584 1298 opere

2003 1312 2118 1380 ipso
2174 1314 2449 1384 complere
2503 1325 2774 1371 curasset.
2829 1316 3236 1386 Quamobrem,
3281 1319 3582 1390 inquiebat,

2001 1407 2200 1460 merito
2225 1420 2402 1476 neque
2441 1418 2492 1460 ιιι
2543 1423 2689 1462 nunc
2728 1409 3037 1474 cxaudiris,
3090 1425 3266 1482 neque
3312 1425 3432 1480 cgo,
3491 1413 3584 1480 qui

2001 1507 2102 1561 pro
2139 1495 2310 1548 rebus
2367 1494 2462 1549 tibi
2518 1497 2821 1564 profuturis
2866 1501 3008 1568 apud
3049 1500 3214 1556 Deum
3275 1499 3578 1564 iutercedo,

2003 1586 2297 1654 impetrare
2335 1603 2496 1659 queo.
2528 1588 2936 1654 Verumtamen.
2979 1592 3025 1647 si
3074 1608 3160 1648 me
3184 1591 3340 1647 audis
3365 1633 3380 1660 ,
3419 1593 3585 1646 alium

2003 1693 2223 1748 qualine
2290 1695 2356 1734 ex
2419 1695 2607 1737 eorum
2671 1697 2932 1746 numero,
2990 1684 3081 1754 qui
3157 1685 3387 1738 multum
3443 1688 3587 1754 apud

2005 1767 2176 1822 Deum
2206 1769 2412 1834 valent,
2444 1771 2750 1841 adiutorem
2803 1786 2866 1826 ac
2913 1779 3200 1840 patronqu
3254 1772 3444 1826 invoca
3473 1811 3489 1833 ,
3529 1780 3590 1823 ut

317 1859 535 1932 βοηθὸν,
565 1859 706 1914 ὥστε
744 1875 836 1928 μοι
867 1857 1250 1929 συμϐαλέσθαι
1305 1856 1564 1930 σπουδὴν,
1608 1857 1692 1910 δτι
1749 1855 1906 1910 πλεί-

2012 1859 2106 1914 illo
2139 1873 2364 1929 operam
2415 1877 2570 1920 suam
2613 1878 2744 1919 mete
2795 1863 3164 1934 adjungcnte,
3213 1863 3442 1934 amplius
3491 1862 3588 1919 tibi

316 1969 450 2025 στην
487 1953 630 2024 ὑπὲρ
657 1951 750 2006 σού
788 1951 1122 2028 ποιουμένῳ.

386 2097 456 2160 η’.
490 2091 699 2160 Πέτρου
729 2089 788 2144 δὲ
811 2086 1338 2157 ἅνθυπενεγκόντοςο
1379 2087 1492 2142 Καὶ
1519 2087 1605 2151 τίς
1648 2087 1756 2158 ἄρα
1789 2088 1908 2158 μεῖ-

313 2180 408 2246 ζον
433 2181 466 2251 ἢ
503 2182 570 2236 σὺ
597 2179 853 2246 δύναταις
879 2177 1201 2249 Συμεὼνης,
1231 2177 1324 2231 τὸν
1355 2177 1568 2232 εἰπεῖν·
1605 2175 1907 2248 Συμεὼνης

313 2272 551 2334 ἐκεῖνος,
582 2267 642 2332 6;
694 2268 754 2322 εὖ
789 2269 935 2340 μάλα
994 2268 1369 2339 πρεσϐυτικάς
1407 2267 1581 2322 πάλαι
1635 2268 1758 2322 ποθ’
1809 2269 1911 2326 ὐπ-

314 2363 495 2430 ανῆκε
527 2365 742 2432 χεῖρας,
767 2361 864 2414 καὶ
906 2361 1495 2432 τεσσαρακονθήμερον
1513 2359 1785 2430 ὐπανέσχε
1814 2359 1908 2413 τὸν

315 2456 427 2523 πρὸ
473 2453 581 2505 τῶν
638 2451 946 2523 ἀνθρώπων
993 2451 1148 2506 Θεόν.
1191 2451 1333 2504 Ἀλλ’
1363 2453 1391 2506 6
1443 2451 1564 2520 μὲν,
1607 2453 1750 2521 μετὰ
1806 2451 1907 2520 τὴν

313 2548 624 2614 εἰσήγησιν,
674 2545 852 2598 ἀπιὼν
905 2543 1104 2616 ᾤχετο.
1161 2544 1372 2612 Πέτρου
1428 2543 1484 2597 δὲ
1533 2543 1792 2613 παραυτὰ
1818 2545 1908 2598 τὸν

314 2637 489 2695 ὕπνον
535 2636 1002 2706 ἀποσεισαμένου.
1038 2635 1209 2700 πολὺς
1255 2635 1347 2689 ἐπὶ
1388 2635 1565 2704 στόμα
1612 2635 1907 2706 Συμεὼνης

313 2725 386 2804 ἦν
409 2745 424 2759 ·
459 2728 554 2780 καὶ
591 2727 732 2798 βοῶν
757 2727 860 2784 οὐκ
892 2727 1120 2797 ἀνῆκεν,
1154 2724 1456 2783 ἀντιϐολῶν
1481 2725 1584 2778 οὐκ
1617 2725 1905 2790 ἐνέδωκεν,

321 2822 431 2882 ἓως
487 2820 712 2874 έπεισε’
743 2821 810 2891 τῇ
868 2817 977 2889 γὰρ
1029 2817 1296 2887 ὑστεραίᾳ
1331 2817 1496 2871 πάλιν
1543 2818 1836 2884 ἐφίσταται
1877 2819 1906 2870 6

315 2911 610 2976 Νικόλαος,
643 2911 738 2964 καὶ
779 2910 1066 2965 ἀνατεῖναι
1102 2909 1240 2978 πρὸς
1293 2907 1590 2979 Συμεώνην
1621 2907 1906 2966 ἐπιτάττει

313 3003 418 3066 τὰς
449 3002 626 3073 ὄψεις.
667 3001 728 3055 '0
757 3000 814 3054 δὲ
864 3000 1036 3071 ταχὺς
1078 2997 1564 3070 ἐπεστραμμένος,
1612 2999 1907 3072 ἐπιτερπὲς

2001 1952 2310 2023 proficiam.

2078 2087 2134 2146 8.
2167 2086 2490 2160 Opponente
2515 2101 2695 2146 autem
2729 2092 2890 2148 Petro
2918 2109 2933 2146 :
2964 2091 3201 2162 Ecquis,
3233 2091 3454 2158 amabo,
3487 2105 3589 2161 po.

2007 2181 2210 2233 tentius
2231 2180 2488 2248 opitulari
2527 2196 2692 2250 quam
2728 2193 2809 2248 ttt,
2835 2183 3048 2252 potest?
3079 2182 3328 2248 Situeon,
3355 2181 3430 2235 ait
3461 2195 3590 2241 sane

2007 2281 2150 2328 ctus.
2189 2271 2453 2328 Videlicet
2481 2273 2585 2328 iste
2613 2273 2834 2329 Simeon
2865 2316 2881 2342 ,
2919 2275 3012 2344 qui
3056 2275 3256 2330 seniles
3298 2274 3590 2332 admodum

2007 2364 2245 2422 lacertus
2273 2366 2402 2420 olim
2436 2366 2729 2436 aliquando
2772 2368 3026 2422 submisit
3051 2406 3068 2432 ,
3101 2368 3275 2436 iisque
3303 2369 3420 2423 dies
3449 2383 3592 2438 qua.

2008 2455 2258 2524 draginta
2297 2467 2506 2520 natum,
2537 2458 2787 2514 eumdem
2807 2498 2824 2525 ,
2858 2458 2950 2526 qui
2983 2467 3112 2512 ante
3143 2459 3388 2516 conditos
3415 2459 3594 2520 homi-

2010 2561 2104 2601 nes
2131 2545 2386 2614 exsistit,
2435 2545 2606 2601 Deum
2645 2554 2910 2618 suscepit.
2965 2549 3030 2608 Et
3079 2551 3336 2610 Nicotaus
3370 2553 3589 2622 quidem

2009 2637 2160 2694 hisce
2208 2639 2370 2694 dictis
2421 2641 2682 2698 recedens
2735 2644 2981 2700 eratiuit.
3035 2644 3229 2700 Petrus
3283 2659 3414 2702 vero
3464 2662 3593 2704 mox

2008 2745 2238 2787 excusso
2263 2747 2458 2787 somno
2512 2733 2824 2791 Sime‘ouem
2861 2735 3122 2808 frequens
3161 2753 3259 2792 ore
3311 2739 3592 2805 versabat,

2009 2837 2073 2876 ac
2112 2822 2480 2880 indesinenter
2531 2827 2882 2893 inclamabat,
2936 2843 3036 2884 nec
3083 2830 3288 2884 instare
3335 2835 3590 2896 cessavit,

2009 2913 2186 2968 donec
2240 2918 2380 2984 quod
2416 2919 2640 2986 petebat
2687 2919 3032 2988 impetraret.
3087 2920 3310 2977 Postera
3352 2938 3593 2993 namque

2011 3007 2099 3062 die
2134 3009 2311 3063 denuo
2345 3011 2393 3064 ei
2420 3021 2608 3065 astans
2648 3011 2925 3078 Nicotaus,
2959 3013 3241 3070 intendere
3301 3017 3352 3070 in
3386 3016 3596 3073 Simon.
3639 3053 3642 3056 .

315 3095 423 3169 6ρᾷ
469 3069 650 3162 θέαμα
673 3109 688 3124 ο
723 3093 924 3163 σεμνὸν
958 3069 1043 3147 δτι
1094 3069 1336 3162 μάλιστα
1374 3093 1470 3145 καὶ
1505 3091 1690 3146 πολιὸν
1717 3069 1906 3162 ἄνδρα,

2015 3113 2135 3152 nem
2176 3099 2366 3156 oculos
2407 3102 2584 3170 jttbel.
2617 3103 2738 3172 Ipse
2794 3120 2923 3160 vero
2972 3121 3096 3160 mox
3151 3123 3218 3162 eo
3269 3124 3593 3184 conversus,

319 3189 464 3242 κατὰ
511 3187 572 3239 τὸ
607 3185 844 3240 παλαιὸν
903 3184 1026 3248 ἔθος
1076 3184 1490 3256 ἀρχιερατικῶς
1551 3184 1908 3255 ἐσταλμένον,

321 3278 524 3351 χρυσοῦ
559 3294 618 3330 τε
653 3276 834 3348 ῥάϐδῳ
869 3275 1113 3344 κοσμίως
1145 3275 1600 3346 ἐπερειδόμενον,
1640 3279 1732 3329 καὶ
1773 3276 1912 3347 πρὸς

320 3371 490 3426 αὐτὸν
526 3368 750 3438 ἐπίχαρί
791 3386 844 3424 τι
902 3372 998 3420 και⁵
1030 3365 1302 3437 προσηνὲς
1350 3367 1644 3438 ἐνορῶντα,
1680 3369 1772 3420 καὶ
1816 3367 1914 3436 τὴν

319 3464 522 3534 ἄφεσιν
565 3459 1083 3532 εὐαγγελιζόμενον,
1115 3461 1276 3529 εἴπερ
1334 3459 1442 3529 ἄρα
1493 3459 1724 3522 καὶτὰς
1777 3458 1912 3529 πρὸς

321 3557 456 3608 Θεὸν
497 3555 776 3624 συνθήκας
806 3557 884 3616 εἰς
918 3553 1079 3622 ἔργον
1109 3553 1341 3620 ἀγαγεῖν
1383 3551 1773 3622 προθυμεῖται.
1804 3550 1912 3603 Τοῦ

323 3649 382 3700 δὲ
417 3649 626 3717 Πέτρου
678 3646 1016 3716 συνθεμένου
1070 3644 1401 3714 προθύμως,
1439 3643 1652 3704 ἐκεῖνος
1695 3641 1818 3696 ὅποι
1848 3639 1914 3712 δὴ

326 3740 578 3810 βούλοιτο
635 3738 876 3810 βαδίζειν
925 3737 1102 3800 ἀδέως
1151 3734 1506 3806 ὑπαγορεύει,
1544 3735 1760 3801 ἐξιόντα
1809 3735 1911 3812 τῆς

324 3833 574 3902 εἱρκτῆς.
609 3831 715 3884 Ὶόϋ
760 3831 817 3883 δὲ
864 3829 952 3882 τὸν
987 3828 1119 3900 περὶ
1147 3829 1272 3888 τοὺς
1325 3827 1490 3892 πόδας
1521 3822 1678 3891 αὖθις
1706 3825 1910 3880 ἐπιδει-

325 3925 558 3986 κνύντος
605 3922 827 3992 δεσμὸν,
884 3921 982 3975 καὶ
1021 3921 1082 3973 τὺ
1135 3918 1418 3990 ἐπίταγμα
1475 3917 1582 3970 τῶν
1633 3917 1913 3972 ἀδυνάτων

327 4013 472 4068 εἶναι
508 4014 916 4084 διατεικομένου
943 4011 1320 4076 παντάπασιν,
1353 4007 1541 4082 ἡρέμα
1573 4007 1911 4078 μετεωρίσας
1941 4033 1952 4044 ·

327 4111 356 4162 ὁ
402 4106 684 4174 Θεοδόχος,
745 4104 846 4179 τὴν
897 4102 1067 4156 καλὸν
1126 4101 1640 4171 ἀπαστράπτουσαν
1697 4099 1912 4170 ἐκείνην

331 4200 527 4272 ῥάϐδον
557 4201 704 4269 ἄκρᾳ
735 4195 912 4270 ταύτῃ
945 4195 1110 4266 ψαύει
1163 4193 1276 4246 τῶν
1305 4193 1550 4264 δεσμῶν,
1593 4193 1687 4246 καὶ
1727 4189 1912 4264 χρυσῷ

327 4298 424 4347 τδν
453 4293 672 4363 σίδηρον
715 4291 788 4354 ὡς
822 4289 1069 4361 ἀράχνης
1102 4286 1202 4358 (ὥς
1245 4286 1433 4373 φασιν)
1479 4285 1650 4348 ἱστὸν,
1679 4285 1912 4355 ἀπονητὶ

328 4384 642 4456 διατέμνει·
681 4381 776 4439 καὶ
817 4383 845 4434 6
877 4381 1083 4448 Πέτρος
1134 4378 1320 4441 εὐθὺς,
1357 4378 1458 4446 οὐχ
1501 4377 1649 4440 ὅπως
1678 4377 1788 4432 τῶν
1814 4393 1912 4435 πε·
1945 4415 1988 4466 η

329 4478 439 4530 δῶν
481 4475 728 4538 ἐκείνων,
757 4473 893 4528 ἀλλὰ
926 4473 1024 4526 καὶ
1061 4469 1267 4530 παντὸς
1294 4471 1456 4534 ἐκτὸς
1487 4469 1912 4542 περιτειχίσμα-

328 4585 422 4631 τος
456 4567 521 4638 (ὣ
569 4567 664 4624 τοῦ
714 4564 995 4634 θαύματος
1015 4564 1056 4636 ι)
1093 4564 1152 4619 ἐν
1189 4565 1390 4632 ἀκαρεῖ
1436 4561 1636 4634 χρόνον
1675 4562 1910 4630 γίνεται,

334 4663 430 4715 καὶ
458 4661 728 4718 Νικόλαον
759 4659 924 4732 μόνον
985 4655 1570 4728 συμπαρομαρτοῦντά
1613 4657 1664 4708 οἱ
1693 4653 1905 4728 βλέπει,

329 4757 432 4807 καὶ
490 4751 752 4807 πείθοντα
811 4748 1010 4820 μηκέτ’
1059 4748 1222 4818 ὖναρ,
1251 4747 1367 4802 ἀλλ’
1423 4747 1576 4820 ὕπαρ
1623 4744 1761 4801 εἶναι
1805 4746 1906 4816 τὴν

330 4847 632 4916 δεδομένην
663 4841 1016 4914 ἐλευθερίαν·
1053 4841 1191 4912 πρὸς
1225 4839 1284 4897 δὲ
1329 4841 1428 4894 καὶ
1475 4842 1643 4910 πόρον
1671 4838 1904 4910 ἐφοδίων

329 4938 752 4999 ὑποδεικνύντα,
785 4917 966 5004 κῆπον
1008 4933 1070 5004 δή
1124 4949 1249 4990 τινα
1301 4931 1607 4989 πολυειδέσι
1648 4929 1915 4998 τεθηλότα

329 5033 602 5104 δένδροις,
649 5033 743 5086 καὶ
806 5027 1026 5090 πολλοῖς
1087 5025 1198 5080 τῶν
1264 5025 1548 5092 ἐδωδίμων
1611 5023 1914 5094 βρίθουσιν.

345 5125 438 5176 Ἐν
461 5123 697 5187 τούτοις.
731 5123 761 5176 6
813 5121 912 5190 μὲν
962 5116 1136 5187 συλᾷν,
1161 5114 1590 5184 εὐλαϐούμενος,
1620 5112 1730 5167 οὐδ’
1759 5113 1917 5184 ἄκρῳ

332 5215 608 5285 δακτύλῳ,
635 5216 696 5268 τὸ
745 5213 844 5266 τοῦ
901 5211 1086 5279 λόγου,
1117 5205 1315 5278 ψαύειν
1358 5206 1466 5258 τῶν
1518 5205 1750 5276 καρπῶν
1776 5204 1921 5256 ἐκείο

335 5324 450 5360 νων
479 5309 752 5380 ἠνείχετο.
780 5303 1050 5364 Νικόλαος
1091 5299 1148 5352 δὲ
1194 5296 1386 5352 τοῦτον
1429 5292 1585 5359 αὖθις
1631 5295 1915 5368 θαρρύνει,

338 5401 438 5454 καὶ
479 5400 654 5462 ἀδεῶς
702 5395 1052 5466 ἐγκελεύεται
1107 5389 1407 5462 δρέπεσθαι
1434 5404 1448 5418 ⁸
1474 5385 1572 5446 εἴτ’
1611 5387 1918 5458 ἐξενεγκὼν

323 5489 434 5545 ’ἐπὶ
475 5491 576 5564 τὴν
629 5489 794 5562 φίλην
841 5485 1180 5558 ὁδοιπορίαν,
1207 5485 1302 5538 καὶ
1351 5483 1460 5538 τῶν
1515 5481 1918 5552 ὑπεσχημένων

339 5583 667 5652 ὑπομνήσας
700 5579 949 5640 ἐκείνων,
981 5577 1044 5642 ἐξ
1090 5572 1386 5642 ὀφθαλμῶν
1428 5571 1640 5640 γίνεται
1680 5569 1774 5624 τοῦ
1822 5572 1917 5622 ἀνι

335 5675 492 5744 δρὸς,
550 5675 644 5727 καὶ
689 5668 978 5726 ἀπολιπὼν
1029 5667 1178 5732 ἔδοξε
1231 5663 1444 5730 τοῦτον,
1484 5663 1590 5719 κᾶν
1637 5663 1915 5733 ἀοράτως,

338 5769 430 5821 ἀεὶ
462 5765 654 5835 συνῆν.

677 5863 942 5922 Parnm.
993 5859 1108 5917 Gn.
1158 5855 1253 5919 CL
1271 5895 1287 5914 .

2011 3191 2310 3262 jucundum
2346 3198 2697 3266 conspicatur
2749 3200 3154 3266 spectaculum,
3188 3218 3376 3274 nempe
3407 3220 3592 3260 senem

2015 3301 2178 3356 quam
2221 3289 2456 3343 maxime
2489 3292 2860 3350 venerandum
2893 3286 2970 3347 et'
2991 3309 3186 3348 Cttlltlnl
3213 3335 3228 3359 ,
3261 3295 3434 3350 instar
3465 3311 3596 3366 puu-

2018 3378 2176 3466 tlticis
2209 3395 2360 3434 more
2404 3383 2750 3451 antiquorum
2804 3389 3054 3438 vestitum
3077 3425 3094 3446 ,
3125 3401 3290 3442 aureo
3340 3389 3596 3442 decenter

2015 3469 2341 3526 innitentem
2379 3473 2598 3538 baculo,
2620 3475 2675 3528 in
2709 3474 3004 3546 ipsumque
3037 3477 3278 3546 gratioso
3303 3494 3367 3534 ac
3387 3479 3590 3534 blando

2015 3565 2170 3620 vultu
2209 3565 2532 3630 intuentem,
2559 3583 2623 3623 ac
2673 3568 3015 3624 nuntiantem
3045 3611 3058 3634 ,
3099 3569 3216 3624 fore
3257 3580 3315 3624 ut
3348 3572 3496 3626 brevi
3525 3573 3596 3626 li-

2015 3655 2282 3710 bertatem
2315 3671 2690 3728 consequatur
2714 3701 2730 3725 ,
2764 3659 3058 3717 dummodo
3086 3675 3206 3734 quae
3235 3661 3343 3716 Deo
3371 3674 3593 3718 voverat

2015 3757 2265 3814 prompto
2297 3747 2478 3801 animo
2508 3746 2696 3803 eﬂ'ecta
2753 3749 2906 3803 daret
2941 3767 2954 3807 ι
2991 3759 3045 3804 et
3082 3753 3506 3823 promptissime.
3536 3769 3598 3814 se

2014 3834 2292 3900 daturum,
2331 3839 2596 3890 annuenti
2659 3837 2822 3896 Petro
2875 3839 3118 3896 suaviter
3165 3839 3416 3909 imperat,
3458 3858 3596 3918 ιιιιο-

2015 3941 2250 3998 cumque
2283 3927 2432 3990 velit,
2460 3943 2683 3983 carcere
2711 3944 2966 3999 egressus
2995 3930 3175 3986 abeat.
3216 3931 3465 4002 Cumque
3504 3936 3596 3990 ille

2017 4022 2220 4080 denuo,
2273 4019 2472 4087 quibus
2527 4021 2744 4074 vinctus
2786 4029 2942 4086 erat,
2993 4030 3215 4076 catenas
3262 4033 3594 4090 nituistrans,

2015 4110 2160 4180 quod
2213 4110 2511 4179 jubebatur
2543 4112 2660 4166 fieri
2705 4112 2934 4167 omnino
2962 4129 3070 4168 non
3109 4131 3292 4183 posse,
3343 4118 3593 4182 diceret;

2015 4214 2261 4268 sanctus,
2305 4203 2396 4258 Dei
2434 4203 2674 4260 hominis
2725 4215 3048 4275 susceptor,
3096 4205 3354 4273 Sinteon,
3404 4209 3599 4264 leniter

2018 4296 2268 4353 attollens
2301 4311 2462 4363 quem
2500 4297 2722 4352 tenebat
2749 4298 2976 4369 pulchre
3000 4299 3296 4355 radiantem
3321 4301 3594 4370 liacutum,

2015 4399 2264 4446 estremo
2309 4384 2429 4455 ejus
2487 4387 2753 4456 contingit
2782 4387 3031 4454 vincula;
3077 4397 3130 4442 et
3179 4403 3314 4442 auro
3365 4388 3592 4450 ferrum.

2021 4476 2476 4548 quemadmodum
2509 4479 2693 4547 aranei
2729 4479 3077 4548 telam,{quod
3109 4479 3214 4534 dici
3240 4481 3379 4534 solet
3403 4521 3416 4546 ,
3448 4481 3596 4535 nullo

2021 4570 2238 4638 negotio
2283 4571 2564 4624 disserat:
2611 4581 2666 4624 et
2716 4572 2976 4625 continuo
3023 4571 3254 4638 Petrus,
3293 4588 3394 4626 non
3435 4573 3595 4628 modo

2015 4655 2252 4716 vinculis
2283 4661 2546 4724 solutum,
2579 4661 2672 4716 sed
2703 4661 2866 4716 etiam
2897 4675 3050 4716 extra
3081 4670 3235 4730 septa
3266 4659 3318 4733 (υ
3351 4663 3592 4718 miracu-

2015 4751 2125 4812 lum
2147 4753 2199 4823 ι,
2231 4760 2510 4806 momento
2557 4751 2822 4822 temporis
2853 4751 3012 4818 plane
3054 4750 3308 4808 eductum
3341 4765 3399 4805 se
3428 4751 3598 4804 mira-

2017 4857 2128 4908 tur,
2158 4843 2446 4913 solumqne
2483 4843 2628 4896 videt
2655 4840 2942 4896 Nicolaum
2975 4842 3079 4896 sibi
3107 4843 3362 4896 comitem
3381 4845 3593 4908 adesse,

2017 4949 2084 4990 ac
2122 4931 2282 4990 facile
2300 4935 2745 5004 persuadentem,
2768 4949 2871 4988 nou
2904 4933 3016 4998 jam
3050 4946 3145 5002 per
3173 4933 3470 4996 somnium,
3495 4935 3591 4991 sed

2017 5024 2534 5094 reipsaconcessam
2559 5037 2682 5078 esse
2707 5023 3037 5076 libertatem.
3073 5021 3151 5075 Ad
3175 5022 3288 5076 haec
3305 5023 3469 5076 etiam
3494 5023 3598 5077 iter

2021 5115 2068 5169 ci
2097 5115 2336 5170 ostendit
2382 5122 2746 5184 opportunum
2773 5151 2789 5178 ,
2845 5111 3150 5182 pomarium
3203 5111 3412 5166 scilicet
3456 5111 3594 5166 varii

2021 5204 2240 5275 generis
2269 5205 2558 5260 arboribus
2584 5243 2599 5266 ,
2637 5203 2893 5272 interque
2931 5217 3026 5256 cas
3067 5201 3290 5267 nmltis,
3335 5201 3447 5254 esui
3491 5201 3594 5252 hu-

2027 5311 2190 5356 mano
2219 5307 2374 5370 aptos
2397 5295 2605 5351 fructus
2641 5292 2964 5360 ferentibus,
2999 5294 3290 5348 consitum.
3318 5291 3422 5347 Sed
3455 5292 3598 5348 inter

2029 5387 2144 5442 haec
2169 5394 2352 5441 omnia
2398 5385 2592 5442 Petrus
2643 5401 2751 5440 non
2804 5387 2964 5440 modo
2989 5387 3278 5454 decerpere
3323 5382 3600 5453 quidpiam

2028 5481 2245 5534 illorum
2279 5481 2590 5544 verebatur,
2627 5480 2720 5533 sed
2773 5495 2839 5534 ne
2889 5488 3135 5534 extremo
3165 5475 3422 5545 quidem,
3451 5477 3596 5542 quod

2027 5569 2202 5636 aiunt,
2235 5568 2402 5638 digito
2433 5567 2642 5624 fructus
2673 5568 2794 5624 illos
2821 5569 3136 5638 contingere
3160 5563 3600 5640 audebaLNico-

2031 5662 2150 5716 laus
2178 5675 2308 5714 vero
2335 5659 2543 5716 animos
2580 5660 2628 5716 ei
2657 5661 2836 5716 denuo
2858 5661 3060 5716 addens
3103 5657 3282 5728 posito
3320 5668 3460 5714 metu
3483 5670 3607 5710 car.

2033 5769 2164 5824 pere
2196 5751 2407 5810 fructus
2453 5753 2687 5822 imperat
2715 5771 2730 5822 ;
2762 5763 2872 5808 tum
2921 5753 2985 5806 ad
3017 5751 3383 5808 desideratam
3431 5751 3604 5820 ipsum

3109 5851 3190 5922 32
