3988 6510
315 446 451 510 1035

1456 451 1631 511 VITA
1677 449 1741 512 S.
1780 451 2012 512 PETRI
2056 451 2481 513 ATHtiNlTJ‘I.

3415 448 3553 514 ίθθθ

306 565 406 631 τῆς
473 562 699 632 Κρήτης
763 564 898 634 πρὸς
969 564 1158 620 Ἀσίαν
1232 563 1501 618 ἀποπλεῖν
1562 563 1885 635 ᾑρημένοις.

2015 577 2077 616 os
2107 562 2385 617 discedere
2412 577 2477 615 ex
2511 562 2664 625 urbe,
2702 573 2798 615 nec
2831 557 3000 613 multo
3029 566 3151 625 post
3180 573 3209 614 c
3236 570 3390 629 portu
3418 563 3568 616 solu-

306 652 538 716 Τούτοις
590 653 774 705 τοίνυν
830 654 924 707 καὶ
982 655 1145 718 αὐτὸς
1204 656 1553 725 συνεπαίρει,
1584 655 1694 707 τῶν
1745 655 1888 709 κατά

303 744 433 799 νοῦν
485 745 616 807 ἴσως
677 745 1103 816 ἑπιτευξόμενός
1166 764 1291 811 που,
1343 745 1433 800 διὲι
1507 746 1602 799 τοῦ
1666 744 1884 815 μακροῦ

305 832 459 894 τοῦδε
519 832 697 889 πλοῦ·
753 836 956 905 μᾶλλον
1002 835 1059 889 δὲ
1112 836 1231 904 Θεῷ
1286 837 1386 890 κάν
1445 836 1621 908 τούτῳ
1664 836 1887 889 πιστεύ-

310 942 448 983 σας,
531 925 590 987 ὃς
661 928 770 980 πᾶν
831 927 915 982 ὅτι
994 927 1272 991 λυσιτελὲς
1346 926 1656 998 ἀνθρώποις
1734 928 1888 981 ἀνύει

308 1017 440 1084 μίνο
450 1034 492 1076 ς.

382 1201 474 1250 ια’.
528 1193 684 1247 Οῦτω
733 1195 914 1249 τοίνυν
974 1196 1112 1267 ἔχων
1171 1197 1406 1262 ἐλπίδος,
1454 1197 1588 1267 δναρ
1633 1199 1737 1265 ὁρᾷ
1788 1198 1889 1267 τὴν

305 1285 677 1354 ἀειτταρθένον
725 1286 957 1356 Μητέρα
1006 1286 1181 1339 Θεοῦ·
1236 1287 1407 1358 ταύτῃ
1455 1289 1509 1340 δὲ.
1554 1287 1646 1338 τὸν
1690 1286 1886 1339 ἑαυτοῦ

308 1375 603 1446 π,.›ομηθὲα
629 1377 899 1431 Νικόλαον
930 1380 989 1431 ὲν
1018 1378 1233 1432 οἰκέτου
1261 1380 1505 1449 σχήματι
1535 1361 1885 1447 παρεστῶτα,

306 1469 424 1528 καὶ,
483 1467 591 1520 Ποῦ
644 1468 943 1524 καταλύσει
1004 1470 1234 1539 Πέτρος,
1285 1464 1329 1524 ὦ
1387 1471 1690 1534 Mat-roum;
1748 1470 1888 1538 πρὸς

309 1557 484 1626 αὐτὴν
537 1558 785 1628 ἠρεμαίᾳ
834 1562 984 1630 φωνῇ
1048 1560 1425 1630 φθεγγόμενον
1454 1576 1468 1592 ⁸
1517 1561 1619 1630 τὴν
1663 1562 1713 1612 δ’
1757 1561 1890 1614 ὑπο-

306 1647 412 1700 λαὸ
433 1647 588 1700 ςῦσαν
620 1648 865 1717 φαιδρῶς
894 1666 953 1702 τε
990 1652 1083 1701 καὶ
1115 1650 1360 1719 κοσμίως
1401 1651 1887 1722 ἀποκριναμένην·

310 1739 502 1792 Ἔστιν
538 1738 663 1808 ὅρος
695 1739 784 1791 ἐπ’
829 1738 1125 1810 Εὐρώπης,
1158 1739 1452 1793 κάλλιστον
1483 1741 1619 1809 ὁμοῦ
1657 1742 1751 1793 καὶ
1796 1742 1893 1811 μέφ

305 1846 518 1897 γιστον,
550 1828 683 1899 πρὸς
712 1828 922 1900 Λιϐύην
958 1830 1363 1901 τετραμμένον,
1399 1832 1494 1884 ἐπὶ
1533 1831 1670 1890 πολύ
1698 1848 1760 1884 τε
1793 1834 1893 1902 τῆς

308 1923 586 1992 θαλάττης
639 1925 772 1978 εῐσω
822 1923 1052 1994 προῖόν·
1113 1924 1278 1978 τοῦτο
1351 1925 1452 1995 τῆς
1508 1926 1614 1993 γῆς
1670 1927 1890 1995 ἀπάσης
1924 1907 1968 1968 Β

309 2015 738 2084 ἀπολεξάμενον,
787 2015 864 2085 τῷ
927 2016 1212 2087 μοναχικῷ
1271 2018 1485 2089 πρέπον
1539 2017 1889 2086 καταγώγιον

309 2105 746 2175 προσκληρῶσαι
814 2106 1042 2174 διέγνων
1110 2105 1330 2175 ἔγωγε·
1391 2106 1545 2161 ταῦτ’
1620 2108 1730 2177 ἄρα
1795 2109 1893 2161 καὶ

312 2198 610 2251 ἰδιαίτατον
641 2197 968 2266 ἐνδιαίτημα
1010 2199 1157 2253 τοῦτ’
1203 2199 1492 2269 ἀφιέρωσα
1526 2200 1764 2270 ἐμαυτῇ,
1798 2200 1893 2253 καὶ

309 2287 507 2355 ’Δγιον
534 2287 855 2342 τούντεῦθεν
881 2288 1185 2358 καλήσεται
1208 2305 1223 2320 ·
1259 2288 1355 2343 καὶ
1386 2291 1495 2344 τῶν
1524 2291 1612 2343 ἐπ’
1643 2292 1809 2344 αὐτοῦ
1832 2308 1892 2344 τε

304 2379 404 2431 τὸν
437 2379 571 2449 πρὸς
603 2379 696 2432 τὸν
737 2379 920 2433 κοινὸν
948 2380 1259 2451 ἀνθρώποις
1294 2380 1560 2451 πολέμιον
1596 2383 1893 2448 ἐπαναιρο-

311 2471 496 2538 μὲνων
549 2471 761 2538 ἀγῶνα,
815 2470 1226 2543 προπολεμήσω
1259 2473 1350 2527 διά
1389 2472 1505 2544 βίου
1543 2474 1763 2537 παντὸς,
1798 2473 1892 2527 καὶ

311 2563 541 2627 πάντως
594 2564 795 2635 ἔσομαι
856 2565 1073 2630 τούτοις
1126 2568 1344 2637 ἄμαχος
1391 2568 1726 2638 σύμμαχος⁸
1783 2568 1895 2623 τῶν

309 2653 614 2723 πρακτέων
637 2653 947 2725 ὐφηγητὴς,
971 2656 1080 2709 τῶν
1102 2656 1177 2727 μὴ
1206 2656 1499 2723 πρακτέων
1521 2657 1891 2729 ἑρμηνευτὴς,

309 2743 594 2814 κηδεμὼν,
629 2745 839 2815 ἰατρδς,
874 2748 1132 2818 τροφεὺς,
1169 2748 1237 2819 ἢν
1282 2749 1395 2819 ἄρα
1450 2748 1634 2819 βούλει
1687 2750 1896 2821 τροφήν

308 2853 376 2888 τε
431 2837 530 2892 καὶ
579 2837 851 2905 ἰατρείαν,
882 2838 986 2907 ὅση
1046 2857 1105 2892 τε
1153 2841 1290 2912 πρδς
1343 2843 1505 2911 σῶμα
1567 2841 1757 2906 τείνει,
1798 2841 1898 2896 καὶ

309 2927 477 2987 τοῦτο
506 2930 735 2999 συνιστᾷ
762 2946 822 2981 τε
855 2931 951 2982 καὶ
981 2930 1277 2995 λυσιτελεῖ,
1313 2933 1412 2986 καὶ
1450 2934 1549 3002 ὅση
1589 2934 1649 2987 τὸ
1679 2933 1898 3004 πνεῦμα

309 3022 569 3093 διανιστᾷ
597 3039 655 3075 τε
697 3023 796 3085 καὶ
825 3022 1081 3092 ῥώννυσι,
1112 3026 1208 3081 καὶ
1255 3025 1329 3096 μὴ
1379 3025 1476 3079 τοῦ
1517 3026 1688 3085 καλοῦ
1710 3027 1899 3081 διαπε-

314 3117 435 3165 σεῖν
483 3115 797 3184 συγχωρεῖ·
844 3115 1100 3186 συστήσω
1152 3116 1209 3170 δὲ
1258 3116 1370 3187 ἀρα
1422 3117 1626 3187 καὶτῷ
1656 3117 1774 3189 Υἱῷ
1805 3119 1900 3172 καὶ

1993 663 2167 715 turos,
2202 662 2368 720 alque
2420 665 2515 721 per
2547 649 2766 706 Cretam
2814 652 2866 704 in
2905 651 3089 705 Asiam
3140 651 3261 704 vela
3309 650 3569 720 facturos,

1989 745 2125 799 Cum
2152 744 2302 798 hisce
2330 745 2494 813 igitur
2520 751 2578 797 ct.
2612 742 2727 813 ipse
2760 742 2960 809 solvit,
2997 743 3236 801 visurus.
3269 743 3314 797 si
3344 742 3483 799 forte
3518 746 3570 798 in

1992 846 2100 891 tam
2125 836 2416 904 longinqua
2458 835 2803 904 navigatione
2828 845 3146 889 occurreret
3169 834 3369 890 alicubi
3395 836 3569 898 locus,

1990 924 2079 997 qui
2106 942 2170 982 ex
2212 928 2377 982 animi
2418 926 2536 994 ejus
2567 927 2840 982 sententia
2888 926 3028 982 foret
3062 945 3077 981 :
3124 928 3298 997 magis
3338 944 3468 984 vero
3516 930 3571 982 iu

1989 1022 2095 1077 hoc
2120 1036 2337 1092 quoque
2380 1021 2578 1076 ﬁdebat
2609 1021 2739 1085 Deo,
2777 1020 2868 1091 qui
2900 1020 3048 1077 solus
3069 1063 3083 1087 ,
3133 1022 3397 1092 quidquid
3439 1023 3573 1079 utile

1988 1122 2072 1167 est
2096 1114 2423 1169 hominibus.
2455 1112 2694 1181 perﬁcit.

2063 1207 2148 1259 ll.
2183 1204 2294 1259 llac
2321 1221 2413 1272 spe
2444 1205 2635 1267 fretus,
2669 1207 3020 1276 spectabilem
3055 1208 3109 1262 in
3158 1209 3363 1263 somnis
3411 1210 3573 1265 habet

1991 1296 2216 1350 Matrem
2268 1295 2356 1350 Dei
2384 1312 2599 1365 semper
2644 1298 2937 1368 virginem,
2990 1298 3147 1366 eique
3189 1309 3457 1354 astantem
3491 1300 3572 1354 Γει-

1993 1387 2255 1443 mulantis
2285 1388 2466 1456 specie
2498 1390 2746 1442 sanctum
2766 1386 3069 1451 Nicolaum,
3094 1389 3379 1456 providum
3412 1405 3571 1445 suum

1990 1491 2344 1543 curatorem;
2397 1479 2487 1549 qui
2524 1481 2589 1532 ad
2616 1478 2904 1547 Deiparam
2952 1479 3059 1533 leni
3090 1480 3385 1537 vocerbi
3450 1490 3573 1536 tan-

1992 1571 2136 1632 dem,
2192 1583 2224 1619 o
2279 1569 2530 1637 Domina,
2585 1571 3013 1625 commorabitur
3044 1571 3282 1625 Petrus?
3326 1572 3391 1625 Et
3431 1571 3572 1638 ipsa,

1992 1660 2192 1715 blande
2238 1675 2302 1714 ac
2357 1661 2603 1717 modeste
2644 1663 3017 1729 respondens,
3067 1650 3288 1730 subiicit
3322 1678 3335 1713 :
3369 1662 3463 1716 Est
3518 1662 3574 1715 iu

1995 1754 2209 1821 Europa
2258 1752 2659 1822 pulcherrimus
2690 1752 2846 1821 juxta
2901 1765 3062 1823 atque
3099 1768 3348 1807 surumus
3396 1768 3572 1814 mons,

1996 1843 2086 1912 qui
2123 1857 2313 1898 versus
2354 1842 2580 1913 Libyam
2609 1844 2769 1914 longe
2812 1844 2866 1897 in
2899 1857 3054 1898 mare
3090 1844 3389 1914 procurrit.
3421 1842 3578 1921 llum!

1994 1950 2093 2002 ego
2139 1949 2170 1988 e
2226 1943 2338 1989 toto
2368 1942 2635 1989 terrarum
2667 1934 2799 1989 urbe
2828 1935 2991 2002 elegi,
3019 1944 3181 2003 atque
3227 1936 3488 1989 decoram
3520 1947 3578 1990 et

1995 2034 2176 2092 aptam
2212 2024 2520 2078 mouastico
2562 2024 2816 2078 instituto
2876 2025 3268 2078 habitationem
3323 2025 3438 2080 ﬁeri
3483 2029 3580 2081 des

1993 2114 2168 2180 crevi;
2232 2114 2476 2184 quinimo
2536 2116 2710 2183 ipsum
2755 2118 2888 2172 mihi
2936 2120 3211 2187 proprium
3262 2120 3577 2174 consecravi

1995 2206 2361 2271 domicilium,
2394 2217 2558 2276 atque
2609 2208 2963 2279 imposlerum
3006 2211 3293 2266 vocabitur
3320 2212 3577 2266 Sanctus.

1993 2289 2273 2360 Quotquot
2314 2292 2436 2346 istic
2472 2291 2739 2349 adversus
2776 2309 3119 2350 communem
3154 2296 3431 2350 hominum
3485 2298 3583 2351 Ιιοτ

1994 2393 2131 2436 ειειη
2155 2383 2502 2453 suscepeth
2532 2393 2810 2441 certamen
2835 2424 2851 2449 ,
2884 2389 3240 2457 propugnabo
3270 2403 3372 2457 ego
3402 2393 3578 2457 quoad

1996 2476 2253 2537 vixerint,
2295 2491 2359 2533 ac
2389 2479 2612 2533 omnino
2640 2494 2732 2533 me
2768 2480 2871 2533 illis
2911 2483 3181 2547 ιιι-πεδιειὴο
3211 2481 3579 2543 invincibileul

1996 2566 2322 2636 adiutricem
2355 2585 2369 2631 ;
2402 2570 2533 2638 quid
2566 2572 2835 2639 agendum
2868 2572 2962 2633 sit,
2992 2572 3238 2636 docebo;
3269 2573 3396 2641 quid
3421 2574 3583 2626 omit-.-

1999 2661 2242 2722 tcndum.
2285 2674 2598 2728 exponam;
2654 2677 2808 2731 agam
2856 2678 3044 2724 eorum
3079 2665 3424 2729 ultratriccm,
3468 2681 3581 2719 me-

1999 2751 2203 2815 dicam,
2241 2753 2553 2819 nutricem;
2585 2757 2877 2821 provisum
2926 2756 3057 2825 ipsis
3099 2756 3165 2812 de
3213 2759 3409 2826 quovis
3456 2759 3580 2813 cibo

1998 2858 2060 2899 ac
2084 2845 2381 2906 medicina.
2414 2846 2529 2902 sive
2566 2846 2653 2899 illa
2704 2847 2771 2899 ad
2803 2862 3003 2915 corpus
3036 2849 3266 2904 attineat
3290 2852 3579 2921 ipsumque

1998 2936 2789 3006 consolidetcorroboretque;
2839 2939 2956 2994 sive
2998 2939 3089 2997 illa
3137 2940 3391 3011 Spiritum
3433 2943 3585 2996 exci-

2001 3037 2097 3096 tet,
2133 3044 2196 3084 ac
2224 3030 2529 3096 conﬁrmet,
2566 3031 2935 3101 impediatqne
2964 3047 3032 3088 ne
3061 3034 3263 3089 virtute
3287 3035 3581 3104 spolietur,

1999 3121 2410 3181 Commendabo
2444 3123 2568 3177 illos
2603 3124 2826 3193 insuper
2862 3125 3002 3180 Filio
3031 3142 3097 3182 ac
3144 3126 3255 3181 Deo
3290 3142 3432 3191 meo,
3459 3130 3583 3195 qui-

312 3203 441 3274 Θεῷ
470 3222 597 3271 μου,
631 3199 712 3267 οἷς
747 3205 813 3259 ἂν
846 3207 1057 3272 γένοιτο
1091 3207 1272 3270 καλῶς
1321 3208 1623 3267 καταλῦσαι
1655 3210 1782 3280 τῇδε
1809 3210 1899 3270 τὸν

2008 3214 2104 3269 bus
2136 3213 2246 3269 illic
2274 3216 2561 3285 contigerit
2602 3216 2761 3270 ﬁnem
2810 3216 2935 3272 vitae
2963 3218 3281 3288 imponere;
3314 3221 3380 3273 ab
3409 3233 3585 3289 eoque

317 3299 457 3370 βίον,
499 3299 608 3352 τῶν
631 3299 817 3363 αὐτοῖς
860 3302 1271 3370 ἡμαρτημένων
1324 3303 1543 3363 τελείαν
1601 3302 1901 3375 ἐξαιτησα-

318 3394 464 3461 μένη
499 3392 630 3462 παρ’
665 3390 832 3444 αὑτοῦ
867 3392 968 3464 τὴν
998 3392 1219 3462 ἄφεσιν.

398 3480 485 3553 ιβ’.
516 3480 627 3537 Οἷδ’
651 3484 736 3547 ὅτι
772 3486 940 3541 πᾶσιν
967 3487 1165 3557 ἐνῆκεν
1194 3486 1391 3559 ἡδονὴν
1414 3489 1443 3542 ὁ
1473 3488 1628 3557 λόγος
1648 3487 1903 3553 εἰκότως,

317 3578 408 3631 ὅτι
454 3576 556 3647 τὴν
584 3577 1063 3646 περισπούδαστον
1095 3580 1232 3651 ἡμῖν
1283 3594 1342 3630 τε
1395 3576 1492 3633 καὶ
1540 3580 1656 3641 τοῖς
1708 3578 1907 3647 εὐφρο-

322 3668 513 3722 νοῦσιν
555 3667 731 3723 ἅπασι
759 3669 900 3723 κατὰ
948 3669 1129 3739 ψυχὴν
1159 3668 1441 3739 σωτηρίαν
1479 3667 1904 3738 ἀναμφιλέκτως

323 3760 803 3831 ἐπαγγελλόμενος
832 3778 846 3792 ·
885 3764 1014 3815 ὅταν
1058 3762 1169 3831 γὰρ
1221 3761 1255 3829 ἡ
1304 3760 1398 3814 τοῦ
1451 3760 1584 3813 Θεοῦ
1617 3758 1901 3835 Μήτηρ,ἢ

323 3856 422 3912 καὶ
473 3855 542 3906 τὰ
596 3854 837 3908 ἀδύνατα
888 3853 1095 3913 δυνατὰ
1136 3852 1503 3923 καθέστηκεν,
1558 3852 1907 3921 ὑπισχνεῖται

330 3944 571 4014 βοηθεῖν,
631 3942 727 3996 καὶ
780 3944 880 3996 οὐκ
935 3942 1192 3998 ἐνταυθοῖ
1254 3943 1438 4011 μόνον,
1486 3942 1608 3995 οὐδὲ
1667 3941 1764 3994 ἐπὶ
1809 3940 1906 3994 τοῦ

331 4037 630 4106 παρόντος,
661 4037 798 4106 πρὸς
833 4035 888 4089 δὲ
926 4037 1020 4089 καὶ
1068 4034 1164 4088 ἐπὶ
1217 4035 1309 4089 τοῦ
1355 4035 1649 4104 μέλλοντος
1684 4034 1905 4097 αἰῶνος,

330 4133 429 4183 καὶ
474 4130 573 4184 οὐκ
621 4130 717 4189 ἐπὶ
776 4129 1054 4200 σμικροῖς,
1089 4126 1412 4199 ἀπαλλαγὴν
1457 4126 1516 4179 δὲ
1567 4125 1909 4197 προξενοῦσα

330 4223 443 4278 τῶν
469 4224 726 4303 ἀρρήτων
751 4220 977 4274 ἐκείνων
1019 4218 1283 4285 εὐθυνῶν,
1313 4220 1411 4273 καὶ
1450 4218 1560 4281 τῶν
1609 4217 1909 4288 ἀκηράτων

332 4314 557 4382 ἀγαθῶν
608 4313 947 4373 ἀπόλαυσιν,
1001 4310 1086 4373 τίς
1144 4310 1246 4364 οὐκ
1311 4305 1407 4363 οὖν
1455 4308 1911 4378 ὑπερϐαλλόντως

330 4407 515 4477 ἥδοιτο
563 4403 690 4457 νοῦν
722 4403 864 4474 ἔχων
890 4419 905 4466 ;
936 4400 1079 4455 Ἀλλ’
1125 4400 1218 4461 ἐπὶ
1248 4399 1316 4454 τά
1352 4398 1480 4470 ἑξῆς
1516 4399 1660 4452 ίτέον
1688 4415 1703 4431 ⁸
1736 4398 1912 4457 ταῦτα

333 4499 437 4569 τῆς
466 4498 730 4561 Θεοτόκου
764 4496 898 4567 περὶ
926 4495 1021 4549 τοῦ
1057 4494 1217 4565 ὅρους
1245 4493 1653 4563 διειλεγμένης,
1690 4493 1788 4546 καὶ
1818 4493 1911 4546 τέο

2005 3302 2373 3358 omnimodam
2414 3304 2521 3361 illis
2570 3305 2809 3365 exorabo
2872 3306 3197 3367 delictorum
3252 3324 3474 3368 suorum
3509 3325 3589 3367 re-

2007 3394 2347 3450 missionem.

2077 3485 2146 3540 12
2175 3485 2361 3543 Oratio
2400 3487 2590 3543 istliaec
2612 3528 2627 3554 ,
2654 3488 2787 3554 scio,
2831 3488 3161 3558 voluptatem
3191 3489 3374 3545 attulit
3400 3490 3586 3545 cunni.

2005 3578 2257 3646 bus,’fncc
2295 3579 2611 3645 immerito;
2650 3594 2771 3633 cum
2800 3581 3174 3651 maximopere
3198 3581 3581 3651 expetendam,

2004 3684 2111 3724 non
2167 3670 2321 3724 nobis
2355 3668 2566 3737 solum,
2602 3671 2696 3725 sed
2743 3670 2958 3726 cunctis
3007 3681 3158 3728 recte
3198 3672 3582 3737 sentientibus.

2006 3761 2202 3816 anima:
2277 3761 2508 3818 salutem
2588 3763 2724 3817 citra
2801 3763 3213 3833 ambiguitatem
3280 3764 3585 3833 promittat,

2006 3853 2236 3917 Quando
2267 3855 2410 3909 enim
2441 3853 2535 3908 Dei
2571 3853 2764 3916 Mater.
2797 3870 2919 3924 qua:
2944 3857 3082 3923 quod
3112 3856 3226 3917 ﬁeri
3264 3871 3369 3910 non
3408 3866 3588 3925 potest

2007 3944 2257 3999 eﬂ'ectum
2292 3947 2413 4014 dat,
2456 3962 2611 4000 suam
2665 3947 2870 4002 addicit
2924 3963 3192 4018 operam;
3224 3955 3401 4018 neque
3443 3963 3587 4003 nunc

2010 4035 2185 4089 solum
2218 4044 2274 4090 et
2326 4036 2380 4090 in
2412 4039 2667 4105 prmsenti
2716 4040 2942 4102 srcculo,
2968 4040 3059 4094 sed
3086 4039 3249 4095 etiam
3284 4039 3336 4093 in
3373 4038 3585 4103 futuro.

2010 4135 2064 4181 et
2093 4140 2203 4179 non
2237 4136 2445 4181 tantum
2472 4126 2527 4181 in
2564 4126 2728 4183 rebus
2759 4130 2939 4197 parvis
2971 4139 3213 4198 prastat,
3239 4129 3336 4185 sed
3364 4132 3586 4187 arcanis

2010 4233 2225 4286 quoque
2264 4218 2369 4274 illis
2401 4219 2576 4286 poenis
2620 4220 2816 4275 liberat
2854 4235 3006 4284 suos,
3039 4231 3204 4292 atque
3252 4231 3584 4280 aeternorum

2012 4309 2277 4365 bonorum
2329 4311 2604 4380 voluptate
2663 4311 2868 4378 donat;
2918 4312 3041 4382 quis
3068 4352 3084 4380 ,
3126 4328 3352 4381 quzeso.
3388 4314 3589 4371 mentis

2015 4416 2234 4469 ('ompns
2269 4417 2372 4455 non
2406 4403 2635 4469 gaudeat
2673 4418 2836 4473 supra
2882 4404 3137 4460 modum?
3170 4407 3235 4460 At
3278 4421 3402 4460 vero
3426 4408 3492 4459 ad
3524 4421 3586 4465 ea

2015 4509 2133 4562 qum
2191 4505 2484 4561 supersunt
2532 4496 2936 4560 procedendum
2983 4506 3085 4552 est.
3144 4497 3280 4552 Cum
3339 4498 3462 4551 talia
3520 4499 3590 4551 do

333 4593 429 4655 λος
478 4591 856 4658 ὲπειπούσης,
901 4588 977 4650 ὡς
1037 4589 1132 4641 καὶ
1189 4587 1393 4655 Πέτρος
1447 4586 1566 4638 ἐκεῖ
1620 4582 1902 4654 βιώσεται,

2019 4595 2196 4639 monte
2229 4586 2501 4653 prolocuta
2532 4596 2673 4641 esset
2712 4587 2937 4655 Deipara
2965 4625 2979 4651 ,
3026 4602 3089 4641 ac
3117 4591 3333 4642 tandem
3365 4588 3589 4652 subjun-

331 4684 433 4737 τοῦ
456 4682 737 4736 καθεύδειν
764 4676 921 4735 οὗτος
948 4681 1182 4745 ἀνεῖται,
1216 4680 1313 4732 καὶ
1341 4676 1476 4746 πρδς
1507 4675 1673 4746 εὐχὴν
1699 4674 1913 4745 χαρίεις

333 4774 496 4840 εἴπερ
526 4774 654 4837 ποτὲ
691 4774 1058 4833 διανίσταται,
1079 4777 1173 4824 καὶ
1206 4770 1305 4838 τὴν
1326 4768 1505 4839 ψυχὴν
1531 4766 1724 4836 ὥσπερ
1749 4768 1912 4818 ἐπτε-

338 4863 586 4936 ρωμένος
619 4862 708 4927 οἷα
740 4869 831 4917 τὸν
879 4862 1142 4917 τοιούτων
1196 4861 1295 4931 μὲν
1323 4859 1634 4931 θεαμάτων,
1658 4858 1915 4921 τοιούτων

332 4958 396 5009 riis
427 4957 794 5028 ἀκροιμάτων
823 4955 1126 5033 ἠξιωμένον
1163 4954 1330 5017 εἰκός.

418 5244 494 5295 ιγ.
523 5227 736 5298 Μικρὸν
770 5227 915 5291 ὅσον,
967 5227 1060 5281 καὶ
1104 5225 1202 5293 τῆς
1230 5223 1367 5286 νεὼς
1399 5226 1463 5294 τῇ
1517 5225 1709 5294 Κρήτῃ
1744 5241 1921 5293 παρα-

340 5321 639 5390 πλεούσης,
666 5314 749 5381 οἷς
787 5319 896 5372 ἔδει
922 5321 1084 5372 σίτων
1120 5336 1178 5371 τε
1216 5318 1309 5371 καὶ
1339 5318 1601 5387 πομάτων
1630 5319 1773 5385 (οὐδὲ
1813 5317 1920 5387 γὰρ

337 5410 563 5481 ἐκείνῳ,
593 5410 692 5481 τὴν
739 5410 917 5476 σάρκα
961 5410 1239 5480 τηναρχὴν
1272 5409 1432 5473 εὐθὺς
1466 5409 1769 5463 ὑπόσποδον
1816 5425 1919 5460 κα-

335 5502 618 5571 ταστῆσαι
658 5504 1067 5571 προνοουμένῳ,
1103 5506 1196 5554 καὶ
1245 5502 1634 5572 διημερεύοντι
1664 5502 1763 5570 μὲν
1788 5501 1925 5553 ἀποο

344 5593 507 5660 σίτῳ,
538 5594 747 5645 πίνοντι
778 5592 836 5646 δὲ
860 5594 957 5660 τῆς
990 5594 1290 5661 θαλάττης,
1319 5594 1415 5647 καὶ
1437 5593 1644 5660 ταύτης
1681 5609 1925 5661 μετριω-

338 5682 542 5750 τάτης)
572 5678 657 5745 οἷς
705 5677 800 5734 οὖν
849 5682 957 5735 ἔδει
994 5683 1104 5736 τῶν
1138 5670 1484 5751 ἐπιτηδείων,
1526 5684 1637 5736 δεῖν
1677 5684 1926 5746 ἔγνωσαν

339 5773 430 5838 τῷ
480 5773 657 5845 λιμένι
697 5777 1054 5843 προσοκεῖλαι
1080 5793 1093 5807 ⁸
1126 5778 1221 5829 καὶ
1269 5777 1596 5842 ἀποϐάντες,
1632 5777 1721 5830 ἐπ’
1767 5776 1928 5843 ἀλφί-

347 5883 469 5923 των
522 5862 585 5919 σε
635 5869 730 5921 καὶ
789 5868 1034 5939 ποτίμων
1087 5868 1294 5922 ὑδάτων
1351 5869 1549 5940 κομιδῇ
1605 5869 1921 5921 πονεῖσθαι·

2020 4680 2207 4741 xisset,
2258 4677 2375 4733 fore
2420 4691 2474 4732 ut
2528 4690 2581 4733 ct
2631 4678 2825 4734 Petrus
2857 4680 2982 4734 istic
3025 4681 3125 4733 loci
3161 4681 3323 4735 vitam
3362 4694 3586 4750 ageret;

2016 4771 2346 4839 expergiscit
2375 4772 2460 4824 hic
2490 4786 2519 4823 ο
2544 4786 2736 4824 εοιιιηο
2767 4809 2783 4835 ,
2815 4779 2980 4840 atque
2998 4769 3065 4823 ad
3095 4770 3592 4837 orationem,l:etus

2018 4862 2061 4915 si
2087 4877 2327 4929 unquam
2361 4862 2518 4926 alias,
2555 4877 2612 4915 se
2638 4860 2870 4924 confert,
2902 4871 3122 4931 totaque
3147 4862 3329 4915 anima
3356 4862 3590 4932 (diceres

2019 4951 2133 5003 alas
2162 4951 2209 5004 ei
2249 4953 2457 5004 additis
2503 4950 2646 5019 esse)
2682 4949 2898 5002 advolat
2932 4964 2947 5003 :
2988 4948 3451 5018 quemadmodum
3493 4966 3592 5020 par
3629 4981 3638 4989 -

2020 5053 2101 5097 est
2129 5043 2275 5096 illum
2306 5043 2506 5110 facere,
2536 5042 2631 5113 qui
2656 5042 2780 5095 talia
2803 5041 2989 5096 videre
3020 5042 3325 5112 spectacula
3351 5043 3591 5113 talesque

2021 5135 2211 5189 audire
2250 5150 2528 5187 sermones
2568 5132 2886 5200 promeruit.

2094 5227 2180 5279 15.
2217 5223 2426 5278 Interea
2470 5227 2622 5279 navis
2669 5223 2842 5277 Cretae
2876 5225 3374 5294 appropinquabat,
3428 5233 3591 5293 atque

2023 5327 2266 5371 vectores
2309 5317 2405 5382 illi,
2462 5317 2656 5385 quibus
2703 5317 2827 5372 cibo
2885 5325 3121 5386 potuque
3159 5332 3296 5386 opus
3330 5324 3446 5369 crat
3475 5317 3590 5386 (uc.

2022 5425 2127 5477 quo
2172 5409 2313 5462 enim
2363 5407 2579 5474 Petrus,
2626 5407 2716 5478 qui
2757 5410 2941 5463 statim
2990 5423 3020 5463 a
3069 5408 3333 5477 principio
3363 5420 3587 5461 carnem

2028 5500 2222 5553 rationi
2280 5499 2574 5570 prudenter
2631 5490 2957 5569 subiecerat,
2995 5500 3218 5568 diesque
3276 5507 3416 5553 totos
3470 5497 3592 5553 sine

2025 5591 2148 5645 cibo
2188 5590 2545 5657 transigebat.
2583 5593 2844 5645 marinam
2884 5605 3012 5647 vero
3048 5603 3279 5659 eamque
3325 5589 3591 5650 modicam
3658 5606 3661 5609 λ

2028 5684 2269 5753 potabat,
2305 5683 2410 5738 illis
2439 5682 2734 5751 indigebat)
2769 5683 2874 5746 illi,
2913 5683 3153 5749 inquam,
3185 5678 3595 5746 ver-tcresjudi-

2027 5784 2218 5829 caruut
2252 5784 2463 5842 portum
2496 5774 2599 5827 sibi
2650 5774 2981 5835 intrandum,
3026 5786 3092 5826 ac
3141 5771 3597 5837 descendentibus

2030 5871 2082 5925 in
2125 5854 2327 5922 terram.
2353 5867 2554 5921 victum
2592 5873 2754 5934 atque
2788 5863 3075 5933 potabilem
3109 5878 3305 5919 aquam
3354 5859 3596 5927 studium
