3988 6486
332 393 477 457 που

1455 399 1634 460 νιΤΑ
1664 400 1724 460 S.
1763 399 1994 461 PETRI
2028 400 2457 463 ATHONlT/E.

3452 395 3588 460 1030

328 506 564 572 ἑχόντων
596 521 655 558 τε
688 506 779 558 καλ⁵
808 505 1227 572 διανοουμένων,
1258 506 1320 556 ὲκ
1353 506 1446 558 τοῦ
1486 507 1904 577 ἀπροσδοκήτου

2025 527 2112 580 pte
2143 512 2445 566 amaturum
2479 511 2707 566 fidenter
2732 510 3041 579 sperabant.
3089 508 3279 566 Verum
3318 509 3493 565 taliter
3518 509 3586 563 iis

328 597 701 661 παντάπασιν,
758 596 836 649 ἐτ’
888 597 1041 661 ὄντος
1102 597 1194 650 τοῦ
1257 597 1570 667 πνεύματος
1612 599 1904 669 ὲπιφόρου,

329 688 426 740 καὶ
466 687 726 758 λαμπροῦ
772 688 914 741 κατά
977 689 1238 759 πρύμναν
1286 689 1749 760 προσϐάλλοντος,
1811 689 1908 743 τοῦ

329 779 520 849 πρόσω
569 779 889 849 προϐαίνειν
941 781 972 849 ἡ
1024 779 1157 842 ναῦς
1206 782 1448 849 ἀφεῖται,
1502 785 1599 838 καὶ
1650 783 1910 850 ἀκίνητος

328 872 513 938 ἔμενε.
548 871 733 924 Πάντα
774 871 834 925 δι
865 871 1056 925 κάλων
1091 873 1319 927 ἐκείνων
1353 873 1670 938 κινούντων,
1698 874 1774 938 ὥς
1814 875 1913 928 καὶ

331 962 366 1030 ἠ
413 962 685 1031 παροιμία
720 962 874 1032 φησὶ,
922 964 990 1016 τὰ
1026 963 1128 1033 τῆς
1167 965 1454 1034 ἀκινησίας
1500 965 1752 1036 οὐδαμῶς
1796 967 1913 1019 ὲνε-

329 1053 499 1106 δίδου.
540 1054 649 1107 Καὶ
678 1054 743 1125 δὴ
780 1055 889 1107 τῶν
940 1057 1151 1109 ναυτῶν
1196 1057 1653 1129 ὲξηπορημένων,
1687 1058 1784 1112 καὶ
1822 1075 1913 1126 μιν

282 1143 286 1146 ⁴
331 1144 466 1214 κροῦ
515 1145 618 1214 τῆς
662 1147 786 1216 ίσης
828 1148 1207 1218 μετασχόντων
1260 1151 1575 1220 ἀκινησίας,
1608 1149 1769 1205 τοῦτο
1814 1151 1912 1220 μὲν

334 1236 425 1290 ὑπ’
472 1237 810 1307 ἐκπλήξεως,
846 1236 1005 1290 τοῦτο
1049 1238 1106 1291 δὲ
1148 1239 1242 1291 καὶ
1276 1241 1386 1294 ἀπὸ
1428 1241 1523 1294 τοῦ
1561 1241 1731 1312 μηδὲν
1768 1241 1913 1311 ἔχειν

336 1328 622 1396 πράττειν.
657 1328 843 1392 οὕτως
865 1331 930 1383 ἐκ
968 1330 1139 1384 τόπου
1179 1330 1277 1385 τοῦ
1307 1334 1637 1403 πράγματος
1680 1333 1852 1399 ὄντος,
1884 1333 1913 1385 ὁ

335 1418 478 1481 θεῖος
515 1420 719 1491 Πέτρος
747 1424 847 1491 τῆς
884 1420 1112 1492 ἡσυχίου
1153 1422 1427 1493 καθέδρας
1454 1424 1786 1489 ἐξαναστὰς,
1817 1425 1914 1477 καὶ

336 1509 829 1580 περιϐλεψάμενος,
862 1512 924 1563 τὸ
954 1511 1051 1565 τοῦ
1082 1512 1507 1584 διαφαινομένου
1550 1515 1710 1587 ὅρους
1740 1515 1913 1584 ὄνομα

333 1600 550 1672 ἐρωτᾷο
583 1602 613 1655 δ
638 1600 703 1664 δὴ
732 1601 827 1656 τδν
858 1602 1009 1657 Ἀθω
1048 1606 1355 1675 πυθόμενος
1405 1602 1568 1671 εἶναι,
1603 1605 1806 1675 συνῆκε
1853 1623 1912 1660 τε

339 1695 436 1744 καὶ
468 1692 810 1761 ἀπαγγέλλει
858 1693 920 1745 τὸ
968 1694 1202 1764 κατέχον
1239 1696 1456 1766 ἀτρεμῆ
1488 1696 1589 1766 τὴν
1633 1696 1785 1750 ναῦν.
1826 1696 1916 1748 Ἐν

332 1785 530 1854 τούτῳ,
563 1786 751 1857 φησὶν,
791 1785 872 1840 ἔνι
899 1787 977 1858 τῷ
1003 1787 1123 1855 Θεῷ
1152 1787 1485 1861 βουλομένῳ,
1519 1791 1613 1843 τὸν
1636 1790 1915 1844 ύπόλυπον

334 1874 587 1930 διανῦσαι
629 1894 700 1947 με
738 1877 891 1949 βίον·
942 1880 1039 1932 καὶ
1083 1878 1163 1948 τῷ
1212 1880 1321 1934 τῶν
1350 1880 1555 1933 οἰάκων
1589 1879 1907 1942 ὲπικαθεζο·
1946 1868 1988 1925 Β

338 1970 508 2040 μένῳ,
532 1971 631 2040 τῆς
661 1970 765 2041 γῆς
801 1970 963 2033 εὐθὺς
992 1972 1130 2041 πρὸς
1168 1974 1230 2027 τὸ
1270 1972 1552 2042 εὐώνυμον
1583 1973 1761 2025 team
1810 1974 1911 2042 τὴν

334 2046 467 2114 ναῦν
519 2060 905 2129 έγκελεύεταιο
938 2062 1033 2115 καὶ
1079 2059 1161 2127 ὃς,
1207 2060 1283 2126 ὡς
1340 2061 1494 2115 οὐδὲν
1548 2060 1819 2131 μελλήσας
1855 2059 1915 2113 τδ

339 2152 634 2207 κελευσθὲν
666 2154 885 2225 ῆνυσεν,
921 2156 956 2225 ἡ
987 2154 1117 2217 ναῦς
1142 2153 1250 2208 τῶν
1273 2153 1490 2225 δεσμῶν
1516 2154 1751 2220 ἀνεῖται,
1773 2152 1914 2207 κάπὶ

333 2246 392 2297 το
414 2244 700 2315 εὐκίνητον
725 2245 930 2310 εὐθέως
963 2246 1110 2318 μάλα
1144 2245 1464 2317 μετέϐαλεν.

406 2430 496 2490 ις’.
536 2422 665 2494 'Ap'
694 2424 794 2478 οὒκ
828 2422 1094 2494 ἔκπληξις
1133 2422 1227 2477 ἐπὶ
1271 2422 1487 2487 τούτοις
1541 2425 1709 2479 πᾶσιν
1762 2422 1916 2491 ἐγγί-

330 2534 513 2580 ν;ται;
570 2516 693 2579 Πῶς
740 2518 771 2585 ἡ
824 2516 1075 2587 πλώϊμος
1134 2515 1323 2586 φύσις,
1381 2517 1416 2584 ὴ
1469 2517 1570 2586 τῆς
1634 2515 1912 2584 θαλάττης

330 2606 688 2677 εἰδιάρῤυτος
724 2605 947 2675 ἰδιότης,
976 2606 1072 2658 ποῖ
1098 2590 1199 2676 μὲν
1230 2605 1510 2677 ὑποχωρεῖ
1537 2605 1633 2659 καὶ
1670 2603 1911 2676 πάροδον

330 2696 512 2752 δίδωσι
540 2700 606 2768 τῇ
632 2695 745 2767 νηῒ,
773 2699 840 2768 τῇ
875 2695 1151 2768 προσϐολῇ
1175 2696 1284 2751 τῶν
1314 2695 1649 2766 πνευμάτων
1686 2696 1913 2749 ἐλαυνο-

331 2791 516 2860 μένῃ’
567 2790 662 2843 ποτ
703 2788 749 2841 δ’
802 2787 1162 2859 ἀρνησαμινη
1222 2787 1321 2859 τὴν
1383 2789 1571 2858 φύσιν,
1617 2788 1716 2858 τὴν
1764 2788 1913 2841 ἀντι-

334 2876 534 2929 τυπίαν
585 2875 1016 2946 μεταλαμϐάνει,
1049 2877 1145 2930 καὶ
1178 2880 1377 2948 χέρσου
1424 2876 1582 2946 δίκην
1609 2878 1701 2930 ἐπὶ
1726 2876 1912 2948 χώραν

330 2968 713 3038 παρακατέχει
750 2969 852 3037 τὴν
886 2967 1050 3035 ναῦν;
1096 2969 1222 3032 Πῶς
1270 2968 1328 3022 δι
1381 2968 1476 3022 καὶ
1513 2969 1576 3022 τὸ
1622 2970 1714 3023 τοῦ
1752 2967 1915 3023 πνεύ-

330 3077 506 3130 ματος
559 3060 878 3131 εὐδιάχυτον
931 3061 991 3113 ἐν
1050 3062 1211 3133 μέρει
1268 3061 1639 3127 συστέλλεται,
1683 3061 1775 3114 καὶ
1834 3060 1912 3133 μὴ

2014 605 2268 657 animatis
2322 614 2376 658 et
2422 603 2822 673 cogitantibus,
2864 620 2992 658 ecce
3033 619 3131 658 nec
3169 601 3390 672 opinato
3421 601 3584 671 plane

2014 706 2229 761 eventu,
2270 699 2509 751 secundo
2535 696 2696 750 etiam
2724 704 3106 766 perseverante
3146 702 3306 749 vento
3338 702 3392 748 et
3427 691 3590 747 vehe-

2014 798 2227 844 menter
2276 789 2326 843 in
2389 788 2604 859 puppim
2668 787 3035 852 incumbente,
3095 787 3255 841 desiit
3309 784 3585 855 navigium

2015 894 2180 950 porro
2237 879 2509 950 progredi,
2560 887 2618 935 et
2662 878 2940 934 immobile
2988 880 3039 931 in
3092 878 3213 932 loco
3254 877 3588 945 stetit.lpsis

2016 985 2194 1027 autem
2229 987 2469 1037 omnem,
2488 973 2636 1043 quod
2662 972 2884 1036 dicitur,
2907 972 3186 1025 rudentem
3221 970 3585 1034 moventibus,

2015 1063 2148 1120 nihil
2177 1065 2469 1134 quidquam
2504 1064 2806 1134 profectum
2840 1073 2960 1129 est;
3006 1072 3182 1117 nauta.-
3217 1077 3343 1115 vero
3387 1062 3588 1116 mentis

2015 1159 2227 1228 inopes,
2257 1158 2373 1224 pari
2405 1157 2519 1212 fere
2560 1172 2682 1212 cum
2718 1157 2842 1211 navi
2875 1156 3256 1211 imtnobilitate
3290 1154 3586 1216 haerebant,

2016 1250 2211 1318 partim
2245 1264 2354 1319 pra:
2384 1262 2607 1317 stupore
2637 1238 2803 1301 animi
2832 1287 2846 1309 ,
2906 1245 3103 1317 partim
3138 1245 3280 1316 quod
3315 1245 3589 1299 nescirent

2014 1341 2143 1413 quid
2203 1341 2419 1397 consilii
2474 1349 2754 1408 caperent.
2783 1339 2917 1394 Cum
2976 1338 3095 1394 loco
3145 1349 3254 1393 tam
3302 1337 3444 1391 malo
3501 1350 3588 1389 res

2015 1441 2180 1497 esset,
2233 1432 2452 1487 divinus
2510 1430 2702 1486 Petrus
2754 1445 2784 1484 e
2818 1430 2947 1484 sede
2978 1427 3068 1484 ubi
3118 1428 3436 1498 quiescebat
3466 1441 3588 1480 sur-

2015 1540 2171 1598 gens,
2224 1524 2516 1596 oculosque
2575 1521 3003 1587 circumferens,
3066 1519 3267 1575 montis
3326 1518 3416 1588 qui
3454 1517 3590 1572 forte

2016 1624 2117 1678 sub
2141 1630 2417 1691 aspectum
2471 1619 2741 1683 cadebat',
2777 1618 3093 1673 sciscitatur
3140 1629 3336 1669 nomen
3372 1631 3386 1668 :
3428 1628 3589 1682 quem

2018 1716 2108 1769 ubi
2149 1714 2353 1767 Athum
2385 1710 2646 1783 appellari
2684 1710 2898 1772 didicit,
2932 1708 3093 1764 simul
3121 1705 3391 1761 intellexit
3425 1712 3589 1772 atque

2017 1807 2152 1862 alios
2178 1805 2362 1859 docuit
2385 1817 2628 1865 causam,
2658 1817 2757 1857 cur
2792 1800 2863 1854 ita
2899 1798 3125 1855 moveri
3154 1797 3336 1853 nescia
3406 1795 3593 1850 consi-

2018 1902 2193 1953 steret
2249 1890 2424 1946 navis.
2452 1889 2511 1944 ln
2557 1889 2747 1956 hocce,
2786 1886 2991 1958 inquit,
3027 1893 3211 1940 monte
3242 1883 3350 1939 Deo
3377 1883 3596 1938 volente

2019 1986 2290 2054 reliquum
2324 1997 2457 2036 mea:
2485 1982 2609 2035 vita:
2640 1979 3043 2048 transigeudum
3071 1977 3200 2031 mihi
3231 1986 3314 2030 est
3343 1991 3360 2029 :
3394 1983 3447 2029 et
3473 1974 3592 2029 cla-

2018 2092 2139 2131 vum
2168 2073 2374 2129 tenenti
2406 2074 2732 2141 imperat,ut
2758 2070 3134 2127 sinistrorsum
3174 2067 3354 2121 navim
3383 2066 3448 2120 ad
3484 2074 3592 2120 ter-

2016 2184 2134 2225 ram
2166 2179 2309 2223 recta
2343 2166 2543 2234 dirigat
2580 2183 2594 2220 :
2630 2163 2771 2234 quod
2800 2162 2889 2218 ubi
2915 2163 2983 2226 is,
3018 2160 3151 2215 nihil
3177 2167 3481 2218 cunctatus.
3514 2158 3597 2210 rf-

2017 2257 2215 2313 fectum
2258 2255 2428 2319 dedit,
2461 2255 2605 2309 illico
2637 2254 2790 2308 navis
2810 2292 2824 2318 ,
2855 2252 3050 2309 solutis
3080 2248 3310 2304 vinculis
3339 2247 3596 2303 facillime

2016 2358 2074 2404 ut
2099 2348 2251 2420 prius
2280 2347 2486 2402 moveri
2508 2344 2700 2416 cmpit.

2092 2439 2175 2493 l6.
2237 2436 2432 2491 Nonne
2484 2436 2608 2490 hinc
2658 2431 2951 2489 admiratio
3004 2430 3218 2487 cunctis
3278 2429 3593 2485 vectoribus

2016 2531 2236 2585 suborta
2289 2526 2491 2593 fuerit;
2525 2542 2634 2596 quo
2681 2534 2839 2595 pacto
2884 2524 3190 2596 navigabile
3240 2523 3592 2583 elementum.

2016 2620 2178 2675 liuida
2205 2620 2370 2674 maris
2397 2619 2734 2690 proprietas,
2758 2616 2918 2675 modo
2944 2618 3104 2673 cedat-
3126 2617 3338 2684 itcrque
3360 2614 3596 2683 praebeat

2016 2712 2164 2777 navi,
2207 2712 2407 2781 impetu
2445 2719 2728 2765 ventorum
2777 2712 3057 2782 impulse:
3118 2712 3281 2767 ntodu
3337 2721 3595 2767 naturam-

2014 2802 2417 2874 quodammodo
2446 2817 2598 2857 suam
2635 2814 2823 2868 exuta,
2857 2804 3189 2858 contrariam
3234 2813 3501 2868 assumat,
3533 2819 3597 2857 ac

2017 2907 2175 2952 terra:
2210 2896 2383 2950 instar
2416 2894 2625 2949 aﬂixam
2681 2896 2863 2949 navim
2919 2896 3112 2951 eodem
3141 2896 3259 2950 loco
3305 2895 3597 2950 detineat?

2015 2990 2134 3056 Qut)
2163 3000 2320 3059 pacto
2352 2989 2480 3043 item
2505 2988 2841 3043 lluidissimze
2870 2997 3077 3043 natura:
3112 2999 3306 3044 ventus
3336 3000 3490 3060 parte
3514 2992 3599 3044 sui

2018 3081 2397 3144 contrahatur,
2430 3093 2493 3135 ac
2522 3078 2706 3133 navim
2758 3077 3050 3134 manifesto
3102 3078 3307 3149 impetu
3358 3094 3459 3135 suo
3492 3093 3599 3134 non

329 3150 675 3221 συναρπάζει
746 3151 957 3222 ταύτην
1014 3152 1093 3224 τῷ
1168 3156 1465 3224 περιφανεῖ
1528 3153 1626 3225 τῆς
1692 3154 1909 3225 ῥύμης,

2022 3172 2275 3245 abripiat,
2318 3170 2469 3228 nullo
2515 3171 2620 3242 ipsi
2666 3169 2934 3226 validiore
2981 3185 3214 3243 corpore
3252 3171 3598 3236 obsistente;

333 3244 567 3312 μηδενὸς
596 3244 1025 3315 ἐπιτειχίζοντος
1080 3245 1448 3316 σφοδροτέρου
1483 3244 1779 3316 σώματος;
1821 3245 1912 3316 Τῷ

337 3336 444 3404 γὰρ
477 3335 746 3405 εὐκινήτῳ
785 3335 895 3390 τῶν
944 3336 1156 3389 ὑδάτων
1204 3338 1266 3389 το
1316 3338 1536 3406 πνεῦμα
1572 3337 1910 3395 πλεονεκτεῖ.

330 3430 446 3480 Καὶ
473 3426 568 3481 τοῦ
603 3428 841 3497 φανῆναι
896 3427 995 3497 τὴν
1037 3429 1097 3480 ὲν
1125 3426 1203 3497 τῷ
1238 3427 1479 3498 πυθμένι
1508 3430 1608 3499 τῆς
1639 3429 1913 3501 θαλάττης

328 3522 565 3591 ῆπειρον
622 3519 829 3590 ταύτης
890 3519 1216 3589 διαστάσης,
1278 3519 1342 3573 τὸ
1401 3519 1678 3591 θαλάττης
1744 3522 1914 3591 ρυτὴν

333 3612 683 3680 ἐπιφάνειαν,
718 3611 1038 3682 στερέμνιον
1087 3613 1188 3666 ὅσα
1223 3614 1317 3666 καὶ
1350 3614 1580 3684 ἤπειρον
1634 3614 1910 3682 γενέσθαι,

330 3701 618 3769 θαύματος
639 3702 741 3756 οὐκ
773 3702 981 3757 ἐλάττω
1015 3702 1244 3773 φέρεται
1274 3703 1432 3768 δόξαν
1457 3720 1469 3736 ·
1500 3703 1700 3758 οὺκοῦν
1737 3722 1913 3774 προσ·

330 3792 521 3845 θετέον
569 3792 728 3847 τοῦτο
778 3795 895 3857 τοῖς
939 3795 1191 3859 παλαιοῖς
1250 3795 1576 3867 θαυμασίοις
1600 3836 1617 3863 ,
1689 3798 1786 3851 καὶ
1833 3799 1916 3851 δι-

331 3886 576 3954 ηγητέον
602 3886 702 3955 οὐχ
736 3881 901 3957 ἦττον
937 3886 1190 3953 ἐκείνων,
1217 3889 1313 3941 καὶ
1332 3889 1603 3958 ύμνητέον
1623 3890 1716 3942 ἐπὶ
1742 3890 1916 3961 τούτῳ

331 3981 491 4043 θεὸν,
517 3971 562 4046 ᾧ
615 3978 781 4050 μηδὲν
827 3971 903 4035 ὧν
941 3978 1010 4034 ἂν
1058 3980 1325 4053 βούλοιτο,
1359 3981 1422 4035 τδ
1468 3981 1735 4052 παράπαν
1780 3984 1913 4053 ἀνή-

334 4089 518 4127 νυτον.

415 4167 498 4227 ιζ’.
552 4163 691 4217 Ἀλλ’
718 4162 891 4226 οὕτως
925 4164 952 4215 δ
984 4162 1062 4229 τῷ
1095 4162 1285 4232 Πέτρῳ
1329 4160 1610 4232 σύμπλους
1633 4163 1819 4230 ὅμιλος
1850 4166 1915 4235 τῇ

334 4258 409 4323 γῇ
447 4254 952 4321 προσπελάσαντες,
980 4252 1119 4316 πρὸς
1166 4254 1266 4321 τὴν
1313 4252 1602 4323 ὑπώρειαν
1647 4253 1919 4311 ἀποϐιϐά-

336 4349 525 4411 ζουσιν
558 4348 661 4399 οὐκ
688 4346 959 4416 ἀδακρυτὶ
1005 4346 1100 4397 τὸν
1133 4343 1401 4411 γεννάδαο
1434 4344 1491 4408 ὃς
1529 4345 1626 4399 καὶ
1655 4345 1920 4399 ἀνέλαϐεν

336 4442 441 4510 ἤδη
484 4437 988 4501 καταπεπτωκότας
1017 4439 1107 4491 ὑπ’
1152 4438 1343 4501 ἀνοίας
1378 4436 1603 4502 αὐτοὺς,
1637 4438 1920 4508 προειπὼν

2015 3275 2213 3321 ventus
2236 3265 2382 3320 enim
2410 3263 2674 3319 facilitate
2716 3271 2895 3318 motus
2917 3277 3114 3332 aquam
3177 3265 3466 3320 antecedit.
3503 3261 3605 3318 Nec

2014 3371 2124 3427 que
2174 3370 2303 3411 vero
2364 3354 2593 3407 minoris
2645 3352 2894 3406 miraculi
2945 3352 3175 3419 gloriam
3227 3353 3413 3419 habet,
3456 3355 3604 3422 quod

2015 3449 2180 3503 ﬂuida
2205 3447 2372 3501 maris
2405 3445 2745 3513 superﬁcies,
2797 3444 2963 3496 tirtna
2992 3444 3239 3499 adinstar
3270 3445 3604 3498 continentis

2016 3540 2158 3595 facta
2191 3537 2297 3602 sit;
2327 3549 2487 3606 quam
2519 3534 2664 3603 quod
2693 3533 2888 3587 divisis
2918 3534 3099 3603 aquis,
3141 3533 3194 3587 iu
3220 3532 3390 3590 fundo
3414 3535 3602 3601 maris,

2015 3631 2301 3687 continens
2335 3628 2651 3697 apparuerit
2682 3626 3000 3695 aliquando.
3039 3625 3404 3692 Quamobrem
3435 3628 3606 3682 hocce

2017 3724 2182 3780 etiam
2206 3721 2443 3789 antiquis
2471 3718 2969 3782 annumeraudum,
2996 3732 3096 3770 nco
3123 3717 3299 3772 minus
3331 3733 3494 3786 quam
3517 3719 3601 3772 illa

2017 3814 2399 3884 divulgandum
2440 3813 2590 3865 venit
2627 3809 2990 3865 miraculum:
3030 3810 3082 3863 iu
3105 3825 3280 3877 eoque
3312 3811 3476 3875 Deus,
3510 3815 3603 3881 qui

2019 3905 2283 3977 quidquid
2311 3903 2667 3960 libuerittam
2704 3901 2859 3955 facile
2899 3901 3137 3972 perlicit,
3163 3901 3372 3958 laudari
3405 3905 3597 3972 praeci-

2022 4013 2125 4070 pue
2151 3996 2335 4053 debet.

2093 4168 2183 4222 t7.
2216 4164 2398 4236 Itaque
2437 4166 2526 4236 qui
2560 4180 2684 4220 cum
2736 4164 2897 4221 Petro
2942 4165 3273 4237 navigabant
3325 4176 3597 4231 vectores,

2023 4261 2144 4315 navi
2182 4269 2340 4314 teme
2365 4257 2608 4321 admota,
2642 4257 2708 4311 ad
2762 4258 2997 4311 radicem
3043 4257 3249 4312 montis
3276 4273 3601 4329 generosum

2026 4355 2197 4409 virum
2233 4367 2342 4406 non
2387 4352 2506 4406 sine
2551 4351 2809 4420 lacrymis
2854 4350 3182 4404 dimiserunt
3222 4365 3237 4403 :
3280 4365 3416 4419 quos
3471 4352 3604 4420 ipse,

2028 4462 2137 4518 prae
2164 4444 2388 4499 tristitia
2406 4443 2608 4498 animis
2632 4443 3004 4506 COIlCillt‘llleS,
3025 4442 3222 4497 blande
3243 4445 3419 4498 erevit
3439 4462 3452 4510 ;
3476 4459 3609 4511 pra:-

338 4535 525 4595 αὑτοῑς
557 4531 648 4585 τόν
702 4546 761 4584 τε
797 4530 966 4583 πλοῦν
1019 4530 1328 4596 ἀκίνδυνον,
1370 4531 1466 4584 καὶ
1501 4531 1602 4601 τὴν
1657 4531 1916 4602 πρόθεσιν

2028 4540 2215 4592 dicens
2256 4536 2370 4590 fore
2427 4546 2483 4590 ut
2526 4537 2878 4603 imposterum
2911 4549 3102 4589 secure
3130 4535 3406 4604 navigem,
3448 4546 3609 4604 atque

338 4623 608 4692 ἀνύσιμον
657 4621 825 4688 ἕξειν.
863 4624 925 4676 0t
982 4625 1080 4694 μὲν
1127 4623 1224 4677 οὖν
1262 4623 1580 4677 ἐστέλλοντο
1612 4626 1733 4694 μετ’
1775 4626 1920 4692 ἀγα-

338 4718 451 4791 θῶν
479 4715 590 4769 τῶν
631 4715 865 4769 ἐλπίδων
886 4731 900 4745 ⁸
937 4717 964 4769 ὁ
1010 4716 1065 4769 δὲ
1118 4716 1211 4786 βίᾳ
1246 4716 1367 4785 μὲν,
1396 4716 1661 4769 ἐπέϐαινε
1689 4716 1746 4770 δὲ
1771 4718 1922 4786 ὅμως

338 4809 450 4863 τῶν
505 4809 750 4874 ἀϐάτων,
783 4811 878 4863 καὶ
934 4809 1105 4878 ἀνέϐη
1170 4811 1232 4861 τὸ
1274 4808 1424 4879 ὅρος,
1473 4809 1568 4861 καὶ
1622 4808 1802 4861 εἰσεδυ
1852 4808 1922 4862 τά

342 4905 533 4967 ἄδυτα,
561 4902 680 4974 Θεῷ
713 4903 857 4973 μόνῳ
887 4904 955 4955 τά
984 4901 1111 4955 καθ’
1150 4902 1346 4955 Litth
1391 4901 1717 4973 ἐπιτρέψας,
1753 4895 1796 4969 ᾧ
1828 4902 1923 4955 καὶ

343 4995 492 5065 μόνῳ
526 4992 886 5065 προεθυμήθη
916 5009 977 5045 τε
1016 4992 1111 5047 καὶ
1160 4992 1374 5064 ὑπέστη
1414 4992 1621 5064 ζήσειν,
1657 4992 1685 5046 δ
1718 4993 1815 5046 καὶ
1843 4995 1923 5056 εἰς

338 5086 493 5147 τέλος
544 5087 773 5154 ἀγαγεῖν
822 5082 1183 5150 δσπούδασεν,
1215 5084 1277 5137 οὗ
1337 5084 1501 5153 μόνον
1553 5085 1814 5148 ἀπόσιτος
1846 5083 1922 5137 ὢν

340 5179 553 5249 σχεδον,
582 5177 693 5231 τῶν
739 5179 841 5231 ὅσα
896 5176 1141 5246 πέφυκεν
1193 5175 1502 5247 ἀνθρώπων
1542 5178 1789 5247 συνέχειν
1826 5178 1925 5247 φύ-

339 5290 468 5337 σιν,
526 5277 619 5324 καὶ
674 5270 847 5342 βραχύ
912 5289 965 5324 τι
1022 5269 1153 5340 παρ’
1215 5269 1484 5338 ἀγγέλους
1533 5270 1922 5339 ἡλαττωμένος

336 5365 492 5419 τουτὶ
517 5363 578 5416 ei;
620 5364 808 5433 μέρος,
835 5361 973 5418 ἀλλὰ
1018 5363 1114 5416 καὶ
1167 5362 1333 5433 ψύχει
1387 5362 1482 5415 καὶ
1533 5362 1775 5416 καύσωνι
1827 5365 1923 5418 καὶ¹

336 5460 604 5525 παγετοῖς
661 5457 757 5509 καὶ
806 5455 953 5525 χιόσι
1002 5456 1097 5509 καὶ
1150 5455 1402 5526 ὄμϐροις,
1450 5454 1659 5524 γυμνός
1711 5472 1773 5507 τε
1829 5457 1923 5507 καὶ

338 5549 644 5620 ὕπαιθρος,
702 5548 748 5602 ὣ
811 5550 911 5618 τῆς
973 5549 1310 5621 καρτερίαςῐ
1375 5547 1919 5619 ταλαιπωρούμενος.

349 5640 514 5714 Ἀνὴρ
538 5643 646 5711 γὰρ
677 5640 903 5706 ἐκεῖνος,
939 5642 1099 5711 εἰπερ
1126 5659 1230 5706 τις,
1257 5641 1383 5695 νοῦν
1412 5641 1573 5710 έχων,
1618 5641 1712 5693 καὶ
1743 5643 1921 5703 owe";

336 5740 444 5799 τὴν
490 5736 584 5787 τοῦ
645 5733 805 5802 γηῖου
828 5734 982 5788 τοῦδε
1032 5737 1412 5805 συγκρίματος
1467 5734 1651 5804 φύσιν,
1698 5734 1773 5793 ὼς
1827 5734 1921 5786 καὶ

340 5826 509 5883 αὑτὸν
545 5827 721 5899 βρίθει
767 5828 860 5882 τὸν
909 5828 1054 5895 νοῦν,
1107 5830 1198 5882 καὶ
1236 5829 1373 5899 πρὸς
1418 5828 1520 5897 γῆν
1556 5825 1917 5893 κατασπῶσαρ

2028 4631 2095 4683 ad
2146 4629 2437 4683 terminum
2494 4626 2726 4681 feliciter
2782 4625 3121 4693 perveniant.
3158 4621 3243 4678 Illi
3279 4626 3463 4689 igitur,
3514 4642 3611 4694 spe

2028 4722 2165 4775 bona
2195 4718 2360 4790 pleni,
2387 4729 2623 4788 coeptum
2658 4719 2763 4771 iter
2810 4724 3215 4785 prosequuntur
3253 4715 3414 4784 :ipse
3452 4731 3605 4782 vero,

2029 4826 2226 4882 magno
2264 4811 2482 4881 quidem
2509 4811 2695 4864 labore
2719 4848 2734 4874 ,
2767 4807 2865 4862 sed
2896 4819 3074 4863 tamen
3105 4808 3377 4862 contendit
3404 4824 3500 4877 per
3528 4808 3611 4862 in-

2026 4903 2112 4956 via
2144 4902 2386 4958 lucorum
2408 4940 2424 4963 ,
2460 4901 2781 4955 conscendit
2813 4907 3087 4961 montem,
3126 4899 3403 4953 inaccessa
3446 4914 3608 4967 pene—

2030 5005 2159 5055 trat.
2198 4996 2295 5050 soli
2349 4996 2455 5048 Deo
2506 5008 2565 5047 se
2602 5006 2809 5060 suaque
2849 4991 3233 5057 committens;
3267 4993 3351 5045 cui
3406 4991 3611 5059 pariter

2028 5086 2130 5140 soli
2155 5085 2334 5140 vivere
2363 5098 2690 5154 magnopere
2718 5083 2969 5152 cupiebat
2998 5121 3019 5149 ,
3050 5098 3112 5136 ac
3151 5082 3419 5136 victurum
3454 5083 3610 5150 pulli—

2029 5179 2171 5231 citus
2201 5177 2398 5232 fuerat.
2432 5174 2545 5230 Hoc
2570 5185 2750 5229 autem
2790 5175 2961 5244 ipsum
2993 5174 3236 5229 studiose
3284 5177 3349 5227 ad
3400 5175 3606 5227 exitum

2028 5270 2300 5340 perduxit,
2353 5285 2457 5322 non
2509 5270 2669 5320 modo
2726 5266 3010 5319 abstinens
3068 5267 3138 5320 ab
3196 5264 3446 5317 onmibns
3494 5264 3608 5318 fere

2028 5363 2282 5432 cibis,qui
2322 5362 2608 5415 ltutnanatn
2642 5367 2952 5415 sustentare
3010 5367 3258 5413 naturam
3316 5369 3608 5409 consueve-

2028 5464 2172 5522 runt,
2200 5454 2378 5508 factus
2405 5455 2506 5507 hac
2534 5461 2688 5523 parte
2717 5444 2876 5523 paulo
2909 5450 3137 5506 inferior
3163 5446 3394 5517 angelis;
3416 5460 3606 5499 verum

2026 5550 2192 5602 ctiam
2225 5547 2413 5619 frigus,
2453 5556 2671 5610 aestum,
2700 5547 2924 5615 glaciem
2948 5581 2963 5607 ,
2989 5543 3138 5597 nives
3174 5558 3236 5594 ac
3275 5540 3478 5592 imbres
3508 5553 3608 5591 nu-

2034 5638 2158 5701 dus,
2201 5638 2304 5691 sub
2342 5637 2431 5691 dio
2461 5640 2513 5706 (ο
2537 5635 2913 5691 tolerantiam!
2942 5634 2960 5704 )
2988 5639 3304 5687 constanter
3334 5629 3478 5682 tulit.
3506 5627 3605 5682 \‘ir

2025 5728 2225 5797 quippe
2262 5741 2400 5794 e-at,
2429 5729 2474 5782 sl
2512 5728 2632 5797 quis
2668 5728 2807 5782 alius
2834 5768 2848 5791 ,
2902 5725 3182 5793 perspicax
3211 5738 3225 5787 ;
3260 5727 3425 5788 atque
3448 5719 3605 5774 intel-

2029 5821 2247 5891 ligebat,
2299 5822 2569 5889 quonodo
2608 5829 2837 5874 terrena:
2885 5815 3045 5885 hujus
3090 5810 3458 5872 concretionis
3495 5824 3598 5865 na~
