3988 6476
366 415 507 485 1013

1486 417 1662 479 γιΤΑ
1702 418 1763 477 S.
1809 414 2036 476 PETRI
2078 413 2509 473 ΑΤΗΟΝΙΤίΕ.

3496 408 3632 474 1ο.ι

364 535 551 608 γάριτί
577 552 637 588 τε
663 533 785 605 θείᾳ
814 532 910 587 καὶ
939 533 1142 603 σαρκὸς
1181 531 1462 602 παχύτητι
1495 530 1822 602 μεσιτεὺων,
1843 531 1936 583 καὶ

2054 536 2189 583 ."tum
2247 526 2350 583 sibi
2416 540 2614 595 corpus
2665 524 2862 580 indicia
2931 523 3350 595 pulchritudinis
3405 523 3626 581 divinae.

363 628 595 698 δύναμιν
627 626 739 681 τῶν
776 623 1057 683 ἀδυνάτων
1087 623 1340 688 ἐντιθείς.

436 885 507 943 κ’.
549 884 892 957 Ἐντιῦθενὴ
956 885 1081 940 κατ’
1118 883 1319 956 ἀρετὴν
1368 883 1610 955 Θεοειδὴς
1660 885 1754 938 καὶ
1800 885 1945 938 ἀπα-

367 978 632 1049 ραμιλλος
657 977 797 1043 ἕξις,
827 977 923 1031 καὶ
957 977 1019 1030 τὸ
1058 977 1196 1043 πρὸς
1228 976 1428 1033 κακίαν
1451 976 1588 1040 ὅλως
1617 978 1678 1030 οὐ
1719 975 1947 1045 κινητὸν

365 1074 399 1141 ἢ
438 1071 765 1140 δυσκίνητον
796 1069 858 1124 αϊ
888 1087 948 1124 τε
990 1069 1422 1139 θαυματοποιαὶ,
1457 1070 1551 1123 καὶ
1573 1069 1635 1123 τὸ
1667 1068 1853 1139 διορᾷν
1883 1084 1945 1121 τε

366 1164 461 1217 καὶ
489 1163 752 1234 προορᾷν,
788 1161 883 1214 καὶ
918 1161 1047 1231 περὶ
1080 1159 1188 1214 τῶν
1233 1161 1424 1232 πόρρω
1471 1176 1573 1213 που
1614 1157 1946 1229 συμῦαινόν-

365 1270 498 1321 των,
553 1253 628 1318 ὡς
679 1254 773 1307 ὑπ’
826 1251 1141 1323 ὀφθαλμοὺς
1185 1251 1569 1320 διαλέγεσθαιο
1617 1255 1712 1305 καὶ
1769 1249 1830 1305 τὸ
1881 1249 1945 1318 δὴ

369 1346 650 1415 μέγιστον,
677 1344 753 1409 ὡς
779 1344 902 1398 οὐδὲ
961 1346 1091 1415 περὶ
1119 1345 1272 1398 ταῦθ’
1319 1347 1347 1398 6
1397 1345 1599 1408 σκοπὸς
1627 1344 1793 1398 τείνει
1836 1343 1948 1397 τῶν

370 1437 661 1509 μακαρίων
705 1437 951 1501 ἐκείνων,
991 1436 1109 1489 ἀλλ’
1161 1435 1352 1507 ὥσπερ
1396 1436 1450 1488 εἴ
1496 1453 1580 1498 τις
1622 1436 1769 1507 ὁρῴη
1810 1434 1947 1502 πρὸς

364 1528 601 1600 ἡλιακὴν
651 1528 870 1590 ἀκτῖνα,
900 1529 994 1582 καὶ
1042 1527 1154 1579 τῶν
1205 1526 1469 1597 ἐναερίων
1500 1528 1720 1597 ἀτόμων
1758 1527 1948 1580 αἰσθά-

367 1633 548 1672 νεται’
581 1619 686 1672 κᾶν
717 1620 794 1689 μὴ
818 1618 978 1671 τοῦτο
1008 1618 1083 1686 τῷ
1121 1619 1463 1688 προσορῶντι
1497 1618 1703 1681 σκοπός
1725 1634 1738 1649 ·
1772 1617 1946 1680 οὕτως

364 1713 601 1773 ἐκείναις
657 1713 781 1772 ταῖς
839 1710 1014 1772 θείαις
1074 1711 1256 1762 ἀκτῖσι
1330 1710 1591 1779 καθαρῶς
1641 1707 1944 1778 ὁμιλοῦσιν,

365 1799 454 1867 αἷς
508 1802 674 1872 φύσει
724 1802 1021 1872 πρόσεστιν
1074 1803 1108 1872 ἡ
1164 1800 1384 1854 πάντων
1423 1799 1791 1869 ἀποκάλυψις,
1825 1801 1948 1870 οὐχὶ

2049 617 2194 672 inter
2225 614 2459 686 gratiam
2486 616 2606 684 ejus
2632 623 2687 669 et
2717 614 2900 669 carnis
2957 613 3155 668 molem
3194 614 3543 681 interposita,
3576 624 3633 669 et

2048 709 2233 763 tribuit
2267 710 2315 762 ei
2346 706 2656 764 facultatem
2695 707 2963 764 efﬁciendi
3015 721 3136 776 qua:
3169 706 3287 759 fieri
3340 705 3474 763 alias
3520 720 3631 761 non

2046 809 2294 868 possunt.

2113 885 2206 946 ‘20.
2238 893 2374 948 Hine
2411 893 2465 948 tit
2496 903 2557 947 ut
2590 892 2814 964 quidam
2851 893 3067 948 divinus
3100 902 3155 947 et
3185 892 3304 949 sine
3328 907 3633 963 repugnan-

2048 986 2117 1039 tia
2153 1000 2388 1054 operans
2432 987 2650 1041 virtutis
2690 986 2908 1041 habitus
2966 996 3263 1051 nascatur;
3298 997 3356 1039 ut
3413 985 3631 1038 animus

2049 1075 2102 1129 in
2131 1073 2331 1128 malum
2365 1085 2454 1127 aut
2489 1074 2641 1129 nullo
2680 1089 2910 1144 prorsus
2967 1076 3156 1138 modo,
3185 1083 3278 1128 aut
3330 1089 3434 1126 non
3470 1072 3634 1126 facile

2048 1166 2372 1230 inclinetur;
2397 1177 2454 1220 ut
2482 1164 2751 1222 miracula
2786 1166 3032 1233 patrandi
3071 1165 3241 1219 virtus
3273 1164 3630 1232 aequiratnr;

2049 1267 2104 1308 ut
2137 1256 2261 1326 quis
2296 1256 2589 1326 praesentia
2621 1256 2952 1325 perspiciat,
2988 1264 3043 1310 et
3089 1255 3378 1329 prospiciat
3412 1253 3632 1317 futura;

2048 1359 2210 1418 atque
2261 1349 2325 1403 de
2387 1348 2586 1412 rebus,
2626 1363 2747 1417 quae
2789 1347 2924 1402 locis
2957 1348 3141 1423 procul
3174 1348 3399 1402 remotis
3424 1345 3633 1398 coutin-

2048 1448 2207 1508 gunt,
2246 1454 2352 1492 non
2380 1437 2542 1492 aliter
2568 1453 2730 1510 quam
2767 1437 2812 1491 si
2845 1440 2944 1491 sub
2972 1436 3144 1490 oculis
3180 1436 3393 1500 fierent,
3425 1449 3633 1488 sermo-

2049 1531 2301 1595 cinetur;
2358 1540 2449 1594 et,
2510 1529 2652 1599 quod
2693 1531 3029 1598 praecipuum
3063 1536 3147 1583 est
3182 1567 3197 1589 ,
3241 1529 3292 1580 in
3331 1527 3418 1581 illa
3459 1526 3631 1581 aciem

2050 1639 2202 1677 suam
2242 1637 2346 1676 non
2402 1622 2686 1676 intendant
2723 1622 2863 1676 beati
2919 1621 3030 1686 illi;
3065 1623 3158 1675 sed
3206 1621 3370 1674 veluti
3408 1621 3452 1675 si
3509 1619 3631 1687 quis

2051 1716 2102 1768 in
2137 1715 2345 1770 solares
2373 1714 2556 1769 radios
2587 1715 2839 1769 obtutum
2870 1715 3223 1778 converterit,
3249 1713 3415 1766 etiam
3439 1726 3634 1767 aereos

2052 1816 2267 1859 atomos
2292 1805 2491 1875 detegit
2518 1846 2532 1871 ,
2569 1806 2786 1860 tametsi
2820 1805 2869 1860 id
2899 1821 3004 1859 non
3038 1804 3334 1859 intenderit
3366 1804 3409 1857 is
3431 1802 3519 1871 qui
3554 1803 3637 1855 in-

365 1896 477 1949 τῶν
525 1895 700 1948 ὄντων
755 1894 916 1963 μόνον
974 1894 1007 1963 ἢ
1049 1895 1144 1947 καὶ
1199 1892 1607 1961 γεγενημένων,
1659 1892 1797 1945 ἀλλὰ
1852 1892 1946 1945 καὶ

2054 1902 2262 1961 tuetur;
2293 1896 2362 1949 ita
2397 1895 2495 1959 illi,
2528 1897 2619 1965 qui
2675 1897 2878 1951 divinis
2924 1897 3114 1959 radiis,
3170 1905 3365 1949 natura
3405 1910 3501 1949 sua
3547 1910 3637 1949 re-

363 1985 474 2039 τῶν
504 1983 675 2038 ἔπειτ’
724 1985 1025 2052 ἐσομένων,
1058 1982 1178 2035 ὁδοῦ
1222 1982 1503 2052 πάρεργον
1552 1980 1628 2042 ὡς
1674 1980 1953 2050 ἀληθῶςὴ

363 2078 571 2132 τούτων
633 2076 993 2147 προσγίνεται
1046 2075 1274 2142 γνῶσις.
1316 2074 1528 2135 Σκοπὸς
1578 2072 1637 2127 δὲ
1688 2073 1952 2142 αὑτοῖς,ή

366 2170 510 2223 κατὰ
585 2168 854 2241 μοναχοὺς
927 2166 1231 2238 ὑπερτελὴς
1287 2166 1586 2233 τελειότης,
1655 2165 1688 2235 ἡ
1746 2163 1955 2233 ἀληθὴς

364 2259 592 2331 ἡσυχία,
627 2257 832 2329 μᾶλλον
865 2257 921 2311 δὲ
962 2259 989 2310 6
1038 2258 1140 2327 τῆς
1174 2255 1411 2325 ἀληθοῦς
1443 2255 1692 2325 ἡσυχίας,
1732 2253 1791 2307 δν
1822 2253 1955 2323 ἐφη-

366 2369 490 2420 μεν,
531 2351 742 2419 καρπός
768 2364 781 2377 ·
832 2349 894 2402 τὸ
945 2349 1360 2418 δυστέκμαρτον
1410 2347 1504 2399 καὶ
1545 2345 1948 2415 δυσεκλάλητον

362 2445 461 2497 καὶ
484 2442 912 2496 δυσεπίτευκτον
940 2440 1151 2511 χρῆμα.
1178 2439 1284 2491 κᾶν
1312 2439 1462 2509 ἡμᾶς
1491 2437 1554 2490 τὸ
1599 2439 1699 2508 τῆς
1746 2438 1943 2490 ὑποθέ-

366 2551 507 2595 σεως
546 2533 909 2602 ὑπερϐάλλον,
940 2536 1037 2586 καὶ
1084 2533 1212 2601 περὶ
1258 2530 1370 2583 τῶν
1402 2530 1544 2601 ὑπὲρ
1587 2530 1737 2600 ἡμᾶς
1768 2529 1946 2600 ὲπῆρε

361 2628 453 2681 δια
493 2625 741 2697 βραχέων
772 2627 1124 2698 ὑποσημῆναι
1157 2625 1341 2678 τανῦν.

2058 1987 2363 2040 velantibus
2387 1987 2592 2052 omnia,
2623 1987 2772 2043 clare
2794 1989 3056 2043 illustrari
3105 1988 3517 2049 consueverint,
3553 2002 3638 2039 re-

2058 2094 2178 2132 rum
2217 2095 2322 2131 non
2352 2079 2512 2133 modo
2542 2093 2663 2149 qua:
2697 2094 2841 2134 nunc
2870 2089 2997 2134 sunt
3021 2094 3247 2148 quaeque
3268 2078 3509 2141 fuerunt,
3537 2077 3637 2130 sed

2054 2168 2215 2221 etiam
2253 2184 2372 2236 quae
2396 2169 2590 2224 futurae
2649 2181 2804 2236 sunt,
2844 2170 3211 2240 cognitionem
3248 2187 3346 2240 pro
3386 2170 3633 2240 quisqui-

2053 2259 2165 2326 liis,
2224 2273 2284 2315 ut
2345 2278 2474 2317 vere
2524 2270 2674 2327 sunt,
2727 2271 3030 2333 reputent:
3071 2264 3307 2318 habeant
3355 2278 3484 2317 vero
3539 2279 3637 2331 pro

2053 2366 2220 2418 scapo
2252 2369 2353 2408 suo
2386 2354 2691 2409 absolutam
2721 2355 3007 2411 monastiei
3031 2363 3204 2410 status
3228 2353 3639 2423 perfectionem,

2055 2444 2106 2497 id
2165 2454 2267 2508 est,
2330 2459 2512 2498 veram
2561 2445 2726 2499 animi
2771 2446 3033 2526 quietem,
3092 2456 3187 2498 aut
3246 2445 3424 2515 potius
3460 2442 3637 2512 ipsum

2057 2551 2198 2589 vera:
2222 2536 2443 2605 quietis,
2471 2553 2631 2606 quem
2678 2539 2937 2601 diximus,
2976 2539 3255 2602 frui-tum;
3296 2554 3406 2589 rem
3446 2536 3640 2603 utique

2057 2627 2329 2683 diﬂicilem
2381 2640 2584 2697 captu,
2632 2630 2987 2684 difﬁciliorem
3027 2631 3171 2684 dirtu
3199 2670 3214 2691 ,
3267 2627 3638 2683 dillieillimam

364 2720 678 2787 acquisiui;
739 2718 860 2773 licet
891 2733 989 2772 nos
1032 2717 1354 2772 excellentia
1383 2714 1689 2787 argumenti
1740 2731 1803 2771 ex
1841 2716 2110 2782 citaverit,
2181 2721 2246 2775 ad
2286 2721 2622 2790 prodendum
2671 2736 2813 2776 nunc
2852 2725 3073 2792 paucis,
3126 2720 3287 2774 etiam
3356 2720 3443 2774 ilia
3517 2730 3639 2785 quae

366 2819 513 2872 vires
544 2825 762 2870 nostras
798 2813 1091 2870 excedunt.

1829 2945 2058 3004 CAPUT
2099 2946 2187 3005 IV.

900 3068 1075 3124 Semel
1111 3077 1263 3138 atque
1301 3068 1491 3120 iterum
1529 3075 1756 3121 tentatus
1797 3081 1829 3120 a
1865 3066 2104 3122 daemone
2154 3083 2247 3138 per
2296 3070 2596 3123 orationem
2624 3071 2866 3141 superior
2903 3071 3102 3125 evadit.

439 3196 545 3245 καν.
589 3189 652 3245 '0
685 3189 869 3259 μέντοι
908 3187 1243 3257 μεγαλόνους
1284 3184 1454 3248 ὅντως
1493 3184 1678 3239 οὑτοσὶ
1723 3183 1948 3255 Πέτρος,

2128 3183 2220 3240 21.
2256 3185 2395 3241 Vere
2440 3187 2608 3257 igitur
2649 3187 3031 3256 magnanimus
3068 3185 3220 3239 hit-ce
3267 3183 3463 3239 Petrus
3492 3223 3505 3244 ,
3536 3201 3642 3253 qun

364 3283 454 3353 ἐφ’
480 3280 510 3334 ὃ
538 3280 886 3350 προσεκλήθη
912 3280 1113 3341 συνεὶς,
1148 3279 1275 3349 ὅλῳ,
1311 3277 1455 3333 κατὰ
1479 3277 1579 3348 τὴν
1620 3278 1948 3347 παροιμίαν,

363 3375 713 3445 προσεχώρει
747 3371 865 3426 ποδί
889 3387 904 3402 ο
945 3370 1105 3424 τοῦτο
1128 3370 1186 3423 δὲ
1218 3366 1307 3441 ἦν,
1335 3370 1436 3439 οὐχ
1458 3372 1486 3422 6
1515 3369 1626 3423 τῶν
1666 3371 1951 3440 χαρισμάο

298 3485 321 3496 ·’
361 3484 475 3522 των
494 3467 656 3535 ὄγκος
676 3482 689 3496 ·
718 3464 934 3532 ἄπαγεί
967 3463 1087 3516 οὐδὲ
1120 3466 1222 3533 γὰρ
1258 3460 1552 3533 ἐδελεάσθη
1580 3460 1712 3514 ποτὲ
1739 3459 1953 3530 λιχνεία

360 3560 569 3613 τούτων
616 3559 645 3610 6
702 3556 896 3626 μέγας,
930 3554 1056 3607 ἐπεὶ
1110 3552 1247 3624 μηδὲ
1303 3550 1583 3624 προῦργου
1629 3550 1776 3606 τοῦτ’
1811 3545 1951 3603 εἶναι

360 3651 478 3710 τοῖς
531 3645 785 3700 ὑπελθεῖν
842 3643 1113 3713 ἐγνωκόσι
1171 3642 1273 3712 τὴν
1331 3641 1561 3712 ἡσύχιον
1619 3640 1866 3712 ἀγωγὴν,
1924 3643 1953 3694 6

361 3740 524 3808 λόγος
556 3738 670 3808 ἔχει
696 3734 947 3808 δηλώσας
969 3752 984 3766 ο
1013 3732 1131 3786 ἀλλ’
1163 3731 1306 3786 ὥστε
1336 3734 1401 3802 τῇ
1436 3731 1621 3803 χάριτι
1653 3730 1951 3801 δυνηθῆναι

361 3831 549 3886 δῦναι
582 3830 790 3900 χώραν,
824 3826 1194 3880 ἐπισκευάσαι
1222 3827 1313 3877 τὸν
1342 3824 1494 3888 ὲντδς
1517 3822 1824 3895 ἄνθρωπον,
1858 3823 1952 3875 καὶ

361 3929 505 4000 πρὶς
543 3927 602 3979 τὸ
641 3928 1003 3996 πρωτότυπον
1034 3923 1366 3977 εὐδιαθεῖναι
1418 3921 1480 3975 τὸ
1518 3923 1742 3994 ἀρχαῖον
1775 3922 1952 3973 ἐκεῖνο

361 4024 464 4076 καὶ
488 4022 773 4091 ἀμήχανον
798 4017 1108 4086 ὲπανθῆσαι
1144 4015 1365 4091 καλλος.
1398 4015 1541 4067 Ἀλλ’
1572 4015 1600 4067 6
1633 4013 1734 4086 μὲν
1773 4011 1950 4075 οὕτως

356 4086 728 4183 ὡρμημένος,
778 4108 1079 4173 ἀναϐάσεις
1134 4086 1318 4177 ὲνκτῇ
1373 4106 1606 4177 καρδίᾳ,
1659 4102 1802 4157 κατὰ
1857 4103 1950 4156 τὸν

356 4205 669 4274 Ψαλμῳδὸν
718 4204 919 4267 εἰπεῖν,
948 4200 1178 4254 διέθετο.
1216 4200 1281 4251 Τί
1327 4198 1372 4252 δ’
1415 4199 1443 4250 6
1490 4199 1585 4251 τοῦ
1619 4197 1814 4265 φθόνου
1850 4212 1953 4247 πα-

351 4298 488 4368 τὴρ,
515 4296 577 4350 τὸ
603 4295 697 4349 tot)
725 4294 881 4347 δόλου
925 4294 1222 4364 πλήρωμα,
1250 4292 1279 4344 6
1311 4292 1477 4344 καὶοῦ
1513 4289 1714 4352 παντὸς
1756 4288 1952 4343 αὐθαίο

357 4404 520 4459 ρετος
552 4385 755 4453 φυγὰς,
783 4385 810 4435 6
836 4382 1010 4437 κακοῦ
1042 4383 1243 4444 παντὸς
1271 4383 1512 4452 ἐργάτης
1543 4381 1576 4451 ἢ
1608 4380 1947 4451 προστάτης,

358 4480 571 4555 μᾶλλον
601 4477 658 4531 δὲ
687 4478 743 4530 τὸ
784 4476 1205 4545 συναμφότερον
1229 4490 1242 4504 ’
1283 4476 1310 4526 ὁ
1348 4475 1560 4544 πρῶτος
1608 4470 1946 4542 ἀποστάτης’

353 4574 458 4628 καὶ
501 4571 593 4624 τὸν
641 4568 862 4639 πρῶτον
919 4567 1211 4637 ἄνθρωπον
1273 4565 1591 4636 ἀποστήσας
1643 4563 1739 4617 τοῦ
1787 4563 1948 4627 Θεοῦ,

350 4667 413 4719 τί
444 4663 801 4729 συσκευάζεις
846 4662 959 4715 Καὶ
1007 4661 1125 4722 πῶς
1180 4661 1358 4730 ἑαυτῴ
1410 4660 1612 4730 χρῆται
1660 4659 1800 4712 κατὰ
1850 4660 1948 4727 τῆς

350 4757 457 4812 τοῦ
500 4756 712 4809 δικαίου
753 4754 970 4825 ψυχῆςς
1011 4754 1355 4823 Κακούργως
1411 4753 1532 4822 μὲν,
1590 4752 1851 4814 ἐπιεικῶς
1902 4750 1946 4802 δ’

350 4853 537 4918 ὅμως,
567 4847 733 4912 ἀξίως
763 4846 980 4899 ἑαυτοῦ.
1021 4846 1197 4915 Ὁρῶν
1232 4845 1341 4913 γὰρ
1368 4844 1474 4908 ἔξω
1519 4843 1711 4914 βελῶν,
1736 4843 1763 4895 ὃ
1791 4859 1945 4911 φασι,

350 4943 628 5012 ’γεγονότα
658 4942 749 4993 τὸν
802 4939 998 5009 μέγαν,
1042 4940 1111 5008 τῇ
1142 4936 1237 4990 τοῦ
1287 4936 1499 5007 κόσμου
1545 4937 1637 4990 καὶ
1669 4935 1778 4989 τῶν
1824 4935 1948 4989 κατ’

347 5033 526 5090 αὐτὸν
561 5030 733 5101 ἡδέων
771 5032 940 5100 φυγῇ,
982 5029 1049 5083 δι’
1083 5025 1160 5083 ὧν
1199 5031 1407 5092 ἐκεῖνος
1455 5028 1622 5099 συλᾷν
1653 5026 1813 5081 εἴωθε
1847 5028 1945 5089 τὰς

350 5123 763 5191 ἀγενεστέρους
819 5120 1036 5192 ψυχὰς,
1087 5118 1386 5174 κάντεῦθεν
1442 5120 1544 5174 οὐκ
1598 5118 1730 5189 ὄναρ
1785 5116 1947 5187 μόνον

351 5217 454 5272 διὰ
502 5215 596 5270 τοῦ
645 5212 1017 5286 φανταστικοῦ
1071 5210 1409 5284 πνεΰματος,
1447 5210 1475 5262 ὃ
1527 5211 1719 5281 νοερᾶς
1759 5211 1946 5280 ὄχημα

351 5312 540 5382 ψυχῆς
599 5311 634 5378 ἡ
703 5308 994 5377 φιλοσοφία
1062 5304 1234 5375 φησὶ,
1293 5302 1584 5372 θειοτέρων
1653 5302 1944 5370 θεαμάτων

355 5403 670 5475 ἠξιωμένον
701 5404 796 5456 καὶ
835 5400 1187 5472 προηγμένον
1216 5398 1310 5451 ἐπὶ
1341 5397 1402 5450 το
1427 5396 1663 5468 βέλτιον,
1700 5392 1817 5449 ἀλλ’
1842 5392 1946 5464 ήδη

359 5498 459 5550 καὶ
483 5496 583 5565 τῆς
606 5494 911 5563 φαντασίας
955 5492 1128 5564 αὐτῆς
1170 5487 1591 5561 ὑπερκύψαντα,
1619 5487 1712 5539 καὶ
1740 5486 1808 5554 τῇ
1837 5482 1947 5535 τῶν

357 5586 547 5641 ἑώλων
590 5587 780 5656 ἐπαφῇ
842 5583 1103 5654 καθαρῶς
1149 5579 1606 5656 προσχωροῦντα,
1658 5578 1754 5631 καὶ
1813 5574 1945 5627 θαυ-

364 5678 596 5751 μαστῶς
651 5676 1049 5749 φωτιζόμενον,
1104 5677 1133 5730 ὃ
1182 5693 1317 5747 φησι
1371 5673 1535 5727 Δαδὶδ
1612 5669 1719 5724 ἀπὸ
1772 5668 1945 5737 ὀρέων

441 5859 460 5886 ⁸
498 5857 635 5911 l‘sal.
664 5869 875 5909 uxxm
900 5893 913 5916 ,
950 5853 980 5906 6

2058 3289 2286 3333 vocatus
2316 3289 2463 3334 esset
2493 3278 2798 3349 intelligens
2822 3319 2838 3343 ,
2891 3277 3139 3332 utanihus
3179 3276 3514 3347 pedibusque
3536 3316 3550 3340 ,
3586 3293 3644 3334 ut

2057 3372 2405 3441 proverbium
2436 3371 2622 3435 habet,
2653 3385 2719 3425 eo
2751 3369 2877 3425 festi
2904 3370 3053 3424 .avit.
3090 3366 3147 3422 Id
3175 3383 3305 3424 vero
3336 3377 3455 3422 erat
3478 3409 3492 3433 ,
3529 3382 3637 3422 non

2056 3462 2357 3531 amplitudo
2387 3466 2692 3528 donorum;
2745 3461 2922 3525 absit,
2958 3460 3151 3513 horum
3199 3473 3434 3527 namque
3476 3461 3634 3525 cupi-

2054 3553 2181 3607 dine
2201 3567 2477 3622 nunquam
2509 3562 2697 3619 captus
2722 3549 2824 3603 fuit
2852 3565 3084 3617 magnus
3112 3548 3202 3603 ille
3229 3549 3345 3613 vir;
3370 3551 3628 3618 quoniam

2059 3642 2185 3695 talia
2233 3641 2340 3696 illis
2372 3642 2462 3709 qui
2499 3642 2802 3696 solitariam
2843 3638 3005 3692 vitam
3042 3647 3351 3692 statuerunt
3387 3639 3632 3708 aggredi,

2056 3732 2200 3786 haud
2266 3733 2443 3801 magni
2499 3731 2744 3787 facienda
2783 3744 2924 3795 esse,
2964 3727 3098 3781 nihil
3128 3727 3323 3780 attinet
3366 3728 3661 3782 declarari,

2052 3825 2302 3878 oratione
2334 3833 2567 3877 nostra:
2622 3836 2812 3875 verum
2869 3834 2934 3872 eo
2988 3817 3267 3871 l'estinavit
3325 3826 3384 3869 ut
3444 3816 3638 3884 gratia:

2055 3916 2322 3983 prieberet
2348 3914 2553 3979 locum,
2588 3923 2641 3966 ut
2666 3910 2984 3965 interiorem
3028 3907 3223 3977 poliret
3250 3905 3551 3965 hominem,
3578 3914 3636 3957 ut

2046 4011 2201 4079 juxta
2261 4016 2585 4078 prototypon
2641 4018 2800 4058 sumu
2852 4002 2953 4057 rite
2985 4000 3304 4056 eﬂ'ormarel
3353 3997 3636 4066 antiquum

2053 4103 2182 4159 illud
2209 4111 2265 4157 et
2308 4101 2399 4156 vix
2448 4095 2750 4168 reparabile
2800 4094 2965 4147 animi
2999 4094 3186 4147 decus.
3228 4091 3524 4145 Enimvero
3559 4091 3638 4140 sie

2052 4199 2145 4252 ille
2198 4196 2478 4258 incitatas,
2539 4189 2919 4250 ascensioues,
2975 4185 3273 4239 secundum
3333 4181 3639 4235 I’salmisltu

2052 4287 2257 4341 dictum
2284 4284 2329 4349 ',
2398 4283 2450 4335 in
2508 4279 2675 4335 corde
2725 4292 2825 4331 suo
2851 4273 3192 4342 disponebat.
3232 4272 3301 4324 At
3350 4285 3480 4323 vero
3511 4270 3637 4337 quid

2053 4392 2247 4450 parens
2275 4374 2514 4438 invidiae,
2548 4371 2740 4440 plenus
2770 4368 2876 4422 doli
2906 4406 2920 4429 ,
2954 4366 3134 4421 omnis
3189 4362 3316 4418 boni
3354 4362 3640 4415 ultroneus

2060 4475 2329 4535 desertor,
2386 4464 2564 4521 omnis
2613 4461 2737 4516 mall
2800 4461 2994 4514 artifex
3048 4468 3141 4510 aut
3197 4466 3479 4523 palmulis,
3533 4454 3641 4506 ἱιιιυ

1988 4536 2031 4591 D
2061 4574 2351 4631 utrumque
2386 4557 2588 4617 simul;
2622 4554 2712 4608 ille
2748 4553 2958 4623 primus
2992 4549 3083 4603 Dei
3116 4549 3400 4606 desertor,
3436 4545 3643 4613 quique

2054 4655 2230 4725 primo
2272 4650 2502 4713 homini,
2541 4657 2600 4701 ttt
2656 4656 2710 4700 et
2760 4646 2874 4713 ipse
2910 4642 3077 4694 Deum
3122 4642 3420 4696 desereret,
3451 4648 3644 4688 nttt‘tot'

2051 4745 2185 4813 fuit;
2222 4742 2349 4813 quid
2378 4740 2468 4794 ille
2503 4731 2887 4792 machinatur?
2913 4728 3194 4796 Quomodo
3248 4741 3308 4782 se
3344 4726 3486 4793 gerit
3543 4729 3641 4776 ad-

2052 4854 2245 4894 versus
2289 4836 2525 4889 animam
2558 4827 2730 4902 justi?
2758 4825 2994 4893 Maligna
3042 4821 3299 4890 quidem;
3335 4818 3429 4873 sed
3454 4828 3636 4872 tamen

2056 4928 2434 4985 moderatione
2485 4938 2546 4978 se
2593 4920 2758 4991 digna
2808 4932 2960 4971 usus.
2992 4913 3353 4983 Conspiciens
3409 4925 3644 4978 namque

2057 5026 2228 5075 virum
2254 5030 2403 5073 extra
2436 5015 2527 5071 teli
2565 5014 2797 5085 jactum,
2833 5016 2895 5064 ut
2930 5006 3202 5077 loquimur
3226 5046 3241 5071 ,
3276 5004 3510 5073 positum
3542 5017 3636 5069 per

2056 5114 2368 5183 fugamqua
2407 5108 2665 5163 mundum
2715 5114 2770 5159 et
2814 5116 2937 5173 quae
2966 5101 3021 5155 in
3056 5097 3258 5153 mundo
3287 5107 3414 5150 sunt
3451 5094 3637 5158 volup-

2056 5214 2220 5266 tates,
2254 5202 2451 5271 quibus
2485 5195 2757 5265 maliguus
2794 5192 2882 5247 ille
2919 5202 3202 5260 ‘encrvare
3242 5184 3527 5240 consuevit
3550 5183 3642 5235 de-

2055 5311 2285 5367 generes
2345 5293 2580 5353 animas,
2643 5285 3045 5355 dereliquerat;
3109 5290 3271 5350 atque
3346 5278 3475 5331 hinc
3531 5288 3638 5329 non

2058 5389 2217 5445 modo
2275 5387 2325 5440 in
2361 5383 2566 5439 somnis
2624 5398 2717 5451 per
2779 5379 3130 5448 izuaginarios
3188 5373 3410 5441 spiritus
3481 5369 3641 5436 (quos

2056 5480 2399 5553 philosophia
2431 5476 2626 5530 animze
2658 5473 2945 5529 rationalis
3004 5466 3306 5522 vehiculum
3339 5460 3516 5530 vocat)
3559 5461 3641 5513 di-

2057 5574 2197 5627 vinis
2253 5568 2560 5626 visionibus
2628 5568 2929 5636 diguatum,
2983 5561 3156 5627 iisque
3206 5557 3270 5609 ad
3320 5553 3638 5624 prmi-larunt

2057 5667 2314 5722 virtutem
2344 5674 2692 5731 progressum
2728 5670 2888 5720 esse;
2928 5665 3113 5705 verum
3142 5649 3251 5718 iam
3289 5647 3460 5716 ipsam
3498 5660 3635 5710 qum
