3988 6464
510 398 652 471 1015

1751 410 2137 475 GREGORII
2180 417 2502 481 PALAME

3621 436 3734 516 to;6

502 545 612 607 que
637 530 965 604 imaginandi
992 527 1299 586 facultatem
1354 536 1791 598 snpergressum,
1847 526 1914 581 ad
1970 526 2067 580 cla-

2183 530 2445 623 αίωνίων,
2488 538 2585 589 καὶ
2627 536 2702 605 τῷ
2753 532 2872 608 ὄρει
2930 540 3105 613 τούτῳ
3160 538 3259 616 τῆς
3306 547 3495 621 αἴγλης
3548 555 3731 623 μεταδι-

506 643 623 681 ram
685 640 896 691 eorum,
950 630 1070 693 quae
1132 619 1357 675 materia
1389 618 1536 673 nulla
1571 625 1847 684 constant,
1887 617 2087 672 intelli-

502 716 739 787 gentiam
805 714 1165 785 pervenisse;
1224 728 1287 765 ac
1352 709 1676 766 mirabiliter
1728 724 1757 763 a
1806 709 2084 765 montibus

501 809 742 873 a-ternis,
773 806 917 877 quod
948 804 1021 859 ait
1047 803 1216 857 David
1239 802 1280 867 ³,
1314 802 1714 867 illuminatum,
1752 801 1883 855 huic
1916 801 2080 856 etiam

500 901 667 955 monti
724 898 1066 966 splendorem
1113 896 1332 949 luminis
1396 893 1786 963 impertivisse,
1834 892 2081 962 depulsis

500 984 646 1054 inde,
702 986 846 1058 quod
890 987 1043 1055 prius
1098 985 1213 1054 ipse
1248 984 1460 1049 fuerat,
1495 982 1776 1050 tenebris;
1810 983 1946 1048 haec,
2004 985 2086 1038 in-

497 1090 688 1149 quam,
722 1080 1065 1148 conSpiciens
1095 1078 1369 1146 malignus
1399 1076 1632 1140 daemon,
1663 1073 1805 1131 ferre
1842 1091 1947 1130 non
1982 1090 2082 1146 po-

496 1171 641 1236 tuit,
698 1170 1046 1227 intolerabile
1104 1172 1344 1236 ducens,
1382 1185 1447 1225 eo
1503 1168 1750 1236 Petrum,
1780 1170 2079 1224 etiamnum

495 1268 742 1336 corporis
771 1269 985 1322 sarcina
1035 1275 1340 1337 gravatum,
1370 1280 1435 1319 ex
1484 1265 1593 1319 imo
1616 1264 1885 1319 clevatmn
1917 1276 2078 1326 esse;

2189 621 2351 676 δόντα
2409 626 2504 677 τοῦ
2556 629 2756 696 φωτὸς,
2806 633 2899 683 καὶ
2950 630 3092 686 οὕτω
3152 636 3412 692 ποιοῦντα
3463 641 3519 695 τὸ
3551 621 3733 712 σκότος

2192 712 2502 785 ὑπερόριον,
2559 717 2698 789 ὅπερ
2744 714 2811 790 ἧν
2857 721 3119 793 ἄντικρυς
3169 727 3353 794 αὐτὸς,
3393 732 3487 801 οὐχ
3537 726 3637 799 οἷός
3682 756 3728 794 τε

2191 803 2381 875 φέρειν
2412 805 2714 878 ἐτύγχανεν
2762 810 2838 864 ῶν
2863 826 2876 841 °
2910 814 3018 865 τῶν
3053 815 3393 872 ἁνυποὶστων
3426 824 3727 896 ἡγούμενος·

2187 893 2313 948 ὃθεν
2360 897 2525 961 αὐτὸς
2578 900 2831 973 ἀπερρύη
2875 903 3230 986 κακοϐουλίᾳ,
3281 909 3373 964 τὸν
3415 893 3610 986 Πέτρον
3646 919 3729 973 κά-

2184 987 2358 1041 τωθεν
2399 989 2733 1062 ἀνηγμένον,
2766 991 2845 1046 ἔτι
2874 995 2968 1048 καὶ
3010 977 3192 1051 ἰδ’τοῦ
3228 1000 3481 1072 σώματος
3507 977 3729 1076 έφόλκιον

2182 1081 2554 1152 ἐπαγόμενον,
2599 1083 2795 1139 τοῦτον
2846 1087 2945 1156 μὲν
2988 1089 3087 1158 τῆς
3139 1089 3251 1145 ἀνω
3307 1097 3403 1149 καὶ
3451 1100 3728 1168 κρείττονος

2182 1168 2510 1244 ἐπειλῆφθαι
2544 1176 2786 1248 μερίδος,
2818 1179 3010 1253 ἐκείνῳ
3044 1182 3125 1249 δὲ,
3159 1186 3295 1256 μηδὲ
3320 1189 3451 1256 γοῦν
3483 1192 3577 1262 τῆς
3602 1194 3728 1248 κάτω

2181 1268 2564 1337 παραχωρεῖν.

496 1359 637 1413 unde
668 1359 782 1429 ipse
832 1361 1045 1415 consilii
1091 1360 1176 1414 sui
1219 1359 1556 1430 malgnltate
1595 1355 1877 1412 exciderat
1918 1371 1932 1409 :
1971 1354 2192 1411 Petrum
2224 1372 2516 1428 supernam
2544 1376 2609 1416 ac
2667 1363 2945 1420 meliorem
3014 1380 3227 1437 partem
3310 1371 3556 1444 adeptum
3609 1392 3711 1435 esse

491 1454 597 1509 sibi
625 1469 749 1508 vero
776 1470 843 1509 ne
877 1455 1119 1508 intimam
1166 1455 1385 1525 quidem
1426 1450 1686 1523 permitti.

559 1547 650 1601 ‘22.
689 1541 896 1602 'l‘alitcr
927 1548 1017 1602 ille
1069 1547 1268 1603 invidia
1320 1559 1604 1613 aestuans,
1658 1558 1863 1603 terrere
1918 1555 2081 1616 atque

494 1640 615 1701 loco
656 1646 860 1714 pellere
907 1655 1156 1700 Sanctum
1192 1645 1454 1700 violenter
1485 1644 1819 1712 aggreditur.
1857 1645 1934 1696 Ac
1964 1641 2076 1711 pri-

492 1754 612 1793 mus
641 1739 857 1808 quidem
923 1738 1157 1791 insultas
1180 1777 1197 1804 ,
1226 1752 1388 1806 quam
1443 1735 1704 1791 ridiculus
1724 1776 1738 1801 ,
1768 1735 1879 1788 imo
1911 1747 2073 1801 quam

490 1833 704 1902 ineptus
730 1831 743 1884 !
776 1831 829 1884 In
855 1832 1030 1884 virum
1070 1830 1269 1900 quippe
1323 1845 1487 1883 unum
1510 1870 1524 1894 ,
1554 1842 1789 1896 eumque
1819 1842 1925 1881 non
1956 1836 2075 1879 tan-

2255 1543 2363 1616 κβ¹.
2405 1539 2563 1598 Οὕτω
2602 1546 2659 1599 δὲ
2691 1549 2756 1617 τῇ
2801 1546 3077 1618 βασκανίᾳ
3109 1544 3400 1619 διατεθεὶς,
3429 1550 3727 1612 δεδίττεσθαί

2178 1655 2240 1691 τε
2294 1638 2388 1692 καὶ
2436 1637 2658 1703 ἐξωθεῖν
2697 1638 2890 1692 τοῦτον
2945 1641 3224 1713 ἐπεχείρει
3276 1647 3396 1708 ταῖς
3450 1648 3724 1717 ἐπηρεὶαις.

2178 1731 2290 1784 Καὶ
2323 1733 2355 1800 ἡ
2393 1730 2585 1801 πρώτη
2610 1731 2718 1783 τῶν
2759 1731 3062 1803 ἐπηρειῶν,
3086 1733 3160 1797 ὡς
3204 1736 3438 1803 γελοῖον,
3477 1740 3726 1808 μᾶλλονδὲ

2175 1823 2625 1891 καταγέλαστον;
2661 1823 2804 1895 Πρὸς
2835 1825 2931 1877 ἕνα
2962 1826 3092 1896 γὰρ,
3130 1832 3226 1882 καὶ
3258 1828 3448 1882 τοῦτον
3473 1831 3564 1900 οὐχ
3600 1834 3724 1894 ὅπως

493 1935 601 1978 tmn
634 1924 825 1988 armis,
860 1924 954 1979 sed
983 1923 1312 1978 necessariis
1349 1937 1567 1992 quoque
1604 1921 1943 1976 vestimentis
1977 1917 2067 1974 de-

2175 1917 2378 1980 ὃπλων,
2420 1916 2557 1971 ἀλλὰ
2599 1916 2664 1988 δὴ
2711 1917 2941 1970 καὶτῶν
2971 1918 3292 1985 ἀναγκαίων
3337 1922 3725 1994 περικαλνμμὰ-

488 2012 765 2080 stitutum,
795 2016 1004 2071 diutina
1044 2015 1353 2071 confectum
1404 2015 1580 2070 inedia
1606 2057 1621 2082 ,
1659 2029 1863 2085 perque
1893 2012 2071 2069 varias

487 2106 873 2161 afﬂictationcs
908 2105 1169 2161 membris
1219 2106 1476 2160 omnibus
1523 2104 1911 2159 miserabiliter
1942 2117 2072 2158 cou-

490 2199 855 2253 tabescentem
886 2198 978 2264 ;in
1013 2213 1205 2263 unum,
1236 2197 1478 2267 inquam,
1513 2197 1742 2262 nudum,
1781 2195 2067 2260 inermem,

486 2290 743 2355 debilem,
775 2290 887 2358 ipse
913 2286 1066 2346 ducis
1097 2290 1327 2346 formam
1362 2298 1523 2360 atque
1549 2290 1795 2346 habitum
1827 2290 2066 2353 indutus,

485 2383 890 2453 sagittariorum
922 2395 1156 2437 turmam
1211 2398 1393 2439 secum
1429 2383 1651 2437 trahere
1687 2383 1851 2447 VTsus,
1876 2383 2069 2436 incon-

485 2473 616 2528 ditis
665 2475 1153 2531 vociferatioiiibtts
1205 2474 1651 2545 clamoribusque
1715 2488 2065 2544 personans,

485 2564 633 2618 ferox
668 2565 925 2636 impetum
957 2568 1129 2630 facit;
1158 2567 1323 2638 inque
1375 2582 1623 2637 specum,
1652 2567 1739 2620 tibi
1770 2575 1901 2619 tunc
1935 2575 2070 2619 tem-

482 2657 633 2725 poris
686 2658 969 2715 habitabat
1001 2658 1258 2724 Sanctus,
1323 2674 1445 2715 sese
1480 2658 1662 2724 infert,
1697 2674 1761 2712 ac
1792 2659 1966 2726 ipsum
1999 2657 2068 2711 ad

481 2752 848 2806 conserendas
887 2768 1072 2807 secum
1130 2767 1323 2808 manus
1380 2763 1679 2822 provocat:
1711 2752 1843 2807 foris
1887 2757 2066 2807 autem

483 2840 690 2896 lanata
758 2844 1031 2898 sociorum
1062 2845 1259 2909 cohors
1322 2844 1509 2898 omnia
1558 2843 1668 2899 late
1721 2843 2067 2913 complebant

458 2931 749 3001 .fragore,
805 2934 1147 3003 praegrandia
1198 2949 1318 3004 quae
1369 2934 1577 2989 circum
1625 2934 1882 3004 iacebant
1933 2946 2066 2990 saxa

481 3023 625 3078 inter
662 3040 721 3078 se
774 3025 1156 3093 collidebant;
1198 3028 1423 3081 arbores
1463 3040 1719 3096 quoque,
1772 3026 1908 3081 alias
1947 3026 2067 3097 qui-

482 3117 603 3171 dem
638 3118 901 3172 radit-itus
943 3119 1266 3183 evellebant,
1299 3118 1436 3174 alias
1462 3133 1589 3173 vero
1615 3117 2065 3189 confringebant;

482 3212 666 3265 υκιιὶἑι
720 3211 961 3280 denique
1011 3209 1175 3266 veluti
1210 3210 1473 3266 adversus
1510 3209 1826 3281 speluncam
1867 3211 2069 3267 maelii-

482 3300 783 3356 nabanlur.

551 3390 643 3448 25.
675 3387 776 3449 Ubi
810 3407 938 3448 vero
970 3408 1198 3464 magnus
1228 3392 1320 3449 ille
1348 3392 1449 3459 vir,
1492 3392 1691 3448 talibus
1723 3390 2062 3463 pavefactus,

479 3499 576 3554 per
627 3487 931 3542 orationem
994 3502 1054 3543 se
1104 3487 1171 3541 ad
1227 3484 1396 3542 Deum
1445 3502 1509 3541 ex
1552 3489 1737 3541 animo
1768 3486 2061 3550 convertit,

481 3579 788 3649 meritisque
840 3579 1026 3634 oculos
1073 3577 1140 3633 ad
1180 3593 1303 3634 eum
1339 3579 1476 3634 ﬁxos
1525 3579 1792 3645 intendit;
1824 3594 1892 3632 ne
1940 3593 2059 3631 mo-

483 3677 663 3725 mento
685 3669 905 3739 quidem
929 3669 1162 3738 amplius
1176 3671 1467 3739 persistere
1491 3668 1598 3723 illic
1621 3668 1805 3723 valens
1829 3683 2061 3738 tirquam

480 3764 604 3826 iste,
657 3762 919 3818 continuo
966 3761 1249 3833 disparuit.
1282 3759 1403 3816 Non
1448 3773 1635 3816 tamen
1661 3761 1751 3815 diu
1807 3770 1950 3830 post,
2009 3761 2062 3814 in

477 3860 758 3921 serpentes
788 3851 966 3907 denuo
997 3868 1057 3907 se
1087 3852 1204 3922 ipse
1243 3867 1364 3906 cum
1393 3860 1506 3906 toto
1531 3851 1773 3906 exercitu
1800 3865 1899 3905 suo
1931 3865 2065 3905 con-

481 3945 675 4011 vertit;
729 3945 907 4017 iisque
951 3945 1101 4015 ipse,
1156 3945 1426 4013 reptando
1467 3944 1815 4013 praecedens,
1871 3943 2063 3997 ducem

479 4038 774 4106 praestabat
801 4054 882 4107 se,
912 4037 1230 4106 neutiquam
1288 4033 1483 4091 similis
1534 4036 1677 4100 aliis,
1703 4044 1797 4089 aut
1849 4050 1907 4089 re
1947 4035 2065 4105 ipsa

475 4133 769 4195 exsistens,
804 4140 900 4185 aut
924 4145 1218 4200 apparens,
1250 4130 1342 4184 sed
1371 4129 1746 4196 magnitudine
1768 4129 2065 4184 immensus

476 4225 705 4292 visuque
728 4222 990 4277 terribilis
1018 4222 1309 4290 (referebat
1333 4221 1474 4275 enim
1505 4223 1650 4275 omni
1674 4237 1739 4276 ex
1766 4231 1919 4290 parte
1938 4221 2063 4275 dra-

479 4313 698 4383 conem)
749 4314 1067 4383 insurgebat
1094 4314 1169 4369 de
1215 4325 1399 4382 terra;
1454 4330 1516 4369 ac
1566 4312 1802 4370 sublime
1848 4316 2064 4384 erigens

479 4406 708 4470 collum,
742 4403 1027 4459 videbatur
1055 4420 1119 4459 ex
1180 4405 1356 4460 oculis
1395 4406 1661 4461 scintillas
1697 4406 1947 4467 vibrare,
1984 4405 2067 4458 in-

480 4496 621 4549 tiatis
658 4509 787 4548 vero
820 4493 1011 4549 buccis
1033 4495 1233 4564 passim
1268 4493 1517 4550 flammas
1552 4498 1793 4566 spirabat
1825 4536 1840 4561 ,
1870 4510 2063 4550 crueu.

2173 2022 2282 2062 των
2306 2007 2702 2079 ἐστερημένον,
2725 2011 2821 2062 καὶ
2844 2009 2922 2079 τῷ
2953 2009 3152 2081 μακρῷ
3173 2011 3276 2079 τῆς
3302 2013 3509 2077 ἀσιτίας
3537 2032 3725 2083 κατειρ-
3806 2014 3809 2021 “

2173 2103 2472 2169 γασμένον,
2506 2102 2600 2157 καὶ
2650 2100 2832 2172 δεινήν
2865 2119 2987 2157 τινα
3022 2102 3278 2172 σύντηξιν
3313 2104 3430 2169 ταῖς
3474 2108 3715 2169 ποικίλαις

2171 2193 2575 2262 ταλαιπωρίαις
2624 2194 2766 2248 κατά
2818 2192 2929 2248 πᾶν
2987 2195 3311 2251 ὑποστάντα
3371 2199 3545 2267 μέλος,
3601 2202 3712 2270 πρὸς

2171 2282 2523 2353 ἕνα-γυμνόν,
2581 2285 2808 2352 ἄοπλον,
2861 2288 3381 2359 ἐκνένευρισμένον,
3441 2288 3718 2362 στρατηγοῦ

2174 2378 2394 2447 μορφὴν
2426 2379 2589 2441 αὐτὸς
2625 2378 2723 2432 καὶ
2751 2377 2938 2449 σχῆμα
2973 2380 3466 2453 περιϐαλλόμενος,
3490 2383 3576 2436 καὶ
3601 2379 3721 2447 τοξο-

2169 2472 2282 2525 τῶν
2338 2470 2530 2540 ὥσπερ
2574 2471 2976 2544 ἐπισυρόμενος
3023 2473 3257 2543 πλῆθος,
3308 2475 3719 2546 πιρακελεύμασί

2169 2565 2383 2616 τεικαὶ
2441 2561 2590 2634 βοαῖς
2635 2563 2946 2634 χρώμενος,
3007 2564 3218 2635 θρασὺς
3288 2564 3475 2639 ἐπῄει*
3533 2566 3618 2622 καὶ
3669 2567 3717 2618 τὸ

2172 2656 2461 2726 σπήλαιον,
2482 2658 2510 2710 ὃ
2538 2658 2847 2727 τηνικαῦτα
2877 2660 2967 2711 τὸν
3001 2658 3157 2728 ᾶγιον
3186 2661 3548 2732 ὲνῳκισμένον
3577 2655 3711 2729 εἶχεν,

2170 2743 2377 2819 εἰσῄει,
2443 2744 2585 2817 πρὸς
2667 2750 2999 2819 συμπλοκὴν
3074 2751 3511 2823 ἐκκαλούμενοςο
3567 2752 3627 2804 τὰ
3671 2748 3715 2802 δξ

2169 2841 2330 2902 ἐκτὸς
2407 2840 2590 2893 πάντα
2664 2842 2898 2909 πατάγῳ
2974 2843 3403 2913 περιηχοῦντες,
3461 2844 3549 2897 καὶ
3610 2840 3711 2903 τοὺς

2169 2931 2499 3003 εὐμεγέθεις
2572 2931 2685 2986 τῶν
2756 2934 3191 3004 παρακειμένων
3264 2934 3427 2989 λίθων
3496 2933 3713 3002 ἀλλήλοις

2170 3027 2684 3097 προσαράσσαντις,
2718 3023 2954 3097 δένδρων
3003 3044 3062 3080 τε
3112 3029 3180 3080 τὰ
3225 3028 3329 3100 μὲν
3379 3025 3711 3086 ἀνασπῶντες,

2167 3118 2238 3170 τὲ
2278 3118 2336 3171 δὲ
2387 3117 2741 3185 διακλῶντες,
2772 3116 2935 3171 πάνθ’
2983 3116 3177 3189 ὥσπερ
3227 3119 3322 3172 ἐπὶ
3375 3118 3435 3170 τὸ
3483 3117 3712 3186 σπήλαιον

2170 3213 2205 3284 ή
2234 3212 2347 3266 τῶν
2375 3212 2594 3268 ὀπαδῶν
2624 3213 2835 3284 ματαία
2865 3213 3053 3280 εκείνη
3095 3213 3373 3268 σννεκίνει
3407 3203 3626 3279 φάλαγξ.

2240 3403 2348 3464 κγ’,
2393 3396 2483 3459 ἀς
2532 3395 2577 3448 δ’
2630 3396 2659 3448 ὁ
2713 3398 2893 3464 μέγας
2954 3397 3163 3459 ἐκεῖνος
3231 3395 3613 3453 ὑποδειλιάσαςι
3662 3391 3714 3441 ὲκ

2165 3486 2344 3561 ψυχῆς
2390 3483 2458 3541 δι’
2510 3487 2678 3558 εὐχῆς
2727 3484 2806 3558 τῷ
2855 3487 2975 3557 Θεῷ
3024 3488 3397 3560 προσέδραμε,
3431 3486 3517 3541 καὶ
3555 3481 3713 3552 νοερὸν

2166 3578 2358 3643 ἀτενὲς
2383 3580 2575 3648 ἀνέσχε
2610 3578 2747 3649 πρὸς
2790 3578 2955 3630 αὑτὸν
2987 3577 3175 3647 ὄμμα·
3215 3579 3354 3648 μηδὲ
3387 3577 3518 3647 πρὸς
3548 3571 3712 3645 μικρὸν

2169 3671 2516 3741 παραμένειν
2573 3668 2650 3721 ἐτ’
2702 3669 2844 3738 ἔχων
2903 3670 2931 3720 ό
2987 3669 3263 3739 πονηρὸς,
3327 3669 3530 3737 ἀφανὴς
3579 3662 3711 3722 εὐθὺς

2167 3763 2435 3830 ἐγεγόνει.
2463 3759 2600 3815 Μετ’
2622 3760 2684 3813 ού
2708 3760 2840 3813 πολὺ
2858 3758 2905 3812 δ’
2923 3754 3102 3824 αὖθις,
3126 3762 3205 3823 εἰς
3238 3756 3391 3830 ὄφεις
3422 3756 3712 3826 πανστρατεὶ

2172 3851 2518 3923 μεταϐαλὼν,
2556 3854 2745 3923 ἠγεῖτο
2774 3852 3073 3923 προὲρπων
3115 3853 3304 3918 αὐτὸς,
3333 3853 3393 3906 οὐ
3441 3849 3571 3907 κατὰ
3608 3843 3711 3905 τοὺς

2168 3945 2362 4008 ἀλλους
2389 3943 2466 3998 ὢν
2492 3943 2525 4015 ἢ
2562 3944 2910 4017 φαινόμενος,
2945 3942 3064 3997 ἀλλ’
3106 3945 3397 4016 ὑπερφυὴς
3424 3943 3483 3996 τὸ
3513 3936 3709 4012 μέγεθος

2171 4037 2265 4090 καὶ
2304 4036 2537 4109 φοΰερδς
2591 4037 2722 4090 ἰδεῖν
2772 4036 3052 4107 (δράκοντι
3109 4038 3216 4106 γὰρ
3279 4035 3514 4106 ἀτεχνῶς
3556 4024 3706 4100 ἐῴκει)

2167 4128 2482 4183 διανίστατό
2523 4144 2584 4181 τε
2628 4128 2814 4198 δῆθεν,
2844 4128 2942 4181 καὶ
2985 4129 3263 4195 μετέωρον
3305 4127 3501 4197 αὐχένα
3532 4122 3703 4190 φέρων.

2169 4221 2702 4293 ἀποσπινθηριὰζειν
2742 4221 2916 4274 ἐδόκει
2966 4220 3044 4291 τῷ
3091 4221 3384 4292 ὀφθαλμῷ,
3417 4217 3630 4286 γνάθους
3662 4209 3706 4261 δὲ

2170 4313 2361 4384 φυσῶν
2394 4313 2507 4384 πῦρ
2544 4314 2809 4384 ἄντικρυς
2837 4313 3010 4377 ἔπνει,
3039 4315 3132 4366 καὶ
3160 4314 3345 4383 φόνιον
3373 4311 3534 4365 ἐκίνει
3566 4302 3708 4374 γλῶτ·

2166 4423 2272 4459 ταν
2314 4405 2430 4459 ’τῶν
2471 4406 2700 4475 γενείων
2757 4406 2892 4459 πολὺ
2950 4406 3351 4477 προχεομένην,
3400 4406 3490 4456 καὶ
3534 4393 3706 4468 μεστὴν

2168 4498 2336 4553 οὖσαν
2370 4499 2402 4568 ἦ
2449 4499 2716 4554 δοκοῦσαν
2747 4498 2826 4552 ἰοῦ
2873 4499 3247 4567 θανατοφόρου
3270 4513 3285 4528 ’
3321 4496 3480 4567 ὁμόσε
3506 4491 3559 4545 δὲ
3590 4482 3706 4540 κατὰ

480 4601 588 4640 tam
622 4600 851 4641 movens
883 4586 1163 4657 linguam,
1197 4587 1358 4655 longe
1411 4588 1552 4642 ultra
1589 4597 1828 4641 mentum
1870 4595 2061 4642 exten-

2172 4596 2264 4649 τοῦ
2298 4594 2511 4664 Πέτρου
2546 4594 2762 4664 χωρῶν,
2793 4591 3078 4661 πόρρωθεν
3117 4588 3307 4655 ὥσπερ
3343 4591 3406 4659 τῇ
3440 4586 3529 4641 τοῦ
3570 4576 3706 4685 πνεύ-

475 4693 615 4741 sam,
645 4678 1011 4749 praesentique
1043 4693 1249 4735 veneno
1280 4690 1373 4733 aut
1404 4689 1702 4734 scatentem
1727 4687 1820 4732 aut
1847 4692 2059 4738 seatere

476 4771 665 4823 visam.
704 4770 931 4837 Quando
961 4785 1091 4826 vero
1143 4788 1267 4848 cum
1298 4764 1465 4826 Petro
1511 4772 1765 4841 congredi
1809 4773 2057 4839 parabat,

475 4863 692 4915 eminus
726 4861 1105 4928 minitabatur,
1159 4863 1295 4930 fore,
1330 4873 1387 4917 ut
1430 4864 1659 4932 spiritus
1717 4866 1800 4917 sui
1860 4867 2058 4935 impetu

479 4952 810 5018 impavidum
843 4954 1013 5006 virum
1049 4956 1326 5024 abriperet
1358 4954 1463 5008 sibi
1505 4956 1559 5010 in
1588 4959 1848 5027 pl'tntlttttt.

543 5047 632 5100 ει.
674 5045 882 5099 interea
922 5045 1113 5103 Petrus
1137 5066 1201 5103 ne
1235 5051 1452 5125 quidem
1481 5061 1705 5120 aspectu
1733 5048 2058 5119 dignabatur

476 5138 846 5192 adversarium
871 5154 884 5202 ;
912 5143 1270 5211 manibusque
1318 5140 1593 5198 indefesse
1632 5144 1684 5196 in
1718 5143 1916 5196 C(l‘lllltl
1952 5141 2064 5197 ele-

477 5233 638 5295 Vatis,
671 5233 1010 5297 Spiritualem
1042 5236 1305 5289 Anteiurb
1354 5237 1534 5289 denuo
1579 5234 1856 5304 superavit
1896 5246 2060 5302 atque

474 5325 704 5392 expulit,
748 5326 984 5381 velocius
1023 5329 1366 5382 recedentem
1407 5343 1566 5395 quam
1599 5339 1925 5383 accesserat.
1958 5327 2059 5384 Ca-

478 5420 660 5482 ptebat
690 5418 852 5471 etiam
892 5421 1176 5487 pmnitudo
1208 5418 1660 5473 scelestissimum
1690 5430 1851 5488 caput
1879 5458 1894 5482 ,
1931 5437 2053 5475 (-um

477 5510 658 5561 munia
693 5524 851 5564 secus
882 5510 1187 5575 evenirent,
1215 5520 1379 5579 atque
1411 5511 1525 5578 ipse
1551 5511 1843 5564 meditatus
1867 5513 2059 5567 fuerat.

483 5604 710 5676 Semper
749 5607 892 5661 enim
954 5607 1151 5677 pugtlis
1203 5607 1454 5675 generosi
1512 5619 1630 5659 acta
1687 5610 2061 5675 considerans,

478 5698 707 5767 ejusque
763 5699 1039 5753 inteusuni
1101 5714 1165 5753 ac
1240 5699 1524 5754 sublimem
1569 5700 1762 5755 orandi
1826 5705 2056 5758 modum

556 5882 574 5911 ‘
604 5881 744 5936 l‘cd.
773 5894 936 5944 uxr,
973 5876 1027 5931 ὃ.

2172 4705 2342 4758 ματος
2375 4686 2592 4759 ἠπείλει
2621 4686 2792 4757 ῥύμῃ,
2828 4685 2919 4737 τὸν
2951 4685 3227 4755 ἀπτόητον
3259 4685 3467 4735 ἐκεῖνον
3489 4669 3702 4742 ἀναρπά-

2170 4795 2287 4832 σειν
2315 4796 2373 4831 τε
2404 4777 2500 4830 καὶ
2528 4774 2894 4845 λαφύρεσθαι.

2243 5037 2341 5101 κδ’.
2380 5044 2488 5097 Τοῦ
2534 5040 2591 5096 δὲ
2630 5042 2768 5113 μηδὲ
2810 5044 2941 5114 πρὸς
2974 5042 3105 5095 θέαν
3136 5040 3268 5107 γοῦν
3314 5036 3447 5098 ὅλως
3473 5022 3702 5096 ἐπεστρῶ

2170 5141 2302 5209 φθαι
2333 5138 2631 5204 ἀξιοῦντος,
2654 5138 2889 5200 ἀκλινῶς
2914 5135 2972 5188 δὲ
3004 5134 3143 5206 πρὸς
3172 5130 3399 5203 οὐρανὸν
3423 5125 3517 5187 τὰς
3543 5120 3700 5209 xei???

2169 5232 2582 5303 ἀνατεταμένας
2641 5232 2881 5300 ἔχοντος,
2932 5231 2961 5282 ὁ
3015 5228 3207 5298 νοητὸς
3261 5224 3421 5278 πάλιν
3482 5217 3697 5282 Ἀμαληκ

2172 5330 2369 5399 ἡττᾶτο
2418 5331 2512 5379 καὶ
2560 5324 2950 5393 συνηλαύνετο,
2978 5324 3073 5375 καὶ
3101 5318 3395 5389 ταχύτερος
3414 5308 3477 5382 ἧν
3517 5309 3698 5398 ἀποχω-

2172 5424 2281 5492 ρῶν
2311 5421 2343 5490 ἢ
2374 5419 2670 5489 προσάγων
2692 5433 2706 5446 ·
2735 5415 3010 5485 ἐλάμϐανε
3055 5414 3113 5466 δὲ
3152 5412 3259 5480 ἀρα
3291 5408 3384 5460 καὶ
3432 5399 3698 5472 peritia-'0:

2160 5521 2251 5569 τὸν
2282 5514 2581 5582 ἀλάστορα,
2614 5510 2927 5581 τούναντίον
2952 5505 3154 5575 ᾶπανῆ
3185 5500 3440 5555 διενοεῖτο
3463 5492 3697 5582 διαπρατς

2174 5565 2241 5569 -.η
2286 5565 2315 5569 νὴ
2361 5565 2369 5567 -
2402 5565 2409 5566 κ
2492 5565 2502 5582 ι
2570 5565 2580 5574 -
2758 5565 2769 5581 κ
3143 5565 3154 5575 ’

2161 5608 2390 5674 τόζιενον
2415 5622 2426 5634 ·
2461 5605 2522 5656 τὸ
2549 5602 2659 5673 γὰρ
2711 5602 2799 5654 ἀεὶ
2857 5598 3087 5658 σύννους
3123 5594 3218 5647 τοῦ
3255 5586 3513 5659 γενν²ί⁰υ’
3543 5590 3621 5626 καὶ
3648 5565 3698 5677 Eb

2162 5703 2256 5768 τῆς
2292 5696 2456 5768 εὐχῆς
2485 5694 2736 5748 σύντῡνύν
2779 5708 2839 5744 τε
2888 5689 2979 5743 καὶ
3029 5684 3324 5757 μετάρσιον
3365 5668 3697 5747 xtl-1353‘“?
