3988 6482
480 371 620 437 iOlEl

1745 370 2128 432 GREGORII
2170 364 2492 430 PALAMxE

3537 362 3541 367 ’
3578 369 3695 434 Ῑυὲῠ

473 485 613 549 tlitu,
640 479 885 552 fugisse?
911 478 1216 549 prartulisse
1248 479 1314 535 iis
1345 480 1513 533 vitam
1543 479 1685 534 inter
1714 478 1861 534 feras
1886 496 2049 549 agen-

2167 478 2384 547 ιόχμας,
2422 474 2516 529 καὶ
2570 472 2785 546 ὑπέρχῃ
2839 475 2905 527 τὰ
2947 473 3204 527 νοσοποιᾶ
3254 476 3410 527 ταυτὶ
3462 479 3695 547 σπήλαια.

473 574 831 629 claruisaltus
875 573 1228 643 iuhospitales
1276 575 1610 629 oberrasse?
1651 587 1845 642 specus
1892 574 2058 627 hasce

474 669 772 725 valetudini
799 666 988 721 noxias
1016 665 1291 722 subiisse?
1342 666 1568 722 latibula
1603 664 1847 720 ferarum
1903 666 2057 719 inco-

477 763 642 816 luisse
691 770 742 813 et
790 758 1136 827 serpentibus
1186 758 1538 814 cohabitasse
1593 758 1920 813 venenatis?
1972 758 2054 811 An

475 854 739 923 inquies?
774 852 842 909 Ut
875 854 1173 907 sccundmu
1208 851 1378 907 Deum
1439 851 1689 918 religiose
1731 851 1929 905 vivam.
1989 852 2059 904 At

474 949 745 1013 quomodo
777 947 1050 1001 Abraham
1094 944 1343 1013 religiose
1395 946 1536 1000 inter
1593 944 1840 999 homines
1890 944 2054 997 vitam

475 1040 751 1096 instituit?
778 1039 902 1107 quid
946 1053 1111 1108 porro
1134 1038 1250 1105 ejus
1294 1046 1520 1105 nepotes
1556 1051 1620 1091 ac
1654 1035 1900 1105 posteri?
1928 1035 2057 1103 quid

474 1132 665 1196 etiam,
709 1130 754 1184 si
812 1130 885 1183 ita
928 1131 1027 1194 vis,
1063 1129 1303 1197 ejusdem
1341 1128 1599 1197 majores,
1647 1128 1735 1196 qui
1773 1127 2054 1182 lintrestam

473 1237 645 1279 Vitam
668 1224 1023 1292 voluptuariaa
1050 1223 1469 1294 praihabuertrut
1487 1240 1501 1277 :
1522 1220 1784 1290 nutuquid
1809 1220 1929 1275 illos
1949 1218 2059 1273 vita

476 1319 620 1372 inter
661 1316 912 1372 homines
956 1325 1080 1371 acta
1137 1315 1422 1384 corrupit?
1474 1312 1662 1369 Nonne
1706 1313 1872 1368 etiam
1929 1323 2058 1366 tunc

475 1407 681 1464 multos
742 1406 1057 1477 spectaculo
1100 1406 1197 1462 sui
1251 1406 1320 1460 ad
1391 1406 1646 1461 virtutem
1712 1402 2059 1459 allexerunt?

475 1499 667 1554 Nonne
715 1514 898 1554 coram
943 1498 1172 1554 testibus
1228 1498 1489 1568 prmclara
1531 1496 1779 1551 facinora
1821 1496 2055 1564 operati,

476 1590 832 1647 nihilominus
878 1591 1064 1645 invicti
1118 1591 1475 1659 perstiterunt
1523 1589 1845 1660 longissimo
1906 1598 2050 1641 tem-

474 1699 628 1754 pore,
660 1682 987 1738 desiderium
1021 1682 1321 1737 honestatis
1347 1682 1591 1735 omnium
1620 1680 1817 1734 animis
1848 1681 2053 1732 innuit-

476 1785 673 1841 teutes,
710 1784 873 1843 atque
899 1778 1042 1842 apud
1091 1775 1237 1842 ipsos
1296 1774 1413 1827 zelo
1446 1787 1576 1827 suos
1610 1788 1705 1841 per
1751 1772 1948 1827 saecula
1977 1773 2055 1825 vi-

475 1876 683 1936 gentes.
734 1865 1026 1920 immortali
1078 1864 1322 1935 quotidie
1352 1865 1705 1920 successione
1732 1864 2052 1929 etiamnum,

477 1971 575 2008 nec
606 1953 757 2009 senio
789 1970 889 2009 nec
943 1965 1117 2007 morte
1146 1954 1392 2020 subacti,
1426 1953 1766 2023 perennant?
1788 1953 1865 2007 Tu
1927 1970 2055 2008 vero

474 2048 595 2100 sine
617 2046 837 2101 arbitris
868 2045 959 2100 hic
994 2047 1158 2100 vitam
1198 2044 1378 2108 ﬁnies,
1438 2044 1920 2100 exercitationibus
1951 2046 2058 2099 tuis

476 2138 613 2192 nihil
647 2137 1040 2208 propemodum
1087 2137 1204 2204 tibi,
1237 2138 1373 2191 nihil
1406 2146 1587 2192 autem
1641 2136 1868 2191 omnino
1908 2139 2054 2201 aliis,

479 2247 579 2286 seu
624 2245 770 2284 nunc
824 2229 1178 2293 viventibus,
1233 2244 1327 2283 seu
1387 2229 1743 2295 imposteruut
1804 2229 2050 2293 victuris,

478 2317 749 2373 commodi
821 2316 1194 2371 al'l‘ereutibus.
1251 2315 1508 2383 Quisquis
1573 2317 1716 2370 enim
1795 2317 2054 2386 praeclare

480 2410 761 2478 quidpiam
787 2407 1087 2478 operatur,
1122 2406 1364 2477 illudque
1392 2409 1447 2461 in
1479 2410 1651 2462 lucem
1684 2423 1793 2462 non
1822 2410 2051 2478 profert,

472 2502 627 2573 juxta
665 2501 867 2555 dictum
892 2499 1303 2568 evangelicum,
1343 2515 1361 2549 ‹
1403 2496 1609 2554 Luceat
1636 2499 1727 2553 lux
1764 2512 1942 2554 vestra
1962 2515 2059 2557 co-

478 2610 594 2649 ram
653 2592 1042 2658 homiuihus‘;
1079 2611 1098 2643 ι
1163 2592 1389 2662 perinde
1446 2606 1512 2646 ac
1541 2591 1588 2647 si
1629 2602 1886 2662 operatus
1942 2610 2056 2651 non

478 2685 698 2753 fuisset,
732 2685 865 2739 nihil
896 2683 1110 2754 prolicit
1135 2724 1151 2745 .
1188 2682 1459 2737 neminem
1487 2686 1698 2739 excitat
1726 2683 1795 2741 ad
1831 2684 2056 2741 imitan-

2164 572 2259 622 καὶ
2331 567 2661 637 γειτνιάζεις
2729 568 3035 636 χηραμοῐς,
3093 567 3187 619 καὶ
3257 567 3543 641 συναυλίζῃ
3603 577 3697 637 τοῖς

2164 660 2433 724 ίοὸὁλοις;
2474 660 2614 730 ὑπὲρ
2658 659 2749 712 τοῦ
2799 659 2939 711 κατὰ
2991 657 3124 710 Θεὸν
3171 659 3278 728 ἄρα
3337 662 3494 727 φαίας
3533 663 3698 732 βιοῦν;

2158 754 2272 809 Καὶ
2302 752 2420 817 πῶς
2461 752 2713 822 Ἀϐραὰμ
2756 750 3024 819 θεοφιλῶς
3047 751 3243 822 ἤνυσεν
3295 751 3381 804 ἐπ’
3426 754 3702 824 ἀνθρώπων

2159 847 2250 900 τὸν
2277 846 2422 916 βίον;
2453 849 2506 900 τί
2530 848 2585 899 δὲ
2615 846 2710 898 καὶ
2740 847 2866 908 τοὺς
2898 845 2994 897 ἀπ’
3030 844 3197 899 αὐτοῦ
3246 864 3305 897 τε
3350 847 3443 898 καὶ
3481 848 3591 915 μετ’
3620 850 3701 900 αὑ-

2159 939 2278 1004 τόν;
2312 939 2359 993 εί
2402 938 2459 993 δὲ
2510 937 2688 1009 βούλει
2750 938 2844 990 καὶ
2904 937 3033 1001 τοὺς
3085 934 3192 1008 πρὸ
3239 936 3427 1002 αὑτοῦ,
3479 937 3535 990 τὸ
3582 942 3701 992 κατὰ

2161 1028 2292 1083 Θεὸν
2344 1029 2444 1098 ζῇν
2492 1029 2586 1082 τοῦ
2619 1029 2744 1083 καθ’
2805 1028 3000 1099 ἡδονὴν
3052 1025 3470 1097 προελομένους,
3519 1031 3552 1096 ἡ
3603 1030 3703 1098 μετ’

2159 1121 2466 1192 ἀνθρώπων
2519 1121 2825 1191 ὲλυμῄνατο
2873 1121 3086 1186 arma;
3121 1121 3275 1187 οὐχί⁸
3307 1122 3400 1173 καὶ
3446 1121 3559 1173 τότε
3596 1123 3705 1173 1:97.-

2159 1213 2285 1277 λοὺς
2328 1215 2546 1284 ὲπῇραν
2590 1205 2658 1286 τῇ
2709 1215 2805 1283 θέᾳ
2855 1215 2992 1283 προς
3043 1214 3269 1285 ἀρετὴν,
3300 1216 3396 1266 καὶ
3448 1214 3703 1285 μάρτυρας

2160 1306 2581 1375 παραλαὸόντες
2625 1305 2736 1360 τῶν
2786 1306 2969 1371 καλῶς
2996 1308 3417 1378 ἠγωνισμένων,
3448 1306 3706 1375 ἀκαταγώ-

2160 1416 2330 1452 νιστοι
2377 1399 2660 1470 διέμειναν
2693 1398 2770 1470 τῷ
2815 1399 2912 1452 τοῦ
2963 1401 3160 1471 χρόνου
3211 1401 3398 1470 μήκει,
3430 1399 3519 1453 τοῦ
3564 1400 3705 1454 καλοῦ

2159 1493 2329 1545 πᾶσιν
2362 1491 2604 1565 ἐνιέντες
2663 1492 2850 1557 πόθον,
2881 1494 2976 1547 καὶ
3028 1492 3107 1561 τῷ
3155 1492 3292 1563 πρὸς
3351 1492 3542 1554 αὐτοὺς
3587 1491 3706 1562 ζήλῳ

2157 1585 2227 1639 δι’
2249 1585 2447 1651 αἰῶνος
2476 1584 2783 1651 νεάζοντες,
2811 1587 3104 1649 ἀθανάτοις
3135 1587 3412 1657 ὁσημέραι
3439 1585 3702 1655 διαδοχαῖς,

2157 1678 2383 1747 ἀγήρως
2411 1676 2688 1731 κάνταῦθα
2728 1678 2822 1732 καὶ
2862 1678 3121 1731 ἀθάνατοι
3153 1677 3508 1748 διαμένουσι;
3546 1676 3610 1729 Σὺ
3638 1676 3703 1738 δὲ,

2159 1773 2481 1841 ἀμάρτυρον
2518 1773 2757 1826 ἐνταῦθα
2791 1772 3122 1835 καταλύσεις
3164 1771 3258 1824 τὸν
3293 1771 3431 1841 βίον,
3468 1771 3559 1824 καὶ
3591 1770 3705 1837 πρὸς

2158 1863 2309 1915 οὐδέν
2337 1880 2419 1915 σοι
2460 1864 2603 1916 πάνυ
2650 1865 2926 1933 χρήσιμον
2959 1863 3015 1916 αἱ
3049 1864 3286 1916 σπουδαὶ
3330 1864 3704 1929 τελευτήσουσί,

2164 1954 2394 2023 μηδενὸς
2426 1954 2607 2009 αὐτῶν
2641 1956 3025 2025 ἀπωναμένου-
3044 1955 3152 2008 τῶν
3176 1954 3297 2017 νῦν,
3329 1956 3361 2024 ἢ
3388 1952 3492 2007 τῶν
3523 1954 3708 2006 ἔπειτα.

2162 2047 2278 2110 Πᾶς
2324 2046 2434 2116 γὰρ
2480 2049 2508 2100 ὁ
2561 2046 2919 2117 καταπράξας
2966 2067 3017 2101 τι
3060 2047 3167 2101 τῶν
3218 2047 3477 2117 ἀρίστων,
3522 2045 3606 2098 καὶ
3645 2044 3705 2113 μὴ

2160 2138 2306 2192 τοῦτ’
2352 2143 2431 2203 εἰς
2474 2142 2589 2210 φῶς
2616 2140 2858 2209 ἐνεγκὼν
2898 2141 3039 2194 κατὰ
3078 2142 3177 2211 τὴν
3209 2140 3562 2204 θεσπίζουσαν
3587 2136 3707 2189 ὲκεί-

2162 2249 2263 2302 νην
2319 2235 2526 2303 φωνὴν,
2566 2254 2584 2286 ί
2640 2234 3000 2305 Ἐμπροσθεν
3056 2236 3167 2289 τῶν
3224 2235 3526 2306 ἀνθρώπων
3579 2228 3707 2300 ὑμῶν

2162 2324 2434 2395 λαμψάτω
2481 2326 2617 2395 φῶς,
2674 2345 2692 2378 ι
2748 2329 2807 2379 ὲν
2862 2328 2955 2383 ῐσα
3006 2328 3101 2380 καὶ
3157 2329 3207 2380 εί
3257 2329 3333 2397 μὴ
3381 2323 3705 2394 κατέπραξενν

2165 2418 2321 2471 οὐδὲν
2355 2418 2597 2486 ὀνίνησιν
2620 2435 2634 2450 ο
2667 2419 2780 2472 οὐδ’
2815 2420 3098 2490 ἐπεγείρει
3138 2419 3279 2487 πρὸς
3326 2419 3486 2488 ζῆλον
3526 2415 3706 2478 οὗδέναο

2166 2509 2263 2562 καὶ
2302 2506 2491 2579 ζημιοῖ
2539 2510 2667 2573 τοὺς
2714 2511 2970 2564 ἐντεῦθεν
3010 2511 3307 2581 ἐσομένους
3357 2509 3604 2580 βελτίους,
3631 2504 3709 2556 xal.

2163 2598 2304 2652 τίσει
2360 2602 2533 2673 δήπου
2584 2607 2906 2674 πρεπόντως
2958 2605 3058 2676 τὴν
3114 2606 3278 2677 δίκην
3330 2606 3422 2657 ἐπὶ
3464 2600 3553 2656 τοῦ
3604 2598 3707 2669 μέλ-

2162 2690 2374 2756 λοντος.

478 2783 605 2836 dum
630 2797 647 2845 ;
693 2789 939 2849 posteros
962 2793 1091 2833 vero
1123 2777 1350 2834 honeste
1370 2775 1619 2834 victuros
1639 2776 1837 2834 damno
1866 2778 2051 2850 allicit,
2094 2796 2158 2837 ac
2185 2797 2472 2856 propterea
2498 2788 2713 2845 debitas
2750 2789 3042 2860 aliquando
3067 2830 3081 2854 ,
3122 2800 3182 2846 ιιι
3210 2807 3309 2860 par
3374 2802 3477 2857 εει,
3555 2800 3707 2858 pagunt

479 2873 773 2946 persolvet.

552 2971 642 3028 27.
674 2969 827 3036 Quod
854 2969 899 3024 si
924 2979 1104 3034 putes,
1132 2969 1315 3025 vivere
1363 2977 1416 3026 te
1445 2969 1806 3028 conformiter
1832 2972 1935 3043 legi
1971 2989 2067 3029 ηοε-

479 3080 562 3117 va:
589 3063 778 3131 gratiae
804 3100 819 3124 ,
851 3075 1023 3130 eaque
1053 3059 1284 3117 fortasse
1306 3059 1362 3116 in
1393 3062 1671 3132 proposito
1691 3064 2062 3129 conﬁrmatus,

2243 2974 2345 3038 κζ’.
2380 2975 2443 3028 Ei
2466 2973 2523 3027 δὲ
2551 2973 2776 3045 θεσμοῖς
2805 2975 2985 3045 δοκεῖς
3008 2976 3182 3029 εἴκειν
3218 2975 3320 3047 τῆς
3349 2976 3474 3039 νέας
3502 2975 3705 3046 χάριτος.

2171 3067 2266 3118 καὶ
2317 3064 2533 3127 τούτοις
2587 3065 2719 3127 ἴσως
2773 3066 3051 3138 στηρίζων
3097 3067 3303 3121 σαυτὸν
3352 3067 3449 3138 τὴν
3491 3065 3708 3119 ἐπάνοδον

482 3153 718 3209 reditum
774 3152 871 3208 tibi
902 3151 1236 3218 interdieas;
1286 3167 1390 3223 ego
1435 3167 1502 3207 ex
1542 3154 1643 3208 hac
1671 3167 1891 3225 quoque
1920 3154 2057 3226 lege,

2172 3153 2578 3223 ἀπαγορεύεις’
2609 3145 2723 3223 ἐγώ
2776 3171 2859 3209 σοι
2911 3158 3007 3211 καὶ
3038 3157 3145 3210 ἀπὸ
3185 3157 3391 3211 τούτων
3419 3155 3707 3228 παροίσομαι

481 3246 613 3311 quid
643 3244 897 3313 expediat
927 3243 1020 3298 tibi
1050 3242 1106 3297 in
1141 3243 1378 3299 medium
1399 3242 1700 3313 proferam,
1720 3251 1776 3298 et
1805 3245 2069 3314 expositae

482 3338 645 3394 modo
678 3336 966 3393 sententia:
996 3336 1313 3392 monstrabo
1361 3336 1695 3401 utilitatem;
1728 3335 1930 3405 quippe
1974 3336 2068 3405 qui

481 3445 592 3486 non
626 3437 876 3485 recenter
903 3427 958 3483 in
991 3427 1212 3483 domum
1250 3436 1398 3483 tuam
1427 3426 1700 3483 admissus
1739 3427 1840 3481 sim
1866 3469 1886 3494 ,
1917 3428 2010 3483 sed
2038 3443 2067 3481 a

483 3517 823 3589 temporibus
854 3517 1124 3588 majorum
1156 3530 1373 3572 tuorum
1421 3518 1564 3572 inter
1594 3516 1940 3575 fidelissimos
1973 3518 2069 3574 tibi

485 3612 716 3667 l‘anrulos
741 3609 1000 3676 serviam,
1035 3609 1403 3677 ardenterque
1435 3616 1489 3664 te
1537 3623 1713 3663 autem
1740 3649 1754 3672 ,
1790 3624 1853 3666 ac
1882 3626 2068 3665 rerum

485 3718 696 3761 tuarum
724 3714 990 3775 satagam.
1024 3703 1139 3774 Age
1184 3702 1351 3774 igitur
1372 3739 1388 3766 ,
1433 3701 1504 3755 mi
1531 3701 1681 3766 here,
1712 3696 1823 3765 die,
1849 3702 2067 3757 cuinam

487 3810 706 3855 tuorum
733 3808 859 3853 tuus
908 3797 1002 3852 hic
1058 3795 1275 3851 vivendi
1327 3793 1521 3851 modus
1551 3793 1757 3864 placet?
1791 3795 2070 3865 quomodo

484 3904 594 3947 non
629 3905 890 3962 spernere
917 3888 1228 3946 censendus
1253 3902 1313 3944 es
1340 3889 1657 3944 mandatum
1677 3889 1860 3955 illud,t
1894 3889 2072 3945 Unus-

482 3985 716 4054 quisque
749 3983 959 4052 placeat
989 3981 1242 4052 proximo
1274 3996 1374 4036 suo
1396 3980 1453 4034 '?
1490 3998 1508 4032 ι
1544 3980 1663 4048 Quo
1712 3994 1873 4051 pacto
1903 3982 2067 4036 etiam

483 4077 778 4149 persuades
832 4075 952 4141 tibi,
988 4084 1040 4131 te
1069 4075 1179 4130 Deo
1231 4074 1320 4129 hic
1348 4085 1569 4144 gratum
1602 4082 1862 4143 praestare
1908 4077 2070 4130 obse-

480 4172 700 4241 quium,
733 4169 825 4239 qui
858 4184 979 4240 qua:
1014 4178 1106 4223 tua
1137 4166 1306 4222 solius
1345 4174 1477 4221 sunt
1506 4165 1594 4222 hic
1621 4167 1843 4237 quieris,
1875 4158 2070 4224 inime-

487 4280 605 4319 tuor
632 4263 779 4318 illius
813 4279 827 4319 :
869 4278 888 4313 ε
927 4259 1097 4316 Nemo
1124 4260 1266 4329 quod
1295 4274 1478 4326 suum,
1515 4260 1607 4315 sed
1638 4260 1779 4329 quod
1819 4260 2070 4323 alterius.

483 4352 786 4424 quaerat“?
829 4370 849 4404 ι
905 4350 1080 4418 Quam
1136 4365 1263 4405 vero
1311 4350 1476 4405 etiam
1531 4351 1730 4407 aﬂ‘eras
1765 4351 2072 4409 excusatio-

2171 3246 2233 3298 τὸ
2265 3249 2532 3312 συνοῖσον,
2562 3247 2658 3300 καὶ
2697 3247 2859 3312 δείξω
2878 3248 2948 3302 ’τὸ
2975 3248 3258 3314 λυσιτελὲς
3289 3251 3354 3322 ἢν
3396 3250 3586 3321 ἀρτίως
3610 3247 3710 3317 ήκω

2170 3335 2400 3407 γνώμην
2470 3338 2939 3409 εῑοηγησόμενος,
2986 3341 3081 3394 ἅτε
3130 3342 3213 3413 μὴ
3264 3345 3578 3415 προσφάτως
3623 3341 3711 3392 εἱσ-

2171 3429 2510 3500 ῳκισμένος,
2558 3430 2674 3485 ἀλλ’
2705 3434 2772 3486 ἐκ
2799 3433 3084 3501 προγόνων
3147 3449 3234 3489 σοι
3281 3435 3449 3490 τελῶν
3501 3436 3574 3497 εἰς
3610 3431 3710 3491 τοὺς

2172 3522 2531 3586 πιστοτάτους
2577 3524 2687 3577 τῶν
2738 3524 2967 3589 δούλων,
3024 3527 3120 3578 καὶ
3177 3527 3465 3599 περικαῶς
3508 3525 3610 3589 πῶς
3659 3524 3711 3576 ἂν

2134 3632 2149 3645 ο
2171 3612 2349 3677 εἴποις
2377 3613 2471 3667 καὶ
2519 3614 2694 3683 φιλῶν
2728 3617 2825 3670 καὶ
2876 3617 3200 3686 κηδόμενος.
3238 3620 3375 3690 Φέρε
3406 3619 3576 3672 τοίνυν
3600 3613 3710 3683 φρά-

2174 3724 2287 3773 σον,
2317 3701 2362 3761 ὧ
2395 3708 2654 3773 δέσποτα,
2684 3709 2792 3763 τίνι
2814 3711 2924 3765 τῶν
2954 3711 3221 3765 ἁπάντων
3253 3714 3505 3783 ἀρέσκεις
3530 3707 3706 3765 ὲνθαδῐζ

2172 3798 2290 3862 πῶς
2312 3799 2357 3853 δ’
2382 3801 2504 3871 οὐχὶ
2529 3801 2630 3872 τῆς
2658 3803 2878 3872 ἐντολῆς
2906 3803 3301 3874 ὑπερφρονεῖς,
3332 3825 3350 3857 t
3379 3805 3625 3863 ’Ἕκαστος
3651 3795 3711 3865 τῷ

2173 3890 2402 3961 πλησίον
2449 3893 2728 3963 ἀρεσάτω,
2762 3912 2781 3945 3
2819 3894 3119 3965 λεγούσης;
3171 3897 3295 3958 πῶς
3318 3897 3372 3950 δὲ
3400 3897 3487 3950 καὶ
3525 3894 3593 3962 τῷ
3618 3890 3710 3956 Θεῷ

2176 3983 2374 4035 σαυτὸν
2409 3984 2648 4038 ἐνταῦθα
2701 3986 2910 4048 πείθεις
2944 3988 3232 4055 ἀρέσκειν,
3265 3989 3326 4042 τὸ
3366 3985 3556 4040 σαυτοῦ
3583 3983 3711 4054 μόνον

2174 4073 2390 4128 ἐνταῦθ’
2416 4075 2712 4146 ἐπιζητῶν,
2732 4076 2857 4146 μηδ’
2887 4078 3096 4131 ἐκείνου
3129 4079 3494 4149 μεμνημένος,
3521 4076 3588 4139 ὼς
3606 4092 3621 4123 ς
3640 4071 3709 4135 Μὴ

2173 4165 2236 4218 τὸ
2280 4166 2474 4220 ἑαυτοῦ
2509 4167 2914 4231 ἒκαστος,ἁλλά
2960 4168 3020 4221 τὺ
3068 4169 3164 4223 τοῦ
3225 4173 3412 4241 ἐτέρου
3441 4168 3647 4239 ζητείτω
3690 4179 3704 4212 I

2175 4257 2312 4311 Τίνα
2353 4258 2411 4311 δὲ
2457 4260 2552 4312 καὶ
2594 4261 2782 4329 σχοίης
2817 4259 2885 4313 ἂν
2922 4261 3248 4330 ἀπολογίαν,
3289 4265 3348 4316 ὲν
3390 4262 3554 4315 οὐδενὶ
3596 4256 3707 4309 τιθέ-

2177 4365 2361 4419 μενος,
2393 4350 2455 4403 ού
2490 4352 2652 4420 μόνον
2678 4353 2777 4420 τὴν
2809 4352 2920 4406 ἀπὸ
2967 4352 3062 4406 σοῦ
3097 4357 3213 4417 τοῖς
3251 4354 3571 4423 ἀνθρώποις,
3601 4346 3709 4401 ἀλλά

485 4462 615 4502 item
643 4445 787 4514 quod
818 4443 959 4499 nihil
991 4443 1308 4511 lacias,uon
1335 4442 1511 4499 solum
1533 4460 1695 4513 quam
1737 4454 1790 4497 tu
1819 4442 2062 4500 conferre

2177 4441 2271 4492 καὶ
2342 4441 2443 4510 τὴν
2496 4442 2593 4495 ἀπ’
2649 4444 2831 4496 αὐτῶν
2896 4447 3388 4516 ἀναστρεφομένην
3440 4444 3615 4510 ὥσπερ
3664 4439 3707 4488 ἐν

480 4538 612 4592 aliis
644 4550 829 4608 posses
852 4574 869 4601 ,
898 4536 991 4591 sed
1036 4535 1221 4601 etiam,
1263 4551 1382 4604 quae
1416 4536 1539 4591 inde
1565 4537 1631 4590 ad
1670 4546 1721 4590 te
1775 4536 1939 4590 veluti
1977 4552 2071 4605 per

479 4629 679 4685 urbem
716 4628 947 4693 rediret,
975 4627 1207 4683 salutem
1235 4667 1250 4691 ,
1288 4625 1448 4694 juxta
1483 4629 1628 4696 quod
1656 4627 1917 4695 scriptum
1949 4636 2068 4683 est:

491 4739 513 4773 ι
548 4718 648 4786 Qui
684 4719 870 4774 educit
899 4721 1193 4785 pretiosum
1219 4733 1249 4773 a
1270 4720 1386 4784 vili,
1409 4719 1565 4790 quasi
1585 4735 1645 4775 os
1666 4735 1846 4774 meum
1871 4722 2064 4776 erit'.»

480 4808 575 4878 Et,
615 4829 633 4863 ι
665 4811 766 4878 Qui
794 4820 1133 4881 peccatorem
1179 4810 1248 4866 ab
1302 4824 1491 4866 errore
1546 4812 1790 4865 converti
1853 4811 2067 4878 fecerit,

481 4904 767 4970 cooperiet
791 4903 1195 4958 multitudinem
1235 4912 1581 4972 peccatorum
1617 4900 1662 4957 ⁸.
1699 4922 1717 4956 ι

560 4996 654 5049 ‘28.
692 4994 963 5048 Hactenus
986 4995 1203 5065 quidem
1233 4994 1503 5064 malignus
1538 4994 1646 5063 ille,
1683 4997 1881 5066 quippe
1904 5002 2067 5052 etiam

431 5114 437 5119 ν
482 5086 900 5159 Scripturarutn
924 5089 1256 5158 intelligens,
1292 5096 1399 5143 tam
1432 5088 1587 5159 longa
1620 5093 1866 5144 oratione
1898 5090 2069 5143 unde-

483 5193 709 5249 quaque
732 5194 790 5233 se
818 5178 1097 5244 muniens,
1143 5179 1306 5234 etiam
1344 5195 1485 5234 nune
1531 5191 1837 5235 tuonstrare
1866 5182 2066 5249 lignum

493 5271 622 5325 boui
652 5281 705 5325 et
738 5270 866 5325 mali
912 5286 1177 5342 generoso
1216 5271 1381 5341 pugili
1432 5271 1738 5333 videbatur,
1782 5272 2073 5342 ipsumque

486 5381 524 5417 te
552 5364 803 5433 paradiso
837 5364 1035 5434 quietis
1065 5379 1178 5419 suae
1204 5364 1474 5419 malitiose
1500 5365 1742 5419 teutabat
1769 5366 2067 5434 expellere.

488 5455 663 5525 Pugili
692 5470 822 5510 vero
851 5456 977 5525 ipsi,
1028 5457 1118 5527 qui
1162 5458 1262 5511 sub
1297 5457 1482 5511 verbis
1517 5457 1634 5525 t-jus
1677 5456 1931 5514 latentem
1970 5460 2065 5515 dc-

489 5547 857 5615 preltenderat
908 5549 1126 5613 dolum,
1160 5547 1386 5617 ejusque
1426 5558 1745 5618 apparatum
1801 5566 1865 5605 ac
1905 5553 2065 5606 mali-

486 5638 622 5693 tiam
660 5639 847 5710 utique
879 5646 1216 5710 perspectam
1249 5638 1524 5707 habebat,
1558 5639 1739 5698 brevis
1768 5643 2070 5701 sollicitabat

565 5821 588 5852 ⁵
618 5819 809 5876 Matth.
842 5836 895 5888 ν,
954 5819 1035 5875 l6.
1075 5824 1133 5895 ωδ
1161 5819 1320 5877 Rom.
1357 5836 1446 5891 xv,
1484 5821 1536 5879 2.

1616 5822 1685 5879 ‘l
1746 5823 1872 5881 Cor.
1927 5841 1981 5894 δ,
2013 5824 2101 5881 Ἡ.

2178 4530 2366 4602 κύκλῳ
2394 4533 2532 4603 πρὸς
2581 4534 2642 4588 σὲ
2700 4536 3002 4608 σωτηρίαν,
3034 4540 3178 4591 κατά
3220 4540 3281 4592 τὸ
3332 4535 3709 4610 γεγραμμένον·

2183 4645 2201 4678 ι
2260 4625 2319 4678 Ὀ
2359 4627 2574 4695 ἐξάγων
2618 4629 2769 4694 ἄξιον
2800 4629 2860 4696 ἐξ
2909 4631 3158 4697 ἀναξίου,
3199 4633 3275 4696 ὡς
3318 4633 3379 4686 τὸ
3424 4631 3585 4700 στόμα
3629 4641 3706 4695 μου

2178 4718 2353 4774 ἔσται.
2395 4738 2413 4771 ι
2449 4722 2563 4775 Καί
2588 4739 2602 4754 ο
2645 4741 2665 4775 t
2710 4724 2775 4777 Ὀ
2804 4723 2872 4777 ἂν
2909 4724 3236 4795 ἁμαρτωλὸν
3285 4727 3349 4779 ἐκ
3394 4724 3588 4793 πλάνης
3616 4721 3707 4771 ἐπι·

2180 4813 2407 4883 στρέφῃ,
2440 4814 2675 4885 καλύψει
2717 4816 2919 4885 πλῆθος
2956 4817 3266 4888 ἁμαρτιῶν.
3307 4839 3326 4871 ι
3528 4810 3535 4817 ’

2249 5004 2359 5070 κη’.
2401 4998 2541 5052 Ἀλλ’
2575 5002 2602 5054 ὁ
2642 5017 2743 5072 μεν
2777 5001 3016 5073 πονηρδς
3053 5002 3149 5056 ἅτε
3177 5002 3270 5055 καὶ
3300 5001 3338 5054 Γ
3343 5000 3525 5072 ραφῶν
3554 4998 3707 5063 ἔμπει-

2179 5107 2294 5160 ρος.
2344 5092 2490 5146 οὕτω
2547 5094 2944 5166 μακρηγορῶν,
2978 5095 3315 5167 καί’κύκλῳ
3363 5087 3707 5164 περιϐαλλόμε-

2179 5203 2290 5251 νος,
2327 5185 2387 5238 τὸ
2442 5185 2610 5238 καλοῦ
2665 5203 2723 5240 τε
2780 5189 2875 5241 καὶ
2924 5188 3165 5260 πονηροῦ
3216 5188 3372 5256 ξύλον
3402 5187 3576 5251 ὥσπερ
3627 5180 3705 5228 ὖπ·

2176 5278 2383 5331 εδείκνυ
2423 5280 2519 5332 καὶ
2562 5278 2656 5332 νῦν
2694 5278 2771 5350 τῷ
2798 5281 3051 5352 γενναίῳ,
3106 5281 3198 5335 καὶ
3242 5279 3336 5334 τοῦ
3388 5283 3481 5349 τῆς
3519 5267 3706 5346 ἡτυχίπς

2177 5372 2513 5442 παραδείσου
2570 5374 2903 5442 κακούργως
2957 5374 3182 5441 ἐξωθεῖν
3236 5375 3492 5428 ἔσπευδε·
3531 5366 3599 5436 τῷ
3642 5361 3704 5421 δὲ,

2175 5460 2266 5514 τὸν
2297 5460 2622 5530 ὲφιζάνοντοι
2648 5465 2968 5533 φωράσαντι
3007 5465 3177 5528 δόλον,
3206 5465 3301 5518 xz‘.
3331 5463 3430 5534 τῆς
3453 5453 3632 5522 σκευῆς
3656 5462 3702 5499 τε

2174 5555 2270 5605 καὶ
2328 5553 2945 5624 σκαιωρίαςιοῦμενουν
2984 5556 3083 5609 οὐκ
3130 5556 3430 5625 ἀνεννοήτῳ
3480 5542 3704 5618 γεγονότι.

2179 5645 2374 5716 μικρὸς
2402 5646 2618 5717 ἀπέχρη
2650 5646 2828 5717 λόγος,
2865 5651 2961 5701 καὶ
2995 5648 3056 5701 τὸ
3083 5647 3288 5719 κράτος
3328 5640 3543 5702 αὐτόθεν
3570 5646 3704 5688 xm-

2182 5827 2199 5859 ⁷
2256 5825 2458 5883 .lercm.
2518 5842 2608 5898 xv,
2666 5828 2749 5883 l6.
2829 5831 2847 5861 '
2886 5827 3002 5887 Jac.
3038 5831 3205 5900 ηοω.
