3988 6466
476 371 613 437 1023

1737 366 2122 428 GREGORH
2155 366 2473 428 PALAME

3582 368 3691 435 lOEi

474 490 705 547 tionem,
758 497 862 538 nec
912 496 1020 536 non
1077 480 1311 534 demissa
1362 464 1415 533 in
1468 495 1678 534 summa
1730 479 2062 547 perfectione

2177 477 2517 546 λαττωμένον
2557 475 2912 546 τεθεαμένος,
2949 474 3201 529 ἐντεῦθεν
3242 476 3431 548 ἤλπισε
3472 480 3690 552 συλήσειν

476 575 838 630 humilitatem
864 590 881 637 ;
907 572 1033 626 hinc
1085 585 1233 639 spem
1268 570 1517 636 concepit
1555 568 1837 625 auferendi
1877 570 2054 623 invio-

476 666 696 721 labilem
723 665 840 729 ejus
872 664 1209 717 thesaurum.
1255 661 1347 715 llle
1374 661 1574 728 igitur,
1611 661 1705 730 qui
1756 675 1823 714 ex
1867 659 1996 715 olim
2027 674 2056 711 a

478 758 598 810 luce
620 754 878 823 depulsus
893 760 1216 813 recesserat.
1237 765 1292 808 et
1318 753 1369 805 in
1395 752 1647 807 tenebras
1683 752 1881 805 misere
1905 764 2058 805 com-

482 854 721 902 mutatus
746 846 1027 908 fnerat,ut
1065 845 1280 900 Petrum
1324 846 1376 899 in
1426 846 1661 900 similem
1690 844 2057 899 calamitatem

482 937 800 1004 pertrahat,
861 935 998 989 lucis
1048 937 1286 1003 speciem
1322 936 1575 998 assumit,
1624 935 1877 1004 angelum
1920 933 2060 988 lucis

481 1026 752 1083 simulans
771 1068 787 1092 ,
802 1027 990 1097 sicque
1024 1038 1274 1084 sanctum
1304 1029 1441 1089 adit.
1458 1026 1711 1082 mendaci
1735 1042 1835 1082 suo
1855 1027 2060 1081 lumine

482 1121 789 1182 lucernam,
824 1135 889 1174 ex
945 1135 1085 1175 vera:
1120 1122 1417 1191 primaeque
1461 1121 1596 1174 lucis
1644 1120 2062 1189 participatione

483 1226 793 1278 accensam,
821 1208 1219 1266 exstincturus.
1258 1212 1391 1266 lllnc
1422 1221 1599 1266 autem
1634 1210 1926 1277 accedens,
1961 1226 2056 1265 co-

486 1318 599 1356 ram
624 1300 678 1356 in
702 1300 898 1356 faciem
932 1301 1081 1356 illum
1116 1302 1313 1372 alloqui
1342 1319 1447 1356 non
1471 1304 1652 1368 audet,
1673 1302 2057 1370 gravissimum

483 1395 602 1459 eius
640 1395 849 1449 vultum
872 1397 1115 1452 veritus:
1154 1398 1249 1452 sed
1282 1397 1463 1466 specui
1499 1396 2059 1459 furiosecnsadstans,

486 1503 582 1555 per
601 1487 856 1541 ostiolum
897 1502 1086 1542 vocem
1119 1491 1259 1542 intra
1283 1489 1549 1551 immittit,
1584 1489 1782 1544 blando
1811 1502 2062 1543 sermone

485 1596 586 1631 suo
614 1579 766 1635 fisus.
797 1580 929 1635 inde
985 1580 1148 1651 igitur
1182 1593 1425 1636 sanetum
1487 1582 1770 1635 salutans:
1820 1578 2064 1635 Virilitcr

484 1686 607 1739 age,
670 1673 969 1743 inquiebat,
993 1716 1007 1731 .
1028 1682 1084 1727 et
1134 1672 1442 1728 confortare
1472 1715 1487 1739 ,
1525 1674 1703 1729 l’etre.
1737 1673 1848 1728 lloc
1876 1686 2058 1727 autem

483 1765 864 1819 cottsiderante
887 1774 1055 1834 atque
1093 1768 1230 1819 adeo
1272 1766 1644 1833 interrogante
1669 1766 1919 1831 quisnam
1943 1767 2065 1821 istic

483 1866 649 1921 esset,
674 1871 740 1910 ac
768 1858 913 1912 unde
947 1857 1071 1912 talia
1096 1857 1323 1927 loquens
1362 1859 1619 1913 veniret?
1653 1858 1945 1926 Subiunxit
1974 1857 2064 1913 ille
2101 1853 2141 1907 Β

481 1948 746 2002 continuo
778 1966 792 2002 :
828 1948 1090 2019 Princeps
1151 1950 1359 2004 militite
1408 1965 1525 2004 sum
1563 1965 1661 2020 ego
1703 1950 1914 2003 Domini
1948 1950 2067 2018 glo-

482 2044 623 2095 t'm:
658 2042 817 2094 venio
839 2052 1021 2097 autem
1053 2042 1485 2112 significaturus,
1506 2057 1662 2111 quam
1695 2043 1748 2095 in
1781 2041 1934 2096 cmlis
1970 2042 2068 2096 tibi

474 2145 586 2197 pro
621 2131 869 2189 toleratis
900 2135 1005 2188 huc
1049 2150 1223 2204 usque
1261 2134 1537 2187 laboribus
1568 2132 1877 2187 mercedem
1909 2149 2069 2186 comc

487 2225 765 2289 paraveris
792 2242 805 2285 ;
834 2235 889 2279 et
931 2226 1098 2280 simul
1146 2226 1408 2280 docturus
1451 2225 1580 2296 quid
1614 2225 1870 2293 deinceps
1900 2240 2074 2293 agen—

493 2316 623 2370 dum
654 2316 753 2371 tibi
784 2319 1051 2387 supersit.

565 2492 655 2546 32.
683 2491 839 2548 Scias
867 2493 1035 2563 igitur
1059 2495 1243 2562 velim,
1271 2496 1667 2550 exercitatione
1697 2503 1884 2549 s'tncta
1910 2502 2075 2558 atque

491 2583 778 2638 tolerantia
814 2594 870 2640 te
913 2587 1166 2641 omnibus
1217 2588 1311 2657 qui
1353 2587 1616 2643 hactenus
1661 2586 1874 2641 fuerunt
1915 2593 2075 2638 aute—

491 2678 712 2742 cellet'e,
748 2690 912 2747 a'que
944 2680 1081 2734 adeo
1106 2680 1308 2748 majora
1341 2680 1434 2735 tibi
1469 2680 1687 2749 praemia
1720 2678 1842 2746 iure
1880 2677 2077 2730 merito

498 2787 738 2827 numere.
793 2770 1013 2840 Jejunat
1055 2774 1270 2841 quidem
1328 2772 1507 2836 Elias,
1566 2773 1663 2827 sed
1709 2769 2074 2839 quadraginta

494 2869 705 2915 tantum
749 2862 960 2916 dierum
1008 2862 1322 2916 curriculo:
1364 2869 1419 2915 tu
1458 2877 1586 2916 vero
1617 2861 1907 2930 septimum
1962 2859 2075 2926 jam

492 2968 696 3009 annum
740 2953 832 3008 hic
862 2968 1030 3024 agens
1067 2955 1187 3009 sine
1218 2955 1356 3009 cibis
1402 2955 1652 3008 humanae
1684 2953 1806 3006 vitae
1838 2951 2078 3022 propriis

495 3055 730 3115 perstas.
763 3045 950 3129 Daniel
977 3061 1101 3101 cum
1146 3045 1278 3101 feris
1316 3044 1640 3100 mirabiliter
1672 3054 1927 3099 versatus
1953 3054 2076 3109 est;

2169 570 2259 623 τὸν
2302 570 2502 625 ἄσυλον
2551 569 2768 622 ἐκείνου
2804 568 3101 641 θησαυρόν.
3145 569 3205 622 ’0
3254 568 3428 624 τοίνυν
3471 574 3693 645 ὶπούρσει

2169 662 2349 731 φωτὸς
2402 660 2863 732 ὴλλοτριωμένος,
2919 660 3014 714 καὶ
3087 658 3228 729 πρὸς
3290 661 3474 724 σκότος
3525 664 3695 728 ἀθλίως

2171 753 2515 826 μεταϐαλὼν,
2540 754 2681 824 ὑπὲρ
2707 751 2803 805 τοῦ
2832 751 2923 804 τὸν
2952 751 3140 820 ὅμοιον
3162 749 3239 819 τῷ
3267 751 3451 823 lit-51:qu
3471 758 3699 826 προστρξ.

2167 846 2379 916 ψασθαι
2421 845 2650 915 μῶμον,
2715 843 2894 912 φωτὸς
2944 841 3317 912 ἀναλαμϐάνει
3376 846 3578 914 σχῆμα,
3620 851 3700 900 καὶ

2171 936 2349 1007 φωτὸς
2418 935 2653 1004 ἄγγελον
2734 934 3121 1004 ὑποκρίνεται,
3183 933 3280 987 καὶ
3341 940 3579 1004 πρόσεισι
3637 939 3702 1007 τῷ

2169 1031 2331 1098 ἁγίῳ,
2367 1029 2444 1096 τῷ
2497 1027 2926 1097 κατεψευσμένῳ
2964 1025 3096 1097 παρ’
3146 1025 3326 1096 ἑαυτῷ
3367 1027 3519 1096 φωτὶ,
3540 1027 3627 1095 τὴν
3653 1029 3705 1079 ὲκ

2168 1122 2264 1177 τοῦ
2304 1120 2564 1192 ἀληθινσῦ
2615 1121 2711 1174 καὶ⁹
2771 1119 2992 1189 πρώτου
3043 1118 3221 1187 φωτὸς
3278 1118 3521 1189 ἡμμένην
3565 1117 3707 1178 ὅντως

2170 1215 2392 1283 λυχνίαν
2421 1212 2728 1267 ἀποσϐέσαι
2771 1211 3142 1282 πειρώμενος.
3177 1212 3286 1264 Καὶ
3312 1209 3376 1281 δὴ
3405 1209 3708 1282 προσελθὼν.

2169 1308 2270 1377 τὴν
2324 1306 2423 1376 μὲν
2476 1302 2617 1357 κατὰ
2669 1303 2962 1370 πρόσωπον
3003 1300 3226 1371 ὁμιλίαν
3265 1300 3605 1371 ἀπαγορεύει,
3629 1302 3711 1369 τὴν

2171 1399 2576 1472 κριτικωτάτην
2616 1395 2839 1464 ἐκείνην
2890 1393 3017 1464 δψιν
3065 1393 3446 1463 ὑφορώμενοςο
3479 1392 3553 1460 τῷ
3591 1408 3712 1460 σπη·

2173 1492 2310 1562 λαίῳ
2348 1492 2407 1544 δὲ
2451 1489 2655 1557 ἔξωθεν
2689 1487 2956 1558 ἐφεστὼς,
2996 1486 3099 1539 διὰ
3144 1489 3246 1556 τῆς
3296 1484 3508 1554 θυρίδος
3546 1482 3713 1549 ὡμίλει

2172 1586 2252 1656 τῷ
2289 1584 2401 1638 τῶν
2432 1584 2607 1651 λόγων
2652 1583 3003 1654 εὑπροσὼπῳ
3054 1578 3296 1650 θαρρῶν.
3350 1576 3587 1630 Ἐπεῖθεν
3621 1573 3715 1624 τιξ-

2174 1695 2271 1734 νυν
2320 1678 2412 1731 τὸν
2450 1677 2599 1731 ὅσιον
2646 1674 3063 1743 ἀσπασάμενος,
3120 1672 3398 1741 ’Δνδρίζον
3445 1669 3535 1721 καὶ
3586 1665 3715 1734 ἴσχυε

2175 1770 2606 1842 προσεφώνησε,
2662 1769 2860 1838 Πέτρε.
2911 1764 3020 1820 Τοῦ
3078 1764 3137 1819 δὲ
3195 1761 3623 1831 διασκεψαμένου
3668 1773 3716 1809 τε

2170 1865 2263 1917 καὶ
2314 1861 2581 1932 ἐρομένου
2636 1858 2722 1923 τίς
2771 1858 2881 1929 εἴη,
2915 1859 3012 1910 καὶ
3065 1856 3189 1909 ὅθεν
3250 1857 3280 1907 ό
3333 1857 3391 1907 τὸ
3444 1852 3713 1921 πρόσρημα

2171 1954 2328 2020 δούς;
2388 1954 2596 2014 ἐκεῖνος
2668 1950 2833 2012 εὐθὺς
2891 1949 3220 2019 ὑποτυχών·
3284 1944 3715 2017 ’Δρχιστράτηγός

2172 2048 2311 2114 είμι,
2370 2046 2526 2115 φησὶ,
2578 2043 2786 2113 Κυρίου
2835 2041 3030 2111 δόξης’
3082 2040 3206 2111 ἥκω
3253 2041 3311 2094 δέ
3362 2056 3443 2093 σοι
3494 2037 3719 2107 δηλώσων

2171 2139 2271 2209 τὴν
2322 2140 2381 2190 ἐν
2432 2139 2548 2197 τοῖς
2610 2136 2963 2205 ἐπουρανίοις
3028 2133 3538 2204 τεθησαυρισμένην
3602 2129 3721 2197 ὑπὲρ

2172 2232 2282 2284 τῶν
2342 2232 2470 2300 ἄχρι
2546 2231 2789 2297 τήμερον
2854 2226 3255 2296 πεπονημένων
3319 2224 3577 2294 ἀμοιϐήν·
3626 2220 3721 2287 ἀμα

2172 2322 2231 2375 δέ
2299 2337 2381 2373 σοι
2447 2318 2539 2373 καὶ
2596 2316 2853 2381 διδάξων,
2916 2317 2945 2371 ὅ
2976 2317 3028 2369 τί
3094 2333 3229 2369 ποτε
3286 2313 3593 2369 τοὺντεῦθέν
3654 2327 3722 2363 σοι

2176 2413 2481 2483 πρακτέον.

2248 2504 2351 2576 ).β’.
2382 2504 2454 2558 Εὖ
2488 2505 2596 2558 ίσθι
2628 2503 2942 2573 τοιγαροῦν,
2976 2502 3210 2570 ἀσκήσει
3256 2517 3315 2553 τε
3353 2500 3449 2553 καὶ
3472 2495 3723 2564 καρτερὲ“ο

2176 2600 2305 2661 τοῦς
2351 2599 2458 2668 πρὸ
2507 2597 2601 2650 σού
2654 2598 2867 2659 πάντας
2923 2592 3339 2664 ὑπερενεγκὼν,
3368 2592 3458 2644 καὶ
3500 2587 3724 2658 μειζόνων

2178 2689 2573 2761 προσηκόντως
2625 2688 2953 2756 τευξόμενος
3000 2685 3301 2757 βραϐείων.
3336 2680 3599 2754 Νηστεύει
3644 2676 3725 2745 μὲν

2179 2780 2289 2850 γὰρ
2331 2778 2544 2842 Ἠλίας,
2587 2777 2721 2830 ἀλλά
2771 2773 3187 2844 τεσσαράκοντά.
3248 2790 3351 2828 που
3394 2768 3610 2841 ἡμερῶν
3648 2782 3726 2817 πε-

2181 2873 2358 2943 ρίοδον
2389 2887 2408 2906 ο
2448 2872 2512 2925 σὺ
2553 2871 2599 2924 δ’
2631 2868 2848 2923 ἐνταῦθ’
2883 2867 3117 2938 ἕϐδομον
3162 2867 3287 2928 ἔτος
3324 2866 3520 2927 ἕλκων,
3547 2860 3728 2929 ἀνθρω·

2179 2965 2345 3034 πίνης
2404 2965 2673 3032 ἄγευστος
2722 2963 2989 3022 διατελεῖς
3047 2960 3282 3030 τροφῆς.
3344 2955 3540 3026 Δανιὴλ
3587 2949 3727 3021 θηρσὶ

2183 3057 2416 3127 συνῆλθε
2468 3056 2820 3121 θαυμασίως·
2859 3053 2975 3107 ἀλλ’
3014 3052 3222 3120 ὀλίγοις
3247 3053 3312 3122 δή
3347 3067 3478 3114 τισι,
3524 3046 3613 3100 καὶ
3660 3039 3727 3095 ἐπ’

495 3148 735 3193 attamen
768 3154 892 3191 rum
925 3139 1206 3207 paueis,et
1237 3146 1477 3206 tempore
1511 3152 1615 3191 non
1649 3137 1845 3207 longo:
1868 3146 1923 3191 tu
1952 3151 2073 3191 vero

2182 3150 2403 3218 ὀλίγον’
2440 3150 2505 3201 σὺ
2535 3148 2582 3199 δ’
2615 3149 2711 3201 ἐπὶ
2749 3147 2883 3200 πολύ
2926 3162 3007 3212 τε,
3044 3144 3141 3198 καὶ
3194 3144 3439 3206 πολλοῖς.
3472 3142 3530 3193 Et
3565 3137 3615 3190 δὲ
3655 3131 3731 3186 καὶ

497 3238 553 3285 et
575 3229 735 3300 longo
762 3194 1006 3299 tcmpdre
1030 3238 1085 3282 et
1133 3244 1255 3284 cum
1288 3194 1475 3283 multis
1505 3194 1807 3282 cohabita's.
1845 3226 1903 3281 Si
1947 3194 2151 3282 tole-c

502 3322 736 3377 rantiam
791 3337 1008 3392 quoque
1057 3319 1180 3377 Jobi
1226 3323 1458 3377 miretur
1506 3320 1813 3391 quispiam;
1872 3324 2081 3392 cogites

499 3430 624 3468 eum
666 3429 773 3468 non
824 3429 922 3468 sua
960 3423 1155 3481 sponte
1204 3415 1538 3470 sustinuisse
1573 3415 1839 3468 malorum
1898 3416 2082 3469 imm--

501 3521 621 3559 snm
658 3502 765 3559 :‘tu
796 3520 928 3561 vero
953 3505 1221 3575 inhospita
1250 3504 1369 3560 loca
1415 3515 1563 3561 tanto
1598 3517 1839 3575 tempore
1889 3506 2080 3561 volun-

502 3596 1029 3662 tarieincolis,varii
1061 3598 1274 3668 generis
1299 3598 1653 3668 pluribusque
1689 3599 2083 3653 tentationihus

497 3689 807 3760 exagitatus
833 3705 848 3756 ;
875 3699 931 3745 et
958 3690 1193 3745 nondum
1224 3692 1465 3746 animum
1497 3690 1859 3760 despondisti.
1905 3691 2081 3746 Unum

501 3796 651 3836 nunc
708 3781 1077 3848 desideratur,
1111 3790 1170 3836 ut
1224 3781 1476 3838 homines
1518 3782 1934 3837 conservatione
1991 3789 2083 3836 tua

502 3873 758 3929 meliores
791 3874 1006 3939 reddas,
1026 3887 1233 3943 eosque
1256 3888 1287 3928 a
1319 3874 1482 3928 rebus
1508 3873 1743 3928 terrenis
1772 3876 2085 3928 abstractos

501 3966 556 4020 iu
588 3982 872 4020 numerum
906 3965 1206 4021 transferas
1235 3967 1546 4022 chestZum
1566 3967 1793 4032 civium,
1814 3966 2086 4035 aspicit-ns

503 4055 555 4106 in
583 4055 914 4124 cxctnplum,
937 4055 1081 4123 quod
1111 4053 1367 4110 Christus
1384 4064 1551 4118 est;a
1580 4070 1691 4123 quo
1721 4063 1777 4109 et
1808 4070 1908 4123 ego
1941 4071 2085 4111 nunc

503 4147 710 4200 missus
764 4145 928 4200 celeri
979 4144 1162 4200 volatu
1211 4146 1427 4201 adsum.
1484 4146 1583 4200 llic
1648 4159 1772 4215 post
1826 4147 1971 4200 illam
2032 4148 2085 4202 in

505 4249 693 4292 monte
747 4238 1061 4293 athleticam
1095 4254 1302 4292 moram
1357 4254 1638 4305 reversus,
1675 4241 1923 4296 homiaes
1976 4241 2089 4294 fre-

504 4341 736 4400 quenter
755 4334 1034 4394 convenit,
1056 4347 1119 4387 ac
1149 4331 1295 4403 leges
1322 4333 1401 4389 eis
1431 4323 1764 4404 prascripsit
1793 4334 2087 4389 salutares.

507 4425 563 4480 Si
598 4440 729 4482 vero
758 4424 923 4479 etiam
954 4424 1250 4495 sUSpiceris
1273 4464 1288 4489 ,
1325 4427 1429 4479 huc
1457 4442 1541 4481 me
1573 4427 1860 4480 advenisse
1891 4441 1996 4479 non
2023 4441 2087 4479 cx

2181 3242 2277 3296 τοῦ
2313 3240 2435 3293 Ἰὼϐ
2462 3238 2734 3309 θαυμάζοι
2758 3256 2844 3302 τις
2868 3238 2969 3308 τὴν
2999 3237 3325 3307 καρτερίαν,
3361 3233 3475 3288 ἀλλ’
3504 3227 3730 3286 ἀκούσιος

2181 3327 2251 3403 ἦν
2291 3330 2565 3399 ἐπιφορά·
2602 3330 2668 3383 σὺ
2707 3328 2752 3381 δ’
2794 3326 2939 3382 ἑκὼν
2970 3329 3084 3391 τοῖς
3121 3327 3341 3390 ἀοίκοις
3388 3323 3480 3379 ἐπὶ
3510 3319 3731 3375 τοσοῦτον

2183 3420 2590 3493 ὲπιχωριάζων,
2641 3420 2953 3474 πολυειδέσι
3014 3418 3110 3473 καὶ
3158 3416 3557 3485 ποικιλοτέροις
3602 3425 3735 3476 περι·

2184 3513 2403 3565 πίπτων
2453 3512 2816 3581 πειρασμοῖς,
2870 3510 2970 3562 οὑκ
3019 3509 3362 3579 ἀπείρηκας.
3410 3505 3502 3558 ’Ἑν
3538 3502 3629 3571 ήδη
3668 3512 3735 3548 σοι

2182 3604 2465 3657 λείπεταν
2503 3605 2615 3666 τοϊς
2669 3602 2984 3672 ἀνθρώποις
3044 3602 3475 3670 συγγενόμενον,
3524 3589 3733 3664 βελτίους

2184 3696 2384 3760 αὑτοὺς
2425 3693 2873 3764 ἀπεργάσασθαι,
2905 3691 3002 3745 καὶ
3038 3691 3138 3760 τῆς
3188 3691 3302 3761 γῆς
3350 3687 3733 3742 ἀνασπάσαντσι

2184 3790 2294 3844 τῶν
2335 3789 2584 3860 οὐρανῶν
2617 3786 2898 3851 ἀποδεῖξαι
2947 3785 3196 3849 πολίτας,
3244 3784 3387 3854 πρὸς
3417 3777 3736 3851 παράδειγμα

2187 3881 2479 3953 βλέποντα,
2508 3878 2639 3948 παρ’
2688 3872 2749 3932 οὗ
2791 3876 2886 3929 καὶ
2912 3876 3075 3939 αὑτὸς
3122 3875 3331 3944 ἀρτίως
3369 3870 3613 3940 τυγχάνω
3656 3879 3735 3953 κα-

2185 3950 2557 4041 ταπτάμενος,
2591 3968 2854 4038 Χριστὸν,
2879 3966 2937 4029 ὃς
2987 3966 3128 4036 μετὰ
3158 3966 3260 4036 τὴν
3304 3964 3395 4018 ἐπ’
3430 3962 3583 4031 ὅρους
3618 3950 3735 4007 ὲκεί-

2187 4080 2287 4133 νην
2347 4063 2646 4131 ἐναγώνιον
2706 4059 3036 4131 διατριϐὴν,
3085 4059 3389 4128 ἐπανήκων
3439 4055 3517 4124 τῷ
3570 4046 3737 4117 πλήθει

2188 4152 2298 4205 τῶν
2377 4149 2683 4221 ἀνθρώπων
2758 4149 3098 4215 συνεγένετο,
3168 4148 3378 4218 νόμους
3473 4136 3736 4212 σωτηρίους

2191 4243 2445 4305 ὲκτιθείς.
2481 4244 2545 4295 Et
2578 4242 2623 4296 δ’
2658 4242 2992 4304 ὑποπτεύεις
3049 4257 3153 4311 μου
3188 4240 3293 4310 τὴν
3346 4226 3738 4308 παρουσίαν,ὼς

2190 4335 2342 4387 ἀθεεὶ
2393 4333 2794 4403 γεγενημένην,
2852 4330 2965 4400 ἐγώ
3034 4347 3117 4384 σοι
3176 4330 3487 4401 τεκμήριον
3544 4318 3739 4392 ἐναργὲς

2193 4424 2447 4489 ἐπιδείξω
2498 4424 2592 4478 τοῦ
2650 4424 2972 4494 πεμφθῆναι
3028 4422 3168 4493 πρὸς
3220 4421 3386 4475 Θεοῦ.
3446 4415 3605 4472 Δαϐὶδ
3662 4409 3743 4480 μὲν

508 4520 732 4574 turmine
763 4519 947 4575 divino
978 4535 992 4573 :
1033 4518 1326 4574 manifesto
1378 4521 1471 4574 tibi
1520 4518 1890 4589 comprobabo
1924 4532 2073 4588 argu-

2194 4518 2302 4588 γᾶρ
2351 4520 2380 4571 ὁ
2433 4519 2541 4571 τῶν
2575 4518 2741 4571 αὑτοῦ
2793 4518 3118 4587 θαυμασίων
3152 4513 3471 4586 ὑφηγητὴς,
3506 4510 3634 4581 πρδς
3671 4502 3743 4555 τὸν

509 4623 716 4678 mento,
752 4628 780 4666 ιι
817 4613 924 4667 Deo
957 4612 1187 4668 missum
1216 4626 1360 4667 esse.
1401 4611 1571 4665 David
1605 4624 1863 4678 namque,
1925 4611 2073 4664 tnira‘

2192 4610 2326 4663 Θεὸν
2352 4611 2518 4665 αὐτόν
2557 4627 2727 4680 φησιν
2745 4628 2764 4662 ι
2790 4610 2864 4662 Σὺ
2889 4609 3164 4679 ἐξήρανας
3194 4608 3486 4676 ποταμοὺς
3518 4600 3700 4655 Ἥθαν.
3724 4611 3739 4643 ι

509 4707 695 4761 bilium
726 4706 1035 4761 divinorqu
1066 4720 1265 4775 prteco,
1311 4705 1390 4759 sic
1426 4703 1591 4757 Deum
1642 4703 1824 4771 ipsum
1858 4702 2073 4772 alloqui

2192 4704 2437 4775 δηλονότι
2490 4704 2618 4766 τοὺς
2672 4703 2958 4765 ἀεννάους,
3002 4703 3097 4755 καὶ
3152 4701 3228 4771 μὴ
3286 4695 3613 4771 προσφάτως
3652 4703 3740 4759 χει·

505 4808 638 4852 tur:
681 4819 700 4851 ι
735 4797 814 4853 Τυ
842 4799 1057 4854 siccasti
1093 4796 1290 4853 fluvios
1327 4797 1585 4860 Etltan';
1622 4813 1641 4846 ι
1680 4794 1799 4850 illos
1842 4796 2068 4851 videlice

2198 4798 2411 4868 μάῤῥου
2469 4797 2673 4867 τρόπον
2722 4796 3174 4866 ἀναδεδομένους.
3248 4792 3513 4862 Ἀλλαχού
3565 4787 3618 4840 δέ
3659 4794 3740 4833 πω

506 4891 726 4957 llnvios,
775 4891 868 4961 qui
912 4891 1120 4960 jugitrr
1170 4897 1490 4951 manarunt,
1539 4902 1644 4941 non
1686 4888 1775 4957 qui
1833 4889 2073 4943 torrenti:

2195 4890 2305 4942 τῶν
2343 4889 2599 4961 ψαλμῶν,
2636 4909 2655 4942 ι
2694 4890 2891 4943 Ἐθετο
2934 4891 3121 4959 πηγὰς
3178 4888 3396 4942 ὑδάτων
3440 4886 3520 4947 είς
3549 4882 3741 4953 ἔρημον,

508 4983 757 5038 οιΙΞιιειειι·
795 4991 1042 5036 recenter
1076 4988 1468 5050 proruperunt.
1507 4976 1572 5031 Et
1612 4976 1719 5031 alio
1748 4975 2073 5033 Psalmorun‘

2198 4985 2293 5034 καὶ
2339 4982 2612 5047 διεξόδους
2660 4983 2871 5036 ὑδάτων
2931 4983 3011 5045 είς
3055 4981 3237 5051 δίψαν,
3271 4981 3383 5032 ἀπὸ
3426 4975 3617 5034 κακίας
3658 4965 3743 5018 τίῖίν

512 5078 632 5133 loco
663 5093 677 5129 :
715 5095 733 5127 ι
776 5073 962 5130 Posuit
986 5074 1163 5130 fontes
1194 5087 1458 5144 aquarum
1493 5072 1544 5124 in
1565 5072 1864 5136 desertum,
1890 5081 1944 5125 et
1974 5072 2073 5126 exi‘

2202 5072 2604 5127 κατοικούντων
2634 5075 2692 5127 ἐν
2745 5074 2953 5136 αὐτοῖς.
2995 5092 3013 5125 ι
3055 5074 3161 5125 Καὶ
3194 5071 3256 5123 σὲ
3292 5070 3496 5127 τοίνυν,
3539 5056 3676 5128 παρᾶ
3698 5050 3744 5104 τὺ

512 5184 597 5223 tus
650 5183 913 5238 aquarum
965 5169 1018 5220 in
1079 5167 1249 5229 sitim,
1302 5180 1331 5218 a
1386 5162 1594 5217 malitia
1650 5162 2009 5219 habitantiqu
2044 5163 2073 5217 ii

2197 5166 2451 5237 θεοφιλὲς
2494 5166 2685 5237 μηκέτ’
2734 5161 2886 5220 εἶναι
2935 5164 3215 5218 κατοικεῖν
3277 5158 3537 5219 ἐνταῦθα,
3569 5153 3625 5205 τὸ
3661 5161 3745 5198 πι-

508 5260 678 5314 eis”.
720 5278 738 5310 ι
770 5258 1109 5329 Quapropter
1141 5260 1192 5311 in
1225 5258 1481 5325 signum,
1517 5265 1566 5309 te
1604 5271 1817 5325 quoque
1850 5271 1954 5310 non
1985 5272 2070 5308 am

2202 5262 2433 5332 ραῤῥὲον
2470 5258 2655 5330 ὕδωρ,
2688 5257 2855 5311 αὑτοῦ
2898 5257 2967 5309 δι’
3019 5255 3152 5326 ἐμοῦ
3201 5251 3603 5308 κελεύσαντος,
3649 5239 3746 5291 ἀπ’

514 5354 657 5421 plius
689 5353 794 5408 Deo
820 5351 1055 5422 propitio
1086 5351 1414 5405 comnmrari
1448 5349 1537 5403 hic
1572 5364 1738 5417 posse
1760 5389 1776 5415 ,
1811 5364 1930 5418 qua».
1957 5364 2073 5418 prie

2196 5351 2557 5403 ἑλιπε.Τοῦτο
2612 5349 2659 5403 δ’
2712 5345 2783 5422 ἦν
2828 5350 2856 5402 ὁ
2897 5345 3154 5417 περιττὸς
3200 5345 3305 5406 τὰς
3358 5339 3610 5397 τοιαύτας
3646 5332 3745 5381 ἔπιε

514 5457 537 5499 ι
574 5448 715 5501 afluit
740 5463 901 5516 aqua,
938 5446 1054 5515 ipso
1078 5460 1176 5513 per
1204 5461 1286 5499 me
1312 5443 1538 5513 jubentc
1564 5482 1579 5506 ,
1613 5443 1829 5498 defecit.
1858 5442 2071 5497 Cnrave

2193 5443 2344 5505 νοίας
2386 5440 2873 5511 προαναχαιτῐσας,
2904 5438 3078 5508 ἑτέρῳ
3105 5433 3337 5505 πονηρῷ
3381 5428 3662 5499 πνεύματι·

512 5552 599 5597 rat
631 5553 812 5598 autem
867 5541 1063 5598 fertilis
1112 5542 1204 5597 ille
1256 5540 1443 5595 talium
1474 5550 1905 5597 commentorum
1934 5579 1950 5608 ,
1984 5554 2081 5610 per
2109 5538 2274 5594 alium
2309 5554 2538 5609 nequam
2585 5525 2878 5609 spiritum,
2923 5548 3119 5606 aquam
3182 5530 3335 5586 illam
3418 5525 3567 5597 prius
3625 5520 3745 5568 τειῐο

515 5656 525 5685 ε
548 5637 798 5702 gcndam.

590 5816 775 5873 'Psal.
809 5828 1003 5878 eum,
1049 5818 1128 5871 lii.
1215 5818 1253 5847 ‘°
1286 5816 1423 5872 ΡιίειίΔ
1464 5836 1570 5887 CVI,
1614 5820 1701 5875 55.
