3988 6474
373 416 511 481 1023

1497 427 1677 488 VlTA
1719 426 1776 488 S.
1822 427 2053 486 PETRI
2089 427 2519 492 ATHONITJE.

3496 429 3516 492 l
3527 430 3629 493 625

440 536 541 606 ).γ’.
573 536 646 589 Οὐ
691 535 798 606 μὴν
840 537 954 590 ἀλλ’
987 538 1034 590 εἰ
1083 537 1176 591 καὶ
1212 537 1311 607 τῆς
1362 540 1566 611 ἀρετῆς
1597 540 1746 594 ἄκων
1786 540 1941 590 ἐπαι-

2118 539 2209 595 55.
2243 537 2441 593 Verum
2476 542 2621 595 enim
2657 555 2783 596 vero
2836 543 3047 597 tametsi
3083 542 3350 599 malorum
3407 547 3600 601 artifex
3625 590 3639 611 ,

367 631 531 700 νὲτης
563 625 632 699 ἦν
675 630 704 681 ὁ
746 629 843 697 τῆς
875 630 1075 691 κακίας
1115 629 1402 700 σοφιστὴς,
1440 631 1537 683 καὶ
1579 630 1822 692 πιθανῶς
1862 630 1946 682 ὅτι

371 724 612 790 μάλιστα
641 722 852 792 προῆγε
872 722 964 774 τὸν
997 706 1178 789 λόγον,
1214 723 1283 776 ἵν’
1311 721 1488 785 οὕτως
1517 722 1679 785 εἴπω,
1713 722 1851 775 πολὺ
1885 721 1948 775 τὸ

370 813 493 884 μέλι
531 813 614 881 τῷ
662 813 977 885 δηλητηρίῳ
1021 815 1395 885 παραμιγνὺς,
1444 816 1537 867 καὶ
1583 818 1812 885 σημεῖον
1865 815 1948 878 είς

369 907 556 959 πίστιν
607 906 917 968 ἐπεδείκνυ,
967 906 1068 977 τὴν
1122 906 1263 977 πρὸς
1317 907 1380 961 τδ
1437 907 1512 978 μὴ
1574 908 1634 960 ὃν
1678 905 1946 960 δοκοῦσαν

366 999 688 1070 ἐκχωρῆσαι
748 1001 955 1067 πηγήν.
1026 998 1167 1053 Ἀλλ’
1227 1000 1374 1063 ὅστις
1441 995 1534 1068 ἦν,
1590 999 1801 1069 ἥκιστα
1855 998 1946 1051 τὸν

371 1091 549 1160 μέγαν
578 1091 903 1154 ἑλάνθανεν;
929 1089 1142 1145 Οὔκουν
1162 1106 1175 1121 °
1208 1090 1329 1144 οὐδὲ
1357 1090 1562 1161 χαλκὸς
1597 1089 1948 1159 χρυσοειδοῦς

370 1182 764 1252 περιτακέντος
795 1181 1012 1247 ἄνθους,
1056 1179 1175 1235 εἶτα
1210 1185 1278 1253 τῇ
1318 1182 1489 1252 Λυδίᾳ
1528 1183 1946 1252 προσαγόμενος

367 1271 529 1341 λήσει
556 1288 571 1301 ⁸
601 1270 839 1341 βάσανον
887 1272 996 1341 γὰρ
1029 1272 1056 1323 ὁ
1097 1271 1241 1333 οεῖος
1298 1272 1503 1339 Πέτρος
1552 1266 1700 1343 εἶχεν
1740 1271 1945 1338 ἀκριϐῆ

366 1364 431 1415 τὸ
469 1363 570 1429 τῆς
598 1362 778 1432 ψυχῆς
804 1360 981 1432 ὄμμα,
1007 1365 1074 1432 τῇ
1112 1363 1249 1432 πρὸς
1283 1362 1418 1415 Θεὸν
1454 1362 1638 1415 νεύσει
1664 1362 1946 1428 κεκαθαρ-

371 1456 557 1525 μένον.
601 1455 713 1510 Καὶ
770 1454 953 1507 τοίνυν
1012 1455 1192 1514 συνεὶς
1240 1454 1299 1508 τὸ
1358 1456 1565 1526 δρᾶμα,
1626 1454 1946 1524 μετριότητι

369 1550 461 1602 τὶν
510 1548 824 1618 ἐπηρμένον
873 1549 1083 1601 ἐκεῖνον
1129 1548 1323 1600 θᾶττον
1378 1548 1654 1618 καθαιρεῖ,
1700 1548 1796 1601 καὶ
1849 1565 1946 1617 μιο

372 1644 527 1710 κροῖς
586 1641 807 1711 μακρὰν
862 1641 1273 1708 ἄποδιοπομπεῖ
1330 1640 1420 1693 τὸν
1472 1640 1683 1708 φένακα
1729 1641 1943 1709 λόγοις⁸

383 1734 546 1801 ’Λνάξ
570 1735 629 1797 ὀς
656 1736 792 1803 εἰμι,
827 1733 1023 1800 λέγων,
1066 1733 1365 1804 ἁγγελικῆς
1396 1732 1524 1792 θέας
1559 1733 1735 1801 ἔγωγε
1760 1747 1775 1761 ⁸
1829 1734 1950 1797 πῶς

368 1825 416 1877 δ’
447 1823 544 1892 ob;
587 1825 772 1893 φησὶν,
811 1822 869 1886 δς
903 1823 1056 1891 παρά
1094 1821 1254 1874 τοῦτο
1308 1822 1403 1874 καὶ
1459 1823 1587 1884 τοὺς
1627 1820 1950 1892 ἀνθρώπους

372 1916 576 1984 ἔφυγόν
606 1932 664 1968 τε
706 1914 799 1967 καὶ
832 1913 1105 1984 φεύξομαι
1139 1913 1227 1966 διά
1255 1913 1470 1977 τέλους,
1507 1911 1730 1979 ἀνάξιον
1772 1913 1948 1980 ἐμαυ-

370 2006 463 2059 τὸν
502 2006 667 2073 γνοὺς
695 2006 795 2073 τῆς
825 2005 943 2072 μετ’
974 2003 1156 2058 αὐτῶν
1199 2003 1509 2075 διατριϐῆς,
1535 2003 1611 2066 ὡς
1639 2003 1950 2057 εὐτελέστε-

372 2098 522 2172 ρονῆ
563 2098 685 2152 κατ’
710 2098 909 2162 αὐτοὺς
937 2097 1086 2164 ὄντα,
1114 2098 1210 2152 καὶ
1239 2099 1301 2152 τδ
1324 2098 1417 2153 τοῦ
1440 2097 1729 2168 Προφήτου
1758 2098 1949 2166 φάναι,
1997 2121 2003 2127 ·

370 2194 475 2245 οὒκ
504 2192 602 2247 ἀνθ
611 2208 819 2263 ρωπον.

436 2371 539 2426 ιδ’.
589 2371 651 2425 '0
693 2372 790 2442 μὲν
829 2369 942 2435 οὖν,
998 2368 1295 2423 ίδιαίτατόν
1327 2385 1381 2422 τι
1436 2369 1638 2439 κρῖμα,
1679 2364 1825 2420 κατὰ
1859 2363 1949 2416 τδν

383 2460 733 2526 ’Δπόστολον,
763 2460 855 2512 τὸν
880 2459 1051 2530 τῦφον
1081 2459 1244 2530 ἔχων,
1275 2459 1377 2529 τὴν
1422 2456 1816 2527 ἑναντιοτάτην
1849 2453 1948 2507 τοῦ

368 2554 529 2624 ἁγίου
566 2556 895 2626 μετριότητα
926 2554 1195 2625 μηδαμῶς
1228 2553 1436 2624 φέρων,
1465 2552 1498 2621 ἦ
1529 2551 1730 2620 τάχους
1777 2547 1944 2619 εἶχεν,

363 2646 654 2718 ἠλλοιοῦτο
696 2648 791 2701 καὶ
822 2647 1223 2719 ἀπεδίδρασκε·
1268 2647 1403 2710 Θεὸς
1445 2646 1524 2709 δὲ,
1557 2647 1584 2698 ὁ
1611 2647 1727 2708 τοῖς
1756 2660 1951 2695 ταπειο

366 2743 482 2803 νοῖς
508 2741 683 2802 διδοὺς
717 2740 900 2811 χάριν,
935 2741 1232 2810 ὲπεμέτρει
1272 2739 1350 2808 τῷ
1378 2740 1572 2809 Πέτρῳ
1605 2736 1805 2805 δαψιλῆ
1849 2734 1949 2805 τὴν

368 2831 559 2903 χάριν,
594 2832 694 2885 οὐκ
745 2833 801 2884 ὲν
840 2832 916 2900 τῷ
970 2830 1217 2901 μέλλοντι
1258 2829 1422 2900 μόνον
1461 2829 1632 2899 αὐτὴν
1667 2827 1817 2897 αὑτῷ
1852 2843 1949 2879 τα-

374 2925 722 2993 μιευόμενος,
758 2923 898 2977 ἀλλὰ
926 2924 1022 2991 τῆς
1053 2911 1430 2992 ἀποκειμένης
1457 2920 1725 2989 ἐχέγγυον
1759 2918 1949 2990 ὥσπερ

369 3016 674 3089 ἀρραϐῶνα
722 3015 1005 3070 κάνταῦθα
1048 3015 1402 3086 προδεικνύςο
1451 3012 1773 3067 τούντεῦθεν
1816 3012 1947 3082 γὰρ,

369 3109 786 3180 ἀνεπηρέαστος
837 3107 1066 3172 δικαίως
1120 3110 1149 3162 ὀ
1204 3110 1377 3177 μέγας
1425 3105 1652 3160 διετέλει
1695 3106 1788 3160 τδν
1836 3104 1951 3175 βίον

2053 631 2137 685 vel
2171 631 2374 685 invitus
2404 631 2566 686 fuerit
2602 632 2851 688 laudator
2884 634 3101 688 virtutis
3123 676 3137 697 ,
3171 644 3223 689 et
3267 650 3430 702 quam
3462 639 3633 708 aptis.

2051 724 2245 778 simam
2278 725 2344 776 ad
2373 725 2813 792 persuadendum
2839 725 3138 778 orationem
3167 725 3474 793 protulerit,
3496 729 3634 780 mul-

2053 824 2163 868 tum
2195 816 2388 881 mellis,
2422 826 2479 869 ut
2508 817 2577 870 ita
2610 816 2819 883 loquar,
2852 831 3059 872 veneno
3090 819 3324 873 misc'ns
3351 860 3364 882 ,
3409 819 3632 886 insuper

2051 918 2107 963 et
2137 908 2351 977 signum
2385 909 2449 963 ad
2485 909 2644 963 fidem
2675 909 2979 964 faciendam
3010 910 3280 964 addiderit
3301 951 3315 972 ,
3345 909 3631 965 efﬁciendo

2050 1009 2109 1054 ut
2159 1003 2281 1057 fons
2334 1003 2628 1056 evanuisse
2675 1001 2747 1056 sit
2798 1003 2982 1068 visus;
3016 1018 3081 1055 an
3116 1001 3257 1069 ideo,
3289 1004 3411 1072 quis
3461 1015 3629 1063 esset,

2052 1110 2307 1165 magnum
2364 1095 2542 1148 virum
2599 1095 2806 1148 latuit?
2865 1093 3082 1147 Minime
3134 1109 3299 1158 vero;
3335 1110 3432 1148 nec
3484 1092 3627 1146 enim

2049 1188 2220 1243 latere
2267 1187 2468 1254 poterit
2501 1202 2615 1245 tes.
2668 1184 2999 1240 circumfuso
3048 1186 3166 1239 auri
3218 1185 3350 1240 ﬂore
3411 1186 3629 1250 illitum,

2049 1289 2405 1349 posteaquam
2430 1268 2601 1348 L'ydio
2629 1278 2794 1345 lapidi
2845 1279 3141 1338 admotum,
3159 1277 3317 1331 fuerit
3349 1296 3364 1331 :
3399 1277 3626 1348 Lydium

2052 1388 2284 1438 namque
2317 1372 2545 1438 lapidem
2572 1370 3080 1438 prmstautissimum
3120 1368 3355 1422 habebat
3408 1369 3627 1422 divinus

2051 1462 2245 1516 Petrus
2271 1460 2486 1513 oculum
2521 1459 2737 1513 mentis.
2799 1470 2942 1510 ret-ta
2996 1460 3047 1510 in
3105 1458 3269 1511 Deum
3328 1458 3629 1511 intentione

2049 1561 2359 1620 purgatum.
2391 1549 2647 1603 Fabulam
2675 1549 2857 1615 itaque
2881 1549 3211 1616 intelligens,
3232 1550 3494 1604 modestia
3530 1565 3626 1601 sua

2049 1644 2341 1712 superbum
2376 1641 2527 1696 illum
2559 1640 2743 1696 subito
2773 1642 3093 1707 confundit,
3126 1642 3422 1710 paucisque
3452 1641 3634 1696 verbis

2052 1735 2407 1802 impostorem
2436 1733 2621 1802 procul
2676 1733 2935 1787 amantlat
2976 1750 2991 1786 :
3025 1731 3280 1801 Indignus
3307 1775 3320 1793 ,
3358 1734 3630 1799 inquiens,

2051 1841 2150 1889 ego
2184 1842 2305 1882 smn
2339 1827 2584 1895 angelica
2617 1826 2827 1879 visione
2854 1825 2967 1893 (qui
2997 1824 3142 1880 enim
3172 1824 3330 1877 aliter
3363 1824 3476 1878 fieri
3504 1838 3633 1893 pos-

2050 1918 2311 1987 sit?)ego
2336 1918 2427 1986 qui
2478 1918 2644 1972 etiam
2693 1916 2973 1970 hominum
3028 1926 3382 1984 conspectum
3432 1915 3627 1985 fugiet

2052 2010 2239 2076 fugere
2271 2024 2546 2078 nunquatu
2582 2008 2821 2061 desinam
2864 2024 2879 2060 :
2920 2021 3043 2062 cum
3100 2021 3188 2060 me
3218 2006 3503 2077 indignum
3535 2021 3631 2061 co-

2051 2115 2308 2168 gttosram
2343 2097 2762 2151 rouversatioae
2791 2097 3036 2164 ipsorum
3061 2132 3077 2157 ,
3109 2103 3166 2146 nt
3209 2104 3335 2161 pote
3383 2095 3630 2149 viliorem

2049 2192 2359 2247 conditione
2391 2191 2653 2251 humana,
2697 2197 2866 2258 atque
2900 2185 2982 2259 (ut
3006 2186 3191 2241 verbis
3230 2186 3515 2256 Propheta:
3549 2188 3635 2242 lo-

2049 2299 2187 2354 quae
2209 2281 2284 2353 ¹¹)
2319 2295 2424 2336 non
2475 2281 2776 2334 hominem.

2120 2375 2211 2431 δι.
2240 2374 2335 2429 Ille
2364 2374 2532 2444 igitur
2554 2414 2569 2437 ,
2604 2373 2695 2438 qui
2738 2372 3175 2442 propriissimum
3211 2370 3430 2440 aliquod
3482 2369 3631 2440 judi-

2053 2468 2294 2531 cium,ut
2338 2466 2630 2535 Apostolus
2677 2465 2778 2526 ait,
2820 2464 3130 2533 superbiam
3173 2463 3380 2527 habet,
3414 2475 3634 2518 contra-

2056 2561 2190 2615 riam
2218 2561 2320 2615 sihi
2352 2558 2671 2614 modestiam
2720 2557 2823 2611 viri
2863 2557 3034 2611 sancti
3084 2557 3397 2610 nullatenus
3427 2556 3634 2622 ferens,

2052 2666 2213 2722 quam
2266 2649 2553 2705 celerrime
2604 2649 2803 2716 potuit,
2833 2649 3080 2717 dt-posita
3137 2648 3283 2702 larva
3331 2649 3510 2718 fugam
3540 2664 3634 2701 ca-

2051 2741 2298 2810 pessivit.
2332 2741 2476 2795 Dens
2529 2749 2710 2795 autem
2741 2779 2757 2805 ,
2798 2740 2889 2810 qui
2931 2740 3231 2795 humilibus
3258 2741 3347 2793 dat
3373 2741 3630 2809 gratiam,

2051 2835 2272 2893 uberem
2304 2832 2422 2902 ejus
2450 2847 2764 2888 mensuram
2799 2832 2962 2887 etiam
3011 2832 3170 2886 Petro
3213 2830 3476 2896 contulit,
3523 2846 3631 2885 non

2055 2936 2267 2981 tantttm
2295 2926 2347 2980 in
2377 2924 2562 2980 futuro
2614 2925 2815 2978 smeulo
2847 2924 3143 2994 repositam
3166 2962 3182 2986 ,
3212 2922 3304 2978 sed
3338 2924 3448 2977 illic
3479 2938 3639 2992 repo—

2048 3020 2169 3076 sitac
2201 3019 2551 3075 securitatem
2580 3057 2595 3081 ,
2632 3017 2779 3071 velut
2824 3017 3188 3071 arrhabonem
3218 3015 3269 3069 el
3315 3015 3367 3068 in
3400 3014 3503 3069 hoc
3532 3029 3635 3069 stc-

2051 3113 2172 3167 ciilo
2209 3119 2497 3179 prtestans.
2530 3108 2606 3162 Ex
2643 3108 2736 3162 illo
2768 3122 3000 3178 namque
3024 3118 3269 3177 tempore
3285 3106 3637 3161 contumeliis

352 3203 637 3273 ﬁnissent.
690 3202 781 3263 Ὠς
809 3202 919 3272 γὰρ
947 3202 1005 3256 ai
1037 3200 1150 3254 τῶν
1182 3199 1539 3271 ὑψηλοτάτων
1562 3196 1736 3268 ὀρέων
1778 3214 1948 3269 κορυ-

2052 3203 2333 3259 diabolicis
2363 3201 2504 3257 liber
2531 3244 2547 3268 ,
2580 3201 2724 3272 juste
2757 3201 3104 3272 perfecteque
3151 3200 3239 3254 vir
3275 3214 3501 3269 magnus
3561 3197 3643 3249 vi-

367 3296 472 3361 φαὶ
504 3293 815 3363 πνεύμασιν
837 3290 1003 3365 ἦττον
1035 3293 1451 3364 περιπνέονται,
1481 3293 1548 3360 τῇ
1579 3290 1674 3343 τοῦ
1708 3288 1948 3360 οὐρανοῦ

364 3386 649 3457 περιφορᾷ
695 3389 1128 3454 συγκινουμένου
1190 3383 1289 3438 τοῦ
1358 3383 1491 3454 περὶ
1546 3381 1720 3445 αὑτὰς
1762 3382 1945 3452 ἀέρος,

363 3480 405 3549 ἡ
439 3477 599 3548 μέχρι
630 3477 827 3539 καὶ-ἒς
873 3476 1045 3538 αὐτὰς
1075 3474 1162 3529 διὰ
1209 3475 1318 3527 τῶν
1368 3471 1617 3542 συνεχῶν
1656 3471 1951 3525 καθικνου-

370 3570 535 3638 μένη,
572 3568 673 3631 τῆς
719 3566 967 3619 κάτωθεν
1005 3566 1114 3616 τῶν
1146 3565 1367 3633 ἀνέμων
1413 3563 1591 3632 ὁρμῆς
1620 3577 1682 3613 τε
1721 3561 1819 3613 καὶ
1856 3574 1949 3626 γε·

368 3658 575 3720 νέσεως
641 3655 1078 3726 ὲπικρατεπτέρα
1136 3654 1455 3707 δείκνυται·
1510 3652 1602 3705 τδν
1662 3651 1831 3705 αὐτὸν
1881 3649 1946 3720 δὴ

364 3751 563 3803 τοῦτον
594 3749 815 3820 τρόπον,
845 3750 939 3801 καὶ
972 3748 1064 3800 τοῦ
1102 3747 1311 3816 Πέτρου
1357 3745 1452 3797 νῦν
1491 3746 1584 3797 ἐπὶ
1613 3744 1712 3814 τὴν
1742 3743 1947 3797 ἀοπτον

366 3838 563 3907 ὥσπερ
602 3836 837 3891 σκοπιάν
874 3836 1055 3904 πάσης
1089 3834 1312 3906 ἀρετῆς,
1345 3832 1591 3902 δηλονότι
1624 3834 1727 3903 τὴν
1759 3831 1949 3884 ταπεί-

367 3949 540 3986 νωσιν
592 3928 1125 3999 ἀναδεδραμηκότος,
1171 3929 1266 3980 καὶ
1311 3926 1406 3980 τοῦ
1462 3928 1740 3981 ἀνωτάτου
1785 3925 1949 3977 πνεύ-

372 4039 545 4093 ματος
580 4021 996 4092 ἐμπνεουμένου
1019 4037 1078 4072 τε
1113 4021 1209 4075 καὶ
1247 4020 1683 4090 περιπνεομένου
1702 4019 1945 4089 χάρισιν,

368 4116 403 4181 ὴ
460 4111 568 4163 τῶν
618 4108 873 4181 πονηρῶν
945 4109 1280 4178 πνευμάτων
1350 4108 1568 4176 φάλαγξ
1623 4108 1774 4161 κάτω
1842 4124 1947 4158 που

369 4205 631 4273 παρεῖται
686 4200 1094 4270 προσηκόντως,
1125 4202 1222 4254 καὶ
1282 4199 1647 4270 ἀπελήλαται,
1681 4199 1791 4252 τῶν
1823 4216 1950 4249 πτεο

372 4294 488 4365 ρῶν
521 4294 727 4356 αὐτοῖς,
754 4292 831 4355 ὼς
872 4292 1100 4362 τήκεται
1132 4290 1321 4361 κηρὸς,
1346 4290 1452 4344 ὑπὸ
1481 4290 1576 4344 τοῦ
1604 4290 1749 4344 θείου
1770 4291 1952 4342 διαλυι-

369 4386 575 4440 θέντων
609 4385 805 4454 πυρὸς,
847 4382 1036 4454 ὥσπερ
1078 4383 1215 4453 φασὶ
1243 4385 1340 4437 καὶ
1366 4385 1489 4447 ταῖς
1519 4383 1608 4451 ὑφ’
1640 4381 1794 4453 ἡλίου
1827 4383 1951 4453 θερ-

371 4481 634 4551 μοτέραις
665 4477 1017 4550 προσϐολαῖς,
1036 4480 1136 4551 τὴν
1160 4477 1304 4531 κατὰ
1332 4477 1462 4540 τοὺς
1495 4477 1703 4548 μύθους
1730 4477 1947 4547 Ἰκάρου

372 4573 644 4643 μηχανήν·

442 4663 539 4716 λε’.
577 4663 737 4717 Ἀλλά
774 4661 882 4734 γὰρ
915 4664 947 4734 ἡ
993 4662 1087 4715 τοῦ
1120 4661 1266 4715 θείου
1317 4661 1641 4733 Πνεῦματος
1671 4664 1947 4730 ἐπίπνοια,

367 4757 471 4819 τὰς
516 4754 865 4824 κακούργους
917 4755 1262 4826 ἀπωσαμένη
1321 4755 1616 4824 δυνάμεις,
1670 4758 1764 4809 καὶ
1821 4758 1950 4822 τοὺς

368 4847 748 4916 ἀγαθουργοίις
798 4846 1158 4917 ἀντεπιφέρει
1215 4846 1593 4918 λειτουργοὺς,
1644 4850 1740 4901 καὶ
1798 4848 1949 4919 ἄρτῳ

367 4941 584 5012 τρέφει,
615 4941 707 4993 τὸν
742 4939 835 4992 ἐπὶ
877 4939 982 5008 γῆς
1011 4939 1183 5009 αὐτῆς
1218 4939 1318 5010 οὐχ
1354 4940 1502 5010 ἥττω
1547 4938 1656 4992 τῶν
1689 4939 1802 4994 ἄνω
1834 4940 1949 4993 λει-

365 5032 641 5104 τουργῶν,
692 5034 919 5095 τακταῖς
974 5030 1200 5103 ἡμερῶν
1262 5032 1535 5100 περιόδοις
1577 5032 1647 5084 δι’
1710 5032 1944 5099 ἀγγέλου

367 5124 742 5195 κομιζομένῳ.
786 5125 947 5195 Ἠλίᾳ
981 5123 1084 5194 μὲν
1134 5123 1245 5194 γὰρ
1296 5123 1471 5191 κόραξ
1512 5123 1573 5176 τὸ
1623 5123 1946 5192 μισότεκνον

365 5216 702 5284 ὑπηρετεῖτο
737 5212 898 5279 ζῶον,
932 5211 1205 5282 σύμϐολόν
1236 5229 1371 5279 φασι
1412 5213 1503 5266 τοῦ
1540 5213 1678 5282 πρὸς
1719 5213 1780 5265 τὸ
1818 5214 1947 5283 ὁμό-

365 5307 534 5377 φυλον
567 5304 926 5376 ἀσυμπαθοῦς
952 5322 966 5336 ο
1011 5305 1202 5375 Πέτρῳ
1244 5305 1323 5370 δὲ,
1360 5305 1462 5374 τῆς
1509 5306 1632 5358 κατ’
1677 5305 1946 5373 ἀγγέλους

369 5396 670 5465 πολιτείας,
703 5399 731 5449 ὁ
761 5396 1122 5468 διακομιστὴς
1151 5397 1405 5465 ἄγγελος,
1444 5397 1677 5465 ἄγγελος
1721 5397 1903 5467 σαφής
1928 5412 1943 5428 ’

362 5489 428 5552 ὓς
462 5488 557 5541 καὶ
585 5488 645 5541 τὸ
677 5488 854 5558 μάννα
878 5489 955 5558 τῷ
985 5489 1218 5559 γενναίῳ
1250 5488 1640 5556 ἐπιδείκνυσιν,
1672 5488 1946 5558 αὐτοφυὲς

359 5576 503 5645 ὁμοῦ
530 5594 587 5629 τε
617 5576 715 5630 καὶ
742 5577 1019 5642 πολυειδὲς
1046 5578 1200 5649 ὄψον,
1240 5579 1336 5633 ἆτε
1368 5581 1433 5649 τῇ
1463 5579 1556 5636 τοῦ
1588 5577 1944 5647 μεταλαμϐά-

362 5685 550 5730 νοντος
584 5668 788 5740 ὀρέξει,
817 5671 915 5742 τὴν
964 5671 1201 5743 γευστὴν
1237 5671 1501 5745 ποιότητα
1550 5671 1940 5744 συμμεταϐάλο

446 5848 489 5879 “
522 5846 593 5903 Ps
632 5850 646 5903 l
696 5864 804 5914 ut,
835 5850 887 5907 7.

2052 3306 2160 3349 tam
2197 3293 2905 3365 peregit.Qucmadmodum
2939 3294 3084 3346 enim
3118 3306 3454 3347 summorum
3481 3304 3638 3343 mon-

2050 3390 2180 3445 tium
2218 3388 2496 3442 cacumina
2548 3387 2727 3440 veatis
2778 3386 2957 3439 minus
2993 3383 3232 3438 obnoxia
3289 3391 3439 3446 sunt,
3491 3383 3634 3451 quod

2049 3495 2143 3533 aer
2169 3477 2275 3530 illis
2302 3474 2673 3529 circumfusus
2705 3488 2809 3527 una
2838 3488 2958 3528 cum
2992 3473 3113 3526 cmli
3147 3472 3380 3527 circuitu
3413 3487 3632 3525 movea-

2052 3581 2137 3623 tur
2193 3569 2501 3639 (circuitum
2554 3575 2734 3620 autem
2787 3565 2936 3617 illum
2967 3605 2983 3629 ,
3029 3579 3126 3631 per
3159 3564 3629 3618 continuationem

2050 3674 2218 3729 usque
2265 3659 2330 3713 ad
2367 3660 2479 3725 ipsa
2510 3657 2794 3712 cacumina
2840 3656 3237 3726 pcrtingcntem
3267 3697 3281 3720 ,
3313 3656 3627 3710 validiorem

2049 3766 2190 3813 esse,
2232 3758 2394 3818 quam
2453 3750 2710 3815 impetum
2765 3755 3047 3801 ventorum
3103 3745 3312 3801 inferne
3362 3756 3632 3813 ortormn,

2053 3841 2395 3895 manifestum
2438 3840 2579 3910 est);
2611 3839 2800 3894 eodem
2838 3838 2992 3907 plane
3028 3839 3191 3892 modo
3222 3879 3240 3901 ,
3274 3852 3399 3892 cum
3440 3837 3634 3890 Petrus

2045 3934 2155 4002 jam
2183 3936 2234 3988 in
2267 3934 2598 3990 invisibilem
2633 3933 2877 3986 omnium
2909 3932 3196 3988 virtutum,
3221 3938 3281 3981 ut
3313 3929 3385 3982 ita
3422 3929 3631 3994 loquar,

2052 4028 2350 4093 speculam,
2423 4024 2677 4078 videlicet
2746 4022 3134 4085 humilitatem,
3193 4023 3500 4085 evasisset,
3569 4036 3632 4073 ac

2051 4120 2290 4176 rm‘estis
2321 4117 2548 4185 spiritus
2579 4115 2751 4186 gratia
2803 4114 3020 4169 afﬂatus
3054 4114 3425 4182 perﬂatusqne
3450 4122 3628 4177 esset;

2054 4226 2286 4280 nequam
2350 4209 2642 4277 spirituum
2715 4206 2912 4262 cohors
2965 4206 3160 4263 merito
3215 4207 3269 4258 in
3319 4205 3632 4259 inferiorem

2052 4304 2341 4370 quemdam
2389 4303 2568 4355 locum
2608 4300 2830 4354 dimissa
2853 4299 3155 4369 abactaque
3185 4308 3290 4362 est,
3321 4298 3422 4352 alis
3439 4313 3626 4353 eorum

2053 4395 2335 4452 dissolutis
2355 4395 2422 4447 ah
2446 4395 2570 4462 igne
2590 4394 2796 4456 divino,
2815 4408 2922 4446 non
2942 4408 3100 4447 secus
3117 4408 3180 4446 ac
3201 4407 3322 4445 cera
3346 4391 3597 4461 liquescit
3617 4413 3633 4457 ,-

2054 4496 2128 4547 ct,
2163 4496 2216 4538 ut
2250 4483 2448 4538 fabulae
2477 4482 2743 4543 referunt,
2781 4481 3059 4535 dissolutae
3085 4480 3301 4534 fuerunt
3333 4480 3468 4534 Icari
3501 4494 3635 4549 pc‘t-

2059 4592 2137 4630 ιιτιι
2172 4574 2581 4630 ardentioribns
2608 4572 2739 4626 solis
2771 4573 2957 4625 radiis.

2118 4670 2208 4724 55.
2252 4669 2455 4735 Netupe
2503 4665 2673 4719 divini
2725 4665 2959 4733 spiritus
2991 4664 3164 4730 favos,
3206 4662 3491 4731 spiritibus
3518 4677 3632 4715 ma-

2048 4763 2222 4815 lorum
2246 4749 2724 4815 machinatoribus
2761 4757 2996 4824 repulsis
3026 4795 3040 4819 ,
3076 4769 3261 4808 eorum
3301 4754 3422 4807 loco
3455 4755 3622 4808 bene.

2050 4854 2179 4908 ﬁros
2209 4850 2465 4908 submisit
2494 4891 2507 4915 ,
2542 4848 2865 4914 ministros;
2896 4861 2959 4902 ac
2978 4847 3179 4910 virum,
3214 4845 3378 4900 etiam
3410 4845 3537 4899 dum
3571 4846 3624 4897 in

2046 4944 2206 4998 terris
2233 4943 2554 4996 versabatur
2587 4939 2855 4993 ministris
2904 4937 3217 4992 cmlestihus
3260 4949 3366 4990 non
3409 4933 3630 4989 inferio-

2046 5050 2158 5086 rem
2194 5033 2365 5087 certis
2409 5031 2618 5085 dierum
2672 5027 2976 5083 intervallis
3016 5025 3280 5081 enutrivit
3308 5066 3324 5090 ,
3372 5040 3512 5096 pane
3564 5024 3631 5074 ab

2043 5126 2233 5190 angelo
2284 5123 2484 5179 delato.
2540 5122 2668 5176 Elia:
2728 5120 2946 5190 quidem
3011 5118 3342 5174 ministravit
3405 5131 3626 5177 corvus.

2043 5233 2164 5288 qua:
2200 5216 2434 5271 volucris
2482 5215 2659 5282 pullos
2706 5228 2838 5269 suos
2886 5212 3014 5266 odio
3068 5210 3452 5280 prosequitur,
3485 5209 3625 5277 quod

2042 5306 2348 5377 symbolum
2385 5315 2625 5367 notasse,
2659 5303 2835 5370 aiunt,
2885 5302 3372 5358 immisericordem
3414 5298 3534 5368 ejus
3569 5297 3619 5348 iu

2048 5398 2384 5452 rontrihules
2444 5399 2684 5450 animum
2724 5414 2739 5450 :
2777 5394 2940 5449 Petro
2995 5409 3147 5457 vero,
3200 5389 3458 5457 angelieas
3495 5400 3631 5443 con-‘

2049 5489 2373 5544 versationis
2410 5489 2546 5553 viro,
2583 5486 2835 5543 minister
2877 5486 3101 5553 angelus
3127 5523 3142 5548 ,
3181 5480 3472 5549 etquidem
3507 5494 3624 5531 Ina-

2047 5582 2240 5637 nifeste
2274 5582 2519 5653 angelus,
2550 5581 2724 5645 adest,
2754 5579 2844 5650 qni
2870 5579 2945 5633 illi
2976 5579 3139 5632 ctiam
3164 5587 3360 5628 manna
3378 5572 3622 5639 exhibet,

2043 5683 2237 5744 sponte
2291 5682 2479 5728 natum
2537 5683 2594 5728 et
2643 5670 2778 5727 varii
2810 5671 3025 5740 saporis
3065 5665 3373 5735 opsonium,
3436 5671 3623 5732 utpote
