3988 6476
257 410 278 472 l
317 409 402 470 *2]

1382 408 1553 468 VlTA
1590 407 1645 466 S.
1680 408 1899 467 PETRI
1946 408 2380 468 ATHONlTrE.

3377 409 3514 469 1030

251 525 610 594 ἀνάγραπτον
644 523 1036 593 ποιησαμένου,
1081 521 1243 593 μέχρι
1269 522 1363 576 καὶ
1396 524 1533 591 πρὶς
1579 524 1726 592 ἡμᾶς
1773 522 1831 576 εὖ

1940 520 2138 576 litteris
2189 536 2404 591 quoque
2437 523 2711 590 mandata,
2747 537 2851 578 non
2884 523 3005 580 sine
3038 522 3221 579 'multa
3283 527 3398 580 utili
3428 541 3517 584 ate

254 617 449 670 ποιοῦν
495 616 595 686 ἤδη
627 616 852 685 φθάνει’
898 617 964 687 τῇ
1014 632 1071 667 τε
1126 617 1316 686 μνήμῃ
1362 613 1574 680 νεάζον,
1605 614 1834 682 καὶτῆς

253 708 522 779 ὀνησίμου
556 709 842 778 δυνάμεως
871 708 968 776 οὐχ
996 707 1301 777 ὑφειμένως
1345 707 1505 778 ἔχων,
1536 707 1671 761 πᾶσι
1704 724 1837 760 παν-

253 804 348 864 τὸς
426 800 631 868 ἀγαθοῦ
704 800 1052 869 παράδειγμα
1106 799 1503 870 προκείμενον,
1558 799 1655 851 καὶ
1714 797 1833 866 βίου

253 894 589 964 τοπαράπαν
638 891 915 954 ἀπλανοῦς
960 892 1272 962 ἁρχέτυπος
1308 889 1494 957 εἰκὼν,
1528 889 1623 943 καὶ
1652 890 1836 960 πάσης

251 986 461 1054 ἀρετῆς
494 983 627 1048 ἰδέα,
662 984 845 1053 πάσης
872 985 1070 1046 κακίας
1106 984 1332 1052 ἀμιγὴς.

324 1072 430 1144 λη’.
469 1073 610 1127 Ἀλλ’
637 1076 665 1127 ό
707 1073 808 1143 μὲν
837 1074 994 1141 λόγος
1044 1072 1327 1140 ἐπείγεται
1377 1073 1514 1142 πρὸς
1559 1070 1621 1125 τδ
1644 1070 1830 1133 τέλος·

250 1163 367 1232 ἐγὼ
395 1166 439 1218 δ’
470 1164 802 1232 αἰσθάνομαι
848 1164 1018 1217 πολλὰ
1065 1165 1135 1216 τά
1175 1163 1283 1217 τῶν
1333 1164 1653 1231 ἀναγκαίων
1682 1162 1833 1231 εἰρῆ-

253 1255 382 1307 σθαι
412 1253 758 1325 παραλιπὼν,
790 1246 865 1305 ὧν
905 1253 1060 1321 ὀλίγα
1091 1253 1371 1322 προσθεὶς,
1408 1255 1498 1305 καὶ
1525 1252 1697 1306 ταῦτα
1723 1253 1831 1305 τῶν

256 1345 398 1413 μετὰ
460 1345 556 1413 τὴν
612 1344 748 1413 πρὸς
799 1342 937 1395 Θεδν
995 1343 1269 1413 ἐκδημίαν
1331 1343 1707 1413 ὑπηργμένων
1753 1341 1831 1412 τῷ

253 1436 568 1507 θαυμασίῳ,
619 1436 894 1506 προσῆκον
942 1437 1156 1506 ποιήσω
1203 1436 1282 1504 τῷ
1333 1436 1476 1505 λόγῳ
1519 1434 1693 1498 τέλος.
1725 1436 1832 1489 Μι-

254 1531 390 1598 κρὸν
420 1527 514 1582 οὖν
546 1524 703 1591 αὖθις
755 1527 1116 1596 ἀναληπτέον.
1141 1528 1481 1597 Τεθεαμένος
1532 1528 1640 1598 γάρ
1667 1530 1694 1580 ὁ
1722 1546 1825 1580 xu.

255 1620 492 1690 νηγέτης
542 1622 749 1682 ἐκεῖνος
795 1618 888 1672 τὸν
931 1618 1027 1672 τοῦ
1076 1618 1213 1672 Θεοῦ
1260 1619 1572 1689 ἄνθρωπον,
1612 1621 1706 1673 καὶ
1750 1621 1830 1681 είς

246 1711 443 1777 λόγους
478 1711 667 1775 ἐλθὼν,
697 1713 793 1764 καὶ
821 1712 985 1777 γνοὺς
1016 1712 1146 1763 αὐτὸ
1176 1710 1325 1764 τοῦθ’
1354 1711 1429 1775 ὡς
1455 1710 1670 1781 άληθῶς
1700 1711 1829 1763 ὄντα

247 1802 389 1853 Θεοῦ
442 1802 990 1880 ἄνθρωπονημᾶλλον
1039 1801 1085 1854 δ’
1132 1803 1274 1873 ὑπὲρ
1324 1804 1477 1871 ἡμᾶς
1509 1803 1696 1871 φάναι,
1734 1802 1828 1853 καὶ

1939 613 2004 666 ad
2034 628 2133 667 nos
2173 628 2346 681 usque
2365 614 2619 681 pervenit
2647 634 2661 681 ;
2691 632 2754 669 ac
2782 617 3041 671 memoria
3087 617 3169 672 sui
3215 633 3475 674 renovata
3497 656 3517 686 ,

1938 721 2044 760 non
2077 721 2266 775 parum
2301 707 2520 761 virtutis
2556 707 2814 777 proﬁcua:
2838 709 3125 764 continens
3155 750 3169 771 .
3204 712 3515 781 exemplum

1936 799 2116 853 omnis
2146 799 2270 853 boni
2325 800 2537 855 cunctis
2583 800 2938 870 proponitur.
2975 802 3295 870 principalis
3335 804 3516 873 imago

1937 893 2062 945 vita:
2095 894 2456 962 undequaque
2486 894 2817 958 innocentis,
2845 894 3021 948 forma
3047 893 3376 949 omnimoda:
3406 896 3517 950 vit-

1939 984 2094 1046 tntis,
2127 984 2454 1038 omnimodae
2500 985 2638 1039 labis
2670 999 2891 1054 expers.

2007 1075 2098 1131 58.
2135 1075 2238 1148 Sed
2283 1075 2458 1129 oratio
2505 1086 2684 1130 nostra
2744 1076 2904 1131 linem
2957 1086 3164 1146 spectat
3202 1094 3217 1131 :
3264 1077 3517 1146 quamvis

1934 1163 2237 1219 existimem
2273 1167 2439 1219 multa
2466 1208 2480 1228 ,
2518 1183 2636 1233 qua:
2679 1168 2786 1219 dici
2818 1168 3103 1231 deberent,
3150 1179 3296 1237 pra'lo
3319 1169 3515 1222 rmissa

1933 1270 2089 1323 esse;
2121 1272 2350 1326 quorum
2384 1275 2578 1328 pauca,
2612 1275 2733 1329 quae
2758 1271 2877 1330 post
2907 1261 3171 1316 mirabilis
3198 1262 3300 1315 viri
3333 1263 3396 1315 ad
3426 1277 3517 1315 su-

1931 1363 2092 1420 peros
2129 1351 2418 1405 transitum
2446 1353 2814 1420 contigerunt,
2847 1369 2991 1407 nunc
3026 1354 3292 1417 referens,
3322 1363 3509 1423 aptum

1931 1443 2161 1495 orationi
2197 1442 2355 1496 linem
2415 1444 2711 1512 imponam.
2749 1446 3110 1513 Quamobrem
3162 1447 3322 1515 paulo
3350 1449 3515 1502 altius

1934 1535 2219 1598 repetenda
2261 1536 2391 1588 mihi
2444 1538 2621 1590 oratio
2661 1548 2767 1593 est.
2806 1537 3102 1608 Postquam
3141 1550 3366 1593 venator
3420 1539 3513 1594 ille

1934 1622 2193 1677 l'aurnlum
2224 1625 2315 1678 Dt-i
2353 1626 2583 1692 viderat,
2618 1628 2891 1682 allocutus
2924 1629 3124 1691 fuerat,
3164 1644 3229 1684 ac
3258 1645 3384 1684 vere
3417 1643 3512 1683 eo-

1932 1727 2214 1782 gum'erat,
2250 1716 2522 1771 hominem
2556 1730 2804 1773 sanctum
2836 1734 2999 1782 esse;
3041 1728 3135 1773 aut
3162 1719 3342 1787 potius
3387 1734 3511 1773 ma-

1928 1804 2102 1873 jorem
2135 1808 2466 1868 hominibus.
2527 1811 2776 1879 angelum
2815 1825 3002 1864 revera
3050 1810 3166 1873 Dei,
3230 1809 3511 1891 etelestelm

246 1894 484 1962 ἄγγελον
532 1870 799 1965 ἀτεχνῶς
830 1894 989 1959 Θεοῦ,
1019 1895 1113 1947 καὶ
1170 1870 1381 1964 μύστην
1436 1870 1546 1946 τῶν
1596 1894 1709 1949 ἄνω
1738 1893 1831 1946 καὶ

1935 1899 2373 1965 sacertlotetn,ac
2391 1899 2620 1956 Deitatis
2652 1902 3137 1970 contemplatorem
3166 1902 3376 1967 videri;
3405 1884 3512 1956 non

250 1984 460 2055 θεωρόν
483 2004 497 2017 ·
524 1986 584 2039 οὐ
615 1986 845 2051 δεκάτας
874 1987 984 2041 ἀπὸ
1012 1986 1121 2039 τῶν
1157 1988 1387 2040 ἐνόντων
1430 1986 1625 2050 ἐδίδου,
1654 1985 1830 2040 καθά·

252 2094 365 2148 περ
413 2077 666 2149 ’Δϐραάμ
703 2079 870 2132 πάλαι
916 2078 996 2150 τῷ
1028 2080 1370 2151 Μελχισεδὲκ
1417 2079 1691 2152 ἐντυχώνο
1720 2079 1830 2133 οὐδ’

247 2170 367 2226 ἀπὸ
396 2170 507 2224 τῶν
559 2171 702 2224 οἴκοι
734 2171 1259 2242 τεθησαυρισμένων
1309 2172 1624 2243 ὑπισχνεῖτο
1666 2171 1831 2242 κομί-ο

244 2281 388 2330 σειν,
419 2264 452 2336 ἦ
481 2264 544 2317 τὸ
586 2265 758 2336 ἥμισυ
804 2264 912 2317 τῶν
962 2264 1318 2335 ὑπαρχόντων
1350 2265 1585 2334 πτωχοῖς
1630 2263 1832 2318 διδόναι

243 2357 395 2411 κατά
452 2358 751 2428 Ζακχαῑον·
808 2356 927 2410 ἀλλ’
978 2357 1101 2411 ὅλον
1157 2358 1352 2411 ἑαυτὸν
1403 2357 1547 2427 Θεῷ,
1605 2357 1699 2409 καὶ
1751 2352 1830 2427 τῷ

243 2448 394 2502 κατά
423 2448 556 2502 Θεὸν
586 2449 743 2519 ἀνδρὶ
789 2449 1052 2520 παρέξειν
1082 2451 1291 2522 ᾑρεῖτο,
1327 2448 1537 2519 ζημίαν
1591 2449 1826 2520 ἡγούμε-

246 2558 341 2602 νος
364 2539 463 2611 τὴν
494 2541 774 2607 ἐπάνοδον,
808 2544 905 2595 καὶ
936 2543 1035 2613 τὴν
1065 2544 1161 2597 ἀπ’
1210 2541 1376 2596 αὐτοῦ
1425 2542 1699 2608 διάζευξιν
1727 2545 1828 2598 οὐκ

242 2632 347 2687 ἐπὶ
397 2632 523 2687 νοῦν
570 2633 734 2705 ἔχων.
797 2634 1105 2702 Ἐντεῦθεν,
1150 2634 1354 2706 ταύτην
1384 2635 1706 2705 ἐπαγγέλλω
1746 2654 1828 2689 σοι

242 2724 436 2796 χάριν,
468 2724 645 2794 ἔλεγε,
696 2725 953 2799 θειοτάτη
1003 2744 1095 2797 μοι
1142 2728 1384 2799 κορυφὴ,
1417 2727 1827 2799 παραδέξασθαι

245 2835 357 2887 μου
383 2816 484 2888 τὴν
514 2817 817 2883 συνοικίαν,
855 2813 922 2871 ἵν*
969 2817 1076 2871 ὑπὸ
1109 2818 1193 2871 σοὶ
1221 2818 1531 2889 διδασκάλῳ
1560 2819 1829 2889 ταττόμε-

243 2926 363 2974 νος,
393 2908 454 2961 τὸ
476 2908 660 2962 λοιπὸν
690 2909 798 2962 ’καὶ
820 2908 983 2972 αὐτὸς
1027 2910 1242 2972 ἀσαλῶς
1287 2910 1428 2965 κατὰ
1457 2910 1589 2964 Θεδν
1622 2909 1827 2979 βιώσω,

243 2999 505 3069 δυνηθεὶς
539 2999 829 3070 διαδρᾶναι
860 3000 957 3064 τάς
999 2999 1253 3064 ποικίλας
1280 3000 1389 3056 τῶν
1429 3000 1528 3073 τῆς
1561 2999 1829 3068 πονηρίας

246 3093 586 3160 πνευμάτων
635 3091 879 3161 ἐνέδρας,
909 3090 1004 3144 καὶ
1048 3089 1185 3156 πρὸς
1222 3091 1387 3143 αὑτὸν
1437 3088 1641 3159 φθάσαι
1671 3089 1825 3152 Θεὸν,

241 3181 351 3250 τὴν
377 3181 567 3252 κοινὴν
620 3181 732 3235 τῶν
769 3180 831 3235 εὖ
856 3180 1199 3251 βεϐιωκότων
1247 3178 1603 3234 ἀνάπαυλαν
1644 3180 1705 3243 ὂς
1733 3179 1827 3234 καὶ

243 3274 625 3346 προσδραμεῖν
666 3274 815 3345 αὖτῷ
841 3275 1053 3339 πάντας
1099 3275 1496 3340 διακελεύεται,
1527 3277 1624 3331 καὶ
1656 3293 1828 3347 προσ-

246 3370 435 3431 ιόντας
500 3368 787 3436 προσίεται
841 3368 1198 3440 φιλοφρόνως,
1266 3370 1361 3423 καὶ
1413 3370 1523 3423 τῶν
1569 3370 1833 3441 μειζόνων

242 3460 279 3531 ἦ
314 3458 437 3513 κατ’
484 3459 708 3524 ἐλπίδας
751 3457 911 3525 ἀξιοῖ.
946 3459 1109 3514 Γενοῦ
1167 3460 1350 3514 τοίνυν
1397 3462 1501 3515 κάν
1530 3462 1707 3532 τούτῳ
1744 3479 1831 3531 μι-

250 3552 433 3625 μητὴς
457 3552 550 3606 τοῦ
580 3554 877 3620 Δεσπότου,
912 3556 1008 3608 καὶ
1052 3554 1156 3626 τὴν
1222 3555 1362 3625 ἐμὴν
1416 3554 1682 3625 μηδαμῶς
1720 3555 1831 3607 ἀπ-

250 3642 491 3714 αξιὼσης
541 3643 937 3699 εὐτέλειαν.οὑ
984 3644 1092 3714 γὰρ
1131 3644 1210 3697 ἐτ’
1262 3645 1533 3716 ἀνέχομαί
1587 3663 1679 3697 σου
1733 3648 1832 3716 τῆς

250 3736 381 3800 θέας
410 3735 770 3808 ἀποσχέσθαι,
801 3737 893 3791 τοῦ
942 3736 1078 3791 Θεοῦ
1122 3736 1377 3805 ἄνθρωπε
1406 3754 1420 3769 ’
1474 3737 1569 3791 σοῦ
1624 3739 1730 3808 γάρ
1781 3740 1831 3791 εί

244 3830 562 3902 διασταίην,
615 3829 853 3885 ἀϐίωτον
904 3831 1003 3883 οὐκ
1051 3832 1360 3893 ἀπεικότως
1409 3831 1622 3885 ἑλκύσω
1678 3832 1827 3902 βίον·

243 3923 442 3991 ὥσπερ
474 3925 523 3976 εί
548 3921 828 3995 θησαυροῦ
861 3923 1116 3992 μετέχειν
1144 3922 1282 3989 ἐξὸν,
1310 3922 1405 3975 καὶ
1431 3921 1704 3992 θησαυροῦ
1735 3922 1831 3991 τῆς

241 4015 352 4084 γῆς
399 4015 622 4085 ἁπάσης
670 4016 1025 4085 τιμιωτέρου,
1065 4009 1164 4067 εἶτ’
1207 4013 1372 4078 αὐτὸς
1419 4013 1560 4067 ἑκὼν
1592 4013 1831 4083 ἐμαυτὸν

244 4108 563 4178 ἀπήγαγον,
593 4112 865 4181 στερήσας
894 4110 993 4179 τῆς
1024 4109 1196 4180 καλῆς
1226 4109 1544 4178 μετουσίας.

317 4199 418 4255 λθ’.
466 4200 632 4267 Ἀλλ’,
670 4201 827 4270 Οὐχὶ,
863 4203 1032 4270 φησιν
1058 4204 1084 4254 ὁ
1119 4201 1215 4255 καὶ
1262 4202 1332 4253 τά
1379 4202 1574 4270 πόρρω
1602 4197 1867 4275 προϐλέ-ι-

246 4309 369 4346 πων
415 4294 598 4347 οὑτοσὶ
631 4292 839 4362 Πέτρος
862 4309 876 4322 ο
929 4291 1056 4363 μηδ’
1088 4293 1280 4357 οὕτως,
1315 4285 1360 4344 ὦ
1393 4284 1571 4356 οὗτος,
1627 4292 1831 4360 ἀρτίως

245 4384 484 4438 διανοοῦ.
512 4384 604 4436 Σοὶ
629 4385 740 4453 γὰρ
768 4384 832 4454 δὴ
870 4386 966 4437 καὶ
1008 4383 1241 4452 σύζυγος
1274 4385 1415 4436 οἴκοι
1451 4386 1709 4454 κάθηται,
1739 4385 1832 4436 καὶ

1932 1989 2178 2044 decimas
2216 2008 2402 2047 eorum
2429 2009 2549 2063 quae
2586 1995 2921 2064 possidebat,
2957 1995 3034 2049 uti
3069 1995 3198 2049 olim
3226 1994 3509 2049 Abraham

1932 2081 2323 2140 Melehisedeco
2366 2099 2666 2141 occurrens
2690 2126 2708 2152 ,
2750 2087 2976 2155 largitus
3007 2097 3134 2153 est;
3170 2101 3348 2155 neque
3395 2088 3516 2143 the—

1933 2188 2124 2229 sanros
2175 2174 2321 2229 domi
2374 2179 2688 2233 reconditos
2743 2178 3034 2235 allaturum
3062 2215 3081 2244 ,
3112 2187 3205 2232 aut
3230 2177 3513 2233 dimidium

1931 2265 2197 2321 bonorum
2222 2282 2468 2334 suorum,
2488 2271 2733 2340 exemplo
2766 2270 2976 2326 Zacluei
3001 2310 3017 2335 ,
3061 2270 3391 2341 pauperibus
3415 2273 3517 2325 da-

1933 2370 2114 2414 turum
2162 2375 2224 2415 se
2253 2361 2506 2430 promisit
2547 2380 2564 2430 ;
2594 2376 2779 2417 verum
2805 2378 2926 2418 sese
2952 2364 3060 2417 Deo
3076 2363 3365 2432 divinaque
3397 2362 3519 2417 viro

1932 2462 2107 2507 totum
2139 2454 2397 2509 addicere
2432 2455 2660 2523 statuit,
2698 2455 2930 2514 reditum
2978 2456 3248 2526 supplicio
3281 2457 3384 2512 sibi
3419 2459 3520 2510 du-

1929 2555 2153 2607 cens,et
2182 2544 2405 2599 omnino
2434 2545 2683 2615 cogitans
2729 2560 3003 2614 nunquam
3042 2560 3101 2600 se
3125 2549 3192 2602 ab
3225 2547 3318 2601 illo
3345 2547 3516 2600 divel-

1930 2634 2170 2689 lendum.
2200 2635 2316 2704 Qua
2349 2635 2420 2689 de
2452 2652 2616 2691 causa
2645 2637 2788 2692 hanc
2810 2652 2842 2690 a
2888 2647 2939 2690 Ie
2983 2640 3211 2707 gratiam
3259 2649 3404 2708 peto,
3433 2639 3517 2693 in-

1928 2729 2170 2798 quiebat,
2199 2730 2281 2783 vir
2309 2730 2674 2795 sanctissime,
2701 2739 2758 2783 ut
2801 2730 2855 2783 in
2894 2731 3209 2785 societatem
3244 2743 3391 2785 tuam
3419 2748 3509 2787 me

1929 2820 2184 2889 recipias,
2214 2837 2322 2891 quo
2356 2833 2406 2878 te
2437 2824 2695 2892 magistro
2734 2824 3000 2895 reliquum
3037 2824 3161 2877 vita:
3203 2838 3361 2889 meae,
3409 2841 3515 2879 ett--

1929 2925 2111 2966 rarum
2151 2923 2370 2983 expers,
2406 2915 2515 2969 Deo
2541 2915 2849 2985 impendam
2880 2931 2896 2982 ;
2928 2915 3108 2970 varias
3147 2914 3508 2986 malignorum

1931 3003 2219 3069 spirituum
2245 3005 2470 3060 insidias
2492 3020 2748 3072 caveam;
2783 3014 2946 3073 atque
2962 3006 3028 3059 ad
3051 3004 3241 3072 Deum,
3263 3020 3515 3061 commu-

1932 3110 2054 3148 nem
2087 3097 2350 3160 omnium,
2386 3096 2476 3167 qui
2518 3097 2679 3152 beato
2723 3098 2827 3152 line
2857 3098 3024 3153 vitam
3048 3098 3396 3163 clauserunt,
3430 3113 3518 3152 re-

1854 3213 1898 3271 c
1936 3188 2116 3257 quiem
2169 3188 2482 3255 perveniam
2516 3206 2533 3254 ;
2591 3186 2791 3253 Deum,
2820 3186 3063 3257 inquam,
3098 3187 3191 3257 qui
3220 3202 3409 3243 omnes
3446 3190 3516 3244 ad

1935 3296 1993 3335 se
2018 3279 2177 3352 jubet
2211 3282 2416 3345 venire,
2450 3281 2731 3335 venientes
2758 3281 2988 3351 benigne
3022 3279 3227 3349 excipit
3257 3318 3273 3345 ,
3303 3278 3363 3335 ac
3392 3296 3510 3333 ma-

1929 3372 2139 3440 joribus
2193 3390 2352 3443 quam
2414 3384 2767 3442 speraveram
2812 3374 3051 3442 prmmiis
3114 3382 3515 3427 remuneratur.

1930 3463 2041 3538 Fac
2075 3465 2239 3534 igitur
2273 3465 2323 3518 in
2350 3464 2453 3519 hoc
2486 3478 2702 3532 quoque
2736 3464 3024 3517 Dominum
3053 3471 3200 3516 tuum
3238 3462 3512 3528 imiteris;

1934 3564 2096 3623 atque
2121 3554 2469 3625 exiguitatem
2495 3570 2696 3619 meam,
2729 3561 2932 3623 qumso,
2965 3569 3031 3607 ne
3058 3554 3309 3623 repudies
3339 3568 3354 3610 :
3384 3567 3519 3607 non-

1933 3646 2058 3699 dum
2090 3646 2234 3699 enim
2271 3646 2338 3698 ah
2367 3652 2586 3715 aspectu
2622 3655 2736 3707 tuo,
2769 3645 2852 3698 vir
2885 3644 2973 3698 Dei
3003 3683 3018 3708 ,
3078 3660 3301 3713 possum
3331 3644 3514 3700 avelli.

1934 3736 2086 3804 Quod
2121 3740 2164 3793 si
2202 3738 2359 3793 avelli
2385 3752 2470 3792 me
2498 3737 2719 3793 omnino
2748 3737 2903 3803 velis,
2940 3737 3305 3792 miserabilem
3334 3736 3515 3806 impu-

1934 3840 2163 3890 steruut,
2200 3845 2298 3884 nec
2328 3830 2550 3900 injuria,
2582 3838 2855 3883 tracturus
2882 3845 2999 3885 sum
3024 3830 3189 3880 νὶιειιιι
3221 3844 3236 3882 ε
3280 3828 3444 3882 veluti
3466 3828 3512 3880 Si

1937 3925 2255 3978 thesaurum
2315 3923 2366 3975 in
2404 3931 2670 3989 petestate
2710 3937 2827 3975 mea
2865 3922 3147 3984 haberem,
3183 3930 3237 3973 et
3289 3918 3512 3990 quidem

1934 4016 2193 4087 omnibus
2253 4015 2435 4068 mundi
2480 4013 2682 4069 divitiis
2728 4013 3187 4082 pra'Stantiorem,
3224 4011 3378 4082 cujus
3413 4026 3516 4082 ego

1935 4107 2278 4177 pos~essioue
2314 4120 2398 4159 me
2438 4116 2622 4173 postea
2648 4119 2767 4158 mea
2796 4112 2992 4173 sponte
3021 4117 3299 4157 exuerent.

2005 4200 2094 4256 59.
2112 4198 2228 4253 Non
2262 4197 2365 4264 sic,
2400 4198 2576 4267 inquit
2611 4197 2703 4267 qui
2730 4196 2908 4250 l'utnra
2934 4184 3263 4264 ιιι-ωνίἶιεικιι
3295 4194 3515 4259 Petrus,

1936 4308 2037 4347 neu
2069 4292 2148 4347 sic
2201 4290 2360 4345 modo
2392 4290 2591 4360 cegita,
2632 4292 2770 4344 bone
2802 4288 2909 4344 vir.
2940 4288 3102 4343 Sedet
3132 4304 3366 4358 namque
3419 4287 3519 4343 tibi

1935 4401 2069 4440 uxor
2097 4385 2262 4450 domi,
2289 4394 2342 4438 et
2375 4382 2665 4454 propinqui
2704 4395 2811 4437 tua:
2842 4398 2986 4437 cura:
3035 4383 3312 4436 commissi
3345 4389 3472 4435 sunt
3500 4397 3515 4436 :

247 4476 622 4547 προσήκοντες
668 4478 810 4531 κατὰ
853 4478 1009 4546 γένος
1055 4478 1520 4546 ἐπιτετράφαται,
1555 4478 1650 4531 καὶ
1701 4494 1831 4548 προ-

1945 4476 2153 4531 accedit
2177 4476 2320 4546 quod
2343 4491 2429 4530 res
2453 4474 2737 4529 lamiliaris
2772 4475 2865 4529 tibi
2900 4474 3043 4527 lauta
3088 4485 3357 4542 suppetat,
3398 4486 3519 4536 quae

248 4571 367 4623 σέτι
393 4571 685 4639 πρόσεστιν
709 4570 867 4623 οὐσία
896 4570 1090 4639 πολλὴ,
1111 4571 1323 4625 πολλῶν
1344 4572 1597 4643 πενήτων
1616 4570 1834 4645 ἐμπλῆ-

247 4678 344 4717 aut
381 4660 654 4732 δυναμένη
688 4661 985 4731 γαστέρας.
1020 4664 1157 4732 ’Δγε
1187 4663 1249 4733 δή
1285 4681 1398 4734 μοι,
1430 4662 1583 4732 φίλον
1620 4662 1830 4726 τέκνον,

246 4753 444 4825 βοηθὸς
470 4755 783 4810 ἐπανελθὼν
817 4754 981 4822 γενοῦ
1007 4756 1149 4811 κατὰ
1179 4759 1280 4827 τῆς
1318 4756 1552 4820 ἐνδείας,
1586 4759 1696 4817 τοῖς
1729 4754 1832 4809 ὑπὸ

242 4846 455 4913 ταύτης
493 4846 730 4914 ἀφειδῶς
784 4846 1148 4918 πιεζομένοις,
1179 4850 1273 4902 καὶ
1321 4848 1397 4919 μὴ
1425 4848 1634 4921 ἀνήσῃς
1657 4848 1831 4917 ἐπαρ-

245 4941 367 4992 κεῖν
420 4939 626 5004 αὐτοίς,
671 4940 800 5011 ἄχρι
836 4941 930 4992 καὶ
984 4940 1180 4993 σαυτὸν
1238 4941 1297 4993 ἐν
1329 4940 1421 5012 ίσῃ
1472 4940 1832 5002 καταστάσεις

249 5030 442 5102 μοίρᾳ,
476 5030 610 5083 Τότε
648 5031 756 5102 γὰρ
790 5032 920 5092 tam;
960 5027 1018 5086 εὖ
1055 5033 1222 5085 ποιῶν
1262 5033 1352 5084 ἐπὶ
1383 5032 1474 5084 τὸν
1512 5032 1711 5101 αὐχένα
1742 5030 1834 5084 τὸν

246 5122 491 5192 Χριστοῦ
544 5122 707 5189 ζυγὸν
761 5123 1044 5195 ἀναϐήσῃ·
1082 5143 1099 5175 ι
1145 5123 1355 5195 Πτωχοὶ
1405 5123 1534 5194 γὰρ,
1569 5122 1642 5185 ὼς
1671 5122 1834 5185 αὐτὸς

242 5210 442 5279 εἶπεν,
491 5213 974 5283 εὐαγγελίζονται’
1013 5234 1031 5268 ι
1075 5218 1318 5287 προσέχῃ
1376 5215 1434 5267 δὲ
1495 5215 1707 5284 σαυτῷ,
1739 5217 1833 5268 καὶ

239 5307 369 5369 ταῖς
394 5307 551 5377 γηῖνα
564 5325 609 5370 ις
640 5307 812 5375 ὁπόση
840 5308 1067 5379 δύναμις
1096 5308 1310 5377 ἡδοναῖς
1335 5324 1391 5360 τε
1418 5307 1511 5360 καὶ
1539 5309 1832 5378 μερίμναις

246 5401 696 5467 ἀποταξάμενος,
731 5400 1049 5481 πίρᾶμενον
1079 5403 1263 5472 τηρεῖν
1301 5402 1359 5454 ὲν
1398 5402 1464 5470 τῇ
1520 5402 1588 5470 σῇ
1636 5399 1834 5471 καρδίᾳ

241 5492 351 5559 τὴν
388 5489 483 5541 τοῦ
514 5490 651 5544 Θεοῦ
696 5491 939 5562 μνήμην,
977 5493 1076 5562 τὴν
1109 5491 1196 5545 ἐπ’
1225 5493 1452 5561 ὀνῧματι
1497 5490 1688 5544 τούτου
1735 5509 1832 5560 με·

238 5587 436 5654 λέτην,
468 5587 577 5646 τοῖς
635 5587 691 5636 ἐν
753 5587 982 5655 κρυπτῷ
1030 5586 1359 5656 τῆςψυχῆς
1408 5586 1652 5657 ταμείοις
1705 5585 1833 5638 ἀνά·

238 5693 498 5750 γραπτον
551 5677 741 5750 ὥσπερ
793 5680 1111 5751 ἐνθέμενος·
1150 5667 1316 5745 θείοις
1364 5697 1423 5733 τε
1484 5680 1686 5748 βίϐλοις
1737 5681 1833 5731 καὶ

324 5861 373 5895 ²³
400 5859 594 5914 Matth.
627 5875 700 5924 at,
733 5858 785 5913 ὅ.

1937 4569 2231 4637 plurimum
2286 4582 2584 4637 egenorum
2646 4568 2910 4619 latrantes
2979 4567 3292 4619 stomachus
3345 4564 3519 4632 possit

1934 4661 2148 4715 sedare.
2179 4660 2293 4727 Age
2330 4658 2516 4728 igitur,
2547 4657 2744 4711 dilecte
2782 4656 2878 4721 ﬁli,
2919 4665 3212 4719 revertere,
3250 4664 3302 4708 et
3338 4654 3517 4722 inppia

1932 4753 2169 4821 graviter
2217 4750 2592 4805 laborantibus
2630 4748 2935 4818 opitulare,
2985 4761 3088 4800 nec
3134 4747 3285 4816 prius
3324 4747 3515 4800 desine

1930 4845 2041 4910 illis
2072 4857 2299 4911 erogare
2328 4858 2445 4909 qua:
2482 4841 2673 4899 habes,
2705 4853 2866 4907 quam
2910 4837 2975 4891 ad
3011 4852 3199 4907 parem
3249 4838 3317 4893 iis
3359 4837 3519 4892 reda-

1935 4946 2053 4990 ctus
2087 4935 2254 4989 fueris
2285 4933 2676 4989 conditiOuem.
2707 4930 2859 4985 Tunc
2900 4932 3044 4984 enim
3094 4928 3330 4985 fortasse
3376 4931 3519 4985 bene

1933 5031 2184 5085 iaciendo
2211 5028 2509 5083 tuereberis
2553 5038 2611 5080 ut
2643 5026 2846 5079 Christi
2877 5025 3006 5094 jngo
3039 5027 3240 5080 collum
3275 5026 3513 5081 sululas:

1939 5147 1957 5180 ι
2001 5126 2274 5196 Pauperes
2308 5124 2505 5195 quippe
2531 5163 2544 5188 ,
2584 5132 2638 5176 ut
2669 5122 2783 5190 ipse
2814 5126 2910 5178 ait.
2938 5121 3378 5188 cvangelizantur
3412 5121 3513 5173 ¹².›

1931 5222 2165 5277 Attende
2199 5236 2326 5274 vero
2362 5218 2455 5271 tibi
2505 5219 2616 5285 ipse
2647 5233 2660 5282 ;
2715 5215 3085 5284 voluptatibus
3110 5215 3368 5282 curisque
3400 5222 3511 5266 ter-

1933 5313 2081 5367 renis
2116 5312 2365 5365 nuntium
2404 5323 2665 5379 quantum
2718 5308 2833 5361 licri
2871 5315 3049 5373 potest
3096 5307 3350 5370 remitte;
3396 5317 3522 5373 pero

1922 5419 2150 5477 petuam
2219 5406 2270 5460 in
2362 5405 2545 5458 animo
2601 5415 2692 5457 tuo
2764 5417 2923 5458 serva
2980 5400 3298 5455 meritoriam
3380 5396 3518 5462 Dei,

1931 5499 2159 5568 ejusque
2190 5514 2386 5552 nomen
2423 5499 2474 5551 in
2507 5510 2719 5551 secreto
2744 5496 2924 5551 cordis
2956 5494 3030 5548 tui
3069 5491 3384 5546 meditando
3421 5504 3520 5544 ve-

1933 5590 2028 5643 luti
2065 5589 2370 5644 inscribens
2392 5631 2407 5652 ,
2439 5605 2624 5643 Sztt‘l‘us
2677 5590 2901 5658 paginas
2934 5595 3095 5658 atque
3125 5584 3339 5654 eloquia
3397 5587 3518 5641 sin-

1934 5682 2072 5752 gulis
2126 5682 2319 5738 diebus
2398 5685 2657 5752 horisque
2724 5681 2951 5752 singulis
3005 5679 3250 5734 studiose
3306 5677 3516 5733 lcctita.
3566 5672 3571 5675 ’
