3988 6464
570 320 701 388 10Ίῖ

557 430 695 485 t'um
719 446 806 498 [ne
838 431 888 485 in
916 430 1001 484 bis
1035 433 1160 485 anni
1220 435 1455 501 spatium
1511 438 1781 506 exegeris,
1834 442 1877 494 si
1935 445 2000 496 ad
2048 458 2143 497 nos

561 524 756 576 reverti
788 523 969 576 animo
996 523 1312 585 collubituvn
1341 527 1410 580 sit
1435 532 1715 601 tuo,°quid
1746 541 1797 588 te
1860 535 1975 590 ﬁeri
2009 538 2137 593 velit

564 614 730 679 Deus,
765 613 1102 671 manifestius
1128 632 1443 687 cognosces.

1842 308 2223 394 GREGORit
2268 337 2591 399 PALAMA“.

3647 344 3751 411 1032

2177 461 2215 509 Α
2248 447 2449 515 λογίοις
2496 450 2798 525 ὲντυγχὲινῃ
2848 450 2972 507 ὗσαι
3023 451 3225 524 ἡμέραι
3270 470 3326 506 τε
3376 454 3457 507 καὶ
3491 447 3628 526 ὧραι.
3664 460 3753 510 Κὲν

2244 539 2453 602 τοὶτοις
2496 543 2828 593 ἐνιαυσιαῖον
2869 543 3062 612 χρῦνον
3116 542 3346 612 ἡνυκὼς,
3379 542 3441 613 ἢν
3484 544 3601 611 πρὸς
3640 546 3754 614 ἡμᾶς

2238 629 2393 695 αὖθις
2423 632 2649 702 ἀφῖχθαι
2685 633 3064 705 προθυμηθῇς,
3090 635 3211 707 εἴσῃ
3235 635 3291 687 τὸ
3319 635 3440 707 περὶ
3474 635 3557 689 σοῦ
3586 636 3755 704 θέλημα

2238 721 2331 774 τοῦ
2365 724 2573 793 Κυρίου
2612 726 2961 795 τρανότερον.

1982 858 2213 915 CAPUT
2255 862 2392 919 Vill.

1194 970 1396 1025 Mortui
1425 974 1650 1029 cadaver
1700 976 1992 1032 dwmonem
2035 981 2288 1052 expellit,
2328 1003 2391 1040 ac
2428 990 2550 1043 navi
2584 990 2887 1063 impositum
2928 994 3193 1064 aufertur.

628 1081 717 1136 40.
758 1079 891 1134 Cum
936 1081 1050 1136 haec
1080 1083 1276 1139 eﬂ‘atus
1324 1098 1686 1160 precatusque
1718 1102 1901 1158 esset,
1934 1109 2140 1151 sermo-

554 1187 679 1225 nem
718 1170 1013 1241 abrumpit,
1046 1182 1217 1243 atque
1253 1190 1283 1228 a
1315 1187 1574 1232 venatore
1604 1182 1849 1236 recessit.
1880 1181 1995 1238 ilic.
2013 1198 2143 1238 vero

553 1265 775 1317 domum
810 1264 1152 1319 revertitur:
1206 1266 1429 1336 jamque
1486 1270 1850 1328 dcterminato
1900 1283 2143 1345 tempore

556 1357 935 1426 prieterlapso,
984 1361 1205 1412 fratrem
1262 1375 1422 1427 quem
1480 1362 1714 1418 habebat
1757 1380 1789 1421 a
1841 1368 1983 1422 malo
2032 1370 2145 1424 daa-

557 1466 716 1503 mone
742 1452 1013 1508 insessum
1038 1495 1053 1514 ,
1087 1468 1209 1507 cum
1253 1454 1464 1510 duobus
1493 1458 1777 1512 monachis
1805 1460 2147 1528 conducens,

554 1539 758 1608 scapha
798 1539 864 1592 ad
900 1553 1144 1595 sanetum
1215 1542 1581 1610 proﬁciscitur
1608 1558 1623 1596 :
1650 1542 1711 1598 'et
1739 1548 1996 1615 appulsus
2041 1564 2149 1618 qua

556 1639 711 1697 parte
766 1646 826 1685 se
884 1633 1207 1687 meminerat
1235 1643 1383 1688 recto
1430 1634 1484 1688 in
1516 1646 1758 1690 montem
1793 1639 1989 1694 itinere
2022 1655 2145 1710 pro-

559 1735 807 1789 gressum
839 1759 857 1786 ,
906 1722 1153 1777 interiori
1205 1725 1322 1792 ejus
1386 1724 1507 1780 loco
1550 1740 1800 1783 sanctum
1853 1733 2144 1800 reperisse,

561 1827 668 1866 una
694 1827 816 1866 cum
838 1813 1002 1868 sociis
1024 1816 1332 1871 vectoribus
1359 1822 1481 1873 navi
1513 1822 1823 1883 exscendit,
1857 1834 2017 1893 atque
2036 1825 2140 1878 iter

556 1906 699 1972 quod
754 1920 849 1975 per
890 1908 1095 1963 montis
1137 1906 1280 1963 iatus
1316 1912 1380 1963 ad
1418 1910 1593 1965 \il‘lllll
1630 1922 1877 1968 sanctum
1911 1917 2143 1970 ducebat

557 1996 881 2066 ingreditur,
928 1997 1180 2052 citatiore
1235 2015 1393 2068 passu
1458 2017 1620 2071 quam
1671 2004 1763 2058 alii
1815 2020 2138 2073 properans.

556 2089 750 2143 Anima
802 2091 1032 2159 quippe,
1094 2106 1213 2160 qmc
1261 2095 1501 2151 stimulis
1567 2096 1867 2167 impellitur
1912 2100 2137 2166 amoris,

556 2181 772 2233 tametsi
799 2180 899 2233 alis
926 2182 1192 2236 instructa
1231 2185 1339 2248 sit,
1374 2200 1480 2239 non
1533 2188 1669 2243 satis
1720 2188 1830 2245 cito
1868 2190 2139 2245 desideria

558 2286 655 2322 sua
686 2271 949 2339 attigerit.
977 2272 1048 2325 Ita
1091 2273 1182 2327 ille
1235 2273 1447 2329 fervido
1476 2278 1703 2344 impetu,
1736 2293 1923 2335 secum
1952 2294 2143 2334 ascen-

563 2364 757 2416 dentes
810 2366 967 2434 longe
1027 2381 1390 2434 praecurrens,
1430 2370 1496 2421 ad
1531 2369 1708 2425 locum
1768 2372 2139 2429 desideratum

550 2456 768 2523 primus
827 2458 1126 2526 pertingit;
1179 2468 1343 2528 atque
1373 2462 1543 2517 oculis
1583 2466 1896 2520 accuratius
1952 2480 2141 2537 perveo

552 2549 764 2618 stigans
795 2550 998 2615 omnia,
1035 2554 1301 2622 conspicit
1327 2554 1429 2609 viri
1454 2558 1628 2611 sancti
1665 2560 1916 2623 cadaver,
1956 2562 2140 2612 admo-

554 2640 682 2694 dum
714 2640 975 2694 decenter
994 2642 1203 2712 jacens,
1228 2661 1349 2700 cum
1374 2647 1602 2716 spiritus
1634 2649 1758 2704 inde
1787 2651 2140 2716 excessisset,

556 2740 722 2800 atque.
757 2716 825 2787 ad
867 2734 1153 2802 spirituum
1192 2736 1480 2794 Dominum
1522 2741 1883 2809 provolasset.

626 2938 718 2993 41.
748 2935 881 2992 Tam
926 2939 1122 2993 acerbo
1171 2940 1260 2996 ille
1310 2945 1660 3012 spectaculo,
1719 2948 1882 3003 veluti
1940 2950 2136 3020 Sagitta

555 3032 792 3102 quadam
834 3032 1082 3087 conﬁxus
1106 3072 1123 3098 ,
1164 3035 1447 3105 lugubrem
1488 3038 1661 3096 edidit
1689 3040 2007 3109 clamorem,
2046 3058 2140 3113 pe—

556 3135 679 3177 ctus
709 3124 1001 3191 percussit,
1032 3125 1306 3197 lacrymas
1346 3129 1516 3197 fudit,
1554 3133 1841 3203 ingemuit,
1880 3137 2136 3209 ejnlavit;

559 3213 725 3281 Quid,
764 3214 1036 3283 inquiens,
1068 3215 1137 3272 de
1171 3220 1372 3275 misero
1399 3237 1484 3276 me
1510 3222 1640 3280 ﬂet?
1668 3225 1775 3296 Spe
1797 3229 1996 3294 excidi,
2031 3230 2147 3284 the—

557 3324 751 3362 saurus
784 3310 997 3365 ablatus
1031 3317 1151 3373 est,
1207 3312 1383 3368 Salute
1429 3316 1670 3384 privatus
1726 3333 1869 3383 sum,
1922 3330 1975 3373 et
2006 3336 2140 3389 quas

557 3401 943 3466 cxsliectabam
989 3403 1181 3457 animae
1200 3404 1412 3460 divitias
1446 3408 1668 3462 omnino
1690 3408 1888 3464 misere
1909 3411 2141 3481 perdidi.

555 3493 633 3548 Ita
672 3494 968 3564 inquiebat,
1031 3497 1266 3551 nondum
1331 3501 1666 3569 experientia
1718 3502 1931 3567 doctus,
1991 3520 2141 3558 more

558 3595 708 3640 tuum
742 3586 888 3639 illum
924 3603 1027 3639 non
1059 3589 1288 3657 exiguas
1340 3605 1461 3644 esse
1497 3591 1738 3657 divitias,
1777 3602 1834 3649 et
1871 3610 1993 3650 esse
2022 3597 2143 3651 tlte-

557 3693 779 3731 saurmn
809 3678 902 3748 qui
929 3694 1272 3749 possessores
1298 3696 1425 3736 suos
1456 3698 1559 3736 non
1598 3698 1787 3753 parum
1813 3684 2002 3755 iuvare
2023 3701 2145 3755 pos-

562 3771 655 3824 sit.
690 3769 860 3827 Paulo
896 3780 1020 3839 post
1067 3773 1232 3826 etiam
1286 3775 1654 3831 da-moniacus
1708 3775 1795 3830 illa
1852 3793 1956 3832 una
2015 3796 2138 3835 cum

562 3861 844 3918 monachis
874 3862 1109 3916 advenit.
1147 3861 1196 3918 Is
1248 3864 1506 3918 continuo
1556 3867 1942 3936 conclamare,
2008 3888 2143 3926 con-

559 3952 827 4021 torqueri,
868 3967 932 4006 ac
981 3961 1094 4007 toto
1126 3955 1442 4011 conturbari
1508 3974 1773 4024 corpore;
1815 3975 2006 4017 manus
2058 3963 2142 4016 in-

557 4048 755 4100 decore
799 4046 1161 4115 proten-lere,
1198 4062 1261 4101 ac
1297 4049 1465 4119 pedes
1501 4051 1615 4118 pari
1672 4054 1830 4107 modo
1882 4071 2137 4123 movere;

557 4139 886 4196 horrendum
910 4147 1090 4194 etnon
1120 4141 1358 4200 humano
1390 4158 1542 4196 more.
1562 4147 1749 4199 ocu'os
1776 4147 2136 4218 distorquere,

560 4239 725 4300 atque
779 4231 970 4285 dentes
1021 4233 1163 4287 inter
1203 4248 1261 4288 se
1290 4234 1598 4291 collidentlo
1631 4238 1950 4294 indecorum
1994 4251 2137 4296 stre-

557 4325 728 4391 pitum
760 4331 813 4376 et
843 4324 1135 4378 absurdum
1173 4342 1362 4380 sonum
1398 4329 1670 4394 emittere,
1698 4346 1751 4385 et
1777 4333 2000 4385 multam
2040 4334 2137 4388 de-

559 4416 725 4483 nique
759 4428 1004 4482 spumam
1035 4430 1129 4470 ore
1161 4419 1483 4486 protrudere
1506 4458 1521 4483 ,
1551 4430 1728 4475 ortam
1759 4437 1825 4476 ex
1857 4438 1953 4486 eo,
1990 4426 2135 4494 quod

557 4506 751 4560 crebro
783 4505 1159 4573 exspiraturus
1180 4511 1467 4577 exsitirare
1500 4527 1606 4565 non
1631 4521 1836 4581 posset,
1863 4524 1971 4568 ttnn
2008 4531 2137 4585 pro-

557 4607 675 4667 pter
709 4597 1076 4652 inordinatum
1100 4614 1430 4669 organorum
1483 4614 1688 4657 motum
1716 4644 1731 4669 ,
1768 4615 1880 4659 tum
1917 4620 2137 4679 propter

557 4686 927 4757 pblegmatum
960 4688 1306 4758 proﬂuvium,
1342 4706 1407 4745 ex
1453 4694 1760 4749 turbatione
1790 4700 2000 4754 cerebri
2037 4716 2134 4755 na-

562 4787 698 4843 tum,
747 4787 860 4833 tum
913 4782 1056 4851 quod
1108 4780 1351 4839 insidens
1400 4784 1630 4854 Spiritus
1677 4803 1736 4843 se
1787 4803 2003 4861 quoque
2040 4793 2137 4848 ad-

561 4873 835 4924 IttiSCt‘l‘t’l.

630 4961 724 5015 4‘2.
760 4962 816 5014 lu
845 4962 1086 5029 homine,
1122 4964 1194 5018 ita
1243 4966 1627 5024 miserabiliter
1672 4972 1889 5035 all‘ecto,
1924 4974 2135 5031 inhabi—

558 5061 680 5108 tans
711 5054 937 5122 Spiritus
968 5071 1060 5124 per
1106 5071 1170 5112 os
1208 5057 1324 5126 ejus
1357 5072 1662 5115 sermonem
1697 5064 1997 5133 promebat,
2031 5081 2138 5136 quo

558 5146 731 5210 ipsum
786 5148 959 5201 sancti
997 5150 1251 5217 cadaver,
1288 5152 1451 5206 veluti
1480 5152 1524 5206 si
1552 5154 1728 5210 adhuc
1751 5156 1919 5212 beatze
1941 5159 2137 5214 animm

558 5240 908 5305 conjunctum
944 5251 1125 5305 esset,
1169 5243 1551 5311 alloquebatur
1586 5264 1599 5300 :
1634 5245 1881 5302 Nondum
1911 5251 2135 5306 satietas

557 5338 611 5383 te
654 5331 834 5401 cepit,
904 5332 1194 5400 inquiens,
1227 5345 1533 5389 erectorutn
1590 5337 1643 5390 in
1689 5339 1925 5394 dedecus
1955 5357 2133 5397 meum

560 5434 911 5491 tropzrorum,
980 5423 1144 5476 homo
1195 5424 1562 5482 insatiabilis?
1608 5427 1743 5485 Tres
1789 5436 2137 5503 etquinqua-

555 5513 700 5584 ginta
725 5515 855 5568 anni
886 5524 1008 5567 snnl
1037 5553 1052 5578 ,
1082 5529 1145 5568 ex
1180 5532 1289 5585 quo
1323 5534 1407 5571 me
1433 5520 1723 5577 crudeliter
1756 5521 1982 5591 jactare,
2017 5542 2138 5596 per-

559 5610 734 5674 segni.
763 5608 1131 5665 exterminare
1167 5627 1271 5666 non
1317 5614 1541 5670 desinis.
1593 5618 1673 5672 Ad
1707 5635 1857 5675 meas
1892 5636 2017 5676 vero
2050 5638 2139 5675 sa-

556 5700 739 5767 gittas,
773 5714 911 5769 quas
949 5716 1055 5755 non
1092 5704 1252 5758 unius
1285 5706 1501 5773 generis
1552 5708 1602 5762 in
1637 5720 1687 5765 te
1734 5726 1835 5782 ego
1869 5711 2137 5780 iaculatus

561 5805 701 5855 sum,
729 5800 783 5845 ιιι
808 5808 909 5846 ιιοιι
933 5809 1089 5850 secus
1117 5812 1180 5850 ac
1210 5797 1430 5851 adamas
1446 5784 1603 5867 petra
1630 5841 1645 5867 ,
1675 5819 1739 5855 ex
1790 5804 2025 5858 nominis
2059 5805 2132 5858 tui

2321 1111 2392 1174 μ’.
2433 1105 2620 1162 Ταῦτα
2648 1110 2677 1162 ὁ
2725 1112 2899 1181 μέγας
2935 1111 3174 1183 εἰρηκώς
3203 1131 3263 1169 τε
3310 1115 3396 1168 καὶ
3427 1113 3758 1183 ἐπευξάμενος,

2249 1198 2414 1251 παύει
2449 1219 2506 1254 τε
2533 1203 2760 1273 ὁμιλῶν,
2794 1206 2889 1259 καὶ
2932 1207 3028 1259 τοῦ
3079 1209 3376 1276 κυνηγέτου
3419 1208 3694 1263 διίσταται⁹
3718 1208 3762 1272 ὃς

2248 1290 2432 1344 οἴκαδε
2463 1293 2796 1358 ἐπανελθὼν,
2832 1296 2933 1368 ήδη
2979 1297 3074 1350 τοῦ
3129 1299 3429 1369 ὡρισμένου
3481 1299 3652 1371 χρόνου
3682 1317 3763 1352 πα-

2252 1382 2608 1453 ραῤῥυέντος,
2639 1386 2869 1456 ἀδελφὸν
2923 1388 3063 1459 ἔχων
3109 1391 3370 1463 δαιμονίῳ
3419 1392 3622 1463 πονηρῷ
3644 1393 3766 1447 κάτε-

2249 1489 2364 1543 χον,
2403 1478 2660 1546 μοναχοῖς
2719 1496 2830 1532 τισι
2873 1480 2970 1533 δύο
3016 1481 3202 1539 τοῦτον
3256 1483 3761 1553 συμπαραλαϐὼν,δι’

2246 1564 2473 1619 ἀκατίου
2508 1567 2787 1622 στέλλεται
2833 1571 2970 1642 πρὸς
2999 1573 3090 1626 τὸν
3128 1575 3274 1633 ὅσιον
3299 1592 3313 1607 ’
3361 1577 3451 1632 καὶ
3482 1575 3543 1645 δὴ
3573 1592 3763 1645 1:90:09-

2249 1654 2437 1726 μίσας,
2470 1649 2531 1712 οὗ
2562 1660 2683 1714 κατ’
2713 1662 2844 1718 εὐθὺ
2875 1664 2969 1720 τοῦ
2994 1664 3152 1735 ὅρους
3182 1667 3443 1739 ἐνδοτέρω
3474 1669 3544 1738 τῷ
3572 1668 3760 1736 γενναίῳ

2244 1750 2617 1820 ἐντετυχηκὼς
2657 1752 2950 1823 ἠπίστατο,
2986 1758 3370 1812 συναποόαίνει
3399 1762 3504 1822 τοῖς
3545 1776 3761 1812 κεκοινω·

2172 1835 2213 1891 Β
2240 1836 2460 1905 νηκόσιν
2491 1838 2719 1903 ἐκείνοις
2779 1840 2872 1895 τοῦ
2925 1844 3060 1898 πλοῦ
3081 1862 3094 1875 ο
3125 1848 3219 1899 καὶ
3254 1846 3343 1902 διὰ
3390 1849 3484 1917 τῆς
3520 1848 3766 1919 ὑπωρείας,

2253 1927 2350 1996 τῆς
2388 1927 2525 1999 πρὸς
2571 1931 2736 1985 αὐτὸν
2780 1932 2959 2009 ἥψατο
3013 1937 3308 2008 φερούσης.
3352 1941 3696 2012 Συντονωτέρᾳ
3726 1938 3766 1992 δὲ

2250 2011 2405 2082 οὗτος
2455 2022 2564 2074 τῶν
2638 2023 2813 2081 ἄλλων
2872 2029 3068 2098 πορείᾳ
3141 2029 3421 2102 χρώμενος
3486 2031 3636 2100 (ψυχὴ
3680 2011 3765 2097 γάρ

2252 2113 2474 2180 ἀγάπης
2540 2117 2785 2191 κέντροις
2856 2119 3232 2194 ἐλαυνομένη,
3296 2123 3415 2195 τάχ’
3481 2124 3543 2177 ἂν
3598 2122 3690 2176 οὐδ’
3730 2119 3768 2171 εἱ

2251 2205 2427 2273 πτερὰ
2481 2207 2658 2278 σχοίη,
2711 2209 2873 2279 κόρον
2930 2212 3084 2283 σχοίη
3129 2214 3232 2283 τῆς
3286 2215 3420 2287 πρὸς
3475 2214 3538 2269 τὰ
3587 2209 3764 2265 παιδικὰ

2248 2296 2575 2367 ταχύτητος)
2628 2298 2801 2365 οὕτως
2850 2301 2948 2361 οὖν
3000 2307 3211 2370 ἐκεῖνος
3256 2306 3400 2378 ὁρμῇ
3451 2303 3769 2377 ζεούσῃ.τοῖις

2250 2390 2601 2454 συνανιόντας
2662 2393 2795 2451 πολὺ
2854 2395 3272 2471 παραδραμὼν,
3336 2401 3428 2453 καὶ
3489 2397 3560 2468 τῷ
3614 2395 3761 2448 ποθου-

2250 2482 2399 2550 μένῳ
2431 2483 2537 2535 τῶν
2603 2483 2782 2542 τόπων
2827 2488 3076 2553 ἐπιστὰς,
3125 2489 3383 2561 ὀξύτερόν
3442 2507 3499 2543 τε
3550 2489 3637 2560 τὴν
3670 2487 3764 2555 (rint

2247 2573 2575 2642 ἐπιϐάλλων,
2618 2578 2709 2631 τὸν
2756 2581 2947 2651 νεκρὸν
2997 2583 3099 2653 ὁρᾷ
3147 2582 3243 2636 τοῦ
3295 2584 3543 2652 μεγάλου,
3574 2578 3766 2648 κοσμίως

2248 2661 2307 2720 εὖ
2351 2665 2498 2735 μάλα
2535 2667 2808 2738 κείμενον,
2837 2669 2931 2724 τοῦ
2966 2671 3278 2742 πνεύματος
3330 2670 3768 2741 ἀποδεδημηκότοςι

2250 2760 2343 2814 καὶ
2387 2760 2525 2831 πρὸς
2573 2761 2666 2818 τὸν
2705 2763 2814 2821 τῶν
2864 2766 3193 2838 πνευμάτων
3224 2766 3663 2841 ἐπιδεδημηκότος
3694 2765 3769 2814 Asc

2249 2857 2476 2928 σπότην.

2325 2951 2437 3021 μα’.
2472 2952 2550 3022 Τῇ
2588 2952 2761 3023 πικρᾷ
2810 2951 2988 3004 τοίνυν
3039 2952 3228 3027 ἐκείνῃ
3267 2953 3388 3026 θέᾳ,
3435 2954 3661 3021 καθάπερ
3691 2944 3771 3003 τινὶ

2249 3041 2393 3112 βέλει
2443 3042 2709 3113 πληγεὶς,
2761 3045 2967 3114 πικρᾶς
3025 3044 3178 3113 ἠφίει
3237 3048 3454 3115 φωνὰς,
3509 3050 3572 3100 τὰ
3615 3042 3769 3110 στέρνι

2245 3130 2490 3198 τύπτων,
2557 3130 2832 3202 δακρύων,
2892 3132 3165 3201 οἰμώζων,
3236 3135 3654 3203 ὀλοφυρόμενος·
3701 3125 3772 3185 Τίς

2247 3221 2517 3292 γένωμαι,
2549 3220 2743 3291 λέγων,
2780 3224 2808 3275 ὁ
2846 3223 3010 3285 τάλας
3055 3224 3203 3297 ὲ·ίώ;
3242 3224 3350 3278 τῶν
3400 3223 3616 3276 ἐλπίδων
3648 3213 3772 3286 ἐψεύ·

2254 3310 2408 3380 σθην,
2434 3312 2527 3365 τὸν
2557 3312 2831 3384 θησαυρὸν
2874 3315 3177 3389 ἀφῃρέθην,
3214 3317 3320 3386 τῆς
3352 3314 3613 3391 σωτηρίας
3656 3313 3774 3363 ista.

2248 3403 2422 3474 ρήθην
2451 3406 2546 3474 τῆς
2579 3404 2844 3475 ἐμαυτοῦ,
2877 3408 2973 3461 καὶ
3021 3407 3116 3461 τοῦ
3149 3409 3301 3467 κατὰ
3324 3410 3503 3480 ψυχήν
3533 3424 3614 3477 μοι
3642 3416 3775 3473 προπι-

2246 3496 2473 3567 δοκίμου
2519 3497 2755 3551 πλούτου
2806 3501 3003 3564 τελέως
3040 3499 3246 3579 ἀθλίως
3285 3503 3611 3573 ἡμάρτηκα·
3643 3496 3775 3566 piri»

2238 3590 2410 3665 πείρᾳ
2441 3590 2652 3659 μαθὼν,
2682 3590 2756 3654 ὡς
2798 3593 2892 3646 καὶ
2936 3594 3128 3665 νεκρὸς
3154 3596 3369 3660 ἐκεῖνος
3397 3596 3589 3667 ἥκιστα
3619 3585 3774 3661 μικρός

2242 3699 2325 3746 τις
2375 3682 2625 3748 πλοῦτος,
2672 3684 2791 3739 οὐδὲ
2836 3687 3105 3759 θησαυρὸς
3157 3690 3337 3761 μικρὰ
3395 3690 3518 3751 τοὺς
3565 3685 3775 3754 εὐμοιρην

2244 3776 2407 3839 κότας
2438 3778 2627 3848 ὀνῆναι
2652 3777 2967 3848 δυνάμενος.
2992 3781 3205 3852 Μικρὸν
3244 3782 3393 3845 ὅσον,
3420 3783 3512 3837 καὶ
3550 3769 3772 3847 δαιμονῶν

2245 3868 2453 3931 ἐκεῖνος
2490 3869 2792 3936 συνανῆλοε
2844 3874 2956 3936 τοῖς
3008 3877 3269 3945 μοναχοίς
3298 3893 3313 3907 ·
3343 3874 3402 3940 ὃς
3437 3874 3499 3944 δὴ
3544 3873 3630 3925 καὶ
3673 3864 3775 3922 ὑπά-

2242 3975 2420 4027 φωνος
2467 3960 2628 4023 εὐθὺς
2674 3957 2763 4032 ἦν,
2793 3962 3118 4031 ἐστροσοῦτὸ
3165 3982 3254 4032 τε,
3285 3967 3382 4022 καὶ
3426 3965 3486 4019 τὸ
3513 3965 3613 4017 πᾶν
3648 3972 3774 4013 συνεο

2242 4053 2482 4107 κλονεῐτο
2504 4054 2566 4107 τὸ
2603 4055 2782 4124 σῶμα,
2808 4056 2886 4109 τώ
2915 4074 2975 4115 τε
3002 4059 3151 4129 χεῖρε
3175 4059 3502 4132 προῦτεινεν
3541 4054 3774 4121 ἀκόσμως.

2241 4147 2337 4205 καὶ
2365 4148 2442 4219 τῷ
2475 4148 2602 4202 πόδε
2638 4150 2731 4201 τὸν
2774 4153 2960 4220 ὅμοιον
3002 4150 3226 4206 διεκίνει
3270 4152 3495 4223 τρόπον,
3521 4146 3676 4205 δεινόν
3712 4157 3773 4199 τε.

2194 4270 2203 4275 -
2241 4242 2338 4291 καὶ
2368 4239 2427 4291 οὑ
2457 4239 2580 4292 κατ’
2609 4238 2932 4310 ἀνθρώπους
2954 4238 3033 4294 τὼ
3054 4240 3328 4311 ὀφθαλμὼ
3358 4240 3632 4310 διέστρεφε
3655 4249 3669 4265 ⁸
3708 4228 3776 4282 καὶ

2238 4329 2367 4392 τοὺς
2443 4330 2665 4394 ὀδόντας
2749 4330 3003 4400 ἀλλήλοις
3081 4333 3529 4403 προσαράσσων,
3589 4320 3772 4396 ἀπρεπῆ

2241 4424 2568 4491 προέπεμπε
2619 4422 2806 4497 ψόρον,
2837 4424 2932 4478 καὶ
2982 4424 3170 4496 ἀπηχῆ
3226 4443 3352 4480 τινα
3402 4424 3580 4495 ἡχήν·
3624 4411 3775 4488 τῆςδέ

2171 4543 2215 4600 D
2243 4515 2290 4567 οἱ
2342 4515 2581 4585 ἐκπνοῆς
2631 4515 2835 4586 ἀθρόας
2898 4516 2973 4587 μὴ
3039 4515 3423 4570 διεκπνεϊσθαι
3474 4509 3772 4581 δυναμένης.

2239 4607 2327 4662 διὰ
2359 4608 2458 4677 τὴν
2489 4609 2596 4662 τῶν
2644 4609 2893 4678 ὀργάνων
2949 4610 3182 4664 ἄτακτον
3219 4610 3569 4681 συγκίνησιν,
3602 4605 3684 4659 καὶ
3722 4599 3770 4665 τῇ

2238 4700 2326 4755 διὰ
2354 4700 2446 4755 τὸν
2476 4702 2534 4755 ὲν
2562 4702 2853 4772 ἐγκεφάλῳ
2879 4703 3133 4756 κυκεῶνα
3161 4703 3403 4776 συρροίᾳ
3428 4698 3673 4771 γινομένῃ
3694 4688 3774 4745 τῶν

2242 4796 2606 4867 φλεγμάτων,
2665 4797 2759 4850 τοῦ
2838 4799 3189 4870 ἐνισχομένου
3274 4791 3771 4870 συναναμιγνυμένου

2240 4887 2573 4957 πνεύματος,
2614 4889 2784 4952 πολὺς
2810 4891 3099 4962 προύχεῖτο
3128 4890 3225 4949 τοῦ
3258 4892 3525 4963 στόματος
3547 4883 3721 4961 ἀφρός·

2315 4979 2423 5051 μβ’-
2465 4981 2605 5033 Ἀλλ’
2656 4980 2823 5047 οὕτω,
2855 4981 2991 5051 φεῦῑ
3034 4982 3289 5050 ἐλεεινῶς
3334 4985 3567 5054 ἔχοντος,
3599 4979 3681 5032 καὶ
3706 4970 3771 5024 16-

2238 5087 2367 5140 γους
2423 5072 2653 5144 ὲτράνου
2710 5072 2780 5125 δι’
2830 5073 3062 5140 ἐκείνου,
3110 5075 3171 5128 τὸ
3239 5075 3456 5129 ἔνοικον
3508 5075 3564 5124 ὲν
3610 5063 3768 5127 ἐκείνῳ

2240 5167 2479 5235 πνεῦμα,
2539 5165 2632 5219 καὶ
2678 5164 2757 5237 τῷ
2813 5165 2908 5220 τοῦ
2967 5167 3117 5222 ὁσίου
3183 5168 3373 5238 νεκρῷ
3430 5165 3665 5229 καθάπερ
3712 5155 3772 5206 ἔτι

2241 5256 2576 5325 συνημμένω
2630 5260 2696 5328 τῇ
2747 5258 2994 5332 μακαρίᾳ
3049 5258 3242 5312 τούτου
3298 5258 3469 5329 ψυχῇ,
3509 5254 3771 5318 διαλέγειν

2240 5349 2353 5401 Οὐκ
2386 5347 2575 5410 ἔλαϐές
2608 5367 2715 5415 πω,
2749 5349 2941 5417 λέγων,
2972 5349 3133 5420 κόρον
3177 5349 3290 5402 τῶν
3348 5350 3471 5402 κατ’
3512 5345 3637 5415 ἐμοῦ
3672 5354 3774 5408 τρο-

2240 5440 2441 5501 παίων,
2482 5441 2782 5510 ἀκὸρεστε;
2815 5443 2963 5510 τρεῖς
2994 5442 3096 5510 ἤδη
3122 5442 3218 5493 καὶ
3262 5443 3601 5510 πεντήκοντα
3627 5436 3775 5485 ἐνιαυ-

2238 5533 2361 5592 τοὺς
2419 5533 2520 5584 οὐκ
2581 5534 2783 5602 ἀνῆκες
2838 5534 3081 5601 βάλλων,
3137 5534 3392 5596 διώκων,
3467 5523 3772 5601 ὑπερορίων

2239 5623 2476 5692 ἀφειδῶς
2535 5624 2719 5694 ἡμᾶς·
2753 5627 2817 5678 σὺ
2847 5626 2901 5678 δὲ
2950 5626 3086 5695 πρὶς
3139 5625 3241 5688 τὰς
3299 5626 3430 5695 παρ’
3476 5622 3623 5696 ήμῶν
3666 5629 3775 5667 παν⁶

2239 5714 2389 5778 τοίας
2441 5716 2548 5768 τῶν
2585 5714 2753 5785 βελῶν
2792 5717 3037 5784 ἀφέσεις,
3072 5714 3161 5767 ίσα
3215 5717 3314 5768 καὶ
3366 5714 3561 5782 πέτρος
3592 5705 3776 5803 άδάὲθξῖ

2241 5805 2578 5873 φερωνύμως
2626 5806 2880 5872 διέκεισο,
2922 5812 3013 5861 καὶ
3066 5804 3186 5859 οὐδὲ
3242 5806 3340 5858 νῦν
3376 5805 3505 5874 γοῦν
3549 5804 3771 5871 ἀποχρων

2173 3199 2216 3259 C
