3988 6532
262 433 398 502 1037

1368 442 1551 505 VITA
1589 446 1645 507 S.
1693 445 1925 505 PETRI
1974 440 2410 505 ATHONszE.

3391 445 3528 509 1028

254 553 439 624 φωνὰς
469 549 795 621 παραυτίκα
821 552 1194 622 μετεποίησαν
1220 554 1301 617 εἰς
1339 554 1640 624 εὐπρεπεῖς
1668 554 1834 625 ᾠδάς.

1956 572 2123 619 nores
2159 558 2212 611 in
2268 556 2481 613 cantica
2504 558 2699 613 decora
2739 564 3171 615 comntutarunt.
3211 560 3386 630 Atque
3424 558 3526 617 hoc

254 626 504 700 υῦτω’δὲ
541 643 742 713 ῥᾳδίως
775 643 1192 713 ἀπηλλαγμένοι
1227 646 1329 716 τῆς
1372 647 1573 718 μανίας
1605 647 1841 699 ἀϐίωτον

253 737 426 811 ᾤοντο
478 735 571 790 τὸν
629 735 766 806 βίον,
823 738 872 790 εἰ
931 738 1177 808 συμϐαίη
1234 739 1331 792 τοῦ
1383 740 1568 794 κοινοῦ
1626 740 1841 801 τούτοις

255 830 506 900 σωτῆρος
546 828 886 899 ἀποσχέσθαι
914 846 928 860 ·
978 829 1110 901 περὶ
1159 830 1345 899 σφίσιν
1392 832 1574 895 αὐτοῖς
1608 833 1843 909 εἰκότως

252 922 511 986 δεδιότες,
539 922 752 993 μήποτε
785 922 880 977 καὶ
912 922 1309 993 σχετλιώτερόν
1337 943 1390 978 τι
1418 924 1529 979 τῶν
1558 925 1842 997 προτέρων

254 1017 571 1080 ὑποσταῖεν,
603 1014 664 1068 τὸ
710 1015 1037 1080 ἀλεξίκακον
1081 1017 1259 1071 έκεῖνο
1310 1014 1473 1088 σῶμα
1524 1019 1843 1089 παρακατέ-

251 1124 487 1182 χοντες·
544 1105 638 1179 βίᾳ
701 1106 802 1178 μὲν
853 1105 971 1176 οῦν,
1037 1111 1334 1175 πείσαντες
1397 1109 1445 1165 δ’
1503 1112 1655 1181 ὅμως
1713 1113 1844 1173 τοὺς

252 1202 619 1272 διακομιστάς
648 1195 918 1282 λὲκείνους
969 1202 1262 1274 μοναχοὺς.
1296 1204 1411 1267 τοῖς
1448 1203 1547 1274 μὲν
1580 1204 1845 1272 χρήματα

253 1295 562 1358 ἐπέδωκαν,
594 1293 752 1347 αὐτοὶ
797 1294 856 1349 δὲ
900 1296 961 1349 τὸ
1009 1295 1156 1349 θεῖον
1207 1297 1389 1350 έκεῖνο
1435 1297 1634 1365 σκῆνος
1661 1295 1847 1350 ἀνελό-

256 1406 433 1458 μενοι,
461 1387 697 1458 ψαλμοῖς
737 1404 798 1441 τε
843 1387 939 1442 καὶ
989 1386 1155 1460 ᾠδαῖς
1208 1391 1610 1461 πνευματικαῖς
1641 1390 1841 1459 πομπῇ

251 1499 314 1535 τε
369 1479 608 1551 δημοσίᾳ
664 1479 758 1533 καὶ
822 1476 999 1544 άλλως
1055 1481 1466 1555 φιλοτιμωτάτῃ
1534 1481 1841 1559 χρώμενοι,

254 1573 619 1644 προέπεμπόν
657 1591 715 1627 τε
752 1572 850 1627 καὶ
874 1573 1183 1629 ἀνετίθεντο
1213 1578 1277 1648 τῇ
1313 1574 1502 1648 κώμῃ,
1534 1575 1740 1646 μᾶλλον
1779 1574 1835 1628 δὲ

251 1667 403 1737 αὐτῷ
430 1664 638 1737 ταύτην
670 1664 973 1722 ἀνετίθουν.
1023 1708 1026 1713 .

329 1851 439 1923 μθ’.
483 1853 645 1908 Ἀλλὰ
672 1853 781 1924 γὰρ
814 1852 898 1916 τίς
932 1853 1172 1909 ἐνταῦθα
1212 1848 1394 1924 λόγος,
1435 1855 1544 1909 τῶν
1578 1854 1846 1926 ἐπιϐατη-

257 1946 390 2016 ρίων
444 1944 739 2014 θαυμάτων
791 1946 892 2017 τὴν
934 1945 1143 2013 πληθὺν
1198 1945 1636 2018 ἀπαριθμήσαιτ’
1676 1946 1779 2011 ἄν;
1816 1946 1844 1998 6

260 2039 365 2109 μὲν
412 2038 518 2108 γὰρ
570 2036 826 2108 ὀξύτερον
870 2038 1060 2108 λιγγὸς
1112 2036 1344 2113 νέὸλεπε,
1420 2038 1692 2111 πρότερον
1745 2041 1842 2109 τῆς

254 2126 435 2200 ὅψεως
486 2121 740 2201 πονηρῶς
802 2129 978 2202 ἔχων’
1029 2133 1056 2186 6
1103 2131 1163 2187 δὲ
1214 2131 1285 2186 τὰ
1327 2126 1441 2189 ὦτα
1480 2130 1673 2202 ψόφων
1698 2128 1843 2202 εἶχεν

252 2219 649 2291 ἀντιληπτικὰ,
671 2214 801 2292 χθὲς
830 2224 926 2276 καὶ
958 2222 1064 2293 πρὸ
1096 2223 1302 2295 ταύτης
1329 2224 1800 2294 ἐκκεκωφημένος
1827 2239 1842 2255 θ

251 2315 507 2384 γλῶτταν
535 2316 725 2386 ἕτερος
774 2315 999 2370 εῦλαλον
1030 2315 1223 2383 ἐκίνει,
1252 2316 1362 2370 τῶν
1407 2316 1614 2388 ἰχθύων
1654 2317 1843 2388 σχεδὸν

256 2406 607 2478 ἀφωνότερος
641 2408 929 2479 τυγχάνων
959 2406 1154 2480 πρώην
1179 2423 1192 2437 ”
1230 2409 1328 2462 καὶ
1355 2409 1515 2472 ἄλλος
1546 2407 1713 2464 ἄλλου
1743 2408 1840 2462 τοῦ

257 2505 515 2572 πονήρως
533 2501 678 2572 ἔχων
707 2503 816 2555 τῶν
847 2501 1049 2571 μελῶν,
1070 2504 1417 2573 παραχρῆμα
1448 2501 1649 2566 πάντες
1679 2502 1845 2573 ἀνερ-

253 2596 533 2668 ρὡνυντο
559 2612 573 2628 ο
605 2597 723 2650 ἔστι
754 2595 799 2650 δ’
826 2588 907 2673 ὧν
947 2594 1008 2650 τὸ
1057 2594 1222 2666 σῶμα
1279 2597 1408 2660 πᾶν,
1444 2596 1629 2667 δεινῆς
1682 2595 1841 2650 νόσου

250 2689 646 2760 παρανάλωμα
698 2689 1015 2742 κινδυνεῦον
1066 2687 1311 2755 ἔσεσθαι,
1354 2688 1496 2758 πρὸς
1551 2687 1747 2758 ὑγείαν
1785 2688 1844 2742 έν

248 2784 459 2850 ἀκαρεῖ
494 2783 859 2849 μετεποιεῖτο.
891 2783 1002 2837 Καὶ
1048 2785 1251 2847 πάντες
1278 2781 1524 2854 ἔχαιρον,
1556 2783 1841 2854 ἐκρότουν,

247 2874 576 2939 ἐπαιάνιζον
604 2890 619 2904 °
650 2875 747 2928 καὶ
787 2874 896 2928 τῶν
945 2874 1148 2929 οὐσιῶν
1195 2875 1254 2930 δὲ
1287 2876 1666 2947 συμφέροντες
1699 2871 1843 2948 ἦσαν

245 2971 490 3033 ἕκαστος
521 2969 581 3023 οὐ
621 2967 827 3038 μικρὰν
857 2967 1194 3039 ἀπόμοιραν,
1231 2967 1550 3040 ἀφιέρωσάν
1581 2985 1642 3021 τε
1671 2967 1839 3037 μέρος

247 3062 410 3134 αὐτῷ
436 3064 540 3134 γῆς
575 3062 637 3115 τδ
663 3062 1049 3134 χαριέστατον,
1081 3062 1178 3115 καὶ
1226 3059 1365 3116 νεὼν
1410 3061 1844 3132 νιουργήσαντες

247 3159 561 3230 ἀνήγειραν
604 3155 909 3227 περικαλλῆ
945 3156 1040 3209 καὶ
1087 3155 1485 3223 πολυτιμήτοις
1525 3154 1843 3225 ἀναθήμασι

1946 661 2110 721 pacto
2133 652 2219 707 sui
2241 660 2519 721 compotes
2549 653 2804 710 celeriter
2836 653 3057 719 redditi,
3082 655 3339 711 miseram
3367 672 3530 723 porro

1948 759 2006 799 se
2032 744 2274 800 victuros
2303 745 2469 799 vitam
2490 744 2919 809 arbitrabantur,
2939 745 2985 802 si
3005 748 3366 817 contingeret,
3387 767 3535 804 cotu-

1950 849 2167 889 tuuuem
2216 837 2410 891 salutis
2444 852 2558 892 sum
2613 838 2886 893 vindicem
2930 853 2957 891 a
2988 854 3047 894 se
3085 840 3286 895 avelli:
3336 852 3389 896 et
3426 844 3531 897 sibi

1949 927 2080 996 ipsis
2122 928 2632 995 meritotimcntes,
2667 945 2731 986 ne
2761 930 2848 985 illo
2896 933 3112 999 ablato,
3168 936 3535 991 miserabilius

1946 1020 2154 1090 aliquid
2190 1021 2467 1089 prioribus
2505 1023 2739 1079 miseriis
2792 1024 3074 1079 ferendum
3131 1026 3317 1092 foret;
3370 1043 3530 1083 ενοι-ο

1949 1129 2176 1168 runeum
2226 1114 2354 1169 illud
2410 1114 2679 1171 malorum
2735 1131 2938 1188 corpus
2980 1119 3082 1174 sibi
3139 1120 3532 1189 retinuerunt;

1949 1219 2055 1258 non
2105 1212 2288 1261 tamen
2325 1206 2399 1270 vi,
2439 1206 2532 1262 sed
2591 1209 2827 1264 inductis
2877 1211 2945 1264 ad
3005 1210 3126 1276 hoc,
3193 1212 3281 1281 qui
3336 1228 3535 1283 corpus
3604 1270 3618 1279 ,

1949 1297 2266 1361 attulerant,
2324 1298 2649 1365 monachis;
2707 1301 2906 1371 quibus
2963 1304 3248 1369 pecuniam
3313 1304 3535 1373 insuper

1948 1384 2167 1456 dantes,
2212 1399 2266 1445 et
2304 1391 2406 1446 sibi
2433 1391 2678 1446 divinum
2728 1393 2859 1449 illud
2915 1409 3264 1464 corpus-cum
3313 1396 3534 1464 psalmis

1947 1491 1999 1536 et
2038 1481 2268 1538 canticis
2317 1482 2698 1553 spiritualibus
2761 1485 3092 1554 auferentes,
3138 1502 3237 1542 nec
3278 1500 3389 1542 non
3429 1477 3527 1557 pul-

1946 1574 2091 1631 blica
2125 1589 2189 1631 ac
2222 1574 2576 1632 celeberrima
2611 1591 2807 1648 pompa
2853 1579 3209 1646 dedttcentes,
3248 1580 3300 1636 in
3338 1565 3532 1653 pagum

1948 1684 2105 1725 suum
2158 1669 2577 1740 transtulerunt,
2627 1682 2724 1727 aut
2755 1673 2936 1742 potius
2990 1688 3188 1745 pagum
3224 1677 3403 1733 eidem
3452 1677 3534 1733 di-

1949 1770 2168 1817 carttnt.

2020 1854 2110 1909 £9.
2139 1853 2261 1911 iam
2300 1870 2429 1913 vero
2472 1872 2722 1928 quamam
2746 1860 2925 1915 oratio
2969 1861 3357 1919 miraculorum
3391 1858 3532 1936 ejus,

1950 1959 2071 2013 quae
2128 1945 2218 2001 hic
2268 1946 2689 2017 iucrebuerunt,
2742 1951 3148 2010 multitudinem
3202 1960 3536 2014 enumeret?

1946 2036 2047 2103 Qui
2080 2037 2227 2093 enim
2259 2040 2414 2109 prius
2441 2040 2668 2098 allectos
2697 2042 2843 2117 male
2866 2046 3054 2101 oculos
3079 2046 3342 2104 habuerat
3375 2038 3534 2121 lynce

1946 2131 2157 2188 acutius
2186 2133 2405 2196 videbat
2440 2149 2456 2189 :
2486 2134 2577 2205 qui
2604 2137 2718 2191 lteri
2755 2151 2818 2192 ac
2850 2136 3046 2206 pridie
3082 2139 3289 2195 surdus
3336 2140 3532 2206 fuerat,

1947 2224 2251 2296 quemlibet
2290 2226 2520 2285 auribus
2551 2241 2748 2283 sonum
2795 2229 3159 2299 percipiebat;
3206 2230 3348 2288 alius
3402 2232 3531 2287 olim

1947 2315 2120 2385 magis
2163 2313 2280 2371 fere
2334 2326 2520 2373 mutus
2570 2332 2732 2387 quam
2770 2320 2958 2389 piscis,
2992 2322 3248 2393 expedite
3280 2323 3536 2380 movebat

1946 2404 2222 2477 linguam;
2254 2408 2348 2463 alii
2379 2409 2612 2466 aliorum
2642 2413 3010 2469 membrorum
3052 2414 3197 2484 capti
3227 2412 3346 2477 usu'.
3378 2410 3534 2470 etim-

1944 2495 2069 2549 dcm
2117 2496 2303 2551 statim
2365 2498 2711 2567 recipiebant
2757 2500 3127 2558 corroborati.
3189 2489 3392 2569 Erant,
3442 2507 3532 2573 qui

1946 2594 2060 2667 toto
2090 2599 2324 2657 corpore
2354 2586 2427 2641 ita
2460 2586 2637 2645 aliecti
2690 2600 2895 2656 essent,
2928 2601 2985 2645 ut
3016 2593 3169 2662 gravi
3195 2594 3340 2669 malo
3384 2597 3533 2664 peri-

1945 2677 2267 2733 clitarentur
2285 2677 2356 2735 de
2387 2679 2531 2747 vita;
2567 2680 2664 2736 sed
2700 2693 2978 2739 momequ
3017 2687 3278 2755 temporis
3308 2689 3532 2743 sanitati

1944 2770 2184 2826 restituti
2217 2781 2365 2838 sunt,
2403 2774 2769 2842 gaudentibus
2800 2778 3081 2845 omnibus,
3113 2779 3537 2849 plaudentibus-

1943 2876 2052 2931 que
2097 2871 2154 2916 et
2183 2877 2373 2931 paeana
2442 2864 2790 2920 canentibus.
2826 2864 3057 2936 Insuper
3092 2867 3355 2923 bonorum
3411 2880 3539 2924 suo-

1942 2969 2066 3027 rum
2111 2964 2322 3024 partem
2384 2970 2490 3027 non
2548 2956 2803 3027 exiguam
2872 2958 3113 3027 quisque
3157 2947 3534 3029 conferebant,

1946 3047 2349 3103 consecrabant
2381 3047 2431 3103 ei
2477 3058 2686 3119 partem
2737 3051 2852 3121 agri
2889 3052 2974 3107 sui
3020 3051 3534 3120 cbaris’simam,at-

1947 3158 2055 3214 que
2116 3142 2284 3198 aedem
2347 3143 2748 3212 pulchritudine
2801 3146 3055 3202 eximium
3105 3136 3536 3214 construebant.

254 3245 700 3319 κεκοσμημένον.
754 3245 972 3315 Ἑπέχει
1022 3245 1079 3299 δὲ
1124 3244 1286 3308 αὐτὸς
1336 3244 1438 3299 οὐκ
1491 3245 1702 3297 ἐκεῖνον
1733 3245 1844 3314 ἄρα

1956 3248 2180 3304 eamque
2244 3236 2659 3306 pretiosissimis
2704 3237 2864 3293 donis
2923 3237 3540 3296 adbrnabauLObtiuet

256 3342 450 3412 μόνον,
495 3338 628 3391 ἀλλὰ
664 3339 760 3391 καὶ
809 3336 1025 3390 τουτονὶ
1077 3334 1187 3387 τὸν.
1216 3334 1398 3406 χῶρον
1450 3332 1711 3403 μάλιστα,
1747 3334 1846 3388 σὺν

253 3432 365 3486 οὐκ
393 3429 598 3498 ὀλίγοις
659 3428 865 3490 ἄλλοις,
900 3426 985 3495 ἐφ’
1035 3420 1111 3479 ὧν
1152 3423 1343 3496 ᾀδεταί
1391 3440 1450 3477 τε
1503 3426 1595 3478 καὶ
1627 3423 1845 3495 θαυμά-

256 3523 438 3590 ζεται,
473 3523 567 3575 καὶ
610 3521 730 3583 ταῖς
767 3517 1009 3588 ἐτησίοις
1044 3519 1277 3585 τιμᾶται
1312 3517 1560 3580 τελεταῖς
1588 3532 1603 3547 ⁸
1634 3516 1849 3571 ἐπαινῶ

256 3619 372 3686 γὰρ
398 3615 492 3669 τὸν
522 3613 771 3674 εῐπὶντα.
798 3612 925 3675 τοὺς
961 3611 1205 3680 ἀγαθοὺς
1236 3610 1346 3662 τῶν
1373 3608 1720 3680 τεθνηκότων
1753 3607 1848 3660 ἐπὶ

264 3706 442 3776 πάσης
494 3708 601 3776 γῆς
652 3703 942 3773 τεθάφθαι,
993 3703 1072 3770 τῷ
1128 3701 1216 3756 διὰ
1260 3702 1441 3773 πάσης
1494 3698 1597 3762 τάς
1667 3715 1849 3768 σφισιν

260 3800 620 3874 ὑπηργμένας
648 3797 935 3871 ἀριστείας
967 3794 1471 3867 ἀνακηρύττεσθαι.

331 4068 399 4125 ν’.
426 4069 553 4132 Τοῖς
587 4067 688 4136 μὲν
722 4061 814 4120 οὖν
844 4065 1047 4127 ἄλλοις,
1075 4063 1274 4136 μικροῦ
1304 4064 1408 4118 δέω
1434 4065 1613 4133 λέγειν
1648 4065 1845 4130 ἅπασι,

250 4163 595 4235 συντέθνηκε
646 4162 708 4215 τὸ
760 4160 1110 4230 ἀριστευειν·
1158 4161 1187 4212 6
1242 4158 1286 4212 δ’
1344 4160 1503 4229 ἡμῶν
1557 4159 1732 4227 μέγας
1788 4164 1848 4213 ὲν

246 4256 548 4329 Πατρὰσιν
575 4256 759 4329 οὐτοσὶ
793 4256 1024 4325 Πέτρος,
1053 4251 1149 4306 καὶ
1180 4251 1319 4321 μετὰ
1361 4251 1596 4305 θάνατον
1644 4252 1852 4306 ἀθάνα-

243 4354 355 4414 τός
407 4351 527 4403 ἐστι
566 4350 633 4403 δι’
665 4348 860 4410 αἰῶνος
911 4343 1171 4419 ἁριστεὺς
1197 4360 1209 4374 ·
1254 4345 1349 4399 καὶ
1390 4345 1419 4397 ὃ
1472 4345 1693 4399 πάντων
1730 4346 1850 4398 ἐστὶ

251 4444 549 4516 μέγιστον,
580 4440 655 4506 ὡς
690 4441 790 4495 οὐκ
815 4439 1069 4494 ἐνταυθοῖ
1107 4438 1269 4507 μόνον
1297 4437 1491 4491 τούτου
1523 4437 1667 4507 μέγα
1693 4437 1851 4501 κλέος

246 4537 450 4594 ἐστίν·
480 4537 541 4590 οὐ
587 4535 633 4589 δ’
667 4534 757 4587 ἐπὶ
813 4536 911 4603 τῆς
942 4532 1043 4602 γῆς
1074 4530 1291 4602 ἁπάσης
1323 4531 1422 4600 δση
1457 4530 1538 4601 τῷ
1570 4529 1721 4601 νόμῳ
1752 4529 1852 4599 τῆς

1954 3336 2135 3382 autem
2196 3327 2278 3380 vir
2329 3338 2554 3384 sanctus
2606 3343 2713 3385 non
2766 3330 2926 3385 istam
2964 3331 3138 3395 solum
3193 3334 3388 3398 aedem,
3443 3338 3538 3390 sed

1953 3416 2126 3486 ipsam
2163 3433 2328 3488 quam
2357 3419 2594 3474 maxime
2635 3421 2911 3489 regionem
2941 3421 3090 3476 illam
3116 3437 3246 3483 ,cum
3271 3424 3396 3479 aliis
3428 3440 3537 3482 non

1953 3509 2162 3575 paucis,
2188 3508 2277 3562 ubi
2313 3508 2568 3565 laudibus
2596 3508 2848 3575 ell‘crtur,
2896 3510 3174 3574 miraculis
3206 3511 3537 3578 inclarescit,
3631 3576 3634 3579 Α

1951 3611 2117 3670 atque
2171 3616 2351 3654 annua
2409 3601 2611 3656 colitur
2662 3602 3006 3658 celebritate.
3037 3602 3226 3657 Placet
3275 3603 3536 3659 nimirum

1954 3691 2111 3749 milti'
2142 3695 2233 3766 qui
2287 3696 2387 3763 ait,
2412 3696 2616 3766 probos
2666 3697 2813 3753 viros
2839 3736 2854 3761 ,
2893 3712 3015 3751 cum
3066 3699 3267 3753 mortui
3310 3698 3536 3761 fuerint.

1954 3786 2156 3854 ubique
2196 3796 2466 3842 terrarum
2515 3781 2831 3857 sepulcrum
2915 3789 3196 3855 obtinercE,
3235 3793 3361 3860 quia
3423 3792 3540 3847 nbi-

1954 3893 2059 3947 que
2090 3893 2258 3948 opera
2296 3878 2363 3933 iis
2406 3879 2666 3948 praclare
2691 3889 2841 3952 gesta
2880 3881 2931 3934 in
2979 3890 3075 3939 ore
3122 3883 3366 3937 omnium
3409 3899 3538 3937 rer-

1955 3981 2172 4025 santur.

2026 4064 2118 4120 50.
2141 4063 2243 4117 Alii
2281 4064 2525 4133 quidem,
2550 4077 2742 4134 parum
2781 4066 2937 4122 abest
2965 4070 3093 4136 quin
3121 4070 3295 4124 dicam
3323 4084 3537 4136 omnes,

1956 4171 2079 4211 cum
2117 4166 2291 4213 morte
2323 4167 2547 4212 cessant
2576 4156 2925 4215 laudabiliter
2956 4161 3171 4232 operari
3197 4161 3386 4219 :lticee
3411 4176 3540 4217 vero

1956 4263 2187 4318 magnus
2212 4248 2377 4305 Pater
2412 4259 2596 4306 noster
2630 4249 2858 4318 Petrus,
2915 4254 3077 4308 etiam
3130 4264 3251 4321 post
3309 4264 3539 4309 mortem

1957 4341 2286 4398 immortalis
2327 4342 2594 4399 mirabilia
2636 4354 2818 4415 patrat
2864 4360 2961 4415 per
2987 4343 3188 4403 saecula
3221 4363 3235 4399 :
3277 4349 3535 4418 quodque

1957 4435 2200 4490 omnium
2237 4444 2403 4505 caput
2431 4445 2535 4501 est,
2574 4452 2681 4492 non
2713 4439 2802 4494 hic
2827 4439 2987 4494 modo
3027 4447 3091 4495 ac
3116 4451 3228 4495 toto
3266 4452 3540 4497 terrarum

1958 4533 2112 4595 orbe,
2146 4544 2251 4600 qua
2285 4531 2473 4600 gratia:
2521 4532 2775 4602 dirigitur
2815 4530 3023 4603 legibus
3055 4546 3222 4601 atque
3267 4534 3536 4604 cvangeli-

244 4628 493 4701 χάριτος
520 4627 785 4691 ἰθύνεται,
817 4629 909 4679 καὶ
945 4627 1060 4689 τοῖς
1101 4624 1210 4679 τῶν
1241 4622 1621 4690 εὐαγγελικῶν
1649 4622 1846 4690 λογίων

1956 4639 2141 4678 corum
2166 4624 2516 4678 oraculorum
2545 4624 2727 4679 obedit
2752 4625 3152 4687 scitis,summa
3183 4626 3327 4680 Petri
3359 4628 3545 4681 elucet

242 4722 407 4779 εἴκει
451 4720 707 4789 θεσμοῖς·
742 4718 878 4772 ἀλλὰ
935 4720 1029 4772 καὶ
1082 4718 1204 4772 κατ’
1236 4716 1400 4772 αὐτὸν
1448 4717 1541 4769 τὸν
1596 4715 1848 4785 οὐρανὶιν,
1878 4750 1905 4757 ..

239 4814 365 4871 καὶ
417 4813 518 4877 τὰς
569 4813 655 4866 ἐπ’
700 4811 867 4866 αὐτοῦ
918 4813 1052 4881 περὶ
1103 4810 1239 4865 Θεὸν
1281 4811 1565 4880 δυνάμεις,
1618 4803 1708 4871 αἷς
1759 4796 1853 4859 καὶ

242 4904 433 4968 αὐτὸς
489 4905 731 4977 ἐνδιαιτᾷ
780 4903 894 4963 νῦν.
945 4907 1012 4957 'U
1063 4904 1172 4975 γὰρ
1220 4905 1392 4974 μόνης
1437 4903 1539 4971 τῆς
1598 4902 1754 4965 θείας
1792 4902 1854 4953 δν

240 5000 527 5070 τυγχάνει
593 4999 831 5066 φύσεως,
892 5000 952 5053 τὸ
1010 4997 1290 5069 πανταχοῦ
1349 5000 1643 5067 παρεῖναι.
1703 4994 1854 5049 τοῦτ’

242 5094 477 5156 ἐκεῖνος
512 5094 656 5147 κατὰ
699 5091 797 5163 τὴν
836 5092 943 5145 ὑπὸ
989 5092 1124 5145 Θεοῦ
1163 5092 1460 5162 δεδομένην
1511 5090 1658 5159 αὐτῷ
1691 5090 1852 5159 χάριν

242 5183 645 5252 ἀπηνέγκατο,
680 5181 871 5254 παρὼν
905 5182 1004 5253 μὲν
1034 5184 1146 5246 τοῖς
1185 5183 1281 5235 ἐπὶ
1323 5184 1448 5250 γῆς,
1479 5180 1549 5235 δι’
1597 5182 1851 5251 εὐφήμου

244 5274 367 5331 καὶ
422 5276 789 5346 ἁνεπιλήστου
852 5276 1097 5347 μνήμης,
1115 5277 1183 5360 ἐν
1230 5273 1274 5328 δ’
1324 5273 1541 5346 οὐρανῷ
1592 5276 1707 5336 τοῖς
1756 5274 1851 5328 ἀπ’

243 5367 469 5432 αἰῶνος
518 5368 694 5436 ἁγίοις
745 5369 1064 5439 ἐναρίθμιος
1117 5367 1396 5429 διατελῶν,
1434 5367 1529 5420 καὶ
1577 5366 1679 5435 τὴν
1732 5366 1852 5435 μετ’

236 5461 518 5532 ἀγγέλων
546 5464 678 5533 περὶ
724 5461 858 5516 Θεὸν
897 5461 1288 5529 συνεξελίττων
1319 5461 1558 5531 ἄληκτον
1603 5460 1850 5529 χορείαν.

339 5651 447 5700 va’.
480 5646 637 5700 Οῦτω
671 5643 782 5710 ζῶν
816 5644 917 5713 μὲν
964 5645 1144 5700 πάντα
1174 5642 1552 5713 ἁπεκτήσατο,
1586 5641 1764 5695 θανὼν
1798 5641 1855 5695 δὲ

242 5739 457 5796 πάντα
513 5738 908 5809 ἐκληρώσατοο
969 5739 1064 5790 καὶ
1116 5739 1216 5807 τὴν
1274 5735 1607 5806 οἰκουμένην
1667 5734 1857 5803 φυγὼν

237 5837 355 5891 ἔτι
387 5830 616 5901 περιὼν,
647 5831 739 5885 τὸν
769 5831 1000 5902 οὐρανθιν
1036 5830 1302 5895 ἀποϐιοὺς
1334 5830 1622 5889 ἀντέλαὸε.
1654 5831 1859 5900 μᾶλλον

242 5928 331 5984 δὲ
365 5923 505 5995 πρὸς
559 5926 626 5997 τῇ
679 5925 752 5995 γῇ
818 5924 1072 5980 κακεῖνον
1130 5925 1586 5995 προσεκτήσατο*
1631 5925 1727 5979 καὶ
1759 5923 1856 5994 τὴν

1936 4716 2166 4785 -gioria;
2199 4718 2294 4772 sed
2327 4717 2501 4785 ipsum
2542 4732 2763 4786 quoque
2795 4717 2990 4772 coelum
3026 4710 3341 4787 penetrans,
3381 4734 3544 4789 ange-

1959 4807 2079 4861 licis
2121 4807 2523 4870 Potestatibus.
2563 4809 2887 4878 quibusatm
2917 4824 3059 4863 nunc
3111 4811 3224 4878 ipse
3278 4821 3543 4873 versatur.

1960 4903 2014 4956 in
2050 4902 2415 4979 aestimatione
2447 4911 2550 4958 est.
2595 4903 2752 4969 Quod
2797 4904 2941 4959 enim
2971 4904 3072 4958 soli
3105 4903 3305 4959 divina:
3337 4915 3546 4961 natura:

1959 4997 2241 5065 competit,
2276 4994 2473 5064 ubique
2507 5007 2829 5065 prtesentem
2862 4998 3080 5061 adesse,
3143 4998 3194 5051 id
3228 4998 3425 5053 Petrus
3452 5015 3547 5067 per

1958 5087 2209 5142 collatam
2259 5089 2361 5143 sibi
2415 5088 2677 5143 divinitus
2720 5089 2950 5155 gratiam
3002 5091 3265 5159 consequi
3300 5092 3544 5145 meruit:

1961 5192 2149 5251 utpote
2182 5183 2274 5252 qui
2313 5181 2364 5235 in
2395 5184 2558 5236 terris
2604 5197 2730 5235 cum
2779 5183 3098 5238 hominibus
3132 5195 3377 5239 versetur
3402 5224 3416 5248 ,
3449 5199 3547 5251 per

1960 5273 2164 5327 claram
2194 5282 2360 5342 atque
2384 5273 2726 5327 iutlelcbilent
2755 5275 3073 5327 memoriam
3107 5275 3188 5329 sui
3213 5292 3227 5340 ;
3251 5284 3305 5330 et
3331 5276 3382 5329 in
3407 5276 3545 5330 caelo

1962 5366 2169 5420 sanctis
2214 5366 2303 5436 qui
2354 5382 2381 5416 a
2432 5365 2630 5421 sarculo
2661 5377 2789 5419 sunt
2839 5377 3254 5428 annumeratus,
3291 5383 3412 5420 cum
3450 5382 3547 5420 an-

1961 5459 2094 5525 gelis
2113 5460 2317 5513 circum
2340 5459 2428 5512 Dei
2453 5459 2709 5513 thronum
2739 5460 2973 5515 choreas
2995 5463 3113 5515 sine
3139 5461 3545 5515 intermissione

1962 5552 2134 5607 ducit.

2034 5647 2123 5702 5i.
2150 5645 2224 5700 lla
2256 5645 2366 5711 ille,
2390 5661 2515 5700 cum
2548 5647 2764 5702 vivebat
2790 5687 2805 5710 ,
2842 5647 3025 5701 omnia
3060 5644 3370 5711 abdicavit;
3421 5660 3543 5700 cum

1964 5748 2212 5793 mortuus
2248 5737 2369 5801 fuit,
2417 5740 2597 5793 omnia
2636 5748 2966 5794 consecutus
2993 5749 3113 5800 cst;
3143 5753 3266 5791 cum
3318 5740 3424 5791 vita
3458 5754 3546 5793 su-

1966 5841 2199 5897 pererat,
2236 5829 2497 5884 mundum
2531 5830 2706 5900 fugit;
2760 5845 2880 5885 cum
2926 5830 3074 5885 illam
3121 5839 3296 5884 morte
3323 5831 3544 5893 clausit.

1966 5921 2162 5977 cmlum
2198 5925 2435 5993 recepit;
2474 5935 2564 5978 aut
2609 5926 2787 5994 potius
2838 5934 2995 5981 teme
3043 5922 3235 6003 coelum
3291 5924 3544 5996 adjunin
