3988 6470
283 393 311 455 ι
324 389 434 453 045

1396 379 1494 442 DE
1531 378 1881 440 MENTALI
1916 375 2432 451 QUIETUDINE.
2512 372 2543 381 ‘

3420 375 3438 436 1
3452 374 3565 437 Οίίὶ

278 494 517 558 ἠσυχιαν
585 486 769 555 ἄκρων
826 484 1084 555 Πατέρων
1138 482 1342 552 γράψαι
1391 499 1443 533 τι
1492 480 1629 542 ὅλως
1660 482 1757 531 οὐκ
1781 481 1871 547 ὴν-

2000 486 2264 541 οοιίεςὶιηί
2309 487 2498 541 Patres
2531 485 2666 541 nihil
2699 485 2924 539 omnino
2967 482 3208 539 seriberc
3245 484 3559 540 voluerunt:

282 579 547 653 έσχοντο,
610 578 787 632 καίτοι
838 577 1049 648 μεγάλα
1089 577 1185 630 καὶ
1231 575 1556 644 πολυωςρελῆ
1585 575 1873 642 δυνάμενοι

283 669 566 724 ἐκθέσθαι.
591 670 748 725 Κατὰ
774 670 951 724 πάντα
972 669 1028 722 δέ
1049 668 1149 738 τῆς
1172 668 1398 722 ἐκείνων
1424 667 1711 738 ἀκριϐείας
1737 667 1875 720 ἀπο-

284 764 611 834 λειπόμενος
636 763 767 832 ἐγὼ,
796 764 892 817 καὶ⁵
932 762 1169 834 γράφειν
1204 762 1324 826 ἔθος
1352 757 1522 833 εἶχον,
1553 760 1670 814 ἀλλ’
1706 761 1879 827 ἀναγο

286 857 453 923 καίας
485 855 816 928 ἐπειγούσης
840 856 1061 926 χρείαςο
1099 855 1198 909 νῦν
1229 854 1285 907 δέ
1322 871 1389 924 με
1429 840 1523 906 καὶ
1556 852 1691 923 πρὸς
1720 851 1879 904 τοῦτο

283 950 652 1022 ὀκνηρότερον
693 950 961 1020 ἐποίησαν
1008 950 1059 1002 oi
1107 946 1396 1018 βασκάνοις
1426 945 1723 1016 ὀφθαλμοῖς
1761 943 1879 998 ἔνια

287 1042 398 1095 τῶν
446 1040 596 1111 ἐμῶν
639 1038 985 1112 γραμμάτων
1040 1036 1374 1103 κατιδόντες,
1412 1034 1510 1089 καὶ
1542 1034 1880 1106 κακουργίας

287 1138 355 1188 ὲκ
385 1131 595 1187 τούτων
627 1130 920 1203 ζητοῦντες
961 1130 1217 1202 ἀφορμάς
1242 1143 1257 1159 ⁸
1289 1128 1363 1196 οἳ,
1406 1128 1551 1183 κατά
1580 1127 1671 1183 τὸν
1704 1129 1881 1199 μέγαν

291 1225 588 1292 Διονύσιον,
639 1222 1055 1294 πῳσπάσχουσι
1108 1222 1397 1294 στοιχείοις
1443 1223 1539 1276 καὶ
1589 1221 1882 1293 γραμμαῖς

293 1319 567 1387 ἀνοήτοις,
631 1316 728 1371 καὶ
794 1316 1107 1382 συλλαϐαῖς,
1165 1317 1259 1370 καλ¹
1299 1316 1512 1380 λέξεσιν
1553 1313 1876 1383 ἀγνώστοις,

295 1414 371 1483 μὴ
416 1410 823 1473 διαϐαινούσαις
864 1411 945 1473 είς
996 1409 1057 1462 τὸ
1086 1408 1188 1478 τῆς
1225 1408 1404 1480 ψυχῆς
1436 1409 1617 1461 αὐτῶν
1660 1406 1875 1476 νοερόν

293 1504 385 1558 καί
411 1504 561 1556 ἐστιν
592 1503 668 1566 ὡς
697 1500 915 1572 ἀληθῶς
939 1501 1132 1571 ἄλογον
1156 1500 1252 1554 καὶ
1292 1500 1499 1562 σκαιὸν,
1533 1499 1627 1552 καὶ
1667 1499 1773 1551 τῶν
1810 1497 1878 1550 τά

293 1597 417 1649 θεῖα
443 1596 584 1647 νοεῖν
608 1594 903 1646 ἐθελόντων
935 1591 1188 1663 οὐδαμῶς
1220 1592 1350 1645 ῖδιον
1374 1631 1389 1656 ,
1433 1592 1507 1661 μὴ
1554 1593 1621 1661 τῇ
1650 1590 1876 1659 δυνάμει

292 1687 389 1741 τοῦ
438 1687 644 1740 σκοποῦ
697 1686 1007 1757 προσέχειν,
1048 1684 1183 1737 ἀλλά
1219 1686 1340 1747 ταῖς
1366 1683 1577 1748 λέξεσιν
1601 1700 1616 1714 ·
1665 1677 1781 1734 οἶδα
1819 1679 1877 1733 δὲ

296 1778 406 1848 ἐγὼ
429 1778 657 1842 δικαίως
690 1779 782 1831 ὑπ’
804 1776 1030 1831 ἐκείνων
1054 1776 1154 1839 τάς
1202 1773 1439 1844 μέμψεις
1468 1771 1710 1834 ὑποστάς
1732 1787 1745 1800 ·
1780 1771 1879 1838 οὐχ

294 1844 377 1927 ὅτι
419 1873 493 1943 μὴ
542 1872 850 1942 συμφώνως
909 1871 1022 1933 τοῖς
1071 1868 1349 1939 Πατράσιν
1393 1866 1670 1937 ἔγραφονν
1720 1860 1882 1916 τοῦτο
1914 1844 1955 1901 Β

297 1968 428 2038 γὰρ,
468 1967 648 2039 χάριτι
679 1963 940 2037 Χριστοῦ,
984 1962 1326 2034 συνετηρήθη
1362 1978 1450 2032 μοι
1471 1962 1588 2022 τοῖς
1618 1960 1880 2028 γράμμα-

301 2077 385 2113 σιν
414 2076 427 2089 ·
467 2057 582 2112 ἀλλ’
611 2058 693 2111 ὅτι
719 2054 1172 2125 συνεγραψάμην.
1210 2054 1341 2121 περὶ
1365 2046 1439 2106 ὧν
1469 2051 1618 2118 ἄξιος
1644 2051 1744 2103 οὐκ
1772 2045 1840 2119 ἦν
1862 2062 1877 2077 ·

295 2154 452 2218 ἄλλος
511 2170 618 2217 τις,
672 2153 701 2206 ό
757 2152 865 2205 Ζᾶν
918 2151 1069 2214 ἴσως,
1122 2149 1181 2203 τδ
1216 2148 1315 2218 τῆς
1349 2143 1607 2216 ἀληθείας
1643 2142 1882 2211 ὀχήματι

293 2248 461 2318 λόγῳ,
516 2243 975 2317 περιτρεπομένῳ
1039 2241 1256 2313 βοηθεῖν
1306 2237 1695 2309 ἐπιχειρήσας⁸
1740 2232 1882 2302 πλὴν

295 2342 440 2403 ὅσον,
476 2340 560 2393 ὅτι
591 2339 693 2393 οὐκ
715 2337 915 2410 ὀργῆς,
942 2334 1080 2390 ἀλλά
1104 2333 1424 2404 συμμέτρου
1458 2328 1707 2390 παιδείας
1747 2326 1882 2395 ἡμῖν

297 2429 363 2504 ἦν
387 2432 660 2503 ἐπιφορά·
688 2431 770 2485 διὸ
801 2428 923 2483 ούδέ
978 2426 1196 2497 ίσχύσαι
1246 2424 1367 2477 καθ’
1410 2419 1569 2493 ἡμῶν
1603 2418 1880 2504 ἐξεγένετο

297 2503 409 2588 τοῖς
432 2524 884 2594 ἐπιτεθειμένοις.
919 2522 1073 2592 Τάχα
1107 2521 1164 2573 δὲ
1189 2518 1285 2571 καὶ
1311 2515 1472 2569 τοῦτο
1515 2514 1614 2581 τῆς
1650 2508 1788 2579 ἐμῆς
1810 2503 1879 2575 ἦν

299 2619 654 2688 ἀναξιότητος
676 2634 690 2649 ·
724 2618 786 2670 οὐ
812 2616 923 2685 γὰρ
978 2608 1048 2684 ἦν
1076 2610 1187 2679 ἐγὼ
1220 2610 1391 2676 ἄξιος,
1416 2605 1540 2659 ούδέ
1570 2603 1774 2664 ἱκανὺς,
1803 2600 1881 2661 ὡς

297 2712 464 2772 ἔοικε,
490 2710 686 2764 παθεῖν
714 2727 765 2763 τι
798 2708 940 2778 ὑπὲρ
960 2706 1241 2778 ἀληθείας,
1262 2706 1353 2758 καὶ
1383 2700 1529 2755 οῦτω
1555 2695 1882 2766 κοινωνῆσαι

297 2807 412 2869 τοῖς
441 2804 553 2856 τῶν
580 2804 754 2871 ἁγίων
791 2800 1080 2872 παθήμασι
1103 2798 1240 2869 μετά
1265 2795 1459 2865 χαρᾶς.
1485 2791 1549 2845 Τί
1591 2791 1733 2859 γάρ;
1761 2786 1885 2856 οὐχὶ

300 2896 395 2946 καὶ
425 2894 453 2945 ὁ
493 2891 882 2961 Χρυσόστομος
914 2888 1127 2960 Πατὴρ,
1155 2888 1184 2941 ὁ
1206 2884 1484 2955 καὶσῶμα
1502 2881 1885 2951 περικείμενος

295 2986 381 3040 ἔτι
412 2988 477 3056 τῇ
519 2984 817 3053 Ἐκκλησία
845 2982 951 3035 τῶν
981 2981 1344 3051 πρωτοτόκων
1389 2979 1447 3029 ἐν
1470 2977 1718 3046 οὐρανοῖς
1755 2988 1886 3026 συν-

295 3077 569 3149 ημμένος,
598 3075 757 3145 εἴπερ
779 3091 888 3139 τις,
915 3072 1174 3142 ἀσφαλῶς
1218 3071 1356 3141 ἅμα,
1402 3068 1499 3122 καὶ
1553 3065 1763 3133 σαφῶς,
1790 3065 1886 3118 καὶ

302 3170 598 3244 μελιχρῶς,
623 3166 980 3239 λογογραφῶν
996 3165 1095 3238 τὴν
1132 3163 1436 3227 εὐσέϐειαν,
1471 3162 1570 3232 οὐχ
1592 3156 1745 3222 οὗτος
1769 3160 1884 3211 τοί⁴

298 3283 397 3318 νυν
418 3266 448 3317 ὁ
466 3261 803 3335 τηλικοῦτος,
839 3259 915 3323 ὡς
939 3260 1008 3316 τὰ
1042 3257 1351 3330 Ὠριγένους
1374 3254 1602 3327 γράφων
1633 3253 1727 3307 καὶ
1752 3268 1889 3321 φροι

298 3359 429 3424 νῶν,
450 3357 683 3427 ἐξεκόπη
707 3355 806 3425 τῆς
844 3351 1191 3422 Ἐκκλησίας,
1225 3352 1318 3404 καὶ
1347 3347 1646 3420 ὑπερορίαν
1666 3346 1886 3400 κατεδι-

300 3450 519 3521 κάσθης
554 3448 691 3518 Φησὶ
717 3445 774 3498 δὲ
811 3444 908 3498 καὶ
953 3443 1156 3514 Πέτρος
1197 3443 1225 3494 ό
1278 3440 1575 3512 κορυφαῖος
1602 3435 1696 3489 τοῦ
1724 3450 1889 3505 κορυ-

298 3546 465 3616 φαίου
491 3541 651 3614 χοροῦ
668 3539 780 3594 τῶν
816 3538 910 3593 τοῦ
943 3537 1147 3607 Κυρίου
1196 3533 1475 3606 μαθητῶν,
1507 3533 1590 3586 ὅτι
1620 3529 1805 3584 καὶτὰ
1831 3529 1889 3579 ἐν

304 3635 625 3697 ἐπιστολαῖς
658 3630 754 3686 τοῦ
811 3630 1064 3702 μεγάλου
1097 3626 1312 3682 Παύλου
1355 3623 1647 3691 δυσνόητα,
1678 3621 1728 3674 oi
1766 3620 1888 3674 τότε

299 3728 538 3799 ἀμαθεῖς
562 3723 908 3797 ἐστρέϐλουν,
931 3722 1066 3793 πρδς
1095 3720 1194 3790 τὴν
1218 3718 1353 3775 ἰδίαν
1379 3716 1562 3773 αὐτῶν
1589 3713 1886 3770 ἀπώλειαν.

314 3820 463 3891 Ἐγὼ
489 3818 545 3874 δέ
576 3818 664 3873 διὰ
690 3816 790 3887 τὴν
820 3814 1024 3886 μικράν
1056 3814 1322 3884 ἐπήρειαν
1359 3809 1470 3864 τῶν
1498 3806 1891 3879 ἐπιχειρησάν-

297 3930 437 3978 των,
490 3909 671 3978 καίτοι
729 3904 1026 3968 συνοδικῶς
1069 3901 1546 3972 καταϐληθέντων,
1591 3900 1744 3968 ὅμως
1791 3896 1889 3950 τοῦ

296 4006 541 4077 γράφειν
581 3999 902 4072 διενοούμην
952 3994 1293 4067 ἀποσχέσθαι
1345 3992 1566 4055 τελέως.
1618 3992 1679 4044 Ei
1711 3989 1787 4062 μὴ
1823 3990 1889 4042 σὺ

297 4099 427 4163 νῦν,
461 4091 507 4152 ὦ
557 4094 683 4169 ιερὰ
735 4089 1036 4163 πρεσϐῦτις
1084 4089 1187 4143 οὐκ
1232 4088 1442 4157 ἀνῆκας
1500 4081 1754 4153 δεομένη,
1797 4081 1893 4133 καὶ

298 4186 740 4260 παρακλητικοῖς
792 4178 1408 4254 γράμμασινχρωμένη,
1428 4175 1522 4230 καὶ
1554 4173 1894 4245 μηνύμασινο

297 4284 412 4346 ἕως
436 4282 660 4342 ἔπεισας
687 4273 1097 4350 παραινετικοῖς
1128 4270 1308 4340 λόγοις
1334 4267 1491 4332 αὖθις
1545 4265 1889 4338 ἐγχειρῆσαι.

300 4374 503 4431 Καίτοι
534 4388 615 4426 σοι
641 4368 752 4425 τῶν
788 4364 1167 4439 παραινέσεων
1208 4363 1269 4416 οὐ
1311 4361 1453 4417 πάνυ
1482 4362 1638 4433 χρεία
1657 4377 1670 4391 σ
1695 4361 1896 4429 κέκτη-

300 4482 404 4520 σαι
438 4463 570 4534 γάρ,
629 4460 814 4532 χάριτι
871 4454 1134 4529 Χριστοῦ,
1188 4453 1325 4526 μετά
1379 4452 1477 4507 τοῦ
1516 4452 1640 4506 καθ’
1673 4450 1893 4523 ἡλικίαν

308 4557 516 4629 γήρως,
552 4551 729 4608 καὶτὸ
754 4552 813 4604 ἐν
841 4548 1055 4602 συνέσει
1069 4545 1328 4617 γεραρὸν,
1348 4544 1442 4600 καὶ
1468 4545 1561 4599 τὸν
1584 4544 1749 4616 νόμον
1786 4543 1895 4597 τῶν

1979 580 2104 633 licet
2147 579 2439 636 maximam
2476 579 2605 634 inde
2654 578 2942 634 utilitatem
2997 575 3192 632 alien-re
3230 577 3557 644 potuissent.

1976 670 2209 726 Prorsus
2260 671 2328 726 ab
2379 671 2571 725 horum
2625 672 2946 725 austeritate
2996 684 3096 739 ego
3145 668 3424 738 deﬁciens,
3479 672 3561 726 vel

1979 764 2221 819 scribere
2262 763 2527 831 solebam,
2561 763 2779 819 nonnisi
2832 774 3009 818 tamen
3048 772 3275 834 urgente
3318 766 3560 819 necessi-

1983 865 2126 921 tate;
2164 871 2308 912 nunc
2339 871 2468 912 vero
2498 871 2584 910 me
2615 857 2793 912 minus
2826 858 2892 910 ad
2924 856 3027 911 hoc
3065 856 3376 928 diligentem
3419 856 3565 912 fece-

1981 955 2107 1000 runt
2136 948 2228 1017 qui
2269 948 2468 1003 invidis
2512 947 2685 1004 oculis
2725 950 3055 1018 scriptorum
3094 948 3277 1017 aliqua
3315 960 3559 1002 meorum

1981 1039 2311 1109 despiciunt,
2338 1041 2389 1094 in
2419 1040 2606 1111 eisque
2626 1041 2969 1096 irritamenta
2994 1050 3248 1109 quaerunt
3270 1040 3523 1109 nequitia:
3546 1053 3564 1096 :

1979 1131 2097 1201 qui.
2130 1140 2191 1187 ut
2228 1132 2313 1206 ait.
2351 1146 2583 1203 magnus
2614 1131 2923 1205 Dionysius,
2957 1131 3254 1187 concinunt
3281 1130 3567 1186 elementis

1982 1224 2289 1294 litterisque
2319 1225 2541 1280 vesanis
2567 1233 2622 1280 et
2651 1224 2873 1296 syllabis
2909 1223 3199 1295 verbisque
3231 1223 3428 1288 ignotis
3458 1238 3563 1291 non

1982 1316 2396 1386 penetrantibus
2448 1317 2645 1372 animm
2687 1330 2802 1373 suae
2857 1316 3214 1372 intellectum.
3273 1316 3371 1370 Est
3419 1316 3564 1369 enim

1981 1409 2209 1464 stultum
2253 1410 2608 1481 ineptumque
2647 1425 2776 1465 vere
2819 1418 2873 1464 et
2913 1408 3217 1480 intelligere
3254 1408 3435 1461 divina
3476 1422 3569 1459 vo.

1984 1503 2219 1559 lentibos
2277 1503 2606 1575 indignum,
2655 1518 2766 1559 non
2826 1503 3051 1559 intentae
3099 1504 3423 1565 sentcntim,
3472 1502 3565 1555 sed

1985 1597 2165 1652 verbis
2203 1597 2505 1653 attendere.
2560 1597 2687 1653 Scio
2732 1597 2986 1666 equidem
3032 1597 3153 1651 illos
3200 1596 3394 1651 merito
3436 1595 3568 1649 mihi

1983 1691 2338 1760 exprobrare,
2373 1705 2478 1744 non
2531 1691 2675 1759 quod
2721 1687 2976 1743 Patribus
3021 1687 3447 1744 contradixerim
3494 1688 3568 1752 (id

1983 1782 2153 1848 enim,
2180 1781 2386 1837 ChriSti
2417 1783 2615 1851 gratia,
2642 1783 2864 1852 scriptis
2896 1779 3033 1836 meis
3067 1788 3285 1835 cautum
3318 1780 3444 1846 est),
3476 1780 3577 1833 sed

1984 1875 2126 1944 quod
2160 1874 2517 1930 disseruerim
2543 1877 2608 1929 de
2633 1874 2832 1942 quibus
2862 1872 3058 1943 dignus
3081 1886 3185 1926 non
3209 1887 3383 1926 eram.
3419 1872 3575 1929 Alius

1986 1965 2207 2034 quidam
2237 1965 2433 2036 dignus
2462 1975 2602 2032 erat,
2630 1966 2739 2020 Zan
2786 1964 3037 2032 fortasse,
3064 1966 3157 2034 qui
3186 1964 3426 2018 veridico
3457 1976 3575 2018 ser—

1989 2071 2148 2111 mone
2195 2073 2441 2113 eversmn
2492 2058 2751 2129 adjuvare
2779 2067 3013 2113 conatus
3055 2068 3159 2114 est.
3222 2052 3573 2127 Caeteroquin

1988 2163 2094 2204 non
2142 2151 2214 2206 ob
2260 2147 2423 2217 :raiit,
2462 2150 2556 2205 sed
2605 2150 2671 2205 ad
2712 2164 3011 2219 congruam
3043 2150 3438 2204 correctionem
3479 2163 3574 2202 eos

1990 2244 2455 2314 impugnavimus,
2490 2252 2544 2299 et
2586 2244 2705 2300 ideo
2748 2254 2939 2299 contra
2988 2258 3087 2300 nos
3131 2243 3428 2313 praevalere
3469 2257 3575 2296 non

1990 2344 2290 2404 potuerunt
2336 2351 2710 2409 aggressores.
2746 2336 2956 2392 Forsan
2995 2351 3212 2406 quoque
3259 2337 3360 2390 hoc
3399 2335 3578 2389 creuit

1990 2439 2216 2498 propter
2269 2424 2447 2485 meam
2498 2429 2877 2500 indignitatem
2917 2443 2932 2485 :
2969 2441 3143 2498 neque
3186 2426 3332 2481 enim
3382 2424 3578 2494 dignus

1990 2537 2140 2578 eram
2173 2531 2227 2580 et
2257 2523 2484 2580 idoneus
2510 2523 2629 2595 qui,
2656 2530 2715 2578 ut
2755 2521 2935 2590 decet,
2965 2520 3167 2591 aliquid
3205 2534 3303 2590 pro
3344 2516 3578 2572 veritate

1992 2626 2229 2684 paterer,
2256 2625 2312 2672 et
2338 2616 2411 2671 ita
2440 2625 2757 2673 sanctorum
2788 2614 3198 2687 persecutiones
3233 2613 3387 2666 latius
3414 2612 3579 2681 parti-

1993 2709 2258 2779 ciparem.
2301 2709 2440 2778 Quid
2478 2708 2666 2764 enim?
2711 2722 2891 2765 nonne
2930 2706 3353 2777 Chrysostomus
3394 2705 3576 2769 l‘ater,

1994 2802 2084 2872 qui
2120 2801 2301 2858 adhuc
2348 2816 2581 2873 corpore
2623 2800 2847 2859 indutus
2878 2799 3136 2856 Ecclesiae
3173 2799 3578 2870 primitivorum

1995 2895 2051 2950 in
2085 2894 2241 2951 cmlis
2266 2894 2380 2965 jam
2411 2895 2855 2960 consociabatur,
2882 2893 2974 2963 qui
3006 2895 3178 2965 magis
3207 2909 3371 2964 quam
3404 2894 3581 2964 quivis

1994 2988 2137 3043 alius
2190 2996 2311 3043 tuto
2362 2986 2526 3043 simul
2581 2997 2636 3042 et
2657 2987 2937 3058 sapienter
2990 2996 3155 3055 atque
3215 2987 3457 3041 suaviter
3512 2990 3581 3043 de

1996 3081 2198 3149 pietate
2259 3079 2517 3150 scripsit,
2572 3093 2755 3134 nonne
2805 3078 2919 3139 hic.
2961 3078 3209 3145 inquam,
3262 3086 3440 3132 tantus
3480 3077 3582 3145 vir,

2000 3184 2258 3243 tanquam
2290 3186 2508 3227 errores
2536 3168 2793 3239 Origenis
2829 3180 3021 3224 tenens
3060 3183 3124 3221 ac
3164 3169 3389 3232 ducens,
3422 3182 3452 3222 ο
3480 3182 3580 3223 sua

2002 3263 2248 3318 Ecclesia
2280 3265 2473 3334 pulsus
2504 3273 2591 3318 est
2618 3275 2672 3317 et
2703 3262 2902 3317 exsilio
2940 3260 3234 3315 mttltatus?

2076 3417 2213 3471 Dicit
2247 3416 2445 3474 Betrus
2495 3418 2627 3489 regii
2663 3418 3053 3488 discipulorum
3105 3419 3323 3475 Domini
3360 3431 3587 3477 senatus

2003 3514 2258 3579 princeps
2279 3512 2333 3563 iu
2359 3512 2606 3580 epistolis
2629 3514 2809 3579 magni
2842 3512 2989 3565 Pauli
3019 3528 3140 3568 esse
3163 3514 3411 3580 quaedam
3443 3512 3585 3568 ditii-

2001 3604 2128 3657 cilia
2173 3603 2470 3668 intellectu,
2515 3618 2637 3673 quae
2684 3614 2815 3659 tunc
2863 3606 3065 3659 indocti
3107 3607 3477 3675 depravabant
3517 3609 3589 3662 ad

2002 3709 2157 3749 suam
2190 3694 2431 3763 ipsorqu
2469 3695 2827 3763 perditionem
2859 3695 2897 3749 ί.
2938 3694 3001 3749 Ει
3029 3710 3132 3765 ego
3172 3708 3393 3767 propter
3437 3712 3589 3752 acer-

2004 3788 2127 3842 bam
2175 3801 2559 3857 aggressormn
2613 3787 2915 3855 malitiam,
2968 3790 3175 3860 pariter
3221 3805 3250 3844 a
3296 3791 3589 3846 scribendo

2001 3881 2252 3936 volebam
2289 3894 2514 3948 prorsus
2546 3880 2847 3948 abstinere,
2880 3882 2985 3936 nisi
3033 3890 3090 3937 tu
3141 3897 3305 3947 nunc,
3349 3898 3383 3937 o
3423 3897 3589 3939 vene-

2004 3972 2169 4028 randa
2211 3972 2403 4038 Mater,
2440 3973 2815 4029 indesinenter
2865 3989 3117 4042 rogasses
3163 3986 3218 4031 et
3267 3975 3595 4037 hortatoriis

2006 4081 2105 4121 usa
2135 4065 2336 4125 fuisses
2363 4066 2562 4122 litteris
2592 4077 2753 4136 atque
2785 4068 3158 4135 documentis,
3190 4072 3363 4125 donec
3396 4071 3591 4126 incita-

2006 4160 2206 4215 mentis
2251 4157 2384 4214 mihi
2422 4159 2745 4229 persuasisti
2781 4170 2840 4214 ut
2874 4165 2977 4216 hoc
3007 4175 3148 4231 Opus
3180 4162 3377 4218 iterum
3412 4163 3590 4219 susci-

2005 4266 2213 4321 perem.
2252 4250 2361 4307 Nec
2401 4252 2498 4307 tibi
2539 4250 2726 4307 multis
2756 4266 2896 4323 opus
2929 4253 3033 4310 fuit
3065 4256 3594 4317 exhortationibus:

2007 4344 2180 4415 polles
2222 4346 2365 4400 enim
2410 4343 2560 4399 haud
2604 4344 2720 4400 sola
2763 4347 2949 4402 aetatis
2995 4349 3201 4403 canitie
3235 4390 3251 4415 ,
3293 4350 3389 4404 sed
3429 4350 3595 4407 etiam

2009 4437 2312 4506 prudentiae
2352 4438 2529 4503 senio,
2566 4447 2620 4492 et
2657 4452 2943 4493 sacrorum
2992 4438 3166 4510 legem
3214 4443 3595 4498 mandatorum

2007 4546 2073 4587 ex
2107 4532 2346 4603 longaeva
2372 4531 2525 4600 praxi
2557 4529 2841 4599 percalles,
2868 4530 3176 4586 obedientia
3207 4543 3260 4587 et
3282 4533 3601 4602 quietudiuc

299 4624 353 4705 ιέ
366 4624 476 4718 ρῶν
501 4641 1004 4715 παραγγελμάτων,
1046 4638 1136 4693 διὰ
1166 4637 1458 4701 πολυετοῦς
1485 4636 1727 4705 ἀνέγνως
1756 4635 1887 4707 πράι

2010 4624 2176 4701 vitam
2243 4634 2397 4679 tuam
2443 4635 2749 4694 opportune
2801 4626 3035 4693 partita,
3093 4624 3297 4693 quibus
3360 4626 3597 4693 poiivisti

298 4744 470 4810 ξεως,
501 4737 717 4806 ὑπακοῇ
746 4734 839 4788 καὶ
870 4731 1072 4803 ἡσυχίᾳ
1124 4729 1265 4784 κατὰ
1321 4728 1514 4799 καιρὸν
1550 4728 1893 4799 μερισαμένη

300 4849 409 4888 σου
472 4829 565 4883 τὸν
614 4827 727 4899 βίον
751 4841 764 4855 ·
813 4824 881 4877 δι’
923 4816 1000 4878 ὧν
1051 4822 1432 4877 καταλεάνασα
1489 4822 1551 4875 τὸ
1591 4823 1688 4890 τῆς
1718 4821 1896 4892 ψυχῆς

300 4905 565 4987 πυκτίον,
617 4917 924 4991 ἐπιτήδειον
972 4916 1307 4987 πεποίησαι,
1360 4916 1498 4986 πρὸς
1531 4916 1593 4969 τὸ
1641 4913 1898 4978 δέξασθαι

299 5019 410 5074 καὶ
441 5012 777 5086 συντηρῆσαι
801 5012 926 5075 τοὺς
956 5009 1134 5073 θείους
1178 5007 1553 5080 χαρακτῆρας.
1601 5006 1761 5061 Ἀλλά
1787 5009 1897 5078 γὰρ

301 5108 555 5167 τοιοῦτόν
586 5109 723 5160 ἐστι·
759 5103 905 5174 ψυχὴ
949 5103 1232 5171 κατάκρας
1273 5101 1479 5155 ἁλοῦσα
1520 5101 1900 5171 πνευματικῆς

302 5199 665 5263 διδασκαλίας
698 5198 848 5269 πόθῳ
868 5215 880 5227 ’
914 5196 1076 5268 κόρον
1116 5196 1286 5266 αὐτῆς
1313 5195 1572 5249 οὐδέποτε
1603 5195 1896 5265 λαμϐάνει.

307 5295 409 5349 Διὸ
440 5296 535 5347 καὶ
564 5295 598 5365 ἡ
629 5292 791 5361 σοφία
841 5293 969 5362 περὶ
1017 5291 1216 5361 ἑαυτῆς
1265 5305 1452 5358 φησιν,
1499 5290 1560 5343 Οἱ
1592 5289 1898 5359 τρώγοντες

312 5404 389 5458 με
446 5386 528 5440 ἔτι
576 5385 930 5440 πεινάσουσι·
957 5382 1054 5437 καὶ
1082 5384 1109 5435 ὁ
1147 5382 1310 5444 ἐνιεὶς
1337 5384 1404 5453 τῇ
1439 5381 1586 5452 ψυχῇ
1625 5380 1717 5434 τὸν
1754 5381 1896 5433 θεῖον

314 5479 486 5535 πόθον
541 5478 733 5532 τοῦτον
769 5477 994 5546 Κύριος,
1042 5478 1170 5546 περὶ
1223 5475 1441 5540 Μαρίας
1485 5474 1637 5541 φησὶ,
1665 5474 1764 5538 τῆς
1801 5476 1900 5531 τὴν

315 5567 536 5638 ἀγαθὴν
560 5566 755 5637 μερίδα
791 5565 998 5638 ταύτην
1035 5563 1453 5635 ἐπιλεξαμένης,
1483 5564 1566 5617 ὅτι
1599 5562 1701 5616 οὐκ
1736 5562 1901 5628 ἀφαι-

320 5658 615 5731 ρεθήσεται
669 5658 768 5714 ἀπ’
797 5659 991 5728 αὐτῆς.
1025 5659 1117 5712 Σοὶ
1144 5658 1189 5711 δ’
1227 5658 1359 5720 ἴσως
1388 5655 1497 5709 τῶν
1526 5655 1784 5708 τοιούτων
1814 5653 1905 5704 λό-

321 5770 438 5822 γων
466 5753 565 5810 δεῖ.
601 5754 695 5806 καὶ
729 5753 817 5805 διὰ
846 5754 942 5818 τὰς
970 5754 1073 5805 om
1114 5756 1194 5807 soi.
1251 5751 1584 5821 παιδαγωγῷ
1612 5751 1788 5813 ζώσας
1813 5749 1910 5802 Ουετ

393 5833 479 5914 ⁸1⁵1
510 5835 657 5892 Pctr.
692 5848 771 5903 ut,
803 5835 886 5891 16.
962 5838 981 5867 ³
1014 5834 1156 5890 Ereti
1208 5850 1351 5897 nm,
1375 5833 1464 5886 illi.
1548 5831 1564 5861 ³
1595 5831 1722 5886 Luc.
1757 5847 1805 5895 ti,
1836 5830 1924 5906 is.

2012 4717 2209 4773 anima:
2246 4727 2348 4772 lua-
2390 4718 2652 4785 tabulam,
2692 4728 2752 4774 ut
2804 4719 3001 4773 idonea
3055 4718 3210 4773 ﬁeret
3265 4718 3596 4788 recipiendis

2011 4812 2515 4882 conservandisque
2547 4812 2745 4867 divinis
2777 4811 3212 4867 cltaracteribus.
3254 4810 3391 4866 Nam
3426 4813 3507 4866 sic
3538 4827 3599 4869 se

2014 4918 2104 4958 res
2133 4902 2301 4958 habet
2330 4919 2347 4960 :
2377 4905 2558 4959 anima
2600 4903 2822 4960 omnino
2851 4914 3011 4973 capta
3044 4901 3313 4959 doctrina:
3337 4904 3598 4973 spiritalis

2016 5014 2223 5069 amore,
2268 5001 2574 5057 satietatem
2620 5001 2744 5072 ejus
2782 5000 3290 5081 nunquam'habet.
3340 5000 3466 5056 ideo
3511 5017 3602 5057 sa-

2019 5092 2222 5161 pientia
2280 5093 2349 5147 de
2410 5093 2591 5164 seipse
2645 5094 2781 5148 dicit
2814 5108 2831 5146 :
2869 5112 2889 5146 ι
2921 5093 3023 5172 Qui
3063 5093 3234 5151 edunt
3271 5108 3377 5161 me,
3423 5095 3602 5148 adhuc

2020 5184 2264 5239 esurient
2295 5186 2337 5237 ².
2382 5201 2402 5237 ι
2456 5184 2525 5239 Ει
2565 5185 2653 5253 qui
2694 5185 2891 5241 animat
2930 5186 3063 5241 indit
3113 5187 3443 5241 desiderium
3500 5186 3604 5240 huc

2022 5275 2304 5343 divinum,
2356 5276 2617 5334 Dominus
2666 5279 2734 5333 de
2775 5277 2948 5334 Maria
3002 5280 3135 5335 dicit
3164 5279 3231 5336 ³;
3272 5296 3292 5330 ι
3331 5277 3604 5347 Optimam

2022 5376 2233 5436 partem
2266 5368 2452 5440 elegit,
2478 5386 2599 5439 qua:
2633 5385 2738 5426 non
2775 5372 3056 5428 auferetur
3091 5372 3158 5426 ab
3188 5385 3274 5425 ea.
3308 5388 3329 5422 ι

2091 5457 2212 5514 Tibi
2248 5468 2431 5514 autem
2463 5462 2648 5516 forsan
2699 5462 3011 5532 huiusmodi
3064 5461 3413 5516 sermonibus
3464 5475 3633 5531 opus.

2020 5561 2123 5615 εει,
2153 5562 2207 5605 ct
2236 5564 2459 5622 propter
2485 5555 2668 5625 magni
2700 5556 2842 5622 regis
2868 5556 3011 5609 filias
3027 5557 3127 5608 sub
3158 5561 3253 5607 tuo
3286 5553 3629 5625 magisterio,

2023 5663 2040 5694 \
2059 5647 2265 5700 ivvutes
2288 5664 2301 5709 ;
2328 5659 2378 5700 et
2399 5649 2745 5716 potissimum
2770 5649 2842 5703 ob
2866 5662 3095 5716 sponsas
3119 5660 3258 5716 quas
3287 5663 3350 5701 ex
3397 5657 3489 5701 tua
3522 5647 3625 5712 fat-3

2023 5739 2171 5791 ιιιιιιιι
2200 5742 2318 5793 ιίιιιοὶ
2351 5743 2777 5811 iuturruptionis‘
2801 5740 3132 5810 conjuugcrg
3181 5739 3337 5809 cupis
3368 5759 3381 5793 ι
3442 5756 3613 5817 «lucttor
