3988 6492
390 368 518 432 ιίιδι
1613 350 2005 412 GREGORII

2117 349 2152 409 Α
2165 348 2255 409 LA
2271 349 2321 408 Μ
2339 346 2399 404 .15

380 480 679 537 secundu-n
728 476 900 532 Deum
929 488 1077 530 nunc
1145 471 1358 535 vivunt,
1390 470 1631 541 separati
1666 485 1696 524 a
1728 480 1986 538 corpore,

2117 464 2207 518 καὶ
2240 464 2304 532 τῇ
2337 458 2631 514 ἀναστάσει
2670 455 2843 528 ταύτῃ
2897 455 3087 527 ἕψεται
3112 455 3146 526 ἡ
3175 454 3346 519 ὅντως
3381 457 3657 527 ἀφθαρσία,

387 576 483 632 sed
537 589 645 628 non
699 587 728 626 a
760 570 871 625 Deo
905 568 1194 640 disjuncti,
1244 567 1297 622 in
1351 564 1761 621 resurrectione
1806 562 1984 630 ipsum

391 683 597 738 corpus
643 673 923 721 assument
972 663 1039 716 ad
1097 660 1292 725 Deum,
1327 669 1592 713 coeuntes
1638 672 1760 710 cum
1790 654 1988 725 gaudio

392 759 649 818 ineffabili
674 758 763 814 ubi
797 770 1100 827 pnecursor
1133 770 1232 826 pro
1255 752 1417 808 nobis
1442 750 1688 803 introivit
1710 747 1871 803 Jesus
1898 747 1963 812 ",

393 851 773 910 et'revelanda
815 850 869 904 iu
899 849 1124 904 Christo
1154 847 1330 918 gloria
1373 859 1478 898 una
1509 841 1777 898 fruentes.
1808 839 1993 908 Neque

393 948 539 1002 cnim
592 942 1023 1000 resurrectionis
1071 949 1308 1004 tantum,
1358 937 1453 992 sed
1484 945 1540 992 et
1601 932 1993 1005 assumptionis

396 1038 686 1093 dominicae
720 1051 785 1090 ac
842 1036 1013 1091 tutius
1052 1034 1188 1090 vitae
1233 1031 1433 1087 divinae
1486 1037 1778 1085 consortes
1842 1026 1992 1081 ﬁent.

397 1134 462 1189 At
488 1148 595 1188 non
618 1132 720 1196 sic,
747 1129 1165 1202 quisecundum
1197 1139 1421 1182 carnem
1455 1125 1510 1178 in
1544 1130 1691 1179 terra
1727 1119 1988 1183 vixerint,

398 1240 451 1281 et
482 1227 536 1283 in
566 1229 701 1282 hora
733 1227 917 1281 exitus
947 1223 1152 1278 nullam
1188 1221 1395 1276 habere
1425 1234 1550 1276 cum
1590 1216 1702 1273 Deo
1726 1215 1990 1270 unionem

401 1316 604 1370 inventi
634 1315 859 1369 fuerint.
891 1313 1031 1369 Nam
1067 1327 1262 1367 omnes
1307 1311 1531 1381 quidem
1579 1314 1893 1378 resurgent,
1939 1313 1999 1360 ut

401 1410 478 1462 ait
509 1408 809 1478 apostolus,
855 1406 949 1461 sed
983 1421 1091 1461 non
1121 1403 1312 1460 eodem
1371 1403 1531 1457 modo
1566 1420 1580 1457 :
1626 1400 1719 1471 qui
1752 1399 1844 1453 hic
1891 1397 2002 1465 spi~

400 1504 507 1556 ritu
543 1503 683 1557 facta
734 1500 920 1555 carnis
974 1497 1407 1560 ntortificaverit,
1446 1494 1557 1551 illic
1603 1508 1729 1550 cum
1779 1491 2001 1546 Christo

400 1596 641 1649 divinam
673 1603 730 1649 et
764 1608 894 1649 vere
939 1603 1205 1649 aiternam
1259 1589 1412 1645 vivet
1463 1588 1673 1654 vitam;
1711 1583 1806 1655 qui
1865 1596 1999 1637 vero

403 1687 492 1741 hic
525 1687 714 1741 carnis
748 1684 1038 1742 desideriis
1086 1695 1142 1738 et
1181 1682 1538 1754 passionihus
1583 1677 2003 1734 inortilicaverit

404 1781 685 1851 spiritum,
717 1779 853 1846 illic,
907 1777 1082 1835 eheu!
1131 1791 1258 1833 cum
1291 1775 1505 1831 artifice
1535 1782 1590 1828 et
1614 1782 1843 1827 auctore
1872 1767 2001 1822 mali

2111 557 2207 610 καὶ
2261 554 2322 610 τδ
2372 557 2799 623 συνδιαιωνίζειν
2852 560 2980 621 τοὺς
3033 556 3369 629 ἠξιωμένους
3418 555 3492 628 τῷ
3524 557 3663 628 Θεῷ,

2113 649 2521 715 πνευματικοὶις
2558 648 2888 718 γενομένους
2941 650 3062 702 ἀντὶ
3117 648 3422 719 σαρκικῶν,
3475 649 3562 702 καὶ
3602 649 3667 712 ὡς

2112 741 2380 809 ἀγγέλους
2412 741 2550 795 Θεοῦ
2577 742 2990 811 διαιτωμένους,
3022 743 3079 795 ἐν
3114 743 3190 812 τῷ
3210 743 3666 814 οὐρανῷ-Ἀρπα-

2114 831 2402 902 γησόμεθα
2424 833 2554 901 γὰρ,
2587 832 2776 905 φησιν,
2807 835 2864 887 ἐν
2895 834 3148 904 νεφέλαις
3175 835 3257 899 είς
3281 834 3577 904 ἀπάντησιν
3591 834 3670 886 τοῦ

2119 927 2325 996 Κυρίου
2358 928 2437 992 είς
2468 927 2627 998 ἀέρα,
2660 929 2756 983 καὶ
2810 928 2954 983 οὕτω
2980 928 3207 984 πάντοτε
3244 931 3342 983 σὺν
3365 928 3546 1000 Κυρίῳ
3568 929 3672 982 ἐσό-

2118 1020 2277 1087 μεθα.
2331 1017 2601 1091 Καθάπερ
2664 1021 2774 1090 γὰρ
2819 1021 2847 1074 6
2886 1019 2981 1074 τοῦ
3027 1018 3164 1073 Θεοῦ
3214 1019 3365 1085 Υίδς,
3415 1018 3673 1088 ἄνθρωπος

2115 1110 2413 1181 γενόμενος
2439 1112 2529 1165 διὰ
2561 1112 2997 1182 φιλανθρωπίαν,
3031 1112 3273 1167 ἀπέθανε
3321 1113 3504 1183 σαρκὶ,
3530 1129 3675 1182 χωρι-

2119 1203 2343 1274 σθείσης
2376 1204 2478 1275 μὲν
2507 1204 2673 1258 αὐτοῦ
2707 1205 2809 1275 τῆς
2840 1204 3020 1276 ψυχῆς
3047 1205 3156 1261 ἀπὸ
3181 1204 3278 1259 τοῦ
3314 1204 3579 1276 σώματος,
3611 1205 3675 1277 μὴ

2115 1294 2483 1365 χωρισθείσης
2543 1296 2602 1349 δὲ
2646 1295 2749 1365 τῆς
2805 1295 3099 1367 θεότητος“
3149 1296 3234 1351 διὸ
3285 1295 3380 1351 καὶ
3437 1294 3497 1349 τὸ
3536 1294 3676 1366 σῶμα

2116 1388 2433 1458 ἀναστήσας
2478 1389 2704 1454 ἑαυτοῦ,
2753 1389 3015 1444 ἀνέλαϐεν
3064 1390 3147 1454 είς
3191 1388 3425 1458 οὐρανὸν
3452 1390 3508 1441 ἐν
3532 1388 3671 1460 δόξῃ⁶

2115 1478 2260 1532 οὕτω
2311 1480 2407 1533 καὶ
2457 1482 2509 1535 οί
2539 1480 2680 1535 κατά
2713 1480 2847 1535 Θεδν
2890 1480 3127 1535 ἐνταῦθα
3166 1480 3469 1551 ζήσαντες·
3497 1481 3553 1534 ἐν
3584 1481 3676 1549 γὰρ

2116 1570 2194 1642 τῷ
2220 1571 2554 1643 χωρίζεσθαι
2608 1574 2705 1628 τοῦ
2749 1573 3025 1645 σώματος,
3054 1573 3151 1629 τοῦ
3182 1574 3321 1628 Θεοῦ
3360 1573 3436 1646 μὴ
3466 1572 3673 1645 χωριζό-

2120 1679 2295 1732 μενοι,
2335 1664 2394 1717 ἐν
2444 1666 2511 1735 τῇ
2555 1665 2876 1727 ἀναστάσει,
2903 1665 2998 1719 καὶ
3040 1664 3102 1718 τὸ
3146 1664 3311 1735 σῶμα
3339 1663 3675 1734 ἀναλήψονται

2117 1757 2256 1828 πρὸς
2282 1756 2374 1812 τὸν
2405 1756 2563 1824 Θεὸν,
2624 1758 2989 1820 συνειπόντες
3021 1758 3079 1810 ἐν
3129 1757 3280 1827 χαρᾷ
3330 1753 3672 1823 ἀνεκλαλήτῳ,

401 1843 889 1941 condemnabitur,
914 1880 971 1928 et
995 1870 1331 1927 intolerahili
1357 1864 1863 1932 interrninahilique
1889 1870 1999 1915 tra-

2117 1850 2251 1906 ὅπου
2309 1850 2618 1922 πρόδρομος
2668 1850 2810 1922 ὑπὲρ
2836 1848 2993 1921 ἡμῶν
3043 1848 3297 1920 εἰσῆλθεν
3340 1845 3569 1918 Ἰησοῦςο
3598 1843 3676 1899 καὶ

406 1972 573 2022 detur
603 1968 900 2039 supplicio.
934 1968 1080 2039 quod
1132 1976 1220 2023 est
1278 1963 1520 2025 secunda
1571 1969 1626 2016 ct
1669 1956 2003 2028 sempiterna

405 2079 577 2119 mors.

488 2200 718 2258 Ubinam
744 2203 1073 2275 principium
1101 2204 1296 2261 habuit
1331 2219 1456 2259 vera
1496 2218 1668 2269 mors,
1698 2216 1823 2272 qua:
1853 2210 2009 2255 creat

409 2305 468 2349 et
501 2294 668 2352 offert
698 2299 897 2354 anima
925 2309 981 2355 et
1013 2300 1233 2370 corpori
1264 2299 1625 2369 temporalem
1656 2309 1709 2353 et
1743 2308 2006 2352 aeternam

411 2391 690 2446 mortem?
718 2390 915 2449 Nonne
973 2394 1026 2448 in
1073 2394 1298 2463 regione
1331 2394 1503 2449 vitae?
1546 2400 1837 2463 propterea
1879 2394 2013 2444 eoné

410 2488 592 2542 restim
619 2527 635 2554 ,
691 2487 829 2545 heul
892 2503 921 2542 ιι
991 2489 1246 2555 paradiso
1291 2486 1387 2541 Dei
1424 2488 1590 2542 horno
1622 2486 1811 2556 pulsus
1836 2493 1921 2540 est
1953 2484 2007 2539 in

410 2580 637 2636 exilium
682 2591 745 2636 ut
805 2580 1147 2638 mortiferam
1176 2592 1233 2638 et
1287 2580 1477 2637 divino
1521 2580 1778 2650 paradiso
1820 2580 2013 2634 incon-

411 2685 706 2743 eruentem
761 2676 970 2733 hahens
1009 2676 1217 2745 vitam;
1254 2676 1398 2731 sicut
1449 2684 1503 2728 et
1547 2690 1673 2730 vera
1725 2674 1858 2738 vita,
1893 2686 2013 2742 qua:

414 2769 616 2824 animre
638 2778 695 2824 et
723 2770 941 2840 corpori
979 2770 1146 2824 vitam
1180 2768 1341 2824 affert
1369 2783 1498 2824 vero
1534 2766 1929 2829 immortalem,
1958 2765 2011 2819 in

413 2864 519 2919 hae
559 2863 783 2935 regione
810 2864 1005 2920 mortis
1035 2863 1249 2918 initium
1286 2863 1527 2918 hahcbit.
1563 2861 1643 2916 Ne
1680 2872 1884 2928 tamen,
1917 2862 2010 2931 qui

413 2972 522 3011 non
589 2956 812 3013 festinat
863 2956 1032 3010 vitam
1080 2956 1279 3011 anima:
1310 2956 1401 3011 hic
1452 2955 1718 3021 nancisci,
1752 2969 1890 3009 vana
1920 2969 2016 3024 spe

413 3066 478 3105 se.
513 3050 772 3120 decipiat,
806 3057 1073 3121 tanquam
1107 3050 1218 3105 illic
1248 3064 1368 3105 eam
1402 3049 1734 3120 adepturus,
1768 3063 1870 3105 nec
1895 3062 2018 3118 spe-

414 3151 498 3200 ret
528 3143 622 3198 Dei
649 3143 1086 3200 misericordiam
1117 3144 1220 3201 sibi
1257 3145 1703 3216 consequendam
1736 3144 1791 3198 in
1826 3142 2017 3198 futuro

2115 1945 2217 2014 τῆς
2282 1942 2585 2014 μελλούσης
2628 1942 3114 2001 ἀποκαλύπτεσθαι
3160 1941 3324 2014 δόξης
3366 1942 3424 1994 ἐν
3476 1936 3674 2009 Χριστῷ

2117 2032 2608 2099 συναπολαύοντες.
2650 2035 2726 2088 Οὐ
2750 2034 2859 2108 γὰρ
2892 2032 2958 2106 δή
2981 2034 3080 2106 τῆς
3112 2033 3466 2095 ἀναστάσεως
3504 2030 3670 2102 μόνης.

2112 2126 2253 2183 ἀλλά
2285 2129 2381 2182 καὶ
2409 2127 2513 2199 τῆς
2531 2126 2627 2184 τοῦ
2652 2128 2863 2200 Κυρίου
2912 2126 3241 2199 ἀναλήψεως
3273 2126 3515 2183 κοινωνοὶ
3535 2125 3671 2196 γενή·

2114 2237 2321 2287 σονται,
2349 2222 2445 2276 καὶ
2488 2221 2673 2294 πάσης
2715 2221 2820 2294 τῆς
2876 2221 3150 2288 θεοειδοῦς
3188 2223 3373 2293 ζωῆς’
3417 2220 3528 2276 ἀλλ’
3570 2218 3671 2288 οὐχὶ

2114 2314 2211 2368 καὶ
2239 2315 2288 2367 oi
2316 2315 2463 2369 κατὰ
2493 2315 2675 2386 σάρκα
2705 2314 2975 2388 ζήσαντες
3012 2316 3275 2383 ἐνταῦθα,
3312 2316 3407 2371 καὶ
3431 2313 3670 2386 μηδεμίαν

2114 2405 2432 2476 εὐρεθέντες
2463 2408 2756 2464 κοινωνίαν
2785 2407 3002 2480 ἔχοντες
3049 2409 3190 2477 πρὸς
3237 2407 3332 2461 τὸν
3374 2406 3523 2470 Θεὸν,
3544 2406 3596 2459 ἐν
3616 2405 3668 2473 τῇ

2112 2497 2233 2570 ὥρᾳ
2250 2498 2356 2569 τῆς
2381 2498 2562 2567 ἐξόδου
2590 2516 2605 2531 ⁸
2631 2502 2681 2554 εί
2738 2500 2849 2572 γὰρ
2879 2502 2976 2555 καὶ
3029 2501 3235 2565 πάντες
3280 2500 3668 2570 ἀναστήσονται.

2112 2590 2231 2645 ἀλλ’
2252 2590 2505 2661 ἕκαστος,
2532 2592 2720 2663 φησὶν,
2750 2594 2810 2648 ἐν
2826 2593 2905 2665 τῷ
2931 2592 3046 2665 ἰδίῳ
3062 2593 3312 2664 τάγματι
3331 2609 3345 2624 ·
3366 2595 3394 2646 6
3418 2592 3511 2662 μὲν
3529 2588 3670 2643 πνεύ-

2117 2700 2252 2754 ματι
2287 2683 2387 2748 τὰς
2414 2685 2645 2756 πράξεις
2669 2684 2765 2739 τοῦ
2792 2685 3047 2757 σώματος
3086 2686 3329 2742 ἐνταῦθα
3361 2684 3665 2747 θανατώσας,

2113 2779 2235 2832 ἐκεῖ
2287 2778 2519 2850 ζήσεται
2567 2778 2667 2851 τὴν
2718 2780 2855 2850 μετά
2914 2779 3157 2852 Χριστοῦ
3209 2780 3361 2836 θείαν
3409 2779 3500 2834 καὶ
3526 2778 3669 2839 ὅντως

2114 2868 2286 2922 ἀΐδιον
2332 2868 2509 2940 ζωήνο
2553 2870 2583 2922 6
2612 2868 2670 2924 δὲ
2699 2869 2904 2938 σαρκὸς
2934 2870 3260 2943 ἐπιθυμίαις
3291 2873 3384 2927 καὶ
3413 2869 3666 2939 παθήμασι

2116 2960 2177 3012 τὸ
2229 2959 2450 3033 πνεῦμα
2499 2962 2737 3018 ἐνταῦθα
2811 2963 3155 3029 θανατώσας,
3216 2965 3420 3037 μέλλει,
3470 2962 3582 3034 φεῦ,
3604 2960 3668 3030 τῷ

2115 3052 2438 3126 δημιουργῷ
2480 3057 2575 3110 καὶ
2626 3056 2874 3130 προξένῳ
2896 3057 2998 3128 τῆς
3028 3059 3236 3125 κακίας
3274 3060 3390 3115 ἐκεῖ
3434 3072 3668 3128 συγκατα-

2116 3144 2459 3217 δικάζεσθαι,
2490 3151 2587 3206 καὶ
2617 3155 2684 3225 τῇ
2717 3153 3031 3225 ἀνυποίστῳ
3063 3156 3157 3209 καὶ
3204 3156 3557 3227 ἀκαταλήκτῳ
3591 3167 3667 3204 κο·

411 3236 636 3306 szculo,
666 3246 797 3295 tunc
828 3237 975 3295 enim
994 3247 1210 3310 tempus
1240 3240 1349 3295 erit
1373 3238 1757 3295 retributionis
1780 3246 1836 3292 et
1858 3218 2005 3293 dam-

2118 3237 2271 3333 λάτει
2296 3218 2690 3314 παραδίδοσθαι
2712 3262 2727 3278 ο
2759 3246 2789 3300 ὅ
2813 3248 2962 3301 ἐστιν
3043 3247 3302 3320 δεύτερος
3329 3218 3545 3309 θάνατος
3591 3242 3667 3296 καὶ

414 3332 676 3401 nationis,
738 3347 847 3388 non
897 3348 1030 3390 vero
1058 3332 1463 3404 compassionis
1492 3342 1549 3389 et
1578 3332 2007 3398 misericordiae;

414 3437 633 3499 tempus
688 3426 999 3483 revelandte
1046 3426 1239 3484 oﬂ'ensi
1287 3427 1525 3498 iratique
1583 3424 1678 3481 Dei
1754 3424 2010 3493 institim;

415 3529 634 3589 tempus
667 3520 993 3577 omendendi
1049 3537 1272 3578 manum
1330 3521 1674 3585 validam,“
1725 3518 2008 3576 brachium

412 3616 688 3672 excelsum
752 3615 1001 3671 movendi
1037 3618 1091 3672 in
1137 3614 1440 3672 infidelium
1487 3615 1774 3671 ultionem.
1812 3614 1904 3673 νω
1930 3614 2009 3670 illi

409 3713 500 3782 qui
536 3710 797 3766 inciditin
829 3725 1023 3766 manus
1056 3710 1149 3766 Dei
1201 3709 1438 3765 viventis
1469 3711 1483 3764 l
1523 3708 1619 3766 Vae
1648 3708 1722 3765 illi
1754 3709 1851 3779 qui
1899 3709 2009 3765 illic

412 3806 695 3875 experitur
726 3804 1021 3863 vindictam
1052 3804 1172 3867 Dei,
1198 3814 1256 3862 et
1284 3819 1462 3875 neque
1491 3803 1580 3861 hic
1599 3819 1661 3860 ex
1697 3805 1895 3860 timore
1917 3804 2010 3860 Dei

414 3901 640 3964 agnovit
666 3901 759 3955 ira:
789 3899 913 3971 ejus
937 3901 1267 3969 potentiam,
1296 3912 1395 3954 nec
1442 3899 1705 3970 operibus
1738 3898 1843 3954 sibi
1878 3913 2009 3955 con-

408 4008 443 4050 c
466 3994 617 4050 liavit
645 3993 766 4066 ejus
800 3992 1267 4049 misericordiam!
1302 3991 1474 4064 Hinjits
1511 3992 1657 4048 enim
1694 4007 1842 4065 nunc
1874 4001 2011 4048 tem-

413 4104 513 4157 pus
547 4095 654 4152 est,
713 4096 771 4143 et
799 4095 1023 4155 propter
1057 4088 1162 4143 hoc
1192 4084 1448 4157 prmseuti
1479 4086 1588 4141 vita
1658 4101 1758 4142 nos
1788 4086 2013 4143 donavit

415 4181 585 4242 Deus.
614 4182 794 4237 locum
840 4181 979 4237 dans
1027 4181 1385 4250 pmoiteutia.
1415 4177 1573 4247 Quod
1612 4179 1658 4235 si
1700 4194 1808 4234 non
1840 4188 2009 4242 esset.

413 4275 598 4330 statim
629 4289 695 4330 ac
728 4284 1010 4344 peccasset
1046 4275 1232 4340 homo,
1262 4273 1364 4329 hac
1382 4273 1491 4327 vita
1519 4272 1849 4344 privaretur.
1868 4272 2011 4339 Quid

414 4370 561 4422 cnim
590 4368 694 4423 hac
720 4383 861 4437 opus
888 4367 1078 4422 esset?
1108 4366 1295 4436 Itaque
1327 4380 1602 4438 nunquam
1634 4364 2009 4434 despcrationi

419 4462 574 4516 iocus
606 4469 692 4516 est
731 4460 875 4531 apud
908 4460 1180 4525 homines,
1210 4460 1340 4515 licet
1375 4475 1496 4515 eam
1545 4459 1866 4516 muhimode
1896 4458 2011 4528 spi-

422 4558 562 4613 ritus
594 4569 830 4628 nequam
861 4561 1138 4627 suggerat,
1169 4568 1279 4609 non
1329 4552 1506 4610 solum
1541 4554 1884 4626 negligenter
1928 4553 2012 4607 vi-

2117 3331 2419 3406 ἀδιάδοχος.
2442 3337 2554 3391 Ποῦ
2585 3339 2697 3410 γὰρ
2729 3339 2854 3410 ἔσχε
2877 3339 2976 3412 τήν
3006 3340 3188 3413 ἀρχὴν
3206 3345 3235 3397 6
3260 3343 3424 3405 δντως
3448 3339 3667 3399 θάνατος,

2114 3422 2147 3478 6
2192 3427 2477 3499 ποιητικὸς
2527 3429 2622 3485 καὶ
2668 3431 2951 3503 πρόξενος,
2995 3432 3091 3487 καὶ
3134 3432 3287 3506 ψυχῇ
3335 3434 3427 3487 καὶ
3462 3429 3666 3502 σώματι.

2116 3519 2210 3573 τοῦ
2254 3536 2315 3574 τε
2372 3523 2714 3598 προσκαίρου
2755 3526 2987 3582 θανάτου
3031 3527 3128 3582 καὶ
3167 3528 3266 3583 τοῦ
3290 3528 3538 3591 αἰωνίους
3572 3522 3670 3578 Οὐκ

2117 3613 2177 3667 ἐν
2237 3616 2303 3687 τῇ
2366 3616 2524 3690 χώρᾳ
2582 3618 2683 3689 τῆς
2714 3618 2891 3688 ζωῆςς
2925 3621 3026 3676 Διά
3080 3619 3244 3676 τοῦτο
3287 3620 3381 3675 καὶ
3424 3612 3668 3689 παραυτά,

2117 3704 2245 3775 φεῦ,
2275 3709 2306 3762 6
2337 3708 2626 3781 ἄνθρωπος
2678 3712 2780 3784 τὴν
2831 3715 2896 3768 ἐκ
2944 3712 3040 3767 τοῦ
3068 3713 3404 3787 παραδείσου
3431 3710 3519 3765 τοῦ
3552 3705 3668 3762 Θεοῦ

2117 3801 2574 3859 καταδεδίκασται
2631 3805 2930 3879 ὑπερορίαν
2956 3823 2971 3841 ·
3039 3808 3118 3874 ὡς
3166 3808 3533 3880 θανατηφόρον
3590 3800 3667 3857 καὶ

2117 3892 2495 3968 ἀκατάλληλον
2526 3897 2604 3971 τῷ
2635 3899 2767 3973 θείῳ
2805 3901 3122 3974 παραδείσῳ
3152 3903 3496 3973 κτησάμενος
3513 3897 3666 3966 ζωήν

2117 3987 2260 4045 ὥστε
2293 3990 2438 4064 καὶή
2461 3991 2631 4057 ὅντως
2660 3992 2795 4066 ζωή,
2829 3997 2863 4067 ή
2896 3984 2994 4050 καὶ
3022 3994 3168 4068 ψυχῇ
3210 3998 3304 4052 καὶ
3334 3995 3534 4068 σώματι
3554 3989 3668 4062 πρό-

2119 4083 2271 4151 ξενος
2305 4087 2408 4160 τῆς
2453 4087 2728 4143 ἀθανάτου
2777 4089 2874 4143 καὶ
2915 4088 3085 4153 ὅντως
3120 4090 3292 4163 ζωῆς,
3349 4091 3407 4143 ἐν
3444 4087 3518 4160 τῷ
3542 4086 3668 4153 τόπῳ

2117 4177 2295 4250 τούτῳ
2333 4177 2429 4234 τοῦ
2458 4178 2694 4235 θανάτου
2719 4180 2831 4246 ἕξει
2869 4181 2972 4252 τήν
3000 4181 3181 4254 ἀρχήν
3211 4201 3227 4215 ·
3245 4183 3339 4238 καὶ
3361 4185 3389 4237 6
3427 4181 3498 4254 μή
3523 4174 3665 4232 σπεύ-

2119 4270 2228 4324 δων
2279 4270 2594 4342 κτήσασθαι
2642 4272 2818 4345 αὐτὴν
2877 4272 3020 4328 κατὰ
3077 4273 3260 4346 ψυχήν
3307 4270 3550 4337 ἐνταῦθα,
3603 4263 3666 4336 μὴ

2119 4365 2306 4426 κεναῖς
2333 4363 2550 4435 ἐλπίσιν
2596 4365 2865 4420 ἀπατάτω
2914 4365 3130 4433 ἐαυτὸν,
3167 4366 3244 4430 ὡς
3273 4364 3492 4438 λήψεται
3518 4356 3666 4426 αὐτὴν

2118 4456 2276 4511 ἐκεῖ·
2310 4459 2446 4530 μηδέ
2474 4459 2747 4526 ἐλπιζέτω
2776 4460 3046 4532 λήψεσθαι
3074 4460 3177 4532 τὴν
3206 4460 3300 4515 τοῦ
3343 4459 3473 4513 Θεοῦ
3504 4454 3665 4525 φιλαν·

2122 4549 2372 4623 θρωπίαν
2401 4552 2462 4608 ἐν
2493 4552 2691 4625 ἐκείνῳ
2714 4554 2792 4625 τῷ
2809 4552 3011 4625 καιρῷ.
3040 4554 3176 4607 Τότε
3207 4553 3316 4625 γὰρ
3347 4549 3531 4621 καιρὸς
3556 4547 3662 4600 ἀντι

416 4649 673 4705 wntibus
701 4651 797 4705 sed
824 4649 992 4704 etiam
1032 4645 1426 4719 pugnantibus.
1458 4647 1594 4716 Quia
1625 4646 1768 4701 enim
1802 4656 2005 4717 tempus

2118 4645 2430 4711 ἀποδόσεως
2486 4648 2581 4702 καὶ
2606 4647 2959 4718 ἐκδικήσεως,
2994 4646 3109 4702 ἀλλ’
3141 4649 3202 4702 οὐ
3240 4642 3565 4718 συμπαθείας
3589 4635 3664 4689 καὶ

419 4743 758 4812 υωηίιειιιίιε
783 4752 872 4799 est
898 4741 1023 4798 vitae
1053 4751 1290 4812 tempus,
1326 4740 1441 4812 ipse
1472 4738 1640 4795 etiam
1676 4738 1765 4807 qui
1798 4738 1930 4792 vivit
1958 4740 2011 4794 in

419 4846 646 4906 peccato
699 4839 745 4893 si
804 4836 935 4891 velit
963 4836 1030 4892 ad
1059 4835 1228 4891 Deum
1272 4834 1543 4896 converti,
1589 4831 1822 4903 proinde
1858 4835 1926 4887 ah
1951 4848 2016 4887 eo

419 4930 770 5000 suscipietur.
827 4927 1075 4997 Namque
1123 4929 1177 4983 in
1216 4926 1474 4998 praesenti
1505 4924 1619 4981 vita
1648 4924 1878 4981 liberum
1925 4941 2017 4980 ar-

421 5023 640 5078 hitrium
693 5037 922 5091 semper,
974 5028 1257 5087 remanet;
1319 5018 1490 5074 libero
1540 5025 1725 5073 autem
1786 5017 2016 5075 arbitrio

418 5114 669 5186 suhjacet
701 5124 761 5170 ut
795 5114 1044 5181 materia,
1079 5114 1164 5168 via
1221 5113 1289 5166 ad
1322 5111 1578 5182 superius
1618 5120 1896 5166 ostensam
1931 5113 2013 5169 vi-

422 5219 530 5260 tuu
591 5216 684 5260 aut
721 5213 976 5273 mortem,
1018 5205 1216 5262 electio
1242 5208 1327 5262 vel
1360 5204 1521 5275 fuga;
1555 5218 1789 5274 quarum
1834 5214 2011 5260 utram

421 5301 551 5355 velit
576 5316 867 5372 capessere
897 5310 1098 5372 potest.
1160 5299 1261 5359 Ubi
1297 5299 1464 5372 igitur
1498 5298 1605 5354 erit
1644 5298 2012 5370 desperatioui

421 5393 595 5461 locus,
626 5410 749 5449 cum
798 5408 993 5449 omnes
1045 5407 1264 5459 semper
1314 5389 1547 5461 possint,
1579 5389 1670 5446 ubi
1721 5393 2010 5462 voluerint,

417 5502 678 5545 aeternam
710 5489 972 5559 consequi
1004 5486 1209 5542 vitam?

496 5584 658 5653 Vides
686 5581 1120 5655 magnitudinem
1157 5580 1549 5636 misericordiae
1583 5578 1699 5635 Dei.
1737 5578 1856 5637 Non
1893 5589 2009 5636 sta-

422 5678 519 5730 tim
570 5678 717 5748 justa
775 5676 949 5730 utitur
996 5674 1211 5742 iustitia
1265 5674 1317 5727 in
1351 5687 1452 5729 nos
1480 5673 1747 5739 inﬁdeles,
1786 5674 1881 5730 sed
1916 5690 2010 5745 pa-

424 5772 566 5827 tiens
624 5767 873 5823 conccdit
906 5765 1284 5824 conversionis
1324 5774 1564 5838 tempus.
1589 5768 1858 5840 Tempore
1906 5771 2008 5824 hoc

514 5866 559 5899 ¹³
600 5868 762 5941 llehr.
798 5884 875 5925 vi.
911 5869 983 5947 20

2120 4739 2569 4811 φιλανθρωπίας·
2603 4741 2796 4813 καιρὸς
2839 4740 3243 4812 ἀποκαλύψεως
3264 4737 3433 4812 θυμοῦ
3463 4736 3549 4791 καὶ
3586 4731 3661 4799 ὁρ·

2120 4836 2225 4904 γῆς
2254 4834 2350 4888 καὶ⁵
2371 4834 2775 4906 δικαιοκρισίας
2808 4835 2948 4889 Θεοῦ
2974 4852 2989 4867 ’
3040 4834 3233 4907 καιρὸς
3262 4830 3558 4897 ἐπιδείξεως
3583 4822 3663 4889 τῆξ

2121 4930 2394 4999 κραταιᾶς
2422 4930 2518 4982 καὶ
2551 4928 2766 4999 ὑψηλῆς
2786 4928 2994 5000 χειρὸς,
3022 4926 3347 4999 κινουμένης
3370 4927 3446 4987 είς
3472 4919 3664 4975 κόλασιν

2118 5019 2231 5072 τῶν
2265 5017 2533 5073 ἀπειθῶν.
2570 5020 2709 5074 Οὐαὶ
2759 5017 2837 5092 τῷ
2885 5020 3183 5092 ἐμπεσόντι
3235 5020 3315 5083 είς
3343 5018 3520 5088 χεῖρας
3546 5004 3661 5063 Θεοῦ

2121 5112 2324 5178 ζῶντος
2348 5115 2361 5168 l
2398 5114 2535 5168 Οὐαὶ
2555 5112 2634 5185 τῷ
2654 5115 2772 5168 ἐκεῖ
2796 5115 3123 5188 πειρωμένῳ
3148 5113 3241 5167 τοῦ
3267 5108 3433 5183 θυμοῦ
3461 5102 3659 5175 Κυρίου,

2121 5205 2215 5259 καὶ
2257 5206 2333 5278 μὴ
2380 5205 2635 5260 ἐντεῦθεν
2682 5208 2747 5259 ἐκ
2794 5205 2890 5260 τοῦ
2941 5206 3109 5276 φόϐου
3148 5203 3241 5259 τοῦ
3277 5202 3405 5275 πρὸς
3446 5197 3531 5252 τὸν
3550 5189 3661 5247 Θεὸν

2119 5298 2453 5370 γνωρίσαντι
2505 5298 2566 5354 τὸ
2602 5299 2802 5371 κράτος
2870 5300 2974 5371 τῆς
3031 5300 3203 5373 ὀργῆς
3251 5294 3431 5357 αὐτοῧο
3492 5288 3576 5344 καὶ

2121 5391 2303 5459 ἔργων
2336 5389 2923 5462 προμνηστευσαμένῳ
2970 5391 3031 5444 τὸ
3065 5371 3437 5459 φιλάνθρωπον
3482 5371 3654 5434 αὐτοῦί

2121 5484 2330 5538 Τούτου
2360 5484 2471 5552 γάρ
2514 5483 2544 5536 6
2591 5480 2785 5553 παρὼν
2835 5481 3064 5552 καιρός
3093 5481 3163 5536 δι’
3199 5479 3327 5535 αὐτὸ
3366 5475 3551 5547 μέντοι,
3581 5462 3657 5518 καὶ

2121 5576 2224 5647 τὴν
2253 5573 2401 5646 ζωὴν
2429 5574 2639 5644 ταύτην
2687 5575 2716 5628 ό
2756 5573 2892 5639 Θεὸς
2948 5573 3322 5645 συνεχώρησεν
3353 5569 3496 5639 ἡμῖν,
3518 5560 3657 5614 τόπον

2128 5665 2419 5737 μετανοίας
2446 5665 2848 5735 παρεχόμενος.
2881 5666 2944 5718 Ei
2975 5666 3088 5735 γὰρ
3124 5663 3200 5735 μὴ
3230 5660 3383 5715 τοῦτο
3407 5654 3487 5729 ἦν,
3520 5647 3656 5705 εὐθὺς

2126 5757 2389 5832 ἁμαριὼν
2412 5758 2438 5812 ὁ
2466 5756 2773 5833 ἄνθρωπος,
2794 5760 2888 5815 καὶ
2918 5761 3013 5831 τῆς
3041 5756 3185 5831 ζωῆς
3215 5754 3406 5825 ταύτης
3431 5745 3651 5815 ἐστέρητε

3534 341 3651 406 ιοτε
3881 103 3892 369 ⁴
