3988 6474
372 393 390 457 ι
440 397 511 457 5t
1484 386 1581 448 DE
1628 384 1972 447 MENTALI
2018 384 2531 455 QUIETUDINE.
3497 382 3636 451 mal

373 508 459 561 ἄν.
485 504 548 559 Τί
587 505 695 575 γὰρ
745 501 812 573 ἦν
850 504 1038 572 ὄφελος
1070 503 1232 572 αὐτῆς
1256 529 1270 568 ;
1295 504 1372 560 διὸ
1409 505 1527 558 οὐδὲ
1561 509 1592 576 ἡ
1632 507 1935 574 ἀπόγνωσις

2039 499 2317 569 patientiae
2345 499 2435 553 dat
2467 498 2627 552 nobis
2662 504 2988 569 potestatem
3023 495 3164 552 ﬁlios
3193 495 3286 551 Dei
3323 495 3472 566 ﬁeri;
3505 499 3635 568 quid

372 597 512 658 ὅλως
542 594 656 667 ἔχει
695 597 880 669 χώραν
938 599 994 650 ἐν
1042 599 1345 670 ἀνθρώποις
1371 614 1386 628 ο
1419 601 1466 652 εί
1502 601 1593 653 καὶ
1636 604 1661 651 ο
1708 601 1935 670 πονηρὶς

2038 591 2193 646 dico?
2232 592 2373 646 illius
2433 592 2585 645 lirri?
2613 596 2724 644 imo
2771 590 2872 659 ipsi
2914 590 3175 653 adunari,
3217 600 3271 646 et
3320 607 3458 646 unus
3513 591 3634 645 ﬁeri

2038 700 2162 740 cum
2197 700 2261 740 eo
2303 686 2527 754 spiritus
2560 702 2575 750 ;
2610 685 2703 741 sed
2740 686 2842 740 hoc
2884 683 3316 754 longanimitatis
3357 694 3629 753 tempore.

2039 779 2085 836 si
2118 793 2399 849 perperam
2448 781 2725 841 abeamus,
2785 786 2840 832 et
2870 786 3101 832 mortem
3150 777 3408 831 malimus
3468 791 3634 844 quam

2039 884 2224 924 veram
2246 870 2435 935 vitam,
2465 871 2557 926 ille
2587 871 2769 924 datam
2802 878 3129 939 potestatem
3158 882 3268 923 non
3297 870 3504 932 aufert,
3528 868 3638 921 imo

2040 976 2165 1018 eum
2219 971 2462 1028 revocat,
2514 972 2569 1019 et
2632 962 2819 1017 circuit
2852 976 3110 1031 quaerens
3159 970 3215 1017 et
3263 962 3532 1016 reducens
3570 964 3637 1014 ad

2042 1055 2168 1110 vitae
2195 1070 2381 1126 opera,
2418 1055 2719 1112 secundum
2750 1055 3062 1122 parabolam
3100 1053 3356 1119 vineae",
3389 1068 3417 1106 a
3454 1053 3635 1124 primo

2042 1165 2203 1205 mane
2257 1164 2431 1222 usque
2461 1151 2527 1204 ad
2565 1151 2693 1205 vitae
2730 1165 3036 1221 vesperam.
3068 1149 3132 1204 Et
3161 1150 3284 1216 quis
3321 1159 3403 1204 est
3434 1163 3639 1205 vocans

2043 1249 2094 1296 et
2148 1245 2454 1296 mercedem
2509 1242 2684 1296 dans?
2744 1241 2904 1296 Pater
2986 1240 3198 1294 Domini
3273 1241 3447 1293 nostri
3509 1238 3635 1293 .Iesu

2045 1331 2272 1396 Christi,
2320 1342 2375 1386 et
2442 1330 2587 1386 Deus
2641 1333 2810 1386 totius
2839 1330 3254 1385 consolationis.
3287 1329 3375 1393 Et.
3401 1345 3522 1399 qua:
3551 1341 3639 1385 est

2045 1423 2278 1477 vineaiu
2303 1439 2465 1494 quam
2503 1432 2663 1479 vocat
2683 1425 2750 1477 ad
2778 1421 3159 1493 operandutnl
3198 1421 3292 1478 Dei
3316 1421 3508 1487 Filius,
3545 1421 3639 1492 qui

2044 1514 2264 1569 dixit'”
2294 1532 2309 1570 :
2345 1534 2365 1569 ι
2408 1515 2518 1584 Ego
2539 1530 2661 1572 sum
2703 1515 2851 1572 vitis.
2898 1533 2917 1566 ι
2952 1512 3126 1571 Nemo
3158 1513 3308 1569 enim
3346 1522 3525 1583 potest
3570 1516 3638 1567 ad

372 1625 490 1674 σις,
521 1607 752 1662 πάντοτε
791 1610 883 1663 καὶ
924 1612 1141 1665 πάντων
1177 1611 1513 1683 δυναμένων,
1546 1613 1781 1680 ὁπηνίκα
1829 1612 1935 1680 βού

2045 1606 2324 1662 Christum
2385 1608 2594 1674 venire,
2626 1615 2685 1662 ut
2736 1607 2852 1677 ipse
2901 1606 2978 1660 ait
3037 1605 3095 1661 in
3150 1604 3486 1675 Evangelia,
3535 1605 3639 1658 nisi

368 1699 565 1765 λοιντο,
601 1701 702 1769 τὴν
735 1701 953 1756 αἰώνιον
993 1703 1302 1774 κτήσασθαι
1326 1704 1509 1775 ζωήν;
1564 1702 1703 1758 Ἀλλ’
1725 1705 1855 1775 ὁρᾷς
1892 1703 1935 1756 τ’

2045 1697 2208 1755 Pater
2244 1699 2471 1755 traxerit
2521 1713 2646 1755 eum
2675 1699 2742 1758 ".
2807 1696 2869 1752 Et
2928 1698 3151 1768 quinam
3184 1705 3314 1754 sunt
3354 1696 3643 1767 palmites?

371 1793 601 1861 μέγεθος
630 1794 729 1865 τῆς
763 1794 1175 1866 φιλανθρωπίας
1206 1794 1300 1850 τοῦ
1338 1794 1497 1851 Θεοῦ.
1543 1793 1655 1866 Τὴν
1688 1794 1864 1866 ἀρχὴν
1889 1793 1935 1846 0'.‘

2052 1789 2184 1848 Nos.
2219 1791 2351 1847 Eum
2395 1791 2539 1846 enim
2585 1791 2710 1846 audi
2746 1806 2935 1847 rursus
2962 1790 3232 1846 dicentem
3268 1808 3286 1846 :
3315 1807 3336 1843 ι
3376 1790 3482 1846 Vos
3507 1791 3641 1846 estis

367 1885 492 1957 δίκῃ
531 1885 718 1958 δικαία
741 1888 941 1959 χρῆται
975 1886 1097 1941 καθ’
1128 1887 1289 1960 ἡμῶν
1326 1886 1776 1957 ἀπειθησάντων·
1816 1885 1935 1939 ἀλλὲ

2052 1885 2325 1956 palmites,
2360 1887 2521 1940 Pater
2577 1900 2731 1941 meus
2760 1884 2996 1955 agricola
3024 1893 3108 1939 est
3130 1881 3191 1940 ¹³.
3229 1902 3247 1935 ι
3287 1883 3448 1937 Pater
3478 1882 3646 1953 igitur

373 1979 763 2050 μακροθυμῶν,
788 1981 1021 2052 παρέχει
1050 1980 1141 2033 τὸν
1158 1981 1257 2051 τῆς
1276 1979 1610 2050 ἐπιστροφῆς
1630 1978 1842 2048 καιρόν.
1862 1977 1935 2031 Ἐι

2043 1992 2148 2050 per
2200 1975 2395 2032 Filium
2440 1992 2541 2033 nos
2595 1978 2963 2034 reconcilians
3022 1978 3162 2044 sibi,
3222 1991 3329 2031 non
3385 1983 3645 2046 reputans

366 2070 442 2140 τῷ
471 2071 650 2144 καιρῷ
675 2073 849 2146 τούτῳ
879 2076 977 2145 τῆς
1022 2073 1427 2145 μακροθυμίας.
1464 2071 1714 2137 ἐξουσίαν
1735 2071 1935 2125 δίδωσιι

2050 2070 2207 2127 nobis
2251 2070 2450 2126 delicta
2502 2078 2690 2125 nostra
2709 2069 2772 2134 “,
2810 2084 2917 2123 non
2959 2077 3018 2124 ιιι
3052 2078 3276 2139 opertos
3321 2067 3479 2122 malis
3514 2082 3647 2136 ope-

362 2167 521 2235 ήμῖν,
557 2169 655 2221 ἐὰν
686 2167 1027 2238 θελήσωμεν,
1065 2167 1451 2238 υίοποιηθῆναι
1483 2167 1655 2239 τούτῳ
1677 2185 1693 2201 ·
1715 2168 1770 2222 τί
1808 2164 1935 2236 λέγει

2048 2163 2225 2228 ribus,
2252 2163 2349 2221 sed
2380 2173 2439 2217 ut
2466 2162 2672 2219 otiosos
2698 2171 2879 2225 vocat,
2922 2162 3175 2232 quamvis
3234 2159 3349 2230 ipsa
3389 2159 3645 2215 otiositas

368 2258 782 2330 υίοποιηθῆναι;
808 2259 1074 2329 ενωθῆναι
1093 2259 1289 2339 τούτῳ,
1316 2260 1411 2315 καί¹
1447 2260 1505 2314 ἓν
1552 2260 1772 2332 πνεῦμα
1800 2261 1935 2328 γενέ-

2048 2257 2123 2314 sit
2151 2264 2454 2327 peccatum,
2483 2255 2742 2325 quoniam
2796 2252 2865 2310 de
2915 2255 3083 2309 verbo
3118 2252 3297 2308 otioso
3349 2251 3643 2307 reddemus

362 2352 493 2405 σθαι
525 2352 835 2422 μετάὺτοῦ.
870 2352 1033 2406 Ἀλλά
1058 2352 1154 2409 καὶ⁵
1181 2354 1239 2406 ἐν
1258 2353 1334 2424 τῷ
1347 2352 1524 2424 καιρῷ
1538 2353 1710 2423 τούτῳ
1721 2353 1823 2423 τῆς
1845 2370 1935 2423 μα-

2051 2350 2324 2407 rationem
2351 2349 2421 2406 ὀ.

368 2434 700 2506 κροθυμίας,
732 2437 831 2492 ἐὰν
866 2438 967 2508 τὴν
997 2436 1249 2492 ἐναντίαν
1277 2437 1438 2507 ἡμεῖς
1465 2435 1806 2507 βαδίσωμεν,
1835 2435 1931 2488 καὶ
1958 2436 2343 2508 ἀγαπήσωμεν
2379 2437 2473 2491 τὸν
2524 2437 2757 2492 θάνατον
2789 2440 2999 2507 μᾶλλον
3037 2437 3141 2508 τῆς
3168 2438 3438 2507 ἀληθινῆς
3468 2437 3638 2508 ζωῆς,

369 2527 533 2592 αὐτὸς
563 2531 663 2600 τὴν
686 2530 981 2601 δεδομένην
1009 2529 1266 2596 ἐξουσίαν
1297 2531 1400 2583 οὐκ
1429 2531 1752 2600 ἀφαιρεῖται
1775 2545 1791 2560 ⁸
1824 2528 1924 2584 καὶ
1947 2529 2008 2583 οὗ
2042 2530 2209 2599 μόνον
2237 2531 2337 2586 οὐκ
2360 2531 2700 2601 ἀφαιρεῖται,
2730 2532 2869 2585 ἀλλά
2893 2535 2989 2585 καὶ
3009 2531 3393 2597 ἀνακαλεῖται,
3420 2534 3519 2585 καὶ
3541 2549 3643 2585 που

373 2622 555 2693 ριέρχε
566 2640 652 2676 ται
681 2623 864 2693 ζητῶν
886 2623 981 2677 καὶ
1006 2622 1357 2694 ἐπιστρέφων
1386 2623 1522 2693 πρὸς
1554 2622 1624 2677 τά
1658 2621 1799 2693 ἔργα
1824 2621 1923 2692 τῆς
1942 2620 2090 2690 ζωῆς
2111 2636 2126 2651 ·
2156 2621 2300 2675 κατά
2317 2622 2422 2692 τὴν
2445 2620 2769 2694 παραϐολὴν
2791 2622 2887 2676 τοῦ
2913 2621 3262 2693 ἀμπελῶνος,
3291 2623 3402 2675 ἀπὸ
3426 2621 3608 2691 πρωῖα
3621 2638 3640 2682 ;

369 2717 537 2785 μέχρι
557 2717 651 2769 καὶ
675 2716 849 2784 αὐτῆς
871 2714 969 2771 τοῦ
994 2715 1116 2788 βίου
1146 2715 1248 2787 τῆς
1279 2715 1546 2788 ἑσπέρας.
1580 2714 1746 2771 Ἀλλά
1768 2716 1853 2779 τίς
1883 2717 1912 2770 ὁ
1936 2714 2121 2771 καλῶν
2152 2732 2213 2768 τε
2239 2717 2337 2770 καὶ
2370 2714 2738 2786 μισθούμενος
2764 2716 2856 2782 ;ὐ
2889 2715 3081 2787 Πατὴρ
3108 2713 3203 2768 τοῦ
3238 2714 3445 2783 Κυρίου
3479 2713 3643 2782 ἡμῶν

380 2808 561 2879 ⁹ιησοῦ
585 2809 848 2884 Χριστοῦ,
881 2812 977 2866 καὶ
1000 2809 1134 2875 Θεὸς
1161 2811 1345 2882 πάσης
1371 2813 1797 2887 παρακλήσεως.
1826 2814 1944 2880 Τίς,
1966 2820 2049 2877 είς
2074 2813 2144 2886 ἢν
2167 2814 2325 2868 καλεῖ
2345 2812 2485 2884 πρὸς
2515 2812 2778 2885 ἐργασίαν
2810 2812 3078 2883 ἄμπελον,
3109 2810 3170 2865 '0
3188 2811 3284 2865 τοῦ
3312 2809 3450 2866 Θεοῦ
3483 2810 3642 2873 Υἱὸς,

365 2906 397 2960 ὁ
425 2905 634 2959 εἰπών’
673 2923 694 2958 ι
738 2903 879 2973 Ἐγὼ
910 2906 1027 2974 εἰμι
1061 2905 1093 2975 ἡ
1131 2904 1399 2975 ἄμπελος.
1447 2925 1465 2959 ι
1508 2907 1619 2961 Καὶ
1663 2905 1775 2978 γάρ
1811 2906 1988 2971 οὐδεὶς
2021 2906 2248 2961 δύναται
2280 2907 2417 2977 πρὸς
2464 2907 2559 2960 τὸν
2608 2905 2844 2976 Χριστὸν
2877 2906 3073 2970 ἐλθεῖν,
3102 2904 3178 2968 ὡς
3203 2905 3371 2970 αὐτὸς
3403 2902 3558 2959 εἶπεν
3586 2910 3645 2961 ἐν

370 2999 755 3069 Εὖαγγελίοις,
788 3001 838 3055 εί
864 3000 943 3074 μὴ
964 3001 993 3053 ὀ
1015 3001 1208 3073 Πατὴρ
1232 3001 1454 3057 ἐλκύσει
1481 3002 1675 3059 αὐτόν.
1707 3003 1865 3067 Τίνες
1891 3002 1957 3075 δὴ
1991 3004 2059 3057 τὰ
2083 3004 2341 3076 κλήματα
2366 3022 2384 3073 ;
2418 3001 2633 3074 Ἡμεῖς.
2666 3002 2845 3056 Αὑτοῦ
2880 3003 2992 3072 γὰρ
3019 3000 3178 3066 αὖθις
3205 3003 3441 3058 ἄκουσον
3459 3003 3644 3071 λέγον-

366 3113 457 3157 τος
486 3113 502 3130 ο
536 3114 556 3150 ι
595 3095 793 3166 Ὑμεῖς
818 3097 941 3151 ἐστε
966 3095 1034 3151 τὰ
1059 3094 1340 3167 κλήματα,
1381 3097 1410 3151 6
1443 3096 1634 3169 Πατήρ
1666 3113 1769 3169 μου
1792 3097 1821 3150 6
1852 3099 2103 3169 γεωργός
2148 3099 2321 3154 ἐστιν.
2350 3116 2371 3151 ι
2424 3096 2484 3149 '0
2513 3096 2647 3167 γοῦν
2674 3094 2997 3169 Πατὴρ.διὰ
3028 3094 3121 3151 τοῦ
3145 3095 3306 3167 Υίοῦ,
3339 3096 3643 3151 καταλλάσ-

368 3206 481 3243 σων
505 3189 688 3261 ἐαυτῷ
717 3190 888 3262 ἡμᾶς,
918 3190 996 3263 μὴ
1025 3189 1382 3261 λογιζόμενος
1407 3189 1478 3246 τὰ
1504 3190 1936 3264 παραπτώματα
1969 3192 2152 3266 ἡμῶν,
2179 3194 2280 3265 οὐχ
2313 3191 2391 3257 ὡς
2422 3191 2867 3265 προσκειμένους
2903 3195 3018 3257 τοῖς
3046 3191 3232 3264 ἔργοις
3253 3193 3370 3257 τοῖς
3397 3192 3643 3273 ἀτόποις,

365 3282 487 3343 ἀλλ’
520 3285 598 3346 ὡς
631 3284 841 3356 ἀργοὺς
874 3284 1065 3338 καλεῖο
1096 3284 1337 3356 καίτοιή
1361 3282 1535 3355 ἀργία
1565 3282 1817 3355 ἁμαρτία
1846 3285 1986 3341 ἐστί.
2018 3286 2126 3338 Καὶ
2159 3284 2302 3354 ὺπέρ
2336 3284 2514 3357 ἀργοῦ
2545 3284 2659 3356 γὰρ
2688 3283 2852 3355 λόγου
2876 3283 3037 3355 λόγον
3063 3282 3332 3356 δώσομεν.

438 3360 580 3415 Ἀλλ’
645 3362 781 3433 ὅπερ
822 3363 994 3433 ἔφην,
1047 3362 1145 3428 τὰς
1198 3363 1670 3436 προϋπηργμένας
1722 3364 1935 3435 ἑκάστῳ

2116 3362 2271 3418 Sicut
2294 3367 2428 3429 dixi,
2462 3365 2735 3435 praeterita
2761 3366 3029 3436 cujusque
3053 3373 3285 3434 peccata
3316 3363 3456 3417 Deus
3482 3361 3637 3431 parvi

1484 386 1581 448 DE
1628 384 1972 447 MENTALI
2018 384 2531 455 QUIETUDINE.

1708 617 1841 669 πονη
1851 601 1943 670 ρίς

364 700 626 761 ποικίλως
690 698 980 752 ὑποϐάλλει
1039 697 1280 763 ταύτηνο
1355 695 1418 748 οὐ
1472 695 1584 756 τοῖς
1632 691 1935 760 ἀδιαφόρως

365 791 503 855 ζῶσι
536 791 717 860 μόνον,
773 789 889 843 ἀλλ’
933 790 1078 843 ἔστιν
1108 789 1194 842 ὅτε
1222 788 1315 840 καὶ
1353 788 1464 847 τοῖς
1498 784 1941 853 ἀγωνιζομένοις.

377 883 599 953 Ἐπειδὴ
629 884 733 953 γὰρ
760 881 946 952 καιρὸς
983 880 1269 950 μετανοίας
1303 880 1330 932 ὁ
1364 877 1462 947 τῆς
1509 876 1653 946 ζωῆς
1680 876 1793 927 ἐστι
1824 891 1947 926 και-

369 977 482 1045 ρὸς,
525 976 658 1030 αὐτὸ
704 974 864 1030 τοῦτο
904 975 967 1028 τὺ
1024 972 1124 1043 ζῇν
1180 972 1261 1025 ἔτι
1306 971 1397 1025 τὸν
1445 967 1822 1040 ἡμαρτηκότα,
1868 965 1946 1036 τῷ

367 1066 681 1139 βουλομένῳ
748 1068 1102 1138 ἐπιστρέφειν
1147 1065 1281 1136 πρὸς
1335 1063 1490 1127 Θεὸν,
1536 1061 1798 1128 ἐγγυᾶται
1844 1058 1945 1129 τὴν

367 1160 501 1231 παρ’
526 1160 692 1217 αὑτοῦ
718 1160 1090 1231 ὑποδοχήν.Τῇ
1116 1160 1224 1228 γὲρ
1256 1157 1489 1211 ἐνταῦθα
1528 1155 1663 1226 ζωῇ,
1697 1154 1758 1208 «re
1817 1154 1945 1207 αὺτ-

366 1253 613 1319 εξούσιον
664 1251 915 1306 σύνεστιν
940 1250 1056 1306 ἀεί’
1087 1251 1164 1321 τῷ
1193 1250 1249 1303 δὲ
1294 1247 1624 1318 αὐτεξουσίῳ
1663 1245 1947 1299 ὑπόκειται

366 1348 441 1410 ὼς
471 1345 596 1417 ὕλη,
635 1348 669 1416 ἡ
723 1344 839 1408 ὁδὸς
860 1344 957 1415 τῆς
998 1344 1260 1415 ἀνωτέρω
1292 1342 1644 1410 δεδειγμένης
1676 1339 1819 1409 ζωῆς
1854 1339 1948 1392 καὶ

365 1438 461 1490 τοῦ
490 1437 743 1501 θανάτου,
768 1437 1037 1507 ἑλέσθαιῆ
1065 1438 1255 1506 φυγεῖν
1278 1452 1289 1462 ·
1317 1435 1392 1498 ὡς
1424 1433 1648 1486 δυνατὸν
1668 1430 1728 1484 ὃν
1745 1434 1948 1500 κτήσαο

370 1532 496 1583 σθαι
526 1531 786 1600 ὁπότερον
826 1528 992 1582 θέλει.
1033 1527 1142 1581 Ποῦ
1168 1525 1260 1580 οῦν
1284 1526 1399 1592 ἕξει
1436 1522 1620 1596 χώραν
1648 1525 1681 1594 ἡ
1704 1523 1950 1590 ἀπογνω-

354 3452 631 3523 ἀμαρτίας
668 3454 697 3507 ὁ
723 3453 855 3517 Θεὸς
894 3454 1203 3526 ὑπερορῶν,
1253 3454 1419 3510 πάλιν
1460 3456 1553 3510 καὶ
1582 3454 1746 3511 πάλιν
1771 3455 1941 3510 ἐκκα-

352 3547 548 3602 λεῖται.
601 3548 775 3603 Καλεῖ
839 3548 917 3616 δὲ,
970 3548 1024 3601 τί
1077 3550 1436 3621 ποιήσονταςς
1502 3548 1937 3622 Ἐργασομένους

352 3642 435 3705 είς
468 3641 561 3696 τον
599 3643 920 3713 ἀμπελῶνα.
954 3643 1126 3697 Τοῦτο
1165 3643 1222 3697 δέ
1252 3644 1391 3709 ἐστι,
1429 3646 1618 3697 πονεῖν
1646 3642 1788 3712 ὑπὲρ
1825 3641 1936 3696 τῶν

352 3734 685 3805 κλημάτων
735 3735 976 3806 δηλονότι
1027 3734 1169 3807 ὑπὲρ
1207 3735 1436 3789 ἐαυτῶν.
1469 3730 1621 3799 Εἶτα,
1655 3732 1819 3805 βαϐαὶ
1838 3732 1934 3787 τοῦ

351 3827 676 3881 ἀνεικάστου
703 3826 966 3897 μεγέθους
994 3829 1093 3898 τῆς
1126 3825 1580 3898 φιλανθρωπίαςί
1619 3825 1714 3879 καὶ
1746 3826 1936 3895 μισθὸν

353 3920 485 3990 ἡμῖν
514 3919 909 3988 ἐπαγγέλλεται
930 3919 1292 3981 κανδίδωσιν.
1326 3919 1467 3989 ὑπὲρ
1492 3918 1701 3974 ἐαυτῶν
1741 3917 1935 3971 πονοῦ-

354 4028 459 4064 σιν.
488 4011 732 4075 Ἐλθετε,
766 4011 923 4083 φησὶ,
976 4012 1169 4066 λάϐετε
1204 4010 1351 4081 ζωὴν
1394 4011 1634 4078 αἰώνιον,
1678 4012 1768 4064 ὑπ’
1795 4009 1932 4080 ἐμοῦ

350 4102 589 4174 δαψιλῶς
623 4106 1068 4177 χορηγουμένην·
1116 4105 1207 4159 καὶ
1260 4103 1356 4158 τοῦ
1394 4105 1642 4177 καμάτου
1668 4106 1768 4175 τῆς
1795 4105 1933 4158 ὁδοι-

352 4195 571 4265 πορίας,
606 4197 699 4248 καὶ
728 4197 892 4251 αὐτοῦ
920 4192 1040 4251 ’τοῦ
1107 4197 1332 4268 θελῆσαι
1378 4197 1584 4266 ταύτην
1616 4198 1747 4268 παρ’
1794 4195 1933 4265 ἐμοῦ

351 4288 560 4354 λαϐεῖν,
601 4288 678 4351 ὡς
712 4288 876 4353 αὐτὸς
929 4288 1163 4359 ὀφείλων
1216 4289 1419 4343 ἐκτίσω
1461 4289 1553 4342 τὸν
1583 4288 1793 4359 μισθόν.
1835 4287 1935 4351 Τίς

348 4381 449 4435 οὐκ
475 4381 681 4451 ὀφείλει
705 4382 876 4454 λύτρα
900 4381 1091 4453 τῴτοῦ
1132 4381 1363 4438 θανάτου
1398 4381 1645 4455 λυτρωτῇ
1673 4400 1688 4447 ;
1724 4382 1805 4445 τίς
1834 4383 1934 4456 οὐχ

348 4471 602 4543 ὁμολογεῖ
666 4473 897 4544 χάριτας
946 4472 1025 4542 τῷ
1076 4472 1258 4544 δοτῆρι
1289 4472 1389 4543 τῆς
1420 4471 1596 4543 ζωῆς
1638 4472 1696 4526 ’0
1744 4471 1803 4526 δὲ
1840 4470 1935 4525 καί⁵

352 4563 825 4635 προσκαταϐαλεῖν
871 4563 1268 4632 ἐπαγγέλλεται
1321 4562 1547 4633 μισθὸν,
1600 4563 1693 4617 καί
1742 4562 1933 4633 μισθὸν

2043 3456 2274 3522 habens,
2326 3455 2525 3512 iterum
2584 3455 2900 3524 iterumque
2941 3464 3121 3511 vocat.
3153 3453 3235 3510 Ad
3268 3454 3399 3526 quid
3446 3465 3630 3510 autem

2040 3547 2324 3617 aperarios
2354 3547 2554 3602 vocat?
2577 3547 2645 3602 ad
2667 3547 3007 3617 operantium
3057 3545 3112 3601 in
3147 3546 3361 3602 vineam
3406 3559 3561 3601 suam
3604 3562 3620 3604 :

2040 3640 2097 3696 id
2127 3649 2234 3708 est,
2267 3639 2334 3695 ad
2384 3638 2744 3696 laborandum
2786 3655 2884 3711 pro
2925 3638 3259 3710 palmitibus.
3292 3652 3489 3708 nempe
3527 3653 3628 3709 pro

2040 3734 2261 3804 seipsis.
2294 3732 2523 3800 Deinde,
2554 3733 2690 3803 proh
2757 3733 3373 3804 incomprehensibtlem
3416 3732 3635 3788 miseri-

2038 3826 2239 3883 cordia:
2282 3825 2748 3897 magnitudinem!
2775 3822 3084 3880 mercedem
3126 3823 3287 3879 nobis
3332 3822 3621 3894 pollicetur

2039 3929 2095 3974 et
2146 3919 2263 3986 dat,
2295 3919 2390 3989 qui
2445 3932 2548 3988 pro
2603 3916 2761 3973 nobis
2812 3917 3147 3973 laboramus.
3174 3914 3389 3984 Venite,
3430 3916 3630 3986 inquit,

2040 4012 2300 4083 percipite
2353 4011 2519 4065 vitam
2566 4019 2851 4077 aeternam,
2882 4025 2912 4063 a
2951 4025 3038 4065 me
3081 4010 3235 4066 vobis
3275 4025 3469 4080 magno
3501 4026 3628 4081 pre-

2039 4105 2117 4161 tio
2164 4115 2443 4176 emptam;
2499 4104 2740 4160 laborem
2776 4104 2903 4168 vite,
2941 4103 3224 4174 ipsamque
3289 4103 3627 4158 voluntatem

2036 4198 2156 4268 ejus
2202 4212 2232 4251 a
2268 4210 2354 4254 me
2389 4196 2775 4267 suscipiendm,
2795 4204 3055 4267 tanquam
3089 4196 3206 4266 ipse
3234 4195 3451 4252 debitor
3480 4211 3623 4252 metu

2036 4291 2170 4345 cede
2201 4290 2552 4345 munerabor.
2588 4287 2728 4357 Quis
2778 4304 2889 4346 non
2919 4289 3083 4345 debet
3115 4289 3351 4361 pretium
3416 4288 3627 4344 redem—

2037 4381 2240 4450 ptiouis
2271 4381 2319 4436 ei
2376 4396 2406 4436 a
2469 4396 2580 4453 quo
2633 4392 2814 4437 morte
2869 4381 3185 4453 redemptus
3216 4382 3488 4453 est?quis
3516 4396 3626 4437 non

2036 4476 2241 4544 gratias
2273 4472 2386 4545 agit
2412 4474 2536 4530 vitae
2583 4474 2817 4530 datori?
2852 4475 2949 4530 llle
2999 4484 3183 4530 autem
3247 4473 3473 4543 insuper
3516 4473 3629 4529 sol-

2038 4569 2270 4623 vendam
2320 4568 2591 4638 promittit
2624 4567 2959 4633 mercedem,
2988 4577 3044 4622 et
3089 4567 3398 4622 mercedem
3432 4565 3626 4623 inclia-

349 4654 684 4727 ἀπόρρητον.
703 4652 846 4723 Ἐγὼ
872 4655 981 4726 γὰρ
1003 4651 1187 4725 ἦλθον,
1215 4656 1400 4723 φησιν,
1432 4654 1523 4708 ῖνα
1547 4654 1692 4723 ζωὴν
1723 4655 1889 4726 ἔχωσι
1910 4668 1928 4687 ο

2038 4658 2224 4714 bilem.
2255 4661 2389 4714 Nam
2429 4675 2444 4718 ;
2484 4660 2630 4729 tEgo
2662 4661 2780 4715 veni
2809 4669 2870 4713 ιιι
2889 4660 3052 4714 vitam
3086 4657 3342 4724 habeant,
3372 4668 3428 4712 et
3453 4660 3627 4715 abun-

352 4747 446 4800 καί
502 4746 761 4819 περισσὸν
808 4746 1008 4817 ἕχωσι;
1059 4747 1126 4801 Τί
1168 4748 1229 4800 τὸ
1275 4747 1567 4818 περισσὸν;
1599 4747 1671 4799 Τὸ
1704 4745 1781 4817 μὴ
1804 4763 1932 4800 συν-

347 4827 489 4892 εἶναι
521 4840 681 4909 μόνον
709 4839 806 4893 καὶ
857 4837 1048 4911 συζῇν,
1078 4839 1214 4894 ἀλλά
1244 4840 1337 4892 καὶ
1376 4841 1455 4901 είς
1486 4838 1749 4907 ἀδελφοὺς
1778 4838 1932 4912 αὗτῷ

345 4930 587 4997 τελέσαι,
646 4933 740 4985 καὶ
785 4931 1287 5002 συγκληρονόμους.
1327 4930 1498 4985 Τοῦτο
1553 4931 1620 5003 δὴ
1649 4931 1709 4985 τὸ
1740 4948 1934 5003 περισ-

352 5025 466 5084 σὸν.
493 5024 569 5089 ὡς
610 5024 805 5093 ἔοικεν,
855 5029 884 5079 ὁ
935 5024 1210 5093 διδόμενος
1252 5026 1368 5077 ἐστι
1407 5022 1595 5092 μισθὸς
1623 5023 1734 5092 τοῖς
1762 5039 1934 5094 προσ-

347 5119 614 5189 δραμοῦσι
652 5120 717 5188 τῇ
753 5116 999 5187 ζωοποιῷ
1028 5117 1281 5189 ἀμπέλῳ,
1317 5119 1409 5172 καὶ
1436 5118 1618 5188 κλῆμα
1648 5116 1919 5190 χρηματί-

353 5195 510 5262 conv
542 5209 733 5279 αὐτῆς,
765 5210 859 5262 καὶ
885 5208 1023 5277 ὑπὲρ
1052 5208 1259 5260 ἑαυτῶν
1296 5208 1553 5279 καμοῦσι,
1582 5208 1675 5263 καὶ
1697 5210 1774 5273 είς
1802 5209 1923 5262 ἐαυ-

350 5299 477 5365 iob;
498 5292 943 5374 καλλιεργήσασι.
976 5300 1041 5355 Τί
1083 5299 1351 5370 πράξασι;
1396 5300 1617 5369 Πρῶτον
1644 5302 1742 5372 μὲν
1768 5316 1923 5371 περι-

354 5390 589 5460 τεμοῦσι
616 5393 725 5445 πᾶν
762 5393 790 5444 ὅ
820 5410 874 5445 τι
904 5391 1178 5462 περιττὸν,
1223 5390 1318 5444 καὶ
1346 5390 1419 5462 μὴ
1451 5390 1699 5454 συντελές
1752 5391 1921 5456 ἐστιν,

357 5482 494 5534 ἀλλὰ
549 5481 644 5535 καὶ
707 5483 1161 5554 προσιστάμενον,
1196 5483 1275 5546 είς
1299 5481 1362 5535 τὸ
1405 5483 1646 5549 ἐνεγκεῖν
1679 5481 1922 5549 καρποὺς

358 5573 541 5638 ἀξίους
562 5573 661 5643 τῆς
686 5574 837 5637 θείας
885 5574 1190 5645 ἁποθήκης,
1237 5574 1370 5626 Τίνα
1416 5572 1613 5639 ταῦτα;
1666 5572 1922 5635 Πλοῦτον,

2031 4752 2250 4809 (lautius
2281 4752 2603 4807 habeant“.
2640 4771 2658 4804 ι
2694 4750 2982 4818 Quomodo
3028 4749 3437 4805 abundantius?
3467 4749 3521 4804 lu
3554 4766 3624 4806 eo

2039 4850 2183 4918 quod
2239 4862 2344 4901 nou
2372 4847 2550 4903 solum
2581 4862 2705 4901 cum
2751 4861 2817 4900 eo
2843 4845 2955 4899 sint
2986 4854 3042 4900 et
3071 4847 3281 4907 vivant,
3311 4845 3404 4899 sed
3453 4843 3622 4899 etiam

2034 4938 2129 4993 lilii
2151 4938 2272 5008 ejus
2291 4938 2421 4993 ﬁant
2439 4947 2494 4993 et
2511 4937 2841 4993 cohaeredrs.
2868 4933 2993 4991 Hth
3023 4934 3547 5006 superabundantia,
3566 4945 3625 4989 ut

2035 5030 2271 5093 videtur,
2322 5036 2406 5083 est
2464 5041 2676 5083 merces
2725 5027 2849 5082 data
2882 5026 2951 5081 iis
2993 5026 3085 5097 qui
3155 5024 3517 5096 confugerunt
3554 5026 3622 5079 ad

2038 5122 2305 5177 viviﬁcam
2338 5122 2527 5184 vitem,
2559 5132 2610 5176 et
2643 5121 2771 5174 fat-ti
2798 5130 2925 5175 sunt
2970 5119 3091 5191 ejus
3116 5118 3390 5187 palmites,
3418 5129 3471 5173 ct
3496 5132 3626 5189 ope-

2037 5214 2139 5269 rati
2172 5223 2298 5269 suut
2324 5230 2420 5285 pro
2437 5214 2724 5284 seipsis,et
2740 5224 2919 5268 semet
2938 5213 3384 5270 elaboraverunt.
3409 5213 3471 5267 Et
3491 5213 3621 5282 quid

2036 5303 2331 5359 l'ecetuut?
2366 5303 2552 5359 Primo
2610 5303 2970 5359 absciderunt
3023 5318 3189 5360 omne
3236 5304 3385 5374 quod
3417 5313 3503 5359 est
3531 5320 3621 5359 su-

2037 5396 2328 5464 perﬂuum,
2380 5405 2435 5450 et
2476 5396 2690 5463 inutile,
2723 5396 2851 5467 jmo
2903 5398 3146 5463 noxium,
3209 5399 3279 5451 ad
3336 5396 3619 5453 ferendum

2035 5489 2244 5547 fructus
2264 5490 2450 5545 divino
2491 5491 2684 5561 dignos
2703 5492 2922 5546 horreo.
2944 5491 3076 5559 Quae
3116 5500 3245 5545 sunt
3275 5492 3380 5547 ista
3413 5490 3438 5545 2
3473 5490 3622 5545 Divi-

2033 5587 2142 5651 tim,
2166 5585 2440 5656 voluptas,
2462 5601 2594 5641 vaua
2630 5586 2824 5657 gloria,
2855 5588 3039 5641 omnia
3079 5583 3307 5651 fugitiva
3352 5592 3409 5638 et
3440 5593 3622 5639 trans-

360 5658 596 5735 τρυφὴν,
632 5665 791 5729 δόξαν
834 5664 934 5734 τὴν
987 5665 1242 5735 ματαίαν,
1279 5658 1455 5733 πάντα
1482 5665 1552 5717 τὰ
1600 5664 1789 5735 ῥέοντα
1830 5661 1925 5714 καὶ

2038 5675 2217 5744 itoria,
2264 5677 2444 5732 omnis
2490 5678 2690 5734 animae
2747 5690 2803 5734 ct
2846 5677 3095 5749 corporis
3128 5676 3325 5747 passio.
3358 5676 3530 5748 turpis
3564 5689 3623 5733 ct

412 5853 665 5931 “ﬁguli.
712 5852 923 5931 XLU”
952 5852 1107 5910 Jouu.
1148 5871 1233 5923 xv,
1273 5855 1321 5913 ί,
1400 5855 1478 5887 ¹τ⁶
1508 5854 1669 5912 Joan.
1695 5868 1770 5921 τι,
1830 5855 1918 5909 Η.

2038 5851 2212 5909 ‘Joan
2275 5870 2364 5923 xv,
2405 5856 2452 5924 l,
2484 5856 2539 5914 5.
2622 5857 2728 5913 "ll
2762 5857 2884 5914 Cor.
2928 5873 2976 5931 ι’,
3035 5859 3115 5916 l9.
3197 5861 3240 5893 ²⁰
3274 5857 3463 5918 Matth.
3524 5874 3617 5921 tu;

329 5929 421 5986 36.
463 5926 503 5958 ²¹
534 5925 691 5985 Juan.
722 5941 775 5992 κ,
818 5926 898 5982 ιο.

1296 5978 1339 6003 ἃ
