3988 6464
347 459 481 521 1057

1449 456 1544 514 DE
1592 455 1939 515 MENTALl
1987 455 2513 529 QUIETUDINE.

3473 451 3610 518 1οἷ3

347 567 716 635 νυμφοστὸλος
740 567 833 624 τοῦ
879 572 1248 642 πνευματικοῦ
1283 571 1589 642 νυμφῶνος.
1613 572 1821 624 Οὐκοῦν
1849 571 1908 622 οὐ

2028 576 2279 630 remissio
2335 574 2692 630 concedatur.
2751 573 3138 628 Verumtamen
3181 578 3236 626 et
3291 569 3614 642 cntijttgatos

343 659 662 726 διαζυγῆναι
719 661 1054 717 κινδυνεύσει
1091 665 1271 733 μόνον,
1294 664 1428 718 ἀλλὰ
1471 665 1566 716 καὶ
1598 665 1678 725 εἰς
1713 661 1913 732 ἔχθραν

344 753 441 804 τοῦ
471 752 842 821 ὑπερκοσμίου
879 755 1112 824 νυμφίου
1143 757 1500 826 καταστῆναι.
1536 757 1644 810 Καὶ
1673 756 1747 826 μὴ
1781 754 1913 807 θαυ-

347 841 550 911 μάσῃς.
579 843 701 912 μηδ’
753 844 1001 915 ἀνιαθῇς,
1043 848 1092 899 εἰ
1145 849 1265 909 ταῖς
1302 847 1398 916 μὲν
1421 849 1476 899 ὲν
1502 844 1732 914 συζυγία
1764 843 1914 916 παρὰ

342 931 442 999 τῆς
464 931 688 1001 Γραφῆς
715 932 920 1003 μέμψις
963 934 1025 1006 ού
1067 937 1417 1006 προσγίνεται
1451 933 1822 1006 μεριμνώσαις
1847 932 1916 984 τὰ

341 1019 436 1074 τοῦ
483 1021 710 1093 κόσμου,
753 1024 866 1077 ἀλλ’
895 1005 1066 1078 οὐδτὰ
1107 1005 1198 1080 τοῦ
1246 1027 1470 1098 Κυρίου.
1525 1027 1656 1103 Ταῖς
1709 1025 1766 1077 δὲ
1819 1024 1914 1093 τὴν

343 1114 644 1186 παρθενίαν
697 1116 1193 1186 ὲπαγγειλαμέναις
1245 1119 1323 1188 τῷ
1369 1119 1509 1189 Θεῷ,
1561 1118 1658 1170 καὶ
1716 1116 1914 1186 ψαύειν

340 1209 477 1271 ὅλως
530 1208 636 1261 τῶν
690 1210 748 1262 ὲν
780 1211 971 1282 κόσμῳ
1001 1213 1396 1281 ἀπηγόρευται,
1427 1214 1519 1264 καὶ
1561 1212 1658 1280 ζῇν
1693 1211 1828 1271 ὅλως
1856 1211 1914 1261 ἐν

339 1300 522 1352 ἀνέσει
545 1299 644 1351 οὐκ
665 1300 898 1369 ἐφεῖται.
939 1303 1129 1355 Καίτοι
1162 1303 1383 1364 καὶτοῖς
1407 1304 1462 1354 ἐν
1495 1301 1724 1371 συζυγίᾳ
1748 1316 1914 1370 προσ-

340 1391 510 1460 φωνεῖ
544 1391 786 1455 Παῦλοςο
834 1412 852 1443 ι
903 1393 960 1447 '0
994 1393 1184 1463 καιρὸς
1231 1393 1660 1462 συνεσταλμένος
1703 1391 1763 1444 τὸ
1799 1389 1911 1442 λοι-

340 1485 440 1537 πόν
469 1485 640 1546 ἐστιν,
672 1485 760 1538 ἵνα
800 1485 896 1538 καὶ⁵
919 1486 968 1538 οί
990 1485 1206 1555 ἔχοντες
1242 1487 1527 1554 γυναῖκας,
1551 1485 1626 1546 ὡς
1657 1483 1730 1554 μὴ
1758 1481 1911 1554 Exuv-

338 1594 430 1640 τες
456 1571 577 1639 ὦσι,
609 1578 703 1629 καὶ
756 1578 806 1630 ot
863 1578 1136 1646 χρώμενοι
1167 1577 1246 1646 τῷ
1282 1577 1468 1647 κόσμῳ
1513 1575 1705 1644 τούτῳ,
1735 1575 1811 1637 ὡς
1837 1573 1911 1644 μὴ

2025 667 2105 722 sic
2133 667 2331 720 affatur
2367 665 2570 722 Paulus
2608 683 2621 721 :
2655 684 2672 716 ι
2723 665 2958 732 Tempus
2990 664 3156 719 breve
3181 673 3301 718 est:
3338 663 3614 732 reliquum

2025 768 2129 822 est,
2161 770 2216 813 ul
2247 771 2303 814 et
2340 759 2429 825 qui
2475 758 2676 813 habent
2711 773 2931 822 uxores,
2966 767 3224 825 tauquam
3262 771 3366 808 non
3410 756 3614 808 haben-

2027 861 2109 907 tes
2142 853 2278 914 sint,
2309 861 2362 906 et
2391 853 2484 922 qui
2519 862 2744 906 utuntur
2791 851 2892 904 hoc
2938 850 3158 912 mundo,
3194 859 3450 916 tanquam
3505 860 3610 899 non

2025 956 2252 999 utantur
2307 947 2370 1000 ³⁵.
2415 964 2433 997 ι
2494 944 2648 1011 Quod
2692 943 2965 999 dil‘licilius
3020 960 3120 1013 ego
3174 941 3410 995 arbitror
3445 954 3607 1007 quam

2023 1052 2247 1093 servare
2291 1037 2681 1104 virginitatem.
2733 1035 2866 1090 Nam
2910 1035 3178 1105 jejunium
3241 1032 3453 1085 fat-ilius
3489 1043 3611 1084 esse

2024 1145 2185 1200 quam
2217 1129 2324 1184 cibi
2370 1138 2636 1201 potusque
2675 1129 3090 1199 temperantiam
3130 1127 3282 1179 docet
3320 1122 3606 1191 cvpericu-

2021 1218 2122 1272 tia.
2167 1217 2371 1272 Forsan
2429 1218 2626 1287 aliquis
2671 1229 2817 1272 recte
2868 1226 2922 1271 et
2975 1231 3101 1270 vere
3151 1214 3371 1278 dixerit,
3402 1212 3446 1266 si
3485 1210 3608 1278 quis

2022 1308 2158 1364 nolit
2188 1308 2407 1373 salvari,
2430 1311 2636 1366 nullum
2664 1325 2761 1364 nos
2780 1310 2846 1364 ad
2880 1309 3025 1363 hunc
3051 1308 3252 1362 habere
3276 1316 3606 1365 sermonem,

2022 1401 2067 1454 si
2103 1400 2188 1455 cui
2221 1416 2348 1456 vero
2376 1418 2504 1456 cura
2542 1412 2624 1457 est
2667 1403 2734 1457 de
2771 1418 2868 1455 sua
2904 1402 3098 1465 salute,
3123 1401 3260 1453 sciat
3290 1397 3373 1450 hic
3407 1403 3608 1448 statqu

2021 1493 2350 1563 virginitatis
2379 1495 2646 1564 conjugali
2696 1495 2864 1564 multo
2907 1493 3183 1548 utiliorem
3216 1503 3341 1545 esse
3373 1496 3426 1543 et
3471 1485 3611 1542 faci-

2021 1582 2242 1641 liorem.

340 1658 783 1728 καταχρώμενοι.
825 1674 845 1708 ι
883 1657 948 1709 Ὃ
976 1655 1071 1709 τοῦ
1102 1654 1246 1709 κατὰ
1275 1653 1374 1726 τὴν
1406 1651 1718 1724 παρθενίαν
1749 1651 1960 1718 ἀγῶνος
1995 1648 2468 1719 δυσανυστότερον
2511 1650 2624 1717 ὲγω
2647 1650 2878 1721 νομίζω.
2909 1651 3024 1704 Καὶ
3053 1650 3156 1714 τὴν
3185 1653 3439 1719 νηστείαν
3475 1655 3610 1718 γάρ,

337 1759 436 1826 τῆς
469 1756 598 1826 περὶ
626 1754 836 1824 τρυφὴν
864 1754 960 1806 καὶ
983 1751 1145 1806 πόσιν
1168 1747 1519 1822 ἐγκρατείας,
1549 1743 1947 1816 εὐχερεστέραν
1969 1743 2249 1797 δείκνυσιν
2275 1743 2308 1814 ή
2336 1746 2526 1812 πεῖρα.
2560 1744 2666 1797 Καὶ
2687 1744 2821 1814 φαίη
2852 1744 2918 1798 ἄν
2941 1762 3024 1807 τις
3040 1744 3252 1810 δίκχια,
3286 1747 3377 1797 καὶ
3395 1743 3570 1814 ἀληθῇ
3597 1760 3610 1772 ·

315 1849 412 1912 ’ὡς
455 1849 504 1900 εί
541 1848 641 1917 μὲν
676 1847 751 1917 μὴ
773 1847 950 1901 ἐλοιτό
985 1863 1070 1910 τις
1100 1843 1399 1911 σώζεσθαι,
1427 1844 1587 1912 λόγος
1621 1841 1758 1912 πρὸς
1783 1840 1946 1893 αὐτὸν
1978 1840 2109 1913 ημῖν
2139 1839 2338 1904 οὐδετς.
2377 1841 2439 1892 ΕΞ
2471 1839 2528 1893 δέ
2575 1857 2682 1891 τινι
2728 1839 2882 1908 μέλει
2913 1839 3014 1909 τῆς
3063 1838 3274 1901 οἰκείας
3307 1839 3616 1901 σωτηρίας,

341 1944 494 2006 οὗτος
525 1943 660 1998 ῐστω
687 1943 778 1995 τὸν
812 1944 872 1996 ἐν
911 1941 1183 2012 παρθενίᾳ
1215 1941 1332 2012 βίον
1358 1938 1537 2008 πολλῷ
1566 1937 1662 1992 τοῦ
1702 1924 1928 2006 μιγάδος
1960 1937 2378 2005 ἀνυσιμώτερον
2409 1937 2538 1989 ὂντα
2564 1937 2656 1989 καὶ
2683 1936 3050 2004 ἀπονώτερον.
3079 2003 3087 2012 _
3187 1933 3193 1939 ’

420 2029 577 2082 Ἀλλὰ
602 2031 776 2080 ταῦτα
805 2027 903 2096 μὲν
931 2028 1180 2096 ἀφῶμεν,
1223 2029 1399 2079 ἐκεῖνο
1423 2027 1478 2078 δὲ
1503 2026 1594 2107 ἐπὶ
1621 2024 1746 2078 νοῦν
1774 2023 1906 2077 λάϐε
1967 2061 2010 2107 R-

2113 2015 2220 2070 Sed
2266 2003 2383 2070 haec
2439 2021 2832 2085 relinquamus.
2882 2020 3010 2072 Illud
3047 2003 3226 2071 alitem
3279 2023 3329 2072 iu
3381 2022 3632 2072 uti-uitem‘

339 2139 452 2192 μοι,
482 2119 738 2191 παρθένε,
773 2120 960 2190 νύμφη
999 2119 1258 2189 Χριστοῦ,
1296 2119 1480 2188 κλῆμα
1517 2117 1616 2187 τῆς
1658 2115 1905 2185 ἀμπέλου

2041 2106 2224 2178 inlige,
2247 2110 2398 2178 virgo
2427 2109 2630 2162 Christi
2661 2125 2882 2178 sponsa,
2917 2113 3060 2179 quod
3090 2126 3250 2180 supra
3283 2112 3486 2164 dictum
3512 2121 3617 2165 est.

333 2216 434 2284 τῆς
454 2211 622 2282 ζωῆς,
642 2212 779 2279 ὅπερ
799 2211 1054 2282 ἀνωτέρω
1074 2209 1308 2281 είρηται.
1335 2209 1471 2279 Φησὶ
1495 2209 1602 2279 γὰρ
1633 2208 1660 2258 ὁ
1677 2207 1902 2277 Κύριος·

339 2325 356 2356 ι
408 2305 550 2372 Ἐγώ
574 2305 689 2373 είμι
715 2304 748 2372 ἡ
779 2302 1044 2373 ἄμπελος,
1081 2303 1237 2371 ὑμεῖς
1261 2301 1330 2355 τὰ
1357 2302 1632 2372 κλήματα,
1659 2300 1686 2350 ὁ
1713 2299 1906 2366 Πατήρ

333 2417 439 2470 μου
469 2401 498 2452 ὁ
524 2397 768 2468 γεωργός
795 2399 930 2450 ἐστι.
961 2398 1075 2449 Πᾶν
1105 2395 1288 2465 κλῆμα
1324 2398 1383 2448 ὲν
1426 2395 1549 2463 ἐμοὶ
1573 2388 1786 2463 καρπὸν
1811 2390 1904 2459 φέ-

334 2508 448 2561 ρον,
508 2490 765 2560 καθαίρει
818 2488 974 2552 αὐτὸ,
1022 2487 1110 2541 ἵνα
1167 2485 1388 2539 πλείονα
1434 2483 1647 2556 καρπὸν
1681 2483 1843 2554 φέρῃ.
1878 2501 1898 2533 ι

328 2588 542 2654 Δεῖγμα
560 2582 741 2636 τοίνυν
769 2581 920 2634 ποιοῦ
944 2581 1044 2649 τὴν
1077 2580 1205 2650 περὶ
1237 2577 1296 2630 σὲ
1329 2577 1533 2644 ταύτην
1561 2575 1902 2645 ἐπιμέλειαν,

329 2676 431 2730 τοῦ
483 2676 583 2744 τῆς
632 2672 928 2744 παρθενίας
985 2689 1079 2724 σου
1131 2669 1366 2740 καρποῦ,
1413 2669 1506 2721 καὶ
1548 2666 1639 2721 τοῦ
1685 2667 1904 2737 πρὸςσὲ

330 2770 556 2839 φίλτρου
585 2767 679 2822 τοῦ
731 2765 988 2836 νυμφίου.
1023 2764 1133 2818 Καὶ
1163 2765 1320 2832 χαῖρε
1355 2762 1576 2832 μᾶλλον,
1608 2761 1704 2814 καὶ
1751 2761 1904 2812 ἀντι-

330 2861 616 2933 φιλοτιμοῦ
665 2859 764 2930 τὴν
813 2858 947 2930 πρὸς
985 2855 1150 2910 αὑτὸν
1175 2852 1502 2908 εὐπείθειαν.
1563 2853 1773 2916 Ἄλλως
1802 2868 1863 2904 τε
1887 2866 1901 2879 ⁶

329 2955 426 3008 καὶ
479 2951 678 3024 χρυσὸς
733 2951 830 3020 μὲν
873 2949 1103 3020 χαλκοῦν
1158 2965 1211 3000 τι
1271 2946 1546 3017 συμμιγὲς
1587 2943 1899 3015 δεξάμενος,

327 3044 582 3115 κίϐδηλος
632 3044 920 3098 καλεῖται’
985 3040 1184 3112 χαλκὸς
1233 3039 1290 3093 δὲ
1350 3037 1644 3109 περιτακὲν
1707 3036 1903 3107 ψῆγμα

326 3140 619 3210 δεξάμενος
640 3137 867 3209 χρυσοῦ,
891 3135 1270 3208 λαμπρότερος
1320 3133 1516 3189 ἑαυτοῦ
1540 3135 1787 3202 φανεῖται
1811 3133 1904 3185 καὶ

330 3231 708 3302 στιλπνότέρος
731 3246 745 3261 ο
787 3228 928 3283 οῦτω
975 3227 1035 3280 σὲ
1068 3226 1170 3299 μὲν
1202 3227 1299 3281 καὶ
1343 3225 1410 3281 τὰ
1437 3225 1506 3279 σὰ
1550 3221 1736 3278 ποθεῖν
1764 3223 1905 3276 ἐκεί-

2038 2201 2130 2258 Ait
2156 2204 2298 2257 enim
2329 2203 2593 2258 Dominus
2625 2218 2640 2258 :
2671 2221 2690 2254 ι
2732 2204 2841 2273 Ego
2875 2219 2994 2257 sum
3031 2205 3177 2268 Vitis,
3211 2217 3308 2256 vos
3347 2202 3617 2269 palmites,

2038 2299 2093 2346 et
2162 2292 2326 2346 Pater
2363 2307 2517 2348 meus
2542 2293 2782 2362 agricola
2819 2303 2925 2348 est.
2961 2292 3191 2348 Omnem
3249 2293 3528 2362 palmitem
3563 2294 3630 2348 in'

2036 2395 2126 2437 me
2181 2383 2443 2438 ferentem
2496 2383 2757 2448 fructum,
2792 2385 3045 2455 purgabit
3092 2401 3240 2448 eum,
3274 2393 3332 2438 ut
3383 2383 3616 2438 fruetum

2033 2473 2158 2541 plus
2192 2473 2384 2528 alfez'at
2410 2475 2478 2530 ³⁸.
2527 2493 2547 2528 ι
2581 2475 2731 2530 Hanc
2769 2483 2836 2530 de
2867 2487 2917 2529 te
2950 2491 3138 2531 curam
3174 2476 3311 2529 habe
3345 2485 3401 2528 ut
3442 2475 3631 2543 εοεαε-⁷

2035 2578 2156 2620 men
2191 2564 2402 2620 fructus
2437 2576 2542 2621 tuae
2575 2567 2922 2638 virginitatis,
2943 2575 2996 2620 et
3020 2569 3202 2634 sponsi
3231 2583 3356 2636 erga
3385 2575 3436 2621 te
3466 2583 3617 2620 amn-

2035 2659 2148 2727 ris;
2179 2669 2232 2713 et
2267 2662 2478 2715 exsulta
2543 2662 2734 2730 magis,
2757 2673 2807 2715 et
2838 2663 3074 2716 retribue
3103 2663 3154 2715 in
3185 2676 3306 2715 eum
3337 2661 3616 2714 conliden-

2034 2749 2182 2804 tia‘m.
2225 2749 2383 2804 Aliud
2435 2751 2610 2806 dicam
2639 2767 2655 2810 :
2688 2768 2880 2806 aurum
2925 2753 3143 2822 quidem
3176 2767 3282 2806 aere
3318 2753 3488 2805 ascito
3517 2754 3616 2804 mi-

2040 2851 2212 2908 s'tum,
2259 2843 2587 2897 adulterimn
2668 2859 2936 2911 vocatur;
2979 2859 3054 2899 res
3101 2859 3231 2898 vero
3285 2843 3626 2897 circumfusa

2027 2932 2227 2987 lamina
2269 2934 2629 3000 bracteatum,
2656 2937 2883 2990 nitidius
2930 2936 3110 3006 seipse
3156 2935 3617 3005 videturetfulgi-

2027 3025 2176 3080 dius.
2206 3027 2299 3082 Sic
2357 3036 2408 3081 te
2457 3029 2698 3098 quidem,
2728 3029 2904 3099 virgo,
2942 3039 2997 3084 et
3029 3038 3118 3082 tua
3164 3030 3518 3094 desiderare;
3544 3029 3612 3082 iis

2027 3136 2148 3184 quae
2179 3135 2285 3176 non
2329 3130 2457 3176 sunt
2508 3121 2769 3192 virgines.
2800 3123 2972 3192 gloria
3006 3133 3093 3178 est
3125 3139 3140 3190 ;
3173 3127 3276 3178 has
3307 3138 3439 3177 vero
3473 3123 3614 3176 desi-

2027 3214 2241 3278 derare,
2271 3213 2366 3268 tibi
2403 3214 2644 3270 dedecus
2665 3215 2863 3271 aﬂert:
2893 3224 3018 3271 nam
3049 3227 3102 3271 te
3147 3217 3475 3270 desiderium
3529 3220 3619 3268 τωο·

329 3343 471 3389 ναις,
525 3318 570 3377 ὧ
621 3320 884 3392 παρθένε,
916 3321 1036 3382 ταῖς
1065 3320 1140 3390 μὴ
1181 3318 1494 3388 παρθένοις,
1529 3316 1687 3382 δόξαο
1731 3319 1814 3370 σοι
1849 3317 1906 3370 δὲ

2026 3305 2190 3360 trahit
2218 3308 2286 3360 ad
2341 3308 2627 3372 mundum,
2665 3319 2775 3362 tum
2814 3309 2940 3379 quia
2981 3319 3288 3379 respectum
3339 3310 3508 3364 habes
3544 3309 3609 3360 ad

325 3418 552 3489 ἀτιμίαν
599 3415 752 3486 φέρει
791 3413 975 3467 ποθεῖν
1027 3412 1275 3475 ὲκείνας*
1333 3411 1657 3481 ἐπιστρέφει
1690 3411 1798 3479 γάρ
1842 3427 1902 3460 σε

327 3511 492 3564 πάλιν
523 3510 551 3563 ὁ
581 3508 747 3568 πόθος
772 3507 850 3568 εἰς
881 3505 974 3559 τὸν
1005 3505 1240 3574 κόσμονο
1299 3503 1458 3556 τοῦτο
1489 3503 1607 3571 μὲν,
1643 3501 1720 3564 ὡς
1769 3502 1906 3570 πρὸς

326 3601 456 3662 τοὺς
482 3600 541 3652 ὲν
564 3597 756 3667 κόσμῳ
789 3594 995 3661 ζῶντας
1025 3594 1209 3665 σχέσιν
1245 3591 1493 3662 ἔχουσαν,
1522 3591 1616 3644 καὶ
1653 3591 1904 3654 συζῶσαν

328 3682 561 3752 ἐκείνοις
609 3689 710 3756 τὴν
747 3685 828 3756 τῷ
878 3685 1071 3756 κόσμῳ
1115 3683 1422 3738 θανοῦσανο
1473 3683 1634 3737 τοῦτο
1680 3682 1775 3747 δὲ,
1827 3682 1904 3746 ὡς

325 3781 612 3852 προσεῖναι.
638 3768 848 3841 τούτοις
877 3775 1228 3846 βουλομένην,
1255 3775 1291 3830 ἃ
1316 3775 1406 3828 καὶ
1433 3773 1590 3828 αὐτοὶ
1642 3771 1901 3842 βούλοιντ’

322 3873 414 3938 ἃν,
457 3870 689 3932 ἑαυτοῖς.
727 3868 959 3932 καὶτοῖς
994 3867 1314 3936 συγγενέσιν
1359 3867 1566 3921 ἑαυτῶν
1589 3883 1601 3898 ’
1647 3867 1902 3934 εὐθηνίαν

324 3963 596 4018 παντοίων
615 3961 726 4015 τῶν
760 3961 900 4014 κατὰ
930 3960 1023 4014 τὸν
1076 3959 1211 4029 βίον,
1242 3957 1494 4021 πλοῦτον,
1519 3959 1896 4027 περιφάνειαν,
1942 4013 1952 4028 ι

319 4056 504 4124 δόξαν,
538 4054 631 4109 καὶ
656 4053 753 4125 τὴν
782 4053 875 4110 ἐπὶ
895 4052 1106 4116 τούτοις
1137 4050 1428 4120 εὐθυμίαν·
1461 4052 1553 4104 καὶ
1589 4047 1733 4103 οὕτω
1762 4065 1900 4119 συμο

321 4143 552 4214 ϐήσεται
578 4159 684 4207 σοι,
714 4139 808 4194 τοῦ
844 4139 1180 4211 βουλήματος
1213 4139 1308 4194 τοῦ
1344 4139 1439 4194 σοῦ
1465 4140 1700 4210 νυμφίου
1730 4141 1900 4196 ἐκπε-

323 4235 458 4286 σεῖν.
485 4233 669 4286 Ταῦτα
697 4231 805 4300 γὰρ
833 4229 1013 4284 πάντα
1059 4228 1271 4300 τρανῶς
1316 4231 1522 4292 ἐκεῖνος
1556 4229 1613 4281 ἑν
1653 4230 1898 4297 Εὐαγγε-

319 4324 454 4388 λίοις
478 4319 776 4386 ταλανίζει,
805 4320 980 4388 λέγων
999 4337 1013 4352 ο
1049 4339 1066 4370 ι
1103 4320 1239 4373 Οὐαὶ
1262 4321 1311 4373 οἱ
1343 4318 1700 4384 πλουτοῦντες
1720 4312 1745 4373 ί”
1777 4319 1899 4372 οὐαὶ

318 4417 370 4470 oi
392 4415 658 4484 γελῶντες
682 4415 696 4468 ι
729 4413 911 4466 οὐαὶοί
935 4411 1384 4482 ἐμπεπλησμένοι
1402 4412 1414 4465 ί
1433 4411 1556 4464 οὐαὶ
1573 4411 1702 4465 ὅταν
1719 4411 1898 4473 καλῶς

318 4511 467 4579 ὑμᾶς
489 4509 684 4562 εἴπωσι
707 4507 909 4570 πάντες
955 4507 1010 4559 οἱ
1057 4504 1367 4574 ἄνθρωποιί
1402 4523 1420 4557 ι
1457 4505 1579 4568 Πῶς
1606 4505 1700 4559 οῦν
1732 4505 1898 4558 ταλα-

317 4602 457 4666 νίζει
490 4599 750 4666 τούτους;
783 4599 895 4669 ῡῦχ
941 4598 1017 4661 ὡς
1055 4597 1155 4668 τὴν
1199 4597 1378 4669 ψυχὴν
1420 4597 1896 4668 νενεκρωμένόυςὶ

317 4691 416 4754 Τίς
464 4687 558 4745 οῦν
605 4691 674 4762 τῇ
722 4688 907 4760 νύμφῃ
935 4689 1033 4758 τῆς
1065 4688 1211 4758 ζωῆς
1259 4688 1548 4756 συγγένεια
1597 4688 1736 4758 πρὸς
1772 4687 1897 4748 τοὺς

317 4783 548 4854 νεκρούς
574 4801 589 4847 ;
619 4783 702 4846 τίς
732 4782 998 4851 συνάφεια
1026 4782 1139 4844 τοῖς
1183 4783 1283 4845 τὰς
1314 4782 1564 4841 ἐναντίας
1589 4777 1899 4849 βαδίζουσιν

319 4874 507 4941 ὑδούςς
543 4873 782 4926 Πλατεῖα
813 4871 920 4941 γὰρ
963 4871 1057 4925 καὶ
1108 4871 1441 4941 εὐρύχωρος,
1481 4869 1546 4922 δι’
1593 4865 1661 4939 ἦς
1701 4871 1900 4924 ἐκεῖνοι

320 4965 748 5038 φέρονταιοκᾶν
791 4966 866 5036 μὴ
925 4963 1428 5036 παρακατάσχωσιν
1481 4963 1727 5025 ἑαυτοὺς,
1789 4961 1900 5017 τῶν

321 5058 431 5110 σῶν
455 5074 506 5109 τι
541 5055 818 5125 μίξαντες,
848 5052 1206 5108 ἐκπεσοῦνται
1237 5053 1436 5114 τελέως
1473 5053 1550 5114 είς
1581 5049 1856 5106 ἀπώλειαν
1879 5064 1897 5082 ο

332 5152 398 5204 σὺ
424 5153 478 5205 δὲ
509 5151 596 5206 διὰ
639 5153 738 5222 τῆς
789 5154 980 5225 στενῆς
1027 5155 1120 5207 καὶ
1175 5153 1542 5224 τεθλιμμένης
1589 5154 1762 5224 πύλης
1813 5153 1908 5206 καί

326 5241 451 5296 ὁδοῦ
479 5242 614 5312 πρὸς
659 5244 757 5314 τὴν
806 5245 952 5314 ζωὴν
1000 5245 1246 5316 είσέρχῃ.
1287 5244 1385 5296 Διὰ
1415 5243 1610 5313 στενῆς
1643 5243 1700 5298 δὲ
1738 5243 1911 5312 πύλης

330 5335 426 5385 καὶ
456 5332 594 5401 ὁδοῦ,
630 5335 730 5387 οὐκ
755 5333 918 5403 ὄγκον
957 5334 1136 5405 δόξης,
1177 5335 1275 5406 οὐχ
1323 5334 1514 5405 ἡδονῆς
1542 5335 1808 5403 διάχυσιν,
1850 5334 1910 5386 οὐ

333 5424 533 5491 φέρτον
576 5411 874 5494 χρημάτων
923 5427 1016 5480 καὶ
1073 5426 1372 5496 κτημάτων
1421 5423 1750 5495 ἀναθέμενός
1805 5443 1908 5487 ἀἶ’

329 5517 524 5570 διιέναι
578 5516 780 5572 δύναιτ’
833 5519 934 5574 ἄν’
991 5519 1127 5573 ἀλλὰ
1178 5519 1252 5590 μὴ
1303 5520 1566 5574 πλατεῖαν
1609 5519 1909 5581 ἀκούσασα,

332 5611 553 5680 ἐκείνην
575 5611 673 5680 τὴν
711 5611 828 5666 ὁδὸν
862 5612 954 5667 τοῦ
1008 5613 1148 5682 βίου,
1192 5614 1392 5667 ἄλυπον
1425 5613 1589 5683 ἡγοῦ·
1639 5613 1912 5679 πολυσυμι

318 5700 626 5773 ῒιγρωτάτη
688 5705 798 5775 γάρ
855 5708 970 5760 ἐστι
1032 5707 1125 5761 καὶ
1165 5705 1731 5777 βαρυσυμφορωτὰτη.
1774 5705 1912 5756 Πλα-

405 5857 451 5886 ²⁵
509 5855 524 5909 l
566 5858 692 5912 Cor.
732 5874 848 5925 vui,
883 5858 974 5925 29,
1024 5857 1114 5914 ⁸51.

2025 3397 2268 3454 viventes
2309 3399 2361 3454 in
2423 3402 2646 3466 mundo,
2671 3410 2726 3455 et
2759 3418 2880 3455 cum
2914 3401 2994 3457 eis
3042 3403 3200 3464 vivis.
3235 3403 3360 3456 licet
3410 3401 3624 3454 mundo

2021 3497 2277 3554 mortua;
2312 3499 2423 3543 tum
2457 3490 2581 3559 quia
2617 3491 2809 3545 eadem
2847 3491 2929 3546 eis
2961 3500 3138 3560 optas,
3165 3505 3288 3560 qum
3330 3492 3430 3561 ipsi
3480 3491 3620 3546 sibi-‘

2029 3589 2141 3636 ruet
2194 3581 2416 3650 suisque
2452 3583 2699 3654 cognatis
2733 3594 2945 3654 optant,
2990 3600 3185 3654 nempe
3242 3585 3624 3638 onmimodam‘

2022 3671 2146 3726 vitae
2180 3675 2622 3741 prosperitatcm,
2663 3675 2909 3736 divitias,
2955 3675 3238 3742 honorem,
3279 3676 3528 3745 gloriam,
3560 3688 3621 3728 et

2020 3764 2075 3817 in
2128 3763 2215 3819 bis
2255 3765 2524 3834 laetitiam,
2555 3776 2610 3821 et
2667 3767 2748 3822 sic
2801 3767 2898 3822 tibi
2957 3768 3169 3822 accidet
3219 3779 3278 3822 ut
3335 3769 3623 3823 voluntate”

2019 3859 2205 3926 sponsi
2235 3861 2478 3916 excidas.
2505 3859 2629 3916 Haec
2663 3862 2808 3915 enim
2849 3862 3034 3916 omnia
3072 3862 3165 3917 ille
3228 3863 3284 3917 in
3318 3864 3625 3934 Evangelio'

2019 3946 2170 4004 clare
2201 3949 2509 4016 iufelicitat,
2541 3952 2734 4007 dicens
2766 3967 2782 4008 :
2818 3965 2845 4005 ι’
2875 3951 2968 4007 Vat
2995 3955 3152 4010 vobis
3188 3954 3452 4010 divitibus
3484 3947 3510 4008 li
3534 3967 3623 4009 we?

2021 4041 2186 4097 vobis
2217 4042 2309 4112 qui
2345 4042 2583 4098 videtisl
2622 4059 2711 4119 vae
2729 4043 2886 4100 vobis
2933 4045 3026 4114 qui
3068 4047 3296 4101 saturati
3329 4047 3504 4102 estis!
3537 4061 3626 4100 var

2020 4148 2142 4189 cum
2164 4133 2544 4190 benedixe’rint-
2559 4137 2712 4194 vobis
2735 4151 2924 4192 omnes
2950 4137 3201 4193 homines
3223 4131 3247 4191 ι’
3271 4155 3288 4190 ι
3320 4136 3616 4204 Quomodo

2023 4226 2186 4296 igitur
2237 4227 2335 4282 bos
2388 4229 2521 4282 dicit
2573 4229 2864 4286 infelices?
2900 4229 3089 4286 Nonne
3131 4241 3386 4300 tanquam
3429 4231 3620 4284 anima
3665 4229 3668 4232 ’

2023 4329 2266 4375 mortuos
2292 4320 2322 4374 ἵ
2343 4319 2476 4387 Quae
2515 4321 2680 4390 igitur
2705 4337 2920 4390 sponsae
2953 4323 3301 4394 participatio
3341 4324 3463 4377 vitae
3492 4338 3622 4375 cun:

2023 4413 2306 4469 mortuis?
2340 4414 2444 4467 Aut
2484 4428 2606 4483 qua
2641 4415 2876 4470 societas
2908 4416 2977 4472 ad
3025 4418 3300 4472 contraria
3330 4415 3618 4470 ambulana

2025 4512 2106 4557 tes
2122 4504 2205 4556 via
2235 4503 2326 4556 ’7?
2359 4503 2493 4560 Nam
2526 4507 2633 4560 lata
2659 4516 2714 4561 et
2741 4509 2978 4576 spatiosa
3009 4510 3098 4564 via
3119 4519 3202 4564 est
3226 4509 3297 4572 ’⁸,
3316 4508 3604 4577 l;uaincc-

1944 4598 2158 4686 1idem
2190 4612 2212 4663 ;.
2240 4606 2295 4652 et
2330 4599 2432 4652 nisi
2493 4599 2683 4668 pedem
2717 4599 2940 4665 sistant,
2974 4608 3031 4655 et
3086 4600 3218 4670 quid
3266 4599 3331 4654 de
3373 4601 3481 4654 tuis
3508 4601 3622 4654 sibi!

2026 4689 2385 4755 admisceant,
2413 4691 2654 4746 incident
2709 4692 2954 4762 profecto
3006 4691 3057 4745 in
3114 4691 3497 4758 perditionem,
3557 4700 3621 4744 tut

2023 4790 2156 4836 vero
2187 4797 2283 4849 per
2314 4791 2599 4854 angustam
2655 4794 2867 4854 portam
2898 4792 2953 4838 et
2982 4791 3187 4838 arctam
3241 4782 3382 4837 viam
3437 4783 3622 4838 intras

2023 4873 2092 4926 ad
2136 4875 2326 4934 vitam.
2378 4873 2482 4930 Per
2534 4884 2818 4944 angustam
2878 4887 3059 4929 autem
3113 4881 3330 4943 portam
3381 4885 3436 4930 et
3472 4875 3619 4930 viam

2024 4980 2184 5022 nemo
2236 4977 2452 5023 tumens
2490 4967 2684 5038 gloria,
2716 4973 2810 5022 aut
2865 4967 3141 5036 voluptate
3197 4967 3467 5034 dituuens,
3518 4976 3618 5022 aut

2019 5072 2183 5126 opum
2247 5058 2674 5129 divitiarumth
2720 5057 2900 5113 terens
2937 5057 3356 5124 ouus,transire
3396 5072 3601 5128 posset.

2021 5148 2178 5216 Quod
2214 5157 2396 5204 autem
2432 5149 2541 5206 lata
2579 5151 2796 5206 dicatur
2841 5151 2945 5205 ista
3001 5151 3188 5206 mundi
3240 5152 3350 5216 via,
3379 5166 3486 5204 non
3529 5161 3614 5202 ta-

2022 5256 2144 5298 men
2169 5256 2288 5297 eam
2323 5242 2442 5299 sine
2475 5242 2722 5298 molestia
2773 5257 2896 5300 esse
2949 5254 3212 5314 reputes:
3243 5260 3366 5298 nam
3422 5246 3614 5300 multis

2016 5344 2072 5391 et
2119 5337 2378 5406 gravibus
2428 5336 2732 5406 plena‘est
2770 5338 3196 5394 calamitatibus.
3231 5335 3336 5392 Sed
3391 5335 3498 5390 lata
3553 5347 3608 5391 et

2019 5430 2258 5500 spatiosa
2304 5437 2546 5495 vocatur,
2588 5431 2716 5496 quia
2770 5431 2924 5486 multi
2973 5441 3100 5486 sunt
3131 5430 3221 5498 qui
3265 5428 3471 5482 intrant
3511 5444 3610 5498 per

2018 5535 2163 5585 eam,
2193 5529 2246 5573 et
2278 5521 2507 5590 quisque
2538 5521 2751 5577 illorum
2777 5523 2981 5592 ingenti
3016 5528 3240 5576 onustus
3269 5531 3350 5573 est
3380 5520 3605 5575 caduca:

2021 5611 2261 5663 materia:-
2295 5626 2512 5666 acervo.
2553 5612 2665 5667 Tua
2699 5623 2903 5676 autem,
2937 5611 3107 5680 virgo,
3143 5609 3451 5664 arctissima
3516 5619 3604 5665 est

2017 5699 2105 5752 via
2137 5717 2150 5751 :
2188 5717 2307 5754 nam
2343 5701 2478 5756 duos
2512 5704 2671 5757 simul
2715 5709 3062 5758 transeuntes
3097 5698 3239 5754 haud
3271 5685 3439 5768 capit.

1193 5858 1240 5890 "
1273 5857 1431 5914 Joan.
1465 5873 1554 5924 xv,
1582 5857 1633 5924 i,
1661 5856 1716 5921 ἓ,
1741 5856 1792 5910 5.
1868 5857 1914 5888 ’⁷
1941 5856 1986 5912 ll
2017 5857 2142 5913 Cor.
2174 5874 2246 5921 vt,
2283 5859 2363 5913 Li.
2444 5859 2487 5890 ’⁸
2526 5859 2714 5914 Matth.
2744 5875 2840 5927 vu,
2889 5859 2975 5915 15.
