3988 6504
385 460 518 528 ιοῡι

1496 465 1592 525 DE
1638 467 1982 530 MENTALI
2021 469 2540 538 QUIETUDINE.

3515 479 3653 543 1062

379 579 476 630 καὶ
511 576 774 647 εὑρήσετε
805 575 1117 630 ἀνάπαυσιν
1153 577 1270 640 ταῖς
1325 579 1526 647 ψυχαῖς
1587 581 1760 649 ὑμῶν.
1805 603 1820 629 ν
1861 585 1952 637 Διὸ
1989 586 2079 636 καὶ
2131 585 2309 636 αὐτῶν
2339 589 2544 656 ἐστινὴ
2577 588 2823 656 βασιλεία
2852 589 2982 658 ξτῶν
3024 592 3269 663 οὐρανῶν
3297 608 3310 624 ·
3341 595 3590 666 συγκληρ
3628 626 3650 636 ο

377 674 532 743 νόμοι
563 674 672 744 γάρ
703 673 812 726 εἰσι
838 672 1104 743 Χριστοῦ.

445 774 754 842 Τριμεροῦς
783 774 838 824 δὲ
866 772 1032 840 οῦσης
1060 777 1154 842 τῆς
1183 775 1382 843 ψυχῆς,
1421 748 1512 826 καὶ
1540 776 1596 826 ἐν
1624 776 1771 846 τρισὶ
1793 775 1944 830 δυνά-

2139 766 2484 831 Cumautem
2511 773 2687 829 anima
2722 777 2991 844 tripartlta
3023 781 3096 834 sit
3144 791 3197 836 et
3247 783 3299 836 in
3352 793 3463 838 tres
3491 787 3660 840 divisa

377 882 504 935 μεσι
536 864 941 935 θεωρουμένης,
988 865 1298 934 λογιστικῷ.
1351 867 1566 936 θυμικῷ
1595 885 1653 919 τε
1699 868 1794 920 καὶ
1823 871 1944 921 ἐπι-

374 954 683 1024 θυμητικῷ,
711 953 804 1007 καὶ
837 955 1098 1024 νοσούσης
1119 956 1260 1010 κατὰ
1288 957 1460 1010 ταῦτα
1495 957 1692 1022 πάντα,
1723 958 1949 1022 εἰκότως

370 1047 400 1097 ό
425 1046 629 1116 ταύτην
677 1045 902 1114 ἰώμενος
933 1046 1166 1119 Χριστὸς
1188 1047 1295 1100 ἀπὸ
1323 1047 1416 1100 τοῦ
1451 1048 1680 1118 ἐσχάτου
1703 1051 1801 1118 τῆς
1823 1051 1946 1102 ἐπι-

373 1137 574 1208 θυμίας
602 1137 806 1208 ἤρξατο
849 1139 948 1208 τῆς
972 1137 1292 1206 θεραπείας.
1325 1139 1465 1210 ’Ύλη
1503 1139 1600 1208 μὲν
1627 1139 1734 1210 γὰρ
1753 1140 1945 1209 θυμοῦ,

372 1229 641 1299 ἐπιθυμία
689 1229 1146 1299 ἀποτυγχάνουσα
1170 1245 1184 1260 ο
1215 1230 1309 1283 τοῦ
1335 1231 1392 1284 δὲ
1425 1232 1811 1302 μετεωρισμοῦ
1851 1233 1950 1301 τῆς

371 1320 634 1385 διανοίας,
675 1319 843 1390 ἄμφω
886 1321 1060 1375 ταῦτα
1105 1322 1422 1394 διακείμενα
1467 1325 1690 1387 κακῶςο
1727 1325 1819 1377 καί
1849 1324 1948 1415 οὐξι

352 1413 438 1489 ⁸ἄν
478 1410 598 1463 ποθ’
639 1411 790 1478 ὑγιὲς
817 1411 1030 1480 ὀφθείη,
1072 1410 1197 1464 οὔτε
1221 1412 1282 1465 τὸ
1320 1413 1419 1480 τῆς
1445 1411 1617 1483 ψυχῆς
1669 1410 1949 1482 θυμούμεὶ

372 1522 464 1557 νον
487 1547 501 1569 ,
535 1503 608 1573 μὴ
643 1503 743 1573 τῆς
784 1503 1083 1572 ἐπιθυμίας
1110 1504 1384 1575 προτέρας
1413 1505 1689 1573 laedam“
1733 1504 1856 1558 οὕτε
1889 1505 1948 1559 τὸ

372 1597 742 1664 λογιζόμενον,
775 1596 850 1668 μὴ
879 1596 1049 1667 ἄμφω
1082 1596 1286 1651 τούτων
1329 1598 1943 1669 προτεθεραπευμένων.

353 1693 368 1716 ³
443 1689 551 1743 Τοῦ
592 1689 648 1743 δὲ
707 1688 1111 1759 ἐπιθυμητικοῦ
1152 1690 1367 1760 πρῶτον
1401 1691 1634 1761 πονηρὸν
1679 1692 1946 1762 γέννημα.

371 1783 471 1853 τὴν
489 1779 964 1850 φιλοκτημοσύνην
992 1781 1253 1844 ἐξετάσας
1277 1781 1459 1851 εὕροις
1476 1781 1560 1835 ἂν.
1583 1782 1649 1834 Al
1682 1782 1790 1852 γὰρ
1814 1782 1948 1852 πρὸς

318 1873 433 1926 ντί)
457 1874 558 1942 ζῇν
603 1870 955 1924 συντελοῦσαι
993 1872 1108 1933 τοῖς
1137 1870 1449 1939 ἀνθρώποις
1503 1871 1809 1941 ἐπιθυμίαι,
1851 1872 1946 1940 οὐχ

357 1946 615 2016 ⁸ὑίταίίτιοι
635 1975 651 1992 ⁶
683 1960 763 2014 διδ
793 1960 886 2014 καὶ
919 1959 976 2025 ἐξ
1011 1961 1234 2014 ἁπαλῶν
1264 1961 1472 2031 ὀνύχων
1521 1961 1946 2032 συμπεφύκασιν

376 2057 524 2124 ἡμῖν.
567 2053 630 2106 Ἦ
657 2053 712 2106 δὲ
739 2051 1096 2121 φιλαργυρία,
1132 2053 1327 2122 μικρὺν
1351 2051 1576 2123 ὕστερον
1607 2053 1945 2125 προσφύεται

372 2146 563 2200 παισὶν
584 2143 664 2197 ἔτι
692 2142 860 2198 οῦσιν.
895 2142 1060 2196 Ὅθεν
1087 2144 1360 2212 φαίνεται,
1388 2145 1464 2207 ὡς
1496 2144 1596 2196 οὐκ
1624 2147 1689 2196 ἐκ
1709 2143 1944 2212 φύσεως,

370 2237 486 2290 ἀλλ’
526 2237 591 2288 ὲκ
621 2233 996 2303 προαιρέσεως
1027 2233 1141 2304 ἔχει
1182 2233 1282 2304 τὴν
1310 2235 1504 2306 ἀρχήν.
1553 2234 1740 2298 Ῥίζαν
1769 2235 1828 2288 δὲ
1851 2237 1949 2286 αύ-

369 2329 473 2398 τὴν
501 2330 718 2382 πάντων
751 2327 862 2381 τῶν
897 2328 1082 2381 κακῶν
1133 2327 1358 2390 δικαίως
1386 2327 1669 2397 ὠνόμασεν
1697 2329 1725 2381 ό
1749 2325 1947 2380 θεσπέ-

371 2439 489 2484 σιος
518 2420 750 2483 Παῦλος.
778 2419 858 2473 Τὰ
893 2419 991 2488 μὲν
1017 2420 1126 2488 γὰρ
1171 2419 1282 2472 τῶν
1325 2419 1513 2472 κακῶν
1545 2417 1685 2490 αὕτη
1733 2419 1944 2488 πέφυκε

372 2511 604 2581 γεννᾷν·
638 2508 947 2579 φειδωλίας,
990 2508 1316 2578 καπηλείας,
1373 2509 1666 2580 ἁρπαγὰς,
1713 2510 1942 2574 κλοπὰς,

373 2603 467 2654 καὶ
502 2601 690 2665 ἁπλῶς
718 2601 828 2655 πᾶν
858 2596 996 2665 εἶδος
1027 2601 1340 2666 πλεονεξίας
1359 2642 1374 2667 ,
1403 2603 1471 2672 ἣν
1499 2602 1762 2674 δευτέραν
1788 2603 1944 2656 εἰδω-

370 2697 597 2767 λο).ατρε
608 2695 690 2750 ίαν
707 2697 735 2750 ό
754 2697 916 2760 αὐτὸς
945 2697 1374 2768 προσηγόρευσε.
1409 2696 1536 2762 Τοῖς
1561 2698 1618 2752 δὲ
1641 2699 1715 2769 μὴ
1743 2701 1946 2768 φυομέο

373 2806 486 2850 νοις
518 2788 576 2853 ἐξ
618 2790 822 2858 αὐτῆς,
879 2788 1065 2858 σχεδὸν
1107 2791 1240 2843 πᾶσι
1271 2792 1509 2860 χορηγεῖ
1547 2791 1646 2860 τὴν
1679 2790 1812 2861 ῦλην
1844 2791 1946 2861 τῆς

373 2881 707 2944 συστάσεως.
737 2879 923 2934 Ταῦτα
947 2881 1003 2935 δὲ
1031 2883 1232 2946 πάντα,
1255 2883 1354 2936 ὅσα
1384 2885 1448 2937 ἐκ
1474 2883 1752 2953 φιλοῦ>.ία;
1774 2885 1946 2939 τίκτε-

369 2991 482 3035 ται,
510 2972 692 3042 ψυχῆς
725 2975 830 3025 εισι
862 2973 1032 3041 πάθη,
1065 2974 1214 3038 ζέσιν
1241 2975 1342 3028 οὐκ
1380 2975 1610 3046 ἐχούσης
1641 2977 1776 3046 πρδς
1807 2977 1944 3045 ἀγα-

373 3067 648 3136 θοεργίαν.
685 3064 807 3118 Τῶν
833 3067 942 3136 γὰρ
977 3066 1087 3119 ἀπὸ
1117 3066 1332 3136 φύσεως
1370 3069 1606 3138 ἑχόντων
1637 3069 1736 3138 τὴν
1769 3069 1942 3140 ἀρχὴν

371 3156 588 3218 παθῶν,
634 3156 704 3210 τὰ
733 3158 796 3209 ἐκ
831 3157 1204 3228 προαιρέσεως
1249 3159 1762 3231 εὐαπαλλακτότερά
1806 3163 1941 3214 εἰσι⁸

333 3243 336 3246 ’
369 3247 758 3318 δυσαπόὸλητα
785 3248 840 3302 δὲ
866 3250 935 3302 τὰ
975 3251 1037 3303 ὲκ
1064 3251 1428 3323 φιλαργυρίας
1449 3252 1592 3322 πάθη
1614 3255 1944 3322 κατεργάζεο

368 3357 462 3393 ται
489 3341 522 3408 ἡ
551 3338 785 3392 ἀπιστία
842 3339 942 3410 τῆς
972 3340 1067 3394 τοῦ
1095 3341 1232 3394 Θεοῦ
1262 3343 1543 3414 προνοίας.
1576 3344 1758 3416 Ταύτῃ
1784 3345 1892 3416 γὰρ
1916 3346 1945 3399 ό

1979 2097 2026 2157 Β

2068 857 2374 926 facultates,
2414 880 2604 934 nempe
2647 869 2700 921 in
2759 871 3164 940 rationabilem,
3239 874 3563 932 irascibilem
3607 890 3662 932 et

2068 953 2578 1021 concupiscibilem,
2598 972 2828 1027 cumque
2851 961 2932 1016 his
2949 964 3201 1020 omnibus
3217 942 3468 1037 .zrgrotet,
3496 970 3626 1023 meri
3643 999 3658 1008 -

2074 1049 2132 1096 to
2171 1045 2414 1099 medicus
2474 1048 2593 1117 ejus
2657 1050 2908 1107 Christus
2972 1054 3041 1109 ab
3092 1057 3304 1122 ultima,
3369 1074 3566 1130 nempe
3623 1077 3648 1112 a

2065 1136 2528 1205 concupiscentia,
2583 1143 2916 1197 curationem
2972 1147 3157 1212 carpit.
3227 1148 3475 1217 Namque
3519 1153 3654 1210 ,alit

2067 1226 2518 1294 concupiscentia
2557 1231 2718 1294 iram,
2753 1232 2836 1288 hae
2893 1246 3073 1290 autem
3124 1239 3244 1292 duae
3287 1249 3524 1294 mentem
3561 1257 3640 1294 sn-

2071 1315 2256 1381 perbia
2293 1316 2586 1373 inliciunt:
2632 1336 2813 1391 neque
2858 1341 3097 1394 unquam
3135 1341 3426 1383 sanaretur
3455 1331 3652 1384 animm

2070 1405 2173 1471 ira,
2208 1409 2310 1462 nisi
2343 1421 2530 1463 sanata
2571 1413 2724 1479 prius
2756 1421 3248 1486 concupiscentia;
3286 1435 3462 1491 neque
3488 1422 3647 1477 intel-

2061 1509 2239 1564 ectns,
2277 1502 2384 1556 nisi
2413 1504 2684 1560 ambabus
2715 1507 2823 1561 illis
2857 1518 3018 1563 antea
3076 1513 3312 1570 curatis.

2130 1675 2370 1732 Primam
2409 1689 2588 1736 autem
2641 1686 3100 1754 concupiscentiae
3147 1705 3370 1758 pravam
3409 1693 3648 1747 sobolem

2056 1768 2101 1822 si
2133 1783 2372 1837 quaeras,
2398 1770 2643 1829 invenies
2676 1790 2920 1830 amorem
2974 1775 3098 1834 esse
3139 1781 3476 1837 divitiarum.
3505 1783 3654 1840 l)esi«-

2057 1859 2206 1914 deria
2237 1863 2304 1914 ad
2335 1861 2630 1917 vivendum
2680 1865 3045 1934 conferentia,
3087 1870 3282 1924 vitiosa
3335 1887 3440 1926 non
3502 1884 3646 1939 sunt,

2057 1947 2343 2017 ideoquea
2381 1953 2586 2007 teneris
2643 1956 2917 2025 unguibus
2961 1960 3120 2015 nobis
3160 1972 3290 2016 sunt
3324 1962 3507 2018 insita.
3552 1964 3653 2019 Pe-

2054 2039 2230 2093 cunia:
2258 2050 2434 2094 autem
2463 2044 2734 2113 cupiditas
2765 2050 2927 2116 paulo
2949 2057 3069 2118 post
3111 2052 3265 2108 nobis
3311 2054 3487 2108 adhuc
3517 2070 3652 2126 pne-

2065 2131 2141 2185 ris
2201 2132 2504 2188 innascitur
2539 2151 2553 2191 :
2590 2138 2732 2192 unde
2788 2139 2954 2208 liquet
3007 2157 3126 2196 eam
3160 2145 3301 2199 haud
3341 2161 3368 2198 a
3432 2156 3651 2206 natura.

2063 2223 2156 2278 sed
2191 2239 2220 2276 a
2267 2225 2552 2280 voluntate
2607 2229 2764 2284 oriri.
2807 2231 2970 2301 Atqui
2995 2234 3140 2288 illam
3193 2237 3436 2290 omnium
3476 2238 3647 2292 malo—

2065 2330 2180 2368 rum
2248 2317 2488 2372 radicem
2553 2321 2747 2373 merito
2804 2323 3093 2391 appellavit
3152 2325 3310 2382 divus
3348 2326 3545 2383 Paulus
3578 2331 3648 2383 ³⁸.

2058 2406 2316 2473 Quaedam
2351 2409 2495 2464 enim
2531 2411 2797 2469 malorum
2855 2413 2969 2484 ipsa
3033 2418 3197 2487 parit,
3254 2434 3452 2488 nempe
3479 2421 3653 2489 parci«

2061 2500 2320 2578 tnoniant,
2371 2503 2748 2573 mangonium,
2810 2506 3049 2575 rapinas,
3105 2507 3271 2575 furta,
3318 2526 3428 2566 uno
3481 2512 3653 2567 verba

2064 2607 2228 2648 omne
2267 2607 2439 2662 genus
2497 2596 2761 2662 avaritiae,
2817 2613 2938 2668 quae
2998 2599 3167 2654 altera
3233 2602 3650 2658 simulacrorum

2053 2685 2292 2740 servitus
2324 2686 2392 2741 ab
2426 2687 2616 2742 eodem
2661 2700 3011 2758 nuncupatur
3051 2691 3118 2746 ³⁸.
3159 2691 3224 2745 Ει
3248 2709 3364 2762 quae
3423 2709 3529 2750 non
3557 2711 3652 2766 ge-

2055 2786 2230 2842 nerat,
2264 2775 2378 2834 fere
2404 2780 2586 2835 omnia
2620 2781 2797 2836 nutrit
2853 2791 2908 2838 et
2944 2791 3231 2840 sustentat.
3290 2786 3644 2858 Quaecunque

2054 2881 2232 2924 autem
2281 2885 2348 2926 ex
2370 2873 2617 2942 pecuniae
2639 2875 2820 2929 studio
2866 2887 3189 2942 nascuntur;
3216 2889 3340 2934 sunt
3367 2880 3651 2949 passiones

2051 2963 2247 3018 animae
2270 2963 2541 3022 fervorem
2585 2983 2695 3023 non
2728 2969 2980 3026 habentis
3009 2972 3076 3024 ad
3107 2972 3245 3026 bona
3285 2985 3473 3042 Opera.
3502 2973 3648 3028 Orta!

2051 3053 2198 3108 enim
2221 3071 2249 3108 a
2273 3055 2550 3112 voluntate
2575 3058 2862 3127 passiones
2899 3060 3114 3117 facilius
3168 3062 3461 3133 pelluntur,
3487 3079 3648 3134 quam

2053 3155 2246 3200 natura
2277 3148 2456 3202 insita:
2495 3165 2511 3215 ;
2546 3149 2644 3204 sed
2675 3148 2902 3206 difficile
2929 3150 3220 3220 ejiciuntur
3246 3153 3378 3208 vitia
3425 3169 3491 3209 ex
3531 3159 3648 3210 auri

2050 3238 2349 3309 cupiditate
2380 3248 2532 3308 nata,
2560 3241 2632 3297 ob
2651 3240 3004 3300 diﬂideutiam
3043 3244 3244 3299 divina:
3269 3246 3648 3305 Providentiae

2049 3330 2150 3398 Qui
2179 3333 2323 3385 enim
2376 3332 2503 3388 huic
2533 3348 2639 3388 non
2699 3335 2893 3402 credit,
2926 3336 2978 3391 in
3032 3338 3253 3395 divitias
3303 3340 3547 3395 conlidit.
3585 3341 3650 3394 Et

373 3432 451 3502 μὴ
481 3431 755 3490 πιστεύων
783 3432 876 3485 ἐπὶ
909 3433 1156 3503 χρήμασι
1188 3434 1436 3488 πέποιθε.
1468 3435 1580 3488 Καὶ
1615 3436 1709 3488 τοῦ
1737 3437 1941 3505 Κυρίου

2058 3425 2296 3493 quamvis
2333 3419 2615 3478 Do'minmn
2655 3427 2840 3480 audiat
2877 3427 3148 3483 dicentem
3187 3427 3204 3486 :7
3236 3447 3255 3481 ‹
3285 3429 3522 3486 Facilius
3562 3443 3648 3485 est

369 3521 624 3590 λέγοντος
675 3521 910 3586 ἁκούων,
934 3521 1008 3584 ὡς
1039 3542 1057 3574 ι
1101 3523 1492 3594 Εὑκοπώτερόν
1520 3525 1657 3590 ἐστι,
1699 3525 1944 3594 κάμηλον

367 3613 458 3666 διὰ
479 3612 835 3683 τρυπήματος
866 3612 1092 3683 ῥαφίδος,
1113 3614 1396 3678 εἰσελθεῖν,
1418 3613 1450 3684 ἢ
1475 3615 1728 3668 πλούσιον
1746 3618 1826 3679 είς
1845 3616 1943 3686 τὴν

369 3701 654 3770 βασιλείαν
685 3701 796 3754 τῶν
819 3701 1087 3772 οὐρανῶν,
1123 3721 1141 3754 ι
1177 3703 1338 3767 αὐτὸς
1369 3707 1502 3774 παρ’
1536 3705 1688 3758 οὐδὲν
1717 3705 1944 3775 θέμενος

370 3793 670 3863 βασιλείαν,
696 3795 792 3847 καὶ
823 3793 1101 3864 βασιλείαν
1131 3796 1402 3866 οὐράνιον,
1434 3798 1531 3850 καὶ
1561 3799 1756 3860 ἀΐδιον,
1789 3797 1946 3850 ποθεῖ

368 3886 618 3950 πλοῦτον,
651 3887 838 3956 γήῖνόν
865 3904 924 3940 τε
958 3888 1051 3941 καὶ
1078 3889 1400 3961 διαρρέοντα
1441 3890 1691 3956 πλοῦτον,
1723 3891 1781 3955 ὃς
1841 3891 1943 3944 κᾶν

369 3977 447 4046 μὴ
478 3980 627 4048 παρῇ
661 3980 774 4041 τοῖς
808 3978 1099 4045 ποθοῦσιν,
1153 3980 1304 4051 αὐτῷ
1333 3981 1410 4051 τῷ
1443 3982 1727 4037 ποθεῖσθαι
1755 3983 1945 4053 ζημιοῖ

365 4069 437 4122 τὰ
469 4069 722 4138 μέγιστα.
775 4070 1140 4140 Ἐμπίπτουσι
1180 4073 1289 4140 γὰρ
1332 4073 1414 4136 είς
1462 4075 1804 4144 πειρασμοὺς
1850 4075 1944 4128 καὶ

369 4160 611 4229 παγίδας
637 4159 732 4215 τοῦ
755 4161 1030 4224 διαϐόλου,
1061 4162 1203 4218 καθά
1226 4181 1361 4233 φησι
1399 4163 1631 4228 Παῦλος,
1667 4165 1715 4217 ot
1752 4164 1943 4217 ἐπιθυ-

371 4251 599 4323 μοῦντες
622 4253 895 4308 πλουτεῖν.
945 4254 1104 4308 Ἀλλὰ
1129 4255 1222 4307 καὶ
1249 4257 1691 4326 παραγενόμενος
1710 4257 1941 4320 οἴκοθεν,

366 4342 533 4408 ἔδειξε
560 4345 724 4414 μηδὲν
757 4344 832 4397 ῶν
855 4361 868 4374 ·
896 4342 998 4398 εἷθ’
1021 4346 1096 4410 ὡς
1124 4346 1216 4417 [ἐν
1235 4347 1378 4400 ἄλλ.
1414 4346 1491 4399 ἔθ’
1513 4346 1611 4417 ὡς]
1647 4346 1722 4416 μὴ
1750 4346 1942 4417 παρὼν

363 4435 686 4506 διψώμενος.
725 4438 829 4488 ὑπὸ
853 4437 962 4490 τῶν
996 4439 1128 4508 μηδὲ
1154 4441 1220 4510 τῇ
1255 4441 1425 4511 πείρᾳ
1461 4438 1584 4492 νοῦν
1619 4439 1939 4508 εἰληφότων.

365 4529 439 4581 Οὐ
481 4529 589 4596 γὰρ
614 4528 674 4592 ἐξ
708 4531 916 4594 ἐνδείας
943 4531 971 4583 ὁ
1001 4531 1244 4602 δύσερως
1288 4527 1443 4596 οὗτος
1487 4531 1660 4603 ἐρωςο
1705 4531 1844 4604 αῦτη
1884 4532 1939 4585 δὲ

363 4619 424 4684 ἐξ
450 4621 612 4674 αὑτοῦ
645 4623 845 4692 μᾶλλον
867 4638 880 4652 °
913 4623 973 4687 ἐξ
1001 4625 1315 4696 ἀφροσύνης
1337 4625 1382 4679 δ’
1408 4625 1570 4688 αὑτός
1587 4635 1602 4658 "
1632 4627 1724 4694 ἀφ’
1746 4621 1815 4697 ἦς
1841 4617 1942 4678 καὶ

361 4711 390 4761 ό
412 4711 695 4782 καθαιρῶν
712 4713 810 4774 τὰς
831 4713 1115 4785 ἀποθήκας
1137 4715 1362 4779 ἐκεῖνος,
1384 4717 1480 4769 καὶ
1503 4715 1758 4785 μείζονας
1790 4718 1939 4768 οἱκο-

2052 3529 2349 3584 pauperem
2378 3559 2390 3581 ,
2412 3530 2474 3568 er
2507 3514 2749 3570 foramen
2772 3532 2902 3571 acus
2935 3520 3190 3584 transire,
3217 3537 3378 3588 quam
3428 3522 3646 3575 divitem

2053 3605 2259 3659 intrare
2279 3605 2332 3659 in
2368 3620 2594 3675 regnum
2623 3607 2882 3661 caelorum
2907 3609 3006 3674 ³⁷,ι
3033 3610 3146 3678 ipse
3173 3626 3270 3681 pro
3295 3612 3464 3667 nihilo
3489 3627 3650 3682 repn-

2052 3701 2174 3751 tans
2201 3710 2424 3766 regnum
2445 3707 2499 3751 et
2526 3698 2743 3764 quidem
2767 3715 2991 3770 regnum
3013 3702 3235 3756 caeleste
3271 3714 3328 3757 et
3358 3717 3644 3764 attentum,

2051 3789 2260 3859 appetit
2295 3789 2536 3851 divitias,-
2579 3798 2874 3844 terrestres
2904 3803 2957 3845 et
3014 3791 3193 3846 ﬂuxas
3249 3793 3489 3860 divitias,
3526 3807 3648 3862 qua:

2051 3883 2098 3937 si
2120 3896 2228 3936 non
2252 3881 2432 3937 adsint
2465 3882 2930 3951 desiderantibus,-
2957 3886 3076 3956 ipso
3111 3887 3384 3942 desiderio
3411 3889 3647 3942 maxime

2054 3985 2270 4029 nocent.
2304 3992 2322 4026 ι
2384 3973 2518 4028 Nam
2576 3976 2671 4044 qtti
2726 3977 2910 4031 volunt
2967 3978 3161 4033 diVllcS
3217 3977 3363 4044 fieri,
3400 3979 3647 4034 incidunt

2053 4063 2106 4120 iu
2147 4067 2497 4122 tentatioucm
2520 4076 2574 4121 et
2608 4069 2658 4120 in
2686 4068 2938 4137 laqueum
2995 4070 3216 4133 diaboli,
3267 4080 3322 4125 ut
3373 4072 3448 4124 ait
3507 4071 3646 4126 Pau-

2053 4159 2136 4214 lus
2167 4159 2233 4212 ³⁸.
2266 4177 2284 4210 ι
2327 4157 2438 4212 lmo
2473 4159 2564 4227 qui
2594 4171 2656 4212 ex
2679 4159 2874 4228 seipsis
2897 4160 3115 4215 divitias
3135 4163 3354 4229 habent,
3385 4172 3642 4232 tanquam

2053 4250 2188 4306 nihil
2218 4239 2479 4307 habentes
2518 4252 2619 4306 sibi
2677 4253 2956 4318 videntur,
2991 4269 3056 4308 ac
3106 4253 3358 4323 proinde,
3381 4269 3500 4324 qua:
3540 4269 3642 4308 non

2054 4344 2280 4406 habent,
2312 4344 2528 4409 sitiunt,
2581 4358 2648 4398 ne
2703 4345 3038 4414 experientia
3096 4346 3315 4415 quidem
3372 4347 3644 4415 sapientes

2055 4435 2211 4491 facti.
2243 4435 2433 4506 Neque
2490 4435 2637 4490 enim
2686 4437 2835 4490 venit
2883 4438 2949 4490 ab
3003 4447 3243 4506 egestate
3305 4438 3644 4492 tttiscrt‘intlts

2055 4529 2158 4583 iste
2193 4544 2367 4592 amor,
2405 4528 2496 4583 sed
2533 4527 2710 4596 potius
2737 4529 2848 4582 haec
2873 4527 2940 4602 ab
2975 4528 3090 4591 illo,
3130 4531 3243 4598 ipse
3273 4545 3402 4583 vero
3437 4544 3502 4582 ex
3563 4531 3642 4581 iu-

2052 4623 2226 4684 sania,
2282 4622 2426 4675 unde
2469 4622 2558 4674 ille
2609 4621 2891 4676 destruens
2944 4623 3136 4675 horrea
3172 4637 3266 4675 sua
3327 4631 3382 4674 et
3431 4622 3638 4690 tttajura

2053 4712 2282 4776 faciens,
2337 4714 2534 4768 stultus
2592 4715 2894 4769 rectissime
2931 4730 2958 4766 a
3006 4713 3231 4766 Domino
3274 4721 3464 4768 nostro
3509 4712 3637 4767 Jesu

359 4802 562 4872 δομῶν,
585 4805 735 4874 παρὰ
760 4805 852 4858 τοῦ
875 4805 1056 4859 κοινοῦ
1073 4806 1346 4860 Δεσπότου
1366 4806 1601 4877 Χριστοῦ
1619 4806 1933 4859 δικαιότατα

2058 4805 2276 4860 Christo
2313 4818 2556 4859 vocatur.
2593 4804 2875 4870 Quomodo
2905 4806 3051 4858 enim
3095 4819 3202 4858 non
3259 4807 3508 4871 insanus,
3542 4811 3632 4874 qui

375 4891 640 4949 καλεῖται.
667 4895 792 4959 Πῶς
821 4895 929 4966 γὰρ
956 4897 1056 4949 οὐκ
1083 4896 1291 4967 ἄφρων,
1320 4896 1379 4960 ὃς
1409 4897 1517 4950 τῶν
1552 4896 1719 4966 μηδὲν
1748 4895 1936 4964 ὀκῆοαι

361 4994 680 5066 δυναμένων
699 4995 864 5051 ἓνεκα
899 4994 1098 5067 (οὐδενὶ
1140 4996 1251 5066 γὰρ
1279 5000 1343 5053 ἐκ
1368 4999 1461 5053 τοῦ
1494 5000 1758 5070 περισσοῦ
1799 5001 1946 5053 ἐστιν

367 5091 399 5159 ἡ
432 5090 547 5158 ζωὴ
578 5088 728 5158 αὐτῷ
755 5090 820 5141 ὲκ
847 5090 954 5142 τῶν
986 5091 1344 5160 ὑπαρχόντων
1391 5093 1582 5164 αὐτῷ),
1615 5095 1822 5147 τούτων
1854 5092 1948 5148 οῦν

369 5180 549 5251 χάριν,
581 5181 648 5234 ’τὰ
678 5181 1099 5235 λυσιτελέστατα
1161 5184 1453 5252 προδίδωσι
1478 5225 1492 5249 ,
1537 5189 1631 5240 καὶ
1673 5189 1734 5240 οῦ
1787 5191 1948 5256 σοφὸς

368 5272 576 5339 γίνεται
612 5273 1066 5343 πραγματευτὴς,
1105 5276 1200 5326 καὶ
1241 5275 1349 5328 τῶν
1391 5276 1706 5342 ἀναγκαίων
1740 5278 1943 5342 αὐτῶν,

372 5366 514 5418 κατὰ
544 5365 605 5419 τὸ
631 5366 857 5420 δυνατὸν
897 5366 1166 5435 ὑφαιρῶν,
1205 5366 1297 5419 καὶ
1324 5368 1637 5435 προστιθεὶς
1667 5369 1743 5438 τῷ
1776 5387 1946 5437 κεφα-

371 5458 504 5529 λαίῳ
528 5459 621 5529 τῆς
641 5460 807 5522 ὅντως
827 5460 1135 5528 πολυφόρου
1161 5461 1252 5513 καὶ
1275 5460 1474 5512 πολυκε
1485 5461 1638 5530 ρδοῦς
1655 5464 1946 5532 ἐμπορίας,

371 5551 401 5619 ἢ
437 5553 744 5619 γεωργίαςς
790 5553 1087 5621 γεωργίας,
1117 5553 1175 5622 ἢ,
1222 5554 1315 5606 καὶ
1357 5553 1485 5624 πρὶν
1529 5554 1818 5620 ἐφεστάναι
1857 5556 1949 5608 τὸν

369 5641 464 5693 τοῦ
515 5643 729 5711 ἀμητοῦ
771 5645 983 5715 καιρὸν,
1042 5646 1120 5707 εἰς
1169 5645 1364 5698 ἑκατὸν
1417 5645 1844 5712 πολυπλασιάζει
1889 5649 1948 5701 τὸ

373 5733 712 5802 καταϐληθὲν
735 5753 746 5766 ·
769 5730 892 5803 ¹οἷον
919 5734 1278 5806 πρὲιδεικνῦσα
1305 5737 1366 5789 τὸ
1397 5737 1587 5807 μέλλον
1613 5739 1824 5809 κέρδος,
1853 5741 1948 5794 καί⁸

2053 4913 2152 4969 pro
2193 4901 2355 4955 rebus
2387 4899 2516 4952 nihil
2573 4899 2828 4966 prodesse
2866 4896 3167 4952 valentibus
3216 4897 3362 4966 (nam
3415 4899 3637 4950 minime

2054 4991 2507 5045 abundantiorem
2539 4991 2699 5046 habet
2757 4991 2922 5045 vitam
2961 5005 3028 5044 ex
3065 4990 3148 5044 his
3194 5007 3312 5059 quae
3347 4993 3634 5060 possidet),

2055 5102 2153 5156 pro
2189 5087 2327 5152 istis,
2359 5089 2598 5156 inquam,
2639 5088 3027 5157 pretiosissima
3065 5089 3246 5152 tradit,
3283 5103 3382 5141 nec
3416 5089 3634 5156 sapien-

2059 5188 2165 5234 tem
2228 5180 2474 5235 imitatur
2532 5182 2944 5252 negetiatorem,
3003 5184 3071 5236 ab
3129 5182 3258 5250 ipsis
3314 5181 3637 5236 necessariis

2057 5272 2320 5342 Quantum
2375 5282 2556 5343 potest
2591 5277 2992 5344 detrahentem,
3028 5278 3171 5346 quod
3211 5277 3371 5330 addat
3413 5291 3636 5328 summa:

2056 5365 2416 5421 lucrosissimi
2473 5368 2909 5440 fet'acissituiquo
2970 5381 3239 5424 mercatus
3278 5379 3329 5422 et
3392 5367 3635 5437 praedii?

2052 5459 2243 5528 praedii
2301 5462 2534 5527 scilicet,
2571 5464 2710 5531 quod
2755 5478 3044 5534 antequam
3087 5465 3366 5518 advenerit
3422 5472 3633 5528 tempus

2053 5553 2268 5618 messis,
2322 5557 2618 5609 centesima
2673 5557 2826 5627 fruge
2881 5574 3062 5612 semen
3115 5557 3453 5625 multiplicat,
3492 5558 3633 5611 velut

2051 5657 2483 5712 praemonstrans
2519 5648 2759 5703 futurum
2795 5651 3026 5714 lucrum,
3051 5659 3108 5704 et
3159 5651 3514 5719 colligendam
3573 5653 3626 5702 in

2044 5750 2292 5814 tempore
2318 5741 2476 5795 tritici
2525 5757 2832 5796 mensuram
2868 5741 3187 5798 iuelfabilcm
3219 5754 3271 5798 et
3326 5745 3633 5813 incompre—

435 5909 484 5941 "
538 5909 558 5962 Ι
594 5908 734 5966 Τιιιι.
781 5929 850 5978 τι,
887 5918 965 5970 ιι).
1041 5919 1312 5975 “Coloss.
1345 5936 1424 5982 Ill,
1587 5925 1628 5955 ³⁷
1660 5925 1848 5981 Matth.
1873 5943 1944 5981 τι]

2061 5927 2105 5980 4.
2185 5923 2447 5978 ³³1Τίιη.
2508 5940 2578 5987 vl,
2631 5926 2684 5978 υ.
