3988 6482
291 3668 339 3702 κ

383 469 524 535 1013

1488 460 1585 520 DE
1626 456 1970 522 MENTALI
2015 454 2156 528 QUI
2166 450 2548 519 ETUDINE.

3505 447 3645 513 10M

391 591 573 645 omn
604 589 700 645 καῖ
737 588 893 643 ἀνθεῖ
941 590 1038 642 καὶ⁸
1069 588 1217 659 κομᾷ
1248 584 1488 655 φύλλοις.
1526 583 1618 637 καὶ
1662 579 1962 653 προσάλλε-

2097 567 2272 623 tribus
2319 566 2542 636 plantis,
2579 574 2693 620 tum
2743 576 2811 618 ex
2867 571 3085 628 natura,
3124 572 3235 617 tum
3268 576 3334 617 ex
3377 560 3648 617 industria

389 696 480 735 ται
509 680 651 751 μετά
676 679 786 733 τῶν
829 678 1012 732 καλῶν
1060 678 1285 732 ὲκείνων
1311 672 1633 745 -τεθηλότων
1690 668 1959 739 βλαστῶν,

390 775 486 827 καὶ
517 774 644 837 τοὺς
669 769 962 843 θμφακας*
990 769 1064 835 οἳ,
1097 768 1241 823 κατά
1279 766 1474 839 μικρὸν
1502 763 1964 834 ὁμιλοῦντεςιταῖς

391 866 546 937 ἡλίου
577 862 964 936 σφοδροτέροις
985 862 1184 933 βολαῖς,
1207 858 1516 930 ἀκμάζουσι
1547 857 1644 910 καὶ
1671 854 1966 908 πεπαίνον-

389 974 504 1021 ται,
559 956 654 1010 καὶ
706 955 843 1021 πρὸς
892 953 1103 1025 τροφὴν
1148 953 1445 1022 εὐπρεπεῖς
1498 949 1965 1004 ἁποκαθίστανται

391 1048 488 1101 καὶ
527 1046 862 1116 συγκομιδήν
885 1062 899 1077 ·
930 1044 1104 1108 οὕτως
1130 1046 1159 1098 ὁ
1185 1044 1261 1114 μὴ
1298 1043 1359 1097 τὸ
1387 1042 1665 1096 δύσοιστον
1702 1040 1812 1093 τῶν
1847 1058 1966 1092 πει-

395 1137 622 1209 ρασμῶν
652 1137 818 1208 ἄχθος
857 1136 1122 1205 γενναίως
1160 1134 1467 1203 ὑποφέρων,
1525 1132 1627 1186 κᾶν
1652 1133 1761 1184 τῶν
1792 1131 1966 1185 ἄλλων

391 1227 621 1283 ἀπασῶν
648 1227 860 1297 ἀρετῶν
894 1226 1166 1297 μηδεμιᾶς
1188 1223 1405 1294 λειφθῇ,
1442 1223 1654 1291 καρπὸν
1682 1220 1843 1274 θείων
1870 1219 1965 1289 λη·

390 1320 519 1382 νῶν,
539 1320 636 1372 καὶ
649 1318 935 1390 ἀποθήκης
963 1316 1191 1379 αίωνίας
1211 1315 1384 1381 ἀξιον,
1401 1315 1460 1367 οὗ
1486 1315 1562 1384 μή
1586 1330 1715 1366 ποτε
1741 1311 1962 1382 ἐνέγκῃ.

392 1413 469 1466 Δι’
501 1412 778 1482 ὑπομονῆς
807 1412 937 1481 γὰρ,
970 1411 1233 1464 ἑκουσίων
1254 1426 1314 1463 τε
1335 1410 1430 1463 καὶ
1459 1407 1733 1462 ἀκουσίων
1766 1405 1963 1468 πόνων,

394 1503 501 1564 πᾶς
558 1500 843 1563 σπουδαῖος
889 1499 1219 1566 τελειοῦται,
1272 1500 1381 1553 τῶν
1437 1499 1536 1569 μὲν
1573 1496 1966 1566 ἐπιτιθεμένων

390 1593 616 1661 ἔξωθεν,
662 1593 773 1647 τῶν
801 1593 857 1645 δὲ
886 1590 1300 1662 ἐπιφερομένων
1330 1590 1562 1645 οίκοθεν.
1605 1590 1672 1642 Ἀ
1719 1590 1827 1659 γὰρ
1855 1591 1968 1652 τοῖς

392 1687 489 1753 τῆς
523 1683 630 1753 γῆς
659 1687 849 1752 φυτοῖς
879 1685 944 1737 ὲκ
977 1684 1197 1751 φύσεως
1226 1681 1601 1753 προσγίνεται,
1634 1681 1968 1752 γεωργικαῖς

396 1793 458 1829 τε
490 1776 780 1839 ἐπινοίαις,
809 1777 904 1829 καὶ
931 1777 1052 1838 ταῖς
1083 1775 1194 1830 τῶν
1215 1774 1375 1845 ὡρῶν
1405 1775 1784 1844 περιτροπαῖς,
1818 1771 1971 1825 ταῦθ’

392 1870 527 1939 ἡμῖν
555 1872 667 1931 τοῖς
696 1867 934 1936 λογικοῖς
965 1867 1209 1938 κλήμασι
1229 1866 1492 1936 Χριστοῦ.
1527 1864 1872 1934 πειθομένοις
1892 1863 1972 1934 τῷ

392 1958 503 2010 τῶν
531 1956 721 2027 ψυχῶν
763 1958 939 2027 τούτῳ
971 1956 1224 2027 γεωργῷ,
1283 1957 1577 2027 πρόσεστιν
1609 1957 1675 2010 ὲκ
1710 1959 1975 2028 προαιρέ-

399 2065 534 2111 σεως
584 2048 947 2115 αὐτεξουσίως
1004 2048 1173 2113 ζῶσι·
1215 2049 1384 2120 χωρὶς
1421 2049 1479 2101 δὶ
1516 2048 1616 2115 τῆς
1671 2049 1970 2119 ὑπομονῆς,

395 2133 503 2189 τῶν
536 2133 809 2198 ἀκουσίως
838 2136 975 2206 ἡμῖν
1010 2135 1422 2206 ἐπερχομένων,
1453 2136 1577 2189 οὐδὲ
1607 2137 1678 2190 τά
1711 2136 1973 2200 ἑκουσίως

395 2228 762 2295 πεπραγμένα
819 2225 1068 2293 τεύξεται
1115 2227 1216 2297 τῆς
1248 2226 1401 2291 θείας
1452 2228 1726 2296 εὐλογίας.
1773 2228 1838 2281 Ἦ
1866 2230 1976 2299 γὰρ

400 2317 537 2386 πρὸς
575 2316 707 2371 Θεὸν
734 2316 946 2385 ἀγάπη,
978 2316 1067 2371 διὰ
1093 2317 1196 2385 τῆς
1221 2317 1333 2369 τῶν
1366 2318 1693 2388 πειρασμῶν
1720 2316 1973 2387 θλίψεως,

398 2408 639 2481 μάλιστα
664 2408 949 2480 κομίζεται
978 2409 1041 2464 τὸ
1066 2410 1336 2480 δοκίμιον.
1382 2412 1476 2463 Δεῖ
1508 2410 1694 2480 μέντοι
1731 2426 1976 2481 προκατ-

395 2499 709 2571 ορθωθῆναι
764 2503 832 2572 τῇ
862 2500 1009 2573 ψυχῇ
1041 2501 1113 2554 τά
1140 2500 1390 2565 ἑκούσια,
1415 2501 1508 2556 καὶ
1554 2501 1622 2556 δι’
1645 2501 1828 2556 αὐτῶν
1855 2503 1978 2573 ἡδο-

398 2590 501 2663 νῆς
534 2594 627 2647 καί⁵
670 2592 834 2665 δόξης
876 2593 1190 2658 ἐθισθέντες
1217 2596 1606 2665 καταφρονεῖν,
1656 2593 1856 2665 ῥᾳδίως
1885 2594 1979 2646 καὶ

399 2684 498 2747 τὰς
545 2683 836 2748 ἀκουσίους
867 2684 1089 2756 οίσομεν
1137 2685 1425 2755 ἐπιφοράς.
1472 2684 1533 2739 '0
1566 2683 1624 2738 δὲ
1657 2683 1750 2738 διὰ
1789 2683 1887 2756 τὴν
1921 2687 1980 2738 ὲν

403 2773 678 2843 πνεύματι
740 2774 1015 2845 πτωχείαν
1061 2775 1288 2830 ἑκείνων
1332 2791 1396 2828 τε
1444 2772 1833 2846 καταφρονῶν,
1883 2773 1980 2828 καὶ

402 2870 707 2926 ὑπεύθυνον
737 2874 851 2937 τοῖς
893 2873 1352 2947 δραστικωτιροις
1402 2870 1721 2949 φαρμάκοις
1751 2877 1851 2948 τῆς
1881 2892 1981 2947 με·

403 2965 624 3028 τανοίας
658 2965 853 3020 ἑαυτὸν
884 2966 1217 3037 ἡγούμενος,
1261 2968 1629 3040 προσδόκιμον
1658 2969 1771 3039 ἔχει
1799 2968 1980 3041 διηνε-

403 3056 521 3119 κῶς
560 3056 740 3127 θλίψιν
791 3055 1047 3113 ἅπασαν·
1087 3060 1182 3113 καὶ
1231 3060 1589 3131 καταδέχεται
1636 3059 1818 3114 πάντα
1860 3075 1983 3112 πει-

409 3147 640 3217 ρασμὸν,
666 3145 743 3210 ὡς
772 3148 977 3202 οἰκεῖον
1008 3149 1192 3221 ἑαυτῷ
1241 3151 1591 3221 προσήκοντα
1611 3166 1626 3181 ⁸
1661 3149 1757 3205 καὶ
1802 3149 1982 3220 χαίρει

405 3236 746 3306 περιπεσὼν,
771 3236 847 3302 ὡς
879 3238 1189 3311 περιτυχὼν
1222 3240 1303 3310 τῷ
1326 3240 1429 3310 τῆς
1458 3240 1641 3312 ψυχῆς
1678 3239 1983 3311 καθαρσίῳ·

405 3330 501 3381 καὶ
528 3328 660 3400 ὓλην
686 3328 844 3384 τοῦτο
874 3332 1110 3386 ποιεῖται
1138 3331 1239 3402 τῆς
1263 3331 1400 3404 πρὸς
1430 3331 1566 3385 Θεὸν
1595 3333 1986 3402 πεπονημένης

404 3437 466 3474 τε
496 3421 592 3475 καὶ
616 3421 1037 3494 ἀνυσιμωτάτης
1066 3423 1307 3492 δεήσεως
1326 3463 1341 3488 ,
1374 3423 1467 3477 καὶ
1497 3423 1836 3494 παρεκτικὸν
1863 3424 1984 3492 ἅμα

405 3514 502 3568 καὶ
517 3514 850 3584 φυλακτικὸν
873 3516 1088 3587 ἡγεῖται
1105 3516 1206 3586 τῆς
1233 3516 1381 3571 κατά
1404 3516 1583 3588 ψυχὴν
1612 3515 1825 3581 εὐεξίας
1851 3532 1868 3548 ·
1890 3517 1985 3569 καὶ

403 3605 510 3660 οὐκ
537 3605 731 3677 ἀφίησι
767 3607 929 3678 μόνον
961 3607 1356 3679 ἀμνησικάκως
1387 3606 1551 3678 ἔχων,
1587 3605 1728 3661 ἀλλά
1759 3607 1852 3660 καὶ
1884 3606 1988 3675 χά-

408 3714 568 3768 ριτας
595 3698 850 3768 ὁμολογεῖ
870 3700 981 3763 τοῖς
1001 3698 1353 3769 πειράζουσι,
1368 3698 1466 3753 καὶ
1490 3698 1566 3760 ὡς
1593 3697 1989 3767 εὐεργετησάν-

405 3808 518 3844 των
548 3791 915 3863 ὑπερεύχεται
934 3810 948 3825 ο
986 3791 1068 3846 διὸ
1099 3792 1197 3846 καὶ
1227 3790 1391 3855 αὐτὸς
1421 3790 1482 3844 οὑ
1511 3788 1611 3861 νην
1644 3791 1755 3843 τῶν
1802 3790 1988 3859 ἡμαρ-

405 3882 660 3953 τημένων
715 3883 881 3951 μόνον
946 3881 1297 3952 συγχώρησιν
1351 3879 1621 3951 λαμϐάνει
1684 3878 1830 3933 κατά
1889 3878 1990 3949 τὴν

408 3972 770 4042 ἐπαγγελίαν,
797 3972 934 4027 ἀλλὰ
973 3972 1069 4027 καὶ
1098 3975 1196 4043 τῆς
1224 3972 1334 4025 τῶν
1384 3970 1633 4043 οὐρανῶν
1688 3969 1988 4042 βασιλείας,

408 4066 508 4120 καὶ
535 4066 637 4135 τῆς
679 4063 832 4129 θείας
885 4065 1136 4135 εὐλογίας
1188 4065 1568 4135 ἐπιτυγχάνει,
1629 4061 1992 4134 μακαρισθεὶς

411 4152 520 4206 ὑπὸ
556 4152 650 4206 τοῦ
681 4151 909 4223 Κυρίου,
946 4153 1035 4207 διὰ
1063 4154 1163 4223 τὴν
1196 4158 1253 4207 ὲν
1292 4155 1570 4223 πνεύματι
1607 4151 1993 4219 ταπεινώσεως

409 4247 491 4309 εἰς
528 4244 683 4308 τέλος
733 4245 1142 4316 μακροθυμίαν.
1190 4246 1379 4316 Ἡμεῖς
1412 4247 1470 4301 δὲ
1495 4246 1563 4300 δι’
1595 4246 1789 4313 ἅλίγων
1835 4247 1994 4316 ὀλίγα

409 4341 516 4411 τῆς
542 4342 923 4413 πνευματικῆς
954 4342 1338 4407 ὑποδείξαντες
1384 4344 1716 4413 περιτομῆς,
1753 4342 1847 4397 καί
1871 4360 1994 4397 τινα

413 4434 713 4505 προθῶμεν
759 4436 863 4506 ῆδη
907 4436 1006 4508 τῆς
1046 4435 1134 4489 διὰ
1169 4435 1375 4505 ταύτην
1422 4436 1703 4507 εὐφορίας.
1764 4435 1995 4506 Ἐφεξῆς

410 4527 595 4581 τοίνυν
625 4530 741 4591 τοῖς
767 4527 856 4581 διά
883 4527 983 4598 τὴν
1011 4528 1071 4581 ὲν
1096 4528 1371 4598 πνεύματι
1417 4528 1714 4598 πτωχείαν,
1743 4527 1838 4580 τὸν
1861 4528 1997 4581 ἀνα-

415 4619 676 4690 φαίρετον
734 4618 966 4674 πλοῦτον
1014 4620 1403 4691 κτησαμένοις,
1434 4622 1462 4672 ὁ
1493 4620 1656 4689 μόνος
1697 4621 1991 4690 μακάριος,

415 4713 544 4778 τοὺς
567 4712 902 4776 πενθοῦντας
939 4715 1226 4776 κοινωνοὺς
1259 4716 1491 4768 ποιεῖται
1524 4714 1621 4783 τῆς
1652 4714 1857 4775 οἰκείας
1892 4731 1998 4783 μα-

416 4807 794 4878 καριότητος,ε
822 4808 1124 4878 Μακάριοι,
1144 4808 1340 4875 λέγων,
1370 4809 1419 4861 oi
1442 4807 1783 4870 πενθοῦντες,
1802 4809 1881 4859 ὅτι
1901 4809 1997 4859 αὐ-

417 4899 503 4950 τοὶ
532 4897 1068 4968 παρακληθήσονται.
1108 4915 1126 4948 ι
1159 4899 1312 4950 Διατί
1343 4898 1398 4951 δὲ
1437 4898 1675 4967 συνῆψεν
1701 4900 1731 4951 ὁ
1761 4898 1999 4967 Χριστὸς

416 4992 483 5042 τὸ
513 4990 705 5053 πένθος
729 4993 796 5061 τῇ
829 4990 1107 5058 πτωχείας
1144 4990 1333 5060 ἐπειδὴ
1382 4991 1475 5043 καὶ
1522 4990 1697 5063 ταύτῃ
1748 4991 1998 5045 σὺνεστιν

418 5083 529 5138 ἀεί.
547 5080 742 5149 ’Δλλ’,ι
764 5082 824 5134 'H
859 5083 957 5151 μὲν
981 5082 1075 5135 ἐπὶ
1097 5085 1160 5150 τῇ
1186 5082 1327 5135 κατά
1346 5083 1550 5150 κόσμον
1570 5082 1812 5153 πτωχείᾳ
1828 5080 1998 5147 λύπη,

424 5175 658 5228 θάνατον
689 5171 867 5242 ψυχῆς
905 5172 1550 5242 κατεργάζεται,φησὶνὸ
1580 5172 1899 5233 Ἀπόστολος
1922 5186 1933 5198 ·
1966 5173 1998 5241 η

421 5266 480 5317 δὲ
513 5265 603 5318 ἐπὶ
628 5267 692 5335 τῇ
713 5266 853 5317 κατὰ
867 5264 999 5317 Θεὸν
1034 5265 1273 5335 πτωχείᾳ
1289 5264 1456 5332 λύπη,
1476 5263 1761 5331 μετάνοιαν
1791 5266 2000 5333 ἀμετα-

427 5355 661 5427 μέλητον
684 5355 765 5419 εἰς
793 5355 970 5425 ψυχῆς
996 5355 1291 5425 σωτηρίαν.
1328 5373 1344 5405 ι
1383 5356 1493 5409 Καὶ
1517 5358 1583 5424 τῇ
1615 5355 1715 5423 μὲν
1757 5355 2001 5424 ἀκουσίῳ

420 5450 566 5519 οὓσῃ
590 5448 652 5501 τὸ
677 5448 955 5514 ἀκούσιον,
980 5451 1044 5518 τῇ
1068 5448 1124 5501 δὲ
1144 5447 1379 5518 ἑκουσίῳ
1404 5447 1466 5501 τὸ
1485 5447 1736 5500 ἑκουσίον
1758 5445 1817 5512 ἐξ
1835 5448 2002 5513 ἀνάγ-

428 5561 533 5611 κης
551 5540 745 5594 ἕπεται
772 5540 987 5604 πένθος.
1007 5540 1065 5593 Ἐ
1076 5541 1161 5593 πεὶ
1178 5540 1235 5594 δὲ
1263 5542 1322 5592 τὸ
1348 5539 1788 5610 μακαριζόμενον
1807 5539 2000 5605 πένθος

427 5633 680 5691 ἐνταυθοῖ
716 5637 779 5704 τῇ
819 5634 960 5686 κατά
1020 5633 1152 5685 Θεὸν
1208 5632 1477 5701 συνῆπται
1518 5632 1777 5703 πτωχείᾳ,
1810 5633 1906 5685 καὶ
1935 5629 2001 5683 δι’

426 5729 644 5799 ἐκείνην
661 5727 720 5794 ἐξ
735 5727 980 5793 ἀνάγκης
1002 5743 1060 5778 τε
1077 5726 1303 5794 γίνεται,
1328 5725 1585 5794 κάκείνης
1602 5726 1676 5789 ὡς
1690 5725 1862 5788 αίτίας
1885 5724 2005 5777 ὅλον

550 5912 598 5945 ⁸⁸
623 5912 808 5967 Matth.
845 5927 895 5975 ν,
928 5911 979 5963 5.
1060 5912 1102 5942 ⁸⁸
1138 5909 1182 5963 ιι
1218 5910 1344 5962 Cor.
1374 5922 1468 5973 \‘tt,
1516 5906 1594 5958 ll).

2061 659 2334 731 agricolae,
2369 669 2483 716 tum
2516 673 2581 713 ex
2620 664 3007 726 tempestatum
3041 652 3520 710 vicissitudinibus
3547 653 3652 707 ad-

2062 752 2317 817 veniunt,
2351 750 2468 804 haec
2492 747 2649 803 nobis
2680 744 3037 800 rationalibus
3064 743 3269 800 Christi
3312 742 3648 813 palmitibus,

2062 843 2410 898 credentibus
2424 840 2550 895 huic
2573 838 2880 894 animarum
2938 835 3215 905 agricolae,
3238 836 3559 903 contingunt
3583 848 3652 887 ex

2064 932 2221 987 liberi
2239 930 2449 987 arbitrii
2484 944 2597 1001 quo
2624 929 2947 1000 gaudemus,
2981 926 3271 980 electione.
3294 926 3363 977 At
3394 926 3512 979 sine
3552 940 3652 993 pa-

2066 1022 2258 1079 tientia
2294 1039 2486 1079 eorum
2519 1036 2640 1093 qua:
2658 1030 2864 1092 praeter
2901 1019 3235 1074 voluntatem
3268 1019 3426 1073 nobis
3461 1032 3658 1086 super-

2066 1119 2317 1185 veniunt,
2366 1134 2435 1173 ne
2470 1125 2666 1187 sponte
2728 1114 2947 1184 quidem
2999 1113 3141 1169 facta
3174 1112 3416 1167 divinam
3462 1124 3660 1166 conse-

2068 1221 2305 1280 quentur
2335 1209 2799 1264 benedictionem.
2840 1209 3010 1260 Amor
3032 1206 3178 1260 enim
3230 1203 3326 1258 Dei
3354 1201 3655 1273 priesertitn

2071 1319 2138 1359 ex
2192 1302 2561 1358 tentatiouum
2605 1300 2960 1354 tribulatione
3004 1297 3379 1367 probationem
3437 1296 3657 1364 accipit.

2141 1394 2369 1462 Oportet
2405 1403 2585 1448 tamen
2629 1392 2714 1447 vel
2764 1390 3086 1445 voluntariis
3116 1391 3355 1443 animam
3385 1387 3647 1456 operibus

2072 1488 2225 1553 dare,
2267 1497 2322 1542 et
2366 1488 2447 1543 sic
2490 1485 2751 1555 voluptati
2781 1493 2836 1538 et
2890 1482 3074 1554 gloria:
3106 1481 3472 1550 despiciendis
3521 1494 3661 1534 cou-

2074 1583 2237 1646 sueli,
2266 1580 2425 1635 facile
2448 1579 2842 1635 involuntarios
2866 1577 3035 1631 etiam
3058 1576 3328 1646 patiemur
3348 1588 3659 1646 aggressus.

2074 1674 2175 1742 Qui
2211 1689 2374 1743 porro
2403 1688 2498 1744 per
2522 1671 2862 1742 spiritualetn
2893 1680 3270 1741 paupertatem
3316 1670 3435 1722 illas
3468 1682 3660 1737 asper-

2036 1777 2261 1832 .natur,
2323 1776 2379 1820 et
2438 1766 2666 1835 dignum
2723 1763 2931 1818 ellicaci
2992 1762 3323 1833 poenitentia:
3388 1759 3656 1815 medicina

2077 1860 2318 1930 seipsum
2353 1858 2527 1924 ducit,
2558 1867 2930 1927 exspectatam
2963 1868 3180 1923 semper
3214 1852 3378 1907 habet
3405 1859 3658 1906 cunctam

2083 1952 2539 2015 tribulationem,
2620 1965 2952 2020 omnemque
3032 1947 3390 2002 tentationetn
3462 1944 3665 2014 accipit

2081 2054 2342 2113 tanquam
2384 2044 2602 2114 proprie
2640 2040 2743 2097 sibi
2775 2043 3052 2105 debitam;
3094 2048 3149 2094 et
3183 2039 3237 2093 in
3269 2053 3387 2091 eam
3416 2037 3664 2090 incidens

2082 2141 2304 2207 gaudet,
2332 2146 2393 2190 ut
2415 2137 2614 2190 animae
2642 2133 3239 2205 nactus’purgatorium
3264 2150 3279 2195 ;
3318 2141 3481 2200 atque
3514 2132 3664 2185 illam

2085 2239 2144 2283 ut
2196 2232 2620 2284 instrumentum
2678 2228 2834 2283 ducit
2877 2237 2936 2282 et
2988 2227 3215 2280 adhibet
3254 2238 3366 2295 quo
3396 2224 3461 2278 ad
3498 2223 3668 2276 Deum

2085 2322 2349 2376 astendat
2400 2320 2689 2375 laboriosis
2742 2330 2797 2374 et
2850 2317 3245 2375 eﬂieacissiutis
3313 2314 3587 2387 precibus,
3618 2327 3674 2369 et

2086 2426 2195 2482 quo
2246 2412 2581 2482 adipiscatur
2631 2421 2687 2468 et
2737 2420 3032 2467 conservet
3079 2412 3275 2464 animae
3332 2408 3674 2475 sanitatem;

2088 2518 2188 2559 nec
2231 2512 2439 2558 tantum
2496 2504 2726 2572 injurias
2778 2502 3007 2556 dimittit
3063 2508 3118 2555 et
3172 2500 3545 2565 obliviscitur,
3578 2501 3675 2553 sed

2086 2597 2540 2667 persequentibus
2571 2599 2774 2667 gratias
2800 2597 2907 2665 agit
2937 2609 3002 2648 ac
3040 2609 3137 2663 pro
3165 2593 3254 2648 eis
3299 2591 3445 2648 velut
3504 2591 3677 2646 bene-

2088 2688 2387 2746 iactoribas
2424 2699 2698 2759 precatur.
2726 2687 3022 2757 Propterea
3054 2686 3170 2757 ipse
3192 2698 3408 2756 quoque
3429 2699 3545 2739 non
3562 2700 3677 2739 mo-

2088 2782 2158 2837 do
2192 2790 2537 2850 peccatorum
2587 2781 2963 2837 remissionem
3024 2780 3357 2851 promissam
3426 2777 3677 2848 recipit,

2088 2889 2276 2930 verum
2308 2874 2472 2930 etiam
2531 2888 2759 2946 regnum
2816 2874 3080 2928 cwlorutu
3120 2881 3174 2928 et
3235 2873 3477 2927 divinam
3510 2870 3679 2926 bene-

2090 2969 2385 3024 dirtionem
2438 2966 2817 3037 consequitur,
2862 2967 3057 3021 beatus
3086 2981 3114 3019 a
3146 2966 3375 3021 Domino
3417 2962 3684 3036 praedica-

2094 3072 2199 3126 tus,
2237 3069 2422 3131 utpote
2467 3060 2524 3116 in
2574 3061 2769 3131 spiritu
2806 3060 3130 3116 huuulitatis
3188 3075 3361 3131 usque
3424 3058 3491 3114 ad
3519 3060 3681 3113 linem

2093 3156 2524 3226 persecutionem
2554 3156 2791 3225 patiens.

2023 3263 2072 3326 ο
2172 3248 2284 3306 Nos
2321 3264 2453 3305 vero
2482 3249 2675 3322 paucis
2702 3266 2877 3321 pauca
2916 3250 3019 3304 lati
3044 3252 3113 3306 de
3140 3249 3413 3321 spirituali
3447 3249 3685 3304 circnm-

2096 3345 2334 3410 eisione,
2366 3344 2659 3401 nonnullos
2683 3343 2797 3413 jam
2856 3347 3257 3416 pra-loquantur
3301 3343 3416 3412 ejus
3450 3343 3682 3399 fluctus.

2102 3435 2233 3490 Post
2262 3444 2597 3491 consecutos
2633 3435 2907 3506 spirituali
2942 3446 3264 3507 paupertate
3296 3435 3687 3490 inamissibiles

2100 3527 2344 3592 divitias,
2372 3527 2528 3583 solus
2555 3528 2749 3586 beatus
2791 3530 3041 3600 lugentes
3074 3529 3209 3584 facit
3240 3544 3354 3586 sua:
3409 3527 3689 3584 felicitatis

2101 3619 2421 3691 participes,
2472 3622 2713 3680 dicens:
2775 3641 2793 3675 ι
2833 3623 2987 3678 Beati
3043 3624 3134 3694 qui
3170 3622 3378 3694 lugent,
3427 3622 3687 3695 quoniam

2104 3714 2207 3785 ipsi
2271 3714 2707 3771 consolabuntur
2762 3717 2832 3772 ".
2903 3735 2922 3768 ι
2982 3716 3096 3772 Cur
3152 3731 3333 3772 autem
3408 3718 3691 3787 conjunxit

2101 3806 2354 3863 Christus
2399 3809 2599 3863 luctum
2667 3806 3015 3880 paupertati?
3070 3813 3199 3882 quia
3252 3828 3376 3866 cunt
3436 3811 3551 3881 ipsa
3607 3823 3693 3865 est

2104 3914 2344 3971 semper.
2370 3899 2498 3966 Sed,
2519 3902 2671 3970 juxta
2699 3903 3041 3973 Aposnolum,
3086 3902 3305 3956 tristitia
3348 3906 3413 3957 de
3455 3920 3690 3974 pauper-

2104 4001 2218 4049 tate
2242 4008 2363 4065 qua:
2392 4006 2476 4049 est
2500 3996 2802 4051 secundum
2833 3996 3114 4061 mundum,
3139 4005 3368 4050 mortem
3391 4007 3686 4067 operatur;

2106 4087 2326 4144 tristitia
2370 4101 2499 4141 vero
2550 4088 2617 4142 de
2667 4098 2986 4159 paupertate
3054 4104 3175 4158 quae
3233 4096 3320 4143 est
3386 4091 3689 4144 secundum

2111 4181 2302 4245 Deum,
2338 4181 2721 4250 paenitentiam
2752 4193 3019 4251 operatur
3048 4182 3098 4235 iu
3133 4182 3332 4237 animae
3360 4183 3592 4237 salutem
3621 4184 3690 4236 ⁸⁸.

2108 4274 2176 4330 Et
2212 4276 2638 4330 invoiuutariam
2681 4275 2902 4346 quidem
2967 4285 3344 4345 paupertatem
3385 4276 3695 4330 involantu-

2113 4367 2247 4430 rius,
2279 4366 2643 4420 voluntariam
2687 4382 2817 4421 vero
2849 4368 3186 4422 voluntarius
3211 4367 3459 4437 sequitur
3487 4368 3692 4423 luctus.

2116 4459 2251 4527 Quia
2302 4474 2434 4514 vero
2485 4459 2831 4515 beatiﬁcatus
2858 4462 2946 4514 hic
2980 4461 3155 4515 luctus
3179 4462 3529 4532 conjungitur
3560 4478 3695 4531 pau-

2037 4597 2079 4653 Β
2111 4552 2307 4621 pertati
2366 4567 2485 4620 quite
2532 4562 2614 4608 est
2662 4556 2964 4609 secundum
3019 4555 3214 4620 Deum,
3273 4566 3497 4624 propter
3553 4557 3695 4609 itane

2112 4647 2423 4699 necessario
2483 4646 2771 4714 contingit,
2828 4662 2893 4699 ex
2948 4662 3121 4715 eaque
3187 4649 3335 4700 velut
3385 4662 3454 4699 ex
3528 4663 3693 4703 causa

2111 4738 2334 4792 omnino
2357 4737 2648 4807 dependet,
2675 4752 2728 4791 et
2749 4738 2964 4792 nonnisi
2992 4754 3096 4791 una
3120 4753 3243 4793 cum
3271 4739 3374 4792 hac
3394 4739 3694 4809 Spit'ilttaiis

2110 4837 2193 4882 est
2245 4836 2299 4884 et
2344 4833 2674 4888 voluntaria.
2712 4832 2814 4885 Sed
2860 4834 3139 4887 videamus
3194 4836 3471 4902 quomodo
3536 4838 3692 4892 beata

2112 4933 2403 4992 paupertas
2435 4922 2653 4977 beatum
2691 4925 2866 4994 pariat
2908 4924 3145 4979 luctum.

2183 5016 2319 5067 Cum
2352 5012 2515 5085 igitur
2539 5026 2773 5085 Quatuor
2797 5017 3094 5086 SpiriNuiis
3119 5021 3457 5090 paupertatis
3482 5022 3694 5091 species

2113 5119 2361 5161 sermone
2391 5107 2552 5170 paulo
2582 5109 2851 5178 superiori
2882 5113 3310 5178 oslcndcrttttus,
3336 5131 3455 5183 qua:
3487 5116 3695 5169 scilizct

2116 5197 2168 5251 in
2225 5199 2555 5269 cogitatione
2613 5210 2719 5267 est,
2759 5218 2881 5272 qua:
2920 5204 2971 5258 itt
3008 5221 3260 5275 corpore,
3305 5223 3427 5276 quae
3473 5210 3525 5261 in
3575 5210 3695 5261 vitae

2115 5288 2343 5353 divitiis,
2381 5301 2439 5344 et
2466 5304 2584 5359 qua:
2616 5291 2669 5345 in
2703 5295 3510 5364 exterioribustemtationibus,
3534 5314 3693 5354 aeneo

2110 5383 2337 5437 audiens
2379 5383 2499 5451 ‘JldS
2555 5386 2733 5441 divise
2782 5401 3162 5458 propouentes,
3228 5403 3415 5442 earum
3482 5394 3693 5457 pratiau

2112 5488 2233 5528 esse
2263 5473 2491 5529 divisam
2544 5478 2843 5533 cxisttmet.
2874 5478 3007 5533 Nam
3040 5496 3143 5533 una
3193 5493 3383 5533 omnes
3415 5480 3693 5533 observati

2113 5569 2313 5633 solent,
2339 5569 2572 5640 ideoque
2598 5588 2703 5625 una
2734 5573 3144 5641 comprehensa:
3173 5581 3301 5624 sunt
3336 5571 3691 5633 beatitudine,

2111 5672 2235 5725 qua:
2296 5660 2620 5717 mirabiliter
2678 5665 2840 5718 simul
2892 5663 3131 5717 ostendit
3181 5664 3361 5732 qualis
3423 5663 3495 5718 sit
3550 5667 3698 5719 velut

2117 5753 2272 5806 radix
2315 5766 2367 5812 et
2396 5754 2518 5811 fons
2549 5757 2804 5822 aliorum,
2840 5770 3037 5811 neniae
3082 5755 3310 5832 Spiritus
3351 5771 3557 5814 ttoSter.
3597 5757 3697 5814 llic
