3988 6478
234 446 382 513 1085
1346 445 1439 507 ne
1489 448 1822 507 nexum
1865 429 2373 518 QUtE'rUDtNEZ
3374 439 3509 506 me

229 569 341 633 τὴν
370 563 480 616 ὑπὸ
504 562 716 617 τούτων
750 562 1173 635 καλυπτομένην
1205 565 1485 634 ἁμαρτίαν
1520 564 1814 616 ἐνυπόστα-

1930 564 2020 631 qui
2058 564 2203 616 bane
2246 575 2353 614 non
2389 559 2694 626 repererit,
2731 551 3010 627 quomodo
3042 564 3240 611 cernet
3276 555 3510 611 interius

230 675 351 718 τον,
377 658 502 726 ἧτις
536 657 656 710 ἐστὶ
683 658 897 720 σκότος,
931 661 1026 709 καὶ
1052 658 1248 727 ὁμίχλη
1279 659 1477 725 ψυχῆς,
1505 657 1563 719 ἐξ
1592 656 1814 709 έννοιῶν

1928 653 2141 709 Cbris‘ti‘
2163 651 2540 704 b‘abitacuium
2563 649 2586 701 Τ

232 751 519 820 πονηρῶν,
553 753 645 804 καὶ
678 751 873 819 λόγων,
906 755 1001 804 καὶ
1042 753 1294 820 πράξεων
1327 754 1687 820 sitisenim;
1731 752 1791 805 '0
1817 748 1874 804 δὲ
1922 750 2130 817 ταύτην
2165 746 2241 816 μὴ
2290 746 2632 813 θεασάμενος
2660 738 2760 810 τὴν
2791 740 3156 811 περιεκτικὴν
3202 740 3508 809 ἀμαρτίσνν

232 844 371 896 πότε
407 843 621 911 δεηθεὶς
654 842 787 912 περὶ
812 844 985 912 αὐτῆς
1017 844 1528 915 καθαρισθήσεται;
1562 847 1590 897 6
1618 845 1677 897 δὲ
1709 844 1783 913 μὴ
1807 840 2182 913 καταρισθεὶς,
2218 839 2335 900 πῶς
2362 834 2500 906 εὕρῃ
2528 837 2619 887 τὸν
2641 835 2808 887 τόπον
2841 837 2936 904 τῆς
2964 834 3217 901 καθαρᾶς
3251 834 3495 899 φύσεως;

229 938 261 989 6
300 933 359 989 δὲ
390 934 583 987 τοῦτον
617 935 692 1006 μή
731 935 930 1005 εὑρὼν,
966 937 1085 999 πῶς
1124 938 1206 1007 ιδῃ
1248 938 1341 990 τὸν
1368 934 1647 1007 ἐνδότερον
1669 933 1817 989 οἷκον
1841 934 1936 988 τοῦ
1968 930 2248 995 Χοιστοῦς

314 1025 439 1097 Χρὴ
470 1026 647 1078 τοίνυν
674 1025 903 1095 κροῦσαι
923 1025 1009 1077 διὰ
1043 1029 1351 1095 προσευχῆς
1382 1027 1817 1095 παραμένοντας,

237 1119 341 1173 καὶ
372 1117 605 1187 ζητῆσαι
636 1116 730 1168 τὸν
763 1115 911 1168 οἷκον
943 1114 1154 1179 τοῦτον,
1191 1117 1252 1167 οὐ
1289 1117 1447 1185 μόνον
1491 1117 1818 1186 κτήσασθαι,

236 1209 381 1263 ἀλλὰ
414 1209 508 1262 καὶ
557 1206 820 1276 φυλάξαι·
855 1208 961 1260 εἰσὶ
991 1210 1097 1277 γὰρ
1124 1210 1172 1260 οξ
1203 1209 1296 1260 καὶ
1343 1209 1483 1279 μετὰ
1527 1208 1586 1261 τὸ
1635 1208 1819 1261 λαϐεῖν

236 1300 632 1362 ἀπολέσαντες·
654 1299 817 1370 ψιλὴν
844 1299 950 1369 γὰρ
976 1299 1146 1369 αὐτῆς
1174 1300 1395 1367 γνῶσιν,
1426 1298 1819 1370 ἥσυμεατικὴν

238 1396 466 1464 πεῖραν,
501 1392 629 1454 ίσως
652 1390 745 1444 καὶ
775 1391 1062 1461 ὀψιμαθεῖς
1095 1394 1188 1444 καὶ
1213 1390 1325 1444 νέοι
1365 1391 1654 1461 κατέχουσι
1679 1408 1692 1420 ·
1719 1390 1818 1460 τὴν

236 1486 297 1539 δὲ
324 1478 444 1554 μεθ’
472 1484 746 1552 ὑπομονῆς
796 1484 1111 1553 παράμονον
1157 1484 1442 1552 ἐργασίαν,
1507 1483 1660 1553 μόλις
1708 1488 1816 1535 τῶν

237 1576 511 1647 γερόντων
539 1568 587 1626 oi
632 1574 881 1636 εὐλαϐεῖς
935 1576 1031 1627 καὶ
1061 1574 1410 1643 πολύπειροι·
1444 1573 1654 1634 τούτοις
1687 1572 1816 1640 ὀμό-

236 1668 397 1736 λογος
432 1667 523 1719 καὶ
575 1667 885 1736 Μακάριος,
935 1669 964 1719 6
1009 1667 1107 1733 τὴν
1153 1666 1356 1732 γνῶσιν
1406 1664 1677 1736 οὐράνιος,
1717 1664 1813 1715 καὶ

237 1761 347 1820 πᾶς
406 1759 434 1811 6
473 1759 580 1810 τῶν
636 1757 800 1809 όσίων
856 1757 1035 1827 χορός.
1084 1755 1223 1808 Ἀλλ’
1276 1755 1464 1826 ὥσπερ
1517 1756 1579 1809 τὺ
1627 1757 1816 1819 σκότος

235 1850 398 1902 τοῦτο
452 1851 517 1900 ὲκ
563 1847 672 1900 τῶν
749 1848 1209 1918 παραπτωμάτων
1273 1845 1489 1900 πάντων
1546 1845 1815 1915 λαμϐάνει

236 1939 336 2011 τὴν
367 1939 620 2009 ὕπαρξιν,
650 1937 791 1992 οὕτω
812 1939 908 2008 τὴν
931 1940 1073 1992 κατὰ
1094 1939 1296 2008 κόσμον
1324 1932 1500 2007 λύπην
1528 1938 1813 2003 ἐξετάσας,

239 2028 494 2102 εὑρήσεις
528 2032 593 2082 ἐκ
619 2030 726 2082 τῶν
761 2029 949 2083 παθῶν
992 2033 1235 2094 πάντων,
1286 2031 1381 2082 καὶ
1442 2030 1811 2099 γεννωμένην,

238 2125 332 2177 καὶ
387 2122 816 2195 κρατυνομένην.
870 2121 1079 2174 Οὖκοῦν
1120 2122 1303 2174 εἰκόνα
1333 2122 1508 2191 φέρει,
1562 2122 1657 2174 καὶ
1700 2117 1815 2174 οἷον

232 2214 481 2285 ἀπαρχὴ,
530 2214 623 2266 καὶ
680 2213 990 2285 προοίμιον,
1054 2214 1149 2265 καὶ
1218 2212 1480 2284 ἀρραϐών
1540 2213 1657 2264 ἔστι
1712 2211 1808 2264 τοῦ

234 2304 707 2378 προσγενήσεσθαι
763 2304 1047 2373 μέλλοντος
1100 2303 1336 2371 ἀλήκτου
1391 2302 1647 2365 πένθους,
1698 2305 1814 2366 τοῖς

235 2401 295 2454 τὸ
327 2397 668 2469 μακαρισθὲν
713 2394 818 2448 ὑπὸ
850 2395 944 2447 τοῦ
994 2393 1200 2463 Κυρίου
1232 2393 1426 2456 πένθος
1462 2393 1536 2462 μὴ
1582 2393 1812 2463 προέλοι

236 2491 458 2561 μένοις’
496 2486 525 2541 ὃ
559 2488 633 2559 μὴ
668 2487 829 2558 μόνον
870 2485 1029 2555 φέρει
1070 2483 1262 2555 κέρδος
1300 2483 1399 2553 τὴν
1442 2483 1808 2553 παράκλησιν,

232 2580 621 2653 καρποφοροῦν
650 2580 741 2633 τὸν
763 2578 1058 2650 ἀρραϐῶνα
1082 2576 1184 2645 τῆς
1207 2575 1424 2630 αἰωνίου
1446 2573 1808 2645 εὐφροσύνης,

1987 1020 2220 1086 Oportet
2282 1015 2449 1085 igitur
2497 1016 2715 1068 domum
2754 1014 2897 1069 hanc
2969 1016 3217 1069 oratione
3269 1015 3490 1083 pulsare

1913 1118 2272 1173 constanter,
2338 1120 2569 1174 eamque
2635 1106 2825 1160 conari
2907 1106 3050 1160 haud
3125 1107 3303 1161 solum
3370 1107 3490 1159 adi-

1917 1203 2072 1274 pisci,
2125 1201 2217 1255 sed
2263 1209 2318 1253 et
2369 1200 2625 1253 retinere.
2674 1198 2822 1252 Sunt
2876 1198 3023 1251 enim
3070 1198 3161 1265 qui
3219 1207 3487 1265 repertam

1917 1293 2187 1357 amittunt,
2248 1292 2374 1360 quia
2413 1302 2617 1345 meram
2669 1288 2788 1357 ejus
2827 1288 3189 1358 cognitionem
3228 1299 3495 1356 tempora-—

1917 1384 2165 1453 riamque
2186 1382 2598 1452 experientiam,
2624 1380 2780 1449 quasi
2806 1381 2871 1433 ad
2896 1381 3209 1434 discendum
3232 1380 3496 1433 tardiores

1917 1476 2074 1529 simul
2108 1483 2160 1528 et
2210 1474 2479 1541 iuniores,
2533 1474 2769 1527 habent:
2801 1472 2897 1527 sed
2941 1472 2996 1525 in
3028 1485 3256 1539 operum
3308 1485 3495 1537 perse-

1921 1569 2171 1621 verantia
2206 1579 2525 1634 permanere
2557 1565 2646 1618 vix
2682 1572 2912 1631 possunt
2954 1565 3231 1616 seniorum
3260 1560 3498 1628 prurien‘

1920 1657 2116 1713 tissimi
2141 1667 2193 1711 et
2221 1656 2611 1729 expertissitni.
2627 1676 2645 1708 ι
2669 1655 2780 1711 Illis
2801 1654 3037 1709 caelestis
3054 1653 3281 1707 scientia
3321 1650 3501 1705 Maca-

1920 1752 2058 1816 rius,
2089 1766 2299 1807 necnon
2330 1751 2613 1805 universus
2653 1758 2968 1803 sanctorum
2987 1746 3229 1801 concinit
3273 1745 3499 1805 chorus.

1990 1856 2057 1909 At
2111 1869 2222 1908 non
2265 1850 2437 1908 solum
2468 1849 2534 1904 ad
2565 1850 2619 1905 id
2667 1847 2876 1904 confert
2900 1849 3081 1903 luctus
3120 1858 3178 1903 ut
3210 1850 3373 1903 homo
3402 1848 3494 1903 fiat

1921 1946 2035 2001 fere
2060 1943 2356 1999 immobilis
2386 1942 2452 1996 ad
2484 1940 2683 1993 malum
2705 1948 2761 1993 et
2783 1940 2851 1993 ad
2874 1939 3056 2009 priora
3083 1949 3303 2008 peccata
3334 1939 3493 1993 inde-

1921 2036 2214 2101 clinabilis,
2237 2035 2330 2089 sed
2358 2034 2473 2087 haec
2491 2032 2649 2097 quasi
2677 2046 2781 2084 non
2809 2031 2947 2083 facta
2968 2030 3162 2084 reddit.
3180 2030 3317 2084 Cum
3344 2031 3493 2085 enim

1922 2131 2023 2185 ista
2057 2129 2241 2199 lugere
2273 2127 2437 2195 coepit
2487 2126 2672 2190 homo,
2706 2126 2845 2191 apud
2879 2124 3044 2176 Deum
3092 2132 3349 2191 tauquam
3386 2137 3495 2177 non

1923 2224 2087 2277 wolita
2123 2230 2477 2290 reputantur;
2505 2227 2554 2270 at
2582 2232 2685 2270 non
2712 2216 2873 2270 volita
2901 2230 3004 2269 non
3027 2223 3151 2267 sunt
3173 2214 3493 2284 culpabilia.

1922 2313 2081 2377 Nam,
2108 2309 2562 2379 quemadmodum
2618 2308 2683 2359 de
2738 2306 2917 2370 indpia
2966 2304 3178 2368 dolens,
3214 2304 3353 2358 lianc
3395 2303 3497 2357 sibi

1924 2415 2119 2476 praeter
2171 2398 2503 2456 voluntatem
2545 2414 2666 2454 esse
2721 2408 2970 2463 testatur,
3004 2413 3067 2451 ac
3114 2397 3342 2466 proinde
3374 2411 3498 2451 cum

1924 2499 2241 2553 divitiarum
2272 2493 2483 2562 cupidis
2525 2500 2619 2544 aut
2646 2488 2909 2544 divitibus
2955 2489 3006 2541 in
3040 2488 3261 2555 laqueos
3299 2487 3497 2541 diaboli

1925 2591 2147 2650 incidet,
2192 2597 2376 2656 atque,
2421 2586 2465 2640 si
2519 2598 2630 2637 non
2689 2582 3017 2649 resipiscens
3088 2580 3328 2651 elfugere
3384 2590 3499 2636 stu-

230 2673 376 2728 ἀλλὰ
412 2675 506 2729 καὶ
537 2669 899 2741 ἀσφαλίζεται
925 2669 1023 2739 τὴν
1074 2666 1298 2736 ἀρετὴν,
1326 2665 1597 2735 ἄτρεπτον
1624 2665 1716 2716 ἐπὶ
1744 2664 1812 2716 τὰ

1927 2681 2097 2738 duerit
2123 2680 2349 2748 laqueos
2398 2678 2553 2740 istos,
2590 2674 2813 2729 teternls
2872 2672 3069 2727 inferni
3096 2673 3272 2742 pmnis
3322 2688 3499 2728 reser-

230 2769 403 2840 χείρω
446 2765 546 2837 τὴν
592 2763 770 2834 ψυχὴν
805 2758 1278 2831 ἀπεργαζόμενον.
1317 2756 1650 2827 Πτωχεύσας
1698 2755 1809 2826 γάρ

228 2878 317 2925 τις
362 2860 458 2914 καὶ
498 2856 881 2917 ταπεινωθεὶς,
934 2852 1158 2921 καὶτῆς
1186 2849 1326 2903 κατὰ
1354 2849 1489 2902 Θεὸν
1530 2848 1809 2911 εὐτελείας

231 2948 745 3020 ἅντιπεποιημένος,
792 2945 858 2998 ἂν
903 2943 978 3014 μὴ
1025 2940 1308 3011 προκόψας
1364 2938 1456 2992 ἐπὶ
1497 2937 1560 2990 τὸ
1602 2937 1811 3006 βέλτιον

232 3042 653 3113 προσκτήσηται
695 3038 755 3090 τὸ
800 3034 1014 3097 πένθος,
1055 3022 1480 3101 εύπερίτρεπτός
1529 3031 1666 3093 ἐστι,
1712 3029 1809 3080 καὶ

230 3135 466 3204 εὐχερὴς
498 3131 632 3201 πρὸς
660 3130 697 3184 ἃ.
720 3127 1104 3182 καταλέλοιπεν
1139 3123 1451 3178 ἐπανελθεῖν
1500 3125 1564 3193 τῇ
1591 3121 1806 3194 γνὼμῃδ

229 3226 419 3283 ποθῶν
479 3223 634 3286 αὖθις
668 3222 705 3276 ὃ.
752 3219 968 3289 παρῆκε
1016 3216 1114 3289 τὴν
1161 3215 1356 3285 ἀρχὴν,
1413 3215 1506 3268 καὶ
1556 3214 1810 3275 συνιστὰς

230 3317 559 3390 παραϐάτην
585 3311 802 3369 ἑαυτόν.
836 3312 935 3364 Ἂν
962 3309 1018 3362 δὲ
1048 3308 1382 3379 παραμένων
1415 3305 1505 3373 καὶ
1524 3303 1808 3373 προσέχων

226 3416 298 3484 τῇ
327 3404 462 3482 πρὸς
496 3408 594 3476 τὴν
628 3403 970 3477 μακαριστὴν
1002 3399 1278 3470 πτωχείαν
1303 3396 1562 3461 διαθέσει,
1592 3395 1651 3448 τὸ
1682 3398 1810 3446 πέν-

230 3504 326 3565 θος
355 3500 633 3569 ἐμποιήσῃ
677 3491 873 3562 ἐαυτῷ,
919 3489 1142 3561 ἀκλινὴς
1172 3491 1311 3557 πρὸς
1342 3486 1411 3539 τὰ
1458 3486 1633 3537 ὀπίσω
1661 3484 1808 3551 γίνε-

230 3611 343 3657 ται,
400 3591 479 3661 μὴ
521 3582 902 3657 παλινδρομῶν
951 3582 1158 3644 κακῶς,
1214 3581 1335 3633 ὅθεν
1382 3578 1572 3646 ἔφυγε,
1625 3575 1805 3637 καλῶς

235 3684 424 3737 ποιῶν.
461 3682 523 3733 Ἠ
557 3678 665 3748 γὰρ
687 3675 826 3730 κατὰ
842 3674 981 3727 Θεὸν
1013 3673 1179 3742 λύπη,
1212 3670 1354 3724 καθά
1384 3686 1546 3737 φησιν
1578 3670 1605 3719 ὁ
1645 3666 1807 3719 Ἀπό-

233 3773 458 3837 στολος,
512 3768 802 3838 μετάνοιαν
852 3762 1264 3833 ἀμεταμέλητον
1319 3754 1691 3828 ἀπεργάζεται
1737 3757 1803 3824 τῇ

227 3863 377 3931 ψυχῇ
420 3854 556 3930 πρὸς
596 3857 889 3925 σωτηρίαν.
948 3854 1061 3905 me
1099 3853 1190 3905 καί
1246 3869 1328 3914 τις
1383 3850 1491 3903 τῶν
1545 3846 1803 3919 Πατέρων

229 3951 443 4016 ἔλεγεν,
473 3947 554 4001 ὅτι
605 3945 666 3998 τὸ
711 3944 905 4006 πένθος
937 3942 1226 4012 ἐργάζεται
1268 3941 1358 3995 καὶ
1384 3940 1673 4010 φυλάσσει·
1709 3940 1802 3992 καὶ

228 4042 292 4093 οὐ
325 4039 480 4091 τοῦτο
509 4036 670 4106 μόνον
700 4036 817 4089 ἐστὶ
859 4035 922 4088 τὸ
953 4034 1060 4087 ἀπὸ
1085 4033 1178 4087 τοῦ
1207 4034 1436 4095 πένθους
1472 4033 1685 4101 κέρδος,
1719 4031 1801 4083 δτι

230 4138 422 4211 σχεδὸν
451 4139 480 4192 6
505 4138 790 4209 ἄνθρωπος
819 4138 1074 4207 ἀκίνητος
1114 4138 1323 4206 γίνεται
1356 4136 1491 4207 πρὸς
1522 4136 1582 4188 τὸ
1623 4134 1815 4200 κακὸν,

228 4230 330 4285 καὶ
365 4230 499 4298 πρδς
553 4229 624 4281 τὰ
674 4228 1153 4299 προημαρτημένα
1210 4228 1635 4298 ἀπερίτρεπτος,
1684 4225 1825 4279 ἀλλὰ

230 4322 331 4377 καὶ
380 4322 587 4385 ἐκεῖνα,
633 4322 707 4384 ὡς
746 4320 822 4389 μὴ
867 4321 1131 4388 γεγονότα
1177 4316 1679 4390 διατίθησιν-ἐπεὶ
1713 4318 1825 4388 γὰρ

232 4414 304 4468 δι’
340 4415 521 4467 ἐκεῖνα
553 4415 652 4483 τὴν
705 4412 882 4484 ἀρχὴν
913 4412 1102 4465 πενθεῖ
1130 4412 1160 4472 6
1190 4410 1500 4483 ἄνθρωπος,
1551 4411 1624 4475 ὡς
1657 4411 1824 4465 ἀκού-

237 4524 335 4561 σια
390 4507 565 4577 τούτῳ
614 4504 787 4559 ταῦτα
844 4504 1121 4573 λογίζεται
1158 4505 1311 4577 παρὰ
1349 4505 1428 4574 τῷ
1484 4503 1624 4576 Θεῷ,
1670 4505 1739 4558 τὰ
1769 4506 1824 4558 δὲ

1913 2774 2158 2831 vabitur:
2196 2770 2276 2824 sic
2312 2777 2368 2822 et
2427 2767 2518 2835 qui
2559 2765 2805 2835 peccavit
2835 2765 2885 2818 in
2921 2762 3113 2828 Deum,
3146 2763 3192 2817 si
3240 2763 3294 2816 in
3349 2764 3494 2816 luctu

1910 2862 2362 2930 perseveraverit,
2397 2856 2559 2926 quasi
2624 2870 2730 2909 non
2790 2852 2953 2907 volita
2995 2853 3096 2920 ipsi
3158 2854 3353 2906 merito
3416 2869 3497 2906 re-

1919 2958 2245 3027 putabuntur
2276 2959 2527 3021 peccata,
2556 2958 2610 3001 et
2651 2961 2775 3001 cum
2817 2947 2883 3000 iis
2912 2945 3004 3014 qui
3046 2961 3153 2997 non
3188 2946 3260 2997 ita
3313 2959 3503 3011 pecca-

1921 3059 2137 3110 verunt,
2169 3047 2287 3099 sine
2331 3040 2652 3097 oll'eudiculo
2705 3040 3000 3095 ambulabit
3033 3038 3088 3093 in
3126 3040 3210 3091 via
3269 3040 3502 3092 ducente

1921 3142 1987 3197 ad
2016 3141 2180 3193 vitam
2211 3147 2490 3191 aeternam.
3026 3188 3029 3191 ,

1983 3229 2089 3285 Sen
2117 3228 2385 3285 stcutllta:
2403 3227 2641 3284 tenebrae
2664 3229 2734 3283 ab
2758 3226 3012 3282 omnibus
3038 3224 3277 3294 peccatis
3308 3233 3489 3277 ortum

1915 3322 2143 3387 ducunt,
2198 3322 2294 3385 ita,
2347 3320 2528 3376 stecull
2560 3318 2841 3374 tristitiam
2896 3326 3197 3381 scrutatus,
3253 3315 3495 3383 reperies

1914 3429 2010 3468 eas
2044 3430 2073 3468 a
2127 3414 2349 3468 cunctis
2395 3410 2746 3481 passionibus
2778 3411 2973 3464 enasci
3000 3419 3057 3464 et
3088 3408 3310 3463 nutriri.
3355 3407 3497 3476 Ergo

1916 3504 2209 3573 imaginem
2236 3502 2342 3557 fert
2384 3513 2437 3556 et
2485 3510 2568 3556 est
2597 3500 2753 3569 quasi
2799 3499 3012 3555 initium
3069 3498 3496 3568 prazludiumque

1916 3607 1971 3651 et
2001 3598 2193 3664 pignus
2240 3593 2421 3651 futuri.
2473 3592 2829 3647 indesinentis
2866 3592 3061 3657 luctus,
3087 3590 3175 3644 bis
3202 3591 3295 3659 qui
3324 3587 3497 3643 beati-

1918 3688 2137 3742 ficatum
2174 3700 2203 3739 a
2235 3683 2466 3739 Domino
2500 3683 2705 3737 luctum
2759 3696 2863 3735 non
2914 3680 3196 3751 elegerint,
3245 3678 3336 3748 qui
3385 3692 3493 3732 non

1917 3782 2093 3835 solum
2125 3776 2404 3832 lucrifacit
2451 3774 2895 3840 consolationem,
2921 3773 3251 3827 fructificans
3281 3780 3497 3825 atteram

1917 3871 2141 3925 arrham
2196 3867 2419 3927 laetitiae.
2444 3866 2537 3922 sed
2570 3876 2624 3921 et
2653 3866 2908 3921 virtutem
2959 3863 3162 3919 stabilit
3190 3880 3208 3930 ;
3248 3861 3499 3917 immobia

1916 3963 2024 4017 lem
2061 3962 2128 4016 ad
2168 3959 2443 4015 deteriora
2496 3960 2738 4011 animam
2794 3957 3043 4011 reddens.
3091 3953 3302 4022 Pauper
3351 3952 3496 4007 enim

1917 4056 2207 4124 quisquam
2247 4052 2580 4120 humilisque
2630 4060 2683 4105 et
2733 4058 2860 4103 ante
2907 4047 3076 4102 Deum
3138 4046 3260 4100 vilis
3297 4044 3497 4109 factus,

1920 4146 2021 4198 nisi
2046 4146 2263 4212 insuper
2290 4142 2357 4197 ad
2387 4143 2580 4197 melius
2621 4139 2905 4209 proﬁciens
2932 4138 3247 4207 acquisierit
3273 4135 3498 4197 luctum,

1919 4240 2097 4293 adhuc
2142 4236 2398 4307 proclivis
2456 4244 2512 4290 et
2550 4248 2756 4304 pronus
2785 4240 2869 4287 est
2898 4232 2967 4286 ad
2999 4231 3089 4284 illa
3115 4244 3233 4299 qua:
3262 4228 3502 4283 deseruit

1922 4338 2097 4383 mente
2122 4327 2495 4398 repetendum,
2527 4341 2718 4380 rursus
2750 4324 3064 4379 desiderans
3094 4336 3157 4375 ea
3190 4335 3308 4390 qua:
3352 4321 3504 4389 prius

1923 4423 2016 4476 reti
2035 4421 2157 4491 iuit,
2186 4429 2241 4476 et
2287 4422 2527 4489 seipsum
2592 4418 2825 4473 reddens
2878 4416 3369 4485 prevaricatorem.
3443 4411 3509 4466 Si

1926 4530 2053 4570 vero
2109 4515 2409 4568 immancus
2464 4524 2519 4566 et
2563 4513 2772 4565 haereus
2842 4507 3034 4561 aliectu
3067 4510 3237 4561 beatae
3271 4520 3504 4574 pauper-

230 4596 471 4651 ἀκούσια
528 4597 625 4665 οὐχ
679 4593 975 4648 ὑπεύθυνα.
1013 4594 1279 4664 Καθάπερ
1328 4593 1434 4662 γὰρ
1461 4592 1488 4644 6
1526 4592 1618 4645 ὲπὶ
1664 4590 1814 4662 πενίᾳ

1930 4608 2047 4671 tati,
2082 4606 2287 4660 luctum
2324 4604 2427 4659 sibi
2470 4602 2750 4664 indiderit,
2792 4598 3184 4652 indeclinabilis
3226 4597 3282 4649 lit
3319 4597 3383 4649 ad
3418 4612 3504 4648 re-

230 4687 475 4752 πενθῶν,
499 4689 597 4758 οὐχ
625 4686 874 4740 ἑκούσιον
904 4684 1110 4754 ταύτην
1148 4684 1329 4755 ἑαυτῷ
1382 4684 1821 4755 προσμαρτυρεῖ,

230 4780 318 4834 διὸ
346 4779 440 4832 καὶ
488 4777 627 4849 μετὰ
673 4776 782 4830 τῶν
814 4778 1065 4830 πλουτεῖν
1120 4777 1427 4829 ποθούντων
1459 4776 1490 4845 ἢ
1528 4774 1824 4827 πλουτούν-

232 4888 372 4933 των,
404 4873 523 4934 ταῖς
559 4870 654 4923 τοῦ
687 4871 935 4922 διαϐόλου
968 4868 1191 4937 παγίσιν
1223 4869 1564 4938 ἐμπεσεῖται,
1600 4866 1703 4919 κᾶν
1750 4864 1827 4937 μὴ

238 4960 566 5034 μεταῦαλὼν
617 4961 901 5031 διαδρᾶναι
945 4958 1160 5030 σπεύσῃ
1194 4959 1295 5021 τὰς
1335 4958 1570 5027 παγίδας
1600 4957 1823 5024 ταύτας,

235 5058 306 5126 τῇ
343 5054 546 5125 αἰωνίῳ
578 5053 796 5107 κολάσει
826 5052 1000 5123 τούτῳ
1032 5052 1706 5124 συμπαραπεμφθήσεται·
1734 5050 1826 5105 ού-

1933 4708 2187 4764 trorsutn,
2217 4713 2319 4751 non
2340 4712 2404 4751 eo
2430 4695 2696 4758 resiliens,
2727 4694 2864 4747 unde
2886 4693 3019 4761 fugit
3050 4693 3247 4743 bonum
3277 4688 3500 4741 faciens.

1939 4809 1958 4843 ι
2003 4790 2133 4858 Quae
2159 4791 2302 4845 enim
2340 4788 2638 4844 secundum
2668 4785 2833 4838 Deum
2863 4783 3083 4836 tristitia
3108 4790 3208 4841 est,
3242 4779 3511 4848 pteniteua

1936 4885 2065 4939 tiam
2119 4883 2183 4937 ad
2218 4881 2446 4936 salutem
2487 4878 2733 4933 stabilem
2779 4886 3056 4943 operatur,
3091 4890 3107 4922 ι
3143 4883 3199 4924 ttt
3232 4873 3388 4925 divus
3431 4871 3507 4923 ait

1935 4976 2136 5034 Paulus
2164 4972 2230 5028 “.
2259 4970 2327 5026 Et
2377 4979 2680 5040 propterea,
2706 4975 2764 5021 ut
2812 4965 3029 5037 quidam
3077 4963 3302 5018 Patrum
3338 4962 3507 5016 dixit:

1946 5086 1966 5121 ι
2000 5067 2201 5122 Luctus
2230 5071 2488 5132 Operatur
2514 5070 2567 5113 et
2600 5065 2909 5113 conservat.
2956 5074 2975 5105 ι

225 5160 342 5204 τως
377 5144 406 5195 6
441 5142 706 5214 ἁμαρτὼν
731 5145 811 5206 είς
843 5146 936 5199 τὸν
968 5148 1124 5213 Θεὸν,
1163 5148 1233 5201 ἂν
1266 5149 1359 5203 ἐπὶ
1381 5151 1494 5212 τοῖς
1528 5148 1897 5217 ἁμαρτήμασι
1920 5148 2138 5218 διατελῇ
2174 5146 2411 5209 πενθῶν,
2439 5146 2513 5205 ὡς
2549 5141 2646 5209 οὐχ
2681 5137 2906 5191 ἑκούσια
2929 5137 3158 5201 δικαίως
3187 5137 3335 5207 αὐτῷ
3372 5137 3520 5204 λογιιι

232 5232 507 5302 σθήσεται
530 5237 596 5288 τὰ
622 5236 1019 5310 ἁμαρτήματα,
1052 5244 1147 5295 καὶ
1192 5243 1332 5313 μετὰ
1368 5243 1478 5296 τῶν
1517 5243 1591 5311 μὴ
1625 5242 1891 5306 ὡσαύτως
1926 5242 2290 5313 ἁμαρτόντων
2320 5236 2697 5308 ἀπροσκόπως
2738 5232 3007 5302 βαδιεῖται
3053 5232 3152 5303 τὴν
3191 5233 3328 5299 πρὸς
3375 5230 3520 5299 ζωὴν

233 5330 413 5398 φέρου
423 5348 523 5385 σαν
562 5351 592 5385 α
603 5335 801 5389 ἱὼνιον.

312 5457 429 5525 Τῆς
462 5458 563 5526 μὲν
588 5456 682 5512 οὖν
724 5460 903 5531 ἀρχῆς
948 5462 1041 5513 τοῦ
1074 5460 1328 5526 πένθους,
1356 5462 1478 5532 ἥτις
1520 5457 1829 5522 κατὼδυνός

2004 5454 2211 5515 Luctus
2239 5460 2402 5529 igitur
2440 5459 2685 5521 initium,
2706 5454 2851 5523 quod
2884 5452 3195 5505 dnlnrosum
3221 5452 3324 5506 est,
3355 5448 3520 5511 upote

231 5553 425 5613 ἐστιν,
482 5550 559 5613 ὡς
620 5551 719 5604 καὶ
780 5553 872 5605 τὸν
916 5554 1009 5607 τοῦ
1063 5554 1200 5608 Θεοῦ
1255 5554 1421 5624 φόϐον
1480 5555 1814 5624 συνημμένα

1933 5551 2184 5606 timorem
2231 5552 2322 5606 ι)θὶ
2359 5550 2622 5606 comitem
2672 5546 2903 5609 babeus,
2945 5540 3077 5595 illud
3123 5546 3387 5607 operatur
3436 5536 3520 5586 lua

236 5640 583 5709 κεκτημένη,
624 5641 786 5696 τοῦτό
837 5645 953 5697 ἐστι
1010 5645 1066 5697 τ’»
1095 5645 1308 5716 κέρδος.
1370 5644 1578 5699 Ποοϊῶν
1619 5645 1699 5708 δὲ,
1764 5648 1814 5713 τῇ

1934 5660 2112 5700 crum.
2155 5644 2521 5715 Progrediens
2568 5651 2786 5705 autem,
2834 5638 2926 5693 Dci
2975 5632 3151 5689 amori
3193 5628 3525 5685 mirabiliter

340 5874 381 5910 “
416 5877 459 5933 ll
485 5880 611 5936 Cor.
646 5895 762 5944 wn,
804 5880 888 5935 l0.
