3988 6494
270 396 415 467 1093

1256 397 1709 461 DECALOGUS
1743 395 2244 459 CHRISTIANA!
2289 396 2537 457 LEGIS.

3390 393 3526 459 υἰθό

268 512 483 584 Κυρίου
531 507 710 579 Ἰησοῦ
739 507 1001 580 Χριστοῦ,
1047 507 1333 579 μέλλοντος
1367 511 1625 581 ἔρχεσθαι
1672 513 1851 583 κρῖναι

1958 520 1996 568 ιι
2031 522 2154 568 cum
2198 526 2274 567 .ea
2317 506 2762 581 congloriiiceris.
2808 505 3075 577 imagines
3131 520 3347 578 quoque.
3405 523 3535 562 san-

268 602 486 670 ζῶντας
526 600 620 653 καὶ
650 600 895 672 νεκροὺς,
946 599 1225 653 ἐλεύσεται
1269 600 1580 675 ἔμπροσθεν
1608 603 1766 656 τοῦτο
1792 603 1854 657 τὸ

273 696 422 766 μέγα
454 693 550 747 καὶ
593 691 818 763 φρικτὸν
870 689 1035 744 αὐτοῦ
1089 693 1334 762 σημεῖον,
1387 690 1529 761 μετά
1569 693 1852 764 δυνάμεως

271 788 371 865 καὶ
402 784 562 855 δόξης
600 783 821 855 πολλῆς.
864 782 1100 848 Δόξασον
1142 779 1235 837 οῦν
1263 785 1425 837 αὑτὸν
1455 784 1570 850 νῦν,
1611 785 1699 840 ἵνα
1742 804 1853 856 με·-

264 878 341 934 τά
389 876 705 953 παρρησίας
756 873 1108 949 προσϐλέψῃς
1151 876 1296 942 τότε,
1347 877 1441 929 καὶ
1490 878 1852 949 ωνδοξασθῇς

266 975 444 1046 αὐτῷ.
478 974 585 1029 Καὶ
604 971 702 1034 τὰς
723 969 832 1041 τῶν
863 970 1036 1039 ἁγίων
1060 971 1119 1024 δὲ
1141 972 1377 1038 εἰκόνας,
1421 971 1497 1036 ὡς
1532 990 1853 1044 συσταυρωο

268 1067 477 1122 θέντων
507 1064 584 1135 τῷ
612 1065 827 1135 Κυρίῳ,
862 1065 1284 1134 προσκυνήσεις,
1323 1063 1415 1116 τὸν
1456 1064 1691 1135 σταυρὸν
1715 1082 1851 1133 προ-

265 1158 462 1212 τυπῶν
481 1174 573 1210 σου
597 1154 674 1227 τῷ
713 1153 1014 1229 προσώπῳ,
1048 1156 1142 1209 καὶ
1172 1157 1250 1217 εἰς
1293 1156 1514 1230 μνήμην
1560 1155 1855 1225 ἐρχόμενος

267 1251 375 1320 τῆς
401 1246 833 1320 ὲνειργασμένης
867 1247 1098 1312 ίκείνοις
1131 1248 1417 1310 κοινωνίας
1453 1246 1562 1299 τῶν
1594 1247 1858 1319 παθημά-

1947 613 2199 670 ctornm,
2242 603 2442 671 quippe
2492 600 2584 670 qui
2651 614 2776 655 cum
2829 597 3053 653 Christo
3103 598 3349 652 crucifixi
3382 610 3530 660 sunt.

1946 696 2113 758 coles,
2175 709 2393 749 crucem
2427 707 2607 745 coram
2634 700 2682 744 te
2704 689 3027 758 imagiuaus,
3062 689 3190 744 etin
3217 691 3529 744 memoriam

1947 803 2210 842 revocans
2263 787 2488 840 inditam
2539 784 2649 839 illis
2692 782 3165 853 participationem
3215 782 3528 852 passionum

1945 878 2173 933 Christi.
2201 877 2328 931 Item
2373 875 2617 944 sepulcra
2660 889 2846 928 eorum
2876 884 3086 938 sancta,
3117 880 3173 929 et
3205 876 3250 929 si
3285 890 3403 941 qua-
3439 890 3529 929 os-

1945 956 2083 1022 sitim
2113 967 2355 1038 reliqttia:
2382 983 2398 1027 ;
2430 983 2538 1019 non
2564 966 2707 1019 enim
2737 967 2804 1019 ab
2832 967 2916 1020 his
2953 977 3201 1034 separata
3227 974 3310 1019 est
3348 965 3525 1035 gratia

1946 1058 2062 1119 Dei,
2088 1059 2227 1113 sicut
2258 1073 2355 1112 nec
2387 1060 2453 1110 ab
2488 1057 2753 1111 adoraliili
2782 1073 3009 1128 corpore
3031 1056 3235 1111 Christi
3271 1071 3530 1126 scpara'a

1947 1159 2030 1202 est
2051 1149 2305 1204 divinitas
2331 1150 2380 1202 in
2406 1149 2520 1215 ejus
2549 1149 2761 1201 vivitica
2817 1163 3010 1203 morte.
3046 1147 3156 1203 lloc
3197 1149 3423 1209 faciens.
3478 1158 3534 1203 et

1945 1256 2043 1297 eos
2081 1240 2393 1309 glorificans
2426 1242 2516 1309 qui
2547 1238 2713 1293 Deum
2749 1240 3177 1294 honorificarnnt
3205 1250 3260 1293 et
3305 1240 3530 1309 perfecti

269 1358 381 1397 των
404 1341 500 1395 τοῦ
549 1337 785 1412 Χριστοῦ
807 1354 823 1370 ο
851 1337 1113 1403 ὡσαύτως
1140 1339 1234 1393 καὶ
1281 1339 1381 1403 τὰς
1412 1340 1606 1409 σοροὺς
1650 1342 1859 1395 τούτων

1958 1333 2204 1400 operibus
2234 1332 2333 1386 visi
2366 1342 2492 1385 sunt
2525 1331 2577 1383 in
2630 1346 2816 1385 amore
2858 1329 2975 1395 Dei,
3020 1332 3136 1402 ipse
3165 1347 3193 1385 a
3235 1330 3345 1386 Deo
3397 1348 3530 1386 con-

275 1434 381 1498 τὰς
438 1432 622 1501 ἁγίας,
658 1430 751 1483 καὶ
776 1424 834 1482 ετ
853 1446 906 1482 τι
950 1428 1060 1483 τῶν
1111 1427 1315 1481 ὀστέων
1338 1427 1624 1498 λείψανον·
1652 1429 1713 1484 οὐ
1747 1429 1858 1502 γάρ

1958 1423 2364 1493 glorificaheris,
2383 1431 2437 1476 et
2462 1438 2585 1476 cum
2610 1423 2810 1476 Davide
2835 1423 3056 1494 psallcs.
3087 1425 3272 1477 dit-eus
3298 1441 3311 1478 :
3351 1443 3369 1476 ι
3401 1424 3528 1477 Mihi

273 1526 462 1594 διέστη
496 1522 703 1579 τούτων
750 1524 784 1594 ή
827 1521 990 1592 χάρις
1035 1519 1130 1575 τοῦ
1183 1519 1341 1586 Θεοῦ,
1372 1520 1561 1590 ὥσπερ
1610 1522 1730 1576 οὐδὲ
1763 1520 1857 1574 τοῦ

1958 1518 2110 1570 nimis
2152 1514 2486 1569 honorificati
2524 1525 2648 1567 sunt
2680 1515 2837 1568 amici
2874 1516 2975 1578 tui,
3028 1513 3185 1568 Deus.
3225 1534 3243 1565 ι

268 1613 662 1689 προσκυνητοῦ
696 1611 952 1682 σώματος
983 1614 1223 1686 Χριστοῦ
1256 1614 1441 1685 διέστη
1468 1616 1501 1685 ἡ
1530 1613 1742 1685 θεότης,
1777 1614 1870 1667 ἐπὶ
1900 1611 1995 1666 τοῦ
2024 1611 2296 1678 ζωοποιοῦ
2323 1611 2580 1668 θανάτου.
2611 1610 2787 1666 Τοῦτο
2833 1613 2890 1665 δὲ
2941 1612 3136 1677 ποιῶν,
3173 1612 3267 1667 καί
3302 1611 3544 1678 δοξάζων

268 1716 400 1774 τσὺς
421 1714 513 1766 τὸν
536 1712 668 1767 Θεὸν
696 1711 1055 1777 δοξάσαντας,
1092 1709 1169 1771 ώς
1193 1706 1434 1771 τελείους
1460 1706 1530 1759 δι’
1559 1705 1741 1779 ἔργων
1772 1706 2047 1773 φανέντας
2078 1709 2135 1760 ἐν
2156 1708 2222 1777 τῇ
2273 1706 2467 1779 ἀγάπῃ
2510 1704 2606 1759 τοῦ
2630 1705 2792 1770 Θεοῦ,
2845 1706 2939 1760 καὶ
2990 1705 3402 1780 συκδοξασοήσῃ
3430 1709 3539 1766 ὑπὸ

274 1808 371 1863 τοῦ
398 1807 563 1870 Θεοῦ,
593 1808 688 1859 καὶ
725 1803 866 1875 μετά
891 1804 985 1858 τοῦ
1021 1803 1187 1861 Δαϐὶδ
1213 1802 1434 1869 ψαλεῐς,
1464 1819 1482 1855 ι
1525 1801 1705 1870 Ἐμοὶ,
1740 1800 1937 1870 λέγων,
1970 1801 2094 1856 λίαν
2123 1803 2468 1875 ἐτιμήθησαν
2499 1806 2546 1857 οἰ
2578 1804 2721 1871 φίλοι
2750 1822 2866 1864 σου,
2890 1805 2918 1856 ό
2948 1804 3101 1867 Θεός.
3141 1821 3161 1854 ι

353 1915 369 1944 ι
406 1896 481 1948 υύ
514 1896 663 1968 λήψῃ
692 1896 751 1948 τὸ
777 1896 949 1966 δνομα
973 1896 1179 1964 Κυρίου
1207 1894 1301 1947 τοῦ
1331 1893 1466 1947 Θεοῦ
1502 1911 1595 1957 σου
1628 1893 1724 1948 ἐπὶ
1760 1908 1875 1964 μα-’

270 1990 410 2058 ταίῳ
434 2009 452 2040 ι
483 1988 571 2042 διά
602 2006 654 2043 τι
678 1989 786 2041 τῶν
819 1989 1044 2059 γηΐνων,
1090 1987 1123 2057 ἢ
1162 1986 1250 2040 διὰ
1287 1985 1454 2055 φόϐον
1495 1984 1858 2057 ἀνθρώπινον,

273 2081 308 2151 ἢ
345 2079 630 2151 αἰσχύνην,
683 2080 717 2149 ἢ
764 2079 951 2151 κέρδος
997 2080 1217 2144 οἰκεῖον,
1272 2078 1364 2132 ἐπὶ
1400 2077 1587 2147 ψεύδει
1622 2077 1862 2147 ὀμνύων.

286 2149 582 2243 Ἑπιορκία
615 2171 723 2241 γὰρ
762 2149 992 2241 ἄρνησίς
1038 2170 1154 2223 ἐστι
1196 2168 1354 2223 Θεοῦ.
1399 2168 1500 2222 Διά
1540 2166 1699 2221 τοῦτο
1740 2166 1863 2222 οὐδὲ

273 2263 481 2334 ὀμόσῃς
511 2261 670 2326 ὅλως,
696 2260 833 2314 ἀλλά
859 2258 1032 2331 φεύξῃ
1061 2259 1154 2312 τὸν
1191 2261 1356 2331 ὅρκον
1392 2248 1638 2323 τελείως,
1679 2255 1755 2320 ώς
1778 2252 1865 2309 δὶἀ

271 2355 372 2409 τοῦ
405 2356 570 2426 ὅρκου
627 2354 731 2425 τῆς
780 2352 1068 2425 ἐπιορκίας
1121 2353 1446 2424 ἐρχομένης,
1485 2350 1583 2405 καὶ
1627 2350 1867 2406 ἀπαλλο-

277 2446 541 2516 τριούσης
567 2444 663 2500 τοῦ
694 2443 854 2510 Θεοῦ,
878 2443 972 2499 καὶ
1003 2445 1116 2506 τοῖς
1133 2443 1356 2513 ἀνόμοις
1382 2442 1719 2512 συγκαταριο
1730 2441 1866 2512 μού.

278 2556 380 2610 σης
416 2538 510 2593 τὸν
570 2540 634 2610 τῇ
699 2538 959 2609 ὲπιορκίᾳ
1015 2534 1319 2607 χρώμενον,
1372 2535 1655 2603 ἀληθεύων
1698 2535 1754 2589 δὲ
1810 2536 1868 2593 ὲν

278 2634 416 2685 πᾶσι
464 2633 578 2697 τοῖς
615 2632 726 2695 σοῖς
760 2630 960 2698 λόγοις,
996 2630 1164 2700 ὅρκου
1207 2630 1534 2699 βεϐαιότητα
1583 2628 1862 2700 παρέξεις.

280 2722 341 2774 Εἰ
364 2720 419 2773 δέ
446 2738 575 2775 ποτε
617 2720 864 2791 συμϐαίη
904 2719 1054 2790 ὅρκῳ
1089 2719 1314 2775 σεαυτὸν
1350 2717 1665 2785 ὑποϐαλεῖν,
1701 2717 1729 2770 ὃ
1758 2717 1866 2769 τῶν

277 2812 648 2878 ἁπευκταίων,
693 2814 741 2865 εἰ
772 2812 870 2881 μὲν
904 2811 996 2865 ὲπί
1042 2827 1149 2864 τινι
1178 2810 1287 2866 τῶν
1328 2810 1473 2867 κατά
1505 2811 1669 2882 νόμον
1699 2810 1866 2870 θεῖον,

278 2903 510 2972 πράξεις
546 2903 645 2974 μὲν
671 2903 747 2965 ώς
796 2902 1030 2971 νόμιμον
1069 2902 1282 2955 ὲκεῑνο’
1332 2901 1561 2958 σεαυτὸν
1609 2900 1668 2954 δὲ
1702 2901 1867 2957 ἀπαι-

275 2998 467 3061 τήσεις
490 2992 591 3055 τὰς
632 2991 883 3057 εὐθύνας,
922 2993 1003 3044 ὅτι
1039 2989 1178 3055 ὅλως
1212 2990 1466 3060 ὤμοσας·
1504 2990 1868 3062 ἐλεημοσύνῃ,

2043 1906 2062 1938 ι
2097 1885 2213 1941 Non
2277 1902 2524 1945 assumes
2591 1904 2787 1945 nomen
2862 1892 3076 1946 Domini
3113 1892 3208 1948 Dei
3259 1895 3333 1951 tui
3369 1896 3550 1957 iuva-

1963 1995 2091 2035 num
2126 1980 2191 2049 τί,
2229 1998 2250 2033 ι
2307 1989 2526 2050 propter
2575 1981 2781 2051 aliquid
2844 1978 3127 2049 terrestre,
3183 1996 3276 2041 aut
3322 1999 3543 2059 propter

1964 2072 2214 2128 timorem
2274 2072 2579 2139 hominum,
2649 2084 2741 2128 aut
2814 2077 3099 2145 pudorem,
3167 2089 3261 2131 aut
3329 2078 3539 2135 lucrum

1961 2164 2267 2235 proprium,
2305 2164 2639 2218 mendaciter
2677 2164 2901 2235 jnrans.’
2945 2164 3252 2236 Perjurinm
3286 2167 3429 2223 enim
3459 2181 3543 2227 est

1962 2254 2323 2325 negatiO‘Dei.
2363 2254 2676 2324 Propterea.
2712 2256 2950 2324 nejures
2985 2274 3250 2329 unquam,
3286 2261 3380 2316 sed
3420 2260 3545 2332 fuge

1960 2340 2184 2399 omnino
2215 2356 2638 2414 sacramentum,
2677 2349 2805 2418 quia
2864 2365 2958 2420 per
2993 2351 3366 2423 juramentntn
3394 2354 3548 2407 venit

1960 2438 2284 2515 periurium,
2317 2443 2458 2510 quod
2493 2455 2522 2492 a
2554 2437 2663 2494 Deo
2699 2442 2918 2507 alienat,
2952 2452 3005 2497 et
3065 2444 3206 2499 inter
3249 2443 3546 2515 sceleratos

1958 2528 2224 2607 adscribit
2252 2514 2393 2585 falso
2421 2539 2659 2586 utentem
2697 2547 3082 2604 sacramento;
3131 2535 3224 2589 sed
3263 2514 3452 2593 verum
3487 2537 3541 2593 in

1958 2620 2170 2678 cunctis
2203 2621 2545 2677 sermonibus
2584 2624 2691 2695 tuis
2721 2625 2932 2689 dicens,
2958 2624 3326 2696 'jnrisjurandi
3365 2627 3539 2697 ητιιιιτ

1960 2725 2122 2770 tatem
2172 2715 2478 2785 praestabis.
2523 2718 2674 2782 Quod
2731 2719 2779 2772 si
2831 2735 3066 2787 unquam
3115 2721 3209 2776 tibi
3251 2722 3540 2788 contigerit

1956 2805 2161 2877 aliquid
2210 2806 2313 2862 sub
2348 2818 2693 2864 sacramento
2732 2810 2975 2879 polliceri
3011 2810 3176 2883 (quod
3209 2822 3291 2866 est
3339 2812 3541 2881 nefas),

1957 2898 2005 2954 si
2032 2899 2352 2969 prOmissum
2418 2907 2502 2957 est
2549 2900 2751 2969 aliquid
2821 2902 3104 2958 confornte
3158 2903 3263 2975 legi
3323 2904 3540 2970 divinae,

1958 2989 2088 3046 illud
2118 2989 2315 3055 facies,
2337 2999 2523 3061 utpote
2580 2990 2814 3059 lit-itum,
2839 3008 2869 3053 a
2905 3005 2956 3048 te
2986 3009 3115 3050 vero
3166 3010 3355 3064 pmnas
3384 3011 3544 3064 repe-

278 3088 372 3138 καὶ
405 3085 604 3158 ἱκεσίᾳ,
649 3085 744 3138 καὶ
783 3085 995 3152 πένθει,
1053 3086 1149 3141 καὶ
1192 3084 1436 3140 κακώσει
1479 3084 1730 3156 σώματος
1777 3084 1865 3149 ἐξ-

1960 3092 2041 3137 tes
2064 3080 2289 3152 praestiti
2314 3082 2632 3151 juramenti,
2668 3083 3032 3156 eleetnosyna,
3062 3086 3335 3155 precibus,
3366 3086 3542 3155 luctu,

280 3176 310 3227 ι’
333 3175 590 3246 εούμενος
633 3175 889 3244 Χριστὸν,
920 3176 1013 3229 τὸν
1046 3176 1295 3242 εἰπόντα,
1337 3194 1356 3227 t
1391 3176 1484 3244 Μὴ
1514 3176 1720 3249 ὀμόσῃς
1741 3192 1788 3226 ἰ
1821 3175 1865 3227 εἰ

1958 3185 2009 3233 et
2038 3175 2281 3246 corporis
2299 3174 2651 3231 afﬂictatione
2674 3175 2901 3244 placatis
2919 3175 3220 3241 Christum,
3250 3178 3339 3250 qni
3365 3178 3541 3233 dixit:

275 3267 333 3320 δὲ
376 3267 466 3320 ἐπί
510 3285 619 3323 τινι
655 3268 764 3322 τῶν
818 3268 1172 3340 παρανόμων,
1203 3269 1306 3342 ὅρα
1352 3268 1427 3339 μὴ
1457 3268 1545 3322 διὰ
1589 3268 1681 3323 τὸν
1708 3267 1865 3341 ὅρκον

1960 3286 1978 3320 ι
2003 3267 2122 3322 Non
2149 3267 2401 3335 jurabis;
2435 3282 2453 3317 ι
2483 3265 2528 3320 si
2561 3277 2742 3320 autem
2767 3276 2851 3322 est
2883 3267 3084 3337 aliquid
3132 3269 3246 3335 lege
3292 3271 3538 3336 vetitum,

276 3355 577 3430 πληρώσῃς
607 3357 669 3412 τὸ
712 3360 1055 3430 παράνομον,
1088 3359 1174 3412 ἵνα
1209 3359 1284 3430 μὴ
1316 3358 1394 3429 τῷ
1444 3358 1865 3431 προφητοκτόνῳ

1958 3357 2076 3414 vide
2112 3372 2179 3412 ne
2217 3367 2435 3427 propter
2460 3366 2870 3435 sacramentum
2900 3356 3070 3412 facias
3099 3359 3225 3428 quid
3264 3358 3537 3427 illicitum,

289 3449 506 3523 Ἡρώδῃ
537 3450 951 3524 σαναριθμηθῇς
977 3469 992 3484 ο
1036 3452 1310 3525 ἀθετήσας
1366 3453 1426 3507 δὲ
1479 3452 1571 3507 τὸν
1629 3454 1865 3523 παράνο-

1958 3458 2012 3505 ut
2042 3465 2147 3505 non
2178 3447 2474 3505 ascribat-is
2503 3461 2627 3503 cum
2688 3446 2902 3503 Herode
2960 3449 3241 3520 praphetaa
3274 3451 3539 3516 occisore,

278 3558 384 3609 μον
437 3543 645 3596 ἐκεῖνον
698 3545 882 3613 ὅρκον,
933 3546 1059 3615 ὅρον
1112 3543 1203 3610 θὲς
1258 3543 1473 3615 σεαυτῷ
1521 3543 1618 3598 τοῦ
1672 3543 1865 3616 μηκέτι

1958 3549 2007 3597 et
2034 3540 2306 3610 abrogatis
2341 3537 2569 3607 implqu
2602 3537 2732 3592 illud
2764 3537 3171 3607 jusjurandum,
3200 3540 3537 3609 propositum

277 3632 412 3685 ποτὲ
448 3633 671 3704 ὀμόσαι,
728 3635 822 3689 καὶ
859 3635 1066 3701 ὲξιλέου
1104 3635 1318 3707 σεαυτῷ
1351 3636 1442 3690 τὸν
1472 3635 1627 3701 Θεὸν,
1655 3634 1865 3707 χρώμε-

1958 3631 2047 3687 tibi
2082 3631 2301 3699 impune
2356 3644 2641 3700 nunquam
2701 3630 2931 3697 amplius
2988 3628 3235 3699 iurandi,
3268 3644 3334 3684 ac
3370 3629 3543 3691 Deum

275 3742 368 3789 νος
406 3728 813 3799 ἐπιπονώτερον
855 3728 953 3784 σὺν
1003 3729 1234 3799 δάκρυσι
1280 3732 1395 3793 τοῖς
1447 3729 1892 3800 προειρημένοις

278 3819 617 3888 φαρμάκοις.

362 3912 608 3982 Ἡμέραν
640 3914 768 3983 μῖαν
807 3913 906 3984 τῆς
938 3914 1255 3985 ἑϐδομάδος,
1308 3915 1431 3985 ἥτις
1470 3915 1564 3971 καὶ
1617 3916 1874 3987 Κυριακὴ

274 4003 549 4065 καλεῖται,
581 4004 670 4059 διὰ
706 4004 768 4058 τὸ
792 4005 1220 4076 ἁνατεθειμένην
1243 4002 1385 4060 εἶναι
1407 4007 1485 4077 τῷ
1514 4007 1723 4079 Κυρίῳ,
1749 4007 1875 4062 κατ’

275 4095 448 4167 αὐτὴν
506 4097 802 4154 ἀναστάντι
855 4099 919 4152 ὲκ
976 4098 1211 4169 νεκρῶν,
1264 4099 1361 4154 καί
1399 4099 1875 4171 π’ροΰποδείξαντι,

275 4185 375 4237 καὶ
432 4187 949 4258 προπιστωσαμένῳ
997 4188 1097 4259 τὴν
1150 4190 1340 4257 κοινὴν
1377 4191 1697 4256 ἀνάστασιν,
1742 4181 1861 4265 ὲνῆ

278 4278 390 4330 πᾶν
430 4280 618 4349 γήϊνον
648 4280 881 4350 ἀργήσει
911 4278 1072 4350 ἔργον
1093 4295 1109 4311 ο
1145 4279 1351 4352 ταύτην
1377 4283 1569 4335 ιτοίνυν
1609 4283 1708 4353 τὴν
1737 4283 1873 4353 ἡμέ-

282 4386 381 4438 ραν
414 4370 685 4439 άγιάσεις,
723 4371 820 4427 καὶ
854 4370 1108 4443 βιωτικόν
1143 4374 1253 4427 πᾶν
1294 4373 1455 4446 ἔργον
1488 4376 1550 4428 οὐ
1597 4378 1870 4447 ποιήσεις,

279 4461 453 4535 χωρὶς
498 4463 608 4517 τῶν
642 4465 958 4532 ἀναγκαίων
982 4481 996 4495 ⁸
1052 4466 1146 4521 καὶ
1200 4468 1313 4530 τοῖς
1348 4466 1455 4520 ὑπὸ
1504 4468 1564 4521 σὲ
1606 4469 1701 4524 καὶ
1732 4470 1873 4540 μετὰ

283 4554 377 4608 σοῦ
418 4556 586 4611 πᾶσιν
646 4557 836 4613 ἄνεσιν
879 4558 1159 4629 παρέξεις,
1198 4558 1264 4611 ἵν’
1310 4559 1448 4629 ὁμοῦ
1479 4559 1740 4632 δοξάσητε
1780 4561 1871 4616 τὸν

278 4648 360 4718 τῷ
385 4649 573 4718 οἰκείῳ
612 4648 830 4720 θανάτῳ
864 4650 1212 4721 κτησάμενον
1246 4653 1413 4722 ἡμᾶς,
1441 4652 1532 4707 καὶ
1565 4655 1871 4708 ἀναστάντα

283 4741 380 4794 καὶ
410 4742 894 4810 συναναστήσαντα
923 4744 1022 4816 τὴν
1055 4744 1332 4815 ἡμετέραν
1362 4743 1543 4814 φύσιν.
1579 4746 1689 4798 Καὶ
1730 4764 1871 4818 μνη-

286 4834 462 4904 σθήσῃ
498 4832 592 4886 τοῦ
632 4835 920 4906 μέλλοντος
953 4836 1167 4901 αἰῶνος,
1203 4835 1298 4890 καὶ
1337 4836 1651 4909 μελετήσεις
1678 4840 1734 4891 ἐν
1764 4840 1870 4893 πά-

288 4941 411 4988 σαις
464 4927 582 4989 ταῖς
644 4927 905 4987 ἐντολαῖς
967 4928 1061 4981 καὶ
1114 4927 1446 4998 δικαιώμασι
1502 4930 1727 5001 Κυρίου,
1774 4933 1871 4991 καὶ

284 5016 559 5080 ἐξετάσεις
604 5020 851 5086 σεαυτὸν,
899 5022 974 5090 μή
1021 5037 1072 5072 τι
1124 5019 1392 5091 παρέϐης,
1438 5021 1473 5094 ἢ
1515 5022 1867 5094 παρέλειψας,

283 5109 381 5161 καὶ⁸
435 5109 751 5181 διορθώσεις
811 5112 1040 5177 σεαυτὸν
1074 5114 1131 5166 ἐν
1163 5114 1333 5166 πᾶσιο
1386 5115 1477 5167 καὶ
1520 5132 1870 5188 προσκαρτεο

288 5200 473 5269 ρήσεις
500 5205 557 5255 ὲν
584 5201 721 5274 αὐτῇ
747 5202 827 5274 τῷ
868 5203 962 5256 τοῦ
993 5202 1128 5257 Θεοῦ
1163 5202 1297 5273 ναῷ,
1342 5204 1434 5256 καὶ
1467 5207 1588 5269 ταῖς
1617 5207 1675 5258 ὲν
1717 5204 1868 5278 αὐτῷ

285 5290 543 5356 συνάξεσι
589 5296 931 5364 παραμενεῖς
958 5311 972 5325 ·
1023 5294 1118 5348 καὶ
1154 5293 1445 5366 μεταλήψῃ
1477 5296 1535 5348 ὲν
1585 5296 1872 5368 εἰλικρινεῖ

284 5382 489 5450 πίστει,
522 5386 617 5438 καὶ
644 5385 998 5456 ἀκατακρίτῳ
1032 5385 1296 5439 συνειδότι
1337 5385 1433 5439 τοῦ
1467 5387 1620 5455 άγίου
1673 5390 1865 5460 σώμασ-

284 5494 375 5540 τος
424 5478 528 5547 καὶ,
553 5478 788 5549 αἵματος
814 5479 1051 5552 Χριστοῦ
1079 5495 1093 5510 ο
1145 5481 1240 5533 καὶ
1267 5480 1443 5552 ἀρχὴν
1472 5480 1866 5553 ἀκριϐεστέρου

286 5570 403 5638 βίου
437 5568 578 5644 ἄρξῃ
602 5587 616 5604 ⁶
652 5571 747 5627 καὶ
807 5573 1178 5638 άνακαινίσεις
1212 5571 1462 5642 σεαυτὸν,
1519 5575 1612 5647 καὶ
1643 5574 1867 5643 ἑτοιμά-

341 5750 388 5784 τι
411 5747 583 5808 Exod.
609 5766 702 5811 xx.
726 5749 781 5806 7.
807 5751 856 5783 "
899 5749 1052 5806 Deut.
1095 5767 1185 5818 xx,
1229 5750 1314 5806 10.

1682 5860 1714 5865 υ...
1726 5858 1795 5866 νος.-

1956 3724 2051 3779 tibi
2076 3722 2331 3793 propitia,
2366 3721 2690 3777 laboriosius
2721 3736 2843 3775 cum
2876 3720 3129 3794 lacrytnis
3161 3729 3316 3777 utens
3349 3721 3542 3792 praefa-

1956 3818 2024 3872 tis
2061 3816 2336 3872 remediis.

2026 3908 2199 3966 Unam
2236 3908 2591 3964 hebdomadis
2614 3908 2783 3973 diem,
2819 3922 2938 3977 quae
2978 3905 3257 3964 Dominica
3291 3918 3537 3974 vocatur,

1955 4012 2139 4074 utpote
2170 4001 2398 4056 Domino
2428 4011 2782 4068 reservatam,
2816 4002 2909 4072 qui
2939 4002 2991 4056 in
3025 4016 3088 4057 ea
3121 4005 3444 4063 resurrexit,
3486 4012 3541 4056 et

1953 4094 2416 4165 praemonstravit,
2474 4104 2525 4147 et
2583 4101 2791 4148 certam
2857 4092 3098 4148 reddidit
3173 4093 3536 4149 universalem

1955 4189 2432 4250 resurrectionem,
2464 4186 2515 4239 in
2543 4200 2648 4255 qua
2677 4199 2843 4241 omne
2869 4194 3147 4240 terrenum
3180 4187 3543 4241 evacuabitnr

1955 4292 2138 4346 opus:
2176 4276 2337 4341 hanc,
2388 4276 2634 4346 inquam,
2693 4276 2836 4330 diem
2898 4275 3292 4340 sanctificabis,
3332 4277 3539 4332 nullum

1958 4384 2092 4437 Opus
2124 4369 2189 4422 ad
2224 4368 2428 4421 victum
2472 4367 2527 4421 in
2563 4381 2625 4421 ea
2666 4367 2830 4422 facies
2854 4367 2924 4432 ",
2956 4378 3154 4436 praeter
3209 4368 3539 4434 necessaria,

1958 4471 2012 4516 ct
2059 4459 2311 4514 omnibus
2349 4459 2441 4529 qui
2497 4459 2598 4513 sub
2641 4469 2693 4513 te
2742 4469 2795 4515 ct
2848 4469 3025 4514 tecum
3085 4472 3237 4527 sunt,
3298 4462 3537 4530 requiem

1955 4554 2243 4615 concedes,
2294 4562 2351 4604 nt
2408 4550 2573 4606 simul
2630 4551 2949 4620 glorificetis
3000 4566 3125 4606 eum
3175 4551 3267 4619 qui
3319 4567 3416 4606 nos
3442 4567 3539 4605 sua

1954 4653 2126 4696 morte
2147 4640 2454 4713 acquisivit,
2487 4648 2542 4693 et
2590 4654 2884 4708 resurgens
2917 4639 3377 4694 conresuscitavit
3439 4656 3540 4695 no-

1954 4744 2126 4788 stram
2160 4743 2432 4786 naturam.
2481 4730 2545 4785 Et
2581 4731 2959 4786 recordaberis
3014 4728 3185 4783 futuri
3217 4729 3428 4796 saeculi,
3485 4740 3540 4784 et

1953 4823 2307 4879 meditaberis
2336 4825 2390 4878 in
2417 4822 2673 4878 omnibus
2728 4822 3002 4876 mandatis
3035 4831 3089 4874 et
3115 4821 3537 4890 juslilicatimti-

1952 4918 2057 4973 bus
2101 4917 2340 4983 Domini,
2372 4927 2426 4972 et
2465 4914 2696 4985 teipsum
2750 4914 3091 4969 examinabis
3139 4915 3206 4969 de
3236 4913 3459 4968 otl'ensis
3487 4921 3543 4968 et

1955 5009 2285 5071 defectibus,
2318 5016 2374 5062 ct
2399 5017 2451 5062 te
2477 5013 2545 5062 ab
2573 5007 2722 5062 omni
2759 5006 2913 5077 lapsu
2949 4992 3249 5073 relevabis;
3284 5016 3335 5061 et
3376 5008 3543 5062 inhre-

1956 5101 2103 5156 rebis
2129 5101 2231 5171 ipsi
2259 5100 2351 5154 Dei
2384 5098 2603 5168 templo,
2637 5107 2695 5154 et
2726 5100 2781 5153 itt
2817 5098 2938 5168 ejus
2967 5099 3206 5154 ctetibus
3251 5113 3542 5168 permane-

1957 5196 2081 5261 bis;
2114 5203 2170 5248 et
2203 5192 2559 5264 participabis
2580 5193 2647 5247 “in
2677 5194 2895 5247 sincera
2925 5190 3030 5246 fide
3059 5201 3116 5246 et
3147 5191 3385 5246 innocua
3415 5206 3544 5245 con-

1958 5285 2181 5341 scientia
2207 5298 2406 5355 corpus
2429 5294 2483 5339 et
2532 5285 2854 5355 sanguinem
2925 5270 3174 5353 Christi;
3250 5294 3304 5339 et
3327 5284 3539 5340 initium

1957 5377 2306 5446 perfectionis
2343 5376 2467 5432 vita:
2505 5377 2836 5448 inchoabis;
2865 5385 2922 5432 et
2962 5379 3249 5433 renovabis
3283 5370 3539 5443 teipstttn,

1955 5480 2017 5524 ct'
2039 5469 2371 5541 praeparabis
2393 5469 2460 5526 ad
2491 5469 2903 5539 suscipiendum
2938 5468 3115 5525 futura
3138 5468 3279 5524 bona
3307 5478 3476 5523 mtern
3499 5491 3537 5533 ι,

1957 5572 2178 5637 propter
2207 5576 2329 5636 qua
2362 5561 2527 5621 rebus
2556 5560 2810 5631 terrenis,
2828 5576 2895 5620 ne
2924 5561 3048 5618 aliis
3079 5561 3299 5633 quidem
3321 5560 3536 5623 dielaUe,

2450 5854 2503 5867 .—-d
