3988 6522
294 452 439 515 10θῖ
1312 452 1658 514 DEC'ALOG
1670 454 1766 515 US
1804 455 2305 521 CHRISTIANxE
2346 462 2598 526 LEGIS.

306 574 406 627 καὶ
457 571 678 640 δεσμειν
705 568 906 643 ψυχὰς,
939 567 1036 624 καὶ
1088 565 1268 624 πάντα
1301 570 1403 623 ὅσα
1431 569 1499 624 ἂν
1534 569 1771 642 δήσωσιν
1794 570 1888 624 ἐπὶ

305 665 406 734 τῆς
434 663 559 732 γῆς,
588 660 743 715 ἔσται
769 661 1031 733 δεδεμένα
1082 662 1141 715 ὲν
1172 660 1249 731 τῷ
1294 660 1531 733 οὐρανῷ,
1582 662 1679 716 καὶ
1709 661 1889 716 πάντα

309 758 411 811 ὅσα
442 756 508 809 ἂν
553 754 791 808 λύσωσιν
819 756 914 808 ἐπὶ
947 754 1045 824 τῆς
1071 754 1197 825 γῆς,
1236 755 1389 808 ἔσται
1427 754 1696 826 λελυμένα
1726 755 1784 808 ὲν
1809 754 1888 824 τῷ

307 843 563 914 οὐρανῷ·
614 842 821 913 ταύτην
868 843 980 915 γὰρ
1028 846 1125 912 τὴν
1179 844 1476 915 χάρινριαὶ
1511 843 1610 915 τὴν
1656 844 1888 914 δύναμιν

308 936 500 990 ἔλαϐον
546 936 701 1006 παρά
744 934 983 1005 Χριστοῦ
1008 951 1021 963 ·
1072 935 1155 988 διὸ
1179 937 1275 989 καὶ
1306 935 1639 1000 ύπακούσεις
1678 936 1884 999 αὐτοῖς,

306 1037 403 1087 καὶ
460 1035 563 1086 οὐκ
632 1030 930 1097 ἀντιλέξεις
984 1030 1187 1096 cossic,
1248 1031 1335 1083 ἵνα
1394 1031 1470 1100 μὴ
1545 1029 1887 1102 προξενήσῃς

305 1124 584 1181 ἀπώλειαν
620 1125 688 1194 τῇ
716 1122 943 1176 σεαυτοῦ
969 1122 1140 1192 ψυχῇ.
1171 1121 1233 1173 Ei
1255 1119 1366 1187 γὰρ
1395 1121 1423 1172 6
1444 1119 1743 1186 ἀντιλέγων
1772 1123 1886 1182 τοῖς

307 1219 451 1274 κατά
498 1220 679 1288 σάρκα
703 1217 973 1287 γονεῦσιν,
1011 1217 1093 1280 είς
1120 1214 1160 1272 ἃ
1198 1215 1275 1286 μὴ
1305 1213 1689 1286 ἀπηγόρευται
1716 1211 1798 1284 τῷ
1822 1211 1955 1284 θείῳ
1976 1216 2150 1285 νόμῳ,
2187 1215 2539 1286 θανατοῦται,
2566 1220 2706 1275 κατὰ
2731 1222 2823 1276 τὸν
2861 1221 3047 1292 νόμον,
3081 1222 3200 1286 πῶς
3219 1224 3245 1277 6
3269 1223 3571 1295 ἀντιλέγων

305 1320 422 1380 τοῖς
449 1317 592 1370 κατά
625 1316 843 1385 πνεῦμα
873 1313 1170 1383 πατράσιν,
1198 1311 1264 1365 ού
1293 1311 1356 1364 τὸ
1382 1307 1612 1379 Πνεῦμα
1641 1306 1737 1363 τοῦ
1769 1306 1908 1361 Θεοῦ
1947 1308 2137 1363 διώκει
2184 1312 2281 1366 ἀπ’
2307 1313 2501 1377 αὑτοῦ,
2539 1318 2633 1369 καὶ
2668 1318 2769 1387 τὴν
2799 1318 3010 1372 οξκείαν
3041 1318 3311 1373 ἀπόλλυσι
3345 1319 3566 1393 ψυχήνς

310 1411 410 1466 Διά
433 1410 594 1464 τοῦτο
620 1411 715 1462 καὶ
755 1405 1163 1476 συμὸούλευσαι
1194 1403 1290 1457 καὶ
1327 1401 1641 1456 ἐπάκουσον
1687 1399 1781 1455 διά
1816 1398 2008 1465 τέλους
2050 1406 2161 1468 τοῖς
2202 1408 2317 1469 σοῖς
2359 1408 2418 1462 ὲν
2456 1406 2732 1477 πνεύματι
2763 1411 3061 1483 πατράσιν,
3091 1412 3178 1465 ίνα
3225 1413 3372 1485 σωθῇ
3408 1429 3504 1466 σου
3535 1417 3571 1484 ὴ

3432 474 3566 543 109G

1975 594 2086 634 non
2141 591 2273 636 sunt
2311 583 2494 638 divina
2547 584 2668 654 lege
2718 586 3017 655 prohibita,
3074 594 3251 644 morte
3304 588 3558 656 afliritur,

1968 670 2127 739 juxta
2166 673 2361 746 legem,
2418 676 2689 744 quomodo
2742 681 3127 737 contradicens
3186 683 3559 752 spiritualibus

1972 762 2220 830 patribus
2253 780 2359 819 non
2391 766 2543 835 ejicit
2565 782 2593 819 a
2621 781 2681 823 se
2705 769 2958 838 spiritum
3009 771 3125 838 Dei,
3155 783 3210 827 et
3245 788 3403 828 suam
3432 791 3559 843 pes-

1972 856 2191 909 sttmdat
2224 857 2507 912 animam?
2544 856 2843 927 Propterea
2870 863 3100 917 consule
3131 878 3350 932 semper
3376 874 3560 934 patres

1975 954 2098 1001 tuos
2156 948 2491 1016 spirituales,
2525 960 2581 1006 et
2629 952 2710 1009 eis
2760 968 2965 1008 morem
3014 969 3161 1023 gere,
3214 964 3272 1010 ut
3321 957 3560 1011 salvetur

1973 1037 2154 1092 anima
2196 1049 2306 1103 tua,
2343 1049 2400 1095 et
2430 1041 2725 1097 haeredites
2771 1054 2980 1100 {eterna
3013 1054 3067 1100 ct
3121 1048 3557 1115 incorruptibilia

1973 1129 2147 1184 bona.

310 1504 483 1577 ψυχὴ.
514 1504 611 1559 καὶ
643 1500 981 1575 κληρονόμος
1009 1499 1144 1571 γένη
1168 1496 1282 1552 τῶν
1313 1498 1553 1554 αιωνίων
1590 1500 1685 1552 καὶ
1710 1501 2010 1570 ἀκηράτων
2042 1501 2296 1572 ἀγαθῶν.

384 1616 401 1647 ι
421 1596 498 1650 Ού
526 1595 870 1667 πορνεύσεις,
894 1611 915 1646 ι
939 1593 1028 1648 ἵνα
1057 1593 1134 1665 μὴ
1163 1594 1285 1648 ἀντὶ
1305 1609 1404 1648 του
1433 1588 1575 1647 εῖναι
1608 1591 1770 1663 μέλος
1792 1589 1891 1647 τοῦ

2066 1609 2088 1644 ε
2118 1591 2235 1648 Non
2266 1592 2634 1651 moecbaberis
2665 1592 2737 1663 ⁷⁸,
2765 1611 2786 1646 ι
2830 1601 2891 1648 ιιι
2919 1607 3050 1657 οοη,
3078 1592 3278 1649 nedum
3310 1593 3388 1648 sis
3415 1606 3578 1644 tuem-

304 1688 571 1761 Χριστοῦ,
610 1688 862 1759 ύπάρξῃς
889 1687 1097 1757 πόρνης
1151 1684 1336 1757 μέλος,
1372 1686 1468 1740 καὶ
1517 1685 1763 1755 ἑκκοπῇς
1794 1683 1890 1739 τοῦ

2003 1686 2148 1738 brum
2171 1680 2399 1746 Christi,
2430 1681 2530 1738 tias
2560 1683 2865 1738 meretricis
2892 1684 3219 1748 membrum,
3250 1691 3305 1738 ct
3354 1684 3577 1741 abscin-

308 1781 458 1834 θείου
492 1778 769 1849 σώματος,
797 1777 894 1831 καὶ
916 1780 1080 1849 ριφῇς
1109 1778 1188 1840 είς
1204 1778 1428 1845 γέενναν
1454 1789 1469 1804 ⁸
1503 1776 1552 1828 εἰ
1574 1775 1685 1846 γὰρ
1725 1774 1900 1844 θυγάμτ

2003 1773 2138 1827 laris
2163 1786 2196 1827 a
2221 1773 2405 1828 divino
2435 1787 2687 1841 corpore,
2724 1781 2781 1828 et
2829 1772 3108 1842 dejiciaris
3136 1773 3189 1826 in
3224 1774 3529 1843 gehennam
3562 1791 3578 1829 :

305 1890 415 1943 τηρ
436 1872 650 1941 ἱερέως,
678 1870 746 1924 ἂν
771 1869 885 1940 άλῷ
908 1869 1301 1941 πορνευομένη,
1329 1868 1569 1937 ἐννόμως
1597 1866 1893 1923 κατακαίε-

2003 1862 2040 1919 si
2093 1864 2405 1926 enimtilia
2471 1866 2798 1930 sacerdotis,
2857 1864 3197 1934 deprehensa
3255 1864 3310 1918 in
3370 1874 3579 1934 stupro,

306 1981 422 2024 ται,
446 1963 524 2026 ὡς
559 1962 652 2015 τὸν
681 1960 894 2030 πατέρα
930 1959 1372 2029 καταισχύνουσα
1392 1998 1409 2022 ,
1451 1959 1602 2027 πόσῳ
1638 1956 1839 2026 μᾶλλον
1866 1958 1897 2011 ό

2003 1955 2142 2023 iuxta
2202 1955 2377 2027 legem
2431 1955 2667 2015 ﬂammis
2724 1958 2999 2027 exurendo
3054 1966 3320 2027 crat,gut
3375 1957 3585 2011 riolaus

306 2053 389 2123 τῷ
441 2051 680 2124 Χριστοῦ
713 2050 932 2121 σώματι
981 2048 1224 2103 τοιοῦτον
1272 2048 1486 2118 μίασμα
1531 2043 1894 2117 προστρίψας,

2003 2061 2191 2103 nomen
2219 2049 2393 2117 patris
2422 2049 2509 2103 sui
2541 2048 2613 2116 ⁷³,
2648 2058 2850 2120 quanto
2873 2050 3046 2121 magis
3064 2051 3157 2119 qui
3184 2049 3398 2119 corpori
3421 2049 3584 2107 Chri-

307 2146 565 2208 ύπόδικος
622 2143 778 2198 ἔσται
834 2142 1111 2206 κολάσεως
1190 2139 1582 2208 αίωνιζούσηςς
1648 2134 1792 2189 Ἀλλ’
1847 2135 1897 2189 εί

310 2238 414 2307 μὲν
452 2239 672 2308 χωρεῖς,
705 2236 802 2290 καὶ
855 2236 1158 2307 παρθενίαν
1210 2234 1476 2305 ἄσκησον,
1531 2231 1624 2284 ἵνα
1658 2228 1898 2300 δυνηθῇς

307 2327 433 2392 ὅλος
462 2326 716 2396 γενέσθαι
741 2326 836 2380 τοῦ
873 2326 1034 2389 Θεοῦ,
1073 2326 1169 2379 καὶ
1203 2324 1272 2377 δι’
1301 2323 1524 2393 ἀγάπης
1555 2320 1769 2383 τελείας
1800 2319 1900 2372 αύ-

307 2420 389 2489 τῷ
441 2420 936 2490 προσκολληθῆναι,
985 2418 1137 2488 αὐτῷ
1190 2415 1572 2489 προσεδρεύων
1627 2412 1719 2468 διὰ
1755 2411 1896 2482 βίου,

310 2515 407 2568 καὶ
442 2514 725 2586 μεριμνῶν
753 2514 1179 2582 ἀπερισπάστως
1208 2513 1296 2565 del.
1322 2510 1393 2564 τὰ
1418 2509 1514 2563 τοῦ
1541 2506 1769 2576 Κυρίου,
1803 2505 1899 2561 καὶ

311 2605 861 2676 προκαταλαμϐάνων
902 2604 1001 2675 τὴν
1052 2602 1340 2674 μέλλουσιν
1373 2598 1539 2670 ζωὴν,
1564 2599 1660 2652 καὶ
1687 2597 1765 2659 ὡς
1795 2596 1901 2662 ἄγ-

310 2696 471 2763 γελος
504 2695 643 2750 Θεοῦ
686 2698 781 2750 ἐπὶ
813 2696 915 2766 τῆς
945 2696 1052 2763 γῆς
1096 2692 1514 2762 πολιτευόμενος
1533 2706 1548 2721 ·
1578 2689 1761 2744 αὐτῶν
1788 2688 1900 2758 γάρ

317 2790 470 2840 ἐστιν
497 2789 531 2858 ἠ
558 2786 853 2858 παρθενία,
888 2786 981 2838 κοιλ⁸
1019 2783 1205 2846 αὐτοῖς
1237 2780 1517 2854 ὁμοιοῦται
1543 2778 1683 2848 μετὰ
1710 2776 1903 2849 σώμα-

313 2895 428 2941 τος.
453 2879 595 2932 κατὰ
637 2879 700 2931 τὸ
729 2878 1031 2947 ἐγχωροῦν,
1065 2879 1094 2931 6
1122 2876 1464 2945 κολλώμενος
1493 2876 1558 2943 τῇ
1597 2870 1898 2942 παρθενίᾳ·

318 2968 521 3040 μᾶλλον
542 2968 599 3022 δὲ
630 2969 737 3039 πρὸ
763 2968 990 3033 τούτων,
1037 2967 1116 3039 τῷ
1153 2966 1261 3036 πρὸ
1294 2967 1512 3019 πάντων
1544 2963 1655 3016 τῶν
1688 2961 1902 3016 αίώνων

314 3064 376 3113 ὲν
403 3061 674 3133 παρθενίᾳ
701 3062 1023 3133 γεννήσαντι
1066 3060 1265 3131 Πατρὶ,
1298 3058 1391 3111 καὶ
1418 3056 1497 3128 τῷ
1523 3055 1782 3128 παρθένῳ
1807 3055 1903 3107 καὶ

316 3153 381 3205 ὲκ
420 3152 694 3221 παρθένου
723 3153 938 3223 Πατρός
971 3153 1029 3205 ὲν
1079 3152 1221 3222 ἀρχῇ
1255 3147 1569 3219 προελθόντι
1604 3146 1900 3216 γεννητῶςο

315 3245 412 3297 καὶ
459 3243 546 3296 ἐπ’
590 3245 833 3314 ἐσχάτων
862 3245 969 3298 τῶν
1000 3244 1211 3297 αἰώνων
1252 3244 1316 3295 ὲκ
1360 3239 1639 3312 Παρθένου
1681 3240 1905 3310 Μητρὸς

318 3336 486 3404 σαρκὶ
534 3335 940 3405 γεγεννημένῳ,
996 3334 1093 3387 καὶ
1137 3333 1217 3405 τῷ
1256 3334 1321 3385 ὲκ
1362 3333 1524 3403 μόνου
1576 3331 1810 3401 Πατρδς,
1841 3329 1903 3382 οὺ

1996 2141 2065 2195 sti
2095 2140 2336 2195 dedecus
2368 2140 2590 2205 inussit,
2622 2156 2750 2197 reus
2784 2144 2893 2196 erit
2935 2144 3126 2199 aeterni
3153 2143 3406 2212 supplicii
3435 2143 3459 2197 ’ί
3492 2143 3586 2205 Ει,

1996 2232 2043 2286 si
2073 2232 2274 2297 valeas,
2302 2233 2673 2301 virginitatem
2727 2249 2909 2300 serva,
2941 2243 3001 2289 ut
3055 2235 3237 2306 possis
3288 2243 3435 2291 totus
3465 2250 3588 2290 esse

2000 2322 2114 2386 Dei,
2146 2324 2308 2391 eique
2342 2324 2584 2392 perfecta
2615 2325 2760 2383 uniri
2796 2326 3095 2393 charitate,
3126 2327 3229 2398 ipsi
3293 2335 3403 2382 tota
3476 2327 3585 2381 vita

1997 2414 2268 2477 assidens,
2300 2424 2358 2469 et
2412 2415 2790 2471 indesinenter
2820 2417 2888 2472 de
2920 2415 3154 2472 Domino
3208 2414 3501 2480 sollicitus,
3531 2425 3589 2471 ct

1997 2516 2337 2576 praegustatis
2383 2507 2550 2563 vitam
2582 2520 2870 2573 aeternam,
2908 2519 3075 2578 atque
3132 2508 3186 2564 in
3224 2519 3366 2563 terra
3399 2510 3589 2563 vivens

1998 2602 2142 2654 sicut
2167 2600 2344 2667 angeli
2379 2599 2510 2655 Dei:
2541 2601 2738 2657 horum
2789 2601 3058 2673 siquidem
3083 2611 3172 2657 est
3209 2601 3517 2674 virginitas,
3536 2611 3592 2657 et

1999 2690 2131 2760 ipsis
2150 2692 2317 2749 etiam
2339 2705 2466 2747 cum
2502 2707 2760 2762 corpore,
2801 2693 2980 2762 quoad
3027 2693 3191 2759 valet,
3247 2694 3442 2749 similis
3505 2702 3591 2751 est

1998 2788 2090 2851 qui
2123 2784 2425 2854 virginitati
2475 2785 2738 2848 adhaeret,
2766 2786 2852 2840 vel
2905 2784 3089 2853 potius
3143 2800 3307 2853 quam
3346 2784 3593 2847 illormn,

1998 2877 2193 2932 similis
2221 2884 2307 2932 est
2335 2875 2516 2933 Patris
2542 2877 2636 2947 qui
2667 2886 2798 2933 ante
2833 2877 3017 2931 omnia
3058 2874 3257 2932 atecula
3293 2875 3346 2929 in
3371 2875 3592 2946 virgini-

2002 2978 2114 3025 tate
2147 2971 2451 3040 generavit,
2484 2980 2542 3025 ct
2571 2968 2700 3024 Filii
2730 2969 2825 3039 qui
2854 2972 3012 3039 virgo
3065 2983 3133 3024 ex
3169 2966 3381 3038 virgine
3430 2965 3596 3025 Patre

2002 3063 2057 3117 in
2091 3060 2368 3133 principio
2392 3077 2488 3132 per
2536 3062 2944 3131 generationem
3005 3062 3277 3130 processit
3319 3071 3374 3116 et
3405 3060 3461 3117 in
3494 3075 3597 3117 no-

2001 3155 2244 3209 vissimis
2298 3154 2640 3224 temporibus
2679 3169 2745 3209 ex
2803 3153 3022 3224 virgine
3071 3153 3247 3210 Matre
3300 3154 3597 3210 carnaliter

2001 3246 2220 3315 genitus
2242 3255 2349 3309 est,
2380 3253 2437 3300 et
2478 3246 2722 3315 Spiritus
2746 3245 2840 3316 qui
2875 3260 2943 3300 ex
2966 3245 3083 3301 solo
3127 3243 3320 3311 Patre.
3355 3261 3467 3300 non
3500 3261 3598 3315 per

2003 3337 2436 3408 generationem,
2477 3337 2575 3392 sed
2624 3352 2727 3405 per
2784 3336 3194 3406 processionetn
3249 3337 3599 3392 ineliabiliter

316 3393 629 3497 γεννητώς,
685 3393 801 3481 ἀλλ’
862 3393 1216 3499 halt-rogemus
1270 3393 1514 3497 προϊόντι
1575 3393 1905 3496 ἀπορρήτως

2003 3431 2153 3486 exit:
2186 3430 2274 3485 cui
2303 3431 2411 3486 Deo
2444 3429 2799 3498 assimilatur,
2827 3441 2884 3486 et
2922 3431 3326 3499 incorruptibili
3347 3432 3598 3503 jungitur

317 3522 634 3590 Πνεύματι’
669 3514 716 3590 ᾧ
757 3520 877 3592 Θεῷ
905 3520 1270 3591 ἐξομοιοῦται,
1296 3522 1392 3573 καὶ⁵
1422 3523 1480 3574 ὲν
1517 3518 1780 3589 ἀφθάρτῳ
1808 3517 1905 3587 γά-

2003 3529 2254 3598 conjngio
2289 3527 2379 3582 ille
2426 3528 2519 3597 qui
2577 3540 2764 3580 veram
2801 3526 2963 3599 elegit
3009 3528 3406 3597 virginitatem,
3443 3530 3598 3599 virgo

323 3629 412 3683 μῳ
460 3612 885 3683 συναρμόζεται,
914 3614 944 3664 6
991 3610 1167 3680 ἀληθῆ
1212 3610 1516 3680 παρθενίαν
1550 3609 1905 3679 ἐπανῃρημέ-

2003 3623 2181 3676 anima
2209 3630 2266 3674 et
2293 3633 2545 3689 corpore,
2578 3629 2635 3677 et
2653 3626 2884 3675 cunctos
2929 3633 3144 3685 sensus,
3206 3622 3599 3688 sermonesque

316 3720 432 3767 νοτ,
469 3703 565 3756 καὶ
588 3703 768 3773 ψυχὴν
807 3701 901 3755 καὶ
949 3702 1110 3771 σῶμα
1144 3700 1521 3773 παρθενεύων,
1572 3700 1825 3769 αἴσθησίν
1847 3716 1905 3751 τε

2003 3724 2053 3768 et
2077 3712 2437 3782 cogitationes
2465 3714 2664 3767 decore
2686 3711 3021 3781 virginitatis
3039 3726 3338 3767 exornans.
3367 3709 3427 3766 Si
3462 3727 3598 3767 vero

317 3795 527 3853 πᾶσαν,
571 3795 665 3846 καὶ
700 3793 879 3862 λόγον,
918 3792 1013 3846 καὶ
1043 3792 1304 3857 διάνοιαν,
1334 3793 1452 3854 τοῖς
1491 3791 1591 3862 τῆς
1612 3790 1905 3862 παρθενίας

2005 3819 2113 3858 non
2144 3804 2317 3873 eligas
2346 3802 2739 3874 virginitatem,
2804 3818 2986 3872 neque
3019 3805 3163 3859 hanc
3193 3803 3307 3860 Deo
3359 3806 3599 3874 despon-

318 3886 581 3940 κάλλεσιν
647 3885 1021 3955 ώραῖζόμενος
1051 3899 1067 3914 ·
1144 3884 1196 3936 εί
1274 3884 1333 3936 δὲ
1409 3882 1486 3954 μὴ
1553 3882 1905 3952 παρθενεύειν

2004 3899 2158 3960 deas,
2188 3897 2315 3952 licet
2347 3897 2446 3953 tibi
2487 3912 2658 3952 unam
2719 3911 2947 3951 uxorem
2977 3897 3133 3964 juxta
3185 3897 3334 3969 leges
3396 3898 3454 3952 in
3485 3898 3601 3952 Do-

320 3981 593 4049 προαιρῇ,
648 3977 784 4047 μηδὲ
817 3975 1287 4046 καθωμολόγησας
1334 3975 1495 4029 τοῦτο
1526 3974 1604 4044 τῷ
1634 3975 1776 4044 Θεῷ,
1821 3973 1905 4037 ἔξ-

2008 3991 2159 4046 mino
2187 3990 2411 4054 ducere,
2435 3989 2597 4059 eique
2629 3988 2730 4044 soli
2764 3988 3107 4054 cohabitare,
3135 3997 3191 4043 et
3218 3997 3277 4042 ut
3316 3988 3597 4058 proprium

319 4070 441 4122 εστί
472 4087 554 4122 σοι
602 4069 733 4137 μίαν
779 4070 1015 4135 γυναῖκα
1047 4066 1190 4121 κατὰ
1218 4066 1419 4137 νόμους
1464 4067 1522 4119 ὲν
1548 4065 1740 4135 Κυρίῳ
1772 4065 1905 4132 ἀγα-

2008 4083 2245 4137 tibivas
2308 4083 2358 4135 iu
2409 4083 2701 4136 sanctitate
2746 4080 3052 4149 possidere,
3114 4078 3183 4134 ab
3242 4080 3436 4134 alienis
3491 4088 3602 4134 tota

318 4160 544 4229 γέσθαι,
592 4158 690 4213 καὶ
720 4157 897 4229 ταύτῃ
932 4158 1073 4231 μόνῃ
1107 4159 1400 4222 συνοικεῖν,
1427 4158 1525 4210 καί⁹
1552 4155 1628 4220 ὡς
1668 4155 1798 4209 ἴδιόν
1828 4171 1912 4207 σοι

282 4258 285 4261 ’
321 4249 523 4314 σκεῦος
562 4248 796 4303 κτᾶσθαι
848 4250 908 4301 ἐν
939 4248 1223 4319 ἁγιασμῷ,
1263 4247 1373 4301 τῶν
1417 4246 1716 4318 ἀλλοτρίων
1761 4245 1913 4316 πάσῃ

318 4342 554 4410 δυνάμει
584 4339 946 4409 ἀπεχόμενος.
976 4338 1193 4409 Δυνήσῃ
1221 4338 1280 4391 δὲ
1303 4337 1509 4392 τούτων
1539 4337 1740 4401 τελέως
1777 4338 1916 4390 ἀπο-

321 4431 578 4501 σχέσθαι,
606 4431 700 4484 ἐὰν
740 4430 953 4503 φυλάξῃ
992 4431 1092 4494 τὰς
1124 4430 1265 4501 πρὸς
1297 4429 1467 4492 αὐτὰς
1496 4429 1763 4502 ἀκαίρους
1791 4446 1917 4482 συν-

317 4523 541 4592 τυχίας,
602 4522 696 4576 καὶ
728 4523 839 4585 τοῖς
896 4524 1178 4593 πορνικοίς
1225 4521 1406 4591 λόγοις
1461 4521 1556 4576 καὶ
1603 4521 1917 4592 ἀκούσμασι

324 4614 407 4685 μὴ
464 4613 738 4684 ἐπιτέρπῃ
761 4628 775 4643 ⁸
823 4613 917 4667 καλ¹
955 4613 1125 4683 αὐτὴν
1168 4614 1268 4683 τὴν
1306 4614 1404 4684 σὴν
1434 4613 1556 4682 ὄψιν
1589 4613 1684 4667 τοῦ
1715 4631 1775 4668 τε
1808 4614 1917 4665 σώο

2008 4174 2212 4227 virtute
2254 4172 2562 4228 abstinens.
2611 4168 2828 4226 Poteris
2879 4181 3063 4224 autem
3125 4170 3191 4225 ab
3241 4171 3326 4226 his
3357 4170 3602 4240 perfecte

2012 4267 2316 4331 abstinere,
2344 4266 2391 4320 si
2417 4277 2618 4320 caveas
2645 4263 3063 4331 intempestivos
3084 4277 3209 4318 cum
3243 4262 3324 4319 eis
3347 4276 3606 4332 congres-

2011 4374 2127 4423 sus,
2153 4367 2209 4414 et
2241 4357 2419 4428 turpia
2452 4357 2639 4412 dicere
2669 4355 2757 4410 vel
2787 4355 2981 4410 audire
3022 4371 3130 4411 non
3163 4371 3337 4425 ames,
3370 4366 3424 4411 et
3454 4357 3602 4428 ipsos

2011 4452 2261 4522 corporis
2289 4459 2344 4505 et
2374 4449 2574 4505 anima:
2608 4448 2799 4504 oculos
2830 4450 2899 4502 ab
2937 4449 3020 4503 eis
3060 4458 3301 4512 avertas.
3334 4461 3598 4520 quantum

2013 4543 2240 4613 poteris,
2272 4549 2327 4597 et
2361 4555 2657 4596 assuescas
2683 4556 2794 4595 non
2831 4541 3053 4595 curiose
3074 4541 3321 4594 vultuum
3360 4543 3600 4609 pulchri-

2017 4635 2263 4691 tudinem
2290 4632 2573 4701 aspicere:
2620 4647 2745 4686 nam
2784 4649 2804 4682 t
2832 4632 2925 4702 qui
2982 4632 3180 4685 viderit
3217 4635 3497 4687 mulierem
3534 4637 3604 4690 ad

325 4723 501 4777 ματος
530 4708 625 4760 καὶ
671 4707 768 4774 τῆς
812 4705 993 4776 ψυχῆς
1042 4706 1393 4778 ἀποστρέψῃς
1428 4708 1523 4760 ἀπ’
1577 4705 1781 4768 αὐτῶν,
1831 4707 1905 4774 ιφ

2015 4728 2513 4798 concupiscendum
2561 4741 2705 4790 eam,
2730 4725 2842 4794 jam
2908 4725 3217 4780 moechatus
3276 4735 3359 4781 est
3396 4741 3516 4780 eam
3552 4729 3604 4783 iu

320 4802 451 4853 ὅσον
481 4799 706 4852 δυνατόν
733 4817 745 4831 ν
788 4799 881 4851 καὶ
910 4798 1200 4870 συνεθίσῃς
1227 4797 1304 4870 μὴ
1334 4798 1643 4867 περιέργως
1675 4796 1754 4866 τῷ
1782 4797 1916 4849 κάλ-

323 4900 408 4944 λει
455 4892 562 4943 τῶν
605 4891 916 4962 προσώπων
950 4891 1164 4960 ὲνορᾷν.
1221 4910 1239 4943 ‹
1262 4891 1321 4942 'U
1371 4890 1481 4961 γὰρ
1513 4889 1792 4961 ἐμϐλέψας
1817 4905 1919 4958 γυ-

323 4983 502 5045 var/.1,
533 4984 671 5054 πρὸς
721 4986 782 5038 τὸ
814 4983 1156 5055 ἐπιθυμῆσαι
1204 4983 1398 5053 αὐτὴν,
1447 4982 1550 5053 ἤδη
1599 4981 1919 5053 ἐμοίχευσεν

326 5074 503 5147 αὐτὴν
542 5078 599 5129 ὲν
644 5079 709 5147 τῇ
741 5076 938 5147 καρδίᾳ
967 5075 1134 5128 αὑτοῦ
1157 5093 1169 5105 ·
1209 5093 1229 5125 ι
1290 5075 1556 5128 καὶκατά
1600 5074 1758 5128 τοῦτο
1819 5073 1918 5142 μὲν

319 5167 641 5237 ἀκάθαρτός
670 5168 789 5222 ἐστι
822 5167 900 5238 τῷ
943 5168 1025 5232 είς
1067 5166 1300 5238 καρδίαν
1353 5165 1608 5236 βλέποντι
1652 5165 1914 5236 Χριστῷ·

328 5259 441 5315 ἀπὸ
465 5263 658 5313 τούτου
684 5260 741 5313 δὲ
801 5260 895 5313 καὶ
938 5259 1033 5312 ἐπὶ
1064 5256 1165 5330 τὴν
1218 5257 1308 5312 διὰ
1344 5258 1596 5328 σώματος
1628 5261 1923 5331 αίσχρουρω

324 5353 461 5421 γίαν
492 5353 736 5421 καταντᾷ
768 5351 798 5403 6
835 5350 1088 5413 δείλαιος.
1131 5349 1240 5402 Καὶ
1272 5349 1326 5401 τί
1366 5348 1508 5417 λέγω
1538 5351 1792 5418 πορνείας
1825 5348 1921 5402 καὶ

334 5446 603 5517 μοιχείας,
649 5446 745 5500 καὶ
800 5447 981 5499 πάντα
1010 5445 1079 5497 τὰ
1132 5446 1192 5498 ὲν
1238 5444 1376 5515 αὐτῇ
1418 5445 1482 5514 τῇ
1520 5442 1680 5511 φύσει
1735 5443 1916 5514 μύσηῖ

332 5542 429 5593 καὶ
456 5540 564 5610 γὰρ
604 5539 701 5592 καὶ
737 5541 817 5602 εἰς
857 5538 956 5602 τὰς
990 5539 1143 5608 παρὰ
1183 5538 1365 5591 πᾶσαν
1411 5538 1575 5606 φύσιν
1604 5537 1916 5605 ἀσελγείας.

332 5632 447 5689 ἀπὸ
495 5630 590 5683 τοῦ
622 5631 933 5702 περιέργως
978 5633 1170 5703 ἐνορᾷν
1207 5633 1321 5693 τοίς
1350 5630 1460 5683 τῶν
1494 5629 1765 5700 σωμάτων
1794 5629 1923 5682 κάλ-

332 5729 508 5787 λεσιν,
543 5725 858 5789 ἀκολάστως
890 5724 1260 5793 κατασύρεται
1293 5726 1321 5776 6
1357 5723 1669 5792 ἄνθρωπος.
1705 5723 1778 5775 Σὺ
1808 5721 1922 5775 τοί-

1937 4857 1951 4875 .
2010 4820 2185 4876 corde‘
2205 4835 2306 4875 suo
2327 4818 2407 4886 ⁸⁸,
2442 4814 2547 4872 ιἐι
2576 4826 2800 4888 prOpter
2828 4817 2931 4872 hoc
2956 4817 3268 4871 immundus
3301 4826 3387 4872 est
3420 4833 3609 4874 coram

2015 4914 2339 4984 inspiciente
2400 4912 2566 4967 corda
2623 4910 2868 4973 Christo,
2933 4919 2988 4965 ct
3050 4911 3104 4964 in
3173 4913 3422 4983 corporis
3499 4924 3612 4968 tur-

2016 4992 2322 5080 pitudinem
2356 5005 2550 5061 infelix
2579 5002 2834 5059 discedit.
2871 5001 2939 5057 Et
2989 5016 3094 5058 cur
3124 5002 3308 5060 refero
3374 5003 3613 5058 fornica-

2022 5104 2202 5157 tiones
2236 5108 2294 5154 et
2344 5098 2636 5159 adulteria,
2691 5104 2748 5149 et
2785 5109 3149 5164 quacumque
3204 5104 3333 5151 sunt
3382 5095 3436 5149 in
3491 5096 3610 5164 ipsa

2024 5201 2217 5248 natura
2256 5187 2748 5245 abominationes?
2783 5185 2921 5240 Nam
2960 5197 3015 5244 et
3047 5191 3100 5243 in
3128 5189 3460 5245 contrariam
3511 5204 3612 5241 na-

2024 5297 2161 5341 tura:
2222 5285 2491 5339 luxuriam
2568 5284 2793 5345 curioso
2860 5284 3160 5338 formarum
3241 5283 3608 5350 corporalium

2026 5391 2248 5451 aspectu
2285 5380 2521 5433 trahitur
2555 5377 2740 5431 homo.
2772 5377 2853 5431 Tn
2900 5377 3064 5447 igitur
3119 5389 3335 5428 amaros
3372 5390 3402 5426 a
3441 5382 3496 5427 te
3526 5388 3612 5428 rec

2023 5488 2218 5528 secans
2254 5473 2490 5535 radices,
2529 5469 2841 5525 mortiferos
2897 5485 3001 5523 non
3035 5469 3177 5523 feres
3239 5468 3474 5530 fructus,
3516 5472 3615 5523 sed

2026 5565 2388 5621 fructificabis
2435 5566 2754 5636 puritatem,
2818 5572 2872 5616 ct
2907 5566 3025 5631 ejus
3084 5562 3458 5623 sanctitatem,
3496 5561 3613 5616 sine

2027 5674 2133 5727 qua
2176 5671 2337 5711 nemo
2367 5656 2661 5713 Dominum
2706 5657 2931 5711 videbit.
3260 5651 3273 5660 ’

336 5823 436 5858 νυν
464 5808 560 5871 τὰς
592 5805 798 5875 πικρὰς
849 5805 1136 5861 ἐκκόπτων
1183 5807 1341 5875 ῥίζας
1379 5806 1490 5858 ἀπὸ
1548 5807 1800 5873 σεαυτοῦ,
1866 5808 2287 5880 θανατηφόρους
2321 5810 2423 5863 οὐκ
2479 5811 2648 5873 οἴσεις
2698 5807 2946 5877 καρπούς
2972 5822 2985 5835 ·
3026 5808 3159 5862 ἀλλὰ
3200 5815 3476 5883 καρπώσῃ
3507 5813 3603 5879 τὴν

341 5898 587 5965 ἁγνείαν,
611 5901 705 5952 καὶ
732 5902 822 5953 τδν
855 5901 913 5953 ἐν
945 5899 1082 5968 αὐτῇ
1112 5900 1388 5969 ἁγιασμόν
1414 5914 1426 5926 °
1465 5894 1524 5953 οὗ
1548 5902 1719 5972 χωρὶς
1749 5901 1927 5966 οὐδεὶς
1964 5902 2160 5971 ὅρεται
2202 5903 2294 5956 τὸν
2326 5902 2556 5974 Κύριον.
2610 5970 2618 5974 δ

416 5985 459 6017 ’θ
492 5987 667 6042 Exod.
700 6003 791 6050 xx,
826 5988 912 6042 l4.
1026 5987 1070 6017 ⁷⁵
1108 5986 1276 6042 Levit.
1314 6002 1445 6052 xxv,
1483 5986 1536 6041 9.

635 6084 902 6143 Parum.
931 6083 1047 6140 Gn.
1088 6083 1182 6143 (ΣΙ,

1649 5984 1694 6016 ⁸ο
1726 5980 1920 6035 Matth.
1954 5997 2008 6046 ν,
2039 5980 2132 6034 28.

3121 6062 3199 6120 33
