3988 6504
321 457 449 521 1101

1599 464 1696 521 DE
1738 463 2084 524 HESYCHA
2096 459 2279 523 STIS.

3427 465 3572 529 1102

314 571 525 635 γένοιτο
562 567 767 629 πάντας
804 570 950 639 ἡμᾶς
989 573 1288 640 ἐπιτυχεῖν,
1325 574 1512 642 χάριτι
1553 574 1649 628 καὶ
1694 575 1926 644 φιλανη

2003 585 2045 628 :t
2078 577 2278 640 honor,
2309 584 2365 630 et
2395 575 2664 638 adoratio,
2706 592 2830 631 cum
2867 579 3108 648 ingenito
3148 578 3267 648 ejus
3297 577 3475 642 Patre,
3515 594 3570 634 et

313 660 536 730 θρωπίᾳ
579 659 673 713 τοῦ
719 662 950 732 Κυρίου,
982 665 1075 718 καὶ
1110 664 1246 716 Θεοῦ
1297 665 1389 717 καὶ
1441 665 1691 734 Σωτῆρος
1723 666 1880 735 ἡμῶν

325 752 505 819 Ἰησοῦ
524 752 784 822 Χριστοῦ,
804 748 848 822 ᾧ
868 756 1069 825 πρέπει
1093 758 1243 810 πάσα
1261 758 1406 822 δόξα,
1425 758 1585 827 τιμὴ,
1605 759 1700 812 καὶ
1714 776 1882 827 προσ-

1993 667 2362 732 sanctissimo,
2399 669 2608 736 optimo
2640 679 2692 723 et
2731 670 2950 725 vivilico
3005 669 3247 739 Spiritu,
3285 685 3473 732 nunc,
3513 681 3570 725 et

1989 774 2234 828 semper,
2265 769 2318 813 et
2359 759 2412 812 in
2451 760 2648 813 saecula
2671 762 3019 816 saecalorum.
3055 763 3252 816 Amen.

323 844 571 916 κύνησις,
604 850 700 902 σὺν
731 851 808 919 τῷ
833 852 1054 922 ἁνὰρχῳ
1080 853 1248 908 αὑτοῦ
1279 854 1478 922 Πατρὶ,
1515 855 1608 906 καὶ
1655 853 1733 921 τῷ
1763 855 2017 924 παναγίῳ
2060 857 2153 910 καὶ
2188 855 2377 924 ἀγαοῷ
2428 859 2527 910 καὶ
2562 857 2814 928 ζωοποιῷ
2841 860 3142 928 Πνεύματι,
3175 862 3290 924 νῦν,
3317 861 3409 914 καὶ
3442 860 3552 926 ἀεὶ,

323 940 420 990 καὶ
455 942 535 1002 εἰς
559 942 686 1004 τοὺς
717 943 918 1004 αίῶνας
947 945 1056 996 τῶν
1086 944 1319 997 αἰώνων.
1367 945 1558 1015 Ἀμήν.

345 1073 506 1098 ..οξ-..τέ

491 1074 610 1086 ..υ-

579 1072 1707 1097 m

915 1072 3567 1099 ww

1810 1211 1904 1280 ΕΚ
1956 1211 2095 1263 ΤΩΝ

1181 1376 1408 1460 ΤΟΥ
1481 1339 1856 1460 ΑΥΤΟΥ
1938 1373 2274 1458 ΑΓΙΟΥ
2353 1374 2726 1458 ΑΟΓΩΝ

1902 1575 2018 1614 ΥΠΕΡ

916 1725 1216 1837 ΤΩΝ
1309 1721 1736 1834 ΙΕΡΩΣ
1809 1719 2986 1839 Ι-ΙΣΥΧΑΖΟΝΤΩΝ.

1004 2091 1194 2203 ΕΧ
1270 2085 1903 2201 EJUSDEM
1997 2085 2903 2203 SERMONIBUS

1859 2311 1924 2351 DE
1970 2311 2041 2351 IIS

768 2465 978 2572 QUI
1055 2461 1452 2552 SACRZE
1529 2457 2240 2547 INDULGENT
2331 2463 3120 2563 QUIETUDINI.

747 2777 1066 2842 Ἐρωτησις
1093 2775 1243 2841 πρὸς
1266 2775 1473 2829 αὐτόν.

395 2909 588 2973 Καλῶς
609 2908 889 2980 ἐποίησας,
923 2909 1128 2979 Πὰτερ,
1155 2910 1250 2962 καὶ¹
1273 2911 1400 2973 τοὺς
1437 2910 1545 2963 τῶν
1569 2912 1736 2979 ἁγίων
1766 2929 1831 2965 πε
1841 2915 1895 2982 pi.

323 3005 418 3057 τοῦ
468 3003 776 3072 ζητήματός
832 3017 920 3070 μοι
971 3001 1162 3069 λόγους
1220 3002 1572 3073 προθέμενος.
1632 3005 1732 3058 Σοῦ
1787 3007 1894 3072 γὰρ

321 3095 538 3148 ἁκούων
557 3093 770 3156 λύοντός
803 3109 894 3161 μοι
924 3091 992 3145 τὰ
1023 3093 1421 3163 διηπορημένα,
1459 3093 1770 3164 ἐθαύμαζον
1801 3098 1898 3164 μὲν

326 3187 427 3254 τῆς
459 3185 718 3254 ἀληθείας
773 3185 833 3236 τὸ
868 3185 1106 3253 ἐμφανές
1138 3201 1152 3215 ·
1187 3186 1364 3238 ἐκεῖνο
1391 3187 1448 3239 δέ
1491 3204 1595 3256 μου
1645 3189 1898 3260 ύπεισῄει

329 3275 398 3342 τῇ
429 3272 656 3342 διανοίᾳ,
690 3273 763 3334 ὡς
787 3271 1016 3342 ἐπείπερ
1039 3272 1178 3343 λόγῳ
1212 3274 1429 3327 παλαίει
1463 3276 1568 3337 πᾶς
1599 3275 1754 3344 λόγος
1785 3295 1798 3307 ·
1825 3277 1900 3340 ὡς

331 3362 426 3415 καὶ
453 3362 611 3424 αὐτὸς
637 3361 864 3431 ε’ρηκας
887 3377 903 3394 ·
931 3361 1006 3432 μὴ
1027 3363 1121 3414 καὶ
1149 3365 1263 3426 τοῖς
1296 3363 1400 3416 ὑπὸ
1430 3365 1524 3416 σοῦ
1555 3365 1894 3435 λεγομένοις,

315 3449 481 3515 αὖθις
503 3454 587 3523 εἴη
617 3471 700 3513 τις
751 3455 1032 3521 ἀντιλογία
1060 3472 1072 3484 ·
1106 3456 1230 3507 ἐπεὶ
1270 3456 1328 3508 δὲ
1354 3457 1453 3526 τὴν
1475 3456 1565 3508 διὰ
1589 3457 1695 3510 τῶν
1723 3458 1901 3528 ἔργων

242 3564 247 3568 ·
326 3542 632 3612 μαρτυρίαν
686 3544 854 3614 μόνην
904 3545 1074 3612 ἔγνων
1125 3544 1290 3598 οὖσαν
1325 3547 1746 3614 ἀναμφίλεκτον,
1806 3547 1908 3601 καὶ

323 3631 450 3692 τοὺς
472 3631 661 3698 ἁγίους
689 3632 756 3684 τὰ
785 3633 923 3685 αὐτὰ
963 3650 1044 3686 σοι
1077 3634 1333 3701 λέγοντας
1364 3637 1597 3705 ἀκήκοα,
1623 3637 1772 3689 οὐδὲν
1798 3654 1902 3688 τοι-

328 3722 489 3774 οῦτον
541 3722 622 3774 ἔτι
675 3723 888 3776 δέδοικα
915 3741 928 3755 ·
963 3726 992 3777 ὀ
1047 3728 1153 3796 γὰρ
1180 3726 1389 3789 τούτοις
1443 3728 1516 3796 μὴ
1557 3728 1896 3796 πειθόμενος.

329 3811 447 3873 πῶς
482 3811 550 3865 ἂν
581 3813 743 3877 αὐτὸς
767 3814 1079 3878 ἀξιόπιστος
1114 3819 1195 3885 εἴη
1220 3834 1233 3880 ;
1261 3817 1376 3879 πῶς
1399 3816 1443 3868 δ’
1477 3818 1576 3869 οὐκ
1597 3816 1661 3869 ἂν
1681 3816 1896 3885 ἀθετοίη

322 3903 417 3955 τὸν
439 3903 548 3956 τῶν
570 3905 741 3972 ἁγίων
771 3907 904 3958 Θεόν
925 3924 937 3971 ;
964 3906 1139 3959 Αὐτοῦ
1167 3908 1275 3977 γάρ
1303 3910 1417 3961 ἐστι
1438 3909 1594 3976 λόγος
1617 3909 1751 3980 πρὸς
1776 3911 1900 3970 τοὺς

328 3994 684 4058 ἀποστόλους,
722 3996 815 4047 καὶ
875 3995 943 4048 δι’
978 3996 1157 4048 αὐτῶν
1194 3997 1330 4064 πρὸς
1382 3999 1507 4060 τοὺς
1538 3997 1654 4066 μετ’
1703 3998 1901 4060 αὐτοὺς

325 4084 516 4148 ἁγίους
569 4085 878 4154 εἰρημένος,
927 4087 1008 4138 ὃτι
1044 4106 1063 4136 ι
1117 4086 1176 4138 Ὀ
1202 4087 1410 4139 ἀθετῶν
1452 4088 1616 4155 ὑμᾶς,
1649 4089 1749 4158 ἐμὲ
1778 4091 1874 4143 ὰθε
1919 4125 1965 4189 C

326 4178 414 4226 τεῖ
455 4193 467 4205 ·
505 4195 522 4224 ι
557 4177 760 4228 ταυτὸν
814 4178 858 4228 δ’
891 4179 1082 4241 εἰπεῖν,
1113 4179 1282 4249 αὐτὴν
1310 4179 1407 4249 τὴν
1463 4172 1741 4250 ἁλήθεῖαν.
1776 4183 1898 4246 [ιὼς

320 4266 418 4319 οῦν
441 4268 764 4340 ἀποδεχοείη
792 4270 942 4337 παρὰ
981 4270 1087 4321 τῶν
1132 4271 1436 4340 ζητούντων
1460 4272 1558 4342 τὴν
1587 4272 1842 4344 ἀλήθειαν
1872 4279 1899 4327 ὁ

321 4357 704 4425 ἀντικείμενος
736 4362 800 4429 τῇ
837 4359 1095 4430 ἀληθείᾳ;
1119 4361 1210 4412 Διὸ
1241 4362 1548 4430 παρακαλῶ
1579 4379 1661 4426 σε,
1695 4365 1895 4434 Πάτερ,

321 4449 556 4502 ἀκοῦσαί
604 4469 705 4519 μου
741 4452 833 4502 καί
881 4451 988 4503 τῶν
1020 4451 1194 4504 ἄλλων
1232 4452 1462 4506 ἕκαστον
1491 4453 1798 4521 διεξιόντος,
1826 4450 1900 4509 ὧν

317 4541 476 4610 παρὰ
497 4540 605 4593 τῶν
632 4541 721 4593 διὰ
750 4541 863 4610 βίου
899 4543 1004 4611 τὴν
1037 4541 1353 4612 Ἑλληνικὴν
1383 4545 1634 4599 παιδείαν
1687 4547 1899 4615 μετιόν-

317 4651 432 4686 των
485 4634 717 4702 ἀνδρῶν,
759 4635 972 4702 ἀκήκοα
1023 4635 1268 4698 ἐκείνων,
1317 4638 1412 4690 καὶ
1449 4640 1624 4691 εἰπεῖν
1673 4641 1771 4706 μέν
1809 4657 1898 4708 μοι

319 4724 418 4775 καί
463 4741 516 4777 τι
569 4725 674 4776 τῶν
716 4725 1016 4778 δοκούντων
1050 4729 1198 4795 παρὰ
1226 4729 1452 4782 σεαυτοῦ
1487 4731 1625 4800 πρὸς
1676 4731 1850 4784 ταῦτα
1879 4747 1894 4760 ο

318 4817 638 4884 προσθεῖναι
669 4817 723 4868 δὲ
749 4817 844 4868 καὶ
870 4819 966 4877 τὰς
992 4818 1098 4870 τῶν
1126 4819 1297 4887 ἁγίων
1329 4822 1459 4889 περὶ
1482 4821 1688 4874 τούτων
1718 4823 1896 4886 δόξας.

317 4907 555 4973 Λέγουσι
580 4907 688 4974 γὰρ
708 4909 854 4978 ἡμᾶς
885 4909 1069 4970 κακῶς
1100 4913 1298 4972 ποιεῖν,
1324 4910 1473 4964 ἔνδον
1513 4913 1608 4966 τοῦ
1647 4913 1901 4982 σώματος

319 4998 676 5060 σπεύδοντας,
715 5000 806 5052 τὸν
835 5000 1104 5070 ἡμέτερον
1139 5002 1548 5072 ὲμπερικλείειν
1593 5002 1717 5055 νοῦν
1745 5021 1756 5033 ⁸
1793 5004 1901 5069 ἔξω

316 5089 432 5158 γὰρ
467 5090 560 5142 τοῦ
588 5091 862 5161 σώματος,
892 5093 1044 5158 φασὶ,
1075 5092 1276 5162 μᾶλλον
1298 5095 1515 5163 χρῆναι,
1536 5096 1900 5167 παντίτρόπῳ

317 5180 513 5233 τοῦτον
555 5182 774 5245 ἐξωθεῖν
812 5201 826 5214 ο
886 5183 966 5236 διὸ
998 5185 1088 5235 καὶ
1114 5183 1431 5255 διασύρουσι
1468 5185 1702 5255 ·σιρόδρα
1747 5189 1900 5250 τινας

315 5273 436 5326 τῶν
461 5273 766 5343 ἡμέτερων,
801 5276 920 5327 κατ’
951 5275 1130 5327 αὐτῶν
1169 5275 1500 5344 γράφοντες,
1530 5277 1604 5339 ὡς
1631 5280 1743 5340 τοῖς
1799 5280 1898 5347 ἀρ-

1925 2788 1974 2850 Β

2512 2791 2744 2855 Qucestio
2779 2793 2847 2844 ad
2880 2790 3052 2845 illum.

2072 2880 2432 2947 Beneqlecisti,
2454 2881 2637 2944 Pater,
2676 2891 2988 2937 sanctorum
3019 2885 3280 2951 quaerenti
3315 2885 3442 2940 mihi
3465 2901 3576 2942 ser-

2003 2987 2194 3027 mones
2239 2987 2574 3042 proponens.
2613 2973 2746 3025 Nam
2783 2985 2834 3027 te
2868 2974 3094 3028 audiens
3130 2989 3246 3028 mea
3295 2975 3456 3030 dubia
3491 2993 3578 3032 re-

2001 3067 2337 3129 solventem,
2374 3066 2616 3119 mirabar
2663 3066 2910 3121 veritatis
2948 3067 3302 3122 evidentiam.
3345 3067 3472 3122 Mihi
3503 3079 3580 3123 ta-

2001 3173 2124 3212 men
2163 3158 2327 3212 timor
2350 3157 2589 3211 animum
2620 3157 2860 3211 subierat
2884 3170 2972 3222 ne,
2996 3161 3120 3228 quia
3159 3160 3324 3214 verbo
3351 3161 3576 3214 verbum

2002 3265 2218 3318 semper
2239 3251 2554 3321 opponitur,
2603 3250 2809 3319 utipse
2854 3251 3138 3305 confessus
3193 3266 3271 3314 es,
3307 3256 3580 3308 sermoni-

2002 3343 2101 3396 bus
2120 3342 2230 3397 tuis
2252 3341 2456 3408 aliquid
2478 3355 2673 3394 rursus
2686 3341 3165 3396 contradiceretur.
3195 3341 3298 3395 Sed
3319 3346 3574 3410 quoniam

2000 3436 2176 3488 solum
2213 3449 2278 3487 ex
2306 3433 2566 3501 Operihus
2591 3432 2966 3486 testimonium
2989 3433 3104 3486 scio
3129 3433 3409 3486 indubiam
3433 3450 3573 3498 esse,

2000 3535 2057 3580 et
2090 3532 2306 3578 sanctus
2339 3522 2528 3577 eadem
2579 3537 2641 3576 ac
2674 3532 2726 3576 te
2769 3523 3015 3576 dicentes
3064 3523 3267 3587 audivi,
3296 3525 3407 3594 jam
3441 3525 3572 3579 nihil

2003 3612 2307 3681 huiusmodi
2328 3611 2644 3678 metuo.Qui
2664 3613 2805 3666 enim
2825 3612 2927 3666 hos
2948 3627 3050 3664 non
3089 3613 3281 3678 credit,
3301 3616 3576 3682 quomodo

2000 3705 2117 3774 ipse
2171 3705 2365 3774 dignus
2420 3705 2526 3758 ﬁde
2595 3703 2774 3759 esset?
2823 3703 3016 3758 Nonne
3077 3707 3290 3774 spernit
3345 3719 3571 3761 sancto-

2000 3813 2120 3852 rum
2160 3797 2360 3850 Deum?
2423 3798 2524 3851 Hic
2587 3798 2731 3850 enim
2785 3799 2852 3851 ad
2902 3799 3198 3863 apostolos,
3254 3808 3310 3853 et
3358 3816 3456 3869 per
3481 3817 3576 3856 eos

2001 3895 2066 3945 ad
2123 3892 2447 3959 posteriores
2497 3891 2575 3944 eis
2613 3899 2834 3944 sanctos
2857 3891 3026 3944 dixit:
3069 3908 3086 3941 ι
3119 3891 3217 3957 Qui
3244 3906 3341 3945 vos
3366 3895 3575 3961 spernit

2000 3998 2088 4038 me
2133 3983 2462 4053 spernit"',
2504 4000 2522 4034 ι
2582 3983 2687 4046 vel,
2723 3983 2863 4050 quod
2899 3983 3038 4036 idem
3080 3994 3185 4048 est,
3249 3985 3421 4053 ipsam
3479 4001 3572 4040 ve-

2001 4079 2239 4132 ritatem.
2301 4076 2587 4142 Quomodo
2642 4090 2769 4142 ergo
2824 4077 3157 4144 reciperetur
3201 4093 3229 4129 a
3287 4079 3570 4130 veritatem

1999 4169 2364 4239 querentibus
2425 4168 2516 4236 qui
2575 4167 2901 4222 contradicit
2959 4169 3227 4221 veritati?
3295 4168 3418 4221 Ideo
3455 4186 3575 4237 pre-

1999 4279 2098 4318 cor
2160 4273 2232 4325 te,
2303 4261 2504 4324 Pater,
2576 4270 2634 4313 nt
2699 4261 2889 4315 audias
2947 4276 3032 4314 me
3091 4247 3302 4331 singula
3351 4276 3573 4330 percur—

2000 4365 2206 4409 renlem
2252 4354 2351 4406 alia
2425 4369 2542 4422 qua:
2591 4355 2771 4408 audivi
2830 4370 2856 4406 a
2910 4354 3040 4408 viris
3073 4355 3177 4409 illis
3206 4357 3292 4424 qui
3325 4357 3488 4408 vitam
3519 4359 3572 4407 in

1999 4448 2216 4502 ethnica
2252 4446 2532 4512 disciplina
2565 4457 2856 4514 peragunt,
2902 4457 3067 4514 utque
3095 4448 3222 4500 mihi
3257 4449 3408 4501 dicas
3447 4451 3572 4515 quid

2003 4537 2103 4589 ista
2135 4537 2418 4588 videantur
2442 4544 2491 4587 et
2518 4537 2685 4588 addas
2706 4543 3019 4588 sanctorum
3047 4536 3113 4590 de
3138 4537 3219 4588 his
3247 4539 3568 4590 sententias.

2003 4626 2133 4680 Nam
2159 4627 2347 4680 dicunt
2375 4639 2472 4677 nos
2507 4624 2645 4675 male
2678 4623 2855 4677 facere
2904 4625 3044 4675 intra
3082 4639 3276 4692 corpus
3307 4627 3572 4678 studendn

2003 4729 2242 4772 nostram
2270 4717 2543 4772 includere
2565 4723 2799 4768 mentem
2831 4731 2845 4767 :
2871 4714 3139 4782 siquidem
3166 4724 3315 4767 extra
3349 4730 3569 4784 corpus,

2002 4808 2274 4876 inquiunt,
2306 4808 2484 4873 potius
2513 4813 2728 4874 oportet
2754 4819 2872 4857 eam
2901 4803 3048 4856 omni
3084 4805 3245 4857 modo
3277 4808 3572 4871 expellere.

2003 4901 2191 4967 Itaque
2245 4899 2504 4967 quosdam
2564 4906 2874 4949 nostrorum
2933 4896 3134 4950 acriter
3177 4898 3476 4951 dilacerant
3521 4911 3574 4950 et

2001 4993 2218 5060 scriptis
2252 4999 2486 5059 arguunt
2515 4991 2744 5042 suadere
2767 4988 3153 5057 incipientibus
3187 4998 3246 5042 ut
3284 4991 3334 5043 in
3367 4992 3574 5058 seipsos

2003 5085 2314 5152 inspiciam,
2345 5091 2398 5136 et
2435 5097 2529 5150 per
2563 5080 2974 5148 respirationem
3016 5081 3384 5135 intromittant
3418 5098 3569 5134 suam

2003 5187 2262 5241 mentem,
2306 5177 2549 5227 dicentes
2591 5187 2693 5225 non
2733 5183 3040 5239 separatam
3079 5188 3200 5225 esse
3238 5185 3468 5226 mentem
3499 5177 3567 5225 ah

2001 5268 2178 5321 anima
2214 5283 2229 5324 :
2274 5282 2377 5319 non
2410 5257 2710 5332 separatam
2746 5266 2929 5332 igitur.
2963 5266 3055 5318 sed
3093 5270 3403 5317 adi-natam.
3443 5284 3573 5328 quo-

317 5362 535 5432 χαρίοις
575 5364 973 5434 παραινοῦντας
1034 5366 1117 5433 ἐφ’
1151 5365 1378 5426 ἑαυτοὺς
1430 5364 1668 5433 βλέπειν,
1698 5368 1791 5418 κα)⁵
1811 5368 1899 5420 διὰ

2007 5361 2166 5413 modo
2189 5360 2307 5427 quis
2334 5361 2472 5411 intro
2507 5359 2787 5411 mitteret?
2835 5360 2935 5408 “ne
2971 5363 3129 5412 νξῖιιιιι
3164 5369 3411 5406 ἔὶῐ¹ι¹¹1]-έ.;ῑὶὶ1
3453 5371 3570 5408 im:-

316 5453 424 5519 τῆς
445 5453 720 5522 ἀναπνοῆς
756 5453 887 5506 εἴσω
941 5457 1180 5523 πέμπειν
1222 5455 1312 5506 τὸν
1370 5457 1566 5507 οἰκεῖον
1612 5457 1757 5522 νοῦν,
1792 5459 1896 5527 φά-

2004 5469 2164 5522 quam
2186 5452 2430 5506 dicentes
2457 5451 2693 5503 divinam
2718 5453 2944 5516 {Ii'ftl'ztm‘t
2972 5469 3061 5516 ;":L“_t‘
3085 5467 3240 5500 ιιιιιητς
3278 5453 3568 5501 ιῖιτι·ε;τὲτῖ(·ἱ,

321 5557 549 5604 σκοντες
577 5541 651 5611 μὴ
683 5547 1087 5614 κεχωρισμένον
1127 5539 1263 5596 εἶναι
1294 5545 1390 5614 τῆς
1422 5545 1597 5614 ψυχῆς
1627 5549 1716 5598 τὸν
1750 5551 1893 5603 νοῦν.

2004 5544 2107 5599 Sed
2138 5549 2248 5597 scin,
2282 5561 2378 5609 ego
2415 5548 2443 5595 l';
2470 5562 2527 5595 'y-r‘.
2560 5549 2620 5598 ait
2660 5546 2759 5597 iiiis
2792 5547 3114 5595 (:ﬂzinttzimo
3149 5546 3312 5593 έικς·ςη,ῖιι·ἱ
3367 5555 3508 5608 {nam
3544 5562 3570 5595 ἶ)

317 5632 428 5685 Τὸν
456 5632 546 5684 οὖν
576 5635 649 5702 μὴ
685 5637 1111 5704 κεχωρισμένον,
1148 5637 1262 5688 ἀλλ’
1286 5637 1494 5694 ἐνόντα.
1529 5639 1644 5701 πῶς
1691 5641 1754 5692 ἂν
1797 5641 1892 5695 αὖα

2005 5639 2152 5689 ΠΗΗο
2189 5655 2494 5690 ῖιιιξιιιίὶΐιιιη
2530 5641 2704 5689 audivi
2747 5641 2914 5694 ιέιξὶειδ,
2954 5649 3002 5687 (fl.
3037 5638 3259 5701 [μινιείιιιῖιτ
3296 5636 3407 5686 lu'r:
3445 5654 3576 5701 qun—

320 5737 408 5793 οις
442 5728 570 5780 εἴσω
602 5729 807 5796 πέμποι
836 5747 951 5795 τις;
986 5730 1120 5782 Φασὶ
1160 5729 1236 5798 δὲ,
1272 5732 1367 5784 καὶ
1420 5730 1516 5802 τὴν
1545 5731 1694 5787 Θείαν
1735 5735 1895 5806 χάριν

394 5873 468 5905 ε’·
500 5870 640 5925 Luc.
675 5866 830 5935 x,16

2004 5743 2107 5796 quc
2131 5729 2251 5782 aliis
2284 5731 2516 5799 maligne
2551 5731 2704 5794 adjici
2740 5747 2749 5774 :
2785 5729 2923 5777 idem
2952 5730 3092 5778 anim
3125 5737 3202 5778 est
3238 5743 3294 5772 ea
3327 5743 3445 5790 qum
3470 5744 3572 5778 non
