3988 6466
519 367 657 433 11οἸ

1767 368 2155 430 GREGORH
2200 372 2532 433 PALAMJE
3616 332 3726 441 ll08

517 487 698 543 ritatis
732 487 948 551 throno,
980 462 1417 541 ubi/intellectus
1444 495 1499 539 et
1522 501 1713 540 omnes
1745 495 1875 561 sunt
1907 485 2090 543 cordis

2214 495 2470 561 ταμεῖονς
2526 492 2625 544 Διὰ
2679 490 2837 547 τοῦτο
2891 490 2984 543 καὶ
3036 494 3066 544 ὁ
3117 491 3448 563 φερωνύμως
3500 496 3738 567 Μακάριος

519 582 906 653 cogitationes,
942 582 994 634 in
1021 581 1189 635 corde
1220 579 1492 635 videlicet.

585 672 778 729 tlernis
807 671 1082 742 quomodo
1109 672 1331 741 penitus
1349 671 1421 726 sit
1450 686 1677 727 necesse
1698 680 1756 727 ut
1787 672 1877 740 qui
1910 672 2099 726 volunt

513 767 570 821 in
601 765 787 834 quiete
816 764 1037 820 sibimet
1068 765 1376 829 attendere,
1417 765 1681 819 reducant
1722 775 1780 819 et
1815 765 2101 819 includam

517 860 661 914 intra
718 873 916 927 corpus
951 867 1209 922 mentem,
1273 873 1337 911 ac
1403 859 1708 925 praesertim
1772 858 1914 912 intra
1970 858 2099 911 illud

514 952 657 1021 quod
689 960 775 1005 est
800 951 1038 1004 niaxitne
1064 950 1320 1003 intimum
1356 949 1408 1002 in
1440 963 1670 1019 corpore
1699 964 1921 1018 corpus,
1953 953 2099 1019 quod

514 1059 712 1114 nempe
738 1060 836 1100 cor
857 1054 1223 1113 nuncupatur.
1243 1042 1397 1109 Quod
1420 1044 1487 1108 si,
1504 1042 1655 1113 juxta
1683 1041 2029 1103 Psalmistam
2055 1045 2099 1106 ’,

518 1158 537 1190 ‹
577 1138 772 1193 Omnis
806 1137 980 1209 gloria
1013 1137 1137 1190 lilia:
1163 1137 1302 1206 regis
1331 1134 1399 1189 ab
1426 1135 1592 1200 intus,
1635 1154 1652 1186 ι
1695 1136 1970 1205 quomodo
1998 1152 2100 1191 nos

486 1226 659 1285 illam
716 1229 852 1284 foris
886 1244 1194 1298 quaeramus
1227 1229 1250 1281 ?
1283 1226 1350 1282 Et
1389 1228 1457 1292 si,
1490 1228 1650 1299 juxta
1697 1227 2016 1297 Apostolum
2053 1230 2094 1293 ³,

518 1345 539 1378 ι
574 1324 722 1381 Misit
780 1322 926 1378 Deus
959 1322 1224 1392 Spiritum
1259 1337 1420 1377 suum
1463 1323 1517 1375 in
1556 1322 1813 1376 cordibus
1874 1322 2079 1376 nostris

512 1421 841 1471 clamantem
873 1432 888 1473 :
919 1414 1093 1477 Abba,
1125 1415 1311 1478 Pater,
1354 1433 1373 1464 ι
1412 1430 1512 1468 cur
1548 1428 1653 1467 nou
1680 1426 1732 1467 et
1770 1429 1870 1470 nos
1898 1414 1953 1468 in
1981 1430 2079 1469 cur

514 1508 675 1561 dibus
703 1504 909 1560 nostris
950 1519 1073 1557 eum
1103 1501 1314 1572 Spiritu
1354 1503 1706 1571 preeabimur
1739 1503 1761 1555 ζ’
1795 1502 1851 1557 Si
1896 1503 2103 1564 adhuc.

516 1608 580 1655 ut
639 1598 719 1653 ait
772 1595 1163 1666 prophetarum
1233 1607 1286 1653 et
1321 1596 1688 1665 apostolorum
1748 1596 2007 1650 Dominus
2053 1595 2096 1661 ³,

519 1709 537 1740 σ
579 1690 824 1760 Regnum
873 1688 1137 1743 ctelorum
1173 1686 1316 1742 intra
1360 1702 1461 1741 nos
1508 1697 1610 1751 est,
1652 1705 1670 1739 ι
1715 1701 1897 1743 nonne
1951 1699 2102 1741 extra

514 1796 743 1852 regnum
774 1780 1047 1836 caelorum
1086 1787 1169 1833 est
1201 1780 1294 1849 qui
1328 1793 1396 1832 ex
1431 1778 1625 1833 intima
1675 1781 1756 1834 sui
1790 1788 1966 1850 rparte
2022 1781 2105 1834 in-
2141 1823 2183 1877 Β

521 1872 1104 1942 tellectumespellere
1156 1870 1449 1940 diligenter
1514 1870 1800 1926 studeth
1839 1872 1946 1927 Cor
2005 1888 2102 1925 no-

518 1976 718 2031 strum,
755 1964 833 2018 ait
888 1963 1148 2017 Salomon
1180 1963 1202 1994 ⁸
1235 2004 1249 2026 ,
1281 1963 1513 2034 inquirit
1540 1963 1883 2024 scientiam,»
1936 1979 2100 2031 quam

510 2057 662 2125 idem
719 2054 1112 2125 intelligibilem
1147 2064 1202 2108 et
1254 2054 1495 2107 divinam
1555 2053 1867 2127 appellavit.
1916 2055 1980 2111 Et
2037 2056 2102 2108 ad

520 2153 665 2204 hanc
725 2146 913 2201 Patres
970 2153 1201 2201 cunctos
1253 2145 1611 2200 exhortantes
1644 2188 1658 2211 ,
1699 2164 1717 2197 ι
1764 2147 2102 2207 Intellectus.

515 2242 795 2311 inquiunt,
857 2238 1103 2318 perfecte
1159 2238 1458 2308 spiritualis
1518 2239 1789 2309 spirituali
1855 2241 2103 2297 induitur

515 2334 791 2399 scientia;
823 2347 987 2401 quam
1047 2332 1101 2385 in
1158 2330 1337 2395 nobis,
1373 2329 1498 2386 licet
1563 2333 1619 2386 in
1674 2332 1832 2388 nobis
1864 2349 1969 2389 non
2007 2335 2114 2400 sit,

514 2440 764 2499 quaerere
793 2441 860 2480 ne
883 2425 1220 2479 desinamus.
1259 2443 1279 2475 ι

587 2519 778 2582 Vides,
814 2519 861 2573 si
894 2520 1017 2586 quis
1063 2527 1290 2588 peccato
1325 2520 1588 2572 resistere
1628 2519 1778 2584 velit,
1813 2529 1868 2573 et
1925 2521 2101 2572 virtu-

516 2625 637 2684 tem~
659 2612 946 2681 consequi,
1007 2626 1072 2664 ac
1128 2611 1254 2665 boni
1310 2612 1631 2666 certaminis
1688 2611 1959 2676 bravium,
2015 2614 2101 2666 vel

516 2704 700 2776 potius
727 2704 946 2758 virtutis
998 2702 1174 2758 bravii
1209 2703 1426 2773 pignus,
1481 2717 1677 2772 nempe
1729 2718 1950 2758 sensum
1986 2706 2102 2773 spio

515 2797 764 2853 ritualem
793 2794 1066 2862 invenire,
1100 2796 1248 2850 intra
1277 2810 1439 2850 suum
1468 2810 1667 2866 corpus
1694 2803 1749 2851 et
1772 2796 1827 2851 in
1856 2797 2099 2868 seipsum

517 2898 751 2943 mentem
811 2886 1038 2942 reducat
1093 2900 1321 2942 necesse
1373 2896 1479 2943 est.
1532 2888 1638 2943 Sed
1688 2899 1954 2953 mentem,
1992 2905 2099 2944 non

515 2982 636 3035 dico
668 2989 822 3033 extra
850 2991 1145 3046 corporeas
1176 2978 1563 3047 cogitationes,
1602 2979 1697 3035 sed
1734 2989 1893 3035 extra
1920 2981 2098 3050 ipsum

518 3084 721 3141 corpus
778 3071 1035 3131 educere,
1092 3078 1152 3122 ut
1180 3070 1292 3125 illic
1319 3069 1663 3140 spiritalibus
1702 3074 1942 3142 gaudeat
1969 3090 2102 3129 con-

2213 582 2409 652 ἑφεξῆς
2440 585 2553 642 τοῖς
2586 583 2843 653 ἀνωτέρω
2867 582 3066 653 μικρὸν
3095 584 3406 655 εἰρημένοις
3443 587 3561 655 παρ’
3604 590 3741 642 αὑτοῦ

2214 688 2416 742 φησιν*
2470 673 2619 725 Ἐκεῖ
2662 673 2843 725 τοίνυν
2877 674 2957 726 δεῖ
3011 677 3255 739 σκοπεῖν,
3309 678 3355 728 εί
3412 679 3738 749 ἐνέγραψε·θὴ

2213 767 2371 833 χάρις
2409 764 2537 826 τοὺς
2581 763 2675 817 τοῦ
2726 765 3039 833 πνεύματος
3067 767 3287 835 νόμους.
3332 768 3493 831 Ἐκεῖ,
3520 769 3640 835 ποῦ;
3672 771 3741 824 Ἐν

2214 856 2290 923 τῷ
2344 857 2657 927 ἡγεμονικῷ
2703 858 2950 928 ὀργάνῳ·
2998 860 3054 910 ἐν
3098 858 3176 927 τῷ
3222 860 3319 930 τῆς
3372 866 3578 930 χάριτος
3604 863 3743 931 θρόνῳ

2212 951 2344 1002 ὅπου
2376 952 2403 1002 ὁ
2434 950 2557 1013 νοῦς
2596 951 2689 1004 καὶ
2723 951 2774 1002 oi
2823 950 3073 1018 λογισμοὶ
3109 951 3310 1014 πάντες
3354 953 3446 1021 τῆς
3489 953 3677 1023 ψυχῆς·
3702 956 3745 1007 ἐν

2213 1046 2278 1112 τῇ
2331 1043 2529 1114 καρδίᾳ
2579 1042 2802 1113 δηλαδή.
2846 1044 3012 1114 Ὁρᾷς
3066 1044 3182 1106 πῶς
3214 1046 3623 1110 ἀναγκαιότατον
3658 1050 3746 1108 τοῖς

2216 1136 2620 1207 προῃρημένοις
2660 1138 2718 1190 ὲν
2746 1136 2946 1207 ἡσυχίᾳ
2988 1137 3275 1207 προσέχειν
3322 1138 3544 1201 ἑαυτοῖς,
3606 1140 3744 1191 ἐπαν-

2214 1226 2366 1294 άγειν
2391 1227 2484 1278 καὶ
2505 1226 2910 1298 ἐμπερικλείειν
2939 1226 3017 1297 τῷ
3041 1228 3251 1299 σώματι
3279 1230 3368 1281 τὸν
3390 1227 3528 1292 νοῦν,
3560 1230 3643 1282 καὶ
3666 1234 3748 1298 μά-

2212 1319 2369 1372 λιστα
2394 1319 2472 1388 τῷ
2499 1321 2556 1373 ἐν
2576 1320 2655 1387 τῷ
2688 1307 2901 1388 σώματι
2939 1321 3205 1392 ἐνδοτάτω
3240 1324 3473 1391 σώματι,
3501 1321 3528 1374 ὅ
3556 1322 3747 1389 καρδίαν

2212 1411 2573 1481 ὀνομάζομεν.
2602 1411 2664 1464 Εἰ
2690 1411 2746 1464 δὲ
2768 1412 2862 1464 καὶ
2882 1411 3071 1486 [κατὰ]
3089 1411 3178 1465 τὸν
3196 1412 3515 1483 Ψαλμῳξόν·
3539 1432 3556 1464 t
3577 1414 3747 1482 Ιιᾶσαή

2211 1510 2337 1576 δόξα
2385 1511 2485 1581 τῆς
2532 1508 2800 1577 θυγατρὸς
2862 1506 2958 1561 τοῦ
3026 1507 3291 1578 βασιλέως
3344 1507 3561 1571 ἔσωθεν,
3592 1526 3609 1557 ι
3659 1508 3747 1569 πῶς

2212 1603 2375 1670 ἡμεῖς
2418 1601 2591 1669 αὐτὴν
2635 1599 2739 1665 ἔξω
2772 1617 2876 1652 που
2907 1598 3272 1669 ζητήσωμενς
3313 1600 3377 1655 ΕΞ
3409 1599 3500 1654 καὶ
3525 1601 3653 1653 κατά
3676 1599 3745 1653 τὸν

2223 1692 2565 1756 Ἀπόστολον,
2606 1712 2624 1742 ι
2649 1692 2707 1746 Ὀ
2732 1692 2865 1755 Θεὸς
2886 1690 3086 1745 ἔδωκεν
3128 1691 3293 1745 αὑτοῦ
3324 1692 3387 1746 τὸ
3416 1692 3619 1762 πνεῦμα
3643 1694 3746 1762 κρά-

2211 1785 2302 1851 ζον
2328 1788 2387 1838 ἐν
2433 1791 2554 1847 ταῖς
2597 1784 2850 1856 καρδίαις
2898 1784 3055 1855 ἡμῶν
3080 1800 3094 1814 °
3132 1784 3299 1839 ’Δόϐἄ
3320 1784 3349 1835 ὁ
3378 1784 3579 1856 Πατὴρ,
3605 1802 3622 1835 ι
3655 1784 3745 1845 πῶς

2211 1880 2374 1949 ἡμεῖς
2403 1879 2503 1930 οὐκ
2547 1880 2605 1931 ὲν
2650 1878 2841 1939 αὑταῖς
2877 1875 3243 1946 συνευξόμεθα
3274 1875 3352 1947 τῷ
3389 1877 3678 1945 Πιιεύματις
3700 1874 3745 1926 Εἰ

2209 1970 2265 2022 δὲ
2294 1969 2435 2024 κατὰ
2482 1969 2574 2021 τὸν
2627 1967 2925 2040 προφητῶν
2972 1968 3067 2022 καὶ
3109 1967 3425 2020 ἀποστόλων
3483 1967 3681 2037 Κύριον,
3721 1968 3746 2033 ἡ

2212 2063 2460 2131 βασιίοεία
2496 2062 2603 2114 τῶν
2655 2061 2899 2131 οὐρανῶν
2944 2060 3097 2123 ἐντὸς
3149 2060 3305 2132 ἡμῶν
3355 2063 3491 2120 ἐστι,
3538 2059 3640 2121 πῶς
3670 2059 3747 2111 οἰκ

2208 2158 2312 2220 ἔξω
2358 2158 2453 2208 καὶ
2479 2158 2575 2226 τῆς
2622 2156 2729 2208 τῶν
2776 2156 3022 2225 οὐρανῶν
3082 2154 3355 2224 βασιλείας
3403 2153 3589 2220 γένοιτ’
3624 2154 3746 2215 Eii/,6

2208 2247 2314 2299 τῶν
2371 2248 2520 2309 ὲντὲις
2574 2244 2770 2298 ἑαυτοῦ
2817 2246 2909 2298 τὸν
2963 2244 3086 2298 νοῦν
3152 2244 3370 2311 ἐξάγειν
3408 2245 3492 2297 διὰ
3549 2243 3746 2312 σπονδῇς

2210 2339 2530 2409 ποιούμενος
2556 2356 2570 2405 ;
2602 2337 2843 2408 «Καρδία
2871 2336 3027 2408 ὀρθὴ,
3080 2337 3244 2406 φησὶν
3273 2339 3302 2390 ὁ
3329 2334 3587 2406 Σολομὼν,
3625 2334 3748 2403 ζητςί

2208 2434 2523 2503 αἴσθησιν-ι
2568 2433 2636 2502 ἣν
2687 2432 2717 2484 ὁ
2769 2430 2934 2495 αὐτὸς
2980 2433 3174 2502 νοερὲιν
3208 2430 3302 2483 καὶ
3352 2430 3502 2483 θείαν
3552 2424 3744 2495 ἀλλαχοῦ

2208 2530 2570 2595 προσείρηκεο
2619 2525 2756 2596 πρὸς
2782 2525 2850 2597 ἢν
2878 2526 2927 2578 οἱ
2971 2525 3214 2594 Πατέρες
3244 2523 3455 2585 πάντας
3484 2518 3743 2592 προτρεπὸ·

2209 2636 2381 2688 μενοι,
2428 2617 2591 2684 Νοῦς,
2636 2619 2793 2689 φασὶ,
2839 2619 3024 2689 νοερὸς
3071 2618 3311 2682 πάντως,
3349 2618 3441 2670 καὶ
3470 2614 3643 2683 νοερὰν
3677 2610 3745 2662 αῖ-

2211 2711 2402 2779 σθησιν
2431 2710 2820 2782 περιὸέῦληται
2841 2725 2857 2741 ο
2903 2711 2970 2782 ἣν
3020 2711 3079 2763 ἐν
3112 2711 3264 2780 ἡμῖν,
3296 2710 3395 2763 καὶ
3432 2708 3527 2761 οὐκ
3563 2706 3615 2757 ἑν
3636 2703 3744 2774 ἡμῖν

2209 2798 2376 2858 οὖσαν
2418 2802 2776 2873 ἐκζητοῦντες
2820 2803 2896 2874 μὴ
2940 2801 3301 2873 παυσώμεθα.
3351 2800 3510 2871 Ὁρᾷς
3551 2797 3624 2850 ὅτι
3666 2790 3746 2846 κᾶν

2215 2902 2351 2972 πρὸς
2380 2904 2479 2973 τὴν
2524 2905 2798 2976 ἁμαρτίαν
2847 2909 3311 2979 ἀντικαταστῆναι
3337 2928 3422 2975 τις
3445 2909 3748 2981 προθυμηῦῇ,

2216 2995 2318 3049 κᾶν
2346 2996 2445 3065 τὴν
2477 2997 2680 3067 ἀρετὴν
2732 3000 3203 3068 προσκτήσασθαι,
3241 3002 3350 3055 κᾶν
3398 3003 3489 3055 τοῦ
3519 3000 3628 3054 κατ’
3653 3001 3751 3067 ἁρε-

2213 3086 2314 3158 τῂν
2343 3088 2508 3142 ἄθλου
2536 3090 2595 3142 τὸ
2626 3090 2903 3160 βραϐεῖον,
2937 3093 3139 3160 μᾶλλον
3170 3094 3226 3147 δὲ
3253 3094 3349 3148 τὸν
3380 3094 3656 3165 ἀρραϐῶνα
3679 3091 3750 3143 τοῦ

512 3161 985 3230 templationibus,
1044 3160 1151 3213 hoc
1183 3167 1269 3213 est
1311 3174 1588 3214 summum
1620 3161 1831 3216 ethnici
1866 3164 2096 3228 erroris,

2213 3181 2336 3234 κατ’
2355 3181 2558 3252 ἀρετὴν
2605 3182 2857 3253 βραϐεῖον
2886 3184 2983 3255 τὴν
3025 3184 3279 3256 αἴσθησιν
3308 3187 3411 3257 τὴν
3456 3160 3656 3256 νοερὰν,
3682 3182 3750 3234 εὗ-

512 3267 570 3310 et
598 3252 779 3310 omnis
822 3251 979 3307 malm
1012 3250 1278 3307 doctrina:
1314 3250 1438 3307 fons
1474 3261 1640 3322 atque
1671 3255 1823 3308 radix
1849 3296 1865 3321 ,
1898 3256 2074 3312 dieillo

517 3364 653 3406 num
687 3348 964 3403 inventum
1004 3361 1071 3402 ac
1102 3347 1516 3414 documentum,
1556 3349 1880 3418 ignorantiae.
1918 3361 2097 3405 mater

505 3453 569 3498 et
590 3440 821 3497 insania;
852 3439 986 3494 lilia.
1018 3438 1147 3495 Ideo
1194 3437 1285 3508 qui
1336 3438 1631 3509 loquuntur
1687 3457 1756 3496 ex
1796 3443 2082 3497 dacmonun

510 3535 793 3600 instinctu,
822 3546 892 3588 ex
924 3532 1121 3603 seipsis
1156 3531 1450 3597 excedunt,
1485 3547 1554 3587 ne
1578 3533 1628 3587 id
1648 3534 1867 3602 quidem
1892 3535 2099 3591 intelli-

507 3638 700 3699 gentes
725 3626 867 3697 quod
897 3625 1109 3681 dicunt.
1133 3623 1245 3680 Nos
1269 3639 1400 3680 vero
1431 3640 1536 3679 non
1579 3625 1754 3681 solum
1788 3627 1928 3681 intra
1976 3643 2101 3682 cor-

510 3737 615 3792 pus
641 3728 700 3776 et
730 3734 846 3783 cor,
874 3718 972 3775 sed
1004 3726 1058 3773 et
1082 3719 1227 3773 intra
1257 3717 1488 3786 seipsam
1510 3716 1822 3773 reducimus
1843 3727 2098 3774 mentem.

586 3813 975 3884 Respondeant
1029 3810 1200 3882 igitur
1258 3811 1349 3880 qui
1374 3810 1564 3865 dicunt
1612 3812 1754 3863 banc
1799 3826 1910 3865 non
1977 3825 2103 3866 esse

509 3901 850 3965 distinctam,
874 3898 970 3955 sed
1000 3900 1212 3954 unitam
1245 3884 1467 3964 animae,
1498 3899 1781 3970 quomodo
1803 3900 1927 3968 quis
1957 3900 2101 3955 intra

508 4008 573 4049 se
620 4000 854 4049 mentem
889 3987 1157 4047 reﬂectat.
1208 3989 1500 4059 Ignorant,
1535 3998 1598 4046 ut
1631 3993 1870 4057 videtur,
1926 3993 2099 4048 aliam

508 4098 633 4142 esse
660 4085 857 4141 mentis
884 4083 1209 4148 essentiam,
1250 4094 1304 4137 et
1328 4083 1488 4138 aliam
1530 4085 1650 4150 ejus
1682 4085 2096 4154 Operationem.

511 4161 623 4235 Vel.
666 4177 850 4245 potius
891 4176 948 4230 id
1012 4176 1277 4240 scientes,
1323 4175 1715 4245 deceptoribus
1764 4177 1909 4230 ultro
1970 4194 2103 4233 sese

510 4271 867 4335 addiderunt,
925 4285 955 4324 e
1005 4269 1295 4325 verborum
1355 4269 1821 4325 consimilitudine
1855 4271 2103 4341 captiun-

508 4368 666 4419 culas
691 4372 951 4418 eruentes
997 4375 1014 4419 ;
1055 4359 1148 4429 qui
1175 4361 1319 4415 enim
1349 4374 1419 4415 ex
1455 4360 1740 4417 dialectica
1774 4363 1840 4414 ad
1879 4370 2103 4416 contra~

512 4456 785 4511 dictiones
810 4463 1181 4518 exacuuntur,
1206 4452 1357 4518 juxta
1390 4468 1653 4522 maguum
1704 4453 1988 4517 Basiliam,
2015 4469 2104 4507 re-

2217 3276 2357 3343 ρεῖν,
2385 3274 2533 3338 ἐντὸς
2582 3274 2676 3329 τοῦ
2722 3293 2782 3329 τε
2836 3274 3110 3345 σώματος,
3157 3280 3252 3337 καὶ
3299 3279 3496 3335 ἑαυτοῦ
3538 3280 3620 3332 τὸν
3656 3275 3751 3329 νοῦν

2215 3366 2589 3432 ἐπαναγαγεῖν
2607 3366 2855 3436 ἀνάγκης
2876 3366 2950 3419 Τδ
2966 3368 3010 3420 δ’
3028 3367 3134 3432 ἔξω
3155 3369 3246 3422 τὸν
3265 3369 3390 3422 νοῦν
3409 3371 3469 3423 σὺ
3490 3368 3577 3422 τοῦ
3602 3384 3753 3435 σωμα-

2213 3455 2369 3510 τικοῦ
2417 3458 2788 3528 φρονήματος,
2820 3457 2936 3511 ἀλλ’
2968 3457 3135 3512 αὐτοῦ
3175 3461 3269 3513 τοῦ
3306 3461 3556 3530 σώματος
3592 3459 3749 3514 ποιεῖν.

2215 3546 2291 3608 ὠς
2314 3547 2430 3618 ἐκεῖ
2482 3550 2688 3617 νοεροῖς
2735 3548 3006 3618 θεάμασιν
3054 3550 3287 3620 ἐντύχοι.
3330 3552 3433 3623 τῆς
3475 3546 3752 3618 Ἑλληνικῆς

2215 3638 2335 3699 ἐστι
2366 3637 2572 3708 πλάνης
2611 3638 2744 3692 αὐτὸ
2792 3640 2853 3697 τὸ
2891 3641 3206 3709 κράτιστον,
3236 3642 3330 3694 καὶ
3364 3643 3541 3712 πάσης
3566 3638 3750 3693 κακοδοο

2215 3729 2334 3795 ξίας
2368 3729 2497 3800 ῥίζα
2518 3733 2608 3784 καὶ
2636 3733 2787 3803 πηγή
2815 3748 2828 3760 ⁵
2855 3733 3126 3804 δαιμόνων
3149 3733 3372 3805 εὕρημα
3398 3737 3489 3789 καὶ
3520 3734 3751 3799 παίδευμα

2215 3822 2537 3891 γεννητικὸν
2566 3824 2772 3890 ἀνοίας,
2812 3826 2904 3887 καὶ
2955 3827 3202 3897 γέννημα
3235 3828 3335 3896 τῆς
3376 3827 3638 3888 ἀπονοίας.
3680 3822 3750 3875 Διὸ

2215 3914 2311 3967 καὶ
2364 3917 2412 3966 οἱ
2442 3913 2726 3978 λαλοῦντες
2774 3917 2839 3970 ἐκ
2881 3915 2980 3987 τῆς
3016 3917 3127 3970 τῶν
3171 3917 3445 3987 δαιμόνων
3487 3913 3748 3975 ἐπιπνοίας»

2215 4005 2571 4076 ἐξεστηκότες
2613 4008 2823 4061 ἑαυτῶν
2857 4010 2963 4065 εἰσι
2985 4026 3001 4040 ο
3029 4008 3153 4079 μηδ’
3183 4008 3316 4062 αὐτὸ
3338 4011 3495 4064 τοῦτο
3520 4008 3751 4065 συνιέντες

2215 4099 2244 4153 ὃ
2268 4116 2323 4152 τι
2350 4099 2621 4168 λέγουσιν.
2669 4101 2860 4171 Ἡμεῖς
2893 4100 2971 4164 δὲ,
3014 4102 3088 4171 μὴ
3118 4101 3280 4169 μόνον
3314 4104 3449 4157 εἵσω
3478 4101 3566 4155 τοῦ
3594 4099 3747 4167 σώμα-

2214 4209 2307 4255 τος
2354 4196 2446 4247 καὶ
2491 4194 2592 4262 τῆς
2629 4193 2877 4261 καρδίας,
2924 4192 3063 4246 ἀλλά
3116 4194 3209 4246 καὶ
3255 4194 3350 4248 τὸν
3396 4193 3573 4257 αὐτὸν,
3613 4186 3747 4243 αὐτοῦ

2217 4282 2383 4337 πάλιν
2430 4283 2725 4354 πέμπομεν
2756 4283 2848 4335 τὸν
2889 4282 3033 4338 νοῦν.
3063 4285 3557 4356 Κατηγορείτωσαν
3589 4278 3747 4335 οὐκοῦν

2216 4375 2267 4427 οἱ
2300 4373 2554 4443 λέγοντες
2593 4375 2668 4446 μὴ
2713 4376 3141 4446 κεχωρισμένον,
3176 4375 3291 4430 ἀλλ’
3322 4379 3507 4432 ἐνόντα
3530 4378 3587 4446 τῇ
3611 4373 3745 4443 ψυχῇ,

2216 4464 2335 4531 πῶς
2371 4465 2438 4521 ἂν
2459 4463 2615 4531 αὖθις
2658 4467 2790 4523 εἴσω
2831 4470 3041 4539 πέμποι
3070 4487 3155 4533 τις
3184 4470 3278 4523 τὸν
3314 4472 3473 4536 νοῦνς
3512 4465 3745 4536 Ἀγνοοῦσι

510 4546 714 4618 jiciunt
748 4544 1053 4618 spiritualis
1081 4545 1347 4600 doctrinae
1374 4543 1813 4615 simplicitatem,
1844 4550 1901 4598 et
1932 4557 2096 4599 ever-

2216 4561 2347 4632 γὰρ,
2373 4560 2449 4624 ὡς
2494 4561 2690 4627 ἔοικεν,
2738 4563 2820 4615 ὅτι
2872 4535 3001 4617 ἄλλο
3048 4565 3148 4633 μὲν
3199 4564 3357 4618 οὐσία
3404 4535 3538 4626 νοός,
3571 4535 3682 4615 ἀλλο
3704 4555 3745 4611 δὲ

516 4650 639 4697 tunt
671 4639 780 4696 vim
826 4638 1100 4705 veritatis,
1137 4636 1189 4692 ei
1218 4639 1549 4707 opponendo
1578 4632 1777 4692 falsam
1812 4637 2098 4695 scientiam

512 4745 568 4794 et
596 4735 991 4803 sopbismatum
1016 4730 1458 4801 argutiunculas.
1491 4730 1557 4784 Et
1579 4728 1661 4783 sic
1685 4739 1853 4798 agant
1879 4744 2103 4786 necesse

512 4838 601 4883 est
630 4828 724 4897 qui
783 4843 891 4883 non
952 4835 1082 4881 sunt
1137 4824 1474 4894 spirituales,
1508 4831 1563 4881 et
1602 4837 1663 4876 se
1691 4821 1883 4892 dignos
1918 4832 2101 4880 tamen

516 4922 726 4976 ducunt
756 4920 846 4989 qui
881 4917 1193 4989 spiritualia
1223 4915 1475 4986 judicent
1509 4931 1575 4969 ac
1629 4916 1885 4971 doceant.
1914 4917 2104 4988 Neque

515 5013 661 5067 enim
686 5013 939 5084 ignorant
970 5021 1207 5066 mentem
1242 5025 1348 5064 non
1385 5023 1508 5065 esse
1539 5008 1686 5063 oculi
1722 5010 1981 5076 similem,
2011 5015 2101 5084 qui

516 5116 719 5161 caetera
762 5102 998 5159 visibilia
1024 5101 1238 5166 videns,
1271 5101 1512 5173 seipsum
1545 5116 1652 5154 non
1686 5100 1852 5156 videt.
1886 5101 1991 5157 Sed
2022 5106 2102 5157 in-

517 5199 769 5255 tellectus
794 5196 864 5252 ad
902 5196 1011 5251 alia
1051 5196 1274 5266 quidem
1318 5209 1440 5265 quae
1470 5194 1743 5262 inspicere
1779 5195 1963 5261 debet,
2020 5198 2102 5250 di-

518 5300 666 5347 recto
698 5303 759 5345 se
791 5297 974 5345 movet
1001 5296 1175 5354 motu,
1210 5294 1272 5340 ut
1306 5288 1385 5341 ait
1414 5301 1643 5351 magnus
1681 5286 1970 5362 Dionysius
2002 5308 2017 5358 ;
2046 5293 2097 5345 in

514 5384 753 5453 seipsatn
783 5390 965 5436 autem
1000 5378 1320 5442 revertitur,
1357 5392 1482 5432 eum
1517 5393 1640 5433 sese
1673 5394 1829 5435 mens
1851 5384 2100 5453 respicit,

511 5476 656 5543 quod
679 5483 888 5530 motum
921 5473 1178 5526 reﬂexum
1200 5470 1355 5524 idem
1393 5469 1595 5524 ibidem
1636 5484 1818 5528 vocat.

582 5568 710 5625 Haec
758 5581 925 5640 porro
988 5563 1302 5619 intellectus
1360 5565 1609 5631 operatio
1652 5567 1845 5622 melior
1904 5578 1988 5624 est
2049 5581 2103 5625 et

514 5663 685 5731 magis
725 5654 971 5729 propria,
1016 5669 1115 5723 per
1148 5668 1314 5724 quam
1350 5668 1518 5727 supra
1542 5656 1780 5727 seipsum
1805 5661 2100 5733 aliquando

585 5841 603 5871 ³
648 5838 791 5894 Psat.
821 5846 969 5902 xuv,
997 5832 1086 5892 14.
1164 5835 1185 5870 ³
1209 5834 1388 5893 Gal-at.
1423 5850 1497 5902 tv,
1530 5837 1579 5893 6.

1660 5841 1679 5872 ⁸
1702 5842 1835 5897 Luc.
1865 5860 1998 5910 .\vtt,
2018 5843 2108 5899 21.

2213 4653 2489 4724 ἐνέργεια.
2539 4655 2756 4710 Μᾶλλον
2800 4654 2857 4710 δὲ
2905 4655 3127 4718 εἰδότες,
3159 4658 3271 4719 τοῖς
3323 4655 3626 4710 ἁπατεῶσιν
3657 4650 3746 4701 ἑαυα

2214 4746 2341 4810 τοὺς
2393 4748 2692 4812 συνέταξαν
2748 4748 2988 4814 ἑκόντες,
3029 4748 3117 4802 διὰ
3150 4753 3249 4819 τῆς
3283 4748 3594 4819 ὁμωνυμίας
3624 4758 3741 4809 σοφι-

2215 4839 2434 4910 ζόμενοι
2458 4856 2473 4873 ο
2507 4840 2582 4910 μὴ
2606 4841 3028 4911 καταδεχόμενοι
3058 4843 3167 4912 γὰρ
3195 4842 3255 4895 τὸ
3278 4843 3376 4912 τῆς
3417 4833 3739 4909 πνευματικῆς

2212 4931 2560 4994 διδασκαλίας
2594 4932 2819 4997 ἁπλοῦν,
2846 4933 2896 4986 οἱ
2920 4935 2985 4987 ὲκ
3005 4933 3105 5003 τῆς
3129 4934 3476 5002 διαλεκτικῆς
3509 4932 3638 5001 πρὸς
3670 4925 3738 4983 τὰς

2214 5021 2523 5088 ἀντιλογίας
2563 5024 2915 5094 ἠκονημένοι,
2963 5026 3105 5078 κατὰ
3154 5026 3244 5077 τὸν
3287 5024 3459 5094 μέγαν
3488 5021 3740 5076 Βασίλειον.

2214 5114 2608 5185 περιτρέπουσι
2656 5115 2756 5187 τὴν
2791 5117 2945 5186 ἰσχὺν
2987 5117 3086 5185 τῆς
3127 5116 3382 5186 ἀληθείας
3414 5119 3477 5170 ἐκ
3510 5115 3608 5166 τῶν
3630 5113 3743 5163 ἀντι-

2214 5204 2418 5259 θέσεων
2445 5204 2546 5275 τῆς
2598 5206 2955 5281 ψευδωνύμού
2987 5207 3243 5275 γνώσεως
3268 5249 3280 5269 ,
3317 5198 3400 5275 eff
3442 5196 3744 5266 πιθανολογίᾳ

2211 5296 2319 5349 τῶν
2354 5298 2727 5368 σοφισμάτων.
2754 5299 3045 5362 Τοιούτους
3097 5300 3206 5369 γὰρ
3252 5300 3330 5352 δεῖ
3377 5293 3514 5351 εἶναι
3551 5294 3660 5354 τοὺς
3684 5287 3743 5357 μὴ

2218 5389 2621 5460 πνευματικούς
2647 5406 2663 5422 ο
2700 5390 2797 5444 καὶ
2838 5392 2905 5445 τὰ
2937 5391 3285 5461 πνευματικὰ
3323 5392 3523 5461 κρίνειν
3564 5385 3647 5440 καὶ
3685 5380 3744 5432 δι-

2211 5487 2435 5540 δάσκειν
2474 5486 2759 5551 ἀξιοῦντας
2805 5488 3050 5551 ἑαυτούς.
3105 5489 3180 5541 Οὐ
3210 5489 3317 5558 γὰρ
3349 5486 3584 5559 δήτοῦτο
3619 5478 3744 5542 λέλη“

2214 5577 2304 5630 θεν
2335 5578 2550 5641 αὐτοὺς,
2587 5579 2667 5630 ὅτι
2711 5579 2809 5649 οὐχ
2858 5581 2932 5644 ὡς
2967 5582 2999 5649 ή
3035 5579 3157 5649 ὄψις
3197 5581 3361 5634 τᾶλλα
3403 5580 3499 5649 μὲν
3527 5575 3619 5644 ὁρᾷ
3658 5567 3744 5621 τῶν

2214 5665 2442 5736 ὁρατῶν,
2475 5666 2673 5737 ἑαυτὴν
2707 5667 2764 5720 δὲ
2802 5668 2899 5736 οὐχ
2929 5670 3029 5743 ὁρᾷ
3050 5709 3064 5734 ,
3103 5668 3247 5724 οὕτω
3290 5672 3378 5724 καὶ
3409 5670 3435 5721 ὁ
3464 5667 3595 5729 νοῦς.
3632 5654 3743 5713 Ἀλλ’

2226 5846 2244 5875 ⁸
2264 5841 2425 5897 Prov.
2461 5859 2627 5912 μιν,
2660 5846 2750 5899 21.
