3988 6458
346 383 508 448 Ηξῦδ

1596 377 1690 435 DE
1760 371 2339 435 HESYCH’ASTRSt‘

3454 361 3509 427 11
3528 362 3588 428 FO

322 502 534 568 ενεργεῐ
579 494 675 564 μὲν
707 494 800 547 καὶ
833 494 998 547 τᾶλλα
1027 486 1100 546 ὧν
1131 491 1217 544 ἂν,
1242 490 1413 544 δέοιτο
1442 492 1793 560 περισκοπεῖν
1814 505 1828 518 ·
1865 491 1893 543 ὃ

2031 480 2285 539 :levatus.
2318 491 2439 532 cum
2479 475 2587 529 Deo
2643 473 3015 546 conjungitur.
3062 470 3382 541 t-Nanque,
3422 482 3479 525 ut
3522 481 3594 525 ait

324 600 458 653 φησι
494 582 613 635 κατ’
664 580 878 633 εὐθεῖαν
930 582 1143 649 κίνησιν
1175 581 1269 632 τοῦ
1302 576 1394 631 νοῦ
1421 578 1696 641 Διονύσιος
1736 580 1764 631 ό
1797 580 1895 648 μέ-

324 693 447 742 γας.
490 675 581 735 Εἰς
620 672 811 725 ἑαυτὸν
855 672 900 725 δ’
951 672 1216 736 ἐπάνεισι,
1251 672 1344 725 καὶ
1376 674 1589 743 ἐνεργεῖ
1618 672 1739 726 καθ’
1774 675 1897 726 έαυ-

325 768 439 829 τσὶν,
466 767 593 818 ὅταν
625 765 814 817 ἑαυτὸν
849 764 878 815 ὁ
911 761 1031 826 νοῦς
1062 764 1181 835 ὁρᾷ.
1233 764 1404 816 Τοῦτο
1447 764 1490 816 δ’
1525 760 1682 828 αὖθις
1710 767 1898 819 κυκλι-

329 859 432 928 κὴν
470 854 607 912 εἶναι
639 857 852 924 κίνησιν
900 858 929 910 ὁ
979 855 1139 920 αὐτὸς
1190 854 1354 909 αὐτοῦ
1385 872 1573 925 φησιν.
1621 856 1770 926 Αὕτη
1798 855 1897 925 δ’ή

328 948 424 1002 τοῦ
446 948 537 1003 νοῦ
570 950 719 1001 ἐστιν
760 947 1029 1016 ἐνέργεια,
1075 946 1340 1019 κρείττων
1367 948 1460 1000 καὶ
1494 946 1761 1017 ἰδιωτάτη
1785 959 1801 976 ο
1833 946 1897 999 δι’

330 1037 398 1112 ἦς
432 1040 522 1094 καὶ
568 1041 707 1111 ὑπὲρ
755 1041 944 1093 ἑαυτὸν
991 1039 1278 1109 γινόμενος
1327 1038 1441 1092 ἐσθ’
1489 1038 1601 1102 ὅτε,
1654 1037 1733 1107 τῷ
1787 1036 1905 1106 Θεῷ

338 1132 677 1201 συγγίνεται.
710 1131 853 1193 Νοῦς
883 1129 1012 1200 γὰρ,
1045 1130 1179 1200 φησὶ
1209 1132 1237 1182 ἁ
1280 1131 1453 1198 μέγας
1486 1129 1784 1196 Βασίλειος,
1831 1130 1908 1201 μὴ

338 1221 764 1291 σκεδαννύμενος
794 1223 886 1279 ἐπὶ
909 1223 975 1273 τὰ
997 1218 1102 1283 ἔξω
1139 1220 1290 1289 (ὁρᾷς
1317 1219 1399 1272 ὅτι
1432 1219 1630 1285 ἔξεισιν
1655 1236 1671 1284 ;
1720 1218 1913 1284 Ἐξιὼν

337 1312 456 1382 οὖν,
500 1314 763 1369 ἐπανόδου
817 1315 1009 1366 δεῖται.
1064 1311 1154 1364 Διό
1209 1299 1433 1381 φησιν),
1476 1311 1723 1367 ἐπάνεισι.
1776 1312 1911 1383 πρὸς

341 1409 532 1463 ἑαυτόν
553 1424 566 1436 ·
601 1407 666 1458 δι’
705 1403 901 1458 ἑαυτοῦ
937 1403 993 1456 δὲ
1034 1402 1172 1473 πρὸς
1196 1403 1288 1455 τὸν
1331 1402 1485 1468 Θεὸν,
1520 1404 1595 1466 ὡς
1640 1405 1709 1457 δι’
1737 1405 1911 1458 ἁπλα-

344 1499 467 1562 νοῦς
503 1496 784 1551 ἀναϐαίνει
829 1495 924 1561 τῆς
956 1494 1098 1547 6606.
1137 1494 1248 1562 Τὴν
1272 1485 1527 1564 τοιαύτην
1553 1494 1663 1564 γὰρ
1703 1496 1914 1566 κίνησιν

342 1592 438 1647 τοῦ
463 1590 578 1654 νοῦ,
609 1590 704 1642 καὶ
732 1589 761 1641 ὀ
796 1587 904 1640 τῶν
933 1584 1137 1654 νοερῶν
1165 1584 1411 1654 ἀπλανὴς
1433 1586 1676 1654 ἐπόπτης
1709 1587 1916 1649 ἐκεῖνος

345 1683 640 1747 Διονύσιος,
680 1680 939 1733 ἀδύνατον
978 1673 1119 1730 εἷναί
1168 1676 1512 1748 φησιὶπλάνῃ
1541 1681 1648 1730 τινὶ
1690 1695 1918 1748 περιπε-

348 1778 481 1829 σεῖν.
516 1774 732 1841 Ταύτης
779 1766 871 1823 οὖν
899 1770 1134 1837 ἀπάγειν
1154 1772 1182 1822 ὁ
1211 1769 1309 1836 τῆς
1341 1768 1549 1839 πλάνης
1592 1770 1773 1840 πατὴρ
1802 1772 1922 1823 επι-

2018 586 2245 640 magnus
2278 568 2527 631 Basilius,
2567 568 2877 622 intellectus
2899 567 2966 620 ad
2993 567 3265 620 exteriora
3292 566 3591 633 dispersus,

2015 679 2044 716 a
2087 679 2167 727 se,
2203 673 2263 714 ut
2288 662 2459 726 vides,
2487 661 2620 715 exit.
2648 659 2911 729 Egressus
2937 658 3104 728 igitur
3140 658 3318 709 reditu
3363 656 3592 725 indiget.

2017 757 2165 821 Ideo,
2200 755 2400 824 inquit,
2459 754 2759 807 revertitur
2790 753 2856 807 ad
2906 751 3287 818 semetipsum,
3326 760 3379 802 et
3411 764 3505 815 per
3538 762 3599 799 Si:

2016 849 2084 901 ad
2145 850 2314 901 Deum
2355 847 2611 900 ascendit.
2628 845 2782 914 quasi
2821 844 2904 898 via
2943 859 3048 897 non
3082 841 3342 897 erratica.
3387 860 3403 890 ι
3444 838 3599 891 llnne

2017 940 2162 992 enim
2209 939 2407 993 mentis
2435 949 2641 992 motum
2671 953 2776 997 non
2807 951 2968 1006 posse
3001 935 3094 988 ιιιΙί
3129 934 3370 988 incidere
3399 934 3597 991 eirnri.

2018 1031 2151 1083 dicit
2211 1030 2300 1083 ille
2328 1029 2510 1083 adhuc
2557 1045 2662 1082 non
2693 1042 2956 1081 erroneus
2987 1024 3350 1094 spirituaiium
3409 1038 3603 1091 specu-

2020 1118 2162 1174 lator
2195 1119 2505 1189 Dionysius.
2543 1120 2625 1174 Ab
2659 1119 2746 1172 illa
2785 1118 2950 1184 igitur
2981 1119 3063 1172 via
3099 1116 3375 1170 hominem
3414 1116 3596 1167 diver-

2022 1222 2138 1267 tere
2169 1224 2324 1282 pater
2344 1211 2553 1268 erroris
2601 1227 2817 1281 semper
2840 1210 3086 1279 cupiens,
3121 1219 3175 1262 et
3237 1208 3495 1261 imlneere
3549 1207 3601 1259 in

2024 1310 2163 1357 viam
2195 1305 2472 1359 erroribus
2497 1306 2610 1359 suis
2636 1305 2971 1365 intricatum,
3019 1316 3290 1370 nunquam
3316 1300 3602 1360 hactenus,

2022 1410 2282 1466 quantum
2324 1413 2422 1452 nos
2451 1400 2657 1452 scimus
2681 1438 2698 1463 ,
2730 1405 3141 1466 cooperatorem
3176 1394 3459 1447 invenerat
3491 1389 3607 1458 pnl-

2023 1494 2168 1546 chris
2193 1490 2540 1545 sermonibus
2563 1498 2850 1544 conantem
2871 1490 2922 1542 in
2944 1488 3090 1541 illaut
3115 1491 3419 1539 attrahere.
3448 1482 3605 1537 Nune

2024 1598 2151 1636 vero
2181 1582 2467 1649 adjutores
2500 1583 2727 1650 reperit,
2757 1594 2906 1643 eum,
2936 1588 2994 1633 ut
3057 1580 3175 1648 ipse
3221 1576 3434 1639 dixisti,
3488 1576 3599 1630 sint

2021 1675 2114 1742 qni
2177 1685 2514 1741 componunt
2573 1686 2855 1725 sermones
2922 1670 2987 1723 ad
3021 1672 3123 1722 hoe
3190 1658 3479 1730 ducenties,
3526 1677 3607 1746 ,ει

2027 1764 2363 1818 multitudini
2387 1762 2719 1833 persuadere
2750 1762 3052 1817 moliuntur
3078 1761 3275 1815 melius
3299 1775 3421 1814 esse
3451 1769 3605 1813 extra

350 1865 538 1935 θυμῶν
567 1865 653 1919 ἀεὶ
705 1863 797 1915 τὸν
831 1860 1143 1932 ἄνθρωπον,
1174 1862 1268 1913 καὶ
1319 1860 1456 1931 πρὸς
1504 1860 1604 1929 τὴν
1640 1861 1916 1931 χωροῦσαν

2031 1872 2228 1925 corpus
2260 1866 2495 1911 mentem
2540 1856 2594 1909 in
2621 1855 2872 1910 oratione
2900 1856 3173 1910 contineri
3199 1855 3267 1909 ab
3298 1854 3384 1908 his
3436 1853 3599 1907 etiam

350 1956 514 2013 αὐτοῦ
542 1956 639 2017 τάς
670 1954 875 2014 πλάνας
904 1954 1083 2019 ἄγειν,
1109 1951 1321 2003 οὐδέπω
1345 1949 1440 2003 καὶ
1467 1951 1724 2020 τήμερον,
1741 1951 1843 2003 ὅσα
1861 1967 1924 2017 γε

354 2052 514 2118 ἡμεῖς
545 2049 729 2115 ἴσμεν,
776 2040 904 2113 εὗρε
940 2035 1201 2113 συνεργὸν
1240 2041 1329 2094 διὰ
1356 2042 1747 2111 χρηστολογίας
1778 2042 1926 2108 ἀγω-

355 2137 634 2205 νιζόμενον
682 2130 1085 2203 ὲφελκὺσασοαι
1128 2129 1265 2201 πρὸς
1312 2132 1538 2200 ταύτην.
1591 2129 1704 2183 Νῦν
1751 2129 1796 2182 δ’
1855 2128 1926 2191 ὼς

357 2230 554 2291 ἔοικεν,
584 2221 709 2297 εὗρε
744 2225 871 2289 τοὺς
914 2222 1481 2293 συλλαμϐανομένους,
1511 2221 1695 2293 εἴπερ,
1733 2223 1807 2285 ὡς
1838 2222 1935 2274 αὑ-

363 2323 455 2387 τὸς
484 2317 665 2383 εἶπας,
700 2320 837 2372 εἰσὶν
880 2318 929 2370 οἳ
975 2317 1070 2370 καὶ
1110 2315 1302 2384 λόγους
1333 2315 1674 2369 συντιθέασιν
1714 2315 1979 2400 ὲνάγον-⁸

348 2437 444 2482 τας
466 2418 602 2489 πρὸς
632 2417 802 2471 ταῦτα
825 2433 837 2445 ·
865 2418 961 2470 καὶ
985 2417 1113 2482 τοὺς
1140 2416 1368 2480 πολλοὺς
1397 2415 1604 2470 πείθειν
1633 2417 1918 2488 ἐγχειροῦ-

349 2529 454 2576 σιν,
494 2512 569 2573 ὡς
600 2510 818 2563 κάλλιον
856 2509 961 2576 ἔξω
998 2508 1248 2578 κατέχειν
1281 2508 1375 2562 τοῦ
1419 2508 1670 2576 σώματος
1699 2524 1921 2578 προσευ-

349 2605 575 2673 χόμενον
621 2602 713 2654 τὸν
736 2601 882 2666 νοῦν,
930 2599 1026 2653 καὶ
1058 2599 1253 2662 αὐτοὺς
1294 2600 1420 2661 τοὺς
1457 2598 1550 2650 τὸν
1581 2596 1921 2665 ὐπρανασε-

350 2696 578 2764 6ηκότα,
614 2695 707 2747 καὶ
728 2694 953 2764 ἡσύχιον
974 2691 1387 2760 ἀσπαζομένους
1420 2689 1565 2759 βίον⁸
1600 2689 1722 2758 μηδ’
1748 2689 1923 2741 ἐκεῖνο

349 2787 711 2849 αἰδεσθέντες.
738 2788 878 2854 ὅπερ
916 2784 1168 2853 Ἰωάννης
1211 2785 1240 2836 ὁ
1269 2782 1367 2853 τὴν
1412 2781 1548 2851 πρὸς
1575 2779 1803 2850 οὐρανὸν
1827 2781 1926 2846 φέ-

356 2895 552 2948 ρουσαν
582 2878 825 2947 κλίμακα
852 2877 940 2930 διὰ
965 2876 1140 2945 λόγων
1186 2874 1589 2942 τεκτηνάμενος
1621 2872 1775 2941 ἡμῖν,
1810 2873 1927 2940 ὁρι-

357 2968 558 3033 στικῶς
616 2970 709 3021 καὶ
759 2966 1142 3034 ἀποφαντικιῖκ
1185 2966 1432 3030 ἔξεῖπεν,
1487 2963 1563 3026 ὼς
1610 2961 1924 3033 ἡσυχαστής

340 3085 510 3133 εστιν.
544 3078 571 3129 ὀ
603 3073 666 3128 τὸ
709 3072 1001 3143 ἀσώματον
1040 3075 1099 3127 ἑν
1142 3071 1355 3144 σώματι
1384 3071 1714 3142 περιορίζειν
1745 3070 1906 3122 errati-

340 3166 466 3219 δων.
498 3159 571 3234 ’ῼ
621 3164 829 3218 συνωδά
861 3165 955 3217 καὶ
996 3165 1046 3216 oi
1077 3161 1441 3233 πνευματικοὶ
1474 3161 1708 3231 πατέρες
1758 3160 1916 3229 ἡμῶν
1955 3179 1997 3237 c

341 3254 588 3321 ἐδίδαξαν
622 3257 767 3327 ἡμᾶς
801 3254 1045 3318 εἰκότως.
1084 3256 1148 3307 El
1174 3256 1283 3325 γὰρ
1323 3255 1397 3322 μὴ
1430 3253 1577 3306 ἔνδον
1604 3252 1699 3305 τοῦ
1731 3252 1916 3320 σώμα-

339 3365 432 3410 τος
467 3349 818 3418 περιορίσειε,
849 3346 965 3408 πῶς
996 3346 1063 3400 ἂν
1082 3346 1141 3397 ὲν
1170 3346 1346 3415 ἐαυτῷ
1374 3346 1465 3398 τὸν
1483 3345 1542 3398 τὺ
1568 3345 1725 3413 σῶμα
1750 3347 1918 3412 ἐνημο

344 3440 528 3510 μένον,
586 3439 679 3492 καὶ
720 3437 795 3501 ὡς
826 3433 967 3500 εἶδος
1010 3438 1238 3505 φυσικὸν
1271 3436 1359 3489 διὰ
1398 3436 1580 3505 πάσης
1635 3435 1914 3505 χωροῦντα

338 3535 438 3601 τῆς
462 3550 523 3601 με
536 3531 901 3602 μορφωμένης
933 3530 1063 3599 ὕλης
1088 3547 1103 3595 ;
1134 3526 1201 3601 ἦς
1223 3530 1281 3582 τὸ
1307 3529 1410 3593 ἔξω
1438 3528 1534 3581 καὶ
1558 3527 1917 3601 διωρισμένον

339 3626 441 3678 οὐκ
468 3625 534 3679 ἂν
566 3624 873 3689 ὲπιδέξαιτο
894 3623 1081 3675 οὐσίαν
1108 3621 1224 3686 νοῦ,
1251 3621 1441 3690 μέχρις
1468 3620 1535 3672 ἂν
1562 3620 1744 3686 ἐκείνη
1775 3616 1911 3686 ζῴη,

341 3717 486 3784 ζωῆς
514 3711 654 3778 εἶδος
671 3715 1002 3783 κατάλληλον
1026 3715 1091 3783 τῇ
1127 3713 1387 3780 συναφείᾳ
1414 3710 1627 3763 σπῶσαι.
1663 3708 1911 3770 Βλέπεις,

340 3808 561 3876 seems,
591 3807 707 3866 πῶς
761 3806 824 3858 οὺ,
858 3803 1243 3872 πνευματικῶς
1279 3801 1468 3871 μόνον,
1514 3799 1651 3853 ἀλλά
1701 3798 1797 3850 καὶ
1824 3797 1915 3849 ἀν-

340 3894 627 3971 θρωπίνως
652 3897 1016 3961 ἐξετάζουσιν,
1049 3896 1197 3964 ,εἵσω
1231 3894 1326 3946 τοῦ
1373 3892 1622 3960 σώματος
1651 3890 1910 3965 πέμπειν,

340 3999 374 4069 ἢ
413 3999 661 4066 κατέχειν
686 3992 777 4047 τὸν
811 3990 936 4044 νοῦν
961 3988 1308 4056 ἀναπέφηνεν
1336 3981 1760 4050 ἀναγκαιότατον
1787 3980 1913 4043 τοὺς

338 4089 759 4161 προῃρημένους
821 4083 1029 4138 ἑαυτῶν
1079 4081 1155 4145 ὡς
1204 4077 1419 4148 ἀληθῶς
1476 4075 1748 4144 γενέσθαι,
1817 4072 1913 4127 καὶ

340 4181 483 4234 κατά
533 4179 626 4232 τὸν
656 4177 765 4230 ἔσω
797 4173 1085 4244 ἄνθρωπον
1122 4166 1477 4238 φερωνύμους
1532 4164 1825 4236 μοναχοὺς,
1852 4161 1913 4216 τὸ

338 4275 387 4326 δ’
412 4275 491 4336 είς
537 4269 762 4331 ἑαυτοὺς
796 4266 1030 4336 μάλιστα
1082 4262 1209 4325 τοὺς
1259 4260 1645 4330 εἰσαγομένους
1697 4256 1914 4326 βλέπειν

339 4364 698 4432 εἰσηγεῖσθαι,
748 4362 844 4414 καὶ
887 4358 976 4413 διὰ
1023 4357 1124 4419 τῆς
1182 4353 1458 4422 ἀναπνοῆς
1492 4346 1626 4404 εἴσω
1674 4349 1916 4420 πέμπειν

343 4469 435 4522 τδν
480 4452 678 4520 οἰκέτον
729 4461 877 4524 νοῦν,
928 4462 1030 4513 οὐκ
1078 4456 1188 4512 ἀπὸ
1218 4457 1442 4527 τρόπου.
1487 4454 1591 4509 Τὸν
1612 4458 1722 4525 γὰρ
1754 4455 1921 4527 μήπω

2028 1951 2118 2015 qui
2170 1950 2443 2020 egregiam
2474 1960 2528 2001 et
2559 1949 2799 2016 quietam
2845 1948 3076 2018 amplexi
3112 1958 3245 2002 sunt
3274 1948 3463 2010 vitam,
3504 1960 3603 1998 ne-

2028 2058 2133 2112 que
2177 2046 2318 2098 hanc
2354 2053 2616 2098 verentur
2649 2037 3608 2095 definitionem.ac-‘demonstratio-

2033 2152 2156 2191 nem
2189 2133 2414 2189 Joannis
2464 2135 2611 2190 illius
2636 2134 2730 2203 qni
2761 2133 3069 2189 scalamad
3102 2133 3300 2187 emittm
3333 2130 3600 2184 ferentem

2029 2229 2376 2286 sermonibus
2400 2228 2701 2285 fabricatus
2728 2228 2855 2284 esti
2926 2246 2945 2279 ι
2982 2228 3227 2296 Quietus,
3263 2230 3360 2293 ait,
3399 2227 3486 2281 llic
3529 2238 3614 2280 est

2029 2324 2122 2393 qui
2186 2324 2568 2392 incorporeum
2605 2323 2662 2375 in
2726 2336 2992 2392 corporeo
3024 2321 3310 2375 includere
3341 2327 3544 2374 studet.
3588 2339 3607 2370 ι

2028 2418 2128 2471 Cui
2167 2429 2406 2470 consona
2458 2414 2772 2483 spirituales
2812 2415 2989 2469 nostri
3038 2414 3232 2467 Patres
3270 2416 3468 2468 merito
3509 2429 3607 2465 nos

2029 2510 2356 2561 docuerunt.
2407 2504 2539 2558 Nam
2569 2508 2615 2559 si
2652 2522 2760 2561 non
2818 2506 2969 2560 intus
3003 2505 3274 2574 corporis,
3338 2508 3613 2573 quonian

2032 2599 2084 2652 in
2116 2598 2275 2653 nobis
2296 2598 2699 2653 includeremus
2725 2598 3061 2654 intellectum
3094 2612 3328 2666 corpore
3358 2600 3604 2652 indutum

2027 2700 2082 2744 et
2115 2691 2260 2745 velut
2291 2690 2521 2745 fortnam
2570 2691 2893 2746 naturalem.
2913 2692 3009 2744 toti
3036 2689 3275 2745 infusum
3306 2691 3613 2744 informata:

2030 2782 2314 2837 materiae?
2349 2799 2377 2836 a
2408 2798 2514 2853 qua
2568 2782 2833 2852 quidquid
2865 2793 3012 2838 esset
3043 2793 3369 2838 extraneum
3428 2798 3492 2836 ae
3528 2800 3614 2838 se—

2030 2888 2306 2943 ιιιιιςίιιιιιιι,
2374 2891 2480 2930 ιιοιι
2542 2877 2810 2945 reciperet
2863 2875 3232 2931 substantiam
3282 2876 3636 2939 intellectus,.

2029 2968 2276 3034 quandiu
2332 2969 2423 3023 illa
2480 2968 2632 3035 vivit,
2692 2968 2817 3023 vitae
2862 2983 3038 3039 genus
3083 2969 3617 3037 conjunctioni'cou-

2032 3058 2206 3111 {omne
2239 3061 2465 3115 ducens.

2110 3150 2295 3215 Vides,
2326 3151 2518 3214 frater,
2546 3168 2653 3207 non
2683 3153 3041 3222 spiritualiter
3069 3154 3250 3217 modo.
3282 3154 3378 3208 sed
3417 3165 3474 3209 et
3505 3156 3607 3210 hu-

2036 3259 2196 3300 mane
2248 3245 2642 3315 indagantibus
2705 3249 2863 3302 valde
2910 3249 3280 3303 necessarium
3308 3258 3521 3318 patere,
3553 3260 3611 3302 nt

2032 3338 2108 3391 illi
2153 3339 2294 3391 intra
2341 3353 2544 3405 corpus
2578 3339 2786 3393 ducant
2831 3355 2898 3395 ae
2945 3350 3171 3397 teneant
3223 3352 3486 3410 mentem,
3516 3347 3609 3413 qui

2033 3432 2229 3484 volunt
2259 3446 2385 3485 vere
2422 3432 2505 3487 sui
2547 3447 2674 3486 esse
2707 3443 2761 3486 et
2797 3432 2945 3501 digni
2988 3436 3289 3489 secundum
3339 3434 3611 3489 hominem

2034 3524 2353 3577 interiorem
2387 3525 2662 3578 monachi.
2697 3522 2914 3579 Hortari
2954 3532 3160 3589 autem,
3196 3526 3471 3595 praecipue
3497 3527 3611 3582 ele-

2035 3614 2351 3679 mentarios,
2390 3625 2449 3667 ut
2488 3614 2540 3668 in
2573 3615 3061 3684 semetinspiciant
3086 3626 3140 3671 et
3166 3632 3273 3684 per-
3296 3618 3614 3685 respiratio‘

2033 3718 2155 3758 nem
2200 3705 2349 3758 intro
2411 3706 2632 3761 mittant
2680 3707 3042 3774 intelleetum,
3108 3724 3217 3764 non
3284 3719 3369 3764 est
3422 3711 3610 3766 incon.

2032 3809 2252 3866 gruens.
2286 3796 2421 3851 Eum
2474 3798 2618 3853 enim
2659 3802 2753 3868 qui
2793 3801 3032 3855 nondum
3076 3801 3178 3856 sibi
3229 3804 3487 3868 attendit,
3543 3806 3613 3857 ab

2034 3890 2219 3945 animo
2269 3892 2335 3945 ad
2371 3907 2430 3946 se
2480 3891 2808 3961 quibusdam
2867 3893 3077 3949 artibus
3122 3895 3434 3950 reducendo
3493 3902 3615 3964 quis

2034 3981 2175 4036 bene
2224 3995 2394 4036 sanus
2451 3983 2763 4038 averteret?
2785 3982 2925 4049 Quia
2970 3986 3138 4055 igitur
3161 3997 3440 4042 certamen
3486 3988 3614 4045 illud

2035 4087 2211 4141 nuper
2238 4074 2524 4143 ingressis,
2558 4090 2714 4132 mens
2744 4077 2830 4132 vel
2861 4078 3150 4134 recollecta
3178 4079 3386 4151 jugiter
3403 4082 3613 4146 exsilit,

2034 4174 2087 4217 et
2110 4165 2313 4236 jugiter
2338 4180 2425 4222 est
2456 4168 2787 4237 revocanda,
2818 4178 2874 4224 et
2905 4172 3147 4226 nondum
3184 4175 3321 4230 bene
3342 4176 3614 4231 exercitos
3648 4204 3659 4213 -

2035 4257 2176 4312 fallit
2209 4269 2395 4329 utpote
2438 4259 2756 4316 difﬁcillima
2804 4263 2926 4319 visu
2976 4273 3031 4319 et
3089 4266 3451 4323 mobilissima
3491 4282 3616 4324 ein-

2036 4352 2209 4418 nium,
2253 4353 2374 4407 ideo
2426 4353 2672 4409 nontmlli
2733 4370 2828 4412 eos
2869 4360 3158 4414 hortantur
3212 4370 3271 4415 ut
3328 4377 3357 4415 a
3414 4363 3612 4417 crebro

2036 4446 2241 4501 emissa
2274 4456 2331 4501 et
2370 4450 2598 4504 reducta
2659 4451 3028 4519 respiratione
3091 4465 3340 4522 caveant,
3387 4471 3620 4528 eamque

343 4555 677 4627 θεωρητικὸν
708 4551 922 4613 ἑαυτοῦ,
958 4549 1226 4621 μηχαναῖς
1268 4565 1377 4602 τισι
1416 4546 1551 4617 πρὸς
1583 4545 1774 4600 ἑαυτὸν
1801 4547 1916 4599 ἑπι-

2039 4538 2379 4606 suspendant
2412 4541 2707 4610 paulisper,
2731 4544 2801 4598 ad
2849 4555 3089 4600 mentem
3113 4562 3237 4600 eum
3268 4556 3332 4601 ea
3371 4548 3617 4603 retinene

344 4651 600 4716 συνάγειν
647 4648 740 4700 τὸν
787 4644 933 4708 νοῦν,
973 4643 1073 4696 οὐκ
1102 4641 1446 4711 ἀποτρέψειέ·
1475 4656 1558 4703 τις
1593 4639 1652 4690 εὐ
1684 4636 1919 4708 φρονῶν.

354 4741 510 4794 Ἐπεὶ
552 4735 645 4791 οὖν
678 4738 789 4799 τοῖς
812 4736 937 4804 ἄρτι
981 4732 1240 4804 πρὸςντον
1282 4730 1471 4799 ἀγῶνα
1501 4728 1688 4782 τοῦτον
1715 4726 1909 4780 ἀποδυσ

343 4832 623 4902 σαμένοις,
673 4829 766 4882 καὶ
818 4825 1185 4895 συναγόμενος
1238 4822 1477 4891 συνεχῶς
1517 4819 1805 4889 ἀποπηδᾷο
1839 4818 1926 4872 διεὶὶ

340 4926 398 4978 δὲ
431 4924 525 4976 καὶ
548 4920 788 4991 συνεχῶς
820 4917 1017 4982 αὐτοὺς
1039 4915 1195 4979 αὖθις
1215 4912 1404 4966 τοῦτον
1432 4912 1731 4981 ἐπανάγειν
1753 4928 1768 4943 '
1794 4910 1922 4965 λάνο

344 5018 499 5071 θάνει
531 5014 576 5067 δ’
627 5011 1004 5082 ἀγυμνάστους
1052 5009 1212 5070 ὄντας
1256 5004 1784 5077 δυσθεωρητότατος,
1826 5000 1925 5055 καὶ·

341 5105 758 5175 εὐκινητότατος
787 5104 1041 5156 ἁπάντων
1065 5098 1138 5152 ὢν
1158 5114 1171 5129 ⁶
1198 5098 1286 5152 διὰ
1318 5097 1474 5151 τοῦτο
1508 5097 1572 5166 τῇ
1602 5093 1783 5148 πυκνὰ
1802 5093 1918 5145 δια-

342 5198 578 5271 χεομένῃ
624 5198 717 5249 καὶ
771 5193 1157 5263 ὲπαναγομένῃ
1203 5192 1426 5259 εἰσπνοῇ
1463 5186 1792 5258 προσέχειν,
1840 5185 1917 5237 si-

346 5298 432 5347 c‘iv
466 5291 538 5344 ei
565 5287 914 5365 παραινοῦσι,
949 5288 1043 5341 καὶ
1089 5286 1306 5357 ἐπέχειν
1342 5301 1394 5336 τι
1442 5280 1656 5352 μικρὸν,
1712 5278 1788 5340 ὡς
1815 5279 1916 5331 κάο

343 5389 523 5440 κεῖνον
575 5384 952 5452 συνεπίσχοιεν
979 5380 1272 5454 τηροῦντες
1304 5380 1362 5431 ὲν
1400 5379 1538 5445 αὐτῇ
1560 5392 1574 5406 ο
1610 5375 1802 5445 μέχρις
1829 5373 1916 5439 ἂν,

345 5481 445 5533 σὺν
487 5477 630 5546 Θεῷ,
663 5476 756 5527 ἐπὶ
800 5473 860 5527 τὸ
891 5477 1138 5543 κρεῖττον
1172 5470 1473 5541 προϊόντες,
1495 5468 1756 5537 ἀπρόῖτον
1784 5466 1918 5535 πρὶς

342 5570 413 5622 τὰ
446 5568 573 5636 περὶ
603 5566 786 5630 αὐτὸν,
818 5565 910 5617 καὶ
939 5563 1115 5633 ἀμιγῆ
1137 5563 1230 5615 τὸν
1261 5561 1461 5614 οἰκεῖον
1498 5562 1623 5612 νοῦν
1660 5558 1917 5628 ποιήσαν-

344 5677 456 5721 τες,
489 5658 789 5728 δυνηθῶσιν
814 5648 1056 5725 ἀκριϐῶς
1107 5654 1186 5717 είς
1233 5650 1437 5720 ἐνοειδῆ
1488 5650 1750 5714 συνέλιξιν
1798 5665 1922 5699 συν-

345 5753 595 5820 αγαγεῖν.
638 5749 808 5801 Τοῦτο
836 5747 892 5798 δ”
913 5746 1011 5800 ἴδοι
1039 5763 1119 5809 τις
1151 5744 1217 5798 ἂν
1241 5745 1332 5797 καὶ
1362 5742 1683 5810 αὐτομάτως
1720 5739 1918 5806 ἑπόμε-

347 5862 435 5900 νον
472 5846 534 5914 τῇ
571 5842 807 5912 προσοχῇ
844 5837 933 5893 τοῦ
963 5836 1075 5891 νοῦ.
1114 5835 1447 5906 Ὴρέμαγάρ
1479 5834 1669 5885 εἴσεισέ
1719 5849 1774 5887 τε
1825 5832 1915 5884 καὶ

2034 4630 2185 4696 dam,
2228 4630 2421 4694 donec,
2458 4632 2754 4703 adjuvante
2794 4633 2922 4701 Deo,
2958 4636 3012 4689 in
3065 4637 3260 4692 melius
3317 4644 3616 4708 progressi,

2030 4721 2140 4790 jam
2179 4737 2286 4777 non
2313 4723 2381 4779 ad
2412 4724 2827 4783 circumstantia
2854 4726 3373 4791 discedentettt,.sed
3421 4746 3615 4799 puram

2033 4829 2260 4884 prorsus
2308 4816 2507 4873 factam
2551 4828 2784 4875 mentem
2834 4835 2990 4875 suam
3049 4823 3263 4892 possint
3293 4824 3531 4895 perfecte
3561 4833 3612 4880 tn

2035 4923 2203 4962 unum
2254 4909 2474 4981 globum
2521 4911 2802 4968 conferre.
2840 4914 2896 4967 ld
2940 4924 3147 4983 autem,
3182 4928 3241 4971 ut
3286 4918 3471 4975 videre
3508 4931 3612 4984 est,

2038 5002 2181 5056 nltro
2241 5005 2501 5081 sequitur
2539 5008 2895 5062 attentionem
2956 5010 3177 5063 mentis.
3223 5010 3358 5065 Nam
3412 5012 3605 5065 iettilet'

2036 5095 2298 5156 intraret
2321 5099 2433 5154 exit
2461 5099 2550 5154 hic
2571 5101 2814 5168 spiritus,
2846 5102 2900 5158 in
2931 5105 3079 5158 omni
3113 5106 3355 5162 studiosa
3380 5108 3610 5161 inedita-

2038 5189 2208 5255 tione,
2235 5198 2291 5247 et
2325 5190 2595 5260 imprimis
2630 5196 2768 5263 apud
2801 5193 3048 5252 fruentes
3076 5200 3322 5265 corporis
3356 5207 3410 5252 el.
3442 5199 3608 5252 animi

2035 5281 2373 5349 qnietudine.
2409 5283 2473 5337 lli
2516 5286 2664 5338 enim
2712 5288 2949 5355 spiritali
2995 5290 3293 5362 gaudentes
3335 5291 3607 5355 sabbatis-

2034 5385 2146 5439 me,
2183 5384 2239 5428 et
2269 5375 2337 5427 ab
2375 5376 2628 5430 omnibus
2653 5380 2771 5434 suis
2802 5382 3042 5445 actibus,
3073 5390 3332 5450 quantum
3360 5397 3609 5453 possunt,

2038 5477 2343 5530 ressautes,
2413 5472 2755 5538 suspendunt
2820 5475 3000 5528 omnia
3052 5473 3363 5529 facultatum
3414 5478 3612 5533 anima:

2033 5571 2195 5626 Opera
2250 5561 2451 5627 quibus
2504 5562 2546 5616 it
2603 5565 2827 5633 exitque
2875 5575 2929 5621 et
2984 5565 3129 5619 varia
3195 5571 3501 5638 cognoscit,
3548 5587 3612 5629 ac

2037 5660 2264 5705 cunctas
2314 5669 2571 5709 sensuum
2630 5658 3045 5726 perceptiones,
3092 5668 3255 5730 atque
3295 5664 3605 5718 universam

2037 5759 2263 5813 prorsus
2293 5749 2538 5815 corpmis
2584 5753 2956 5816 Operationem
2990 5767 3107 5819 qme
3143 5768 3310 5820 penes
3357 5770 3455 5811 nos
3505 5766 3610 5822 est,

2038 5854 2157 5895 eam
2198 5856 2322 5894 vero
2351 5859 2471 5910 qua:
2503 5859 2607 5896 non
2626 5846 2859 5899 .omnino
2892 5860 2919 5899 a
2941 5895 2946 5900 _
2969 5847 3126 5902 nobis
3163 5853 3377 5912 pendet,
3435 5861 3496 5908 ut
3526 5866 3612 5905 re-
