3988 6492
299 408 441 474 1113

1571 417 1670 477 ΒΕ
1709 417 2259 483 HESYCHASTIS.

3414 433 3554 500 1114

301 548 414 595 τος,
457 529 565 581 τῶν
597 531 850 600 πονηρῶν
884 532 1086 603 δηλαδὴ
1117 534 1211 586 καὶ
1239 537 1588 603 πνευμάτων,
1621 541 1715 592 καὶ
1765 557 1866 594 πα-

1972 535 2098 591 disti
2134 551 2292 593 renes
2316 552 2486 594 meos.
2513 559 2530 591 ι
2579 540 2698 596 Non
2729 542 2904 596 solum
2929 547 3406 616 concupiscibilem
3434 555 3554 606 aui-

301 624 584 690 θημάτων,
639 624 811 694 ἀναϐῇ
859 627 950 677 ἐπὶ
987 625 1068 690 σὲ,
1118 627 1284 694 φησιν
1333 629 1362 680 ὁ
1415 629 1867 702 Ἐκκλησιαστὴς⁹

299 716 470 770 τόπον
522 734 617 770 σου
653 717 726 786 μὴ
761 719 937 787 ἀφῇς·
967 738 986 769 ι
1025 719 1271 772 τουτέστι
1326 721 1401 790 μὴ
1451 721 1628 790 ψυχῆς
1682 723 1867 795 μέρος.

303 809 381 878 μὴ
416 808 576 878 μέλος
626 809 877 876 σώματος
926 811 1292 866 ἀνεπίσκοπον
1329 813 1516 886 ἐάσῃς.
1568 815 1726 869 Οὕτω
1763 819 1868 888 γὰρ

299 899 400 952 καὶ
426 898 538 951 τῶν
568 899 811 952 κάτωθεν
853 900 1265 968 ἐπηρεαζόντων
1315 905 1640 974 πνευμάτων
1669 907 1869 961 ἀνώτε-

303 1007 398 1060 ρος
423 990 721 1061 διαγενήσῃ
751 992 842 1044 καὶ
864 990 942 1060 τῷ
969 992 1210 1056 ἑτάζοντι
1240 996 1467 1065 καρδίας
1497 998 1590 1051 καὶ
1620 1001 1869 1068 νεφροὺς,

301 1082 379 1145 ῶς
416 1082 578 1144 αὐτὸς
604 1081 778 1134 ταῦτα
811 1083 1140 1152 προετάσας,
1181 1085 1552 1152 ἀνεξετάστως
1591 1093 1873 1162 παραστήσ

303 1189 374 1244 σῃ
425 1171 566 1242 μετὰ
600 1173 934 1243 παρρησίας.
992 1175 1082 1226 «Εἰ
1137 1177 1248 1245 γὰρ
1283 1179 1510 1242 ἑαυτοὺς
1563 1182 1868 1251 ὲκρίνομεν,

299 1265 402 1316 οὐκ
434 1263 500 1316 ἂν
533 1263 881 1332 ἐκρινόμεθα,
914 1283 932 1315 ›
969 1264 1178 1328 Παῦλος
1207 1268 1354 1320 ἐστιν
1400 1271 1427 1322 ὀ
1449 1270 1640 1338 λέγων.
1676 1274 1782 1325 Καὶ
1813 1275 1874 1326 τὸ

297 1354 396 1405 τοῦ
427 1354 589 1407 Δαϐὶδ
620 1354 806 1406 παθὼν
835 1356 1103 1423 μακάριον
1131 1359 1307 1410 έκεῖνο
1356 1360 1547 1426 πάθος,
1579 1363 1672 1416 καὶ
1713 1366 1874 1428 αὐτὸς

300 1443 441 1512 πρὸς
470 1442 561 1496 τὸν
587 1443 718 1497 Θεὸν
767 1444 932 1512 ἐρεῖς,
964 1445 1046 1497 ὅτι
1081 1464 1098 1495 ι
1126 1447 1322 1509 Σκότος
1351 1449 1413 1501 οὐ
1458 1453 1872 1522 σκοτισθήσεται

298 1535 412 1590 ἀπὸ
445 1534 562 1598 σοῦ,
620 1536 714 1589 καὶ
743 1535 837 1600 νὺξ
886 1535 961 1598 ὡς
1009 1537 1190 1606 ἡμέρα
1218 1527 1619 1604 φωτισθήσεταί
1641 1561 1756 1612 μοι,
1790 1545 1874 1596 ὅτι

300 1641 369 1694 σὺ
398 1640 614 1710 ἐκτήσω
629 1640 755 1702 τοὺς
782 1657 1016 1708 νεφρους
1041 1643 1285 1709 μου.›οὑ
1313 1645 1373 1696 τὸ
1402 1644 1501 1713 τῆς
1529 1645 1686 1714 ἐμῆς,
1715 1649 1866 1716 φησὶ,

298 1732 478 1802 ψυχῆς
511 1731 670 1800 μόνον
708 1731 1103 1801 ἐπιθυμητικὸν
1134 1733 1253 1786 ὅλον
1287 1734 1378 1786 σὸν
1429 1737 1690 1804 εἰργάσω,
1737 1739 1872 1792 ἀλλὰ

298 1827 393 1876 καιί
421 1822 550 1875 εἴτι
575 1825 632 1874 ὲν
688 1821 766 1890 τῷ
803 1823 1015 1890 σώματι
1061 1824 1266 1892 ταύτης
1303 1826 1400 1893 τῆς
1435 1827 1730 1896 ἐπιθυμίας
1766 1827 1884 1890 ζώο-

297 1931 494 1984 πυρον,
533 1913 672 1982 πρὸς
699 1915 799 1981 τὴν
830 1912 1164 1981 ἐμποιοῦσαν
1195 1916 1550 1986 ἐπιστρέψαι),
1589 1917 1656 1971 δι’
1701 1919 1871 1988 αὐτῆς

299 2007 438 2072 πρὸς
467 2007 526 2058 σὲ
560 2006 788 2074 ἀνέπτη,
831 2006 924 2057 καὶ
977 2005 1071 2057 σοῦ
1103 2005 1194 2076 ὲξή
1207 2025 1416 2078 ρτηται,
1448 2010 1542 2062 καὶ
1571 2010 1652 2064 σοὶ
1684 2012 1873 2065 κολλᾶ-

297 2117 410 2152 ται.
455 2099 546 2160 Ὠς
575 2099 683 2168 γὰρ
715 2100 828 2160 τοῖς
869 2099 978 2152 τῶν
1001 2097 1298 2168 αἰσθητῶν,
1336 2102 1430 2153 καὶ
1465 2100 1719 2173 φθαρτῶν
1751 2105 1872 2174 ἡδο-

298 2192 409 2248 νῶν
436 2191 835 2260 ἀντεχομένοις,
861 2191 920 2242 τὸ
943 2191 1043 2260 τῆς
1077 2192 1254 2261 ψυχῆς
1301 2193 1601 2263 ἐπιθυμοῦν
1631 2196 1750 2249 ὅλον
1778 2214 1872 2249 κε·

301 2283 487 2336 νοῦται
518 2283 654 2352 πρὸς
682 2282 784 2350 τὴν
813 2282 1014 2351 σάρκα,
1047 2283 1142 2335 καὶ
1187 2283 1275 2336 διὰ
1305 2284 1466 2337 τοῦτο
1513 2286 1625 2338 ὅλοι
1671 2289 1872 2358 σάρκες

298 2373 565 2440 γίνονται,
597 2371 692 2423 καὶ
723 2370 784 2423 τὸ
814 2371 1039 2440 Πνεῦμα
1086 2371 1178 2424 τοῦ
1212 2371 1348 2425 Θεοῦ
1387 2374 1487 2426 οὐκ
1520 2375 1598 2427 ἔνι
1629 2378 1872 2446 καταμέ-

299 2480 412 2516 νειν
451 2465 509 2514 ὲν
539 2464 721 2525 αὐτοῖς
749 2503 764 2523 ,
795 2462 940 2515 οὓτω
976 2465 1088 2527 τοῖς
1117 2464 1436 2534 ἁνυψώσασι
1465 2469 1553 2520 τὸν
1583 2468 1706 2521 νοῦν
1741 2471 1876 2538 πρὸς

299 2557 392 2608 τὸν
424 2555 580 2620 Θεὸν,
620 2555 715 2607 καὶ
747 2554 842 2608 τοῦ
872 2555 1015 2608 θείου
1047 2555 1214 2608 πόθου
1236 2558 1335 2628 τὴν
1364 2557 1540 2628 ψυχὴν
1572 2561 1877 2631 ἐξηρτημέ-

299 2661 433 2708 νοις,
459 2644 553 2696 καὶ
578 2646 612 2713 ἡ
642 2643 778 2715 σὰρξ
806 2644 1321 2715 μετασκευαζομένη
1362 2648 1758 2716 συνανυψοῦταί
1814 2667 1875 2704 τε

301 2737 396 2790 καὶ
436 2735 801 2789 συναπολαύει
853 2736 955 2805 τῆς
1007 2735 1156 2800 θείας
1204 2738 1518 2800 κοινωνίας·
1567 2740 1661 2792 καὶ
1689 2743 1877 2810 κτῆμα

302 2828 399 2880 καὶ
425 2825 565 2896 αὑτὴ
589 2827 822 2894 γίνεται,
855 2827 948 2879 καὶ
976 2828 1185 2898 οἴκημα
1217 2827 1373 2892 Θεοῦ,
1411 2829 1602 2899 μηκέτ’
1636 2833 1874 2884 ἐνοικου-

305 2917 503 2987 ροῦσαν
541 2917 741 2987 ἔχουσα
787 2918 887 2987 τὴν
921 2918 1058 2988 πρὸς
1103 2918 1235 2971 Θεὸν
1285 2919 1506 2988 ἔχθραν,
1557 2921 1692 2991 μηδὲ
1735 2924 1878 2977 κατὰ

300 3009 397 3062 τοῦ
458 3009 768 3079 πνεύματος
804 3009 1166 3078 ἐπιθυμοῦσα.
1221 3011 1316 3074 Τίς
1355 3011 1414 3066 δὲ
1468 3013 1563 3066 καὶ
1607 3016 1636 3066 ὁ
1677 3015 1877 3084 μᾶλλον

306 3100 611 3171 ἐπιτήδειος
638 3101 802 3164 τόπος
828 3099 903 3159 τῶ
925 3100 1168 3154 κάτωθεν
1193 3101 1280 3170 ἐφ’
1313 3104 1462 3171 ἡμᾶς
1491 3103 1693 3157 ἀνιόντι
1719 3105 1877 3158 mat"-

1975 643 2075 682 ma:
2101 637 2310 696 partem
2337 639 2506 686 totam
2540 641 2690 686 tuam
2719 633 2992 700 efficiam;
3026 639 3123 690 sed
3166 648 3220 693 et
3255 640 3300 693 si
3333 642 3456 709 quis
3500 645 3553 696 in

1971 731 2200 784 corpore
2229 727 2312 772 est
2333 722 2793 789 concupiscentiae
2844 723 3008 792 hujus
3029 724 3225 792 fomes,
3249 728 3378 782 illuc
3412 733 3556 784 unde

1971 806 2212 871 elicitur,
2239 823 2558 873 conversus,
2593 813 2693 866 hac
2734 816 2800 866 ad
2835 822 2889 869 te
2923 815 3092 880 volat,
3125 827 3179 871 et
3209 819 3306 872 tibi
3353 836 3554 889 appen-

1970 897 2081 962 det,
2103 907 2154 951 et
2178 908 2353 954 tecum
2379 901 2762 970 agglutinatur.
2789 903 2944 962 Sicut
2963 909 3108 962 enim
3159 910 3252 979 qui
3276 913 3552 966 sensibilia

1975 999 2030 1042 et
2062 992 2440 1059 corruptibili:
2485 994 2914 1062 amplectuntur,
2951 1006 3121 1050 totum
3174 1001 3370 1054 anima:
3392 1017 3554 1070 appe-

1974 1081 2130 1133 titum
2163 1082 2450 1138 effundunt
2492 1085 2562 1140 ad
2588 1101 2831 1151 carnem,
2880 1089 3109 1158 ideoque
3168 1091 3265 1144 toti
3305 1093 3553 1147 carnales

1969 1172 2126 1236 tiunt,
2154 1173 2485 1240 ctspiritum
2514 1175 2606 1228 Dei
2647 1191 2750 1228 non
2805 1177 3008 1231 habent
3041 1180 3093 1231 in
3148 1195 3207 1233 se
3245 1181 3552 1236 immanen-

1973 1272 2083 1314 tem
2126 1279 2139 1315 :
2170 1262 2242 1314 ita
2279 1265 2362 1319 his
2394 1267 2486 1333 qui
2525 1279 2758 1321 mentem
2798 1270 3014 1324 elevant
3059 1271 3126 1324 ad
3163 1272 3353 1335 Deum,
3379 1284 3434 1326 et
3464 1273 3551 1327 di-

1970 1354 2096 1407 vino
2127 1356 2296 1409 amori
2321 1359 2558 1411 animam
2598 1359 2928 1426 devinciunt,
2969 1362 3086 1430 ipsa
3119 1378 3249 1417 caro
3279 1373 3554 1418 transmu-

1973 1455 2088 1500 tata
2142 1448 2304 1500 siuzul
2337 1451 2589 1518 erigitur,
2630 1467 2693 1506 ac
2730 1452 2908 1506 divino
2939 1454 3134 1507 fruitur
3173 1459 3464 1522 consortio,
3497 1466 3552 1510 et

1969 1539 2029 1592 lit
2057 1540 2222 1594 etiam
2258 1556 2343 1597 res
2370 1553 2425 1595 et
2463 1544 2656 1597 domus
2708 1542 2951 1612 Dei,jam
2994 1560 3101 1599 non
3154 1547 3549 1602 inltahitantem

1970 1631 2178 1685 habens
2202 1632 2296 1686 Dei
2323 1634 2693 1699 inimicitiam,
2730 1651 2833 1690 nec
2864 1638 3128 1692 adversus
3146 1638 3396 1706 spiritum
3420 1654 3552 1692 con-

1967 1725 2282 1792 Cupiscctts.

2040 1818 2172 1872 Utra
2207 1831 2398 1872 autem
2430 1821 2613 1889 aptior
2652 1832 2737 1876 est
2765 1821 2981 1889 spiritui
3018 1839 3118 1878 nos
3159 1823 3413 1878 deorsum
3464 1825 3550 1878 in-

1969 1911 2232 1964 vadenti?
2277 1927 2481 1965 carune
2540 1929 2609 1966 an
2673 1915 2876 1968 meus?
2921 1931 3098 1970 nonne
3137 1932 3290 1978 caro,
3334 1918 3386 1969 in
3441 1931 3551 1986 qua

1970 2003 2270 2070 Apostolus
2301 2004 2435 2057 nihil
2471 2006 2671 2057 bonum
2707 2007 2840 2060 dicit
2867 2007 3116 2060 habitare
3145 2017 3432 2076 antequam
3473 2009 3552 2062 le-

1969 2110 2087 2162 gem
2120 2096 2241 2149 vitae
2289 2097 2804 2164 conccperit?Eam
2861 2099 3030 2168 igitur
3088 2101 3272 2167 potius
3331 2110 3551 2170 oportet

1969 2202 2247 2256 nunquam
2297 2187 2502 2240 dimitti
2547 2187 2961 2244 incustoditam.
2999 2189 3170 2244 Secus
3220 2191 3364 2244 enim
3419 2190 3552 2259 quid

1970 2282 2269 2334 heremus?
2303 2280 2371 2335 Et
2416 2296 2516 2347 cur
2561 2296 2682 2336 eam
2731 2281 3368 2352 derelinqueremusi'Et
3418 2297 3554 2352 quo-

1967 2373 2129 2425 modo
2187 2373 2516 2441 repellamus
2575 2375 2798 2445 maligni
2855 2375 2923 2429 ad
2963 2389 3084 2428 eam
3139 2376 3395 2440 reditum,
3458 2374 3553 2444 qui

1969 2464 2270 2529 praesertim
2309 2479 2620 2534 repugnare
2666 2466 3025 2533 spiritualiter
3053 2477 3251 2521 contra
3291 2467 3552 2534 spiritua-

1968 2554 2039 2606 lia
2088 2555 2342 2624 nequitia:
2374 2559 2612 2611 nondum
2653 2558 2879 2621 scimus,
2911 2559 2958 2612 si
3003 2573 3106 2612 nou
3150 2558 3407 2611 exteriori
3450 2559 3550 2610 ha-

1966 2646 2082 2700 bitu
2133 2648 2554 2718 nobismetipsis
2599 2651 2879 2704 discamus
2910 2649 3236 2717 invigilare?
3267 2648 3374 2702 Nec
3405 2649 3551 2702 solos

1966 2737 2088 2792 dico
2135 2748 2381 2792 recenter
2437 2740 2797 2808 incipientes,
2851 2756 2972 2795 cum
3050 2751 3106 2793 et
3162 2738 3550 2808 perfection-um

1967 2829 2237 2890 nonnulli,
2263 2831 2365 2884 hoc
2404 2831 2510 2884 situ
2553 2831 2606 2883 in
2647 2833 2902 2885 oratione
2935 2833 3040 2896 usi,
3070 2831 3314 2887 exauditi
3340 2839 3468 2884 Sunt
3519 2847 3550 2882 a

1964 2920 2098 2983 Deo,
2135 2934 2242 2974 non
2284 2921 2664 2976 tantummodo
2714 2933 2840 2989 post
2890 2923 3197 2987 Christum,
3232 2923 3328 2976 sed
3387 2923 3551 2976 etiam

1965 3023 2091 3067 ante
2121 3013 2244 3082 ejus
2277 3014 2344 3066 ad
2385 3029 2484 3069 nos
2531 3016 2849 3068 adventum.
2879 3016 2998 3084 Ipse
3025 3017 3173 3068 enim
3219 3018 3555 3084 centelupla-

1968 3102 2113 3157 tione
2135 3104 2570 3172 perfectissimus
2608 3104 2774 3171 Elias,
2804 3121 3013 3174 ponens
3046 3105 3242 3160 faciem
3280 3121 3432 3159 suam
3463 3107 3554 3158 in-

297 3228 430 3281 ματι
489 3210 713 3278 σαρκὸς,
776 3208 870 3262 καὶ
920 3207 1045 3269 νοῦς
1100 3208 1197 3275 οὐχ
1321 3205 1480 3276 σὰρξ,
1532 3200 1652 3278 ενῇ
1697 3208 1791 3259 καὶ
1833 3209 1862 3260 ὁ

1972 3207 2050 3249 ter
2072 3213 2250 3264 genua
2289 3214 2387 3251 sua
2423 3199 2487 3264 ¹⁰,
2529 3207 2584 3252 et
2618 3199 2702 3252 sic
2732 3207 2966 3251 mentem
3014 3201 3066 3251 in
3099 3214 3158 3253 se
3213 3209 3268 3252 ιι
3305 3201 3354 3251 in
3380 3199 3551 3252 Deum

304 3299 628 3361 Ἀπόστολός
657 3314 791 3368 φησι
845 3297 1009 3367 μηδὲν
1047 3296 1271 3365 ἀγαθὸν,
1313 3297 1420 3367 πρὸ
1463 3295 1558 3348 τοῦ
1605 3299 1858 3363 ἐγκατοι-

290 3389 544 3460 κισθῆναι
575 3389 667 3442 τὸν
714 3391 878 3456 νόμον
926 3389 1026 3458 τῆς
1059 3388 1225 3458 ζωῆς,
1261 3389 1458 3448 οίκεῖνς
1509 3387 1748 3456 Ταύτηνξ
1772 3385 1862 3438 οὗ-

289 3479 420 3533 κοῦν
470 3481 562 3532 καὶ
593 3478 797 3548 μᾶλλον
836 3479 917 3531 δεῖ
965 3477 1223 3547 μηδέποτ’
1262 3476 1516 3544 ἀφεῖσθαι
1564 3476 1858 3544 προσοχῆς.

287 3574 414 3636 Πῶς
470 3573 577 3642 γὰρ
630 3571 788 3640 ἡμῶν
830 3570 956 3640 εἴης
1004 3570 1120 3633 πῶς
1171 3570 1215 3623 δ’
1264 3569 1330 3624 ἂν
1360 3570 1588 3637 ἀφῶμεν
1617 3568 1856 3636 ταύτηνς

288 3666 412 3729 Πῶς
463 3665 506 3718 δ’
561 3665 628 3718 ἂν
658 3662 1144 3734 ἀποκρουσαίμεθα
1171 3661 1270 3732 τὴν
1302 3663 1439 3731 πρὸς
1485 3658 1652 3730 αὐτὴν
1679 3659 1862 3713 ἄνοδον

285 3758 382 3810 τοῦ
423 3756 704 3826 πονηροῦ,
757 3756 850 3808 καὶ
903 3755 1138 3824 μάλιστα
1183 3756 1230 3805 οἱ
1265 3755 1429 3822 μήπω
1476 3748 1865 3820 πνευματικῶς

289 3845 491 3907 εἰδότες
523 3844 836 3897 ἀντεπιέναι
867 3845 982 3906 τοῖς
1012 3844 1404 3911 πνευματικοῖς
1439 3842 1537 3910 τῆς
1573 3839 1862 3909 πονηρίας,

291 3939 341 3990 εἰ
375 3937 450 4007 μὴ
485 3937 579 3989 καὶ
611 3935 704 3988 διὰ
729 3935 822 3988 τοῦ
857 3934 962 3998 ἔξω
989 3936 1267 4004 σχήματος
1298 3935 1447 4003 ἡμᾶς
1490 3933 1686 3994 αὐτοὺς
1732 3949 1865 3983 παι-

293 4027 559 4096 δεύσομεν
582 4024 873 4096 προσέχειν
900 4025 1155 4087 έαυτοῖς;
1188 4025 1296 4078 Καὶ
1329 4023 1379 4075 τί
1417 4023 1562 4090 λέγω
1592 4023 1716 4083 τοὺς
1741 4021 1867 4091 ἄρτι

294 4118 774 4189 ἐπιϐαλλομένους,
814 4118 902 4171 ὅτε
949 4117 1044 4170 καὶ
1078 4116 1187 4170 τῶν
1221 4116 1564 4187 τελεωτέρων
1608 4115 1746 4166 εἰσὶν
1790 4113 1864 4178 οῖ,

290 4221 468 4290 τούτῳ
487 4219 821 4290 χρησάμενοι
851 4215 926 4286 τῷ
958 4217 1196 4286 σχήματι
1224 4216 1363 4267 κατά
1387 4215 1484 4284 τὴν
1533 4214 1863 4284 προσευχὴν,

291 4314 521 4384 εὐήκοον
545 4312 606 4364 τὸ
626 4311 778 4363 Θεῖον
807 4309 992 4378 ἔσχοψ
1025 4307 1085 4359 οὐ
1113 4305 1274 4376 μόνον
1308 4307 1418 4358 τῶν
1443 4306 1580 4375 μετά
1609 4305 1866 4374 Χριστὸν,

292 4403 430 4456 ἀλλὰ
459 4401 554 4455 καὶ
591 4400 700 4452 τῶν
734 4399 838 4468 πρὸ
861 4400 959 4468 τῆς
1002 4397 1166 4452 αὑτοῦ
1209 4397 1345 4466 πρὸς
1372 4398 1514 4465 ὑμᾶς
1553 4395 1868 4464 ἐπιδημίας.

293 4496 404 4549 Καὶ
433 4494 595 4555 αὐτὸς
643 4491 752 4560 γὰρ
803 4492 832 4544 ὁ
868 4491 966 4560 τὴν
1020 4489 1280 4542 θεοπτίαν
1313 4488 1644 4551 τελεώτατος
1683 4486 1872 4546 Ἠλίας

1974 3287 2292 3358 diligentius
2317 3290 2606 3356 reducens,
2639 3292 2786 3346 illam
2822 3293 3124 3346 multorqu
3157 3306 3423 3346 auuormu
3462 3291 3552 3344 di-

1971 3379 2072 3431 luit
2099 3380 2424 3433 siccitatem.

2043 3472 2133 3526 lsti
2157 3482 2338 3526 autem
2369 3489 2396 3524 a
2421 3473 2642 3542 quibus,
2677 3473 2867 3539 frater,
2901 3474 2990 3528 illa
3019 3474 3115 3526 tihi
3164 3474 3350 3526 audita
3384 3473 3554 3528 fuisse

1970 3564 2128 3626 dicis,
2157 3565 2287 3616 mihi
2311 3565 2846 3632 videnturaegrotare
2893 3564 3294 3618 Pharisaeorum
3326 3564 3544 3630 morbo;

1970 3653 2154 3721 itaque
2183 3652 2330 3721 quod
2373 3661 2463 3705 est
2521 3653 2670 3706 intus
2719 3653 2930 3717 calicis,
2970 3670 3066 3708 cor
3106 3654 3323 3708 scilicet
3368 3669 3551 3717 suum,

1970 3745 2242 3813 inspicere
2271 3755 2326 3798 et
2363 3746 2632 3800 mundare
2661 3745 2848 3799 uolunt
2874 3764 2890 3814 ;
2929 3758 2984 3801 et
3013 3756 3227 3814 patrum
3263 3763 3368 3798 non
3395 3757 3550 3799 stan-

1970 3844 2052 3888 tes
2109 3835 2525 3902 traditionibus,
2565 3847 2753 3892 amant
2795 3853 2958 3905 supra
2994 3853 3182 3893 otnues
3240 3839 3451 3904 sedere,
3491 3848 3553 3892 ut

1970 3928 2094 3980 novi
2131 3927 2268 3995 legis
2305 3927 2596 3995 doctores;
2637 3938 2695 3981 et
2742 3930 2910 3983 situm
2945 3929 3235 4000 -justificati
3277 3932 3552 3999 publicani

1971 4021 2024 4073 in
2051 4021 2302 4074 oratione
2328 4021 2432 4090 ipsi
2461 4023 2846 4090 dedignantur,
2879 4035 2934 4078 et
2980 4025 3103 4078 aliis
3133 4025 3417 4078 Orantibus
3453 4026 3552 4079 ad-

1971 4113 2292 4166 mittendum
2322 4114 2669 4168 dissuadent.
2701 4114 2855 4169 Sicut
2901 4117 3046 4168 enim
3083 4116 3344 4172 Dominus
3372 4119 3505 4171 dicit
3533 4135 3549 4173 :

1975 4220 1994 4252 ι
2024 4203 2116 4256 llle
2144 4205 2358 4259 uolebat
2390 4221 2492 4260 nec
2513 4209 2700 4262 oculos
2730 4209 2795 4261 ad
2829 4210 3028 4264 etelum
3054 4211 3235 4264 lerare
3265 4212 3332 4265 “.
3363 4231 3379 4262 ι
3416 4211 3549 4264 Eum

1969 4310 2133 4364 porro
2175 4296 2477 4361 imitantur,
2508 4300 2600 4367 qui
2652 4300 2704 4352 iu
2749 4301 2963 4369 seipsos
3010 4302 3186 4356 risum
3231 4304 3435 4355 oratulo
3468 4305 3550 4355 in-

1971 4387 2243 4452 tendunt;
2296 4390 2389 4457 qui
2440 4405 2573 4443 vero
2630 4405 2724 4444 eos
2787 4402 2987 4446 vocant
3035 4393 3547 4463 omphalopsychos;

1971 4496 2076 4533 non
2109 4481 2287 4533 solum
2343 4481 2632 4536 evidenter
2664 4484 3073 4538 calumniantur
3104 4501 3242 4554 quos
3287 4498 3551 4542 accusant

297 4586 391 4655 τὴν
443 4582 684 4652 κεφαλὴν
722 4583 834 4642 τοῖς
885 4580 1106 4647 γόνασιν
1161 4580 1400 4651 ἐρείσας,
1444 4578 1539 4632 καὶ
1593 4576 1736 4629 οὕτω
1778 4575 1870 4627 τὸν

1972 4574 2119 4641 (quis
2144 4574 2290 4626 enim
2348 4573 2544 4627 horum
2583 4575 2636 4628 in
2675 4577 2938 4630 umbilico
2987 4579 3200 4642 reponit
3228 4577 3549 4646 animam?),

291 4679 420 4733 νοῦν
478 4679 556 4740 είς
611 4675 802 4728 ἑαυτὸν
838 4675 932 4728 κοιλ⁸
981 4673 1072 4726 τὸν
1120 4673 1252 4725 Θεὸν
1287 4669 1720 4740 φιλοπονώτερον
1750 4684 1872 4718 συν-

291 4773 540 4840 αγαγὼν,
574 4772 667 4824 τὸν
698 4769 930 4837 πολυετῆ
973 4768 1178 4818 ἐκεῖνον
1212 4764 1402 4816 ἔλυσεν
1446 4761 1676 4830 αὐχμόν.
1713 4755 1869 4812 Οὗτοι

292 4867 352 4919 δέ
396 4883 486 4934 μοι
513 4863 781 4925 δοκοῦσιν,
813 4859 1033 4928 ἀδελφὲ,
1073 4858 1204 4928 παρ’
1249 4850 1324 4910 ὧν
1375 4853 1670 4922 ἀκηκοέναι
1697 4850 1871 4902 ταῦτα

293 4958 498 5024 λέγεις,
528 4957 704 5007 νοσεῖν
737 4953 835 5024 τὴν
865 4951 974 5004 τῶν
1003 4948 1314 5017 Φαρισαίων
1345 4947 1500 4998 νόσον
1525 4957 1537 4969 ⁸
1569 4945 1649 4996 διὸ
1685 4943 1777 4995 καὶ
1813 4942 1876 4993 τὸ

293 5049 499 5102 ἔσωθεν
551 5045 645 5099 τοῦ
683 5045 966 5112 ποτηρίου,
1009 5039 1208 5110 δηλαδὴ
1250 5037 1348 5108 τὴν
1379 5036 1585 5090 ἑαυτῶν
1621 5034 1872 5103 καρδίαν,

295 5139 727 5197 ἐπισκέπτεσθαι
774 5138 870 5190 καὶ
922 5134 1208 5201 καθαίρειν
1279 5132 1380 5182 οὐκ
1435 5128 1718 5180 ὲθέλουσι’
1782 5126 1876 5177 καὶ

295 5238 421 5297 ταῖς
454 5235 751 5302 πατρικαῖς
804 5231 879 5298 μὴ
922 5225 1260 5294 στοιχοῦντες
1299 5220 1650 5291 παραδόσεσι,
1704 5216 1875 5269 σπεῦ-

295 5330 482 5381 ὅουσιν
521 5326 675 5378 αὐτοὶ
705 5319 1086 5392 προκαθῆσθαι
1131 5317 1368 5376 πάντων,
1407 5314 1478 5376 ὡς
1507 5311 1685 5365 καινοὶ
1713 5327 1872 5377 νομο-

301 5419 650 5474 διδάσκαλοι·
703 5416 762 5468 τό
802 5433 861 5466 τε
905 5413 1088 5482 σχῆμα
1123 5413 1221 5479 τῆς
1249 5405 1678 5472 δεδικαίωμένης
1711 5401 1876 5454 τελω-

300 5514 459 5577 νικῆς
503 5509 668 5577 εὐχῆς
711 5506 947 5572 ἐκείνης,
984 5503 1135 5554 αὑτοξ
1181 5519 1239 5554 τε
1272 5495 1703 5561 ἁπαξιοῦςι,καὶ
1751 5493 1876 5554 τοὺς

303 5601 497 5662 ἄλλως
542 5601 649 5652 τῶν
678 5599 985 5666 εὐχομένων
1040 5593 1362 5663 παραινοῦσι
1403 5591 1476 5658 μὴ
1529 5583 1874 5656 προσίεσθαι.

304 5695 575 5760 Καθάπερ
638 5692 746 5760 γὰρ
817 5694 873 5742 ἐν
934 5688 1284 5752 Ιίῦςιγγεὶίοις
1345 5683 1508 5753 φησὶν
1558 5681 1586 5732 ὁ
1637 5677 1877 5749 Κύριος·

364 5867 493 5937 “'_lll
533 5865 659 5937 Reg.
708 5883 860 5932 XVI“,
892 5868 976 5921 Η..

1059 5871 1094 5899 ¹²
1121 5868 1247 5924 Luc.
1289 5885 1437 5937 xvnt,
1470 5871 1552 5926 l5.

1969 4681 2079 4718 non
2135 4667 2333 4731 solum,
2372 4667 2622 4735 inquam,
2674 4670 2808 4722 fiunt
2873 4669 3160 4722 manileste
3221 4671 3549 4724 calumniosi

1972 4759 2325 4827 impnstores,
2355 4763 2448 4813 sed
2492 4771 2542 4814 et
2584 4762 2880 4815 ostendunt
2926 4761 3138 4830 seipsos
3192 4762 3546 4816 laudabilium

1971 4851 2370 4906 conviciator-es
2404 4851 2673 4917 virorum,
2725 4853 2866 4907 haud
2904 4867 3032 4906 vero
3086 4855 3390 4907 errantium
3421 4869 3545 4908 esse

1969 4953 2328 5005 correctores,
2367 4958 2466 4996 nec
2492 4945 3101 5014 pwpterquietttdiuem
3133 4953 3188 5000 et
3221 4946 3536 5013 veritatem,

1971 5041 2024 5084 at
2053 5041 2277 5102 propter
2316 5049 2511 5087 vanam
2544 5033 2773 5102 gloriam
2832 5036 3096 5099 scribere,
3139 5052 3317 5105 neque
3374 5045 3432 5090 ut
3482 5039 3548 5088 ad

1971 5126 2304 5194 vigilantiam
2350 5127 2630 5190 inducant,
2663 5128 2755 5180 scd
2791 5137 2848 5181 ut
2882 5143 2911 5180 a
2946 5129 3226 5198 vigilantia
3280 5141 3547 5184 avertant.

1969 5218 2146 5286 ipsum
2184 5223 2330 5273 enim
2363 5221 2495 5274 illud
2546 5237 2704 5290 opus,
2738 5233 2792 5274 et
2847 5239 3038 5275 mimes
3066 5223 3113 5276 ei
3148 5225 3394 5277 studiose
3463 5223 3548 5274 in-

1968 5316 2315 5380 cumbentes,
2347 5316 2493 5367 omni
2520 5317 2683 5368 modo
2710 5317 2930 5370 student
2962 5317 3031 5372 ob
3061 5327 3241 5370 actum
3269 5331 3376 5382 quo
3416 5312 3579 5367 illud'

1967 5420 2276 5470 excreetur,
2301 5417 2678 5462 contemnere.
2715 5407 2782 5462 Et
2845 5410 2932 5462 isti
2967 5426 3088 5462 eum
3149 5410 3238 5478 qui
3290 5409 3428 5461 dixit
3467 5409 3545 5461 ":

1973 5521 1988 5550 ι
2025 5498 2229 5554 Venter
2295 5517 2449 5554 meus
2492 5502 2649 5568 quasi
2708 5503 2920 5556 cithara
2967 5502 3203 5564 sonabit,
3233 5513 3286 5554 et
3338 5501 3547 5555 viscera

1968 5612 2086 5647 lt.t'.:t
2117 5595 2181 5647 ad
2217 5611 2434 5648 murqu
2463 5611 2665 5649 aereum
2708 5613 2870 5664 quem
2901 5595 3242 5658 iustaurasi,
3276 5613 3293 5644 ι
3366 5595 3550 5648 nelia-

1969 5692 2199 5760 psychos
2231 5689 2390 5746 facile
2423 5694 2784 5762 appellarent,
2804 5701 2855 5744 et
2893 5689 3050 5745 simul
3095 5688 3379 5743 universos
3400 5689 3552 5742 iucu-

1637 5869 1792 5924 “lsa.
1824 5884 1930 5938 im,
1981 5870 2058 5924 ll.
