3988 6496
470 384 546 449 'll
593 386 625 447 5
1732 386 2116 448 GREGORH
2182 390 2510 456 PALAM‘IE
3589 400 3705 469 Πίϐ

489 512 679 558 sarcnt
707 492 1019 572 quicunque
1070 501 1351 572 corporeis
1386 501 1717 571 imaginibus
1751 502 2063 570 intelligihi-

2133 545 2138 563 ,
2171 524 2190 555 ι
2215 505 2450 565 Ἐκεῖνος
2482 503 2582 556 οὐκ
2626 503 2820 574 ἢθελεν
2858 502 2980 556 οὐδὲ
3021 503 3149 567 τοῦς
3191 503 3503 574 ὀφθαλμιῦς
3534 506 3605 567 είς
3627 508 3708 560 τὸν

486 595 558 649 lia
615 595 906 665 divinaque
929 607 984 649 et
1034 595 1341 663 spiritualia
1384 595 1638 664 ﬁgurant,
1671 603 1988 664 nuncupant
2011 604 2061 648 et

2164 596 2396 667 οὐρανὸν
2429 593 2584 666 ἆραι’
2621 615 2639 647 ι
2673 594 2865 648 τοῦτον
2883 595 2940 648 δὲ
2962 595 3304 666 ζηλοῦσιν,“οί
3336 598 3538 660 ἐαυτοίς
3566 599 3621 652 ἐν
3638 598 3717 669 τῷ.

488 688 836 755 investigant.
870 686 977 743 Sed
1002 688 1086 742 eis
1123 687 1329 742 nullum
1379 686 1584 742 idcirco
1633 686 1869 742 infereiit
1893 686 2063 741 delri-

2166 688 2423 758 εῦχεσοαι
2471 687 2830 759 προσέχοντες
2857 687 2955 759 τὴν
2982 688 3105 758 δψιν
3130 703 3144 716 ⁸
3173 691 3220 742 οἱ
3250 688 3300 741 δ’
3323 689 3704 760 δμφαλοψὺχους

494 786 759 843 mentum,
809 786 865 831 at
916 780 1099 848 potius
1164 793 1330 834 causa
1388 778 1745 834 beatitudinis
1791 789 1956 832 erunt
2010 787 2068 833 et

2166 781 2392 843 τούτους
2419 779 2801 849 ὀνομάζοντες,
2850 781 2986 850 πρὸς
3036 781 3117 851 τῷ
3165 784 3520 849 συκοφαντεῖν
3556 783 3707 851 σοφῶς

492 871 672 939 plures
700 868 905 924 addent
935 872 995 926 in
1052 869 1214 926 cmlis
1242 884 1519 936 coronas;
1552 868 1659 939 ipsi
1719 881 1849 923 vero
1911 877 2063 922 extra

2167 866 2245 926 ὧν
2277 871 2644 942 κατηγοροῦσι
2667 888 2683 904 ο
2729 873 2813 936 τίς
2863 874 2972 943 γάρ
3010 890 3143 927 ποτε
3188 873 3398 926 τούτων
3420 863 3523 926 ’ἐπ’
3552 875 3705 942 ὀμφα-

483 961 777 1015 sanctuarii
825 962 1004 1015 velum
1053 962 1376 1022 manebunt,
1432 975 1534 1015 nec
1589 961 1765 1030 ipsam
1826 959 2058 1015 veritatis

2166 965 2260 1019 λοῦ
2285 966 2435 1033 λέγει
2464 966 2565 1035 τὴν
2593 964 2772 1034 ψυχήν
2797 980 2813 1031 ;
2849 965 2993 1035 ῐιρδς
3020 966 3149 1033 γοῦν
3168 965 3249 1036 τῷ
3268 964 3520 1033 γενέσθαι
3543 965 3709 1036 δήλους

491 1054 740 1106 umbram
771 1060 1032 1122 poterunt
1054 1052 1254 1108 intueri
1281 1068 1296 1117 ;
1337 1053 1447 1106 imo
1478 1051 1633 1106 valde
1657 1051 1955 1107 timendum
1981 1058 2066 1105 est

2169 1053 2584 1120 συκοφαντικῶς
2661 1052 3018 1122 ἐπιθεμένους
3043 1092 3057 1116 ,
3123 1055 3218 1107 καὶ
3274 1054 3567 1123 ὑϐριστὰς,
3619 1055 3709 1108 τῶν

483 1161 550 1199 ne
602 1146 686 1200 vel
736 1160 897 1214 poena
930 1145 1228 1200 multentur
1256 1154 1486 1212 aeterna,
1512 1145 1641 1215 quia
1684 1159 1792 1199 non
1835 1143 2009 1199 solum
2034 1159 2058 1198 a

2165 1145 2572 1214 ἐπαινουμένων
2619 1147 2760 1213 σφᾶς
2789 1145 2987 1207 αὐτοὺς
3036 1145 3243 1210 ἔδειξαν
3285 1146 3465 1213 ὄντας,
3514 1147 3618 1200 ἀλλ’
3658 1148 3711 1202 οὔ

482 1237 690 1291 sanctis
716 1237 1112 1301 discesserunt,
1142 1236 1238 1291 sed
1293 1238 1462 1291 etiam
1521 1245 1714 1291 contra
1757 1250 1855 1292 eos
1900 1238 2057 1290 verba

2166 1235 2464 1306 διορθωτὰς
2507 1236 2618 1289 τῶν
2658 1236 3077 1307 σφαλλομένων·
3114 1238 3236 1291 οὐδ”
3279 1239 3507 1308 ἡσυχίας
3532 1239 3706 1300 ἕνεκεν,

483 1329 861 1383 incesserunt.

2167 1330 2264 1381 καὶ
2317 1327 2598 1396 ἀληθείας,
2631 1327 2768 1381 ἀλλὰ
2820 1328 3126 1397 κενοδοξίας
3181 1332 3345 1398 χάριν
3398 1330 3707 1400 γράφοντας

556 1422 688 1475 Nam
723 1418 998 1476 Siineonis
1026 1420 1261 1488 junioris
1293 1421 1528 1490 theologi
1559 1422 1725 1475 vitam
1778 1420 2071 1490 cognoscis

2166 1419 2274 1472 οὐδ’
2305 1419 2395 1473 ἶνα
2424 1419 2563 1490 πρὸς
2592 1419 2754 1490 νῆψιν
2789 1420 3077 1487 ὲνάγωσιν,
3109 1419 3227 1474 ἀλλ’
3262 1420 3353 1473 ἵνα
3400 1419 3497 1490 τῆς
3527 1420 3709 1490 νήψεως

485 1514 597 1569 fere
627 1515 679 1569 in
701 1516 954 1569 omnibus
984 1516 1286 1570 mirabilem
1313 1526 1369 1570 et
1389 1514 1906 1585 supernaturalibus
1953 1514 2060 1567 ini-

2168 1500 2552 1580 ἁπαγάγωσιν.
2599 1512 2742 1566 Αὐτὸ
2789 1512 2901 1581 γὰρ
2931 1513 2997 1566 τὸ
3040 1511 3357 1581 Emam-xui
3404 1514 3528 1573 τοὺς
3564 1513 3712 1581 ἐμμε-

487 1606 690 1661 raeulis
723 1622 752 1659 a
794 1606 901 1661 Deo
939 1607 1323 1676 glorilicatam,
1355 1616 1412 1662 et
1448 1606 1654 1675 scripta
1690 1606 1810 1677 ejus
1855 1607 2060 1676 scripta

2168 1605 2275 1668 λῶς
2305 1605 2747 1676 ὲπειλημμένους
2775 1605 2992 1670 τούτου,
3045 1605 3210 1659 παντὶ
3260 1608 3448 1677 τρόπῳ
3486 1606 3709 1659 σπεύδου-

485 1699 613 1753 vita:
643 1699 830 1755 dicens
869 1699 1066 1769 aliquis
1097 1715 1206 1754 nou
1237 1716 1266 1752 a
1301 1710 1450 1756 recto
1496 1708 1736 1756 erraret.
1785 1699 1852 1754 Et
1896 1714 2060 1755 vene-

2170 1714 2255 1749 σιν
2301 1696 2361 1762 ἐξ
2404 1697 2576 1765 αὐτῆς
2603 1698 2703 1767 τῆς
2747 1679 3085 1767 καταλλήλου
3130 1699 3388 1770 πράξεως
3415 1700 3706 1764 ἐξουθενεῖνι

485 1791 714 1845 randum
767 1791 920 1847 illum
980 1791 1385 1861 Nicephorum,
1431 1792 1522 1862 qui
1576 1791 1768 1847 multis
1816 1792 1978 1846 annis
2009 1792 2060 1845 in

2167 1790 2217 1839 οί
2247 1786 2480 1842 τοιοῦτοι
2504 1788 2561 1841 δὲ
2591 1788 2789 1860 ῥᾳδίως
2819 1790 2913 1843 καὶ
2940 1789 3033 1842 τὸν
3059 1791 3308 1854 εἰπόντα,
3342 1792 3416 1854 ὡς
3440 1810 3459 1842 ι
3499 1793 3555 1844 '0
3579 1792 3714 1861 νόμος

483 1884 776 1939 solitudine
807 1895 864 1940 et
895 1885 945 1938 in
976 1883 1162 1954 quiete
1188 1886 1453 1955 peractis,
1487 1885 1684 1939 deinde
1710 1885 1901 1955 magis
1932 1885 2058 1939 soli-

2135 1860 2144 1896 ί
2168 1879 2263 1932 τοῦ
2287 1879 2423 1934 Θεοῦ
2444 1881 2503 1933 ἐν
2704 1880 2803 1949 τῆς
2829 1881 3037 1944 κοιλίας
3069 1898 3193 1951 μου,
3210 1901 3228 1933 ι
3256 1884 3351 1937 καὶ
3376 1884 3467 1936 τὸν
3491 1854 3710 1953 signinis:

484 1977 652 2031 tarias
679 1978 979 2047 praeferens
1014 1980 1193 2035 sancti
1219 1979 1419 2033 Montis
1447 1987 1657 2047 partes,
1679 1992 1805 2033 sese
1825 1979 1890 2032 ad
1916 1980 2059 2033 labo-

2170 1971 2306 2040 πρὸς
2329 1971 2482 2034 Θεὸν,
2529 1972 2613 2025 ὅτι
2665 1990 2683 2022 i
2711 1972 2774 2025 Ἡ
2813 1973 2995 2025 κοιλία
3046 1992 3147 2043 μου
3188 1976 3391 2045 ἡχήεει
3418 1977 3491 2038 ὡς
3521 1976 3705 2045 κιθάρα,

486 2084 600 2123 rem
636 2071 905 2135 exercuit,
947 2080 1003 2126 et
1030 2086 1096 2126 ex
1133 2070 1381 2126 collectis
1409 2069 1664 2125 omnibus
1690 2069 1908 2123 Patrum
1952 2084 2061 2122 ser-

2171 2062 2267 2115 καὶ
2310 2063 2379 2115 τὰ
2428 2063 2577 2125 ἐντός
2623 2081 2724 2132 μου
2769 2063 2901 2116 ὡσεὶ
2935 2066 3111 2134 τεῖχος
3150 2065 3392 2135 χαλκοῦν
3417 2067 3446 2118 δ
3486 2067 3708 2119 ἐνεκαίνι-

487 2160 739 2215 monibus
770 2172 980 2216 erutam
1015 2163 1178 2218 nobis
1216 2162 1450 2217 tradidit
1490 2161 1787 2232 vigilantiae
1828 2162 2062 2230 praxim.

2173 2169 2293 2216 σας,
2320 2171 2340 2205 ι
2385 2152 2764 2223 κοιλιοψύχους
2812 2154 2878 2208 ἂν
2917 2157 3443 2227 προσαγορεύσειαν,
3472 2160 3559 2210 καὶ
3585 2160 3712 2225 κοινῇ

486 2249 565 2305 lbi
596 2267 731 2321 ergo
763 2253 893 2306 illud
923 2255 1068 2324 quod
1094 2271 1124 2309 a
1155 2255 1479 2325 quibusdam
1519 2253 1689 2321 refelli
1726 2253 1886 2319 dicis,
1940 2268 2061 2322 per-

2172 2245 2380 2307 πάντας
2408 2245 2766 2307 διαϐάλλοιεν,
2801 2247 2927 2310 τοὺς
2954 2247 3043 2300 διὰ
3074 2249 3409 2316 σωματικῶν
3440 2251 3705 2320 συμϐόλων,

488 2344 741 2399 fectionis
779 2347 1088 2403 amantibus
1116 2346 1266 2402 clare
1299 2348 1550 2401 suadent.

2172 2339 2241 2391 τὰ
2261 2340 2443 2409 νοερὰ,
2478 2340 2572 2392 καὶ
2613 2338 2751 2403 θεῖα,
2788 2341 2885 2392 καὶ
2921 2340 3267 2409 πνευματικὰ
3291 2341 3602 2403 τυποῦντας,
3635 2344 3707 2393 καὶ

560 2434 629 2490 Ει
686 2437 819 2505 quid
867 2436 1105 2499 referam
1164 2449 1379 2493 veteres
1422 2439 1688 2494 sanctos?
1740 2437 1852 2492 Viri
1906 2440 2066 2505 paulo

2171 2430 2505 2497 καλοῦντας,
2536 2432 2630 2483 καὶ
2679 2430 3077 2500 ἁνιχνεύοντας.
3142 2432 3286 2485 Ἀλλ’
3343 2433 3565 2496 ἐκείνοις
3610 2433 3703 2501 μὲν,

491 2528 651 2581 nobis
678 2529 1004 2597 anteriores,
1030 2530 1084 2584 in
1117 2530 1318 2599 quibus
1342 2530 1632 2585 manifesta
1660 2530 1857 2585 enituit
1896 2529 2066 2584 virtus

2172 2522 2324 2592 παρὰ
2363 2521 2521 2575 τοῦτο
2569 2520 2765 2591 βλάϐος
2810 2522 3120 2576 έποίσουσιν
3167 2524 3322 2577 οὐδέν
3349 2540 3363 2555 ⁸
3415 2524 3601 2592 μᾶλλον
3630 2525 3706 2593 μὲν

494 2620 735 2689 Spiritus
796 2622 991 2689 sancti,
1050 2623 1234 2677 omnia
1295 2624 1408 2678 haec
1462 2623 1617 2678 nobis
1681 2622 1904 2691 proprio
1966 2637 2063 2675 ore

2171 2613 2265 2667 οὖν
2301 2613 2396 2665 καὶ
2435 2613 2802 2682 μαωρισμῶν
2831 2612 3081 2683 πρόξενοι
3122 2615 3466 2684 γενήσονται,
3502 2616 3588 2668 καὶ
3614 2613 3706 2684 psi-

488 2710 855 2777 iradideruiit,
901 2725 959 2767 et
1025 2713 1179 2768 illum
1234 2714 1544 2784 theologum
1601 2728 1724 2768 esse
1781 2711 2063 2767 verissime

2173 2705 2327 2769 ζονος
2372 2705 2689 2774 προσθήκης
2718 2704 2825 2758 τῶν
2867 2708 2926 2759 ὲν
2971 2707 3221 2777 οὐρανοῖς
3253 2707 3526 2777 στεφάνων
3545 2726 3558 2739 ο
3586 2708 3706 2760 αὐτοὶ

490 2804 805 2875 theologum
849 2815 907 2860 et
954 2806 1208 2861 veritatis
1255 2807 1638 2878 mysteriorum
1686 2806 1781 2860 Dei
1823 2804 2065 2860 certissi-

2170 2794 2229 2847 δὲ
2257 2795 2352 2847 καὶ
2384 2792 2493 2846 τῶν
2517 2793 2674 2865 ἱερῶν
2699 2796 3215 2864 παραπετασμάτων
3250 2796 3356 2862 ἔξω
3383 2794 3606 2866 μενοῦσι,
3634 2793 3707 2846 καὶ

488 2911 638 2950 mum
700 2897 1101 2965 speculatorem
1155 2898 1319 2953 nobis
1386 2900 1836 2968 praedicaverunt.
1893 2897 2063 2951 Audis

2171 2886 2294 2940 οὐδὲ
2324 2886 2462 2957 πρὸς
2490 2884 2590 2947 τὰς
2621 2886 2779 2948 σκιὰς
2806 2885 3025 2955 ἕξουσιν,
3043 2888 3313 2952 ὰτενίζειν
3342 2891 3439 2959 τῆς
3464 2886 3702 2959 ἀληθείας·

489 2986 641 3040 illum
675 2986 1038 3059 Theoleptum
1085 2991 1293 3058 optime
1340 3001 1617 3056 vocatum,
1661 2990 1753 3060 qui
1800 2989 2064 3046 Philadel-

2172 2974 2308 3029 πολὺ
2341 2976 2399 3029 δὲ
2424 2979 2483 3030 τὸ
2510 2977 2649 3040 δέος,
2687 2975 2761 3046 μὴ
2789 2975 2885 3028 καὶ
2913 2975 3068 3044 δίκην
3104 2975 3353 3028 τίσουσιν
3385 2975 3605 3035 αἰώνιον,
3627 2970 3705 3022 οὐκ

488 3078 631 3148 phiae
661 3079 764 3134 fuit
790 3081 1041 3149 antiSIes,
1066 3097 1163 3138 seu
1192 3084 1450 3150 potinsex
1475 3096 1539 3135 ea
1574 3082 1720 3138 velut
1750 3098 1814 3137 ex
1844 3082 2063 3138 lucerna

2172 3065 2682 3129 ἀποδιαστείλαντες
2737 3065 2897 3134 μόνον
2942 3066 3170 3127 ἑαυτοὺς
3218 3065 3329 3119 τῶν
3376 3065 3558 3132 ἁγίων,
3596 3060 3703 3114 ἀλλὰ

494 3172 754 3227 mundum
789 3175 1104 3241 illustravit,
1129 3177 1219 3246 qui
1251 3176 1581 3232 Athanasius
1604 3178 1741 3230 alter
1763 3192 1934 3231 annos
1958 3191 2063 3230 non

2131 3203 2138 3254 ι
2174 3159 2268 3211 καὶ
2295 3157 2416 3211 κατ’
2441 3158 2621 3211 αὐτῶν
2656 3157 2733 3228 τῷ
2758 3157 2901 3226 λόγῳ
2925 3159 3298 3226 χωρήσαντες.
3332 3155 3599 3225 Συμεῶνος
3622 3153 3706 3218 γὰρ

492 3279 700 3334 paucos
758 3267 1181 3335 patriarchalem
1252 3268 1560 3321 nobilitavit
1617 3268 1958 3329 cathedram,
2013 3277 2067 3320 et

2132 3243 2138 3254 ’
2179 3249 2274 3304 τοῦ
2312 3248 2435 3304 νέου
2464 3249 2727 3318 Θεολόγου
2773 3248 2912 3351 sev.
2900 3250 3012 3318 βίον
3058 3245 3254 3303 οἶσοαο
3305 3248 3486 3317 θαῦμά
3527 3264 3579 3299 τε
3604 3243 3707 3296 ὄντα

492 3358 647 3423 cuius
687 3358 998 3427 sepulcrum
1054 3358 1198 3413 Deus
1255 3359 1383 3414 fecit
1426 3360 1742 3427 gloriasum.
1794 3358 1856 3411 Et
1915 3358 2064 3412 illum

2180 3354 2361 3411 πάντα
2385 3357 2591 3427 σχεδὸν,
2621 3357 2719 3411 καὶ
2745 3356 2812 3413 δι’
2842 3357 3139 3429 ὑπερφυῶν
3164 3357 3459 3430 θαυμάτων
3481 3357 3577 3412 ὑπὸ
3600 3354 3710 3409 Θεοῦ

494 3451 676 3506 hilum
712 3452 980 3518 Italicum,
1014 3453 1116 3506 Nili
1137 3452 1313 3523 Magni
1344 3452 1622 3517 annulum,
1652 3461 1708 3507 et
1737 3451 1986 3506 Siliotcm
2012 3460 2068 3505 et

2169 3444 2582 3517 δεδοξασμένον,
2614 3450 2682 3503 τά
2708 3466 2768 3502 τε
2805 3449 3219 3521 συγγράμματα
3249 3452 3436 3515 αὑτοῦ,
3468 3448 3711 3517 συγγράμ-

491 3546 687 3612 Eliam,
719 3545 770 3600 ei
805 3546 1032 3601 minimc
1055 3549 1333 3613 cedentes,
1363 3556 1417 3599 et
1457 3544 1706 3609 Gabriel,
1734 3555 1789 3599 et
1818 3544 2066 3598 Athana-

2177 3557 2324 3612 ματα
2352 3538 2498 3611 ζωῆς
2521 3539 2691 3594 εἰπών
2719 3558 2821 3607 τις,
2845 3541 2945 3594 οῦκ
2977 3541 3042 3595 ἂν
3068 3543 3309 3615 ἁμάρτοι
3331 3541 3424 3596 τοῦ
3454 3541 3712 3612 προσήκον-

492 3638 661 3703 sitim,
704 3637 1006 3708 prophetiae
1034 3640 1179 3693 dono
1200 3640 1421 3693 ditatus.
1442 3638 1568 3693 Illos
1596 3652 1787 3692 oumcs
1819 3636 1994 3698 audis,
2017 3644 2067 3689 et

2172 3650 2285 3698 τος,
2322 3633 2416 3686 καὶ
2444 3632 2761 3703 Νικηφόρον
2804 3632 2863 3686 δὲ
2888 3632 2981 3685 τὸν
3002 3634 3149 3686 ὅσιον
3175 3635 3405 3699 ἐκεῖνον,
3436 3634 3493 3696 ὃς
3519 3629 3714 3694 πολυετῆ

493 3730 698 3784 inultos
726 3730 864 3783 alios
893 3731 974 3784 eis
1002 3731 1337 3796 anteriores,
1372 3741 1469 3784 aut
1498 3744 1734 3792 eoae-vos,
1769 3738 1860 3783 aut
1892 3738 2068 3797 poste-

2175 3726 2368 3796 χρόνον
2422 3725 2483 3778 ὲν
2528 3726 2738 3796 ἠρεμίᾳ
2793 3726 2889 3779 καὶ
2936 3725 3138 3796 ἡσυχίᾳ
3205 3725 3515 3793 διενεγκὼν,
3560 3724 3712 3775 ἔπειτα

494 3824 691 3886 riores,
726 3823 1012 3878 laudantes
1045 3834 1102 3878 et
1131 3825 1585 3880 commendantes
1619 3836 1843 3877 servare
1886 3821 2069 3877 volen-

2177 3819 2290 3881 τοῖς
2333 3817 2768 3888 έρημικωτέροις
2816 3817 3008 3887 μέρεσι
3039 3817 3135 3869 τοῦ
3170 3818 3330 3885 ἁγίου
3365 3816 3551 3889 Ὄρους
3578 3816 3711 3878 ἐμφι-

496 3921 579 3967 tes
612 3912 755 3966 illam
793 3914 1137 3969 traditionem
1182 3929 1344 3983 quam
1414 3913 1537 3968 novi
1558 3915 1808 3969 doctores
1850 3913 2071 3982 quietis,

2177 3908 2517 3980 λοχωρήσας,
2547 3909 2644 3962 καὶ
2668 3909 3059 3979 ἀπασχολήσας
3089 3910 3307 3977 ἑαυτὸν,
3338 3913 3402 3963 ὲκ
3432 3906 3604 3961 πασῶν
3630 3903 3712 3955 τῶν

497 4005 660 4075 hujus
687 4022 754 4061 ne
786 4007 1077 4077 vestigium
1110 4007 1329 4083 quidem
1359 4016 1779 4076 cognoscentes,
1818 4021 1923 4061 nec
1951 4021 2072 4073 pro-

2179 4000 2472 4069 Πατρικῶν
2516 4000 2713 4069 φωνῶν
2765 4001 3111 4072 συνειλοχὼς,
3159 4003 3265 4073 τὴν
3310 3999 3565 4073 νηπτικὴν
3609 3996 3710 4063 ἡμῖν

497 4108 619 4168 pter
641 4100 1061 4168 experientiam,
1101 4102 1197 4154 sed
1223 4100 1485 4169 ineptiam
1514 4099 1891 4169 vituperantes
1922 4114 2072 4165 eain,

2179 4096 2362 4151 αὐτῶν
2417 4098 2704 4168 παρέδωκε
2747 4099 2965 4169 πρᾶξιν.
2998 4091 3159 4153 Οὗτοι
3198 4100 3402 4161 τοίνυν,
3431 4096 3567 4151 τοῦθ’
3606 4093 3712 4157 ὅπερ

495 4191 718 4246 abolere
771 4205 837 4245 ac
899 4191 1169 4247 dedocere
1221 4202 1277 4245 et
1330 4195 1626 4261 deturpare
1672 4204 1960 4257 conantur,
2009 4191 2070 4244 ad

2179 4190 2507 4261 ἀνατρέπειν
2544 4192 2654 4261 φής
2698 4209 2870 4255 τινας,
2920 4192 3111 4262 σαφῶς
3141 4197 3257 4258 τοῖς
3308 4186 3708 4265 προαιρουμένοις

500 4282 706 4336 nullam
734 4284 1045 4337 auditorum
1086 4283 1400 4338 utilitatem.
1431 4282 1539 4339 Nos
1583 4299 1713 4338 vero
1756 4293 2075 4342 sanctorum

2180 4281 2551 4349 εἰσηγοῦνται.
2582 4284 2692 4337 Καὶ
2719 4284 2773 4338 τί
2807 4284 2950 4353 λέγω
2977 4288 3103 4351 τοὺς
3126 4287 3392 4349 παλαιοὺς
3420 4284 3520 4339 τῶν
3544 4279 3707 4345 ἁγίωνς

498 4373 720 4430 illorum
754 4375 1046 4428 nonnullos
1077 4376 1219 4429 l‘acie
1243 4376 1309 4430 ad
1349 4376 1543 4432 faciem
1576 4379 1813 4432 vidimus
1850 4385 1910 4432 et
1962 4390 2073 4428 ina-

2180 4374 2371 4443 ἄνδρες
2402 4374 2512 4447 γὰρ
2561 4376 2743 4448 μικρῷ
2776 4377 2882 4448 πρὸ
2911 4378 3069 4448 ἡμῶν
3128 4376 3610 4452 μεμαρτυρημένα,
3640 4365 3710 4420 καὶ

509 4465 716 4533 gistros
750 4463 1065 4519 habuimus.
1091 4466 1375 4535 Quomodo
1409 4467 1574 4537 igitur
1604 4467 1724 4522 illos
1755 4475 1857 4535 pro
1907 4465 2080 4519 nihilo

2182 4465 2626 4537 ἀποδεδειγμένοι
2655 4471 2714 4522 ἐν
2747 4470 2977 4541 δυνάμει
3009 4472 3329 4542 Πνεῦματος
3373 4471 3542 4538 ἁγίου,
3585 4457 3708 4515 πάνθ’

500 4564 818 4625 reputantes
846 4571 988 4625 quos
1018 4559 1356 4628 capericntia
1388 4571 1447 4613 et
1476 4561 1651 4628 gratia
1698 4557 1906 4620 docuit,
1956 4556 2075 4610 istis

2136 4554 2156 4603 δ
2185 4561 2317 4628 ἡμῖν
2337 4559 2428 4613 διὰ
2457 4563 2728 4633 στόματος
2757 4564 2963 4617 οἰκείου
2995 4565 3343 4635 παρέδωκαν,
3379 4565 3467 4618 τόν
3492 4579 3544 4614 τε
3564 4551 3711 4610 Θεολό-

498 4647 591 4715 qui
626 4661 656 4700 a
684 4650 939 4716 superbia
967 4657 1022 4703 ct
1060 4650 1348 4703 verborum
1410 4649 1827 4703 concertatione
1870 4646 1940 4700 ad
1988 4649 2073 4701 do-

2184 4668 2280 4720 γον
2308 4652 2498 4707 τοῦτον
2539 4655 2616 4717 ὡς
2662 4654 2879 4725 ἀληθῶς
2908 4655 3195 4725 Θεολόγον,
3228 4657 3323 4711 καὶ
3366 4656 3461 4723 τῆς
3504 4643 3711 4716 ἁληοεὲαε

500 4742 736 4797 cundum
772 4744 1099 4812 procedunt,
1128 4745 1490 4801 eederemus?
1529 4740 1648 4796 Non
1682 4743 1788 4798 erit
1825 4744 1948 4806 hoc,
1977 4757 2075 4796 nou

2184 4744 2295 4797 τῶν
2352 4746 2490 4802 Θεοῦ
2545 4750 2865 4819 μυστηρίων
2909 4748 3156 4820 ὲπόπτην
3202 4748 3606 4817 ἀσφαλέστατον,
3650 4732 3709 4796 ἐν’

500 4834 625 4888 erit
2184 4837 2343 4909 ἡμῶν
2370 4839 2757 4910 ἀνεκήρυττον.
2786 4841 2891 4894 Τὸν
2930 4843 3268 4912 φερωνύμως
3291 4841 3578 4910 Θεόληπτον
3602 4830 3708 4884 ἐκεῖ·

571 4925 636 4979 Ει
662 4935 716 4979 tu
746 4926 997 4998 igiturab
1022 4928 1139 4985 istis
1166 4931 1422 4994 abhorrc,
1449 4944 1572 4983 cum
1615 4927 1778 4983 David
1799 4928 2078 4996 sapienter

2186 4926 2275 4983 νον
2304 4932 2526 4995 ἀκούεις
2563 4933 2653 4986 τὸν
2693 4933 3079 5002 Φιλαδελφείας
3128 4936 3390 5007 πρόεδρον
3416 4973 3430 4997 ,
3474 4928 3648 5001 μᾶλλον
3679 4919 3707 4969 δ’

502 5017 919 5080 tibimctdiccus
969 5038 984 5076 :
1025 5040 1043 5073 i
1073 5022 1330 5087 Benedic,
1361 5025 1539 5077 anima
1570 5036 1710 5085 mea,
1743 5022 1991 5082 Domino,
2022 5034 2077 5077 et

2187 5021 2294 5073 ἀπὸ
2327 5021 2553 5091 ταύτης,
2582 5023 2657 5086 ὡς
2683 5025 2792 5078 ἀπὸ
2822 5023 3048 5094 λυχνίας
3076 5026 3168 5079 τὸν
3204 5026 3404 5095 κόσμον
3435 5020 3707 5090 cuit-Carm.

498 5111 682 5164 omnia
713 5127 835 5181 qua:
864 5113 1006 5167 intra
1035 5130 1120 5170 me
1148 5127 1297 5178 sunt.
1322 5115 1524 5171 nomini
1548 5126 1740 5170 sancto
1766 5116 1885 5184 ejus
1916 5116 1958 5147 ¹³
1985 5132 2002 5182 ;
2052 5134 2069 5165 ι

2185 5115 2280 5168 τὸν
2333 5117 2650 5171 ’ΛΘανάσιον
2685 5120 2914 5183 ἐκεῖνον,
2964 5120 3021 5184 ὂς
3067 5122 3155 5174 ἐπ’
3200 5121 3471 5180 ἐνιαυτοὺς
3505 5117 3591 5166 οὐκ
3628 5106 3707 5159 ὀλί-

500 5213 558 5256 et
592 5215 641 5258 te
675 5203 928 5262 l‘atribus
958 5209 1185 5265 docilem
1229 5212 1497 5280 praebens,
1527 5209 1651 5263 audi
1685 5208 1958 5277 quomodo
2010 5208 2075 5262 ad

2188 5225 2319 5276 γους
2372 5209 2463 5262 τὸν
2520 5212 2915 5281 πατριαρχικδν
2967 5215 3242 5284 ἐκόσμησε
3298 5213 3512 5281 Θρόνον’
3564 5200 3613 5256 οὗ
3643 5199 3708 5248 καὶ

505 5292 653 5349 intro
715 5298 1037 5354 mittendam
1070 5316 1288 5370 semper
1316 5303 1950 5356 mentemcxhortentur.

2189 5301 2289 5361 τὴν
2327 5300 2484 5367 σορὸν
2527 5301 2557 5354 ὁ
2603 5304 2738 5369 Hs”;
2792 5306 3044 5375 ἐτίμησε,
3092 5306 3280 5358 Νεῖλον
3327 5306 3518 5356 ἐκεῖνον
3562 5294 3635 5346 τὸν
3667 5284 3708 5343 ἐξ

516 5381 758 5478 Ἰταλῶν,
821 5392 914 5445 τὸν
962 5392 1060 5447 τοῦ
1125 5396 1371 5465 μεγάλου
1424 5395 1677 5468 ζηλωτὴν
1738 5398 1956 5463 Νείλου,
2012 5401 2105 5455 τὸν
2167 5401 2465 5472 Σελιώτην,
2523 5399 2621 5452 καὶ
2673 5398 2769 5451 τὸν
2809 5397 3000 5449 Ἠλίαν
3043 5396 3171 5458 τοὺς
3220 5390 3383 5464 μηδὲν
3431 5377 3707 5478 ambiti“?

504 5473 740 5547 ἐκείνων,
803 5483 1071 5556 Γαϐριὴλ,
1130 5489 1226 5543 καὶ
1268 5490 1618 5556 ’Λοανάσιον,
1674 5493 1801 5555 τοὺς
1866 5495 1964 5547 καὶ
2021 5492 2371 5564 προφητικοῦ
2433 5492 2780 5563 χαρίσματος
2840 5487 3204 5557 ἠξιωμένους.
3263 5481 3485 5539 Τούτους
3541 5472 3709 5564 item»;

504 5568 746 5643 ἀκούεις,
777 5579 871 5630 καί
904 5578 1141 5643 πολλοὺς
1174 5581 1370 5643 ἄλλους
1418 5584 1526 5651 πρὸ
1561 5585 1749 5638 αὐτῶν
1791 5606 1848 5640 τε
1898 5590 1989 5642 καὶ
2048 5592 2147 5642 σὺν
2181 5589 2390 5650 αὐτοῖς,
2448 5587 2543 5641 καὶ
2601 5585 2723 5654 μετ’
2768 5584 2967 5646 αὐτοὺς
3022 5581 3336 5651 γεγονότας.
3381 5564 3706 5654 ἐπαίνουνῗιῦ

503 5665 597 5714 καὶ
632 5669 1036 5737 παραινοῦντας
1086 5674 1341 5742 κατέχειν
1386 5675 1515 5738 τοῦς
1572 5676 1935 5750 βουλομένης
1994 5681 2092 5751 τὴν
2143 5680 2445 5751 παράδυσιν
2500 5680 2730 5750 ταύτην,
2791 5678 2857 5748 ἣν
2890 5678 2937 5730 ei
2977 5680 3086 5729 νέοι
3134 5665 3437 5728 δεδᾶσκκλοι
3482 5659 3566 5727 τῆς
3606 5651 3708 5716 ἦθ’

613 5822 654 5852 ¹³
697 5822 839 5877 Psal.
874 5838 971 5887 cn,
1014 5825 1059 5876 l.
