3988 6490
334 460 471 527 1121

1228 461 1527 536 CAPITA,
1566 460 1918 535 PHYSICA,
1967 456 2473 527 THEOLOCICA,
2509 452 2669 515 ETC.

3444 452 3580 518 1192

317 585 502 653 ἐκείνῃ
524 580 879 652 καθαρότητι,
925 578 1105 650 βοηθῴ
1151 578 1432 649 χρώμενος
1459 579 1618 649 αὐτῇ,
1661 578 1755 631 καὶ
1788 577 1898 630 τῶν

2015 577 2206 631 virium
2235 574 2572 644 puriﬁcatam
2611 569 2760 624 videt
2814 566 3233 634 immunditiam,
3279 575 3335 620 ct
3368 571 3582 637 proiicit

317 674 495 728 ἄλλων
512 676 612 743 τῆς
638 673 818 742 ψυχῆς
844 670 1126 740 δυνάμεων
1145 671 1244 739 τὴν
1275 669 1617 735 ἀκαθαρσίαν
1647 668 1899 739 καθαρώ-

316 783 478 835 τερον
504 767 628 836 ὁρᾷ,
659 764 756 817 καὶ
778 765 1078 835 προκόπτει
1125 764 1208 826 εἰς
1231 762 1581 824 ταπείνωσιν,
1610 763 1703 814 καὶ
1729 778 1898 830 προσ-

314 858 499 928 τίθησι
529 858 610 927 τῷ
637 858 844 921 πένθει,
871 857 966 910 καὶ
992 843 1360 923 καταλλήλους
1387 853 1704 924 ἑφευρίσκει
1730 853 1898 923 θερα-

314 955 476 1015 πείας
514 950 721 1021 ἑκάστῃ
780 950 1007 1019 δυνάμει
1060 951 1159 1017 τῆς
1218 948 1431 1016 ψυχῆς·
1483 946 1679 1015 πράξει
1706 945 1805 1014 μὲν
1837 944 1898 995 τὸ

318 1043 645 1113 πρακτικὸν,
701 1041 904 1108 γνώσει
965 1039 1021 1093 δὲ
1050 1039 1110 1091 τὸ
1143 1038 1444 1106 γνωστικδν
1469 1077 1483 1098 ,
1531 1037 1809 1105 προσευχῇ
1841 1034 1898 1087 δὲ

312 1135 376 1188 τὸ
433 1130 767 1203 θεωρητικὸν
829 1129 1108 1198 καθαίρων
1149 1126 1376 1189 ἑαυτοῦ,
1406 1127 1501 1179 καὶ
1554 1126 1642 1178 διὰ
1669 1126 1895 1188 τούτων,

311 1228 393 1290 είς
419 1225 518 1295 τὴν
550 1225 650 1294 τῆς
673 1222 927 1293 καρδίας,
950 1218 1160 1275 καὶτοῦ
1181 1218 1274 1272 νοῦ
1310 1219 1545 1277 τελείαν.
1570 1218 1665 1269 καί
1694 1214 1896 1284 ἀληθῆ,

314 1319 407 1372 καὶ
438 1316 820 1388 μονιμωτάτην
873 1313 1068 1382 φθάνει
1111 1312 1483 1383 καθαρότητα,
1532 1310 1657 1379 ἥτις
1700 1310 1802 1361 οὐκ
1830 1307 1899 1359 ἂν

311 1408 523 1478 γένοιτό
543 1407 674 1460 ποτέ
701 1423 829 1466 τινι,
849 1407 897 1457 εί
920 1406 995 1475 μὴ
1013 1404 1099 1457 διὶ
1126 1404 1224 1473 τῆς
1240 1405 1297 1456 ἐν
1321 1400 1518 1471 πράξει
1538 1400 1896 1466 τελειότητος,

310 1500 411 1553 καὶ
436 1499 535 1567 τῆς
563 1498 824 1566 ἐπιμόνου
846 1496 1062 1567 τριϐῆς,
1088 1494 1323 1564 θεωρίας
1337 1509 1397 1544 τε
1427 1493 1522 1544 καὶ
1551 1491 1651 1561 τῆς
1679 1492 1736 1544 ἐν
1762 1490 1901 1542 θεω-

315 1591 405 1657 ρία
432 1590 760 1659 προσευχῆς.

352 1693 423 1704 ...-

2008 668 2062 721 in
2103 664 2424 725 humilitate,
2460 670 2515 717 et
2545 661 2598 713 in
2637 658 2969 714 contritione
3005 659 3220 719 crescit.
3254 668 3308 711 et
3343 660 3578 712 remedia

2006 756 2219 811 invenit
2275 754 2476 822 cuique
2524 751 2722 806 anima:
2789 748 3034 802 facultati
3102 762 3367 813 congrua,
3424 749 3581 816 praxi

2004 848 2324 916 practicam,
2358 844 2583 899 scientia
2617 838 3065 903 intellectualem,
3090 847 3145 893 et
3167 838 3411 891 oratione
3445 853 3582 891 con-

2006 938 2375 1007 tetnplativam
2408 935 2491 989 sui
2516 944 2724 1001 partem
2750 946 3021 1000 purgans;
3055 940 3216 997 atque
3241 944 3335 995 per
3359 929 3473 981 lucc
3507 928 3578 981 ad

2005 1031 2186 1086 cordis
2212 1037 2270 1082 et
2303 1026 2611 1081 intellectus
2643 1023 2937 1090 perfectam
2969 1035 3264 1088 veramque
3290 1035 3354 1073 ac
3381 1019 3579 1073 lit-niis.

2006 1125 2200 1176 simam
2242 1120 2491 1190 pervenit
2546 1117 2892 1176 munditiem,
2946 1129 3109 1181 quam
3146 1127 3307 1167 nemo
3340 1128 3574 1179 unquam

2009 1216 2325 1284 adipiscitur
2362 1212 2464 1266 nisi
2504 1209 2842 1277 perfectione
2873 1221 3120 1275 operum,
3157 1212 3213 1258 ct.
3251 1204 3577 1257 contritione

2009 1318 2302 1378 perpetua,
2372 1301 2941 1373 contemplationeque
3002 1307 3061 1353 et
3150 1293 3579 1381 contemplativa

2005 1400 2273 1455 oratione.

434 1663 3566 1705 MM

893 1840 1239 1973 ΤΟΥ
1350 1834 1925 1970 ΑΥΤΟΥ
2054 1831 2993 1967 ΓΡΗΓΟΡΙΟΪ

1598 2048 1757 2122 'ror'
1779 2069 2313 2127 θΕΣΣΑΑοΝικιιΣ

1016 2236 1586 2326 ΚΕΦᾹΛΑΙΑ
1662 2232 2127 2329 ΦΥΣΙΚΑ,
2205 2226 2891 2323 ΘΕΟΛΟΓΙΚΑ.

1385 2422 1623 2490 ἶΗΘΙΚΑ
1659 2422 1750 2475 ΤΕ
1789 2421 1910 2475 ΚΑΙ
1950 2418 2313 2474 ΠΡΑΚΤΙΚᾹ
2354 2417 2461 2473 PN'

1906 2607 1979 2623 ﬁ

995 2810 1869 2968 EJUSDEM
1982 2808 2485 2967 GREG
2509 2810 2914 2964 ORII

1576 3085 2346 3148 TIIESSALONICENSIS

332 3252 798 3399 PHYSICA.
868 3250 1546 3395 THEOLOGICA,
1614 3249 2089 3377 MOBALIA
2162 3253 2294 3375 ET
2380 3246 2888 3377 PRAOTICA
2969 3244 3343 3375 CAPITA
3429 3244 3573 3375 CL.

402 3652 470 3701 α’.
498 3639 744 3718 Ἧρχθαι
777 3645 869 3698 τὸν
899 3646 1127 3716 κόσμον,
1160 3646 1257 3699 καὶ
1284 3646 1318 3716 ἡ
1336 3646 1499 3714 φύσις
1524 3646 1787 3713 διδάσκει,
1819 3649 1903 3703 xui

2082 3656 2135 3709 l.
2170 3652 2441 3724 lncepisse
2463 3654 2751 3718 mundum,
2773 3661 2829 3708 et
2853 3661 3049 3708 natura
3071 3653 3252 3716 docet,
3272 3663 3329 3706 et
3355 3651 3583 3707 historia

326 3742 360 3810 η
398 3737 614 3809 ἱστορία
673 3736 993 3789 πιστοῦταιο
1033 3736 1128 3790 καὶ
1172 3737 1282 3789 τῶν
1310 3737 1516 3807 τεχνῶν
1553 3739 1611 3790 αί
1639 3738 1911 3810 εὑρέσεις,

327 3830 425 3884 καὶ
448 3830 558 3881 τῶν
579 3828 761 3899 νόμων
787 3830 844 3883 αί
876 3828 1082 3894 θέσεις,
1114 3829 1341 3882 καὶτῶν
1367 3829 1653 3883 πολιτειῶν
1683 3831 1741 3885 αἱ
1775 3833 1914 3902 χρή-

328 3940 445 3985 σεις
475 3922 723 3993 ἐναργῶς
744 3921 1066 3992 παριστᾶσι.
1092 3920 1287 3991 Σχεδὸν
1314 3923 1423 3994 γὰρ
1451 3923 1655 3994 τεχνῶν
1682 3924 1913 3980 ἀπασῶν

326 4018 489 4085 ἴσμεν
519 4016 646 4077 τοὺς
668 4013 918 4084 εὑρετὰς,
960 4013 1205 4077 καὶτοὺς
1243 4016 1541 4085 νομοθέτας
1560 4017 1670 4070 τῶν
1705 4018 1910 4086 νόμων,

328 4108 423 4161 καὶ
473 4107 603 4170 τοὺς
661 4106 762 4178 τὴν
805 4104 982 4177 ἀρχὴν
1020 4105 1396 4177 κεχρημένους
1440 4108 1559 4169 ταῖς
1588 4107 1908 4173 πολιτείαις,

324 4198 406 4252 ἔτι
430 4214 494 4267 γε
517 4200 626 4267 μὴν
650 4197 745 4251 καὶ
770 4196 882 4252 τῶν
900 4196 1377 4267 συγγραψαμένων
1400 4197 1531 4269 περὶ
1560 4199 1684 4251 ὅτου
1707 4199 1911 4269 δήποτε

323 4289 424 4360 τὴν
482 4289 657 4361 ἀρχὴν
714 4288 995 4354 ἁπάντων,
1044 4287 1140 4342 καὶ
1185 4288 1376 4342 οὐδένα
1438 4288 1645 4343 τούτων
1687 4288 1910 4362 ὁρῶμεν

328 4380 728 4452 ὃπερὸαίνοντα
776 4378 877 4450 τὴν
901 4376 997 4433 τοῦ
1028 4379 1238 4451 κόσμου
1293 4381 1389 4434 καὶ
1417 4380 1511 4435 τοῦ
1536 4381 1729 4453 χρόνου
1753 4384 1912 4451 γένε-

325 4490 435 4537 σιν,
479 4472 546 4543 ἢν
578 4473 867 4540 ἱστόρησεν
888 4470 916 4523 ὁ
942 4471 1205 4540 Μωῦσῆς.
1236 4472 1344 4525 Καὶ
1363 4473 1524 4536 αὐτὸς
1557 4474 1613 4527 δὲ
1640 4475 1905 4546 Μωῦσῆς,

323 4569 352 4620 ὁ
378 4565 481 4636 τὴν
512 4564 687 4638 ἀρχὴν
751 4566 853 4635 τῆς
894 4562 988 4616 τοῦ
1028 4564 1234 4635 κόσμου
1274 4565 1542 4633 γενέσεως
1586 4569 1910 4639 συγγραψά-

329 4675 513 4730 μενος,
559 4657 647 4713 διὰ
702 4655 971 4711 τοσούτων
1049 4655 1228 4727 ἔργων
1279 4659 1373 4709 καὶ
1434 4658 1610 4725 λόγων
1655 4660 1908 4723 ἐξαισίων

322 4750 758 4821 ἀναντιρρήτους
792 4751 1101 4820 παρέσχετο
1169 4750 1381 4812 πίστεις
1411 4753 1512 4817 τῆς
1558 4753 1680 4804 καθ’
1715 4753 1908 4807 ἑαυτὸν

323 4841 603 4911 ἀληθείας,
626 4840 703 4903 ὡς
737 4841 925 4912 σχεδὸν
954 4841 1101 4894 ἅπαν
1121 4840 1277 4908 γένος
1306 4840 1609 4911 ἀνθρώπων
1640 4859 1904 4897 καταπει-

2012 3749 2267 3811 allirmat,
2325 3757 2384 3801 et
2429 3747 2631 3801 artium
2686 3745 3051 3809 inventiones,
3104 3752 3160 3800 et
3212 3744 3586 3801 institutiones

2013 3840 2213 3908 legum,
2246 3847 2303 3892 et
2337 3836 2692 3905 imperiorum
2742 3820 3162 3890 constitutiones
3199 3833 3348 3888 clare
3381 3844 3588 3888 testan-

2015 3943 2121 3985 tur.
2152 3929 2286 3985 Nam
2332 3927 2450 3983 fere
2479 3942 2672 3982 omnes
2709 3927 2959 3982 novimus
2991 3926 3302 3980 inventores
3356 3926 3585 3991 artium,

2014 4032 2069 4078 et
2098 4024 2277 4093 legum
2301 4020 2635 4085 conditores,
2668 4027 2724 4075 ct
2770 4018 2980 4089 primos
3025 4033 3314 4087 regnorum
3367 4016 3586 4069 institu-

2017 4119 2182 4173 tores,
2220 4119 2276 4163 ct
2322 4109 2535 4164 initium
2579 4109 2825 4165 omnium
2871 4108 2964 4177 qui
3011 4108 3081 4163 dc
3158 4120 3481 4176 quacunque
3527 4120 3586 4160 re

2015 4198 2373 4272 scripserunt,
2417 4214 2471 4256 et
2496 4203 2690 4257 borum
2719 4200 2995 4255 neminem
3040 4199 3287 4254 videmus
3321 4198 3416 4270 qui
3449 4212 3586 4268 prte-

2016 4294 2178 4348 ccdat
2208 4292 2393 4347 mundi
2431 4302 2487 4348 et
2530 4293 2795 4361 temporis
2824 4293 3107 4347 exordium
3151 4308 3181 4346 a
3229 4291 3411 4363 Moyse
3447 4291 3589 4346 assi—

2017 4392 2259 4453 gnatum.
2301 4383 2369 4439 Et
2405 4384 2519 4453 ipse
2558 4384 2759 4450 Moses,
2785 4384 2879 4453 qui
2931 4386 3160 4453 primam
3211 4387 3396 4438 mundi
3428 4384 3593 4453 origi-

2018 4490 2141 4528 nem
2170 4475 2473 4544 deseripsit,
2509 4484 2617 4529 tam
2650 4476 2836 4530 multis
2870 4476 3125 4546 operibus
3155 4484 3212 4529 et
3244 4477 3590 4531 sermonibus

2019 4566 2470 4620 extraordinariis
2523 4565 2746 4620 indubia
2813 4567 3036 4621 tradidit
3088 4580 3202 4620 suze
3271 4567 3590 4620 veracitatis

2018 4666 2357 4726 argutucnta,
2398 4669 2456 4710 ut
2501 4655 2610 4711 fere
2635 4657 2953 4709 universum
2985 4670 3157 4725 genus
3192 4656 3471 4709 hominum
3521 4657 3585 4708 ad

2018 4748 2119 4803 sibi
2143 4750 2464 4802 credendum
2490 4758 2545 4802 et
2570 4747 2637 4801 ad
2668 4748 2950 4802 ridendum
3001 4761 3132 4799 suos
3159 4746 3588 4800 contradictores

2022 4839 2281 4897 incitarit.
2322 4841 2456 4906 Quia
2491 4851 2669 4893 autem
2713 4855 2776 4894 ea
2798 4838 3085 4895 estmundi
3119 4839 3280 4909 hujus
3302 4847 3494 4893 natura
3530 4847 3589 4891 ut

324 4933 415 4994 θὲς
477 4930 851 5001 ὲξειργᾶσθαι,
925 4930 1021 4984 καὶ
1082 4929 1393 5002 καταγελᾷν
1446 4932 1738 4985 ἀναπεῖσαι
1797 4934 1903 4987 τῶν

2019 4935 2379 5001 quodcunque
2434 4932 2599 4986 aliam
2641 4946 2855 4999 semper
2920 4933 3159 4999 requirat
3225 4945 3490 4993 causam,
3532 4941 3589 4983 ct

320 5024 583 5079 τάναντία
610 5024 1010 5095 σοφισαμένων.
1048 5023 1199 5075 Ἐπεὶ
1230 5024 1326 5078 καὶ
1357 5026 1389 5095 ή
1426 5023 1523 5076 τοῦ
1548 5026 1752 5096 κόσμου
1782 5026 1903 5080 τού-

2019 5028 2138 5081 sine
2176 5042 2338 5081 causa
2379 5026 2512 5079 nilnil
2552 5040 2778 5095 prorsus
2830 5024 3100 5080 exsistere
3131 5025 3324 5093 possit,
3349 5040 3416 5079 ex
3462 5023 3591 5093 ipsis

320 5136 418 5172 του
450 5116 633 5189 φύσις,
664 5117 756 5170 ἀεὶ
808 5116 1125 5188 προσφάτου
1182 5116 1281 5185 τῆς
1311 5115 1435 5170 καθ’
1464 5116 1694 5171 ἕκαστον
1731 5120 1906 5192 ἀρχῆς

318 5211 578 5282 δεομένη,
598 5210 693 5264 καὶ
726 5210 896 5281 χωρὶς
925 5210 1095 5279 αὐτῆς
1118 5208 1341 5278 μηδαμῆ
1373 5210 1720 5265 συνίστασθαι
1746 5212 1908 5268 δυνα-

321 5303 481 5373 μένη,
517 5303 615 5373 τὴν
660 5301 885 5372 πρώτην
937 5303 1158 5371 ἑαυτῆς,
1203 5301 1326 5372 ἥτις
1365 5303 1463 5355 οὐκ
1513 5303 1573 5369 ἐξ
1610 5304 1777 5375 ἄλλης
1810 5301 1903 5378 ἦν,

319 5394 520 5467 ἀρχὴν,
556 5394 622 5447 δι’
655 5394 834 5448 αὐτῶν
864 5394 1161 5464 παρίστησι
1188 5393 1293 5447 τῶν
1326 5395 1686 5464 πραγμάτιον.

394 5487 460 5555 β’,
507 5487 622 5539 Οὐκ
674 5481 876 5558 ἦρχθαι
932 5486 1109 5556 μόνον,
1158 5484 1297 5537 ἀλλὰ
1344 5486 1436 5539 καὶ
1466 5485 1616 5550 τέλος
1644 5488 1787 5555 ἕξειν
1812 5491 1904 5543 τὸν

319 5581 548 5646 κόσμον,
574 5582 606 5649 ἡ
636 5582 736 5649 μὲν
774 5579 936 5647 φύσις
998 5577 1162 5631 αὐτοῦ
1206 5578 1314 5629 τῶν
1356 5577 1720 5648 ἐνδεχομένων
1763 5577 1903 5636 εἶναι

320 5673 683 5743 παρίστησινο
714 5672 876 5725 οἱονεὶ
910 5672 1052 5723 κατὰ
1084 5670 1224 5741 μέρη
1266 5670 1530 5741 διηνεκῶς
1571 5672 1900 5728 τελευτῶσα.

321 5766 559 5819 Βεϐαίαν
582 5765 637 5818 δὲ
687 5767 783 5817 καὶ
839 5763 1231 5833 ἀναντίρρητον
1272 5764 1500 5834 παρέχει
1533 5765 1630 5834 τὴν
1663 5766 1900 5837 πίστινή

321 5857 631 5931 προφητεία
664 5855 769 5909 τῶν
818 5872 875 5908 τε
926 5855 1100 5909 ἄλλων
1137 5855 1355 5921 ἐνθέων,
1404 5855 1495 5909 καὶ
1528 5857 1766 5928 Χριστοῦ
1807 5861 1896 5913 τοῦ

2012 5119 2173 5174 rebus
2200 5128 2346 5187 patet
2377 5119 2606 5182 primam
2653 5117 2797 5174 illius
2835 5116 3005 5172 fuisse
3034 5132 3286 5182 causam,
3325 5133 3443 5187 (ιιιίυ
3472 5119 3587 5186 ipsa

2013 5226 2119 5265 uun
2152 5210 2314 5265 fuerit
2343 5227 2408 5266 ex
2437 5212 2541 5265 alia
2570 5223 2757 5264 causa.

2084 5485 2144 5538 2.
2196 5482 2316 5538 Non
2382 5482 2650 5551 incepisse
2697 5479 3097 5545 tantummodo,
3156 5482 3249 5531 sed
3311 5484 3365 5530 ct
3422 5479 3586 5531 linem

2018 5577 2331 5635 habiturum
2361 5591 2485 5631 esse
2517 5577 2800 5640 mundum,
2847 5574 3085 5630 ostendit
3130 5572 3355 5641 ipsumet
3406 5585 3585 5623 rerum

2018 5671 2073 5724 in
2111 5686 2179 5725 eo
2205 5681 2588 5725 contentarum
2619 5678 2849 5736 natura;
2898 5682 3018 5735 quze
3050 5663 3445 5733 quodammodo
3489 5678 3587 5731 per

2015 5772 2198 5829 partes
2247 5741 2446 5830 iugiter
2500 5762 2705 5816 linitur.
2762 5760 2857 5814 Cui
2914 5759 2989 5813 rei
3041 5756 3315 5810 indubiam
3366 5768 3586 5823 quoque

2017 5853 2261 5923 praebent
2294 5853 2475 5915 tidem,
2495 5862 2547 5909 et
2578 5852 2807 5908 aliorum
2829 5863 3111 5908 sacrorum
3142 5846 3307 5902 verba
3344 5846 3581 5915 setipto-
