3988 6510
408 434 551 499 1123

1650 426 2040 489 GREGORH
2098 426 2432 487 PALAM/E
2496 438 2499 439 ⁷

3538 426 3675 492 Illi

403 568 552 618 rum,
594 559 652 606 et
684 549 854 617 ipsius
885 547 1086 603 Christi
1137 547 1228 601 Dei
1277 548 1473 609 nostri,
1522 547 1721 614 quibus
1768 546 1995 601 credant

2125 546 2466 599 ἐπιστάντων
2519 545 2680 609 Θεοῦ,
2706 541 2825 608 ὀἷς
2860 545 3136 599 πιστεύειν
3180 547 3254 610 ὡς
3306 549 3579 620 ἀληθέσιν,
3621 555 3687 606 οῦ

409 659 631 699 necesse
679 652 765 697 est
830 656 937 694 non
992 641 1064 706 pii
1101 640 1285 704 modo,
1334 639 1430 693 sed
1464 646 1519 693 et
1569 639 1744 706 impii,
1796 646 1998 691 caetera

408 737 587 791 omnia
613 749 733 804 quae
760 734 836 786 illi
863 733 1259 801 prmdixernnt,
1293 746 1422 786 vere
1441 732 1696 785 evenisse
1722 732 1994 784 videntes.

410 832 541 889 lmo,
597 837 659 882 ut
709 828 776 881 al)
823 825 930 879 illis
988 828 1153 878 etiam
1210 824 1348 879 disci
1398 833 1598 892 potest,
1640 839 1746 877 non
1778 832 1988 879 tantum

409 923 700 976 universus
735 920 891 972 bicte
934 919 1170 971 mundus
1200 918 1424 970 minime
1470 918 1524 968 in
1564 915 1794 969 nihilum
1850 917 1990 968 redi-

410 1012 508 1071 bit,
541 1009 635 1063 sed
669 1022 963 1076 corporum
1014 1008 1189 1060 instar
1240 1015 1548 1059 nostrorum
1585 1004 1990 1067 immolabitur,

410 1104 463 1155 in
496 1100 730 1153 lormam
786 1094 1113 1153 diviniorem
1169 1096 1443 1152 resolutus
1474 1111 1538 1152 ac
1576 1111 1896 1161 conversus,
1935 1108 1993 1149 ut

409 1193 564 1247 nobis
591 1190 893 1246 consimilis
922 1192 1012 1255 sit,
1038 1204 1135 1259 per
1158 1190 1329 1244 divini
1367 1189 1604 1259 Spiritus
1639 1191 1922 1244 virtutem.

479 1373 536 1428 5.
567 1371 806 1435 Caelum,
834 1372 987 1442 juxta
1031 1371 1282 1427 ethnicos
1333 1369 1713 1441 philosophos,
1758 1370 1996 1425 vertitur

409 1477 605 1525 natura
636 1468 831 1518 anitum
871 1463 1081 1525 muttdi,
1111 1475 1164 1519 et
1190 1465 1395 1532 justum
1418 1478 1483 1519 ac
1508 1465 1772 1517 rationem
1814 1467 1993 1517 docet.

408 1557 697 1622 Quodnam
755 1566 991 1624 rectum,
1038 1572 1202 1627 quam
1261 1558 1571 1611 rationem?
1618 1555 1749 1610 Nam
1783 1558 1828 1610 si
1890 1573 1995 1610 non

409 1665 506 1705 sua
552 1650 723 1713 ipsius
754 1660 974 1713 natura,
1012 1649 1105 1701 sed
1155 1658 1346 1701 natura
1380 1648 1667 1702 mundana:
1696 1664 1858 1717 quam
1910 1649 1993 1701 di-

409 1747 542 1793 cunt
574 1740 793 1799 animus,
838 1736 1033 1791 (“mlum
1082 1735 1331 1801 vertitur,
1385 1745 1438 1789 et
1498 1735 1682 1789 mundi
1718 1737 1885 1789 t0lius
1914 1746 1997 1789 est

410 1837 688 1885 mundana
724 1831 927 1892 anima,
961 1843 1059 1882 cur
1087 1840 1195 1881 non
1223 1837 1514 1881 vertuntur
1543 1832 1709 1881 etiam
1742 1836 1909 1891 terra,
1939 1836 1996 1879 et

2107 636 2220 695 τοῖς
2248 636 2495 688 εὐσεϐέσι
2531 637 2712 705 μόνον,
2750 635 2889 687 ἀλλὰ
2919 636 3013 688 καὶ
3033 638 3144 695 τοῖς
3167 637 3418 692 ἀσεϐέσιν
3444 642 3685 713 ἀνάγκη,

2110 723 2250 777 κάπὶ
2272 724 2383 777 τῶν
2417 724 2595 778 ἄλλων
2630 718 2707 778 ὧν
2753 718 2901 777 οῦτοι
2954 728 3218 794 προεῖπον
3251 729 3507 783 ἁπάντων
3545 734 3686 803 ἁλη-

2109 814 2369 878 θεύοντας
2420 818 2621 882 αὐτοὺς
2652 817 2876 888 ὁρῶσιν.
2911 816 3067 870 Ἔστι
3101 818 3159 872 δὲ
3203 819 3395 888 μαθεῖν
3423 824 3553 893 παρ’
3582 828 3688 878 αὐ-

2111 912 2242 974 τῶν,
2268 912 2345 973 ὼς
2367 910 2491 980 οὐχὶ
2527 910 2663 980 πρὸς
2716 910 2777 963 τὸ
2817 911 2893 981 μὴ
2936 910 2997 963 ὃν
3033 912 3063 963 ὁ
3106 911 3310 979 κόσμος
3344 906 3498 975 οὗτος
3537 911 3689 975 ἄπας

2111 1004 2353 1074 χωρήσει
2400 1001 2768 1067 παντάπασιν,
2804 1000 2919 1053 ἀλλ’
2963 1001 3039 1064 ὡς
3069 1002 3162 1056 καὶ
3206 1001 3274 1055 τὰ
3310 1004 3556 1072 ἡμέτερα
3578 1004 3689 1058 σὼς

2115 1112 2262 1162 ματα
2297 1093 2901 1163 μετασκευασθήσεται,
2937 1093 3075 1163 πρὸς
3099 1094 3158 1146 τὸ
3211 1094 3482 1165 Θειότερον
3505 1096 3687 1159 λυθείς

2106 1207 2168 1240 τε
2211 1190 2304 1242 καὶ
2337 1185 2867 1257 μεταστοιχειωθεὶς,
2897 1185 2974 1246 ὡς
3008 1185 3268 1254 ἀνάλογος
3315 1188 3447 1255 ἡμῖν
3476 1188 3583 1258 εἴη,
3616 1190 3686 1259 τῇ

2105 1279 2331 1348 δυνάμει
2382 1277 2478 1331 τοῦ
2517 1277 2661 1331 Θείου
2702 1277 3040 1347 Πνεύματος.

2185 1373 2258 1439 γ’.
2292 1372 2396 1424 Τὸν
2462 1372 2715 1441 οὐρανὸν,
2752 1371 2917 1438 φασιν
2965 1372 3017 1424 οἱ
3059 1370 3167 1424 τῶν
3217 1371 3481 1441 Ἐλλήνων
3509 1373 3680 1441 σοφοὶ,

2107 1465 2440 1537 στρέφεσθαι
2492 1466 2559 1533 τῇ
2602 1463 2763 1531 φύσει
2796 1465 2894 1532 τῆς
2935 1467 3206 1534 κοσμικῆς
3264 1464 3462 1534 ψυχῆς.
3494 1467 3590 1518 καὶ
3623 1468 3680 1517 τὸ

2104 1556 2312 1609 δίκαιον
2334 1555 2428 1608 καὶ
2459 1554 2550 1606 τὸν
2571 1553 2728 1619 λόγον
2767 1555 3061 1608 διδάσκειν.
3104 1556 3262 1607 Ποῖον
3303 1554 3681 1618 δίκαιονξτίνα

2106 1649 2262 1715 λόγον
2291 1664 2306 1711 ;
2338 1649 2399 1699 Et
2449 1647 2560 1717 γὰρ
2604 1648 2679 1716 μὴ
2722 1649 2788 1716 τῇ
2827 1648 3022 1700 ἑαυτοῦ
3045 1647 3223 1714 φύσει,
3259 1648 3397 1701 ἀλλὰ
3430 1651 3496 1719 τῇ
3525 1648 3683 1717 φύσει

2104 1744 2203 1812 τῆς
2237 1741 2528 1811 κοσμικῆς.
2568 1740 2635 1810 ἣν
2666 1757 2799 1809 φασι
2838 1740 3037 1810 ψυχὴν,
3070 1741 3099 1792 ὁ
3122 1740 3349 1809 οὐρανὸς
3372 1740 3679 1811 στρέφεται,

2104 1834 2198 1891 τοῦ
2229 1834 2437 1902 κόσμου
2484 1832 2540 1884 δὲ
2599 1832 2802 1894 παντός
2842 1833 2989 1884 ἐστιν
3022 1832 3056 1901 ἡ
3103 1829 3342 1902 κοσμικὴ
3370 1830 3537 1900 ψυχὴ,
3565 1830 3684 1891 πῶς

410 1937 572 1990 aqua,
629 1931 683 1974 et
716 1922 849 1975 aer?
884 1919 1015 1985 Sed,
1067 1920 1341 1988 quamvis,
1389 1919 1545 1988 juxta
1591 1919 1736 1980 illos,
1780 1932 1994 1983 semper

2102 1928 2224 1997 οὐχὶ
2258 1926 2673 1995 στρέφεταικαὶ
2702 1921 2856 1993 ὴγῆ,
2881 1926 2975 1976 καὶ
3023 1925 3081 1977 τὸ
3130 1923 3294 1994 ὕδωρ,
3336 1924 3428 1976 καὶ
3471 1928 3499 1976 ὁ
3533 1924 3681 1992 ἀήρς

414 2017 700 2061 moveatur
741 2008 829 2061 illa
856 2010 1062 2074 anima,
1086 2023 1183 2063 sua
1213 2016 1391 2061 tamen
1422 2019 1612 2061 natura
1644 2016 1791 2064 stant
1825 2016 1992 2071 terra,

407 2108 467 2154 et
505 2114 642 2168 aqua
697 2099 1011 2154 inferiorem
1062 2108 1218 2153 nacta
1273 2100 1490 2164 locum;
1559 2100 1638 2152 sic
1681 2109 1734 2152 et
1796 2098 1994 2153 ςωιιιιη

412 2201 604 2257 suapte
663 2200 855 2244 natura
914 2205 1132 2259 semper
1195 2201 1445 2244 movetur
1504 2198 1653 2243 motu
1710 2189 1995 2247 cit‘t'ulnri,

413 2281 751 2346 superiorem
779 2296 1053 2348 occupans
1101 2284 1400 2351 regionem.
1451 2279 1638 2346 Qualis
1669 2292 1850 2335 autem
1914 2291 1998 2335 est

414 2376 517 2426 ista
552 2372 734 2427 mundi
779 2373 960 2426 anima
990 2374 1144 2439 cujus
1203 2384 1394 2427 natura
1466 2376 1662 2428 caelum
1713 2374 1998 2427 movetur?

412 2462 553 2518 Num
591 2464 911 2520 rationalis?
941 2480 1071 2532 ergo
1109 2464 1278 2519 libera
1303 2473 1466 2529 esset,
1491 2464 1809 2519 neciisdem
1853 2483 1996 2517 sem-

415 2573 512 2623 per
547 2558 785 2612 motibus
820 2572 1075 2626 ageretur
1106 2561 1331 2612 coslcste
1371 2572 1574 2627 corpus
1611 2575 1624 2609 :
1653 2558 1820 2612 libera
1849 2559 1995 2611 enim

412 2649 571 2702 aliter
597 2648 735 2702 alias
762 2659 1066 2703 moventur.
1098 2649 1159 2703 Et
1188 2648 1461 2717 quodnam
1490 2647 1778 2717 vestigium
1803 2652 1999 2701 auium:

417 2740 699 2794 rationalis
733 2739 980 2793 videmus
1027 2742 1080 2792 in
1122 2740 1308 2793 intima
1346 2740 1447 2794 hac
1493 2740 1731 2808 Sphrera,
1764 2741 1821 2792 in
1855 2750 1997 2794 terra

414 2832 645 2895 scilicet,
680 2831 762 2884 vel
794 2832 848 2885 in
887 2831 1149 2899 proximis
1197 2831 1321 2897 ejus
1350 2845 1491 2900 aqua
1530 2841 1586 2883 et
1634 2845 1781 2894 aere,
1822 2832 1901 2884 vel
1947 2841 2001 2883 ιι

414 2923 466 2975 in
503 2923 617 2989 ipso
639 2921 799 2990 igne?
831 2936 953 2974 nam
985 2919 1560 2975 ethmcinformantur
1588 2922 1774 2975 mundi
1796 2923 1996 2975 artium.

411 3014 525 3068 Cur
555 3024 749 3067 Iterum
782 3016 888 3069 alia
920 3024 1049 3068 sunt
1066 3024 1326 3079 animata,
1354 3014 1462 3067 alia
1486 3028 1619 3067 vero
1656 3013 2000 3067 inanimato?

414 3117 469 3158 et
494 3105 646 3173 juxta
680 3106 820 3171 illos,
876 3106 1191 3176 ltujnsmodi
1233 3121 1337 3158 non
1370 3115 1498 3160 sunt
1548 3107 1729 3158 omnia
1767 3105 1996 3174 quaevis,

414 3201 509 3256 sed
534 3199 716 3253 Omnis
740 3199 896 3266 lapis,
917 3214 1079 3253 omne
1108 3200 1410 3266 metallum,
1440 3200 1618 3254 omnis
1639 3211 1807 3261 terra,
1833 3202 1995 3262 nuda,

414 3291 605 3355 :ether,
626 3290 767 3360 ignis
802 3307 816 3344 :
857 3290 1030 3359 ipsum
1062 3291 1206 3345 enim
1236 3292 1414 3362 ignem
1444 3292 1609 3345 iidem
1641 3292 1833 3344 dicunt
1868 3306 1997 3356 proo

415 3385 533 3449 prin
577 3382 779 3435 moveri
835 3393 1053 3447 natura,
1104 3388 1201 3438 sed
1262 3399 1367 3435 non
1418 3385 1621 3436 anima.
1664 3380 1798 3435 Cum
1829 3383 1997 3450 igitur

412 3474 723 3527 tommunis
770 3473 842 3527 sit
892 3473 1100 3538 anima,
1154 3489 1253 3527 cnr
1314 3490 1483 3545 unum
1546 3472 1745 3526 «mlum
1801 3485 1996 3547 natura

416 3566 597 3634 hujus,
627 3580 732 3618 non
787 3580 883 3619 sua
936 3566 1283 3619 ruoveretur?
1334 3566 1536 3618 Atnon
1570 3576 1654 3618 est
1693 3564 1994 3628 rationalis,

413 3657 563 3723 juxta
587 3660 753 3722 ipsos,
778 3672 999 3711 movens
1024 3658 1273 3713 codicum
1304 3671 1502 3726 corpus
1523 3658 1706 3710 anima
1734 3676 1751 3721 ;
1783 3669 1838 3711 et
1858 3660 1998 3712 cur?

415 3764 569 3810 Ιιιιιιι,
602 3748 754 3816 juxta
783 3764 897 3814 eos,
934 3750 1024 3802 illa
1056 3748 1176 3802 fons
1205 3759 1288 3802 est
1318 3753 1624 3801 animarum
1656 3759 1992 3813 nostrarum,

414 3840 664 3904 quamvis
721 3852 827 3890 nan
886 3838 960 3891 sit
1018 3837 1323 3900 rationalis,
1373 3852 1495 3901 nec
1545 3840 1831 3902 sensitiva,
1895 3854 1996 3892 nec

416 3929 681 3998 physica?
735 3928 840 3982 Sed
896 3944 965 3983 ne
1024 3944 1186 3982 unam
1246 3928 1465 3998 quidem
1506 3930 1697 3984 harum
1748 3932 1997 4005 videmus

415 4037 616 4088 corpus
658 4032 964 4075 moventem
1013 4022 1220 4090 absque
1266 4024 1521 4091 organis;
1580 4023 1784 4076 nullum
1836 4038 1996 4092 porro

414 4116 730 4182 organicmu
766 4117 946 4169 inesse
991 4114 1612 4179 membrum-videmus,
1656 4130 1758 4169 nec
1814 4126 1994 4178 terrae,

417 4222 514 4260 nec
544 4207 705 4270 coelo,
732 4221 831 4259 nec
865 4207 956 4259 ulli
996 4207 1084 4258 alii
1127 4221 1319 4260 eorum
1348 4208 1641 4272 elemento,
1674 4207 1800 4276 quia
1832 4223 1997 4262 omne

415 4312 684 4365 organum
719 4296 953 4349 diversis
1004 4295 1262 4350 coalescit
1315 4299 1549 4359 naturis,
1602 4299 1996 4351 elementorum

417 4400 597 4438 autem
636 4387 1063 4452 unnmtptodque
1086 4387 1355 4454 simplicis
1380 4399 1463 4441 est
1494 4399 1722 4449 naturae,
1752 4404 1816 4444 ac
1863 4405 1999 4456 pra:-

416 4475 607 4529 sertim
646 4476 866 4529 caelum.
902 4476 1148 4543 Insuper,
1184 4475 1366 4529 anima
1424 4490 1509 4533 est
1564 4480 1821 4547 perfectio
1870 4493 1997 4531 core

2104 2019 2281 2071 καίτοι
2306 2020 2427 2070 κατ’
2448 2018 2646 2079 αὐτοὺς
2674 2017 2987 2085 ἀεικινήτου
3010 2019 3108 2086 τῆς
3136 2015 3313 2084 ψυχῆς
3334 2015 3518 2083 οῦσης,
3550 2014 3685 2066 ἀλλὰ

2103 2114 2167 2180 τῇ
2230 2110 2411 2180 οἰκείᾳ
2460 2108 2620 2177 φύσει
2650 2109 2683 2177 ἡ
2716 2109 2789 2176 γῆ
2833 2125 2891 2160 τε
2932 2107 3148 2161 ἵσταται
3178 2108 3272 2159 καὶ
3303 2107 3363 2159 τὸ
3393 2106 3555 2177 ὕδωρ,
3582 2107 3683 2174 τὴν

2105 2204 2256 2257 κάτω
2295 2201 2482 2272 χώραν
2508 2200 2707 2267 λα66ν;
2744 2198 2888 2254 οὕτω
2917 2200 3012 2254 καὶ
3053 2200 3082 2250 ὁ
3113 2199 3361 2269 οὐρανὸς.
3393 2202 3459 2269 τῇ
3487 2198 3681 2252 ἑαυτοῦ

2104 2297 2265 2362 φύσει
2294 2296 2381 2349 ἀεὶ
2410 2293 2665 2356 κινεῖται,
2688 2294 2783 2346 καὶ
2803 2292 2988 2364 κύκλῳ
3017 2293 3383 2362 κινεῖται,τὴν
3407 2291 3520 2346 ἄνω
3547 2307 3683 2345 κατ-

2103 2391 2245 2459 έχων
2273 2388 2477 2459 χώραν.
2524 2388 2659 2440 Ποία
2703 2386 2761 2440 δέ
2811 2385 2896 2449 τίς
2928 2387 3042 2439 ἐστι
3070 2388 3163 2439 καὶ
3191 2389 3226 2454 ἡ
3257 2386 3493 2455 κοσμικὴ
3513 2386 3680 2455 ψυχὴ,

2102 2476 2170 2551 ἦς
2199 2484 2265 2552 τῇ
2306 2481 2468 2550 φύσει
2495 2481 2522 2529 ὁ
2551 2479 2780 2550 οὐρανὸς
2808 2481 3070 2547 κινεῖται;
3101 2475 3211 2548 ἆρα
3235 2479 3460 2547 λογικής
3491 2478 3682 2532 οὐκωῖιν

2103 2571 2424 2641 αὐθαίρετος
2457 2572 2524 2624 ἂν
2563 2572 2671 2642 εἴη,
2706 2572 2802 2624 καὶ
2838 2572 2941 2624 οὐκ
2979 2570 3045 2624 ἂν
3082 2572 3180 2635 τὰς
3216 2571 3384 2633 αὑτὰς
3417 2569 3505 2624 ἀεὶ
3528 2572 3680 2637 κινή-

2105 2682 2217 2726 σεις
2276 2665 2447 2717 ἐκίνει
2510 2664 2573 2715 τὸ
2612 2663 2866 2733 οὐράνιον
2909 2661 3090 2731 σῶμα·
3140 2663 3207 2716 τὰ
3253 2664 3360 2733 γὰρ
3390 2662 3682 2733 αὐθαίρετα

2102 2754 2291 2807 ἄλλοτε
2320 2755 2495 2817 ἄλλως
2531 2755 2783 2806 κινεῖται.
2810 2752 2951 2807 Τίδὲ
2980 2754 3073 2807 καὶ
3100 2753 3243 2822 ἴχνος
3272 2753 3491 2821 λογικῆς
3505 2752 3682 2821 dux-ﬁ;

2101 2844 2317 2913 ὁρῶμεν
2356 2840 2448 2897 ἐπὶ
2478 2845 2575 2911 τῆς
2600 2842 2901 2896 κατωτάτω
2920 2842 3122 2909 ταύτης
3153 2842 3407 2911 σφαίρας,
3429 2843 3523 2909 τῆς
3554 2841 3680 2911 γῆς,

2102 2935 2265 2988 πάλιν
2295 2934 2460 3001 λέγω,
2489 2932 2522 3005 ἣ
2555 2934 2662 2987 τῶν
2694 2936 2980 3003 ἐγγυτάτω
3011 2936 3142 3006 περὶ
3176 2935 3364 3004 αὐτὴν,
3401 2933 3590 2996 ὕδατός
3619 2950 3681 2985 τε

2102 3029 2197 3081 καὶ
2233 3029 2417 3098 ἀέρος,
2459 3028 2491 3098 ἢ
2528 3029 2623 3081 καὶ
2654 3028 2747 3081 τοῦ
2778 3029 2950 3099 πυρὸς
2979 3028 3185 3094 αὐτοῦς
3219 3030 3314 3081 καὶ
3340 3028 3541 3080 τούτων
3570 3026 3681 3093 γάρ

2102 3125 2251 3173 ἐστιν
2310 3123 2343 3190 ἡ
2398 3120 2640 3190 κοσμικὴ
2695 3119 2864 3190 ψυχή.
2924 3120 3049 3183 Πῶς
3075 3121 3133 3172 δὲ
3182 3120 3338 3182 αὖθις
3365 3119 3458 3173 za‘l.
3484 3120 3548 3172 τὰ
3580 3119 3681 3187 μὲν

2099 3210 2344 3280 ἔμψυχα,
2393 3213 2460 3264 τὰ
2513 3213 2572 3266 δὲ
2600 3211 2816 3282 attexui;
2868 3213 2963 3265 καὶ
2992 3212 3150 3265 τοῦτο
3184 3212 3305 3265 κατ’
3334 3212 3549 3274 αὐτοὺς,
3585 3216 3678 3264 καὶ

2052 3297 2069 3315 ¹
2099 3302 2274 3354 ταῦτα
2326 3301 2386 3354 οὐ
2427 3302 2497 3354 τὰ
2546 3304 2800 3370 τυχόντα,
2847 3302 2984 3355 ἀλλὰ
3025 3301 3172 3365 λίθος
3212 3302 3380 3364 ἄπας,
3420 3299 3678 3370 μέταλλον

2095 3384 2266 3451 artari,
2285 3393 2412 3462 χοῦς
2434 3393 2601 3455 ἆπας,
2626 3393 2791 3464 ὕδωρ,
2821 3394 2949 3464 ἀὴρ,
2970 3393 3081 3465 πῦρ
3105 3410 3117 3423 ·
3137 3394 3231 3448 καὶ
3252 3395 3313 3446 τὸ
3342 3392 3453 3460 πῦρ
3488 3395 3597 3463 γὰρ
3626 3394 3677 3445 οἱ

2097 3485 2268 3540 αὐτοὶ,
2312 3487 2379 3554 τῇ
2439 3484 2637 3538 ἑαυτοῦ
2675 3486 2832 3549 φύσει
2899 3485 3031 3554 φασὶ
3058 3486 3343 3549 κινεῖσθαι,
3382 3484 3496 3538 ἀλλ’
3524 3485 3584 3537 οὑ
3609 3486 3674 3554 τῇ

2098 3578 2242 3647 ψυχῇ
2265 3591 2277 3603 ⁸
2306 3580 2492 3648 κοινῆς
2547 3578 2639 3632 οῦν
2682 3577 2846 3647 οὔσης
2884 3580 2981 3648 τῆς
3026 3579 3227 3649 ψυχῆς,
3262 3578 3377 3643 πῶς
3408 3577 3676 3646 ὸοῦρανδς

2104 3671 2263 3740 μόνος
2292 3675 2358 3742 τῇ
2381 3671 2542 3738 φύσει
2574 3671 2798 3740 ταύτης,
2823 3671 3075 3742 ἀλλὀὐχὶ
3100 3675 3166 3742 τῇ
3195 3669 3386 3724 ἑαυτοῦ
3414 3674 3673 3736 κινεῖται;

2100 3763 2217 3818 ἀλλ’
2242 3765 2344 3816 οὐκ
2375 3764 2491 3816 ἔστι
2522 3764 2718 3834 λογικὴ
2758 3766 2789 3832 ἡ
2835 3762 2954 3816 κατ’
2989 3764 3188 3826 αὐτοὺς
3221 3762 3443 3815 κινοῦσα
3487 3762 3547 3814 τὺ
3585 3762 3675 3813 οῦ-

2101 3856 2284 3923 ράνιον
2310 3855 2469 3924 σῶμα
2495 3854 2663 3926 ψυχὴ,
2693 3856 2784 3908 κα)⁸
2817 3853 2969 3917 πῶςς
3002 3855 3161 3924 εἴπερ
3190 3856 3341 3924 πηγή
3367 3856 3511 3906 ἐστιν
3540 3852 3674 3920 αὕτη

2100 3949 2222 3999 κατ’
2253 3949 2453 4010 αὐτοὺς
2483 3947 2593 4000 τῶν
2620 3948 2910 4017 ἡμετέρων
2952 3946 3179 4017 ψυχῶη
3218 3949 3366 4015 ὅμως
3406 3947 3454 3999 εί
3483 3945 3559 4015 μὴ
3591 3945 3676 3997 λο-

2099 4039 2255 4107 γικὴ.
2320 4038 2637 4106 αἰσθητικὴ,
2671 4039 2703 4109 ἢ
2736 4037 2941 4106 φυσικὴ
3000 4037 3066 4090 ἂν
3096 4038 3203 4107 εἴη.
3244 4037 3385 4089 Ἀλλ’
3412 4036 3532 4089 οὐδὲ
3550 4037 3676 4105 μίαν

2099 4132 2304 4186 τούτων
2329 4131 2547 4201 ὁρῶμεν
2582 4131 2742 4202 σῶμα
2794 4130 3048 4185 κινοῦσαν
3095 4132 3264 4200 χωρὶς
3294 4129 3561 4200 ὁργάνων,
3588 4131 3678 4197 ὀρ.

2098 4225 2323 4293 γανικον
2371 4224 2427 4277 δὲ
2459 4222 2622 4294 μέλος
2664 4223 2824 4297 οὐδὲν,
2843 4221 3082 4292 ὁρῶμεν,
3125 4223 3247 4274 οὔτε
3281 4223 3403 4291 γῆς,
3432 4219 3554 4273 οὔτε
3583 4223 3676 4273 οὐ·

2103 4319 2287 4388 ρανοῦ,
2345 4316 2470 4370 οὔτε
2542 4317 2688 4379 τινος
2727 4315 2889 4370 ἄλλου
2931 4317 3036 4369 τῶν
3068 4319 3125 4368 ὲν
3164 4317 3349 4370 αὐτοῖς
3381 4313 3674 4383 στοιχείων,

2100 4411 2224 4462 ἐπεὶ
2259 4411 2352 4462 καὶ
2385 4412 2495 4461 πᾶν
2550 4409 2807 4479 ὄργανον,
2839 4411 2902 4460 ὲκ
2928 4409 3199 4477 διαφόρων
3242 4409 3361 4460 ἐστὶ
3405 4408 3675 4459 συντεθει-

2101 4503 2263 4570 μένον
2300 4501 2539 4568 φύσεων,
2598 4502 2706 4552 τῶν
2757 4499 2813 4552 δὲ
2844 4500 3123 4569 στοιχείων
3176 4500 3425 4562 ἕκαστον,
3468 4499 3679 4565 φύσεως

417 4568 566 4635 poris
590 4568 829 4638 organici
866 4570 1032 4623 vitam
1070 4569 1122 4622 in
1179 4571 1419 4638 potentia
1462 4571 1732 4623 habentis.
1786 4568 1993 4622 C(eium

2100 4568 2277 4660 ἀπλῆς
2317 4595 2455 4655 ἐστι,
2493 4592 2587 4644 καὶ
2622 4591 2858 4661 μάλιστα
2890 4592 2918 4642 ὁ
2947 4568 3196 4661 οῦρανὸς.
3254 4592 3322 4643 Ἢ
3362 4589 3490 4659 γοῦν
3511 4590 3677 4659 ψυχὴ,

417 4666 596 4711 autem
646 4658 850 4711 nullum
916 4663 1221 4713 membrum
1271 4671 1364 4711 aut
1415 4673 1623 4727 partem
1678 4660 1995 4725 organieam

421 4751 645 4815 habens,
672 4768 775 4803 non
817 4760 993 4819 potest
1023 4751 1205 4805 vivere
1237 4770 1250 4805 :
1291 4766 1398 4818 quo
1453 4754 1616 4818 igitur
1646 4750 1784 4803 forte
1840 4753 1999 4802 modo

420 4844 644 4898 haberet
672 4845 937 4908 animam,
974 4847 1121 4912 quod
1154 4848 1325 4900 vitam
1373 4845 1574 4899 habere
1623 4843 1843 4913 nequit?
1894 4844 2000 4899 Sed

417 4936 509 5004 qui
533 4947 876 4991 evanuerunt
904 4940 956 4991 in
979 4939 1401 5008 cogitationibus
1438 4940 1575 5002 suis,
1605 4954 1672 4992 ex
1721 4939 2001 5006 insipienti

420 5028 585 5082 corde
604 5031 843 5082 animam
865 5034 1315 5101 excogitaverunt
1338 5046 1461 5099 quae
1484 5047 1657 5102 neque
1685 5043 1791 5093 est,
1825 5049 2003 5102 neque

422 5119 544 5183 fuit,
570 5135 743 5189 neque
773 5124 881 5176 erit
912 5138 1177 5191 unquam,
1213 5133 1268 5177 et
1314 5126 1455 5177 Itane
1506 5127 1722 5190 quidem
1759 5128 2002 5181 universi

421 5211 692 5265 Sensibtlis
724 5213 907 5266 mutuli
941 5218 1263 5269 creatricetu
1295 5215 1693 5284 rectricemque
1720 5226 1775 5270 et
1803 5217 2005 5285 guber-

423 5304 706 5356 natrieem.
768 5302 1028 5359 Eamdem
1118 5307 1429 5359 animarum
1512 5319 1848 5374 nostrarum,
1917 5312 2001 5364 vel

425 5397 606 5460 potius
658 5408 982 5451 cunctarum
1035 5397 1188 5466 quasi
1241 5399 1474 5452 radicem
1517 5410 1569 5451 et
1624 5400 1826 5455 fontem
1885 5417 2004 5458 esse

426 5482 700 5547 dixerunt,
743 5497 923 5541 ortum
965 5494 1019 5541 et
1053 5490 1225 5556 ipsam
1255 5488 1544 5543 habentem
1573 5490 1643 5543 ab
1688 5493 2000 5565 intelligen-

428 5574 523 5637 tia,
561 5591 723 5644 quam
760 5581 980 5645 quidem
1034 5579 1448 5646 intelligentiam
1507 5583 1669 5636 aliam
1721 5601 1845 5644 esse
1873 5605 2006 5644 con-

430 5668 658 5719 tendunt
704 5669 1067 5723 substantiam
1119 5679 1323 5737 pncter
1363 5689 1632 5729 summum
1682 5696 1841 5746 quem
1904 5686 2005 5751 ipsi

431 5755 726 5811 admittunt
771 5761 963 5814 Deum.
1003 5758 1069 5815 Et
1117 5761 1421 5818 istiusmodi
1476 5769 1779 5825 doctrinam
1820 5784 2008 5828 tenent

432 5848 593 5907 primi
639 5851 777 5913 apud
811 5852 932 5908 illos
979 5856 1232 5935 doctores
1285 5867 1340 5913 et
1391 5861 1626 5932 theologi
1688 5882 1701 5922 :
1753 5870 1845 5935 qui
1900 5885 2005 5923 non

2097 4685 2403 4754 ἐντελέχεια
2439 4685 2691 4753 σώματός
2739 4684 2889 4735 ἐστιν
2936 4683 3254 4751 ὀργανικοῦ,
3283 4682 3508 4753 δυνάμει
3538 4681 3678 4751 ζωὴν

2096 4776 2342 4846 ἐχοντος’
2395 4778 2423 4828 ὁ
2460 4775 2517 4827 δὲ
2566 4774 2818 4843 οὐρανὸς,
2863 4774 3031 4843 μηδὲν
3084 4774 3375 4845 ὀργανικὸν
3431 4773 3594 4843 μέλος
3643 4772 3676 4842 ἧ

2099 4867 2265 4936 μέρος
2299 4866 2460 4936 ἔχων,
2515 4866 2637 4917 οὐδὲ
2704 4864 2929 4917 δύναται
2972 4864 3106 4936 ζῇν·
3161 4866 3278 4928 πῶς
3320 4861 3413 4918 οὖν
3446 4865 3511 4918 ἂν
3545 4865 3677 4926 ὅλως

2096 4957 2210 5029 ἔχοι
2234 4958 2436 5027 ψυχὴν,
2469 4956 2498 5009 ὃ
2524 4956 2623 5026 ζῇν
2664 4955 2941 5018 ἀδυνάτως
2988 4956 3139 5025 ἔχει;
3178 4956 3317 5009 Ἀλλ’
3347 4958 3396 5008 οἱ
3434 4972 3675 5023 ματαιω-

2097 5049 2283 5112 οέντες
2310 5050 2493 5110 ἐντοῖς
2513 5048 2883 5117 διαλογισμοῖς
2920 5050 3124 5111 αὐτῶν,
3153 5048 3210 5114 ἐξ
3250 5047 3509 5101 ἀσυνέτου
3544 5062 3675 5115 καρ-

2095 5142 2215 5203 δίας
2242 5142 2423 5210 ιξιυχὴν
2445 5141 2780 5203 ἀνέπλασαν,
2808 5141 2906 5210 τὴν
2947 5144 3087 5209 μήτε
3129 5139 3315 5201 οὖσαν,
3350 5138 3476 5209 μήθ’
3506 5138 3677 5207 ὑπάρ-

2096 5235 2290 5300 ξασαν,
2350 5235 2488 5301 μήτε
2531 5233 2821 5302 ἐσομένην,
2873 5235 2968 5285 καὶ
3006 5230 3212 5301 ταύτην
3232 5231 3323 5284 τοῦ
3353 5231 3451 5301 μὲν
3486 5231 3675 5297 αἰσθη-

2094 5325 2189 5379 τοῦ
2217 5324 2420 5387 παντὸς
2457 5327 2664 5393 κόσμου
2695 5325 3051 5395 δημιουργὸν,
3074 5325 3169 5376 καὶ
3204 5322 3560 5390 κυϐερνήτην,
3584 5323 3673 5373 καὶ

2098 5420 2425 5490 προνοητήν.
2461 5419 2580 5469 Τῶν
2604 5418 2661 5471 δὲ
2688 5419 2972 5487 ἡμετέρων
3005 5417 3215 5487 ψυχῶν,
3253 5416 3451 5485 μᾶλλον
3476 5416 3532 5468 δὲ
3570 5432 3672 5468 πα-

2100 5517 2229 5577 σῶν,
2277 5511 2387 5569 οἷόν
2448 5533 2571 5568 τινα
2628 5515 2807 5584 ῥίζαν,
2856 5515 2953 5568 καί
3004 5517 3188 5583 πηγὴν
3236 5516 3474 5572 ἀνεῖπον,
3507 5511 3671 5578 αὐτὴν

2098 5609 2329 5675 ἔχουσαν
2353 5608 2451 5676 τὴν
2481 5606 2695 5674 γένεσιν
2726 5609 2791 5657 ὲκ
2819 5607 2908 5659 νοῦ
2930 5623 2942 5635 ·
2972 5606 3031 5658 ὃν
3056 5607 3255 5676 δήποτε
3304 5608 3508 5663 ἐκεῖνον
3528 5602 3668 5665 νοῦν,

2097 5701 2255 5753 ἄλλον
2284 5700 2383 5768 τὴν
2404 5699 2596 5751 οὐσίαν
2640 5693 2781 5751 εἶναι
2832 5698 3071 5764 λέγουσι,
3109 5699 3258 5767 παρὰ
3304 5698 3393 5748 τὸν
3430 5696 3593 5767 ἄκρον
3613 5695 3670 5747 ὃν

2099 5810 2262 5858 φασιν
2286 5792 2441 5845 αὐτοὶ
2474 5792 2608 5843 (θεόν
2630 5804 2642 5816 ·
2671 5791 2764 5843 καὶ
2795 5791 2968 5842 ταῦτα
3014 5789 3240 5841 τοιαῦτα
3266 5789 3393 5840 ὄντα
3417 5785 3670 5855 δογματί-

2099 5885 2305 5949 ζουσιν,
2340 5886 2388 5935 οἱ
2424 5881 2523 5953 τὴν
2558 5884 2774 5950 σοφίαν,
2803 5883 2896 5935 καὶ
2927 5881 3022 5950 τὴν
3052 5880 3328 5947 θεολογίαν
3360 5879 3512 5947 ἄκροι
3552 5873 3667 5929 κατ’
