3988 6518
274 430 409 493 Ηἓῖ

1080 402 1085 405 ⁷
1170 428 1448 490 (2mm
1491 425 1846 489 rursum.
1884 419 2402 493 TllEOLOGICA,
2446 420 2588 478 ETC

3367 350 3523 472 ms

266 541 463 605 αὐτούς
481 557 493 570 ·
528 542 634 593 τῶν
656 538 923 605 κνώδαλα,
957 539 1051 595 καὶ
1074 538 1253 604 λίθους
1270 538 1660 594 οεοποιούντων
1693 538 1844 589 οὐδὲν
1868 543 1891 597 1

1989 536 2253 594 ieliorem.
2297 535 2390 588 sed
2429 535 2609 603 potius
2659 530 2837 584 multo.
2863 528 3100 599 peiorem
3133 527 3337 583 cultum
3390 541 3521 596 pro.

267 637 513 703 ᾰμεινον,
547 633 746 701 μᾶλλον
774 633 831 685 δὲ
871 632 965 684 καὶ
996 631 1176 701 πολλῷ
1221 633 1405 702 χεῖρον
1434 648 1498 682 πε
1510 632 1562 698 pl
1595 629 1655 682 τὸ
1681 630 1845 691 σέϐας

266 723 623 793 διακείμενοι.
684 721 948 775 Κνὼδαλα
989 724 1122 792 γὰρ,
1169 724 1263 777 καὶ
1287 722 1505 792 χρυσὸς,
1542 721 1637 773 καὶ
1674 721 1838 781 λίθος,

270 816 366 868 καὶ
395 813 594 883 χαλκὸς
639 812 863 876 Esmun,
895 812 998 866 κᾶν
1026 814 1135 868 τῶν
1164 815 1224 867 ὲν
1261 815 1373 875 τοῖς
1411 814 1647 875 κτιστοῖς
1684 809 1846 881 ἐσχάο-

261 917 377 955 των
399 921 414 936 ·
444 903 685 978 κόσμικὴ
716 911 773 961 δὲ
793 911 961 982 ψυχὴ,
1002 914 1095 966 καὶ
1139 914 1502 984 ἀστροφόρος,
1530 913 1654 967 οὔτε
1686 914 1834 966 ἔστιν

262 990 391 1046 οὔτε
419 995 472 1047 τί
491 997 605 1050 ἐστι
637 1000 863 1070 μηδαμῆ
889 998 1024 1059 οὖσα
1050 1005 1334 1075 μηδαμῶς,
1373 1008 1453 1060 ὅτι
1492 1006 1567 1078 μὴ
1598 1007 1841 1061 ἀνάπλα-
1896 1058 1897 1061 η

264 1100 382 1152 σμα
411 1085 647 1151 διανοίας
678 1091 1089 1163 κακοδαίμονος.

337 1179 401 1234 δ’.
446 1180 681 1251 Ἐπειδὴ,
713 1183 906 1250 φασιν.
964 1182 1173 1251 ἀνάγκη
1205 1180 1473 1234 κινεῖσθαι
1507 1179 1570 1232 16
1597 1178 1845 1247 οὐράνιον

270 1274 452 1341 σῶμα.
484 1275 796 1344 περαιτέρω
825 1274 883 1327 δὲ
930 1274 1094 1337 τόπος
1114 1272 1312 1337 οὐδεὶς,
1334 1273 1412 1335 εἰς
1443 1271 1503 1324 ὃν
1549 1268 1617 1323 ἂν
1645 1269 1844 1338 προῖλι,

266 1364 678 1434 ἑπαναστρέφει
732 1364 868 1434 πρὸς
925 1364 1107 1423 ἑαυτὸ.
1157 1363 1250 1415 καὶ
1290 1362 1348 1416 16
1390 1361 1633 1432 προϊέναι
1660 1359 1847 1413 τούτου

270 1455 603 1524 στρέφεσθαί
638 1458 804 1520 ἐστιν,
835 1451 985 1524 εὖγεο
1046 1457 1095 1508 εἰ
1138 1455 1269 1522 γοῦν
1294 1450 1407 1523 εἶχε
1429 1454 1614 1516 τόπον,
1643 1453 1755 1505 ἄνω
1786 1452 1849 1503 ἂν

268 1545 521 1613 ἐφέρετο,
537 1547 786 1615 καθάπερ
806 1549 900 1600 καὶ¹
915 1549 975 1600 16
990 1546 1123 1617 πῦρ,
1151 1548 1242 1601 καὶ
1260 1546 1426 1599 αὑτοῦ
1454 1545 1511 1597 δὲ
1531 1543 1732 1614 μᾶλλον
1757 1541 1848 1595 τοῦ

272 1638 467 1708 πυρὸς,
501 1639 626 1691 ἐπεὶ
656 1640 748 1691 καὶ
785 1639 982 1709 κοῦφον
1014 1640 1113 1705 τὴν
1128 1638 1291 1706 φύσιν
1314 1637 1407 1690 τοῦ
1436 1636 1607 1706 πυρὸς
1627 1633 1850 1704 μᾶλλον.

273 1730 425 1800 Αὕτη
457 1731 511 1784 δὲ
537 1732 599 1783 οὐ
642 1730 859 1798 φύσεως
908 1731 1087 1800 ψυχῆς
1127 1733 1159 1799 ἡ
1206 1731 1442 1800 κίνησις,
1479 1727 1615 1780 ἀλλά
1637 1725 1853 1794 φύσεως

274 1820 612 1888 κουφότητος
634 1836 648 1850 ο
716 1821 765 1871 ει
798 1816 893 1872 οὖν
918 1820 980 1873 τὸ
1020 1818 1268 1888 προϊέναι
1310 1817 1405 1870 τοῦ
1434 1815 1668 1886 οὐρανοῦ
1700 1815 1854 1884 στρέ-

272 1911 475 1979 φεσθαί
507 1915 645 1975 ἐστι,
673 1912 735 1964 τὸ
764 1912 822 1964 δὲ
876 1915 943 1981 τῇ
985 1912 1178 1964 ἑαυτοῦ
1206 1912 1368 1979 φύσει
1393 1909 1528 1979 ἔχει,
1557 1908 1671 1961 ἀλλ’
1697 1907 1759 1960 οὐ
1787 1909 1854 1975 τῇ

268 2003 372 2069 τῆς
400 2001 599 2069 ψυχῆς,
637 2002 930 2070 στρέφεται
978 2003 1085 2070 ἄρα
1112 2001 1172 2054 16
1209 2000 1458 2070 οὐράνιον
1494 1999 1672 2068 σῶμα,
1707 1999 1767 2051 οὐ
1791 2001 1855 2066 τῇ

275 2092 439 2163 φύσει
471 2092 567 2159 τῆς
587 2091 789 2174 ψυχῆς,
822 2091 959 2144 ἀλλά
985 2093 1052 2160 τῇ
1078 2092 1292 2153 ἑαυτοῦ,
1320 2089 1516 2142 οὐκοῦν
1544 2088 1666 2141 οὐδὲ
1678 2088 1857 2158 ψυχὴν

271 2184 410 2252 εχει.
460 2183 579 2235 Οὐδ’
609 2183 726 2236 ἔστι
778 2199 861 2245 τις
910 2183 1182 2251 οὐράνιος,
1229 2182 1263 2253 ἦ
1301 2180 1642 2249 παγκόσμιος
1687 2179 1856 2250 ψυχὴ,

270 2276 413 2329 ἀλλά
447 2276 580 2345 μόνη
605 2275 795 2344 λογικὴ
825 2275 969 2345 ψυχή
1018 2277 1165 2326 ἐστιν
1194 2277 1227 2343 ὴ
1255 2271 1569 2341 ἀνθρωπίνη
1596 2288 1611 2301 ο
1639 2272 1737 2324 οὐκ
1769 2273 1859 2322 οὐ-

278 2369 486 2433 ράνιος,
511 2367 627 2422 ἀλλ’
642 2366 1059 2439 ὕπερουράνιος,
1090 2368 1151 2419 οὗ
1194 2367 1367 2434 τόπῳ,
1399 2363 1536 2417 ἀλλὰ
1560 2367 1626 2433 τῇ
1658 2364 1853 2429 ἑαυτῆς

281 2474 322 2526 φ
343 2460 470 2519 ’σει,
506 2460 601 2514 ἅτε
634 2462 797 2528 νοερὰ
830 2447 1352 2529 ὑπάρχουσαόὖτία.

358 2598 422 2654 ε’.
450 2600 557 2652 Καὶ
584 2599 648 2652 τδ
682 2597 932 2668 προϊέναι
965 2595 1046 2657 δὲ,
1080 2593 1175 2647 καὶ
1202 2592 1336 2663 πρὸς
1373 2591 1434 2644 τὸ
1483 2590 1596 2643 ἄνω
1623 2588 1866 2641 ἐπεκτεῖ-

287 2710 343 2745 νε
356 2693 475 2745 σθαι
504 2692 564 2743 16
586 2691 834 2758 οὐράνιον
849 2689 949 2741 οὐκ
980 2687 1092 2756 ἔχει
1124 2686 1311 2754 σῶμαο
1334 2684 1433 2753 οὐχ
1455 2683 1535 2735 ὅτι
1559 2679 1870 2751 περαιτέρω

288 2784 453 2843 τόπος,
488 2782 590 2834 οὐκ
619 2781 734 2833 ἔστι
786 2779 904 2850 (καὶ⁸
953 2781 987 2849 ἡ
1043 2778 1181 2847 μετά
1214 2774 1374 2828 τοῦτο
1392 2775 1501 2841 γὰρ
1546 2775 1752 2841 σφαῖρα
1778 2768 1871 2822 τοῦ

294 2870 520 2939 αἰθέρος
548 2868 1079 2938 ἐμπεριειλημμένη)
1105 2864 1299 2933 τούτῳ,
1333 2862 1394 2915 οὗ
1431 2863 1677 2931 πρόεισιν
1701 2861 1791 2911 ἐπὶ
1814 2857 1874 2910 τὸ

292 2962 428 3017 ἄνω·
459 2961 556 3029 οὐχ
587 2961 669 3013 ὄτι
699 2959 860 3021 τόπος
896 2956 1072 3018 οὐδεὶς
1102 2955 1182 3017 εἰς
1203 2954 1262 3006 ὃν
1295 2952 1363 3006 ἂν
1396 2953 1605 3023 προῖοι’
1653 2947 1877 3019 περικέ-

293 3070 456 3121 χυται
490 3053 598 3122 γὰρ
628 3050 800 3121 ταύτῃ
826 3049 888 3102 16
923 3049 1174 3118 οὐράνιον
1204 3047 1410 3105 πλάτος
1442 3061 1457 3076 ο
1496 3044 1597 3096 οὐκ
1626 3039 1881 3094 ἐπεκτεί-

294 3158 448 3194 νεται
481 3140 536 3192 δὲ
564 3139 843 3209 ἀνωτέρω,
874 3139 996 3190 ἐπεὶ
1011 3137 1072 3189 τὸ
1089 3137 1347 3204 ἀνωτέρω
1365 3132 1570 3202 ταύτης
1594 3129 1773 3191 τοῦτο,
1792 3130 1881 3181 λε-

1951 632 2199 692 fltentur,
2240 642 2400 696 quam
2446 626 2537 693 qui
2590 623 2792 678 bestias
2843 630 2936 675 aut
2985 620 3195 688 lapides
3247 619 3523 676 deiticant.

1946 720 2085 776 Nam
2111 721 2319 783 bestiae,
2383 734 2615 779 aurum,
2672 731 2746 770 ms
2807 724 2862 768 et
2922 714 3061 779 lapis
3107 721 3240 765 sunt
3298 711 3522 778 aliquid,

1949 812 2078 868 licet
2109 820 2480 867 creaturarum
2513 808 2709 862 inlitum
2739 823 2754 873 ;
2793 807 2973 860 anima
3018 818 3146 857 vero
3179 802 3446 855 mundana
3473 808 3527 850 et

1949 901 2214 959 stellifero
2248 916 2422 969 neque
2447 900 2634 953 existit
2675 913 2850 965 neque
2881 894 3084 964 aliquid
3114 909 3339 961 prorsus
3375 890 3524 944 aliud

1953 1003 2038 1050 est
2063 1010 2227 1065 quam
2264 994 2458 1047 tuentis
2480 991 2679 1045 misere
2707 990 3012 1044 aberrautis
3030 987 3328 1041 inventum.

2023 1180 2078 1233 4.
2119 1179 2278 1241 Ciun,
2316 1175 2589 1244 inquiunt,
2622 1186 2845 1227 necesse
2903 1173 2975 1225 sit
3045 1169 3251 1223 moveri
3308 1167 3530 1222 cmlcste

1928 1287 2175 1341 corpus.
2199 1284 2299 1324 nec
2330 1269 2561 1323 ulterior
2597 1266 2751 1320 locus
2811 1263 2880 1319 sit
2908 1263 2966 1317 in
3036 1276 3196 1331 quem
3251 1260 3529 1329 procedat,

1955 1364 2299 1420 convertitur
2335 1362 2388 1414 in
2415 1361 2674 1427 seipsum,
2705 1366 2758 1411 et
2778 1369 3071 1425 processus
3093 1354 3213 1422 ejus
3243 1351 3532 1406 conversio

1954 1457 2161 1525 optime
2191 1465 2275 1509 est
2301 1472 2314 1520 ;
2339 1455 2381 1508 si
2414 1468 2544 1522 ergo
2574 1452 2797 1505 haberet
2843 1449 3116 1516 spatium,
3138 1460 3354 1499 sursum
3422 1444 3534 1497 fcr-

1957 1560 2131 1610 retur,
2162 1550 2305 1603 sicut
2331 1558 2387 1601 et
2417 1545 2584 1614 ignis.
2641 1553 2696 1599 et
2751 1544 2924 1610 magis
2975 1554 3136 1608 quam
3191 1538 3333 1607 ignis
3395 1537 3534 1604 ipse,

1958 1642 2085 1711 quia
2120 1650 2312 1694 natura
2334 1640 2508 1693 levius
2560 1639 2687 1706 igne
2739 1644 2933 1690 est.—
2976 1633 3074 1687 llic
3121 1641 3299 1684 autem
3353 1638 3539 1682 motus

1960 1749 2070 1788 non
2106 1733 2344 1803 pertinet
2372 1731 2440 1784 ad
2474 1738 2725 1784 naturam
2780 1726 2998 1788 animte,
3045 1723 3138 1777 sed
3168 1724 3235 1776 ad
3283 1730 3537 1774 naturam

1963 1828 2202 1882 levitatis
2225 1844 2240 1886 ;
2262 1826 2310 1881 si
2337 1826 2502 1894 igitur
2529 1837 2819 1892 processus
2846 1819 2970 1875 cmli
2992 1826 3076 1873 est
3097 1817 3211 1887 eius
3228 1814 3539 1878 conversio,

1967 1918 2118 1973 illum
2143 1929 2323 1970 autem
2379 1915 2544 1968 habet
2595 1927 2624 1965 a
2659 1926 2758 1965 sua
2791 1920 3010 1972 natura,
3075 1894 3182 1960 non
3243 1920 3274 1958 a
3348 1914 3541 1956 natura

1968 2012 2188 2073 animm,
2230 2021 2360 2077 ergo
2387 2004 2620 2058 vertitur
2658 2002 2884 2057 co:leste
2933 2013 3154 2068 corpus,
3190 2010 3295 2051 non
3345 2003 3542 2048 natura

1969 2106 2190 2165 anima),
2241 2102 2337 2155 sed
2408 2107 2598 2167 suapte
2648 2104 2862 2157 natura,
2919 2108 3018 2148 nec
3048 2091 3274 2162 proinde
3301 2090 3540 2143 animam

1971 2198 2154 2251 habet.
2185 2195 2372 2261 Neque
2402 2202 2486 2245 est
2513 2190 2690 2258 aliqua
2721 2187 2962 2242 cmleStis
2992 2195 3047 2239 et
3078 2182 3402 2237 universalis
3424 2180 3549 2232 auio

1971 2305 2081 2347 ma.
2114 2287 2205 2340 sed
2232 2285 2349 2340 sola
2381 2292 2464 2337 cst
2547 2281 2728 2334 anima
2792 2276 3078 2331 rationalis
3120 2275 3376 2337 humana,
3443 2286 3548 2323 uou

1972 2376 2235 2439 caelestis,
2269 2374 2363 2429 sed
2399 2369 2825 2442 supercmlestis,
2885 2382 2993 2421 non
3049 2366 3190 2429 loco,
3238 2365 3330 2418 sed
3358 2372 3551 2430 Stluplc

1974 2480 2193 2530 natura,
2220 2476 2490 2538 quatenus
2523 2461 2908 2518 intellectualis
2932 2459 3242 2516 substantia
3274 2465 3378 2510 est.

2046 2560 2098 2614 5.
2124 2559 2239 2612 Non
2302 2557 2424 2611 ideo
2480 2569 2587 2608 non
2644 2551 2887 2622 procedit
2939 2562 3040 2602 nec
3101 2561 3319 2601 sursum
3382 2544 3554 2596 fertur

1975 2653 2200 2709 caeleste
2227 2647 2589 2717 corpus,quia
2630 2642 2860 2697 ulterior
2888 2639 3045 2694 locus
3097 2652 3204 2690 non
3254 2645 3358 2688 cst.
3413 2631 3550 2685 Nam

1977 2749 2092 2814 ipsa
2117 2743 2337 2799 attheris
2362 2738 2571 2808 sphaera
2607 2736 2696 2789 illo
2746 2732 2968 2803 iulerior
3018 2729 3148 2784 etin
3201 2742 3266 2782 eo
3318 2726 3554 2779 circum-

1979 2839 2204 2907 scripta,
2243 2848 2343 2887 nec
2403 2831 2610 2884 idcirco
2671 2841 2889 2882 sursum
2943 2839 3052 2877 non
3109 2819 3374 2890 procedit,
3430 2817 3555 2885 quia

1981 2930 2165 2986 nullus
2191 2937 2276 2981 est
2306 2927 2459 2979 locus
2491 2923 2543 2976 in
2596 2935 2756 2990 quem
2806 2918 3084 2987 procedat,
3147 2930 3269 2967 cum
3320 2913 3556 2965 circum-

1982 3006 2164 3093 cingat
2197 3035 2315 3073 eam
2342 3016 2586 3073 caelestis
2621 3011 2920 3081 amplitudo
2949 3010 3080 3075 ;sed
3122 3006 3245 3060 ideo
3302 3020 3405 3057 non
3465 3018 3560 3056 su-

1983 3116 2172 3187 perius
2213 3111 2403 3170 lcndil,
2436 3108 2566 3177 quia
2628 3103 2887 3172 superius
2945 3101 3053 3155 hoc
3103 3097 3338 3166 spatium
3392 3095 3564 3147 levius

297 3232 460 3286 πτότε
471 3250 559 3301 ρον
571 3196 754 3299 αὐτῆς.
773 3196 887 3281 ἐστι
912 3241 925 3254 ·
949 3228 1030 3281 διὸ
1057 3227 1150 3280 καὶ
1171 3196 1425 3293 ἀνωτέρω
1446 3196 1648 3292 ταότης
1677 3220 1793 3274 ἐστὶ
1816 3220 1880 3289 τῇ

1989 3223 2047 3263 ea
2072 3217 2179 3268 est,
2209 3220 2273 3258 ac
2297 3202 2526 3273 proinde
2556 3213 2719 3265 supra
2751 3196 2897 3248 illam
2955 3202 3038 3247 est
3089 3201 3281 3257 suapte
3346 3196 3560 3238 natura.

299 3323 462 3391 φύσει
483 3321 820 3376 ὲαυτοῦἷούκ
842 3319 952 3389 ἄρα
965 3320 1045 3371 ὅτι
1066 3316 1141 3388 μὴ
1167 3316 1278 3387 ἔχει
1301 3316 1466 3368 τόπον
1487 3312 1658 3368 ἀνωτέ
1668 3313 1885 3383 ρωὲαυ-

298 3413 395 3468 τοῦ
418 3413 553 3483 πρὸς
576 3412 644 3465 τὰ
659 3412 772 3464 ἀνω
784 3411 845 3463 οὐ
866 3410 1191 3480 προέρχεται
1211 3411 1239 3461 6
1264 3406 1511 3477 οὐρανὸς,
1536 3404 1648 3456 ἀλλ’
1675 3404 1756 3457 ὅτι
1786 3420 1887 3472 μη-

299 3507 394 3561 δὶν
414 3505 581 3560 αὑτοῦ
607 3503 765 3573 σῶμα
797 3501 1120 3569 λεπτότερόν
1147 3517 1207 3553 τε
1236 3501 1333 3553 καὶ
1358 3495 1689 3566 κουφότερόν
1719 3497 1886 3549 ἐστιν.

379 3602 453 3661 ς’.
481 3594 648 3650 Οὐδὲν
680 3595 842 3663 σῶμα
891 3590 987 3645 τοῦ
1040 3590 1294 3662 οὐρανίου
1333 3588 1589 3659 σώματος
1628 3586 1890 3657 ὑψηλότεο

309 3690 404 3761 ρόν
437 3690 588 3741 ἐστιν
618 3701 633 3715 '
687 3685 804 3739 ἀλλ’
862 3684 924 3737 οὐ
978 3682 1129 3751 παρά
1184 3680 1342 3733 τοῦτο
1374 3679 1623 3733 δεκτικὸν
1653 3679 1753 3732 οὐκ
1776 3677 1891 3729 ἐστι

307 3781 559 3848 σώματος
580 3776 642 3830 τὺ
667 3776 946 3845 ἀνωτέρω,
985 3774 1097 3826 ἀλλ’
1124 3773 1205 3826 ’ότι
1236 3773 1344 3826 πᾶν
1379 3771 1537 3841 σῶμα
1569 3769 1892 3840 συμπεριεί-

306 3870 482 3940 ληφεν
525 3871 553 3922 6
580 3867 832 3937 οὐρανὸς,
879 3866 973 3919 καὶ
1029 3864 1197 3935 μηδὲν
1239 3863 1425 3934 ἕτερόν
1466 3864 1612 3914 ἐστιν
1638 3861 1895 3915 ἐπέκεινα

310 3963 492 4032 σῶμα.
525 3960 586 4012 Εἰ
620 3958 666 4012 δ’
701 3954 768 4028 ἦν
798 3955 1050 4021 διελθεῖν,
1085 3953 1273 4024 ὣσπερ
1326 3955 1458 4024 ἡμῖν
1503 3955 1614 4015 τοῖς
1647 3952 1894 4005 εὐσεϐέσι

308 4053 407 4105 καὶ
456 4049 792 4110 πιστεύεται,
828 4049 929 4100 οὐκ
965 4045 1034 4099 ἂν
1098 4042 1168 4115 ἦν
1213 4045 1591 4113 ἀπαράδεκτον
1640 4043 1702 4095 16
1754 4044 1893 4112 ὑπὲρ

310 4144 404 4197 τὸν
436 4141 668 4211 οὐρανὸν
695 4143 893 4194 ἐκεῖνο.
935 4139 996 4190 Ὁ
1034 4137 1144 4207 γὰρ
1171 4136 1239 4188 τᾶι
1281 4135 1460 4188 πάντα
1487 4135 1708 4204 πληρῶν
1736 4136 1891 4197 Θεὸς,

310 4234 408 4285 καὶ
433 4231 571 4301 πρὸς
601 4230 669 4284 τά
729 4229 993 4282 ἐπέκεινα
1036 4226 1131 4278 τοῦ
1173 4224 1404 4295 οὐρανοῦ
1448 4225 1894 4293 ἐπεκτεινόμενος

310 4323 403 4375 ἐπ’
439 4321 687 4392 ἄπειρον,
718 4316 786 4390 ἦν
816 4320 911 4372 καὶ
950 4320 1057 4388 πρὸ
1081 4317 1175 4370 τοῦ
1209 4317 1413 4384 κόσμου
1453 4314 1675 4384 πληρῶν
1698 4316 1771 4377 ὡς
1804 4317 1896 4367 καὶ

313 4412 413 4465 νῦν
459 4413 660 4480 πληροῖ
723 4410 815 4462 τὸν
853 4411 911 4462 ὲν
943 4408 1020 4478 τῷ
1070 4408 1258 4477 κόσμῳ
1309 4407 1471 4458 τόπον
1522 4405 1738 4458 ἅπαντα
1762 4420 1777 4435 ⁸
1805 4405 1898 4457 καὶ

310 4504 469 4557 οὐδὲν
500 4502 775 4573 προσέστη
805 4501 982 4562 τοῦτο,
1008 4500 1144 4552 ὥστε
1168 4500 1325 4567 σῶμα
1359 4498 1415 4550 ὲν
1446 4497 1595 4564 αὑτῷ
1616 4496 1896 4565 γενέσθαι.

315 4595 530 4647 Οὐκοῦν
581 4594 701 4647 οὐδὲ
747 4596 903 4655 ἐκτὸς
950 4591 1044 4644 τοῦ
1078 4589 1309 4656 οὐρανοῦ
1354 4587 1610 4657 ἐμπόδιον
1639 4586 1793 4640 ἔσται
1824 4605 1896 4649 τι,
1930 4577 1973 4630 D
2005 4572 2178 4632 ίοουεο

316 4689 396 4756 μὴ
424 4681 563 4739 εἶναι
587 4686 773 4744 τόπον,
803 4679 913 4747 οἷος
935 4685 962 4735 6
986 4700 1050 4734 πε
1062 4683 1361 4751 ρικόσμιος,
1388 4682 1421 4748 ἢ
1453 4682 1480 4733 6
1500 4678 1738 4748 γεγονὼς
1750 4678 1902 4740 ἐντὸς

314 4778 414 4831 τοῦ
442 4779 669 4848 κόσμου,
689 4779 825 4848 πρὸς
857 4777 917 4828 16
939 4773 1079 4828 εἶναι
1105 4775 1264 4843 σῶμα
1297 4776 1353 4826 ἐν
1378 4772 1548 4840 αὐτῷ.

399 4873 465 4937 ζ’.
494 4869 614 4933 Πῶς
645 4866 759 4931 οὖν,
793 4869 916 4923 ἐπεὶ
973 4868 1140 4938 μηδὲν
1179 4864 1434 4933 ἐμπόδιόν
1467 4864 1636 4926 ἐστιν,
1675 4862 1734 4913 οὐ
1766 4860 1899 4930 προ,

315 4968 382 5022 τὸ
414 4966 527 5020 ἄνω
582 4966 804 5035 φέρεται
840 4963 873 5030 ἡ
927 4961 1140 5029 κίνησις
1193 4956 1286 5010 τοῦ
1329 4955 1586 5025 οὐρανίου
1626 4953 1900 5022 σώματος.

316 5059 437 5114 ἀλλ’
468 5054 884 5123 ὲπαναστρέφον
917 5054 997 5114 εἰς
1038 5049 1200 5103 ἑαυτὸ
1242 5048 1473 5101 κινεῖται
1514 5043 1736 5114 κὺκλῳ;
1769 5044 1902 5097 διότι

318 5168 432 5222 περ
461 5146 789 5211 ἐπιπολάζον
809 5144 886 5207 ὡς
918 5142 1245 5196 λεπτότατον
1267 5138 1544 5200 ἁπάντων,
1571 5137 1768 5200 παντὸς
1800 5135 1905 5188 σώ-

323 5259 497 5317 ματος
534 5238 811 5297 ἀνώτατόν
839 5240 1006 5300 ἐστιν,
1047 5234 1182 5289 ἀλλά
1221 5233 1315 5286 καὶ
1350 5228 1797 5299 κινητικώτατονο
1828 5229 1904 5292 ὡς

318 5336 437 5405 γὰρ
497 5334 559 5387 τὸ
627 5328 1112 5403 συμπεπιλημένον
1175 5324 1382 5394 ἄκρως,
1433 5321 1529 5375 καὶ
1577 5319 1903 5390 βαρύτατον,

322 5426 640 5483 κατώτατόν
694 5441 753 5478 τε
795 5423 891 5477 καὶ
947 5419 1297 5487 κουφότατον,
1364 5413 1637 5469 ἀνώτατόν
1672 5429 1731 5465 τε
1791 5410 1907 5480 ἅμα

323 5522 422 5578 καὶ
440 5517 867 5590 κινητικώτατον
897 5533 910 5546 ο
967 5514 1087 5566 ἐπεὶ
1123 5511 1214 5565 οὖν
1238 5507 1503 5562 κινεῖσθαι
1532 5505 1907 5575 πέφυκενέπι-

325 5615 564 5679 πολάζον
597 5612 709 5666 ἀνω
738 5609 918 5679 φύσει,
965 5608 1025 5660 16
1053 5606 1107 5658 δὲ
1136 5604 1306 5666 οὕτως
1355 5599 1706 5662 ἐπιπολάζον.
1741 5615 1907 5668 χωρι-

329 5709 526 5779 σθῆναι
580 5708 647 5777 τῇ
703 5702 899 5757 ἑαυτοῦ
949 5700 1108 5771 φῦσει
1141 5695 1216 5752 ὧν
1267 5690 1907 5757 ἐπιπολάζεϋάὼνάτως

329 5800 467 5867 ἔχει,
507 5795 778 5866 σφαιρικὰ
808 5793 866 5846 δέ
893 5795 1060 5855 ἐστιν,
1112 5782 1191 5851 οἷς
1220 5787 1283 5838 16
1310 5785 1557 5854 οὐράνιον
1589 5779 1907 5842 ἐπιπολάζει

332 5888 515 5958 σῶμα,
563 5886 681 5938 κατ’
750 5883 995 5951 ἀνάγκην
1045 5878 1128 5933 θεῖ
1163 5877 1291 5949 περὶ
1326 5874 1464 5928 αὐτὰ
1495 5870 1810 5936 ἀπαύστως,
1846 5870 1907 5923 οὐ

1985 3297 2106 3354 Νοιι
2143 3299 2307 3368 igitur
2339 3294 2463 3363 quia
2501 3292 2838 3358 superiorem
2867 3285 3051 3353 seipso
3082 3282 3260 3334 locum
3324 3293 3429 3329 non
3474 3277 3567 3327 ha-

1986 3392 2102 3453 bet,
2138 3365 2344 3443 idcirco
2374 3396 2588 3439 sursum
2616 3378 2759 3432 haud
2794 3376 2965 3430 fertur
3001 3370 3223 3434 costum,
3286 3367 3378 3420 sed
3441 3365 3563 3431 quia

1987 3485 2197 3539 nullum
2228 3492 2428 3546 corpus
2463 3489 2529 3530 eo
2586 3468 2845 3524 subtilius
2878 3479 2943 3518 ac
2976 3464 3149 3517 levius
3179 3468 3283 3513 est.
3430 3467 3437 3473 '

2062 3573 2117 3627 6.
2169 3568 2383 3622 Nullum
2419 3577 2618 3632 corpus
2648 3571 2876 3628 corpore
2908 3552 3119 3608 caelesti
3143 3546 3423 3603 sublimius
3453 3560 3483 3599 c
3506 3554 3560 3604 .t.

1990 3662 2255 3730 nonquia
2315 3657 2519 3711 nullum
2572 3660 2656 3707 est
2731 3648 2983 3718 superius
3038 3644 3277 3713 spatium
3330 3639 3567 3704 alicujus

1991 3755 2240 3824 corporis
2262 3766 2459 3818 capax,
2483 3746 2576 3801 sed
2610 3745 2737 3812 quia
2767 3754 2930 3796 omne
2959 3750 3163 3806 corpus
3216 3732 3357 3788 coelo
3419 3744 3570 3783 com-

1994 3842 2381 3916 prehenditur,
2417 3853 2515 3892 nec
2531 3835 2678 3890 aliud
2714 3841 2797 3887 est
2826 3827 3059 3884 ulterius
3107 3838 3329 3893 corpus.
3356 3820 3413 3873 Si
3477 3834 3572 3871 au-

1994 3948 2103 3992 tem
2165 3931 2388 3988 transiri
2459 3937 2681 3999 posset,
2760 3923 2903 3977 sicut
2958 3933 3060 3973 nos
3119 3915 3207 3985 pie
3262 3911 3571 3971 credimus,

1996 4042 2107 4081 non
2143 4033 2290 4078 esset
2324 4015 2714 4073 inatlmissibile
2765 4011 2897 4067 illud
2935 4007 3185 4077 superius
3234 4004 3381 4081 caelo
3442 4016 3575 4067 spa-

2000 4122 2157 4174 tium.
2193 4115 2327 4169 Nam
2362 4112 2578 4180 replens
2640 4108 2821 4161 omnia
2871 4105 3037 4168 Deus,
3067 4109 3124 4155 et
3173 4098 3312 4151 ultra
3375 4093 3573 4148 co-Ium
3662 4114 3677 4125 ~

1999 4221 2260 4265 extcuSuS
2293 4207 2347 4259 itt
2396 4204 2694 4263 inﬁnitum,
2744 4206 2862 4251 erat
2913 4195 3081 4249 etiam
3137 4200 3263 4243 aute
3307 4187 3569 4239 llllmtltlttl

2000 4300 2245 4370 explens.
2281 4297 2418 4351 sicut
2442 4306 2496 4348 ct
2525 4305 2671 4345 nunc
2703 4287 2887 4355 implet
2917 4297 3132 4341 omnem
3162 4278 3345 4333 mundi
3377 4275 3579 4338 locum,

2004 4368 2179 4456 neque
2203 4386 2254 4439 id
2276 4383 2493 4438 obstitit
2523 4381 2651 4449 quin
2711 4390 2911 4445 corpus
2940 4375 2993 4427 in
3060 4386 3126 4427 eo
3186 4368 3576 4423 collocaretur.

2003 4479 2146 4545 Ergo
2185 4492 2287 4531 nec
2323 4477 2620 4545 quidquam
2652 4470 2909 4541 impediet
2933 4465 3060 4535 quin
3093 4464 3165 4517 sit
3190 4473 3345 4517 extra
3377 4459 3578 4513 cretum

2223 4568 2400 4635 qualis
2424 4566 2572 4619 circa
2602 4560 2861 4614 mundum
2920 4565 2977 4610 et
3028 4554 3176 4608 intus
3228 4549 3416 4603 mundi
3476 4556 3580 4608 est,

2007 4672 2063 4713 ut
2091 4664 2162 4715 sit
2195 4661 2246 4713 in
2280 4673 2347 4713 eo
2371 4671 2588 4725 corpus.

2079 4843 2135 4896 7.
2165 4841 2346 4908 Quare
2371 4838 2557 4908 igitur,
2588 4848 2712 4887 cum
2739 4830 2920 4885 nullus
2951 4830 3025 4884 sit
3056 4825 3220 4888 obex,
3240 4837 3345 4876 non
3365 4834 3582 4875 sursum

2011 4936 2187 4993 fertur
2211 4945 2385 4988 motus
2418 4928 2656 4985 caelestis
2681 4924 2949 4992 corporis,
2973 4919 3066 4975 sed
3103 4918 3157 4971 iu
3193 4916 3434 4983 seipsum
3480 4914 3586 4967 cir-

2010 5028 2231 5084 culatim
2289 5021 2629 5079 convertitur
2659 5018 2680 5072 ?
2704 5015 2842 5081 Quia
2862 5028 3024 5083 supra
3046 5023 3208 5065 omne
3226 5021 3421 5076 corpus
3455 5020 3585 5072 qua.

2014 5123 2059 5176 si
2093 5128 2432 5190 supernatat,
2459 5130 2564 5184 qua
2618 5107 2998 5165 tenuissimum
3061 5102 3310 5158 omnium
3374 5106 3479 5158 est,
3529 5106 3585 5148 et

2013 5217 2178 5270 etiam
2217 5210 2647 5276 mobilissimum
2689 5221 2704 5259 :
2739 5212 2823 5256 est
2855 5199 3002 5254 enim
3056 5196 3207 5251 velut
3247 5191 3589 5246 involucrum

2016 5310 2416 5375 circumtegcns
2449 5313 2612 5355 omne
2640 5293 3045 5367 gravissimum,
3112 5287 3356 5340 intimum
3410 5290 3468 5334 et
3515 5280 3590 5332 lc-

2016 5401 2322 5460 vissituutn,
2353 5392 2678 5450 altissimum
2706 5385 2869 5443 simul
2902 5393 2956 5438 et
2980 5377 3420 5436 mobilissimum.
3454 5370 3590 5424 Cum

2019 5494 2182 5563 igitur
2250 5485 2571 5544 naturaliter
2626 5488 2907 5537 moveatur
2967 5467 3393 5543 superuatando,
3450 5465 3595 5532 quod

2017 5598 2196 5637 atnem
2228 5582 2300 5635 ita
2327 5579 2633 5651 superfluit,
2668 5590 2768 5630 sua
2803 5582 2998 5626 natura
3055 5560 3301 5633 separari
3358 5567 3595 5625 nequeat

2016 5680 2083 5731 ab
2121 5675 2208 5729 his
2229 5689 2350 5743 qua:
2381 5649 2770 5740 superlabitur.
2792 5674 3028 5729 cumque
3045 5653 3308 5725 Spha'rica
3338 5651 3448 5704 sint
3477 5649 3598 5718 qui-

2017 5770 2121 5827 bus
2156 5768 2381 5823 t-(eleste
2418 5778 2616 5832 corpus
2664 5757 3077 5827 superﬂuctuat,
3126 5746 3440 5802 necessario
3494 5746 3600 5799 cir-

2020 5879 2143 5920 cum
2176 5877 2239 5916 ca
2273 5860 2445 5917 cut-rit
2478 5855 2870 5915 indrsincntcr,
2897 5862 3002 5901 non
3064 5852 3324 5909 tanquam
3391 5835 3602 5890 anitna-
