3988 6518
362 499 499 569 1129

1274 497 1356 556 CA
1372 495 1549 557 PlTA
1588 490 1935 559 PHYSICA,
1970 485 2498 558 THEOLOGICA,
2530 486 2694 547 ETC.

3478 481 3615 549 1130

356 627 417 680 τὸ
443 625 588 695 ὕδωρ
620 621 771 691 ἠφίει
798 616 1056 690 χρῆσθαι,
1097 611 1521 667 κατακαλύπτον
1558 607 1704 695 ἅπαν
1735 601 1950 695 ἔδαφος,

2054 602 2223 663 olum,
2268 610 2321 654 et
2344 597 2652 652 universam
2673 595 2790 664 ejus
2807 592 3146 661 superﬁciem
3170 592 3338 648 multa
3364 608 3612 649 mensura

356 694 675 781 adﬁgant
696 710 874 778 πάσης
896 707 996 773 τῆς
1028 705 1148 757 κατ’
1189 701 1358 770 αὐτὴν
1407 694 1730 766 ἑπιφανείας
1763 694 1935 760 ὑπερ·-

357 803 733 872 εκτεινὸμενον
783 797 964 866 πολλῷ
992 795 1072 864 τῷ
1111 794 1310 864 μέτρῳ.
1352 789 1505 842 Ἐπεὶ
1553 787 1611 840 δὲ
1645 784 1721 856 μὴ
1754 782 1935 836 πᾶσαν

354 898 455 966 τὴν
486 897 585 965 τῆς
616 895 719 963 γῆς
770 891 1096 957 ἐπιφάνειαν
1145 882 1541 955 περιλαμϐάνει
1561 895 1576 909 ο
1608 878 1723 931 ἔστι
1766 875 1872 946 γὰρ
1903 875 1936 944 ἡ

355 987 454 1055 τῆς
488 983 607 1037 καθ’
664 983 809 1052 ἡμᾶς
840 977 1165 1046 οἰκουμένης
1210 974 1403 1044 χέρσος
1446 967 1933 1055 ἀκατακάλυπτος

358 1075 650 1139 έκκεντρος
705 1069 900 1123 οὐκοῦν
936 1069 1053 1118 ἐστι
1082 1066 1222 1117 κατὰ
1256 1064 1434 1114 πᾶσαν
1477 1061 1721 1125 ἀνάγκην
1761 1057 1793 1124 ἡ
1841 1049 1938 1106 τοῦ

359 1155 553 1219 ὓδατος
590 1156 815 1225 σφαῖρα.
844 1153 934 1205 Δεῖ
978 1148 1072 1206 οὖν
1106 1150 1289 1220 ζητεῖν
1322 1150 1487 1205 πόσον
1532 1149 1598 1205 ἂν
1640 1149 1930 1218 έκκεντρος

358 1247 476 1318 εἴη·
505 1246 601 1301 καὶ
623 1245 725 1301 ποῦ
747 1246 807 1299 τὸ
822 1245 1065 1316 κέντρον,
1088 1240 1176 1315 ἆρ’
1192 1245 1268 1308 ὡς
1291 1243 1427 1313 πρὸς
1446 1243 1591 1313 ἡμᾶς
1611 1241 1931 1308 κατωτέρω,

355 1335 392 1408 ἢ
429 1336 719 1406 ἀνωτέρω;
760 1335 876 1389 ἀλλ’
902 1336 1158 1404 ἀνωτέρω
1190 1335 1290 1405 μὲν
1352 1330 1512 1399 εἶναι,
1573 1333 1685 1385 τῶν
1738 1332 1932 1386 ἁδύ·οά-

356 1441 505 1480 των·
541 1427 631 1494 ὑφ’
681 1428 828 1497 ἡμᾶς
875 1427 982 1496 γὰρ
1034 1427 1250 1496 ὁρῶμεν
1299 1425 1465 1478 οὖσαν
1508 1426 1572 1477 ἐκ
1613 1424 1811 1495 μέρους
1833 1424 1931 1491 τὴν

356 1515 452 1569 τοῦ
475 1514 665 1579 ὓδατος
687 1515 1028 1583 ἐπιφάνειαν·
1063 1515 1357 1586 κατωτέρω
1378 1514 1486 1585 ἄρα
1523 1513 1598 1576 ὡς
1619 1513 1754 1583 πρὸς
1785 1512 1933 1581 ἡμᾶς

360 1609 477 1660 ἐστι
500 1609 599 1660 καὶ
620 1604 789 1659 αὐτοῦ
818 1605 913 1659 τοῦ
943 1605 1043 1675 τῆς
1072 1607 1175 1676 γῆς
1205 1607 1451 1677 κέντρου,
1492 1605 1552 1657 τὸ
1585 1605 1808 1674 κέντρον
1833 1602 1935 1672 τῆς

360 1697 460 1749 τοῦ
511 1697 705 1760 ὓδατος
764 1696 1020 1768 σφαίρας.
1082 1698 1342 1750 Λείπεται
1401 1697 1458 1749 δὲ
1508 1696 1713 1766 ζητεῖν,
1769 1695 1937 1748 πόσον

362 1788 555 1858 ἀπέχει
581 1786 675 1840 τοῦ
696 1786 794 1856 τῆς
828 1788 930 1857 γῆς
956 1788 1182 1857 κέντρου
1214 1787 1274 1840 τὺ
1309 1789 1532 1856 κέντρον
1562 1788 1743 1840 τοῦτο.

434 1877 520 1947 ιβ’.
560 1877 717 1949 Γνοίη
763 1896 847 1942 τις
892 1879 960 1932 ἂν
993 1879 1158 1933 πόσον
1206 1880 1298 1933 ἐπὶ
1327 1879 1387 1933 τὸ
1408 1879 1598 1933 δοκοῦν
1625 1880 1760 1950 πρὸς
1790 1879 1938 1950 ἡμᾶς

363 1972 535 2034 κάτω,
589 1969 686 2023 τοῦ
719 1970 947 2040 κέντρου
986 1972 1083 2041 τῆς
1130 1973 1231 2041 γῆς
1268 1971 1460 2041 ἀπέχει
1488 1973 1549 2024 τὸ
1576 1973 1673 2041 τῆς
1703 1971 1940 2041 σφαίρας

364 2063 461 2116 τοῦ
516 2063 710 2127 ὓδατος
754 2064 1001 2134 κέντρον.
1035 2063 1220 2119 λαϐὼν
1252 2066 1344 2117 ἐπὶ
1366 2065 1509 2127 νοῦν,
1534 2063 1610 2126 ὡς
1641 2067 1711 2132 τῇ
1744 2064 1941 2131 ἐπιφαε-

286 2176 289 2177 ν
365 2151 487 2222 val;
538 2152 638 2221 τῆς
695 2154 891 2223 γηῖνης
937 2154 1195 2223 σφαίρας,
1226 2154 1347 2223 ἥτις
1386 2154 1601 2223 ὲστὶνή
1649 2153 1942 2224 καθ’ἠμᾶς

364 2243 683 2312 οἰκουμένη,
740 2244 1109 2314 ἐφαρμόζεται
1167 2245 1352 2314 σχεδὸν
1384 2248 1416 2314 ἡ
1455 2246 1584 2316 παρ’
1615 2245 1773 2315 ἡμῶν
1804 2249 1942 2317 ὁρω-

370 2334 529 2404 μένη,
562 2335 655 2386 καὶ
686 2335 776 2403 ὑφ’
834 2336 1000 2405 ἡμᾶς,
1059 2335 1308 2406 καθάπερ
1361 2337 1422 2390 τὸ
1475 2339 1813 2405 πατούμενον
1850 2334 1937 2406 ὑφ’

371 2427 529 2494 ἡμῶν
573 2427 675 2497 τῆς
724 2429 826 2498 γῆς
855 2427 1071 2497 ἔδαφος,
1103 2429 1236 2482 οὖσα
1269 2428 1363 2485 τοῦ
1398 2430 1588 2492 ὓδατος
1624 2428 1919 2499 ἐπιφάνεια

372 2519 532 2571 Ἔστι
594 2519 651 2572 δὲ
699 2519 761 2572 τὸ
791 2519 913 2573 καθ’
957 2521 1105 2590 ἡμᾶς
1136 2521 1238 2590 τῆς
1284 2522 1388 2590 γῆς
1446 2523 1766 2591 οἰκήσιμον,
1812 2522 1944 2575 ὡσεὶ

366 2609 595 2663 δέκατον
632 2614 726 2663 τοῦ
757 2610 857 2680 τῆς
891 2611 1011 2664 κατ’
1038 2612 1208 2680 αὐτὴν
1240 2613 1598 2683 περιμέτρου.
1636 2614 1802 2666 Πέντε
1838 2615 1947 2683 γὰρ

369 2702 403 2768 ἡ
432 2700 502 2770 γῆ
526 2699 705 2763 ζώνας
731 2700 862 2771 ἔχει’
891 2702 1020 2769 μιᾶς
1050 2701 1106 2753 δὲ
1136 2701 1244 2753 τῶν
1266 2704 1425 2755 πέντε
1443 2702 1669 2765 τούτων,
1689 2703 1753 2755 τὸ
1771 2703 1946 2773 ἦμισν

371 2790 506 2862 παρ’
547 2790 704 2861 ἡμῶν
732 2794 1082 2845 κατοικεῖται.
1126 2793 1191 2846 Εἴ
1210 2809 1290 2855 τις
1323 2793 1416 2846 οὖν
1440 2793 1516 2862 τῷ
1534 2794 1744 2864 δεκάτῳ
1773 2794 1949 2865 τούτῳ

371 2883 473 2951 τῆς
515 2883 837 2951 ἐπιφανείας
888 2884 1043 2953 μέρει
1091 2884 1401 2954 ἐφαρμόσαι
1456 2885 1673 2955 θελήσει
1715 2890 1950 2957 σφαῖραν

374 2975 504 3045 περὶ
528 2975 625 3043 τὴν
659 2975 783 3044 γῆν,
818 2974 915 3045 τὴν
948 2974 1393 3046 ὲναρμοζομένην
1440 2977 1661 3046 εὑρήσει
1694 2980 1945 3047 σφαῖραν,

370 3067 675 3129 διπλασίως
732 3068 832 3137 μὲν
877 3066 1062 3137 σχεδὸν
1114 3067 1345 3137 ἔχουσαν
1373 3068 1473 3139 τὴν
1521 3069 1815 3139 διάμετρον
1853 3073 1949 3141 τῆς

373 3157 576 3222 ἔξωθεν
627 3157 1117 3228 ἐφαρμοζομένης,
1158 3162 1254 3214 καὶ
1315 3162 1521 3232 ταύτην
1592 3164 1954 3235 περιεχούσης

379 3245 637 3317 σφαίρας,
664 3247 1041 3312 ὀκταπλασίως
1072 3249 1128 3302 δὲ
1159 3250 1219 3302 τὸ
1265 3250 1494 3321 μέγεθος
1535 3252 1722 3315 οὖσαν,
1760 3255 1856 3305 καὶ
1895 3253 1955 3307 τὸ

378 3431 619 3499 πέρατος
636 3432 732 3500 τῆς
751 3432 852 3500 γῆς
870 3447 884 3462 ⁸
914 3435 1008 3485 καὶ
1046 3433 1202 3487 τοῦτο
1220 3434 1381 3505 δῆλον
1433 3438 1497 3489 ὲκ
1547 3435 1640 3488 τοῦ
1684 3437 1806 3503 δια-γ
1819 3437 1957 3507 ρὰμ-

383 3536 576 3588 ματος.

462 3615 547 3677 ιγ’.
580 3609 760 3662 Ἔστω
792 3613 999 3681 σφαῖρα
1026 3612 1124 3682 τῆς
1152 3613 1255 3684 γῆς
1287 3613 1506 3680 κύκλος,
1593 3616 1741 3669 ἔνδον
1762 3617 1960 3685 ὑπογέ-

378 3718 646 3771 γραπται,
665 3718 720 3764 α,
754 3701 809 3772 β,
833 3719 887 3771 γ,
906 3702 955 3769 δ,
976 3706 1068 3757 καὶ
1081 3706 1210 3775 περὶ
1228 3706 1390 3760 αὐτὸν
1411 3706 1551 3762 ἔστω
1567 3711 1958 3780 περιηγμένος,

381 3794 508 3849 ἀντὶ
523 3794 625 3864 τῆς
642 3796 879 3864 σφαίρας
906 3797 999 3849 τοῦ
1017 3796 1230 3864 ⁹ύδατος,
1250 3799 1338 3852 ἒτε
1349 3817 1438 3871 ρος
1454 3800 1672 3867 κύκλος,
1691 3793 1971 3886 συναρμοη

381 3888 612 3958 ζὸμενος
657 3891 797 3944 κατὰ
824 3891 921 3960 τὴν
946 3891 1289 3960 ἐπιφάνειαν,
1316 3891 1391 3961 τῷ
1424 3893 1534 3947 ἄνω
1546 3892 1759 3963 δεκάτῳ
1786 3894 1880 3946 τοῦ
1907 3895 1964 3946 ἐν

384 3982 538 4054 αὐτῷ
566 3981 790 4045 κύκλου,
835 3973 880 4049 ᾧ
915 3982 1339 4053 ἐπιγέγραπται,
1374 4001 1421 4046 ε,
1456 3983 1508 4050 ζ,
1552 4002 1610 4053 η,
1647 3983 1697 4037 θ·
1734 3983 1964 4056 εὑρεθή-

387 4091 546 4127 σεται
576 4074 687 4144 γὰρ
718 4075 780 4127 τὸ
820 4076 917 4145 μὲν
966 4075 1044 4139 ὡς
1072 4077 1209 4147 πρὸς
1256 4079 1402 4146 ἡμᾶς
1434 4079 1604 4142 κάτω,
1654 4078 1828 4148 πέρας
1871 4078 1966 4131 τοῦ

386 4169 450 4218 ὲν
478 4167 636 4236 αὐτῷ
659 4166 885 4233 κύκλου,
945 4168 1171 4237 κέντρον
1222 4170 1317 4222 τοῦ
1344 4170 1544 4236 ἔξωθεν
1573 4170 1967 4240 περιηγμένου.

386 4259 702 4323 Διπλασίως
728 4260 785 4313 δὲ
818 4260 1079 4331 ὑπάρχων
1101 4255 1255 4324 οὗτος
1284 4263 1381 4332 τὴν
1396 4263 1708 4333 διάμετρον.
1740 4263 1973 4333 ἀναφαίο

393 4369 548 4405 νεται
579 4355 984 4421 γεωμετρικαῖς
1019 4353 1382 4418 ἀποδείξεσιν,
1414 4355 1791 4410 ὀκταπλασίαν
1835 4353 1976 4409 εἶναι

395 4443 498 4513 τὴν
528 4445 786 4514 σφαῖραν,
813 4438 878 4515 ἧς
909 4444 942 4514 ἡ
972 4444 1261 4516 διάμετρος
1286 4444 1544 4500 διπλασία
1595 4448 1695 4518 τῆς
1743 4447 1979 4518 ἐχούσης

396 4536 500 4606 τὴν
523 4537 778 4606 ἡμίσειαν
829 4536 1118 4608 διάμετρον
1150 4538 1416 4610 σφαίραςο
1457 4539 1746 4610 συμϐαίνει
1776 4558 1841 4606 γε
1874 4540 1980 4609 μὴν

1973 3293 2022 3355 C

378 3338 609 3408 κέντρον
637 3337 866 3409 ἔχουσαν
888 3341 981 3393 ἐπὶ
1023 3341 1119 3394 τοῦ
1155 3344 1471 3396 κατωτάτου
1514 3344 1796 3407 δοκοῦντος
1825 3346 1955 3414 ἡμῖν
1974 3337 2027 3363 u‘

2032 689 2465 760 supereminens.
2497 687 2635 754 Quia
2664 702 2797 741 vero
2829 701 2934 740 non
2999 692 3167 739 totam
3205 693 3367 740 terra)
3418 684 3613 741 faciem

2031 783 2225 854 cingit,
2257 792 2439 837 exstat
2467 782 2613 836 enim
2661 794 2821 847 quem
2854 778 3147 832 incolimus
3175 777 3467 832 continens
3500 778 3619 831 ino-

2032 886 2239 947 pertus,
2266 891 2494 945 prorsus
2526 889 2656 944 ergo
2689 887 2909 926 necesse
2937 879 3017 924 est
3059 856 3461 924 concentricam
3507 884 3614 923 non

2032 986 2156 1025 esse
2227 984 2349 1022 cum
2409 978 2551 1021 terra
2605 981 2824 1033 aquam.
2869 964 3097 1032 Oportet
3164 962 3325 1032 igitur
3370 975 3620 1028 qumrcre

2033 1069 2291 1129 quantum
2340 1058 2413 1110 sit
2456 1056 2787 1116 excentrica,
2822 1064 2871 1106 et
2896 1053 2983 1106 ubi
3038 1053 3112 1108 sit
3169 1052 3288 1119 ejus
3346 1062 3617 1110 centrum.

2035 1161 2220 1205 utrum
2266 1149 2406 1204 infra
2431 1165 2551 1212 nos,
2580 1165 2647 1202 an
2696 1162 2886 1216 supra.
2935 1146 3042 1200 Sed
3100 1143 3347 1212 superius
3376 1158 3499 1198 esse
3528 1159 3624 1197 nc-

2033 1243 2171 1311 quit,
2199 1255 2323 1294 nam
2355 1238 2601 1292 videmus
2632 1236 2818 1292 subter
2852 1235 3010 1291 nobis
3042 1248 3162 1289 esse
3191 1233 3384 1300 partim
3419 1247 3616 1301 super-

2039 1331 2214 1388 ﬁciem
2248 1345 2400 1402 aqua:
2433 1347 2447 1385 :
2479 1330 2711 1384 inferius
2746 1343 2878 1399 ergo
2908 1328 3068 1381 nobis
3096 1335 3178 1380 est
3217 1335 3274 1378 et
3322 1326 3421 1393 ipsi
3456 1335 3617 1377 teme

2035 1433 2225 1475 centro
2275 1430 2522 1475 centrum
2565 1420 2793 1490 sphaera:
2853 1419 3111 1487 aquaria).
3140 1416 3204 1470 At
3264 1414 3619 1483 qurerendum

2036 1502 2287 1581 superest
2324 1519 2584 1581 quantum
2604 1510 2721 1565 .hoc
2753 1519 3001 1564 centrum
3036 1522 3066 1561 a
3099 1515 3288 1562 centro
3320 1513 3479 1559 terra:
3535 1505 3622 1558 di-

2040 1614 2165 1660 6181..

2115 1861 2201 1915 l2.
2244 1860 2424 1915 Sciret
2456 1860 2651 1929 aliquis
2695 1867 2899 1927 quanto
2946 1857 3178 1913 inferius
3229 1858 3323 1920 sit,
3358 1864 3415 1909 ut
3466 1858 3626 1912 nobis

1976 1948 2016 2001 Β
2049 1952 2282 2014 videtur,
2318 1958 2477 2006 terrae
2501 1960 2689 2004 centro
2719 1962 2970 2005 centrum
3017 1952 3242 2020 sphame
3281 1949 3544 2016 aquarizc.
3577 1949 3626 2000 si

2042 2044 2502 2112 animadverteret
2526 2058 2648 2098 curn
2703 2043 2991 2114 superﬁcie
3040 2043 3269 2112 sphaera:
3330 2041 3628 2099 terrestris.

2044 2151 2205 2205 quam
2247 2135 2579 2199 habitamus,
2614 2135 2727 2190 fere
2764 2135 2829 2190 ad
2861 2134 3122 2188 amussim
3177 2133 3446 2202 quadrare
3473 2131 3630 2184 undae

2043 2226 2413 2295 superﬁciem,
2455 2242 2615 2296 quam
2672 2226 2917 2282 videmus
2943 2226 3095 2295 juxta
3146 2235 3203 2280 et
3243 2223 3380 2279 infra
3417 2238 3536 2287 nos,
3578 2232 3632 2275 et

2042 2333 2164 2387 qua:
2195 2326 2278 2372 est
2309 2318 2455 2373 velut
2513 2318 2810 2373 subtritum
2865 2318 3023 2373 nobis
3077 2325 3237 2372 terra;
3302 2315 3501 2370 solum.
3536 2313 3632 2369 Est

2045 2418 2227 2463 autem
2256 2410 2404 2478 paris
2456 2417 2617 2463 terra:
2677 2408 2836 2464 nobis
2868 2407 3183 2463 habitabilis
3229 2406 3387 2479 quasi
3419 2406 3628 2461 decima

2046 2499 2161 2566 ejus
2190 2499 2482 2553 circuitus.
2534 2498 2670 2553 Nam
2706 2501 2949 2569 quinque
3009 2508 3152 2553 terra
3200 2514 3366 2553 zonas
3416 2499 3630 2564 habet;

2047 2589 2209 2643 unius
2237 2599 2417 2645 autem
2446 2605 2511 2644 ex
2548 2593 2634 2646 his
2660 2591 2906 2661 quinque
2937 2591 3221 2647 dimidium
3255 2606 3284 2642 a
3328 2589 3486 2643 nonis
3539 2588 3630 2642 in-

2046 2679 2260 2734 colitur.
2289 2681 2344 2734 Si
2371 2682 2498 2750 quis
2517 2682 2685 2751 igitur
2713 2684 2934 2739 decima:
2958 2684 3082 2738 huic
3128 2682 3441 2753 superﬁciei
3490 2684 3630 2752 parti

2047 2780 2237 2843 aptare
2267 2774 2392 2828 velit
2442 2775 2712 2843 sphaeram
2766 2793 2869 2844 qua
2913 2786 3055 2830 terra
3117 2775 3446 2839 includatur,
3484 2774 3634 2827 inve-

2046 2862 2229 2916 nietur
2244 2862 2472 2931 sphaera!
2492 2866 2737 2918 exterius
2762 2866 3174 2934 circumscripta
3198 2875 3249 2919 et
3272 2876 3474 2920 terram
3516 2879 3633 2917 am-

2050 2952 2207 3009 biens
2234 2968 2356 3008 esse
2382 2953 2653 3008 diametro
2676 2953 2789 3008 fere
2835 2953 3052 3023 duplam
3081 2956 3304 3021 sphaera:
3334 2951 3631 3020 inscriptae,

2051 3055 2106 3100 et
2156 3044 2434 3115 octuplam
2494 3046 2837 3112 extensione,
2888 3061 2952 3101 ac
3008 3054 3255 3099 centrum
3323 3045 3522 3100 habere
3574 3044 3633 3098 in

2052 3136 2241 3191 inﬁmo
2267 3151 2394 3207 erga
2418 3151 2517 3191 nos
2545 3146 2705 3193 terra:
2731 3138 2981 3194 termino.
3028 3138 3183 3206 Quod
3222 3139 3371 3193 clare
3408 3137 3636 3192 demon-

2057 3240 2196 3287 strat
2221 3228 2394 3299 ﬁgura
2422 3231 2541 3286 haec
2574 3234 2939 3305 geometrica:

2138 3611 2227 3667 15.
2263 3613 2339 3665 Sit
2390 3608 2669 3663 terrestris
2721 3609 2931 3678 sphaera
2981 3607 3239 3671 circulus,
3278 3616 3420 3661 intra
3481 3622 3642 3676 quem

2067 3708 2283 3775 scripta:
2313 3713 2443 3757 sunt
2479 3702 2668 3757 littera!
2709 3703 2775 3766 Α,
2806 3700 2867 3766 Β,
2899 3700 2963 3768 C,
2994 3701 3036 3754 D
3067 3717 3085 3770 ;
3112 3703 3290 3769 sitque
3318 3701 3466 3755 circa
3522 3717 3644 3755 eum

2067 3796 2499 3860 circumductus,
2528 3807 2624 3864 pro
2671 3793 2880 3862 sphzera
2935 3807 3109 3862 aqua,
3145 3792 3281 3847 alter
3325 3788 3584 3857 circulus,
3617 3806 3650 3845 e

2069 3887 2220 3955 cujus
2243 3887 2528 3956 superﬁcie
2554 3886 2765 3940 decima
2796 3900 2920 3954 pars
2947 3887 3196 3953 superior
3232 3884 3420 3940 circuli
3453 3883 3650 3938 inclusi

2069 3989 2337 4049 emergat,
2367 3990 2421 4033 et
2455 3980 2543 4031 cui
2578 3978 2963 4048 superscripta;
2993 3978 3102 4032 sint
3144 3977 3206 4039 Ε,
3243 3976 3308 4041 F,
3342 3975 3408 4042 G,
3437 3975 3479 4029 Η
3516 3994 3530 4041 ;
3568 3990 3653 4030 re-

2071 4073 2310 4142 perietur
2334 4071 2556 4126 intimus
2595 4086 2726 4138 ergo
2754 4070 3023 4125 terminus
3063 4069 3254 4123 circuli
3290 4068 3480 4123 inclusi
3533 4082 3655 4122 esse

2070 4178 2317 4223 centrum
2347 4168 2494 4221 orbis
2516 4168 2757 4219 exterius
2780 4163 3166 4219 circumducti.
3198 4164 3333 4218 Cum
3364 4173 3540 4216 autem
3567 4161 3654 4216 hic

2074 4260 2220 4316 illius
2254 4262 2328 4313 sit
2356 4260 2628 4312 diametro
2664 4256 2883 4325 duplus,
2926 4270 3160 4325 cumque
3187 4255 3535 4324 geOmetricis
3560 4254 3657 4306 dc-

2075 4350 2565 4406 monsuationibus
2617 4350 2822 4418 liqueat
2857 4349 3125 4418 sphaeram
3166 4347 3326 4416 cujus
3362 4347 3660 4401 diametrus

2076 4455 2160 4500 est
2195 4444 2384 4514 dupla,
2413 4458 2535 4511 esse
2567 4442 2842 4511 octuplam
2869 4442 3101 4511 sphaerae
3134 4441 3293 4511 cujus
3359 4442 3658 4494 diametrus

2076 4550 2159 4593 est
2186 4537 2434 4601 dimidia,
2473 4537 2554 4590 sic
2579 4536 2848 4605 contingit
2879 4544 3128 4588 octavam
3181 4535 3406 4602 sphaera?
3438 4530 3660 4599 liquidte

398 4626 465 4679 τὸ
488 4626 674 4695 ὃγδοον
697 4628 792 4697 τῆς
824 4628 995 4698 ὑγρᾶς
1048 4627 1253 4700 ταύτης
1285 4629 1540 4701 σφαίρας,
1587 4630 1792 4701 ἀναμὶξ
1812 4633 1950 4701 spur:

2079 4641 2289 4701 partem
2334 4630 2532 4685 includi
2588 4638 2747 4683 terra:
2777 4641 2845 4684 ac
2897 4626 3249 4682 commisceri
3278 4641 3295 4678 :
3327 4636 3660 4693 quapropter

402 4717 719 4790 ριειλῆφθαι
750 4724 814 4794 τῇ
843 4725 938 4793 γῇ,

1896 5638 2649 6063 \W//

799 6140 1056 6200 Parnm.
1125 6135 1213 6195 Gn
1281 6132 1372 6193 Cl.

3349 6123 3426 6184 36
