3988 6492
343 295 405 363 Π
416 291 484 357 37

1249 279 1522 340 (ἶΛΡΙΤΛ
1568 281 1916 352 PHYSICA,
1941 277 2461 345 TlIEOLOGlCA,
2491 273 2654 333 ETC.

3451 254 3594 351 1:33

350 417 528 483 μόνον·
564 412 660 483 τὴν
686 412 743 465 δὲ
770 411 969 482 ψυχὴν,
987 413 1060 465 ’ἐκ
1077 409 1184 465 τῶν
1202 406 1608 480 ὑπερκοσμίων,
1634 403 1834 474 μᾶλλον
1859 399 1917 454 δὲ
1942 456 1943 459 η

2061 394 2307 451 dmodum
2392 385 2677 450 mirabile,
2746 381 3058 436 universum
3141 375 3597 445 supereminens.

349 503 478 574 παρ’
524 501 689 555 αὑτοῦ
752 501 846 554 τοῦ
905 501 1040 554 Θεοῦ
1070 500 1138 554 δι’
1162 500 1556 571 ἐμφυσήματος
1578 493 1913 565 ἀπορρήτου,

260 636 263 639 -
345 596 422 658 ὼς
449 593 592 665 μέγα
621 609 676 645 τι
699 593 796 645 καὶ
832 592 1169 662 θαυμαστὸν,
1229 592 1325 644 καὶ
1370 591 1464 643 τοῦ
1508 585 1704 643 παντὸς
1747 584 1935 651 ὓπεροο

344 685 491 754 έχον,
516 684 610 736 καὶ
630 682 693 735 τὸ
713 682 822 734 πᾶν
845 681 1166 748 ἐποπτεῦον,
1200 682 1293 734 καὶ
1337 681 1451 742 τοῖς
1493 678 1671 730 πᾶσιν
1690 677 1915 727 ἐπιστα-

342 775 492 837 τοῦν,
520 775 613 827 καὶ
636 773 772 827 Θεοῦ
793 773 1091 841 γνωστικδν
1148 774 1266 843 ἃμα
1333 771 1428 824 καί⁹
1481 765 1749 829 δεκτικὸν,
1814 762 1912 816 καὶ

345 854 614 909 δεικτικὸν
637 854 837 916 παντὸς
877 854 1073 921 μᾶλλον
1102 853 1202 923 τῆς
1254 853 1778 927 ὐπερανῳκισμένης
1814 857 1908 910 τοῦ

346 946 591 1015 τεχνίτου
659 945 1071 1015 μεγαλειότητος
1128 945 1493 1014 ἀποτέλεσμα,
1554 947 1649 1000 καὶ
1706 947 1782 1017 μὴ
1831 949 1913 1001 ὅτι

349 1037 487 1090 θεοῦ
516 1037 763 1090 δεκτικὸν
790 1037 859 1089 δι’
898 1036 1105 1104 ἀγῶνος
1143 1039 1237 1089 καὶ
1259 1036 1503 1108 χάριτος,
1530 1038 1664 1091 ἀλλά
1684 1041 1778 1093 καὶ
1820 1041 1916 1093 δυ·-

351 1130 511 1184 νατδν
543 1129 810 1196 ἐνωθῆναι
837 1128 1013 1197 τούτῳ
1050 1127 1189 1180 κατὰ
1225 1127 1351 1197 μίαν
1388 1128 1704 1183 ὑπόστασιν.

424 1220 519 1274 κε’.
553 1219 739 1272 Ταῦτα
758 1217 850 1272 καὶ
888 1218 957 1270 τὰ
984 1219 1228 1281 τοιαῦτα,
1265 1220 1323 1270 ἐν
1349 1215 1431 1282 οἷς
1476 1220 1626 1273 ἐστιν
1653 1222 1686 1289 ἡ
1717 1220 1919 1291 ἀληθὴς

356 1310 518 1379 σοφία
575 1312 670 1364 καὶ
694 1311 727 1379 ἡ
778 1311 1044 1379 σωτήριος
1078 1311 1279 1374 γνῶσις
1315 1311 1347 1379 ή
1379 1311 1476 1378 τῆς
1508 1311 1620 1365 ἄνω
1652 1313 1920 1381 μακαριό-

355 1419 517 1472 τητος
545 1402 823 1466 πρόξενος.
883 1400 979 1463 Τίς
1033 1401 1078 1453 δ’
1109 1399 1399 1472 Εὐκλείδης
1430 1419 1446 1467 ;
1483 1401 1567 1465 τίς
1629 1403 1865 1474 Μαρῖνος
1903 1420 1919 1466 ;

355 1493 437 1553 τίς
476 1492 805 1560 Πτολεμαῖος
848 1490 1078 1543 συνιδεῖν
1115 1490 1398 1561 ἠδυνήθη;
1463 1492 1606 1556 τίνες
1666 1493 1924 1561 Ἐμπεδο-

358 1584 528 1647 κλεῖς,
555 1583 648 1636 καὶ
686 1582 993 1651 Σωκράται,
1035 1582 1129 1633 καὶ
1167 1582 1576 1651 Ἀριστοτέλεις,
1632 1584 1726 1636 καὶ
1782 1584 1924 1638 Πλά-

357 1693 545 1740 τωνες,
604 1675 847 1741 λογικοῖς
897 1673 1160 1744 μεθόδοις,
1198 1674 1230 1745 ἦ
1269 1674 1681 1744 μαθηματικαῖς
1713 1677 1925 1729 ἀποδεί-

2025 489 2207 544 omnia
2241 491 2614 555 perserutaus,
2650 475 2861 531 cunctis
2905 471 3225 542 praesidens,
3266 468 3355 520 Dei
3388 480 3593 537 cogno-

2023 580 2204 636 scendi
2254 576 2416 632 simul
2452 588 2516 627 ac
2560 569 2852 639 recipiendi
2896 580 3090 635 capax,
3123 574 3179 617 et
3214 561 3385 632 magis
3431 573 3597 626 quam

2025 682 2226 727 tmtera
2244 683 2415 738 opera
2434 662 2788 718 manifesmus
2808 655 3336 730 superexcelleutem
3371 645 3603 706 artiﬁciis

2027 759 2521 833 magniﬁcentiam,
2549 765 2718 824 atque
2760 768 2864 806 non
2912 750 3263 805 solummodo
3309 746 3475 799 Deum
3509 760 3602 797 re-

2028 858 2210 926 cipere
2278 853 2481 907 virtute
2505 863 2571 904 ac
2640 846 2856 915 gratia,
2916 843 3017 900 sed
3054 849 3110 899 et
3168 842 3309 894 uniri
3356 853 3480 892 cum
3538 850 3606 891 eo

2028 948 2215 1003 valens
2258 945 2315 998 in
2346 958 2451 996 una
2490 956 2743 1012 persona.

2102 1224 2195 1277 95.
2235 1222 2360 1275 llatc
2391 1230 2445 1275 et
2475 1216 2784 1288 hujusmodi
2835 1221 2954 1269 sunt
2994 1215 3044 1266 iu
3099 1212 3298 1281 quibus
3351 1225 3477 1263 vera
3531 1218 3613 1263 est

2033 1314 2296 1380 sapientia
2332 1321 2389 1366 et
2433 1310 2695 1364 salutaris
2732 1300 2971 1361 scientia
2997 1319 3272 1358 summam
3310 1317 3619 1372 procurans

2038 1404 2454 1461 beatitudinem.
2493 1402 2625 1468 Quis
2669 1410 2849 1455 autem
2875 1398 3151 1463 Euclides,
3197 1397 3319 1466 quis
3351 1393 3621 1456 Marinus.

2035 1496 2157 1564 quis
2186 1494 2511 1549 Ptolemaeus
2554 1492 2745 1546 eadem
2798 1487 2943 1544 scire
2977 1487 3194 1556 potuit?
3223 1486 3460 1553 Quinam
3494 1484 3619 1563 Eui-_

2037 1590 2311 1659 pedoclcs,
2360 1593 2421 1640 et
2465 1588 2728 1650 Socratae,
2773 1592 2828 1638 et
2884 1582 3224 1645 Aristoteles,
3265 1589 3318 1635 et
3365 1577 3625 1633 Platones

2040 1682 2214 1749 IOgica
2249 1678 2505 1735 methodo
2542 1690 2637 1734 aut
2683 1676 3088 1731 mathematicis
3136 1671 3618 1728 demonstrationi-

362 1764 477 1828 ξεσι
506 1779 549 1847 ;⁸
587 1763 787 1829 μᾶλλον
833 1764 891 1816 δὲ
940 1764 1067 1816 ποία
1110 1763 1362 1833 αἴσθησις
1438 1764 1759 1818 ἀντελάϐετο
1817 1766 1925 1819 τῶν

2061 1792 2163 1839 ius,
2206 1773 2287 1828 vel
2341 1774 2522 1843 potius
2581 1769 2706 1839 quis
2765 1783 2959 1823 sensus
3013 1764 3140 1821 talia
3195 1765 3463 1836 percepit,
3497 1766 3623 1834 quis

360 1853 615 1907 τοιούτων
650 1871 667 1920 ;
702 1855 850 1916 ποῖος
887 1852 1117 1906 ἐπέϐαλε
1140 1855 1263 1916 νοῦς
1299 1869 1315 1918 ;
1355 1854 1419 1905 Εἰ
1461 1854 1517 1907 δὲ
1541 1855 1771 1917 ἐκείνοις
1815 1859 1926 1919 τοῖς

362 1947 522 2014 φύσει
562 1945 933 2015 φιλοσοφοῦσι,
966 1947 1056 1998 καὶ
1088 1949 1199 2008 τοῖς
1229 1948 1346 1999 κατ’
1367 1946 1627 2009 ἐκείνους,
1658 1947 1929 2016 χαμαίζηο

361 2041 453 2102 λος
477 2038 655 2103 ἔδοξεν
690 2039 723 2107 ἠ
750 2037 891 2090 κατὰ
928 2037 1143 2108 πνεῦμα
1179 2037 1361 2106 σοφία,
1395 2038 1686 2090 κάντεῦθεν
1719 2038 1780 2091 τὸ
1807 2038 1928 2092 καθ’

365 2128 668 2201 ὑπερϐολὴν
714 2128 983 2198 ὑπερέχον
1069 2129 1239 2196 αὐτῆς
1309 2130 1675 2199 παρίσταταιν
1747 2131 1931 2201 σχεδὸν

363 2221 493 2290 γὰρ,
553 2219 628 2282 ὡς
678 2221 746 2273 τὰ
783 2220 952 2286 ἄλογα
1012 2220 1122 2273 τῶν
1175 2222 1352 2285 ζώων.
1390 2221 1527 2291 πρὸς
1571 2223 1670 2291 τὴν
1709 2224 1932 2276 ἐκείνων

364 2311 558 2381 σοφίαν
580 2312 795 2381 ἔχουσιν
825 2310 899 2382 (εἰ
948 2311 1004 2365 δὲ
1036 2310 1233 2381 βούλει,
1267 2312 1517 2381 καθάπερ
1548 2314 1614 2365 τὰ
1646 2315 1931 2383 παιδάρια,

362 2395 445 2464 οἷς
483 2403 786 2470 κρείττονες
812 2400 1021 2465 δόξαιεν
1059 2401 1124 2454 ἂν
1161 2404 1213 2454 ot
1250 2404 1388 2470 μετὰ
1441 2406 1629 2472 χεῖρας
1668 2404 1936 2456 πλακοῦν-

366 2509 459 2554 τες
494 2491 588 2544 τοῦ
630 2492 910 2561 βασιλικοῦ
937 2492 1309 2562 διαδήματος),
1339 2491 1372 2563 ἢ
1400 2492 1491 2546 καὶ⁵
1523 2496 1636 2556 τοῖς
1663 2494 1775 2566 [ισ.
1800 2495 1932 2566 τῶν]

364 2578 594 2642 ἐκείνοις
626 2579 985 2648 ἐγνωσμένων
1020 2580 1274 2633 ἁπάντων
1296 2597 1309 2611 ο
1341 2579 1513 2645 οὕτως
1548 2583 1763 2651 ἔχουσιν
1791 2580 1937 2639 οὗτοι

364 2671 505 2739 πρὸς
531 2671 629 2741 τὴν
666 2672 840 2742 ἀληθῆ
883 2672 979 2724 καὶ
1031 2673 1551 2744 ὑπερανῳκισμένην
1605 2676 1793 2742 σοφίαν
1843 2678 1940 2731 καὶ

363 2761 707 2815 διδασκαλίαν
737 2762 832 2815 τοῦ
866 2763 1205 2832 Πνεῦματος.

438 2859 551 2917 κς’.
582 2855 657 2907 Οὐ
691 2854 850 2924 μόνον
879 2855 935 2908 δέ
967 2854 1027 2907 τὸ
1064 2855 1356 2922 γινώσκειν
1386 2857 1623 2910 κατὰ’τδ
1664 2860 1942 2931 ἐγχωροῦν

365 2946 423 2998 ἔν
457 2945 687 3016 ἀληθείᾳ
754 2946 908 3009 Θεὸν,
956 2948 1304 3017 ἀσυγκρίτως
1362 2952 1607 3018 κρεῖττον
1681 2952 1779 3019 τῆς
1821 2953 1924 3023 καθ

367 3034 635 3107 ’Έλληνας
665 3036 981 3106 φιλοσοφίας
1006 3042 1173 3105 ἐστὶν,
1204 3040 1340 3093 ἀλλὰ
1368 3041 1465 3094 καὶ
1493 3043 1654 3112 μόνον
1709 3045 1770 3097 τὸ
1800 3045 1944 3101 είδὲ-

367 3144 457 3180 ναι
485 3130 605 3181 τίνα
634 3129 797 3182 τόπον
831 3129 947 3199 ἔχει
974 3133 1002 3183 ό
1025 3129 1309 3200 ἄνθρωπος
1339 3133 1488 3203 παρὰ
1503 3133 1578 3203 τῷ
1600 3135 1739 3204 Θεῷ,
1766 3137 1945 3191 πᾶσαν
1977 3136 2019 3191 C

368 3221 690 3293 ὑπερϐαίνει
723 3221 822 3292 τὴν
874 3221 994 3276 κατ’
1016 3222 1257 3288 ἐκείνους
1319 3224 1546 3292 σοφίανο
1614 3228 1777 3295 μόνος
1835 3230 1944 3296 γὰρ

366 3314 622 3376 ἁπάντων
654 3313 916 3380 ἐπιγείων
971 3330 1030 3366 τε
1070 3314 1167 3367 καὶ
1233 3314 1498 3383 οὐρανίων
1559 3316 1781 3388 ἐκτίσθη
1826 3318 1945 3370 κατ’

369 3405 556 3460 εἰκόνα
592 3403 686 3458 τοῦ
726 3406 1052 3471 πλάσαντος,
1085 3405 1161 3469 ὡς
1201 3406 1338 3477 πρὸς
1392 3409 1598 3461 ἐκεῖνον
1649 3407 1820 3478 ὁρῴη.
1853 3411 1946 3463 καὶ

367 3499 532 3553 αὑτὸν
546 3495 805 3568 ἀγαπῴη,
842 3498 1093 3552 κάκείνου
1131 3498 1291 3566 μόνου
1334 3497 1547 3568 μύστης
1581 3499 1673 3551 καί
1707 3517 1949 3566 προσκυ-

368 3590 540 3659 νητὴς
571 3589 680 3659 είη,
710 3589 803 3643 καὶ
831 3591 899 3659 τῇ
929 3589 1065 3660 πρὸς
1093 3589 1256 3642 αὑτὸν
1290 3589 1473 3643 πίστει
1506 3589 1603 3643 καὶ
1642 3590 1825 3643 νεύσει
1851 3591 1947 3643 καὶ

369 3680 635 3742 διαθέσει,
674 3680 775 3749 τὴν
829 3678 1040 3733 οίκείαν
1074 3678 1338 3749 καλλονὴν
1400 3679 1710 3750 συντηροίη,
1771 3680 1948 3734 πάντα

369 3773 430 3825 δὲ
453 3773 498 3825 τ’
529 3771 663 3827 ἄλλα
707 3772 808 3825 ὅσα
845 3772 918 3839 γῆ
940 3773 1034 3824 καὶ
1072 3770 1298 3841 οὐρανὸς
1330 3769 1417 3823 ὅδε
1447 3771 1626 3841 φέρει,
1659 3769 1947 3840 κατώτερα

374 3864 571 3919 ἑαυτοῦ
602 3863 794 3933 εἰδείη,
833 3864 930 3916 καὶ
957 3863 1049 3916 νοῦ
1072 3862 1420 3917 παντάπασιν
1437 3861 1663 3932 ἄμοιρα.
1698 3862 1876 3931 Ὅπερ
1898 3865 1948 3917 οι

373 3957 502 4011 καθ’
554 3956 821 4025 Ἕλληνας
856 3954 1013 4023 σοφοὶ
1049 3951 1402 4025 μηδοπωσοῦν
1434 3953 1663 4005 συνιδεῖν
1695 3952 1949 4023 δυνηθέν-

373 4065 489 4112 τες,
518 4046 803 4117 ἠτίμωσαν
828 4044 928 4109 τὴν
954 4046 1075 4098 καθ’
1105 4045 1254 4114 ἡμᾶς
1321 4044 1504 4112 φύσιν,
1536 4043 1816 4115 ἠσέϐησαν
1869 4046 1948 4107 εἰς

370 4140 533 4203 Θεὸν,
566 4137 942 4207 ἐσεϐάσθησαν
973 4136 1069 4190 καὶ
1094 4136 1427 4207 ἐλάτρευσαν
1470 4137 1536 4206 τῇ
1574 4136 1751 4188 κτίσει
1800 4136 1949 4205 παρὰ

373 4230 469 4284 τὸν
481 4230 766 4294 κτίσαντα,
794 4231 905 4292 τοῖς
939 4226 1217 4296 αἰσθητοῖς
1237 4228 1331 4278 καὶ
1346 4224 1695 4295 ἀναισθήτοις
1722 4225 1953 4295 ἄστροισι

374 4318 505 4372 νοῦν
521 4317 975 4389 περιθέντες,καὶ
998 4315 1202 4368 τούτων
1242 4315 1457 4383 ἑκάστῳ
1486 4315 1577 4368 τοῦ
1610 4316 1753 4368 κατὰ
1794 4316 1954 4384 σῶμα

381 4407 651 4477 μεγέθους
675 4407 935 4473 ἀνάλογον
989 4406 1048 4459 ἐν
1082 4404 1309 4474 δυνάμει
1348 4405 1442 4457 καὶ
1498 4402 1799 4473 ἀξιώματι·
1862 4406 1956 4459 καὶ

376 4498 556 4553 ταῦτα.
584 4498 782 4561 ἀθλίως
803 4497 1105 4567 σεϐόμενοι,
1167 4497 1261 4549 καὶ
1310 4496 1469 4559 θεοὺς
1507 4496 1726 4565 μείζους
1771 4513 1831 4549 τε
1862 4497 1956 4549 καὶ

377 4590 637 4653 ἐλάττους
684 4588 1250 4659 προσαγορεύσαντες,
1324 4586 1422 4657 τὴν
1506 4588 1800 4657 κυριότητα
1862 4585 1957 4639 τοῦ

379 4681 583 4744 παντὸς
603 4678 930 4749 ἐπέτρεψαν.
960 4674 1086 4748 Ἀρ*
1111 4678 1211 4734 οὐκ
1233 4679 1299 4730 ἐκ
1330 4678 1438 4730 τῶν
1469 4677 1746 4748 αἰσθητῶν
1785 4670 1957 4740 οὗτοι,

379 4773 480 4826 καὶ
502 4771 600 4841 τῆς
629 4772 772 4825 κατὰ
800 4770 976 4823 ταῦτα
1031 4768 1373 4837 φιλοσοφίας,
1413 4764 1603 4837 αἶσχος
1670 4767 1767 4821 καὶ
1834 4768 1959 4821 ἁδοο

381 4862 525 4931 ξίαν,
555 4861 648 4915 καὶ
667 4859 859 4914 πενίαν
889 4859 1124 4928 ἐσχάτην
1140 4859 1259 4919 ταῖς
1282 4857 1511 4919 οἰκείαις
1560 4857 1760 4925 ψυχαῖς
1796 4873 1963 4927 προσ-

381 4953 695 5024 ετρίψαντο,
716 4954 810 5006 καὶ
831 4951 1018 5022 νοητὸν
1036 4950 1204 5012 ὄντως
1231 4949 1326 5001 καὶ
1354 4949 1710 5018 κολαστήριον
1736 4949 1921 5011 σκότος
1942 4964 1963 5013 ',

457 5047 561 5111 κζ’.
596 5046 670 5098 Τὸ
696 5047 816 5098 κατ’
846 5043 1032 5097 εἰκόνα
1051 5040 1341 5110 γεγονότας
1373 5039 1523 5110 ἡμᾶς
1561 5039 1759 5102 αὐτοὺς
1821 5039 1963 5091 εἰδέ-

383 5159 477 5196 ναι
513 5137 608 5193 τοῦ
637 5136 942 5201 κτίσαντος,
976 5134 1097 5187 οὐδὲ
1130 5133 1219 5186 τὸν
1244 5131 1662 5203 νοητὸν,κόσμον
1696 5130 1964 5184 θεοποιεῖν

388 5232 685 5303 συγχωρεῖ.
718 5230 792 5282 Τὸ
826 5228 934 5298 γὰρ
956 5228 1075 5280 κατ’
1112 5223 1296 5278 εἰκόνα
1324 5222 1505 5287 τοῦτο,
1535 5224 1634 5293 οὐχ
1666 5224 1699 5292 ἡ
1729 5222 1825 5273 τοῦ
1857 5220 1966 5273 σώ-

391 5343 562 5399 ματος
600 5325 715 5394 ἔχει
752 5322 922 5389 θέσις,
959 5320 1069 5375 ἀλλ’
1100 5320 1134 5389 ἡ
1165 5317 1258 5372 τοῦ
1283 5318 1375 5371 νοῦ
1434 5317 1648 5378 πάντως
1680 5314 1863 5383 φύσις,
1902 5306 1964 5366 οῦ

393 5418 563 5489 μηδὲν
593 5414 737 5469 κατὰ
761 5414 924 5483 φύσιν
954 5413 1220 5482 κρεῖττον.
1255 5408 1319 5461 Εἰ
1344 5407 1451 5477 γὰρ
1488 5403 1557 5478 ἦν
1598 5423 1652 5459 τι
1696 5406 1965 5477 κρεῖττον,

292 5552 297 5557 .
392 5514 452 5564 ἐν
484 5508 678 5577 ἐκείνῳ
693 5508 760 5562 ἂν
791 5506 1006 5576 ὑπῆρχε
1042 5504 1103 5558 τὸ
1147 5503 1267 5556 κατ’
1289 5499 1494 5554 εἰκόνα.
1540 5498 1693 5551 Ἐπεὶ
1729 5497 1788 5550 δέ
1820 5497 1879 5549 τὸ
1911 5499 1968 5548 ἐν

396 5605 530 5674 ἡμῖν
574 5604 822 5674 κρεῖττον
854 5600 882 5651 ό
910 5597 1055 5663 νοῦς,
1098 5596 1256 5650 τοῦτο
1290 5593 1349 5648 δὲ
1387 5593 1437 5647 εί
1475 5593 1570 5665 και
1637 5590 1756 5646 κατ’
1786 5590 1969 5644 εἰκόνα

396 5694 567 5760 θείαν,
599 5693 823 5761 ἐκτίσθη
843 5691 886 5745 δ’
920 5689 1013 5743 οῦν
1043 5690 1194 5759 ὅμως
1253 5688 1363 5741 ὑπὸ
1381 5685 1516 5740 Θεοῦ
1551 5699 1566 5713 ’
1600 5684 1654 5737 τί
1705 5683 1822 5737 ποτ’
1861 5684 1970 5751 ἄρα

398 5784 658 5851 δυσχερὲς
691 5782 942 5847 συνιδεῖν,
970 5779 1167 5847 μᾶλλον
1179 5778 1256 5841 δέ,
1275 5776 1389 5843 πῶς
1412 5776 1512 5831 οὐκ
1541 5774 1765 5830 αὐτόθεν
1800 5773 1969 5828 κατά-

2043 1866 2354 1920 ittlellectus
2387 1860 2738 1931 penetravit?
2791 1859 2848 1914 Si
2896 1868 3081 1914 autem
3125 1857 3233 1912 illis
3267 1866 3475 1912 natura:
3505 1857 3621 1924 phi-

2045 1957 2293 2025 losophis
2319 1969 2619 2024 eorumque
2646 1952 2927 2020 discipulis
2950 1962 3166 2005 terrena
3198 1951 3314 2005 visa
3349 1959 3433 2004 est
3456 1949 3623 2018 spiri-

2049 2048 2208 2102 tualis
2283 2046 2590 2118 sapientia,
2649 2060 2713 2098 ac
2762 2041 2988 2114 proinde
3047 2040 3458 2111 supereminens
3509 2037 3631 2106 ejus

2046 2140 2416 2195 excellentia:
2459 2153 2557 2193 nos
2601 2138 2749 2192 enim
2800 2137 3001 2191 intuitu
3038 2151 3149 2190 sua:
3198 2133 3482 2202 sapientia:
3515 2131 3629 2185 fere

2051 2234 2251 2289 habent
2286 2242 2341 2284 ut
2372 2231 2627 2285 animalia
2658 2229 2874 2284 ratione
2903 2228 3190 2291 destituta,
3226 2227 3309 2281 vel
3337 2225 3383 2282 si
3429 2225 3633 2290 maris,

2052 2339 2108 2379 ιιι
2140 2325 2400 2395 parvulos
2439 2323 2639 2394 quibus
2684 2323 2934 2376 meliores
2971 2320 3025 2373 in
3065 2319 3315 2373 manilius
3342 2319 3633 2373 vidrauttu'

2050 2418 2309 2485 placenta:
2350 2431 2512 2485 quam
2571 2414 2716 2483 regia
2773 2415 3077 2467 diademata
3127 2412 3219 2467 vel
3259 2413 3438 2466 omnia
3496 2411 3637 2480 ipsis

2050 2519 2201 2564 uota.
2239 2507 2311 2561 Ita
2344 2524 2463 2563 Sese
2491 2506 2565 2560 illi
2599 2507 2803 2561 habent
2835 2520 2959 2574 erga
2988 2519 3166 2557 veram
3191 2513 3244 2557 et
3286 2503 3635 2572 superemel-

2053 2601 2247 2657 lentem
2279 2602 2597 2672 sapientiam
2624 2610 2677 2654 et
2698 2600 2995 2654 doctrinam
3026 2596 3282 2667 Spiritus.

2123 2786 2217 2842 26.
2250 2786 2367 2840 Non
2401 2786 2575 2841 solmu
2640 2798 2974 2859 cognosiere
3026 2799 3121 2852 pro
3172 2782 3379 2838 viribus
3406 2784 3457 2838 in
3492 2783 3632 2837 veri-

2055 2890 2165 2934 tate
2199 2879 2404 2942 Deum,
2438 2879 2595 2947 longe
2643 2875 2923 2943 multaque
2965 2876 3161 2929 melius
3208 2874 3426 2930 ethnica
3457 2875 3633 2944 philo-

2054 2971 2243 3040 sophia
2283 2983 2388 3033 εει,
2423 2969 2515 3022 sed
2549 2968 2715 3022 etiam
2762 2967 2901 3021 scire
2935 2970 3197 3019 duntaxat
3251 2979 3412 3034 quem
3459 2966 3635 3019 locum

2059 3065 2253 3120 habeat
2279 3064 2438 3116 homo
2466 3074 2648 3115 coram
2685 3058 2816 3121 Deo,
2847 3073 3062 3113 omnem
3094 3058 3367 3113 antecedit
3394 3059 3637 3128 genti-um

2057 3154 2404 3224 sapientiam.
2452 3151 2614 3207 Solus
2676 3153 2818 3206 enim
2870 3152 3113 3205 euntium
3173 3152 3515 3206 terrestrium
3572 3166 3637 3206 ac

2055 3249 2357 3305 rtelestimu
2394 3259 2611 3303 creatus
2646 3255 2733 3302 est
2782 3246 2856 3302 ad
2902 3245 3194 3316 imaginem
3249 3245 3551 3311 Creatoris,
3582 3258 3641 3301 ut

2056 3347 2127 3399 ad
2158 3360 2279 3399 euut
2317 3345 2627 3406 intueatur,
2670 3332 2905 3410 eumque
2954 3340 3163 3408 diligat,
3212 3349 3266 3392 et
3317 3338 3437 3407 eius
3470 3340 3640 3395 solius

2057 3445 2260 3504 tuystes
2287 3443 2341 3488 et
2383 3433 2635 3486 adorator
2681 3432 2772 3493 sit,
2831 3440 2886 3485 et
2944 3429 3046 3483 title
3100 3443 3163 3483 ae
3191 3430 3391 3499 pietate
3426 3431 3479 3483 in
3515 3446 3647 3483 enin

2058 3524 2284 3579 an’ectus
2332 3539 2485 3578 suam
2540 3533 2784 3578 servaret
2830 3522 3310 3592 pulchritudinem,
3351 3532 3406 3576 ct
3445 3535 3643 3578 cat-tera

2059 3617 2239 3671 omnia
2278 3631 2617 3688 quaecunque
2674 3627 2817 3669 terra
2850 3627 2903 3669 et
2950 3606 3150 3670 coelum
3187 3616 3290 3670 hoc
3321 3615 3527 3683 ferunt,
3557 3619 3645 3671 in-

2062 3709 2260 3765 lcriora
2338 3709 2520 3777 seipso
2590 3717 2801 3778 putaret
2844 3719 2900 3761 ει
2980 3708 3344 3778 intelligentia
3421 3725 3652 3781 prorsus

2062 3800 2341 3856 destituta.
2394 3799 2548 3867 Quod
2600 3801 2804 3855 ethnici
2859 3798 3169 3869 philos0phi
3229 3799 3455 3855 minime
3502 3801 3652 3855 seire

2062 3894 2307 3948 valentes
2332 3935 2353 3960 ,
2396 3904 2636 3948 nostram
2681 3895 3146 3948 dedceoravorunt
3178 3905 3453 3956 naturam,
3473 3894 3646 3948 Deum

2064 3986 2556 4051 inhonoraveruut,
2624 3998 2679 4040 et
2746 3987 3035 4041 coluerunt
3114 3987 3468 4053 veneratique
3519 3997 3650 4041 sunt

2063 4089 2370 4133 creaturam
2402 4079 2580 4146 potius
2611 4094 2770 4145 quam
2795 4074 3142 4140 Creatorem,
3173 4075 3454 4130 sensitivis
3484 4076 3648 4131 rebus

2064 4177 2121 4225 et
2177 4169 2499 4226 inanimatis
2550 4170 2821 4225 sideribus
2877 4168 3286 4239 intelligentiam
3345 4169 3653 4224 tribuentes

2067 4278 2186 4333 qua:
2215 4264 2269 4316 iu
2298 4262 2529 4332 singulis
2563 4265 2988 4330 respondentem
3021 4261 3267 4331 corporis
3295 4262 3651 4331 magnitudini

2068 4360 2327 4410 virtutem
2359 4364 2416 4411 et
2470 4354 2790 4425 dignitatem
2836 4354 3080 4421 haberet,
3107 4364 3162 4410 et
3199 4355 3300 4411 ista
3326 4358 3527 4411 misere
3563 4370 3649 4411 re-

1994 4469 2044 4529 ι)
2071 4447 2256 4510 veriti.
2282 4457 2337 4502 et
2388 4446 2519 4502 deos
2549 4446 2783 4517 majores
2821 4462 2886 4501 ac
2924 4447 3162 4503 minores
3209 4447 3658 4512 conifessLtleiata-

2074 4549 2183 4596 tem
2238 4539 2493 4595 omnibus
2541 4548 2962 4594 concesserunt.
3024 4537 3214 4593 Nonne
3254 4539 3418 4608 igitur
3465 4541 3541 4594 illi
3585 4555 3656 4596 ex

2073 4633 2425 4690 sensibilibus
2453 4641 2507 4686 et
2534 4648 2596 4686 ex
2639 4648 2735 4685 sua
2769 4633 2834 4685 de
2865 4630 2952 4687 his
2972 4631 3313 4701 phil050phia
3334 4674 3350 4699 ,
3415 4632 3658 4691 dedecus

2074 4723 2541 4795 ignominiamque
2572 4732 2625 4777 et
2664 4731 2963 4776 extremam
3001 4722 3279 4778 miseriam
3307 4724 3422 4779 suis
3458 4725 3661 4780 animis

2075 4816 2434 4882 inusserunt,
2484 4824 2540 4868 et
2590 4812 2863 4884 spiritales
2914 4828 3040 4869 vere
3081 4829 3148 4870 ac
3201 4815 3455 4885 ptenales.
3508 4827 3667 4872 tene-

2078 4907 2203 4961 bras
2230 4908 2254 4962 ?

2146 5025 2237 5078 27.
2268 5023 2423 5091 Quod
2460 5023 2698 5078 sciamus
2727 5026 2940 5073 nosmet
2971 5018 3039 5070 ad
3069 5015 3363 5087 imaginem
3387 5014 3662 5069 Creatmis

2077 5132 2200 5172 esse
2231 5116 2426 5181 factos,
2475 5131 2580 5169 non
2612 5113 2740 5167 ideo
2764 5110 3024 5166 mundum
3062 5106 3459 5178 intelhgibilem
3494 5104 3658 5159 deiti-

2081 5225 2210 5264 care
2238 5209 2385 5263 licet.
2420 5204 2552 5261 Nam
2591 5205 2734 5259 hanc
2763 5202 3085 5272 imaginem,
3111 5216 3218 5254 non
3249 5195 3498 5267 corporis
3524 5211 3667 5250 cou-

2083 5300 2335 5365 stitulio,
2374 5298 2470 5355 sed
2522 5305 2721 5352 natura
2770 5296 2934 5366 plane
2978 5293 3147 5350 habet
3199 5288 3528 5356 intellectus,
3557 5303 3668 5358 quo

2087 5393 2221 5450 nihil
2249 5391 2580 5459 naturalium
2644 5391 2842 5445 melius
2904 5397 3010 5443 est.
3066 5384 3124 5441 Si
3159 5383 3290 5454 quid
3342 5384 3488 5438 enim
3517 5391 3669 5438 esset

2087 5489 2304 5551 melius,
2335 5489 2391 5542 in
2418 5485 2510 5541 illo
2542 5500 2653 5539 non
2685 5493 2831 5541 esset
2850 5483 2943 5537 Dei
2971 5482 3170 5549 imago.
3197 5478 3337 5543 Quia
3364 5491 3494 5532 vero
3522 5478 3671 5546 quod

2087 5588 2176 5634 est
2209 5577 2263 5631 in
2289 5577 2449 5632 nobis
2479 5578 2696 5641 melius,
2725 5574 3033 5628 intellectus
3062 5577 3166 5636 est,
3198 5569 3287 5623 hic
3314 5577 3517 5633 autem,
3543 5567 3675 5622 licet

2090 5670 2157 5726 ad
2188 5669 2482 5737 imaginem
2517 5668 2590 5724 sit
2612 5668 2875 5731 divinam,
2905 5673 3128 5719 creatus
3150 5670 3236 5717 est
3271 5670 3451 5716 tamen
3480 5676 3510 5714 a
3539 5659 3669 5739 Deo,

2094 5778 2222 5819 num
2259 5761 2424 5831 igitur
2465 5770 2727 5828 conceptu
2766 5757 2980 5818 dilIieile
3013 5766 3118 5824 est,
3161 5755 3245 5813 vel
3286 5754 3462 5821 potius
3488 5746 3679 5812 nonne
