  <div class='ocr_page' id='page_1' title='image "/cluster/home/n/w/nwhite01/storage/ocr_20150623/150:no.1/coo.31924054870559/579.png"; bbox 0 0 3988 6486; ppageno 0'>
   <div class='ocr_carea' id='block_1_1' title="bbox 338 249 480 316">
    <p class='ocr_par' dir='ltr' id='par_1_1' title="bbox 338 249 480 316">
     <span class='ocr_line' id='line_1_1' title="bbox 338 249 480 316; baseline 0.028 -4"><span class='ocrx_word' id='word_1_1' title='bbox 338 249 480 316; x_wconf 74' lang='grc'><strong>1143</strong></span> 
     </span>
    </p>
   </div>
   <div class='ocr_carea' id='block_1_2' title="bbox 1593 253 2358 316">
    <p class='ocr_par' dir='ltr' id='par_1_2' title="bbox 1593 253 2358 316">
     <span class='ocr_line' id='line_1_2' title="bbox 1593 253 2358 316; baseline 0.001 -2"><span class='ocrx_word' id='word_1_2' title='bbox 1593 253 1984 316; x_wconf 83' lang='lat' dir='ltr'><strong>GREGORII</strong></span> <span class='ocrx_word' id='word_1_3' title='bbox 2023 255 2358 316; x_wconf 57' lang='lat' dir='ltr'><strong>PALAMA‘.’</strong></span> 
     </span>
    </p>
   </div>
   <div class='ocr_carea' id='block_1_3' title="bbox 3461 272 3596 339">
    <p class='ocr_par' dir='ltr' id='par_1_3' title="bbox 3461 272 3596 339">
     <span class='ocr_line' id='line_1_3' title="bbox 3461 272 3596 339; baseline 0.015 -5"><span class='ocrx_word' id='word_1_4' title='bbox 3461 272 3596 339; x_wconf 76' lang='grc'><strong>11411</strong></span> 
     </span>
    </p>
   </div>
   <div class='ocr_carea' id='block_1_4' title="bbox 333 368 1904 447">
    <p class='ocr_par' dir='ltr' id='par_1_4' title="bbox 333 368 1904 440">
     <span class='ocr_line' id='line_1_4' title="bbox 333 368 1904 440; baseline 0.003 -19"><span class='ocrx_word' id='word_1_5' title='bbox 333 368 648 436; x_wconf 77' lang='lat' dir='ltr'><strong>prehendit,</strong></span> <span class='ocrx_word' id='word_1_6' title='bbox 680 379 736 424; x_wconf 90' lang='lat' dir='ltr'><strong>et</strong></span> <span class='ocrx_word' id='word_1_7' title='bbox 767 369 1092 440; x_wconf 78' lang='lat' dir='ltr'><strong>intelligitur</strong></span> <span class='ocrx_word' id='word_1_8' title='bbox 1127 378 1466 439; x_wconf 87' lang='lat' dir='ltr'><strong>vocaturque</strong></span> <span class='ocrx_word' id='word_1_9' title='bbox 1499 371 1742 425; x_wconf 92' lang='lat' dir='ltr'><strong>omnium</strong></span> <span class='ocrx_word' id='word_1_10' title='bbox 1775 385 1904 426; x_wconf 89' lang='lat' dir='ltr'><strong>com</strong></span> 
     </span>
    </p>
   </div>
   <div class='ocr_carea' id='block_1_5' title="bbox 2009 368 3598 447">
    <p class='ocr_par' dir='ltr' id='par_1_5' title="bbox 2040 369 3598 447">
     <span class='ocr_line' id='line_1_5' title="bbox 2040 369 3598 447; baseline 0.006 -27"><span class='ocrx_word' id='word_1_11' title='bbox 2040 369 2502 438; x_wconf 76' lang='grc' dir='ltr'>συνειλημμένως,</span> <span class='ocrx_word' id='word_1_12' title='bbox 2535 369 2630 421; x_wconf 71' lang='grc' dir='ltr'><strong>καὶ</strong></span> <span class='ocrx_word' id='word_1_13' title='bbox 2656 369 2894 435; x_wconf 84' lang='grc' dir='ltr'>ὲνιαίως,</span> <span class='ocrx_word' id='word_1_14' title='bbox 2931 370 3024 422; x_wconf 75' lang='grc' dir='ltr'><strong>καὶ</strong></span> <span class='ocrx_word' id='word_1_15' title='bbox 3050 372 3432 437; x_wconf 69' lang='grc' dir='ltr'>ἀπλευστάτως</span> <span class='ocrx_word' id='word_1_16' title='bbox 3461 394 3598 447; x_wconf 84' lang='grc' dir='ltr'>συμ-</span> 
     </span>
    </p>
   </div>
   <div class='ocr_carea' id='block_1_6' title="bbox 332 461 1924 530">
    <p class='ocr_par' dir='ltr' id='par_1_6' title="bbox 332 461 1924 530">
     <span class='ocr_line' id='line_1_6' title="bbox 332 461 1924 530; baseline 0.004 -17"><span class='ocrx_word' id='word_1_17' title='bbox 332 462 515 530; x_wconf 77' lang='lat' dir='ltr'><strong>plexie</strong></span> <span class='ocrx_word' id='word_1_18' title='bbox 563 461 852 516; x_wconf 88' lang='lat' dir='ltr'><strong>bonorum.</strong></span> <span class='ocrx_word' id='word_1_19' title='bbox 910 463 975 516; x_wconf 87' lang='lat' dir='ltr'><strong>Et</strong></span> <span class='ocrx_word' id='word_1_20' title='bbox 1024 462 1188 516; x_wconf 80' lang='lat' dir='ltr'><strong>simul</strong></span> <span class='ocrx_word' id='word_1_21' title='bbox 1239 471 1292 516; x_wconf 87' lang='lat' dir='ltr'><strong>et</strong></span> <span class='ocrx_word' id='word_1_22' title='bbox 1341 463 1629 518; x_wconf 80' lang='lat' dir='ltr'><strong>verissime</strong></span> <span class='ocrx_word' id='word_1_23' title='bbox 1679 464 1924 519; x_wconf 86' lang='lat' dir='ltr'><strong>continet</strong></span> 
     </span>
    </p>
   </div>
   <div class='ocr_carea' id='block_1_7' title="bbox 329 555 1920 626">
    <p class='ocr_par' dir='ltr' id='par_1_7' title="bbox 329 555 1920 626">
     <span class='ocr_line' id='line_1_7' title="bbox 329 555 1920 626; baseline 0 -18"><span class='ocrx_word' id='word_1_24' title='bbox 329 555 693 623; x_wconf 75' lang='lat' dir='ltr'><strong>quodcunque</strong></span> <span class='ocrx_word' id='word_1_25' title='bbox 736 556 1033 622; x_wconf 77' lang='lat' dir='ltr'><strong>excogitari</strong></span> <span class='ocrx_word' id='word_1_26' title='bbox 1078 570 1144 609; x_wconf 86' lang='lat' dir='ltr'><strong>ac</strong></span> <span class='ocrx_word' id='word_1_27' title='bbox 1177 555 1284 610; x_wconf 84' lang='lat' dir='ltr'><strong>dici</strong></span> <span class='ocrx_word' id='word_1_28' title='bbox 1324 565 1501 625; x_wconf 88' lang='lat' dir='ltr'><strong>potest</strong></span> <span class='ocrx_word' id='word_1_29' title='bbox 1542 556 1609 612; x_wconf 91' lang='lat' dir='ltr'><strong>de</strong></span> <span class='ocrx_word' id='word_1_30' title='bbox 1646 557 1761 626; x_wconf 82' lang='lat' dir='ltr'><strong>ipsa</strong></span> <span class='ocrx_word' id='word_1_31' title='bbox 1824 556 1920 609; x_wconf 85' lang='lat' dir='ltr'><strong>bo-</strong></span> 
     </span>
    </p>
   </div>
   <div class='ocr_carea' id='block_1_8' title="bbox 333 648 1923 720">
    <p class='ocr_par' dir='ltr' id='par_1_8' title="bbox 333 648 1923 720">
     <span class='ocr_line' id='line_1_8' title="bbox 333 648 1923 720; baseline 0.001 -20"><span class='ocrx_word' id='word_1_32' title='bbox 333 665 482 702; x_wconf 91' lang='lat' dir='ltr'><strong>num.</strong></span> <span class='ocrx_word' id='word_1_33' title='bbox 522 648 636 703; x_wconf 88' lang='lat' dir='ltr'><strong>Nec</strong></span> <span class='ocrx_word' id='word_1_34' title='bbox 671 649 719 702; x_wconf 90' lang='lat' dir='ltr'><strong>id</strong></span> <span class='ocrx_word' id='word_1_35' title='bbox 759 658 964 702; x_wconf 85' lang='lat' dir='ltr'><strong>tantum</strong></span> <span class='ocrx_word' id='word_1_36' title='bbox 1001 649 1090 702; x_wconf 82' lang='lat' dir='ltr'><strong>illa</strong></span> <span class='ocrx_word' id='word_1_37' title='bbox 1127 661 1209 704; x_wconf 81' lang='lat' dir='ltr'><strong>est</strong></span> <span class='ocrx_word' id='word_1_38' title='bbox 1255 650 1517 720; x_wconf 82' lang='lat' dir='ltr'><strong>quidquid</strong></span> <span class='ocrx_word' id='word_1_39' title='bbox 1551 665 1678 704; x_wconf 84' lang='lat' dir='ltr'><strong>vere</strong></span> <span class='ocrx_word' id='word_1_40' title='bbox 1721 650 1923 720; x_wconf 74' lang='lat' dir='ltr'><strong>cogita-</strong></span> 
     </span>
    </p>
   </div>
   <div class='ocr_carea' id='block_1_9' title="bbox 331 739 1923 812">
    <p class='ocr_par' dir='ltr' id='par_1_9' title="bbox 331 739 1923 812">
     <span class='ocr_line' id='line_1_9' title="bbox 331 739 1923 812; baseline 0.002 -21"><span class='ocrx_word' id='word_1_41' title='bbox 331 748 421 793; x_wconf 89' lang='lat' dir='ltr'><strong>tur</strong></span> <span class='ocrx_word' id='word_1_42' title='bbox 449 743 515 792; x_wconf 86' lang='lat' dir='ltr'><strong>ab</strong></span> <span class='ocrx_word' id='word_1_43' title='bbox 547 742 675 808; x_wconf 89' lang='lat' dir='ltr'><strong>ipsis</strong></span> <span class='ocrx_word' id='word_1_44' title='bbox 705 739 973 808; x_wconf 77' lang='lat' dir='ltr'><strong>theologis</strong></span> <span class='ocrx_word' id='word_1_45' title='bbox 1007 741 1204 809; x_wconf 84' lang='lat' dir='ltr'><strong>quibus</strong></span> <span class='ocrx_word' id='word_1_46' title='bbox 1230 743 1445 795; x_wconf 88' lang='lat' dir='ltr'><strong>animus</strong></span> <span class='ocrx_word' id='word_1_47' title='bbox 1477 743 1617 795; x_wconf 82' lang='lat' dir='ltr'><strong>inest</strong></span> <span class='ocrx_word' id='word_1_48' title='bbox 1649 742 1741 796; x_wconf 87' lang='lat' dir='ltr'><strong>Dei</strong></span> <span class='ocrx_word' id='word_1_49' title='bbox 1771 758 1923 812; x_wconf 80' lang='lat' dir='ltr'><strong>Saga-</strong></span> 
     </span>
    </p>
   </div>
   <div class='ocr_carea' id='block_1_10' title="bbox 328 832 1920 903">
    <p class='ocr_par' dir='ltr' id='par_1_10' title="bbox 328 832 1920 903">
     <span class='ocr_line' id='line_1_10' title="bbox 328 832 1920 903; baseline 0.002 -19"><span class='ocrx_word' id='word_1_50' title='bbox 328 832 582 884; x_wconf 82' lang='lat' dir='ltr'><strong>cissimus</strong></span> <span class='ocrx_word' id='word_1_51' title='bbox 626 841 676 884; x_wconf 88' lang='lat' dir='ltr'><strong>et</strong></span> <span class='ocrx_word' id='word_1_52' title='bbox 725 832 904 900; x_wconf 85' lang='lat' dir='ltr'><strong>lingua</strong></span> <span class='ocrx_word' id='word_1_53' title='bbox 957 833 1151 899; x_wconf 79' lang='lat' dir='ltr'><strong>spiritu</strong></span> <span class='ocrx_word' id='word_1_54' title='bbox 1206 833 1498 898; x_wconf 83' lang='lat' dir='ltr'><strong>instincta;</strong></span> <span class='ocrx_word' id='word_1_55' title='bbox 1552 835 1679 900; x_wconf 89' lang='lat' dir='ltr'><strong>sed,</strong></span> <span class='ocrx_word' id='word_1_56' title='bbox 1735 842 1920 903; x_wconf 89' lang='lat' dir='ltr'><strong>utpote</strong></span> 
     </span>
    </p>
   </div>
   <div class='ocr_carea' id='block_1_11' title="bbox 329 921 1915 993">
    <p class='ocr_par' dir='ltr' id='par_1_11' title="bbox 329 921 1915 993">
     <span class='ocr_line' id='line_1_11' title="bbox 329 921 1915 993; baseline 0.001 -20"><span class='ocrx_word' id='word_1_57' title='bbox 329 921 620 974; x_wconf 82' lang='lat' dir='ltr'><strong>inetl&#39;abilis</strong></span> <span class='ocrx_word' id='word_1_58' title='bbox 669 934 723 975; x_wconf 91' lang='lat' dir='ltr'><strong>et</strong></span> <span class='ocrx_word' id='word_1_59' title='bbox 767 924 1363 990; x_wconf 74' lang='lat' dir='ltr'><strong>iincomprehensibilis,</strong></span> <span class='ocrx_word' id='word_1_60' title='bbox 1412 941 1574 993; x_wconf 85' lang='lat' dir='ltr'><strong>supra</strong></span> <span class='ocrx_word' id='word_1_61' title='bbox 1626 925 1757 978; x_wconf 90' lang='lat' dir='ltr'><strong>illud</strong></span> <span class='ocrx_word' id='word_1_62' title='bbox 1811 937 1915 988; x_wconf 84' lang='lat' dir='ltr'><strong>est,</strong></span> 
     </span>
    </p>
   </div>
   <div class='ocr_carea' id='block_1_12' title="bbox 328 1014 1916 1085">
    <p class='ocr_par' dir='ltr' id='par_1_12' title="bbox 328 1014 1916 1085">
     <span class='ocr_line' id='line_1_12' title="bbox 328 1014 1916 1085; baseline 0.004 -21"><span class='ocrx_word' id='word_1_63' title='bbox 328 1028 428 1066; x_wconf 81' lang='lat' dir='ltr'><strong>nec</strong></span> <span class='ocrx_word' id='word_1_64' title='bbox 458 1014 526 1068; x_wconf 88' lang='lat' dir='ltr'><strong>ab</strong></span> <span class='ocrx_word' id='word_1_65' title='bbox 562 1015 771 1068; x_wconf 89' lang='lat' dir='ltr'><strong>unitate</strong></span> <span class='ocrx_word' id='word_1_66' title='bbox 800 1031 862 1068; x_wconf 87' lang='lat' dir='ltr'><strong>ac</strong></span> <span class='ocrx_word' id='word_1_67' title='bbox 897 1019 1300 1085; x_wconf 84' lang='lat' dir='ltr'><strong>supernaturali</strong></span> <span class='ocrx_word' id='word_1_68' title='bbox 1331 1018 1679 1085; x_wconf 89' lang='lat' dir='ltr'><strong>simplicitate</strong></span> <span class='ocrx_word' id='word_1_69' title='bbox 1711 1019 1916 1083; x_wconf 81' lang='lat' dir='ltr'><strong>deﬁcit,</strong></span> 
     </span>
    </p>
   </div>
   <div class='ocr_carea' id='block_1_13' title="bbox 326 1105 1914 1176">
    <p class='ocr_par' dir='ltr' id='par_1_13' title="bbox 326 1105 1914 1176">
     <span class='ocr_line' id='line_1_13' title="bbox 326 1105 1914 1176; baseline 0.004 -19"><span class='ocrx_word' id='word_1_70' title='bbox 326 1105 419 1158; x_wconf 84' lang='lat' dir='ltr'><strong>sed</strong></span> <span class='ocrx_word' id='word_1_71' title='bbox 458 1121 564 1159; x_wconf 89' lang='lat' dir='ltr'><strong>una</strong></span> <span class='ocrx_word' id='word_1_72' title='bbox 617 1116 701 1160; x_wconf 90' lang='lat' dir='ltr'><strong>est</strong></span> <span class='ocrx_word' id='word_1_73' title='bbox 747 1115 804 1162; x_wconf 91' lang='lat' dir='ltr'><strong>et</strong></span> <span class='ocrx_word' id='word_1_74' title='bbox 855 1111 1294 1176; x_wconf 81' lang='lat' dir='ltr'><strong>superexcellens</strong></span> <span class='ocrx_word' id='word_1_75' title='bbox 1345 1111 1580 1166; x_wconf 81' lang='lat' dir='ltr'><strong>bonitas.</strong></span> <span class='ocrx_word' id='word_1_76' title='bbox 1631 1111 1722 1166; x_wconf 85' lang='lat' dir='ltr'><strong>Sic</strong></span> <span class='ocrx_word' id='word_1_77' title='bbox 1768 1113 1914 1166; x_wconf 90' lang='lat' dir='ltr'><strong>enim</strong></span> 
     </span>
    </p>
   </div>
   <div class='ocr_carea' id='block_1_14' title="bbox 325 1199 1918 1270">
    <p class='ocr_par' dir='ltr' id='par_1_14' title="bbox 325 1199 1918 1270">
     <span class='ocr_line' id='line_1_14' title="bbox 325 1199 1918 1270; baseline 0.006 -21"><span class='ocrx_word' id='word_1_78' title='bbox 325 1199 591 1251; x_wconf 81' lang='lat' dir='ltr'><strong>duntaxat</strong></span> <span class='ocrx_word' id='word_1_79' title='bbox 629 1199 949 1270; x_wconf 72' lang='lat' dir='ltr'><strong>intelligitur</strong></span> <span class='ocrx_word' id='word_1_80' title='bbox 1001 1212 1053 1254; x_wconf 82' lang='lat' dir='ltr'><strong>et</strong></span> <span class='ocrx_word' id='word_1_81' title='bbox 1106 1213 1373 1267; x_wconf 82' lang='lat' dir='ltr'><strong>vocatur,</strong></span> <span class='ocrx_word' id='word_1_82' title='bbox 1429 1215 1483 1257; x_wconf 86' lang='lat' dir='ltr'><strong>et</strong></span> <span class='ocrx_word' id='word_1_83' title='bbox 1539 1205 1619 1258; x_wconf 90' lang='lat' dir='ltr'><strong>sic</strong></span> <span class='ocrx_word' id='word_1_84' title='bbox 1669 1221 1733 1258; x_wconf 82' lang='lat' dir='ltr'><strong>ex</strong></span> <span class='ocrx_word' id='word_1_85' title='bbox 1785 1205 1918 1259; x_wconf 87' lang='lat' dir='ltr'><strong>solis</strong></span> 
     </span>
    </p>
   </div>
   <div class='ocr_carea' id='block_1_15' title="bbox 325 1289 1917 1364">
    <p class='ocr_par' dir='ltr' id='par_1_15' title="bbox 325 1289 1917 1364">
     <span class='ocr_line' id='line_1_15' title="bbox 325 1289 1917 1364; baseline 0.006 -26"><span class='ocrx_word' id='word_1_86' title='bbox 325 1289 764 1357; x_wconf 73' lang='lat' dir='ltr'><strong>competentibus</strong></span> <span class='ocrx_word' id='word_1_87' title='bbox 819 1292 1087 1346; x_wconf 84' lang='lat' dir='ltr'><strong>creationi</strong></span> <span class='ocrx_word' id='word_1_88' title='bbox 1160 1295 1567 1360; x_wconf 82' lang='lat' dir='ltr'><strong>operationibus</strong></span> <span class='ocrx_word' id='word_1_89' title='bbox 1635 1294 1810 1364; x_wconf 80' lang='lat' dir='ltr'><strong>opifex</strong></span> <span class='ocrx_word' id='word_1_90' title='bbox 1864 1307 1917 1349; x_wconf 90' lang='lat' dir='ltr'><strong>et</strong></span> 
     </span>
    </p>
   </div>
   <div class='ocr_carea' id='block_1_16' title="bbox 324 1379 1911 1455">
    <p class='ocr_par' dir='ltr' id='par_1_16' title="bbox 324 1379 1911 1455">
     <span class='ocr_line' id='line_1_16' title="bbox 324 1379 1911 1455; baseline 0.006 -23"><span class='ocrx_word' id='word_1_91' title='bbox 324 1379 590 1436; x_wconf 80' lang='lat' dir='ltr'><strong>Dominus</strong></span> <span class='ocrx_word' id='word_1_92' title='bbox 645 1385 940 1439; x_wconf 76' lang='lat' dir='ltr'><strong>ert-alienis</strong></span> <span class='ocrx_word' id='word_1_93' title='bbox 1018 1389 1368 1455; x_wconf 72' lang='lat' dir='ltr'><strong>cognoscitur</strong></span> <span class='ocrx_word' id='word_1_94' title='bbox 1422 1402 1515 1442; x_wconf 87' lang='lat' dir='ltr'><strong>aut</strong></span> <span class='ocrx_word' id='word_1_95' title='bbox 1569 1389 1911 1452; x_wconf 85' lang='lat' dir='ltr'><strong>ostenditur,</strong></span> 
     </span>
    </p>
   </div>
   <div class='ocr_carea' id='block_1_17' title="bbox 327 1477 1911 1548">
    <p class='ocr_par' dir='ltr' id='par_1_17' title="bbox 327 1477 1911 1548">
     <span class='ocr_line' id='line_1_17' title="bbox 327 1477 1911 1548; baseline 0.003 -20"><span class='ocrx_word' id='word_1_96' title='bbox 327 1484 588 1543; x_wconf 83' lang='lat' dir='ltr'><strong>tanquam</strong></span> <span class='ocrx_word' id='word_1_97' title='bbox 637 1477 849 1531; x_wconf 85' lang='lat' dir='ltr'><strong>scilicet</strong></span> <span class='ocrx_word' id='word_1_98' title='bbox 883 1478 1084 1546; x_wconf 82' lang='lat' dir='ltr'><strong>optima</strong></span> <span class='ocrx_word' id='word_1_99' title='bbox 1119 1489 1172 1533; x_wconf 91' lang='lat' dir='ltr'><strong>et</strong></span> <span class='ocrx_word' id='word_1_100' title='bbox 1204 1481 1643 1548; x_wconf 80' lang='lat' dir='ltr'><strong>superexcellens</strong></span> <span class='ocrx_word' id='word_1_101' title='bbox 1674 1480 1911 1543; x_wconf 85' lang='lat' dir='ltr'><strong>bonitas,</strong></span> 
     </span>
    </p>
   </div>
   <div class='ocr_carea' id='block_1_18' title="bbox 321 1568 1913 1642">
    <p class='ocr_par' dir='ltr' id='par_1_18' title="bbox 321 1568 1913 1642">
     <span class='ocr_line' id='line_1_18' title="bbox 321 1568 1913 1642; baseline 0.003 -24"><span class='ocrx_word' id='word_1_102' title='bbox 321 1569 614 1621; x_wconf 82' lang='lat' dir='ltr'><strong>essentiam</strong></span> <span class='ocrx_word' id='word_1_103' title='bbox 667 1568 874 1624; x_wconf 74' lang='lat' dir='ltr'><strong>balteus</strong></span> <span class='ocrx_word' id='word_1_104' title='bbox 933 1572 1251 1624; x_wconf 77' lang='lat' dir='ltr'><strong>bonitatem.</strong></span> <span class='ocrx_word' id='word_1_105' title='bbox 1304 1575 1650 1642; x_wconf 83' lang='lat' dir='ltr'><strong>Quapropter</strong></span> <span class='ocrx_word' id='word_1_106' title='bbox 1697 1587 1913 1627; x_wconf 79' lang='lat' dir='ltr'><strong>contra-</strong></span> 
     </span>
    </p>
   </div>
   <div class='ocr_carea' id='block_1_19' title="bbox 323 1659 1912 1733">
    <p class='ocr_par' dir='ltr' id='par_1_19' title="bbox 323 1659 1912 1733">
     <span class='ocr_line' id='line_1_19' title="bbox 323 1659 1912 1733; baseline 0.009 -25"><span class='ocrx_word' id='word_1_107' title='bbox 323 1660 462 1710; x_wconf 80' lang='lat' dir='ltr'><strong>tium</strong></span> <span class='ocrx_word' id='word_1_108' title='bbox 501 1659 604 1713; x_wconf 80' lang='lat' dir='ltr'><strong>sibi</strong></span> <span class='ocrx_word' id='word_1_109' title='bbox 658 1661 796 1714; x_wconf 74' lang='lat' dir='ltr'><strong>nilnil</strong></span> <span class='ocrx_word' id='word_1_110' title='bbox 854 1677 1075 1730; x_wconf 82' lang='lat' dir='ltr'><strong>prorsus</strong></span> <span class='ocrx_word' id='word_1_111' title='bbox 1129 1679 1366 1732; x_wconf 83' lang='lat' dir='ltr'><strong>unquam</strong></span> <span class='ocrx_word' id='word_1_112' title='bbox 1419 1681 1616 1733; x_wconf 84' lang='lat' dir='ltr'><strong>capere</strong></span> <span class='ocrx_word' id='word_1_113' title='bbox 1665 1675 1841 1732; x_wconf 80' lang='lat' dir='ltr'><strong>potest</strong></span> <span class='ocrx_word' id='word_1_114' title='bbox 1897 1683 1912 1722; x_wconf 86' lang='lat'><strong>:</strong></span> 
     </span>
    </p>
   </div>
   <div class='ocr_carea' id='block_1_20' title="bbox 322 1751 1838 1827">
    <p class='ocr_par' dir='ltr' id='par_1_20' title="bbox 322 1751 1838 1827">
     <span class='ocr_line' id='line_1_20' title="bbox 322 1751 1838 1827; baseline 0.005 -23"><span class='ocrx_word' id='word_1_115' title='bbox 322 1751 469 1805; x_wconf 87' lang='lat' dir='ltr'><strong>nulla</strong></span> <span class='ocrx_word' id='word_1_116' title='bbox 502 1753 646 1805; x_wconf 89' lang='lat' dir='ltr'><strong>enim</strong></span> <span class='ocrx_word' id='word_1_117' title='bbox 676 1756 913 1807; x_wconf 76' lang='lat' dir='ltr'><strong>essentia</strong></span> <span class='ocrx_word' id='word_1_118' title='bbox 947 1758 1283 1809; x_wconf 84' lang='lat' dir='ltr'><strong>contrarium</strong></span> <span class='ocrx_word' id='word_1_119' title='bbox 1317 1758 1419 1810; x_wconf 89' lang='lat' dir='ltr'><strong>sibi</strong></span> <span class='ocrx_word' id='word_1_120' title='bbox 1455 1759 1583 1826; x_wconf 83' lang='lat' dir='ltr'><strong>quid</strong></span> <span class='ocrx_word' id='word_1_121' title='bbox 1613 1760 1838 1827; x_wconf 76' lang='lat' dir='ltr'><strong>patitur.</strong></span> 
     </span>
    </p>
   </div>
   <div class='ocr_carea' id='block_1_21' title="bbox 393 2017 1906 2088">
    <p class='ocr_par' dir='ltr' id='par_1_21' title="bbox 393 2017 1906 2088">
     <span class='ocr_line' id='line_1_21' title="bbox 393 2017 1906 2088; baseline 0.003 -16"><span class='ocrx_word' id='word_1_122' title='bbox 393 2017 484 2072; x_wconf 81' lang='lat'><strong>55.</strong></span> <span class='ocrx_word' id='word_1_123' title='bbox 507 2017 722 2088; x_wconf 85' lang='lat' dir='ltr'><strong>Optima</strong></span> <span class='ocrx_word' id='word_1_124' title='bbox 749 2019 838 2072; x_wconf 90' lang='lat' dir='ltr'><strong>illa</strong></span> <span class='ocrx_word' id='word_1_125' title='bbox 862 2026 915 2071; x_wconf 90' lang='lat' dir='ltr'><strong>et</strong></span> <span class='ocrx_word' id='word_1_126' title='bbox 942 2021 1378 2087; x_wconf 68' lang='lat' dir='ltr'><strong>superexee&#39;lens</strong></span> <span class='ocrx_word' id='word_1_127' title='bbox 1405 2021 1620 2075; x_wconf 84' lang='lat' dir='ltr'><strong>bonitas</strong></span> <span class='ocrx_word' id='word_1_128' title='bbox 1637 2033 1722 2076; x_wconf 89' lang='lat' dir='ltr'><strong>est</strong></span> <span class='ocrx_word' id='word_1_129' title='bbox 1745 2023 1906 2078; x_wconf 70' lang='lat' dir='ltr'><strong>etiam</strong></span> 
     </span>
    </p>
   </div>
   <div class='ocr_carea' id='block_1_22' title="bbox 319 2111 1905 2180">
    <p class='ocr_par' dir='ltr' id='par_1_22' title="bbox 319 2111 1905 2180">
     <span class='ocr_line' id='line_1_22' title="bbox 319 2111 1905 2180; baseline 0.003 -15"><span class='ocrx_word' id='word_1_130' title='bbox 319 2113 445 2165; x_wconf 78' lang='lat' dir='ltr'><strong>fons</strong></span> <span class='ocrx_word' id='word_1_131' title='bbox 493 2111 772 2166; x_wconf 82' lang='lat' dir='ltr'><strong>bonitatis.</strong></span> <span class='ocrx_word' id='word_1_132' title='bbox 803 2111 1052 2180; x_wconf 86' lang='lat' dir='ltr'><strong>Namque</strong></span> <span class='ocrx_word' id='word_1_133' title='bbox 1092 2113 1142 2166; x_wconf 92' lang='lat' dir='ltr'><strong>id</strong></span> <span class='ocrx_word' id='word_1_134' title='bbox 1171 2115 1254 2166; x_wconf 84' lang='lat' dir='ltr'><strong>est</strong></span> <span class='ocrx_word' id='word_1_135' title='bbox 1297 2113 1524 2176; x_wconf 87' lang='lat' dir='ltr'><strong>bonum,</strong></span> <span class='ocrx_word' id='word_1_136' title='bbox 1551 2124 1606 2169; x_wconf 92' lang='lat' dir='ltr'><strong>et</strong></span> <span class='ocrx_word' id='word_1_137' title='bbox 1639 2117 1905 2172; x_wconf 89' lang='lat' dir='ltr'><strong>bonorum</strong></span> 
     </span>
    </p>
   </div>
   <div class='ocr_carea' id='block_1_23' title="bbox 319 2205 1906 2276">
    <p class='ocr_par' dir='ltr' id='par_1_23' title="bbox 319 2205 1906 2276">
     <span class='ocr_line' id='line_1_23' title="bbox 319 2205 1906 2276; baseline 0.004 -18"><span class='ocrx_word' id='word_1_138' title='bbox 319 2220 618 2267; x_wconf 80' lang='lat' dir='ltr'><strong>summum,</strong></span> <span class='ocrx_word' id='word_1_139' title='bbox 696 2220 795 2258; x_wconf 90' lang='lat' dir='ltr'><strong>nec</strong></span> <span class='ocrx_word' id='word_1_140' title='bbox 854 2205 1047 2259; x_wconf 81' lang='lat' dir='ltr'><strong>deesse</strong></span> <span class='ocrx_word' id='word_1_141' title='bbox 1110 2214 1285 2273; x_wconf 73' lang='lat' dir='ltr'><strong>potest</strong></span> <span class='ocrx_word' id='word_1_142' title='bbox 1336 2207 1594 2276; x_wconf 67' lang='lat' dir='ltr'><strong>perfectae</strong></span> <span class='ocrx_word' id='word_1_143' title='bbox 1653 2209 1906 2264; x_wconf 74' lang='lat' dir='ltr'><strong>bonitati.</strong></span> 
     </span>
    </p>
   </div>
   <div class='ocr_carea' id='block_1_24' title="bbox 318 2296 1906 2366">
    <p class='ocr_par' dir='ltr' id='par_1_24' title="bbox 318 2296 1906 2366">
     <span class='ocr_line' id='line_1_24' title="bbox 318 2296 1906 2366; baseline 0.004 -18"><span class='ocrx_word' id='word_1_144' title='bbox 318 2297 458 2363; x_wconf 78' lang='lat' dir='ltr'><strong>Quia</strong></span> <span class='ocrx_word' id='word_1_145' title='bbox 484 2306 662 2350; x_wconf 89' lang='lat' dir='ltr'><strong>autem</strong></span> <span class='ocrx_word' id='word_1_146' title='bbox 701 2296 1017 2350; x_wconf 86' lang='lat' dir='ltr'><strong>intellectus</strong></span> <span class='ocrx_word' id='word_1_147' title='bbox 1051 2307 1133 2351; x_wconf 80' lang='lat' dir='ltr'><strong>est</strong></span> <span class='ocrx_word' id='word_1_148' title='bbox 1159 2298 1396 2366; x_wconf 79' lang='lat' dir='ltr'><strong>perfecta</strong></span> <span class='ocrx_word' id='word_1_149' title='bbox 1421 2310 1474 2352; x_wconf 90' lang='lat' dir='ltr'><strong>et</strong></span> <span class='ocrx_word' id='word_1_150' title='bbox 1509 2300 1906 2366; x_wconf 75' lang='lat' dir='ltr'><strong>perfeCtissitna</strong></span> 
     </span>
    </p>
   </div>
   <div class='ocr_carea' id='block_1_25' title="bbox 318 2389 1903 2464">
    <p class='ocr_par' dir='ltr' id='par_1_25' title="bbox 318 2389 1903 2464">
     <span class='ocr_line' id='line_1_25' title="bbox 318 2389 1903 2464; baseline 0.004 -22"><span class='ocrx_word' id='word_1_151' title='bbox 318 2390 556 2464; x_wconf 59' lang='lat' dir='ltr'><strong>bonitas,</strong></span> <span class='ocrx_word' id='word_1_152' title='bbox 589 2389 715 2457; x_wconf 90' lang='lat' dir='ltr'><strong>quid</strong></span> <span class='ocrx_word' id='word_1_153' title='bbox 751 2390 944 2443; x_wconf 83' lang='lat' dir='ltr'><strong>melius</strong></span> <span class='ocrx_word' id='word_1_154' title='bbox 974 2405 1034 2442; x_wconf 74' lang='lat' dir='ltr'><strong>ex</strong></span> <span class='ocrx_word' id='word_1_155' title='bbox 1078 2407 1138 2442; x_wconf 87' lang='lat' dir='ltr'><strong>ea</strong></span> <span class='ocrx_word' id='word_1_156' title='bbox 1167 2392 1315 2444; x_wconf 67' lang='lat' dir='ltr'><strong>velut</strong></span> <span class='ocrx_word' id='word_1_157' title='bbox 1351 2407 1414 2445; x_wconf 80' lang='lat' dir='ltr'><strong>ex</strong></span> <span class='ocrx_word' id='word_1_158' title='bbox 1449 2391 1599 2447; x_wconf 77' lang='lat' dir='ltr'><strong>fonte</strong></span> <span class='ocrx_word' id='word_1_159' title='bbox 1634 2404 1903 2458; x_wconf 61' lang='lat' dir='ltr'><strong>manaret,</strong></span> 
     </span>
    </p>
   </div>
   <div class='ocr_carea' id='block_1_26' title="bbox 316 2477 1905 2553">
    <p class='ocr_par' dir='ltr' id='par_1_26' title="bbox 316 2477 1905 2553">
     <span class='ocr_line' id='line_1_26' title="bbox 316 2477 1905 2553; baseline 0.004 -22"><span class='ocrx_word' id='word_1_160' title='bbox 316 2493 480 2548; x_wconf 89' lang='lat' dir='ltr'><strong>quam</strong></span> <span class='ocrx_word' id='word_1_161' title='bbox 537 2478 810 2531; x_wconf 85' lang='lat' dir='ltr'><strong>verbum?</strong></span> <span class='ocrx_word' id='word_1_162' title='bbox 839 2488 890 2532; x_wconf 90' lang='lat' dir='ltr'><strong>et</strong></span> <span class='ocrx_word' id='word_1_163' title='bbox 920 2477 1136 2548; x_wconf 88' lang='lat' dir='ltr'><strong>quidem</strong></span> <span class='ocrx_word' id='word_1_164' title='bbox 1183 2495 1293 2534; x_wconf 92' lang='lat' dir='ltr'><strong>non</strong></span> <span class='ocrx_word' id='word_1_165' title='bbox 1357 2482 1537 2535; x_wconf 82' lang='lat' dir='ltr'><strong>simile</strong></span> <span class='ocrx_word' id='word_1_166' title='bbox 1574 2484 1722 2536; x_wconf 84' lang='lat' dir='ltr'><strong>verbi</strong></span> <span class='ocrx_word' id='word_1_167' title='bbox 1762 2487 1905 2553; x_wconf 83' lang='lat' dir='ltr'><strong>quod</strong></span> 
     </span>
    </p>
   </div>
   <div class='ocr_carea' id='block_1_27' title="bbox 315 2571 1901 2640">
    <p class='ocr_par' dir='ltr' id='par_1_27' title="bbox 315 2571 1901 2640">
     <span class='ocr_line' id='line_1_27' title="bbox 315 2571 1901 2640; baseline 0.003 -13"><span class='ocrx_word' id='word_1_168' title='bbox 315 2588 420 2627; x_wconf 90' lang='lat' dir='ltr'><strong>nos</strong></span> <span class='ocrx_word' id='word_1_169' title='bbox 452 2571 803 2640; x_wconf 80' lang='lat' dir='ltr'><strong>proferimus,</strong></span> <span class='ocrx_word' id='word_1_170' title='bbox 839 2572 942 2626; x_wconf 88' lang='lat' dir='ltr'><strong>hoc</strong></span> <span class='ocrx_word' id='word_1_171' title='bbox 970 2575 1120 2627; x_wconf 88' lang='lat' dir='ltr'><strong>enim</strong></span> <span class='ocrx_word' id='word_1_172' title='bbox 1159 2589 1264 2629; x_wconf 90' lang='lat' dir='ltr'><strong>non</strong></span> <span class='ocrx_word' id='word_1_173' title='bbox 1295 2585 1382 2629; x_wconf 88' lang='lat' dir='ltr'><strong>est</strong></span> <span class='ocrx_word' id='word_1_174' title='bbox 1426 2575 1759 2639; x_wconf 88' lang='lat' dir='ltr'><strong>intellectus,</strong></span> <span class='ocrx_word' id='word_1_175' title='bbox 1807 2578 1901 2634; x_wconf 87' lang='lat' dir='ltr'><strong>sed</strong></span> 
     </span>
    </p>
   </div>
   <div class='ocr_carea' id='block_1_28' title="bbox 315 2666 1900 2740">
    <p class='ocr_par' dir='ltr' id='par_1_28' title="bbox 315 2666 1900 2740">
     <span class='ocr_line' id='line_1_28' title="bbox 315 2666 1900 2740; baseline 0.003 -21"><span class='ocrx_word' id='word_1_176' title='bbox 315 2667 563 2733; x_wconf 88' lang='lat' dir='ltr'><strong>corporis</strong></span> <span class='ocrx_word' id='word_1_177' title='bbox 619 2666 898 2719; x_wconf 82' lang='lat' dir='ltr'><strong>intellectu</strong></span> <span class='ocrx_word' id='word_1_178' title='bbox 934 2669 1110 2732; x_wconf 91' lang='lat' dir='ltr'><strong>moti;</strong></span> <span class='ocrx_word' id='word_1_179' title='bbox 1147 2683 1247 2722; x_wconf 83' lang='lat' dir='ltr'><strong>nec</strong></span> <span class='ocrx_word' id='word_1_180' title='bbox 1316 2670 1497 2722; x_wconf 88' lang='lat' dir='ltr'><strong>simile</strong></span> <span class='ocrx_word' id='word_1_181' title='bbox 1569 2671 1713 2724; x_wconf 81' lang='lat' dir='ltr'><strong>verbi</strong></span> <span class='ocrx_word' id='word_1_182' title='bbox 1754 2673 1900 2740; x_wconf 86' lang='lat' dir='ltr'><strong>quod</strong></span> 
     </span>
    </p>
   </div>
   <div class='ocr_carea' id='block_1_29' title="bbox 314 2760 1903 2832">
    <p class='ocr_par' dir='ltr' id='par_1_29' title="bbox 314 2760 1903 2832">
     <span class='ocr_line' id='line_1_29' title="bbox 314 2760 1903 2832; baseline 0.003 -20"><span class='ocrx_word' id='word_1_183' title='bbox 314 2773 415 2812; x_wconf 89' lang='lat' dir='ltr'><strong>nos</strong></span> <span class='ocrx_word' id='word_1_184' title='bbox 449 2760 592 2812; x_wconf 86' lang='lat' dir='ltr'><strong>intus</strong></span> <span class='ocrx_word' id='word_1_185' title='bbox 621 2760 1028 2826; x_wconf 76' lang='lat' dir='ltr'><strong>componimus,</strong></span> <span class='ocrx_word' id='word_1_186' title='bbox 1063 2761 1165 2813; x_wconf 90' lang='grc'><strong>11110</strong></span> <span class='ocrx_word' id='word_1_187' title='bbox 1192 2762 1336 2815; x_wconf 86' lang='grc'><strong>0111111</strong></span> <span class='ocrx_word' id='word_1_188' title='bbox 1364 2777 1552 2814; x_wconf 88' lang='lat' dir='ltr'><strong>vocem</strong></span> <span class='ocrx_word' id='word_1_189' title='bbox 1580 2763 1736 2831; x_wconf 75' lang='lat' dir='ltr'><strong>quasi</strong></span> <span class='ocrx_word' id='word_1_190' title='bbox 1763 2765 1903 2832; x_wconf 79' lang='lat' dir='ltr'><strong>typis</strong></span> 
     </span>
    </p>
   </div>
   <div class='ocr_carea' id='block_1_30' title="bbox 313 2849 1906 2923">
    <p class='ocr_par' dir='ltr' id='par_1_30' title="bbox 313 2849 1906 2923">
     <span class='ocr_line' id='line_1_30' title="bbox 313 2849 1906 2923; baseline 0.003 -19"><span class='ocrx_word' id='word_1_191' title='bbox 313 2851 368 2904; x_wconf 83' lang='grc'><strong>111</strong></span> <span class='ocrx_word' id='word_1_192' title='bbox 401 2851 558 2904; x_wconf 91' lang='lat' dir='ltr'><strong>nobis</strong></span> <span class='ocrx_word' id='word_1_193' title='bbox 586 2849 832 2904; x_wconf 72' lang='lat' dir='ltr'><strong>ell&#39;ormat</strong></span> <span class='ocrx_word' id='word_1_194' title='bbox 861 2869 875 2917; x_wconf 90' lang='lat'><strong>;</strong></span> <span class='ocrx_word' id='word_1_195' title='bbox 931 2867 1031 2905; x_wconf 86' lang='lat' dir='ltr'><strong>nec</strong></span> <span class='ocrx_word' id='word_1_196' title='bbox 1055 2853 1235 2906; x_wconf 80' lang='lat' dir='ltr'><strong>simile</strong></span> <span class='ocrx_word' id='word_1_197' title='bbox 1269 2856 1415 2908; x_wconf 81' lang='lat' dir='ltr'><strong>verbi</strong></span> <span class='ocrx_word' id='word_1_198' title='bbox 1445 2857 1585 2921; x_wconf 86' lang='lat' dir='ltr'><strong>quod</strong></span> <span class='ocrx_word' id='word_1_199' title='bbox 1626 2871 1724 2909; x_wconf 86' lang='lat' dir='ltr'><strong>nos</strong></span> <span class='ocrx_word' id='word_1_200' title='bbox 1757 2857 1906 2923; x_wconf 79' lang='lat' dir='ltr'><strong>cogi-</strong></span> 
     </span>
    </p>
   </div>
   <div class='ocr_carea' id='block_1_31' title="bbox 316 2945 1906 3004">
    <p class='ocr_par' dir='ltr' id='par_1_31' title="bbox 316 2945 1906 3004">
     <span class='ocr_line' id='line_1_31' title="bbox 316 2945 1906 3004; baseline 0.004 -8"><span class='ocrx_word' id='word_1_201' title='bbox 316 2959 514 3004; x_wconf 84' lang='lat' dir='ltr'><strong>tamus.</strong></span> <span class='ocrx_word' id='word_1_202' title='bbox 577 2945 703 2998; x_wconf 84' lang='lat' dir='ltr'><strong>licet</strong></span> <span class='ocrx_word' id='word_1_203' title='bbox 742 2947 868 2998; x_wconf 90' lang='lat' dir='ltr'><strong>sine</strong></span> <span class='ocrx_word' id='word_1_204' title='bbox 899 2960 1030 2999; x_wconf 88' lang='lat' dir='ltr'><strong>voce</strong></span> <span class='ocrx_word' id='word_1_205' title='bbox 1055 2947 1125 3000; x_wconf 87' lang='lat' dir='ltr'><strong>sit</strong></span> <span class='ocrx_word' id='word_1_206' title='bbox 1159 2962 1222 2999; x_wconf 86' lang='lat' dir='ltr'><strong>ac</strong></span> <span class='ocrx_word' id='word_1_207' title='bbox 1272 2951 1508 3001; x_wconf 83' lang='lat' dir='ltr'><strong>motibus</strong></span> <span class='ocrx_word' id='word_1_208' title='bbox 1539 2949 1767 3002; x_wconf 90' lang='lat' dir='ltr'><strong>omnino</strong></span> <span class='ocrx_word' id='word_1_209' title='bbox 1821 2951 1906 3002; x_wconf 86' lang='lat' dir='ltr'><strong>in-</strong></span> 
     </span>
    </p>
   </div>
   <div class='ocr_carea' id='block_1_32' title="bbox 313 3039 1977 3142">
    <p class='ocr_par' dir='ltr' id='par_1_32' title="bbox 313 3039 1977 3142">
     <span class='ocr_line' id='line_1_32' title="bbox 313 3039 1977 3142; baseline 0.003 -52"><span class='ocrx_word' id='word_1_210' title='bbox 313 3040 596 3105; x_wconf 79' lang='lat' dir='ltr'><strong>corporeis</strong></span> <span class='ocrx_word' id='word_1_211' title='bbox 620 3039 918 3090; x_wconf 71' lang='lat' dir='ltr'><strong>exc-italum</strong></span> <span class='ocrx_word' id='word_1_212' title='bbox 946 3055 960 3104; x_wconf 91' lang='lat'>;</span> <span class='ocrx_word' id='word_1_213' title='bbox 1011 3041 1111 3092; x_wconf 84' lang='lat' dir='ltr'><strong>lioc</strong></span> <span class='ocrx_word' id='word_1_214' title='bbox 1143 3041 1284 3093; x_wconf 91' lang='lat' dir='ltr'><strong>enim</strong></span> <span class='ocrx_word' id='word_1_215' title='bbox 1317 3051 1396 3093; x_wconf 66' lang='lat' dir='ltr'><strong>est</strong></span> <span class='ocrx_word' id='word_1_216' title='bbox 1427 3042 1584 3093; x_wconf 83' lang='lat' dir='ltr'><strong>nobis</strong></span> <span class='ocrx_word' id='word_1_217' title='bbox 1614 3043 1902 3109; x_wconf 79' lang='lat' dir='ltr'><strong>posterius,</strong></span> <span class='ocrx_word' id='word_1_218' title='bbox 1933 3081 1977 3142; x_wconf 65' lang='grc' dir='ltr'><strong>Ο</strong></span> 
     </span>
    </p>
   </div>
   <div class='ocr_carea' id='block_1_33' title="bbox 313 3130 1903 3202">
    <p class='ocr_par' dir='ltr' id='par_1_33' title="bbox 313 3130 1903 3202">
     <span class='ocr_line' id='line_1_33' title="bbox 313 3130 1903 3202; baseline 0.003 -20"><span class='ocrx_word' id='word_1_219' title='bbox 313 3141 369 3182; x_wconf 84' lang='grc'><strong>01</strong></span> <span class='ocrx_word' id='word_1_220' title='bbox 393 3130 928 3198; x_wconf 83' lang='lat' dir='ltr'><strong>reqttiritintervalla</strong></span> <span class='ocrx_word' id='word_1_221' title='bbox 951 3142 1005 3184; x_wconf 91' lang='lat' dir='ltr'><strong>et</strong></span> <span class='ocrx_word' id='word_1_222' title='bbox 1035 3148 1140 3185; x_wconf 87' lang='lat' dir='ltr'><strong>non</strong></span> <span class='ocrx_word' id='word_1_223' title='bbox 1171 3148 1341 3200; x_wconf 80' lang='lat' dir='ltr'><strong>pauca</strong></span> <span class='ocrx_word' id='word_1_224' title='bbox 1369 3141 1679 3202; x_wconf 87' lang='lat' dir='ltr'><strong>temporum</strong></span> <span class='ocrx_word' id='word_1_225' title='bbox 1706 3135 1903 3201; x_wconf 81' lang='lat' dir='ltr'><strong>spatia,</strong></span> 
     </span>
    </p>
   </div>
   <div class='ocr_carea' id='block_1_34' title="bbox 316 3223 1902 3294">
    <p class='ocr_par' dir='ltr' id='par_1_34' title="bbox 316 3223 1902 3294">
     <span class='ocr_line' id='line_1_34' title="bbox 316 3223 1902 3294; baseline 0.004 -21"><span class='ocrx_word' id='word_1_226' title='bbox 316 3223 568 3275; x_wconf 85' lang='lat' dir='ltr'><strong>discursu</strong></span> <span class='ocrx_word' id='word_1_227' title='bbox 629 3226 944 3292; x_wconf 83' lang='lat' dir='ltr'><strong>procedens</strong></span> <span class='ocrx_word' id='word_1_228' title='bbox 996 3236 1049 3278; x_wconf 91' lang='grc'><strong>01</strong></span> <span class='ocrx_word' id='word_1_229' title='bbox 1082 3241 1148 3277; x_wconf 75' lang='lat' dir='ltr'><strong>ex</strong></span> <span class='ocrx_word' id='word_1_230' title='bbox 1186 3225 1454 3294; x_wconf 90' lang='lat' dir='ltr'><strong>principio</strong></span> <span class='ocrx_word' id='word_1_231' title='bbox 1483 3223 1804 3293; x_wconf 78' lang='lat' dir='ltr'><strong>imperfecto</strong></span> <span class='ocrx_word' id='word_1_232' title='bbox 1836 3225 1902 3279; x_wconf 85' lang='lat' dir='ltr'><strong>ad</strong></span> 
     </span>
    </p>
   </div>
   <div class='ocr_carea' id='block_1_35' title="bbox 317 3315 1908 3383">
    <p class='ocr_par' dir='ltr' id='par_1_35' title="bbox 317 3315 1908 3383">
     <span class='ocr_line' id='line_1_35' title="bbox 317 3315 1908 3383; baseline 0.002 -16"><span class='ocrx_word' id='word_1_233' title='bbox 317 3315 620 3382; x_wconf 78' lang='lat' dir='ltr'><strong>perfectum</strong></span> <span class='ocrx_word' id='word_1_234' title='bbox 689 3316 1048 3383; x_wconf 80' lang='lat' dir='ltr'><strong>progrediens</strong></span> <span class='ocrx_word' id='word_1_235' title='bbox 1091 3321 1492 3372; x_wconf 73' lang='lat' dir='ltr'><strong>coiisectarium</strong></span> <span class='ocrx_word' id='word_1_236' title='bbox 1531 3334 1546 3383; x_wconf 91' lang='lat'><strong>;</strong></span> <span class='ocrx_word' id='word_1_237' title='bbox 1581 3319 1674 3372; x_wconf 88' lang='lat' dir='ltr'><strong>sed</strong></span> <span class='ocrx_word' id='word_1_238' title='bbox 1728 3318 1908 3371; x_wconf 84' lang='lat' dir='ltr'><strong>simile</strong></span> 
     </span>
    </p>
   </div>
   <div class='ocr_carea' id='block_1_36' title="bbox 316 3409 1907 3478">
    <p class='ocr_par' dir='ltr' id='par_1_36' title="bbox 316 3409 1907 3478">
     <span class='ocr_line' id='line_1_36' title="bbox 316 3409 1907 3478; baseline 0.004 -21"><span class='ocrx_word' id='word_1_239' title='bbox 316 3409 469 3461; x_wconf 82' lang='lat' dir='ltr'><strong>verbi</strong></span> <span class='ocrx_word' id='word_1_240' title='bbox 501 3409 850 3471; x_wconf 87' lang='lat' dir='ltr'><strong>naturaliter,</strong></span> <span class='ocrx_word' id='word_1_241' title='bbox 877 3423 942 3462; x_wconf 79' lang='lat' dir='ltr'><strong>ex</strong></span> <span class='ocrx_word' id='word_1_242' title='bbox 973 3425 1081 3478; x_wconf 92' lang='lat' dir='ltr'><strong>quo</strong></span> <span class='ocrx_word' id='word_1_243' title='bbox 1114 3425 1210 3463; x_wconf 81' lang='lat' dir='ltr'><strong>nos</strong></span> <span class='ocrx_word' id='word_1_244' title='bbox 1239 3422 1457 3463; x_wconf 74' lang='lat' dir='ltr'><strong>creator</strong></span> <span class='ocrx_word' id='word_1_245' title='bbox 1487 3411 1556 3464; x_wconf 89' lang='lat' dir='ltr'><strong>ad</strong></span> <span class='ocrx_word' id='word_1_246' title='bbox 1586 3425 1742 3463; x_wconf 88' lang='lat' dir='ltr'><strong>suam</strong></span> <span class='ocrx_word' id='word_1_247' title='bbox 1775 3409 1907 3464; x_wconf 81' lang='lat' dir='ltr'><strong>l‘ecit</strong></span> 
     </span>
    </p>
   </div>
   <div class='ocr_carea' id='block_1_37' title="bbox 319 3502 1908 3570">
    <p class='ocr_par' dir='ltr' id='par_1_37' title="bbox 319 3502 1908 3570">
     <span class='ocr_line' id='line_1_37' title="bbox 319 3502 1908 3570; baseline 0.001 -17"><span class='ocrx_word' id='word_1_248' title='bbox 319 3502 636 3570; x_wconf 77' lang='lat' dir='ltr'><strong>imaginem,</strong></span> <span class='ocrx_word' id='word_1_249' title='bbox 693 3503 993 3556; x_wconf 86' lang='lat' dir='ltr'><strong>intellectui</strong></span> <span class='ocrx_word' id='word_1_250' title='bbox 1029 3515 1218 3559; x_wconf 88' lang='lat' dir='ltr'><strong>nostro</strong></span> <span class='ocrx_word' id='word_1_251' title='bbox 1254 3505 1426 3566; x_wconf 87' lang='lat' dir='ltr'><strong>insiti,</strong></span> <span class='ocrx_word' id='word_1_252' title='bbox 1484 3518 1683 3570; x_wconf 90' lang='lat' dir='ltr'><strong>nempe</strong></span> <span class='ocrx_word' id='word_1_253' title='bbox 1718 3503 1908 3556; x_wconf 83' lang='lat' dir='ltr'><strong>imma-</strong></span> 
     </span>
    </p>
   </div>
   <div class='ocr_carea' id='block_1_38' title="bbox 317 3596 1907 3667">
    <p class='ocr_par' dir='ltr' id='par_1_38' title="bbox 317 3596 1907 3667">
     <span class='ocr_line' id='line_1_38' title="bbox 317 3596 1907 3667; baseline 0.003 -22"><span class='ocrx_word' id='word_1_254' title='bbox 317 3596 494 3648; x_wconf 90' lang='lat' dir='ltr'><strong>neutis</strong></span> <span class='ocrx_word' id='word_1_255' title='bbox 536 3611 753 3664; x_wconf 86' lang='lat' dir='ltr'><strong>semper</strong></span> <span class='ocrx_word' id='word_1_256' title='bbox 800 3596 926 3650; x_wconf 89' lang='lat' dir='ltr'><strong>huic</strong></span> <span class='ocrx_word' id='word_1_257' title='bbox 961 3599 1308 3667; x_wconf 77' lang='lat' dir='ltr'><strong>cognition&#39;s.</strong></span> <span class='ocrx_word' id='word_1_258' title='bbox 1341 3597 1475 3661; x_wconf 64' lang='lat' dir='ltr'><strong>Quae</strong></span> <span class='ocrx_word' id='word_1_259' title='bbox 1536 3597 1775 3650; x_wconf 76' lang='lat' dir='ltr'><strong>maxime</strong></span> <span class='ocrx_word' id='word_1_260' title='bbox 1822 3609 1907 3650; x_wconf 91' lang='lat' dir='ltr'><strong>est</strong></span> 
     </span>
    </p>
   </div>
   <div class='ocr_carea' id='block_1_39' title="bbox 319 3687 1906 3760">
    <p class='ocr_par' dir='ltr' id='par_1_39' title="bbox 319 3687 1906 3760">
     <span class='ocr_line' id='line_1_39' title="bbox 319 3687 1906 3760; baseline 0.004 -23"><span class='ocrx_word' id='word_1_261' title='bbox 319 3689 371 3739; x_wconf 88' lang='lat' dir='ltr'><strong>in</strong></span> <span class='ocrx_word' id='word_1_262' title='bbox 418 3703 677 3757; x_wconf 90' lang='lat' dir='ltr'><strong>supremo</strong></span> <span class='ocrx_word' id='word_1_263' title='bbox 719 3689 995 3743; x_wconf 88' lang='lat' dir='ltr'><strong>intellectu</strong></span> <span class='ocrx_word' id='word_1_264' title='bbox 1058 3689 1317 3760; x_wconf 73' lang='lat' dir='ltr'><strong>perfectae</strong></span> <span class='ocrx_word' id='word_1_265' title='bbox 1372 3705 1437 3741; x_wconf 90' lang='lat' dir='ltr'><strong>ac</strong></span> <span class='ocrx_word' id='word_1_266' title='bbox 1489 3687 1906 3756; x_wconf 76' lang='lat' dir='ltr'><strong>perfectissima:</strong></span> 
     </span>
    </p>
   </div>
   <div class='ocr_carea' id='block_1_40' title="bbox 315 3779 1904 3849">
    <p class='ocr_par' dir='ltr' id='par_1_40' title="bbox 315 3779 1904 3849">
     <span class='ocr_line' id='line_1_40' title="bbox 315 3779 1904 3849; baseline 0.001 -16"><span class='ocrx_word' id='word_1_267' title='bbox 315 3779 602 3845; x_wconf 87' lang='lat' dir='ltr'><strong>bonitatis,</strong></span> <span class='ocrx_word' id='word_1_268' title='bbox 638 3783 780 3848; x_wconf 87' lang='lat' dir='ltr'><strong>apud</strong></span> <span class='ocrx_word' id='word_1_269' title='bbox 811 3797 973 3849; x_wconf 84' lang='lat' dir='ltr'><strong>quant</strong></span> <span class='ocrx_word' id='word_1_270' title='bbox 1010 3783 1194 3835; x_wconf 80' lang='lat' dir='ltr'><strong>Omnia</strong></span> <span class='ocrx_word' id='word_1_271' title='bbox 1221 3781 1445 3834; x_wconf 90' lang='lat' dir='ltr'><strong>minime</strong></span> <span class='ocrx_word' id='word_1_272' title='bbox 1487 3791 1613 3835; x_wconf 91' lang='lat' dir='ltr'><strong>sunt</strong></span> <span class='ocrx_word' id='word_1_273' title='bbox 1642 3782 1904 3847; x_wconf 82' lang='lat' dir='ltr'><strong>imperfe-</strong></span> 
     </span>
    </p>
   </div>
   <div class='ocr_carea' id='block_1_41' title="bbox 313 3874 1904 3944">
    <p class='ocr_par' dir='ltr' id='par_1_41' title="bbox 313 3874 1904 3944">
     <span class='ocr_line' id='line_1_41' title="bbox 313 3874 1904 3944; baseline 0.003 -20"><span class='ocrx_word' id='word_1_274' title='bbox 313 3885 440 3936; x_wconf 78' lang='lat' dir='ltr'><strong>rta,</strong></span> <span class='ocrx_word' id='word_1_275' title='bbox 471 3885 704 3942; x_wconf 79' lang='lat' dir='ltr'><strong>excepto</strong></span> <span class='ocrx_word' id='word_1_276' title='bbox 759 3875 910 3944; x_wconf 89' lang='lat' dir='ltr'><strong>quod</strong></span> <span class='ocrx_word' id='word_1_277' title='bbox 945 3875 1015 3928; x_wconf 91' lang='lat' dir='ltr'><strong>ab</strong></span> <span class='ocrx_word' id='word_1_278' title='bbox 1065 3889 1128 3927; x_wconf 89' lang='lat' dir='ltr'><strong>ea</strong></span> <span class='ocrx_word' id='word_1_279' title='bbox 1169 3874 1302 3937; x_wconf 87' lang='lat' dir='ltr'><strong>sint,</strong></span> <span class='ocrx_word' id='word_1_280' title='bbox 1337 3874 1430 3928; x_wconf 83' lang='lat' dir='ltr'><strong>sed</strong></span> <span class='ocrx_word' id='word_1_281' title='bbox 1463 3883 1593 3929; x_wconf 93' lang='lat' dir='ltr'><strong>sunt</strong></span> <span class='ocrx_word' id='word_1_282' title='bbox 1646 3874 1904 3929; x_wconf 88' lang='lat' dir='ltr'><strong>indiscri-</strong></span> 
     </span>
    </p>
   </div>
   <div class='ocr_carea' id='block_1_42' title="bbox 313 3966 1903 4038">
    <p class='ocr_par' dir='ltr' id='par_1_42' title="bbox 313 3966 1903 4038">
     <span class='ocr_line' id='line_1_42' title="bbox 313 3966 1903 4038; baseline 0.002 -20"><span class='ocrx_word' id='word_1_283' title='bbox 313 3966 562 4020; x_wconf 89' lang='lat' dir='ltr'><strong>minatim</strong></span> <span class='ocrx_word' id='word_1_284' title='bbox 593 3968 859 4037; x_wconf 86' lang='lat' dir='ltr'><strong>quidquid</strong></span> <span class='ocrx_word' id='word_1_285' title='bbox 899 3968 1013 4037; x_wconf 76' lang='lat' dir='ltr'><strong>ipsa</strong></span> <span class='ocrx_word' id='word_1_286' title='bbox 1037 3977 1141 4022; x_wconf 90' lang='lat' dir='ltr'><strong>est.</strong></span> <span class='ocrx_word' id='word_1_287' title='bbox 1171 3967 1355 4036; x_wconf 89' lang='lat' dir='ltr'><strong>Itaque</strong></span> <span class='ocrx_word' id='word_1_288' title='bbox 1375 3966 1546 4022; x_wconf 86' lang='lat' dir='ltr'><strong>Filius</strong></span> <span class='ocrx_word' id='word_1_289' title='bbox 1585 3982 1903 4038; x_wconf 87' lang='lat' dir='ltr'><strong>suprenmm</strong></span> 
     </span>
    </p>
   </div>
   <div class='ocr_carea' id='block_1_43' title="bbox 314 4056 1900 4125">
    <p class='ocr_par' dir='ltr' id='par_1_43' title="bbox 314 4056 1900 4125">
     <span class='ocr_line' id='line_1_43' title="bbox 314 4056 1900 4125; baseline 0.004 -17"><span class='ocrx_word' id='word_1_290' title='bbox 314 4056 552 4113; x_wconf 70' lang='lat' dir='ltr'><strong>Verbum</strong></span> <span class='ocrx_word' id='word_1_291' title='bbox 586 4071 670 4114; x_wconf 81' lang='lat' dir='ltr'><strong>est</strong></span> <span class='ocrx_word' id='word_1_292' title='bbox 701 4073 812 4113; x_wconf 89' lang='lat' dir='ltr'><strong>eta</strong></span> <span class='ocrx_word' id='word_1_293' title='bbox 862 4060 1024 4114; x_wconf 89' lang='lat' dir='ltr'><strong>nobis</strong></span> <span class='ocrx_word' id='word_1_294' title='bbox 1071 4069 1321 4125; x_wconf 87' lang='lat' dir='ltr'><strong>vocatur,</strong></span> <span class='ocrx_word' id='word_1_295' title='bbox 1377 4069 1438 4113; x_wconf 88' lang='lat' dir='ltr'><strong>ut</strong></span> <span class='ocrx_word' id='word_1_296' title='bbox 1481 4061 1724 4116; x_wconf 88' lang='lat' dir='ltr'><strong>sciamus</strong></span> <span class='ocrx_word' id='word_1_297' title='bbox 1775 4076 1900 4116; x_wconf 88' lang='lat' dir='ltr'><strong>eum</strong></span> 
     </span>
    </p>
   </div>
   <div class='ocr_carea' id='block_1_44' title="bbox 311 4152 1902 4222">
    <p class='ocr_par' dir='ltr' id='par_1_44' title="bbox 311 4152 1902 4222">
     <span class='ocr_line' id='line_1_44' title="bbox 311 4152 1902 4222; baseline 0.003 -20"><span class='ocrx_word' id='word_1_298' title='bbox 311 4167 432 4204; x_wconf 74' lang='lat' dir='ltr'><strong>esse</strong></span> <span class='ocrx_word' id='word_1_299' title='bbox 489 4152 819 4221; x_wconf 80' lang='lat' dir='ltr'><strong>perfectum,</strong></span> <span class='ocrx_word' id='word_1_300' title='bbox 853 4155 906 4205; x_wconf 90' lang='lat' dir='ltr'><strong>in</strong></span> <span class='ocrx_word' id='word_1_301' title='bbox 971 4152 1208 4220; x_wconf 81' lang='lat' dir='ltr'><strong>perlecta</strong></span> <span class='ocrx_word' id='word_1_302' title='bbox 1267 4162 1323 4206; x_wconf 89' lang='lat' dir='ltr'><strong>et</strong></span> <span class='ocrx_word' id='word_1_303' title='bbox 1381 4154 1603 4222; x_wconf 87' lang='lat' dir='ltr'><strong>propria</strong></span> <span class='ocrx_word' id='word_1_304' title='bbox 1647 4167 1902 4221; x_wconf 85' lang='lat' dir='ltr'><strong>pers0na,</strong></span> 
     </span>
    </p>
   </div>
   <div class='ocr_carea' id='block_1_45' title="bbox 309 4243 1901 4313">
    <p class='ocr_par' dir='ltr' id='par_1_45' title="bbox 309 4243 1901 4313">
     <span class='ocr_line' id='line_1_45' title="bbox 309 4243 1901 4313; baseline 0.003 -17"><span class='ocrx_word' id='word_1_305' title='bbox 309 4247 439 4312; x_wconf 83' lang='lat' dir='ltr'><strong>quia</strong></span> <span class='ocrx_word' id='word_1_306' title='bbox 478 4261 544 4300; x_wconf 82' lang='grc'><strong>011</strong></span> <span class='ocrx_word' id='word_1_307' title='bbox 591 4245 751 4298; x_wconf 87' lang='lat' dir='ltr'><strong>Patre</strong></span> <span class='ocrx_word' id='word_1_308' title='bbox 783 4253 888 4306; x_wconf 88' lang='lat' dir='ltr'><strong>est,</strong></span> <span class='ocrx_word' id='word_1_309' title='bbox 945 4255 1001 4298; x_wconf 92' lang='lat' dir='ltr'><strong>et</strong></span> <span class='ocrx_word' id='word_1_310' title='bbox 1062 4243 1257 4298; x_wconf 89' lang='lat' dir='ltr'><strong>nihila</strong></span> <span class='ocrx_word' id='word_1_311' title='bbox 1310 4253 1535 4313; x_wconf 88' lang='lat' dir='ltr'><strong>paterna</strong></span> <span class='ocrx_word' id='word_1_312' title='bbox 1593 4247 1901 4300; x_wconf 87' lang='lat' dir='ltr'><strong>substantia</strong></span> 
     </span>
    </p>
   </div>
   <div class='ocr_carea' id='block_1_46' title="bbox 309 4334 1897 4405">
    <p class='ocr_par' dir='ltr' id='par_1_46' title="bbox 309 4334 1897 4405">
     <span class='ocr_line' id='line_1_46' title="bbox 309 4334 1897 4405; baseline 0 -15"><span class='ocrx_word' id='word_1_313' title='bbox 309 4337 522 4398; x_wconf 75' lang='lat' dir='ltr'><strong>dili‘ert,</strong></span> <span class='ocrx_word' id='word_1_314' title='bbox 561 4335 658 4389; x_wconf 86' lang='lat' dir='ltr'><strong>sed</strong></span> <span class='ocrx_word' id='word_1_315' title='bbox 695 4345 781 4388; x_wconf 84' lang='lat' dir='ltr'><strong>est</strong></span> <span class='ocrx_word' id='word_1_316' title='bbox 809 4334 1297 4389; x_wconf 87' lang='lat' dir='ltr'><strong>indiscritniuatim</strong></span> <span class='ocrx_word' id='word_1_317' title='bbox 1324 4335 1470 4390; x_wconf 87' lang='lat' dir='ltr'><strong>idem</strong></span> <span class='ocrx_word' id='word_1_318' title='bbox 1505 4351 1570 4391; x_wconf 90' lang='lat' dir='ltr'><strong>ac</strong></span> <span class='ocrx_word' id='word_1_319' title='bbox 1602 4337 1741 4405; x_wconf 87' lang='lat' dir='ltr'><strong>ipse,</strong></span> <span class='ocrx_word' id='word_1_320' title='bbox 1784 4354 1897 4390; x_wconf 91' lang='grc'><strong>11011</strong></span> 
     </span>
    </p>
   </div>
   <div class='ocr_carea' id='block_1_47' title="bbox 2036 461 3598 530">
    <p class='ocr_par' dir='ltr' id='par_1_47' title="bbox 2036 461 3598 530">
     <span class='ocr_line' id='line_1_47' title="bbox 2036 461 3598 530; baseline 0.004 -17"><span class='ocrx_word' id='word_1_321' title='bbox 2036 462 2354 530; x_wconf 78' lang='grc' dir='ltr'>περιϐάλλει</span> <span class='ocrx_word' id='word_1_322' title='bbox 2383 478 2398 490; x_wconf 85' lang='grc'><em>’</em></span> <span class='ocrx_word' id='word_1_323' title='bbox 2440 461 2535 514; x_wconf 80' lang='grc' dir='ltr'>καὶ</span> <span class='ocrx_word' id='word_1_324' title='bbox 2588 463 2651 512; x_wconf 73' lang='grc' dir='ltr'>ἐκ</span> <span class='ocrx_word' id='word_1_325' title='bbox 2712 462 2930 516; x_wconf 85' lang='grc' dir='ltr'>πάντων</span> <span class='ocrx_word' id='word_1_326' title='bbox 2979 467 3177 517; x_wconf 80' lang='grc' dir='ltr'>νοεῖται</span> <span class='ocrx_word' id='word_1_327' title='bbox 3219 467 3311 518; x_wconf 73' lang='grc' dir='ltr'><strong>καὶ</strong></span> <span class='ocrx_word' id='word_1_328' title='bbox 3359 467 3598 522; x_wconf 81' lang='grc' dir='ltr'>καλεῖται</span> 
     </span>
    </p>
   </div>
   <div class='ocr_carea' id='block_1_48' title="bbox 2034 553 3599 629">
    <p class='ocr_par' dir='ltr' id='par_1_48' title="bbox 2034 553 3599 629">
     <span class='ocr_line' id='line_1_48' title="bbox 2034 553 3599 629; baseline 0.004 -23"><span class='ocrx_word' id='word_1_329' title='bbox 2034 555 2142 607; x_wconf 88' lang='grc' dir='ltr'><strong>τῶν</strong></span> <span class='ocrx_word' id='word_1_330' title='bbox 2170 555 2411 621; x_wconf 78' lang='grc' dir='ltr'><strong>ἀγαθῶν.</strong></span> <span class='ocrx_word' id='word_1_331' title='bbox 2447 555 2553 607; x_wconf 69' lang='grc' dir='ltr'>Καὶ</span> <span class='ocrx_word' id='word_1_332' title='bbox 2589 553 2646 606; x_wconf 77' lang='grc' dir='ltr'>ἓν</span> <span class='ocrx_word' id='word_1_333' title='bbox 2670 555 2762 608; x_wconf 74' lang='grc' dir='ltr'>καὶ</span> <span class='ocrx_word' id='word_1_334' title='bbox 2781 554 2979 626; x_wconf 83' lang='grc' dir='ltr'>ἀληθές</span> <span class='ocrx_word' id='word_1_335' title='bbox 2999 558 3166 622; x_wconf 82' lang='grc' dir='ltr'>ἐστιν,</span> <span class='ocrx_word' id='word_1_336' title='bbox 3220 560 3357 629; x_wconf 84' lang='grc' dir='ltr'>ὅπερ</span> <span class='ocrx_word' id='word_1_337' title='bbox 3406 561 3471 613; x_wconf 85' lang='grc' dir='ltr'><strong>ἀν</strong></span> <span class='ocrx_word' id='word_1_338' title='bbox 3515 578 3599 623; x_wconf 84' lang='grc' dir='ltr'><strong>τις</strong></span> 
     </span>
    </p>
   </div>
   <div class='ocr_carea' id='block_1_49' title="bbox 2035 646 3598 722">
    <p class='ocr_par' dir='ltr' id='par_1_49' title="bbox 2035 646 3598 722">
     <span class='ocr_line' id='line_1_49' title="bbox 2035 646 3598 722; baseline 0.003 -22"><span class='ocrx_word' id='word_1_339' title='bbox 2035 649 2311 718; x_wconf 75' lang='grc' dir='ltr'>ὲννοήσειε</span> <span class='ocrx_word' id='word_1_340' title='bbox 2333 647 2428 700; x_wconf 72' lang='grc' dir='ltr'><strong>καὶ</strong></span> <span class='ocrx_word' id='word_1_341' title='bbox 2451 646 2583 719; x_wconf 72' lang='grc' dir='ltr'>εἴπῃ</span> <span class='ocrx_word' id='word_1_342' title='bbox 2617 648 2745 716; x_wconf 87' lang='grc' dir='ltr'><strong>περί</strong></span> <span class='ocrx_word' id='word_1_343' title='bbox 2800 647 2969 717; x_wconf 75' lang='grc' dir='ltr'>αὐτῆς</span> <span class='ocrx_word' id='word_1_344' title='bbox 3002 649 3225 717; x_wconf 84' lang='grc' dir='ltr'>ἀγαθόν.</span> <span class='ocrx_word' id='word_1_345' title='bbox 3289 652 3498 722; x_wconf 82' lang='grc' dir='ltr'>Ἐκείνη</span> <span class='ocrx_word' id='word_1_346' title='bbox 3541 653 3598 705; x_wconf 84' lang='grc' dir='ltr'>δὲ</span> 
     </span>
    </p>
   </div>
   <div class='ocr_carea' id='block_1_50' title="bbox 2022 740 3592 815">
    <p class='ocr_par' dir='ltr' id='par_1_50' title="bbox 2022 740 3592 815">
     <span class='ocr_line' id='line_1_50' title="bbox 2022 740 3592 815; baseline 0.003 -23"><span class='ocrx_word' id='word_1_347' title='bbox 2022 742 2081 792; x_wconf 77' lang='grc' dir='ltr'><strong>οὐ</strong></span> <span class='ocrx_word' id='word_1_348' title='bbox 2109 741 2267 793; x_wconf 86' lang='grc' dir='ltr'>τοῦτό</span> <span class='ocrx_word' id='word_1_349' title='bbox 2293 742 2409 792; x_wconf 83' lang='grc' dir='ltr'>ἐστι</span> <span class='ocrx_word' id='word_1_350' title='bbox 2449 740 2629 809; x_wconf 85' lang='grc' dir='ltr'>μόνον,</span> <span class='ocrx_word' id='word_1_351' title='bbox 2658 740 2794 810; x_wconf 80' lang='grc' dir='ltr'>ὅπερ</span> <span class='ocrx_word' id='word_1_352' title='bbox 2822 740 3036 811; x_wconf 79' lang='grc' dir='ltr'>ἀληθῶς</span> <span class='ocrx_word' id='word_1_353' title='bbox 3064 745 3283 806; x_wconf 86' lang='grc' dir='ltr'>νοεῖται,</span> <span class='ocrx_word' id='word_1_354' title='bbox 3337 743 3430 796; x_wconf 78' lang='grc' dir='ltr'><strong>καὶ</strong></span> <span class='ocrx_word' id='word_1_355' title='bbox 3463 745 3592 815; x_wconf 83' lang='grc' dir='ltr'>παρ’</span> 
     </span>
    </p>
   </div>
   <div class='ocr_carea' id='block_1_51' title="bbox 2019 829 3593 904">
    <p class='ocr_par' dir='ltr' id='par_1_51' title="bbox 2019 829 3593 904">
     <span class='ocr_line' id='line_1_51' title="bbox 2019 829 3593 904; baseline 0.002 -22"><span class='ocrx_word' id='word_1_356' title='bbox 2019 830 2201 882; x_wconf 74' lang='grc' dir='ltr'>αὐτῶν</span> <span class='ocrx_word' id='word_1_357' title='bbox 2226 830 2338 882; x_wconf 87' lang='grc' dir='ltr'><strong>τῶν</strong></span> <span class='ocrx_word' id='word_1_358' title='bbox 2351 829 2591 898; x_wconf 81' lang='grc' dir='ltr'>θεοσόφῳ</span> <span class='ocrx_word' id='word_1_359' title='bbox 2607 829 2683 897; x_wconf 82' lang='grc' dir='ltr'>νῷ</span> <span class='ocrx_word' id='word_1_360' title='bbox 2699 829 2983 894; x_wconf 74' lang='grc' dir='ltr'>νοούντων,</span> <span class='ocrx_word' id='word_1_361' title='bbox 2999 830 3091 883; x_wconf 78' lang='grc' dir='ltr'><strong>καὶ</strong></span> <span class='ocrx_word' id='word_1_362' title='bbox 3111 848 3244 884; x_wconf 85' lang='grc' dir='ltr'>πνευ</span> <span class='ocrx_word' id='word_1_363' title='bbox 3253 836 3593 904; x_wconf 77' lang='grc' dir='ltr'>ματοκινήτῳ</span> 
     </span>
    </p>
   </div>
   <div class='ocr_carea' id='block_1_52' title="bbox 2019 920 3596 996">
    <p class='ocr_par' dir='ltr' id='par_1_52' title="bbox 2019 920 3596 996">
     <span class='ocr_line' id='line_1_52' title="bbox 2019 920 3596 996; baseline 0.006 -26"><span class='ocrx_word' id='word_1_364' title='bbox 2019 920 2238 991; x_wconf 75' lang='grc' dir='ltr'>γλώσσῃ</span> <span class='ocrx_word' id='word_1_365' title='bbox 2317 920 2749 987; x_wconf 77' lang='grc' dir='ltr'>θεολογοὺντων·</span> <span class='ocrx_word' id='word_1_366' title='bbox 2817 923 2932 975; x_wconf 78' lang='grc' dir='ltr'>ἀλλ’</span> <span class='ocrx_word' id='word_1_367' title='bbox 2963 923 3042 987; x_wconf 86' lang='grc' dir='ltr'><strong>ὡς</strong></span> <span class='ocrx_word' id='word_1_368' title='bbox 3093 924 3329 996; x_wconf 72' lang='grc' dir='ltr'>ἄρρητός</span> <span class='ocrx_word' id='word_1_369' title='bbox 3371 943 3426 978; x_wconf 87' lang='grc' dir='ltr'><strong>τε</strong></span> <span class='ocrx_word' id='word_1_370' title='bbox 3501 930 3596 980; x_wconf 79' lang='grc' dir='ltr'><strong>καὶ</strong></span> 
     </span>
    </p>
   </div>
   <div class='ocr_carea' id='block_1_53' title="bbox 2018 1012 3594 1082">
    <p class='ocr_par' dir='ltr' id='par_1_53' title="bbox 2018 1012 3594 1082">
     <span class='ocr_line' id='line_1_53' title="bbox 2018 1012 3594 1082; baseline 0.005 -18"><span class='ocrx_word' id='word_1_371' title='bbox 2018 1013 2400 1082; x_wconf 77' lang='grc' dir='ltr'>ἁπερινόητος,</span> <span class='ocrx_word' id='word_1_372' title='bbox 2437 1013 2532 1065; x_wconf 82' lang='grc' dir='ltr'><strong>καὶ</strong></span> <span class='ocrx_word' id='word_1_373' title='bbox 2567 1012 2707 1082; x_wconf 79' lang='grc' dir='ltr'>ὑπὲρ</span> <span class='ocrx_word' id='word_1_374' title='bbox 2737 1014 2910 1068; x_wconf 86' lang='grc' dir='ltr'>ταῦτά</span> <span class='ocrx_word' id='word_1_375' title='bbox 2933 1016 3070 1077; x_wconf 79' lang='grc' dir='ltr'>ἐστι,</span> <span class='ocrx_word' id='word_1_376' title='bbox 3103 1019 3199 1070; x_wconf 80' lang='grc' dir='ltr'><strong>καὶ</strong></span> <span class='ocrx_word' id='word_1_377' title='bbox 3248 1017 3340 1070; x_wconf 90' lang='grc' dir='ltr'><strong>τοῦ</strong></span> <span class='ocrx_word' id='word_1_378' title='bbox 3390 1019 3594 1072; x_wconf 83' lang='grc' dir='ltr'>ἐνιαίου</span> 
     </span>
    </p>
   </div>
   <div class='ocr_carea' id='block_1_54' title="bbox 2018 1101 3596 1179">
    <p class='ocr_par' dir='ltr' id='par_1_54' title="bbox 2018 1101 3596 1179">
     <span class='ocr_line' id='line_1_54' title="bbox 2018 1101 3596 1179; baseline 0.005 -26"><span class='ocrx_word' id='word_1_379' title='bbox 2018 1102 2110 1154; x_wconf 67' lang='grc' dir='ltr'><strong>καὶ</strong></span> <span class='ocrx_word' id='word_1_380' title='bbox 2134 1102 2231 1170; x_wconf 84' lang='grc' dir='ltr'><strong>τῆς</strong></span> <span class='ocrx_word' id='word_1_381' title='bbox 2259 1101 2574 1172; x_wconf 77' lang='grc' dir='ltr'><strong>ὑπερφυοῦς</strong></span> <span class='ocrx_word' id='word_1_382' title='bbox 2595 1104 2894 1171; x_wconf 67' lang='grc' dir='ltr'>ἁπλότητος</span> <span class='ocrx_word' id='word_1_383' title='bbox 2929 1106 3028 1158; x_wconf 83' lang='grc' dir='ltr'>οὐκ</span> <span class='ocrx_word' id='word_1_384' title='bbox 3077 1107 3427 1162; x_wconf 83' lang='grc' dir='ltr'>ἀπολείπεται</span> <span class='ocrx_word' id='word_1_385' title='bbox 3455 1127 3468 1139; x_wconf 83' lang='lat'>&#39;</span> <span class='ocrx_word' id='word_1_386' title='bbox 3496 1110 3596 1179; x_wconf 80' lang='grc' dir='ltr'><strong>μία</strong></span> 
     </span>
    </p>
   </div>
   <div class='ocr_carea' id='block_1_55' title="bbox 2017 1186 3596 1267">
    <p class='ocr_par' dir='ltr' id='par_1_55' title="bbox 2017 1186 3596 1267">
     <span class='ocr_line' id='line_1_55' title="bbox 2017 1186 3596 1267; baseline 0.007 -26"><span class='ocrx_word' id='word_1_387' title='bbox 2017 1186 2153 1243; x_wconf 81' lang='grc' dir='ltr'>οὖσα</span> <span class='ocrx_word' id='word_1_388' title='bbox 2185 1191 2503 1258; x_wconf 80' lang='grc' dir='ltr'>πανάγαθος</span> <span class='ocrx_word' id='word_1_389' title='bbox 2535 1193 2629 1244; x_wconf 79' lang='grc' dir='ltr'><strong>καὶ</strong></span> <span class='ocrx_word' id='word_1_390' title='bbox 2679 1193 3031 1263; x_wconf 81' lang='grc' dir='ltr'>ὑπεράγαθος</span> <span class='ocrx_word' id='word_1_391' title='bbox 3087 1196 3395 1267; x_wconf 73' lang='grc' dir='ltr'>ἁγαθότηςο</span> <span class='ocrx_word' id='word_1_392' title='bbox 3454 1201 3596 1252; x_wconf 61' lang='grc' dir='ltr'>κατὰ</span> 
     </span>
    </p>
   </div>
   <div class='ocr_carea' id='block_1_56' title="bbox 2015 1283 3595 1355">
    <p class='ocr_par' dir='ltr' id='par_1_56' title="bbox 2015 1283 3595 1355">
     <span class='ocr_line' id='line_1_56' title="bbox 2015 1283 3595 1355; baseline 0.007 -21"><span class='ocrx_word' id='word_1_393' title='bbox 2015 1283 2177 1335; x_wconf 87' lang='grc' dir='ltr'>τοῦτο</span> <span class='ocrx_word' id='word_1_394' title='bbox 2206 1283 2316 1354; x_wconf 72' lang='grc' dir='ltr'>γὰρ</span> <span class='ocrx_word' id='word_1_395' title='bbox 2345 1284 2507 1353; x_wconf 86' lang='grc' dir='ltr'>μόνον</span> <span class='ocrx_word' id='word_1_396' title='bbox 2534 1286 2630 1336; x_wconf 74' lang='grc' dir='ltr'><strong>καὶ</strong></span> <span class='ocrx_word' id='word_1_397' title='bbox 2663 1288 2866 1339; x_wconf 83' lang='grc' dir='ltr'><strong>νοεῖται</strong></span> <span class='ocrx_word' id='word_1_398' title='bbox 2904 1289 2997 1340; x_wconf 82' lang='grc' dir='ltr'><strong>καί</strong></span> <span class='ocrx_word' id='word_1_399' title='bbox 3025 1289 3294 1355; x_wconf 85' lang='grc' dir='ltr'>καλεῖται,</span> <span class='ocrx_word' id='word_1_400' title='bbox 3321 1292 3414 1344; x_wconf 80' lang='grc' dir='ltr'><strong>καὶ</strong></span> <span class='ocrx_word' id='word_1_401' title='bbox 3453 1295 3595 1344; x_wconf 77' lang='grc' dir='ltr'><strong>κατά</strong></span> 
     </span>
    </p>
   </div>
   <div class='ocr_carea' id='block_1_57' title="bbox 2015 1374 3594 1449">
    <p class='ocr_par' dir='ltr' id='par_1_57' title="bbox 2015 1374 3594 1449">
     <span class='ocr_line' id='line_1_57' title="bbox 2015 1374 3594 1449; baseline 0.006 -24"><span class='ocrx_word' id='word_1_402' title='bbox 2015 1374 2174 1427; x_wconf 82' lang='grc' dir='ltr'>τοῦτο</span> <span class='ocrx_word' id='word_1_403' title='bbox 2201 1376 2350 1444; x_wconf 80' lang='grc' dir='ltr'><strong>παρά</strong></span> <span class='ocrx_word' id='word_1_404' title='bbox 2396 1377 2572 1444; x_wconf 78' lang='grc' dir='ltr'>μόνων</span> <span class='ocrx_word' id='word_1_405' title='bbox 2629 1378 2740 1429; x_wconf 87' lang='grc' dir='ltr'><strong>τῶν</strong></span> <span class='ocrx_word' id='word_1_406' title='bbox 2799 1379 2936 1448; x_wconf 83' lang='grc' dir='ltr'>πρὸς</span> <span class='ocrx_word' id='word_1_407' title='bbox 2994 1382 3094 1449; x_wconf 76' lang='grc' dir='ltr'><strong>τὴν</strong></span> <span class='ocrx_word' id='word_1_408' title='bbox 3149 1384 3325 1434; x_wconf 79' lang='grc' dir='ltr'>κτίσιν</span> <span class='ocrx_word' id='word_1_409' title='bbox 3381 1384 3594 1436; x_wconf 79' lang='grc' dir='ltr'>οἰκείων</span> 
     </span>
    </p>
   </div>
   <div class='ocr_carea' id='block_1_58' title="bbox 2017 1466 3595 1542">
    <p class='ocr_par' dir='ltr' id='par_1_58' title="bbox 2017 1466 3595 1542">
     <span class='ocr_line' id='line_1_58' title="bbox 2017 1466 3595 1542; baseline 0.009 -28"><span class='ocrx_word' id='word_1_410' title='bbox 2017 1467 2310 1535; x_wconf 83' lang='grc' dir='ltr'>ἐνεργειῶν</span> <span class='ocrx_word' id='word_1_411' title='bbox 2365 1467 2392 1518; x_wconf 91' lang='grc' dir='ltr'><strong>ό</strong></span> <span class='ocrx_word' id='word_1_412' title='bbox 2447 1466 2682 1537; x_wconf 79' lang='grc' dir='ltr'>Ποιητὴς</span> <span class='ocrx_word' id='word_1_413' title='bbox 2733 1470 2829 1522; x_wconf 73' lang='grc' dir='ltr'><strong>καὶ</strong></span> <span class='ocrx_word' id='word_1_414' title='bbox 2881 1472 3158 1540; x_wconf 77' lang='grc' dir='ltr'><strong>Δεσπότης</strong></span> <span class='ocrx_word' id='word_1_415' title='bbox 3216 1473 3315 1542; x_wconf 80' lang='grc' dir='ltr'><strong>τῆς</strong></span> <span class='ocrx_word' id='word_1_416' title='bbox 3362 1475 3595 1538; x_wconf 78' lang='grc' dir='ltr'><strong>κτίσεως</strong></span> 
     </span>
    </p>
   </div>
   <div class='ocr_carea' id='block_1_59' title="bbox 2018 1554 3595 1638">
    <p class='ocr_par' dir='ltr' id='par_1_59' title="bbox 2018 1554 3595 1638">
     <span class='ocr_line' id='line_1_59' title="bbox 2018 1554 3595 1638; baseline 0.008 -31"><span class='ocrx_word' id='word_1_417' title='bbox 2018 1554 2127 1625; x_wconf 69' lang='lat' dir='ltr'><strong>lla.</strong></span> <span class='ocrx_word' id='word_1_418' title='bbox 2153 1557 2369 1622; x_wconf 75' lang='grc' dir='ltr'>λείπει,</span> <span class='ocrx_word' id='word_1_419' title='bbox 2397 1559 2748 1629; x_wconf 78' lang='grc' dir='ltr'><strong>γνωρίζεται,</strong></span> <span class='ocrx_word' id='word_1_420' title='bbox 2777 1560 2840 1629; x_wconf 82' lang='grc' dir='ltr'><strong>ἣ,</strong></span> <span class='ocrx_word' id='word_1_421' title='bbox 2876 1563 3145 1631; x_wconf 77' lang='grc' dir='ltr'>φαίνεται,</span> <span class='ocrx_word' id='word_1_422' title='bbox 3173 1564 3302 1632; x_wconf 77' lang='grc' dir='ltr'>ἤτοι</span> <span class='ocrx_word' id='word_1_423' title='bbox 3336 1567 3595 1638; x_wconf 78' lang='grc' dir='ltr'>τοιοῦτο]</span> 
     </span>
    </p>
   </div>
   <div class='ocr_carea' id='block_1_60' title="bbox 2015 1648 3592 1728">
    <p class='ocr_par' dir='ltr' id='par_1_60' title="bbox 2015 1648 3592 1728">
     <span class='ocr_line' id='line_1_60' title="bbox 2015 1648 3592 1728; baseline 0.008 -29"><span class='ocrx_word' id='word_1_424' title='bbox 2015 1649 2096 1700; x_wconf 81' lang='grc' dir='ltr'><strong>ὃτι</strong></span> <span class='ocrx_word' id='word_1_425' title='bbox 2134 1648 2250 1701; x_wconf 74' lang='grc' dir='ltr'>ἔστι</span> <span class='ocrx_word' id='word_1_426' title='bbox 2279 1651 2616 1716; x_wconf 80' lang='grc' dir='ltr'>πανάγαθος,</span> <span class='ocrx_word' id='word_1_427' title='bbox 2642 1654 2734 1705; x_wconf 82' lang='grc' dir='ltr'><strong>καί</strong></span> <span class='ocrx_word' id='word_1_428' title='bbox 2783 1655 3129 1726; x_wconf 84' lang='grc' dir='ltr'>ὑπεράγαθος</span> <span class='ocrx_word' id='word_1_429' title='bbox 3180 1659 3468 1728; x_wconf 82' lang='grc' dir='ltr'>ἀγαθότης,</span> <span class='ocrx_word' id='word_1_430' title='bbox 3499 1660 3592 1712; x_wconf 79' lang='grc' dir='ltr'><strong>οὑ-</strong></span> 
     </span>
    </p>
   </div>
   <div class='ocr_carea' id='block_1_61' title="bbox 1946 1740 3591 1821">
    <p class='ocr_par' dir='ltr' id='par_1_61' title="bbox 1946 1740 3591 1821">
     <span class='ocr_line' id='line_1_61' title="bbox 1946 1740 3591 1821; baseline 0.009 -30"><span class='ocrx_word' id='word_1_431' title='bbox 1946 1740 1984 1793; x_wconf 80' lang='lat' dir='ltr'><strong>B</strong></span> <span class='ocrx_word' id='word_1_432' title='bbox 2019 1741 2138 1792; x_wconf 89' lang='grc' dir='ltr'>σίαν</span> <span class='ocrx_word' id='word_1_433' title='bbox 2159 1740 2297 1810; x_wconf 80' lang='grc' dir='ltr'>ἔχων</span> <span class='ocrx_word' id='word_1_434' title='bbox 2322 1743 2421 1812; x_wconf 85' lang='grc' dir='ltr'><strong>τὴν</strong></span> <span class='ocrx_word' id='word_1_435' title='bbox 2457 1745 2790 1815; x_wconf 86' lang='grc' dir='ltr'>ἀγαθότητα,</span> <span class='ocrx_word' id='word_1_436' title='bbox 2827 1748 2951 1801; x_wconf 82' lang='grc' dir='ltr'><strong>Δι’ὃ</strong></span> <span class='ocrx_word' id='word_1_437' title='bbox 2987 1750 3193 1819; x_wconf 79' lang='grc' dir='ltr'>καὶτῆς</span> <span class='ocrx_word' id='word_1_438' title='bbox 3239 1753 3373 1821; x_wconf 73' lang='grc' dir='ltr'>πρὸς</span> <span class='ocrx_word' id='word_1_439' title='bbox 3423 1754 3591 1820; x_wconf 72' lang='grc' dir='ltr'>αὐτὴν</span> 
     </span>
    </p>
   </div>
   <div class='ocr_carea' id='block_1_62' title="bbox 2016 1835 3592 1906">
    <p class='ocr_par' dir='ltr' id='par_1_62' title="bbox 2016 1835 3592 1906">
     <span class='ocr_line' id='line_1_62' title="bbox 2016 1835 3592 1906; baseline 0.008 -21"><span class='ocrx_word' id='word_1_440' title='bbox 2016 1835 2414 1903; x_wconf 76' lang='grc' dir='ltr'>ἐναντιότητος,</span> <span class='ocrx_word' id='word_1_441' title='bbox 2445 1836 2622 1906; x_wconf 86' lang='grc' dir='ltr'>πάντη</span> <span class='ocrx_word' id='word_1_442' title='bbox 2659 1855 2718 1890; x_wconf 88' lang='grc' dir='ltr'><strong>τε</strong></span> <span class='ocrx_word' id='word_1_443' title='bbox 2774 1841 2865 1892; x_wconf 76' lang='grc' dir='ltr'><strong>καὶ</strong></span> <span class='ocrx_word' id='word_1_444' title='bbox 2909 1841 3126 1904; x_wconf 88' lang='grc' dir='ltr'>πάντως</span> <span class='ocrx_word' id='word_1_445' title='bbox 3157 1843 3303 1895; x_wconf 80' lang='grc' dir='ltr'>ἐστὶν</span> <span class='ocrx_word' id='word_1_446' title='bbox 3350 1845 3592 1898; x_wconf 83' lang='grc' dir='ltr'>ἀνεπίδε-</span> 
     </span>
    </p>
   </div>
   <div class='ocr_carea' id='block_1_63' title="bbox 2013 1926 3408 2005">
    <p class='ocr_par' dir='ltr' id='par_1_63' title="bbox 2013 1926 3408 2005">
     <span class='ocr_line' id='line_1_63' title="bbox 2013 1926 3408 2005; baseline 0.008 -28"><span class='ocrx_word' id='word_1_447' title='bbox 2013 1942 2143 1988; x_wconf 88' lang='grc' dir='ltr'>κτος</span> <span class='ocrx_word' id='word_1_448' title='bbox 2164 1941 2177 1954; x_wconf 81' lang='grc'><strong><em>⁸</em></strong></span> <span class='ocrx_word' id='word_1_449' title='bbox 2211 1926 2333 1978; x_wconf 85' lang='grc' dir='ltr'>οὐδὲ</span> <span class='ocrx_word' id='word_1_450' title='bbox 2386 1931 2494 1997; x_wconf 83' lang='grc' dir='ltr'>γὰρ</span> <span class='ocrx_word' id='word_1_451' title='bbox 2519 1929 2745 1999; x_wconf 73' lang='grc' dir='ltr'>οὐδεμιᾷ</span> <span class='ocrx_word' id='word_1_452' title='bbox 2775 1932 3016 1984; x_wconf 78' lang='grc' dir='ltr'>ἐναντίον</span> <span class='ocrx_word' id='word_1_453' title='bbox 3057 1935 3212 2005; x_wconf 77' lang='grc' dir='ltr'>οὐσίᾳ</span> <span class='ocrx_word' id='word_1_454' title='bbox 3241 1936 3408 1988; x_wconf 82' lang='grc' dir='ltr'>ἐστίν.</span> 
     </span>
    </p>
   </div>
   <div class='ocr_carea' id='block_1_64' title="bbox 2080 2015 3592 2098">
    <p class='ocr_par' dir='ltr' id='par_1_64' title="bbox 2080 2015 3592 2098">
     <span class='ocr_line' id='line_1_64' title="bbox 2080 2015 3592 2098; baseline 0.009 -30"><span class='ocrx_word' id='word_1_455' title='bbox 2080 2017 2178 2070; x_wconf 83' lang='grc' dir='ltr'>λε’.</span> <span class='ocrx_word' id='word_1_456' title='bbox 2211 2015 2274 2070; x_wconf 82' lang='grc' dir='ltr'><em>Ἦ</em></span> <span class='ocrx_word' id='word_1_457' title='bbox 2300 2019 2616 2088; x_wconf 84' lang='grc' dir='ltr'>πανάγαθος</span> <span class='ocrx_word' id='word_1_458' title='bbox 2646 2021 2784 2092; x_wconf 78' lang='grc' dir='ltr'>αὕτη</span> <span class='ocrx_word' id='word_1_459' title='bbox 2818 2024 2911 2076; x_wconf 70' lang='grc' dir='ltr'><strong>καὶ</strong></span> <span class='ocrx_word' id='word_1_460' title='bbox 2938 2025 3281 2095; x_wconf 85' lang='grc' dir='ltr'>ὑπεράγαθος</span> <span class='ocrx_word' id='word_1_461' title='bbox 3300 2030 3592 2098; x_wconf 74' lang='grc' dir='ltr'>ἀγαθότης,</span> 
     </span>
    </p>
   </div>
   <div class='ocr_carea' id='block_1_65' title="bbox 2011 2109 3585 2189">
    <p class='ocr_par' dir='ltr' id='par_1_65' title="bbox 2011 2109 3585 2189">
     <span class='ocr_line' id='line_1_65' title="bbox 2011 2109 3585 2189; baseline 0.011 -29"><span class='ocrx_word' id='word_1_462' title='bbox 2011 2109 2105 2161; x_wconf 72' lang='grc' dir='ltr'><strong>καὶ</strong></span> <span class='ocrx_word' id='word_1_463' title='bbox 2125 2110 2273 2181; x_wconf 85' lang='grc' dir='ltr'>πηγή</span> <span class='ocrx_word' id='word_1_464' title='bbox 2289 2111 2436 2163; x_wconf 80' lang='grc' dir='ltr'>ἐστιν</span> <span class='ocrx_word' id='word_1_465' title='bbox 2452 2113 2806 2184; x_wconf 85' lang='grc' dir='ltr'>ἀγαθότητος.</span> <span class='ocrx_word' id='word_1_466' title='bbox 2826 2118 2932 2170; x_wconf 65' lang='grc' dir='ltr'>Καὶ</span> <span class='ocrx_word' id='word_1_467' title='bbox 2946 2116 3104 2170; x_wconf 84' lang='grc' dir='ltr'>τοῦτο</span> <span class='ocrx_word' id='word_1_468' title='bbox 3120 2119 3229 2189; x_wconf 82' lang='grc' dir='ltr'>γὰρ</span> <span class='ocrx_word' id='word_1_469' title='bbox 3246 2121 3449 2188; x_wconf 66' lang='grc' dir='ltr'>ἀγαθὸν</span> <span class='ocrx_word' id='word_1_470' title='bbox 3461 2169 3473 2186; x_wconf 85' lang='grc'><strong>,</strong></span> <span class='ocrx_word' id='word_1_471' title='bbox 3490 2125 3585 2177; x_wconf 74' lang='grc' dir='ltr'><strong>καὶ</strong></span> 
     </span>
    </p>
   </div>
   <div class='ocr_carea' id='block_1_66' title="bbox 2009 2201 3591 2282">
    <p class='ocr_par' dir='ltr' id='par_1_66' title="bbox 2009 2201 3591 2282">
     <span class='ocr_line' id='line_1_66' title="bbox 2009 2201 3591 2282; baseline 0.009 -29"><span class='ocrx_word' id='word_1_472' title='bbox 2009 2201 2230 2267; x_wconf 78' lang='grc' dir='ltr'>ἀγαθῶν</span> <span class='ocrx_word' id='word_1_473' title='bbox 2257 2202 2316 2253; x_wconf 76' lang='grc' dir='ltr'><strong>τὸ</strong></span> <span class='ocrx_word' id='word_1_474' title='bbox 2351 2203 2650 2272; x_wconf 79' lang='grc' dir='ltr'>ἀκρότατον</span> <span class='ocrx_word' id='word_1_475' title='bbox 2669 2221 2682 2234; x_wconf 88' lang='grc'><strong>·</strong></span> <span class='ocrx_word' id='word_1_476' title='bbox 2703 2207 2796 2258; x_wconf 81' lang='grc' dir='ltr'><strong>καὶ</strong></span> <span class='ocrx_word' id='word_1_477' title='bbox 2824 2209 2922 2259; x_wconf 75' lang='grc' dir='ltr'><strong>οὐκ</strong></span> <span class='ocrx_word' id='word_1_478' title='bbox 2955 2204 3023 2279; x_wconf 84' lang='grc' dir='ltr'>ἦν</span> <span class='ocrx_word' id='word_1_479' title='bbox 3040 2212 3258 2264; x_wconf 75' lang='grc' dir='ltr'>ἀπεῖναι</span> <span class='ocrx_word' id='word_1_480' title='bbox 3280 2216 3376 2282; x_wconf 82' lang='grc' dir='ltr'>τῆς</span> <span class='ocrx_word' id='word_1_481' title='bbox 3396 2232 3591 2267; x_wconf 85' lang='grc' dir='ltr'>παντε-</span> 
     </span>
    </p>
   </div>
   <div class='ocr_carea' id='block_1_67' title="bbox 2008 2291 3586 2377">
    <p class='ocr_par' dir='ltr' id='par_1_67' title="bbox 2008 2291 3586 2377">
     <span class='ocr_line' id='line_1_67' title="bbox 2008 2291 3586 2377; baseline 0.011 -34"><span class='ocrx_word' id='word_1_482' title='bbox 2008 2291 2134 2355; x_wconf 84' lang='grc' dir='ltr'>λοῦς</span> <span class='ocrx_word' id='word_1_483' title='bbox 2167 2293 2526 2364; x_wconf 72' lang='grc' dir='ltr'>ἀγαθότητος.</span> <span class='ocrx_word' id='word_1_484' title='bbox 2575 2298 2731 2349; x_wconf 75' lang='grc' dir='ltr'>Ἐπεὶ</span> <span class='ocrx_word' id='word_1_485' title='bbox 2774 2299 2831 2352; x_wconf 76' lang='grc' dir='ltr'>δὲ</span> <span class='ocrx_word' id='word_1_486' title='bbox 2862 2302 2985 2364; x_wconf 81' lang='grc' dir='ltr'>νοῦς</span> <span class='ocrx_word' id='word_1_487' title='bbox 3041 2304 3188 2356; x_wconf 79' lang='grc' dir='ltr'>ἐστιν</span> <span class='ocrx_word' id='word_1_488' title='bbox 3219 2307 3251 2374; x_wconf 78' lang='grc' dir='ltr'>ἡ</span> <span class='ocrx_word' id='word_1_489' title='bbox 3285 2305 3586 2377; x_wconf 80' lang='grc' dir='ltr'>ὑπερτελὴς</span> 
     </span>
    </p>
   </div>
   <div class='ocr_carea' id='block_1_68' title="bbox 2013 2385 3586 2467">
    <p class='ocr_par' dir='ltr' id='par_1_68' title="bbox 2013 2385 3586 2467">
     <span class='ocr_line' id='line_1_68' title="bbox 2013 2385 3586 2467; baseline 0.01 -31"><span class='ocrx_word' id='word_1_490' title='bbox 2013 2385 2110 2437; x_wconf 79' lang='grc' dir='ltr'><strong>καί</strong></span> <span class='ocrx_word' id='word_1_491' title='bbox 2170 2387 2440 2458; x_wconf 74' lang='grc' dir='ltr'>παντελὴς</span> <span class='ocrx_word' id='word_1_492' title='bbox 2498 2389 2796 2460; x_wconf 78' lang='grc' dir='ltr'>ἀγαθότης,</span> <span class='ocrx_word' id='word_1_493' title='bbox 2864 2393 2916 2444; x_wconf 89' lang='grc' dir='ltr'><strong>τί</strong></span> <span class='ocrx_word' id='word_1_494' title='bbox 2957 2394 3075 2446; x_wconf 87' lang='grc' dir='ltr'>ποτ’</span> <span class='ocrx_word' id='word_1_495' title='bbox 3133 2395 3201 2448; x_wconf 84' lang='grc' dir='ltr'>ἂν</span> <span class='ocrx_word' id='word_1_496' title='bbox 3257 2395 3444 2465; x_wconf 75' lang='grc' dir='ltr'>ἕτερον</span> <span class='ocrx_word' id='word_1_497' title='bbox 3499 2399 3586 2467; x_wconf 84' lang='grc' dir='ltr'>εἴη</span> 
     </span>
    </p>
   </div>
   <div class='ocr_carea' id='block_1_69' title="bbox 2007 2477 3582 2558">
    <p class='ocr_par' dir='ltr' id='par_1_69' title="bbox 2007 2477 3582 2558">
     <span class='ocr_line' id='line_1_69' title="bbox 2007 2477 3582 2558; baseline 0.01 -30"><span class='ocrx_word' id='word_1_498' title='bbox 2007 2477 2066 2528; x_wconf 57' lang='grc' dir='ltr'><strong>τό</strong></span> <span class='ocrx_word' id='word_1_499' title='bbox 2119 2479 2441 2547; x_wconf 67' lang='grc' dir='ltr'>παράὖτῆς</span> <span class='ocrx_word' id='word_1_500' title='bbox 2497 2481 2570 2542; x_wconf 83' lang='grc' dir='ltr'>ὡς</span> <span class='ocrx_word' id='word_1_501' title='bbox 2612 2485 2674 2534; x_wconf 79' lang='grc' dir='ltr'><strong>ἐκ</strong></span> <span class='ocrx_word' id='word_1_502' title='bbox 2731 2487 2912 2554; x_wconf 79' lang='grc' dir='ltr'>πηγῆς</span> <span class='ocrx_word' id='word_1_503' title='bbox 2972 2489 3243 2558; x_wconf 77' lang='grc' dir='ltr'>προϊδν,ἢ</span> <span class='ocrx_word' id='word_1_504' title='bbox 3278 2489 3457 2556; x_wconf 86' lang='grc' dir='ltr'>λόγος,</span> <span class='ocrx_word' id='word_1_505' title='bbox 3485 2493 3582 2543; x_wconf 79' lang='grc' dir='ltr'><strong>καὶ</strong></span> 
     </span>
    </p>
   </div>
   <div class='ocr_carea' id='block_1_70' title="bbox 2008 2565 3587 2650">
    <p class='ocr_par' dir='ltr' id='par_1_70' title="bbox 2008 2565 3587 2650">
     <span class='ocr_line' id='line_1_70' title="bbox 2008 2565 3587 2650; baseline 0.013 -34"><span class='ocrx_word' id='word_1_506' title='bbox 2008 2565 2164 2634; x_wconf 87' lang='grc' dir='ltr'>λόγος</span> <span class='ocrx_word' id='word_1_507' title='bbox 2195 2569 2254 2620; x_wconf 74' lang='grc' dir='ltr'><strong>οὐ</strong></span> <span class='ocrx_word' id='word_1_508' title='bbox 2307 2570 2448 2621; x_wconf 75' lang='grc' dir='ltr'>κατὰ</span> <span class='ocrx_word' id='word_1_509' title='bbox 2484 2571 2573 2622; x_wconf 70' lang='grc' dir='ltr'><strong>τὸν</strong></span> <span class='ocrx_word' id='word_1_510' title='bbox 2599 2572 2866 2642; x_wconf 76' lang='grc' dir='ltr'>ἡμέτερον</span> <span class='ocrx_word' id='word_1_511' title='bbox 2897 2579 3232 2646; x_wconf 68' lang='grc' dir='ltr'>προρορικὸν</span> <span class='ocrx_word' id='word_1_512' title='bbox 3288 2582 3483 2650; x_wconf 75' lang='grc' dir='ltr'>λόγονς</span> <span class='ocrx_word' id='word_1_513' title='bbox 3513 2585 3587 2638; x_wconf 81' lang='grc' dir='ltr'><strong>Οὐ</strong></span> 
     </span>
    </p>
   </div>
   <div class='ocr_carea' id='block_1_71' title="bbox 2009 2656 3586 2740">
    <p class='ocr_par' dir='ltr' id='par_1_71' title="bbox 2009 2656 3586 2740">
     <span class='ocr_line' id='line_1_71' title="bbox 2009 2656 3586 2740; baseline 0.011 -28"><span class='ocrx_word' id='word_1_514' title='bbox 2009 2659 2101 2712; x_wconf 87' lang='grc' dir='ltr'><strong>νοῦ</strong></span> <span class='ocrx_word' id='word_1_515' title='bbox 2151 2660 2259 2729; x_wconf 74' lang='grc' dir='ltr'>γὰρ</span> <span class='ocrx_word' id='word_1_516' title='bbox 2281 2656 2455 2724; x_wconf 70' lang='grc' dir='ltr'>οὗτος,</span> <span class='ocrx_word' id='word_1_517' title='bbox 2512 2662 2648 2716; x_wconf 82' lang='grc' dir='ltr'><strong>ἀλλά</strong></span> <span class='ocrx_word' id='word_1_518' title='bbox 2691 2663 2940 2735; x_wconf 85' lang='grc' dir='ltr'>σώματος</span> <span class='ocrx_word' id='word_1_519' title='bbox 2992 2668 3068 2738; x_wconf 85' lang='grc' dir='ltr'>νῷ</span> <span class='ocrx_word' id='word_1_520' title='bbox 3125 2674 3482 2740; x_wconf 79' lang='grc' dir='ltr'>κινουμένου’</span> <span class='ocrx_word' id='word_1_521' title='bbox 3526 2679 3586 2730; x_wconf 77' lang='grc' dir='ltr'>οὗ</span> 
     </span>
    </p>
   </div>
   <div class='ocr_carea' id='block_1_72' title="bbox 2008 2750 3589 2837">
    <p class='ocr_par' dir='ltr' id='par_1_72' title="bbox 2008 2750 3589 2837">
     <span class='ocr_line' id='line_1_72' title="bbox 2008 2750 3589 2837; baseline 0.013 -38"><span class='ocrx_word' id='word_1_522' title='bbox 2008 2750 2150 2800; x_wconf 75' lang='grc' dir='ltr'>κατὰ</span> <span class='ocrx_word' id='word_1_523' title='bbox 2180 2750 2269 2802; x_wconf 80' lang='grc' dir='ltr'>τὸν</span> <span class='ocrx_word' id='word_1_524' title='bbox 2297 2752 2568 2822; x_wconf 83' lang='grc' dir='ltr'>ἡμέτερον</span> <span class='ocrx_word' id='word_1_525' title='bbox 2598 2755 2903 2810; x_wconf 77' lang='grc' dir='ltr'>ἐνδιάθετον</span> <span class='ocrx_word' id='word_1_526' title='bbox 2935 2759 3094 2826; x_wconf 83' lang='grc' dir='ltr'>λόγον</span> <span class='ocrx_word' id='word_1_527' title='bbox 3127 2777 3142 2790; x_wconf 85' lang='grc'><strong>·</strong></span> <span class='ocrx_word' id='word_1_528' title='bbox 3203 2763 3438 2832; x_wconf 84' lang='grc' dir='ltr'>φθόγγον</span> <span class='ocrx_word' id='word_1_529' title='bbox 3482 2768 3589 2837; x_wconf 85' lang='grc' dir='ltr'><strong>γάρ</strong></span> 
     </span>
    </p>
   </div>
   <div class='ocr_carea' id='block_1_73' title="bbox 2007 2838 3583 2921">
    <p class='ocr_par' dir='ltr' id='par_1_73' title="bbox 2007 2838 3583 2921">
     <span class='ocr_line' id='line_1_73' title="bbox 2007 2838 3583 2921; baseline 0.012 -31"><span class='ocrx_word' id='word_1_530' title='bbox 2007 2838 2174 2890; x_wconf 84' lang='grc' dir='ltr'>οἰονεί</span> <span class='ocrx_word' id='word_1_531' title='bbox 2204 2839 2398 2901; x_wconf 82' lang='grc' dir='ltr'>τύποις</span> <span class='ocrx_word' id='word_1_532' title='bbox 2435 2844 2690 2906; x_wconf 85' lang='grc' dir='ltr'>κάκεῖνος</span> <span class='ocrx_word' id='word_1_533' title='bbox 2719 2847 2777 2896; x_wconf 85' lang='grc' dir='ltr'>ἐν</span> <span class='ocrx_word' id='word_1_534' title='bbox 2799 2847 2932 2916; x_wconf 81' lang='grc' dir='ltr'>ἡμῖν</span> <span class='ocrx_word' id='word_1_535' title='bbox 2949 2847 3318 2920; x_wconf 80' lang='grc' dir='ltr'>διατιθέμενος</span> <span class='ocrx_word' id='word_1_536' title='bbox 3348 2854 3583 2921; x_wconf 82' lang='grc' dir='ltr'>γίνεται’</span> 
     </span>
    </p>
   </div>
   <div class='ocr_carea' id='block_1_74' title="bbox 2007 2929 3590 3014">
    <p class='ocr_par' dir='ltr' id='par_1_74' title="bbox 2007 2929 3590 3014">
     <span class='ocr_line' id='line_1_74' title="bbox 2007 2929 3590 3014; baseline 0.011 -32"><span class='ocrx_word' id='word_1_537' title='bbox 2007 2929 2125 2982; x_wconf 83' lang='grc' dir='ltr'>ἀλλ’</span> <span class='ocrx_word' id='word_1_538' title='bbox 2151 2931 2273 2983; x_wconf 79' lang='grc' dir='ltr'>οὐδὲ</span> <span class='ocrx_word' id='word_1_539' title='bbox 2295 2932 2438 2985; x_wconf 76' lang='grc' dir='ltr'>κατὰ</span> <span class='ocrx_word' id='word_1_540' title='bbox 2463 2933 2554 2986; x_wconf 74' lang='grc' dir='ltr'>τὸν</span> <span class='ocrx_word' id='word_1_541' title='bbox 2581 2937 2850 3006; x_wconf 80' lang='grc' dir='ltr'>ἡμέτερον</span> <span class='ocrx_word' id='word_1_542' title='bbox 2912 2939 2970 2993; x_wconf 80' lang='grc' dir='ltr'><strong>ἐν</strong></span> <span class='ocrx_word' id='word_1_543' title='bbox 3002 2941 3210 3013; x_wconf 77' lang='grc' dir='ltr'>διανοίᾳ</span> <span class='ocrx_word' id='word_1_544' title='bbox 3269 2945 3446 3014; x_wconf 82' lang='grc' dir='ltr'>λόγον,</span> <span class='ocrx_word' id='word_1_545' title='bbox 3485 2949 3590 3002; x_wconf 79' lang='grc' dir='ltr'>κᾶν</span> 
     </span>
    </p>
   </div>
   <div class='ocr_carea' id='block_1_75' title="bbox 2007 3021 3586 3110">
    <p class='ocr_par' dir='ltr' id='par_1_75' title="bbox 2007 3021 3586 3110">
     <span class='ocr_line' id='line_1_75' title="bbox 2007 3021 3586 3110; baseline 0.014 -39"><span class='ocrx_word' id='word_1_546' title='bbox 2007 3023 2178 3090; x_wconf 71' lang='grc' dir='ltr'>χωρὶς</span> <span class='ocrx_word' id='word_1_547' title='bbox 2202 3023 2456 3092; x_wconf 84' lang='grc' dir='ltr'>φθόγγων</span> <span class='ocrx_word' id='word_1_548' title='bbox 2481 3021 2536 3099; x_wconf 82' lang='grc' dir='ltr'>ᾗ,</span> <span class='ocrx_word' id='word_1_549' title='bbox 2573 3028 2851 3094; x_wconf 75' lang='grc' dir='ltr'>ἐπιϐολαῖς</span> <span class='ocrx_word' id='word_1_550' title='bbox 2871 3032 3182 3100; x_wconf 79' lang='grc' dir='ltr'>ἀσωμάτοις</span> <span class='ocrx_word' id='word_1_551' title='bbox 3234 3038 3408 3110; x_wconf 80' lang='grc' dir='ltr'>πάντη</span> <span class='ocrx_word' id='word_1_552' title='bbox 3446 3057 3554 3110; x_wconf 85' lang='grc' dir='ltr'><strong>συμ</strong></span> <span class='ocrx_word' id='word_1_553' title='bbox 3573 3071 3586 3081; x_wconf 89' lang='lat'><strong>-</strong></span> 
     </span>
    </p>
   </div>
   <div class='ocr_carea' id='block_1_76' title="bbox 2007 3116 3588 3198">
    <p class='ocr_par' dir='ltr' id='par_1_76' title="bbox 2007 3116 3588 3198">
     <span class='ocr_line' id='line_1_76' title="bbox 2007 3116 3588 3198; baseline 0.015 -33"><span class='ocrx_word' id='word_1_554' title='bbox 2007 3116 2448 3186; x_wconf 77' lang='grc' dir='ltr'>περαιούμενος’</span> <span class='ocrx_word' id='word_1_555' title='bbox 2513 3121 2766 3185; x_wconf 83' lang='grc' dir='ltr'>κάκεῖνος</span> <span class='ocrx_word' id='word_1_556' title='bbox 2801 3123 2910 3196; x_wconf 83' lang='grc' dir='ltr'><strong>γὰρ</strong></span> <span class='ocrx_word' id='word_1_557' title='bbox 2957 3126 3078 3194; x_wconf 76' lang='grc' dir='ltr'>μεθ’</span> <span class='ocrx_word' id='word_1_558' title='bbox 3121 3129 3267 3198; x_wconf 79' lang='grc' dir='ltr'>ἡμᾶς</span> <span class='ocrx_word' id='word_1_559' title='bbox 3299 3132 3433 3195; x_wconf 75' lang='grc' dir='ltr'>ἐστι,</span> <span class='ocrx_word' id='word_1_560' title='bbox 3493 3134 3588 3188; x_wconf 73' lang='grc' dir='ltr'>καὶ</span> 
     </span>
    </p>
   </div>
   <div class='ocr_carea' id='block_1_77' title="bbox 2007 3205 3588 3291">
    <p class='ocr_par' dir='ltr' id='par_1_77' title="bbox 2007 3205 3588 3291">
     <span class='ocr_line' id='line_1_77' title="bbox 2007 3205 3588 3291; baseline 0.015 -33"><span class='ocrx_word' id='word_1_561' title='bbox 2007 3205 2418 3276; x_wconf 78' lang='grc' dir='ltr'>διαλειμμάτων</span> <span class='ocrx_word' id='word_1_562' title='bbox 2444 3212 2638 3279; x_wconf 89' lang='grc' dir='ltr'>δεῖται,</span> <span class='ocrx_word' id='word_1_563' title='bbox 2664 3217 2760 3268; x_wconf 74' lang='grc' dir='ltr'>καὶ</span> <span class='ocrx_word' id='word_1_564' title='bbox 2785 3219 3054 3285; x_wconf 87' lang='grc' dir='ltr'>χρονικῶν</span> <span class='ocrx_word' id='word_1_565' title='bbox 3079 3221 3179 3275; x_wconf 78' lang='grc' dir='ltr'><strong>οὐκ</strong></span> <span class='ocrx_word' id='word_1_566' title='bbox 3219 3223 3412 3291; x_wconf 80' lang='grc' dir='ltr'>ὀλίγων</span> <span class='ocrx_word' id='word_1_567' title='bbox 3467 3226 3588 3280; x_wconf 80' lang='grc' dir='ltr'>δια-</span> 
     </span>
    </p>
   </div>
   <div class='ocr_carea' id='block_1_78' title="bbox 2009 3301 3587 3386">
    <p class='ocr_par' dir='ltr' id='par_1_78' title="bbox 2009 3301 3587 3386">
     <span class='ocr_line' id='line_1_78' title="bbox 2009 3301 3587 3386; baseline 0.015 -37"><span class='ocrx_word' id='word_1_568' title='bbox 2009 3315 2107 3369; x_wconf 86' lang='grc' dir='ltr'>στη</span> <span class='ocrx_word' id='word_1_569' title='bbox 2117 3301 2322 3369; x_wconf 86' lang='grc' dir='ltr'>μάτων,</span> <span class='ocrx_word' id='word_1_570' title='bbox 2355 3303 2663 3369; x_wconf 83' lang='grc' dir='ltr'>διεξοδικῶς</span> <span class='ocrx_word' id='word_1_571' title='bbox 2688 3309 2916 3379; x_wconf 83' lang='grc' dir='ltr'>προῖὼν,</span> <span class='ocrx_word' id='word_1_572' title='bbox 2947 3312 3042 3366; x_wconf 70' lang='grc' dir='ltr'><strong>καὶ</strong></span> <span class='ocrx_word' id='word_1_573' title='bbox 3072 3313 3131 3378; x_wconf 77' lang='grc' dir='ltr'><strong>ἐξ</strong></span> <span class='ocrx_word' id='word_1_574' title='bbox 3148 3316 3320 3386; x_wconf 83' lang='grc' dir='ltr'>ἀρχῆς</span> <span class='ocrx_word' id='word_1_575' title='bbox 3343 3319 3587 3385; x_wconf 81' lang='grc' dir='ltr'>ἀτελοῦς,</span> 
     </span>
    </p>
   </div>
   <div class='ocr_carea' id='block_1_79' title="bbox 2009 3385 3586 3474">
    <p class='ocr_par' dir='ltr' id='par_1_79' title="bbox 2009 3385 3586 3474">
     <span class='ocr_line' id='line_1_79' title="bbox 2009 3385 3586 3474; baseline 0.018 -39"><span class='ocrx_word' id='word_1_576' title='bbox 2009 3386 2145 3454; x_wconf 76' lang='grc' dir='ltr'>πρὸς</span> <span class='ocrx_word' id='word_1_577' title='bbox 2178 3385 2239 3439; x_wconf 85' lang='grc' dir='ltr'>τὸ</span> <span class='ocrx_word' id='word_1_578' title='bbox 2269 3391 2485 3455; x_wconf 76' lang='grc' dir='ltr'>ἐντελὲς</span> <span class='ocrx_word' id='word_1_579' title='bbox 2551 3399 2926 3468; x_wconf 81' lang='grc' dir='ltr'>συμπέρασμα</span> <span class='ocrx_word' id='word_1_580' title='bbox 2989 3385 3362 3474; x_wconf 85' lang='grc' dir='ltr'>προαγόμενος</span> <span class='ocrx_word' id='word_1_581' title='bbox 3387 3424 3401 3438; x_wconf 81' lang='lat'>&#39;</span> <span class='ocrx_word' id='word_1_582' title='bbox 3449 3409 3586 3464; x_wconf 82' lang='grc' dir='ltr'><strong>ἀλλά</strong></span> 
     </span>
    </p>
   </div>
   <div class='ocr_carea' id='block_1_80' title="bbox 2008 3478 3581 3569">
    <p class='ocr_par' dir='ltr' id='par_1_80' title="bbox 2008 3478 3581 3569">
     <span class='ocr_line' id='line_1_80' title="bbox 2008 3478 3581 3569; baseline 0.017 -40"><span class='ocrx_word' id='word_1_583' title='bbox 2008 3478 2146 3532; x_wconf 78' lang='grc' dir='ltr'>κατὰ</span> <span class='ocrx_word' id='word_1_584' title='bbox 2173 3480 2262 3532; x_wconf 67' lang='grc' dir='ltr'>τὸν</span> <span class='ocrx_word' id='word_1_585' title='bbox 2293 3483 2550 3552; x_wconf 64' lang='grc' dir='ltr'>ἐμφύτως</span> <span class='ocrx_word' id='word_1_586' title='bbox 2577 3489 2732 3557; x_wconf 80' lang='grc' dir='ltr'>ἡμῖν,</span> <span class='ocrx_word' id='word_1_587' title='bbox 2758 3491 2816 3557; x_wconf 78' lang='grc' dir='ltr'>ἐξ</span> <span class='ocrx_word' id='word_1_588' title='bbox 2843 3486 2904 3545; x_wconf 82' lang='grc' dir='ltr'>οὗ</span> <span class='ocrx_word' id='word_1_589' title='bbox 2927 3495 3237 3566; x_wconf 84' lang='grc' dir='ltr'>γεγόναμεν</span> <span class='ocrx_word' id='word_1_590' title='bbox 3295 3499 3438 3569; x_wconf 81' lang='grc' dir='ltr'><strong>παρά</strong></span> <span class='ocrx_word' id='word_1_591' title='bbox 3486 3501 3581 3556; x_wconf 81' lang='grc' dir='ltr'><strong>τοῦ</strong></span> 
     </span>
    </p>
   </div>
   <div class='ocr_carea' id='block_1_81' title="bbox 2008 3571 3585 3661">
    <p class='ocr_par' dir='ltr' id='par_1_81' title="bbox 2008 3571 3585 3661">
     <span class='ocr_line' id='line_1_81' title="bbox 2008 3571 3585 3661; baseline 0.015 -39"><span class='ocrx_word' id='word_1_592' title='bbox 2008 3571 2297 3636; x_wconf 82' lang='grc' dir='ltr'>κτίσαντος</span> <span class='ocrx_word' id='word_1_593' title='bbox 2330 3577 2476 3646; x_wconf 77' lang='grc' dir='ltr'>ἡμᾶς</span> <span class='ocrx_word' id='word_1_594' title='bbox 2499 3581 2622 3632; x_wconf 84' lang='grc' dir='ltr'>κατ’</span> <span class='ocrx_word' id='word_1_595' title='bbox 2662 3583 2847 3636; x_wconf 78' lang='grc' dir='ltr'>εἰκόνα</span> <span class='ocrx_word' id='word_1_596' title='bbox 2897 3587 3125 3653; x_wconf 84' lang='grc' dir='ltr'>οἰκείαν,</span> <span class='ocrx_word' id='word_1_597' title='bbox 3167 3589 3585 3661; x_wconf 76' lang='grc' dir='ltr'>ἔναποκείμενον</span> 
     </span>
    </p>
   </div>
   <div class='ocr_carea' id='block_1_82' title="bbox 2004 3662 3582 3752">
    <p class='ocr_par' dir='ltr' id='par_1_82' title="bbox 2004 3662 3582 3752">
     <span class='ocr_line' id='line_1_82' title="bbox 2004 3662 3582 3752; baseline 0.016 -39"><span class='ocrx_word' id='word_1_598' title='bbox 2004 3662 2082 3731; x_wconf 85' lang='grc' dir='ltr'>τῷ</span> <span class='ocrx_word' id='word_1_599' title='bbox 2110 3664 2186 3735; x_wconf 78' lang='grc' dir='ltr'><strong>νῷ</strong></span> <span class='ocrx_word' id='word_1_600' title='bbox 2207 3664 2382 3734; x_wconf 84' lang='grc' dir='ltr'>λόγον,</span> <span class='ocrx_word' id='word_1_601' title='bbox 2413 3670 2510 3740; x_wconf 79' lang='grc' dir='ltr'>τὴν</span> <span class='ocrx_word' id='word_1_602' title='bbox 2535 3673 2622 3724; x_wconf 78' lang='grc' dir='ltr'><strong>ἀεὶ</strong></span> <span class='ocrx_word' id='word_1_603' title='bbox 2653 3675 3110 3746; x_wconf 79' lang='grc' dir='ltr'>συνυπάρχουσαν</span> <span class='ocrx_word' id='word_1_604' title='bbox 3168 3682 3316 3752; x_wconf 82' lang='grc' dir='ltr'>αὐτῷ</span> <span class='ocrx_word' id='word_1_605' title='bbox 3363 3684 3582 3750; x_wconf 82' lang='grc' dir='ltr'>γνῶσιν,</span> 
     </span>
    </p>
   </div>
   <div class='ocr_carea' id='block_1_83' title="bbox 2003 3751 3584 3844">
    <p class='ocr_par' dir='ltr' id='par_1_83' title="bbox 2003 3754 3584 3844">
     <span class='ocr_line' id='line_1_83' title="bbox 2003 3754 3584 3844; baseline 0.015 -39"><span class='ocrx_word' id='word_1_606' title='bbox 2003 3754 2124 3824; x_wconf 76' lang='grc' dir='ltr'>ἥτις</span> <span class='ocrx_word' id='word_1_607' title='bbox 2154 3758 2245 3809; x_wconf 78' lang='grc' dir='ltr'><strong>καὶ</strong></span> <span class='ocrx_word' id='word_1_608' title='bbox 2270 3759 2506 3827; x_wconf 86' lang='grc' dir='ltr'>μάλιστα</span> <span class='ocrx_word' id='word_1_609' title='bbox 2560 3765 2677 3817; x_wconf 79' lang='grc' dir='ltr'>ἐκεῖ</span> <span class='ocrx_word' id='word_1_610' title='bbox 2735 3769 2828 3820; x_wconf 78' lang='grc' dir='ltr'>ἐπὶ</span> <span class='ocrx_word' id='word_1_611' title='bbox 2875 3769 2968 3822; x_wconf 89' lang='grc' dir='ltr'><strong>τοῦ</strong></span> <span class='ocrx_word' id='word_1_612' title='bbox 3027 3771 3286 3826; x_wconf 83' lang='grc' dir='ltr'>ἀνωτάτω</span> <span class='ocrx_word' id='word_1_613' title='bbox 3338 3774 3428 3826; x_wconf 89' lang='grc' dir='ltr'><strong>νοῦ</strong></span> <span class='ocrx_word' id='word_1_614' title='bbox 3483 3779 3584 3844; x_wconf 78' lang='grc' dir='ltr'>τῆς</span> 
     </span>
    </p>
   </div>
   <div class='ocr_carea' id='block_1_84' title="bbox 2005 3849 3582 3940">
    <p class='ocr_par' dir='ltr' id='par_1_84' title="bbox 2005 3849 3582 3940">
     <span class='ocr_line' id='line_1_84' title="bbox 2005 3849 3582 3940; baseline 0.015 -42"><span class='ocrx_word' id='word_1_615' title='bbox 2005 3849 2303 3914; x_wconf 78' lang='grc' dir='ltr'>παντελοῦς</span> <span class='ocrx_word' id='word_1_616' title='bbox 2333 3857 2428 3906; x_wconf 84' lang='grc' dir='ltr'><strong>καὶ</strong></span> <span class='ocrx_word' id='word_1_617' title='bbox 2454 3856 2788 3926; x_wconf 83' lang='grc' dir='ltr'>ῦπερτελοῦς</span> <span class='ocrx_word' id='word_1_618' title='bbox 2822 3861 3180 3932; x_wconf 79' lang='grc' dir='ltr'>ἀγαθότητος,</span> <span class='ocrx_word' id='word_1_619' title='bbox 3206 3866 3336 3934; x_wconf 75' lang='grc' dir='ltr'>παρ’</span> <span class='ocrx_word' id='word_1_620' title='bbox 3419 3869 3582 3938; x_wconf 76' lang='grc' dir='ltr'>μηδὲν</span> 
     </span>
    </p>
   </div>
   <div class='ocr_carea' id='block_1_85' title="bbox 2004 3939 3581 4022">
    <p class='ocr_par' dir='ltr' id='par_1_85' title="bbox 2004 3939 3581 4022">
     <span class='ocr_line' id='line_1_85' title="bbox 2004 3939 3581 4022; baseline 0.013 -33"><span class='ocrx_word' id='word_1_621' title='bbox 2004 3939 2214 4003; x_wconf 86' lang='grc' dir='ltr'>ἀτελὲς,</span> <span class='ocrx_word' id='word_1_622' title='bbox 2267 3944 2408 4013; x_wconf 81' lang='grc' dir='ltr'>πλὴν</span> <span class='ocrx_word' id='word_1_623' title='bbox 2460 3949 2556 3999; x_wconf 89' lang='grc' dir='ltr'><strong>τοῦ</strong></span> <span class='ocrx_word' id='word_1_624' title='bbox 2609 3951 2668 4016; x_wconf 80' lang='grc' dir='ltr'>ἐξ</span> <span class='ocrx_word' id='word_1_625' title='bbox 2726 3951 2895 4022; x_wconf 82' lang='grc' dir='ltr'>αὐτῆς</span> <span class='ocrx_word' id='word_1_626' title='bbox 2959 3951 3121 4017; x_wconf 78' lang='grc' dir='ltr'>εἶναι,</span> <span class='ocrx_word' id='word_1_627' title='bbox 3198 3939 3390 4010; x_wconf 80' lang='grc' dir='ltr'>πάντα</span> <span class='ocrx_word' id='word_1_628' title='bbox 3435 3962 3581 4012; x_wconf 77' lang='grc' dir='ltr'>ἐστὶν</span> 
     </span>
    </p>
   </div>
   <div class='ocr_carea' id='block_1_86' title="bbox 2003 4031 3580 4113">
    <p class='ocr_par' dir='ltr' id='par_1_86' title="bbox 2003 4031 3580 4113">
     <span class='ocr_line' id='line_1_86' title="bbox 2003 4031 3580 4113; baseline 0.013 -31"><span class='ocrx_word' id='word_1_629' title='bbox 2003 4031 2442 4102; x_wconf 85' lang='grc' dir='ltr'>ἀπαραλλάκτως</span> <span class='ocrx_word' id='word_1_630' title='bbox 2465 4039 2564 4092; x_wconf 82' lang='grc' dir='ltr'>ὅσα</span> <span class='ocrx_word' id='word_1_631' title='bbox 2593 4042 2798 4113; x_wconf 85' lang='grc' dir='ltr'>ἐκείνη.</span> <span class='ocrx_word' id='word_1_632' title='bbox 2826 4047 2904 4097; x_wconf 88' lang='grc' dir='ltr'><strong>Δι’</strong></span> <span class='ocrx_word' id='word_1_633' title='bbox 2937 4044 2964 4097; x_wconf 80' lang='grc' dir='ltr'><strong>ὅ</strong></span> <span class='ocrx_word' id='word_1_634' title='bbox 2988 4047 3082 4098; x_wconf 80' lang='grc' dir='ltr'>καὶ</span> <span class='ocrx_word' id='word_1_635' title='bbox 3126 4047 3254 4110; x_wconf 75' lang='grc' dir='ltr'>Υἱὸς</span> <span class='ocrx_word' id='word_1_636' title='bbox 3276 4052 3302 4101; x_wconf 91' lang='grc' dir='ltr'><strong>ό</strong></span> <span class='ocrx_word' id='word_1_637' title='bbox 3328 4050 3580 4104; x_wconf 78' lang='grc' dir='ltr'>ἀνωτάτω</span> 
     </span>
    </p>
   </div>
   <div class='ocr_carea' id='block_1_87' title="bbox 2005 4124 3578 4209">
    <p class='ocr_par' dir='ltr' id='par_1_87' title="bbox 2005 4124 3578 4209">
     <span class='ocr_line' id='line_1_87' title="bbox 2005 4124 3578 4209; baseline 0.011 -34"><span class='ocrx_word' id='word_1_638' title='bbox 2005 4124 2175 4190; x_wconf 88' lang='grc' dir='ltr'>Λόγος</span> <span class='ocrx_word' id='word_1_639' title='bbox 2203 4125 2319 4180; x_wconf 76' lang='grc' dir='ltr'>ἔστι</span> <span class='ocrx_word' id='word_1_640' title='bbox 2352 4146 2409 4180; x_wconf 83' lang='grc' dir='ltr'><strong>τε</strong></span> <span class='ocrx_word' id='word_1_641' title='bbox 2435 4131 2527 4182; x_wconf 71' lang='grc' dir='ltr'><strong>καὶ</strong></span> <span class='ocrx_word' id='word_1_642' title='bbox 2553 4134 2689 4202; x_wconf 80' lang='grc' dir='ltr'>παρ’</span> <span class='ocrx_word' id='word_1_643' title='bbox 2718 4136 2874 4203; x_wconf 85' lang='grc' dir='ltr'>ἡμῶν</span> <span class='ocrx_word' id='word_1_644' title='bbox 2895 4137 3159 4191; x_wconf 88' lang='grc' dir='ltr'>καλεῖται·</span> <span class='ocrx_word' id='word_1_645' title='bbox 3178 4139 3242 4191; x_wconf 78' lang='grc' dir='ltr'><strong>ἵν’</strong></span> <span class='ocrx_word' id='word_1_646' title='bbox 3273 4141 3578 4209; x_wconf 83' lang='grc' dir='ltr'>ἐπιγνῶμεν</span> 
     </span>
    </p>
   </div>
   <div class='ocr_carea' id='block_1_88' title="bbox 2003 4215 3576 4304">
    <p class='ocr_par' dir='ltr' id='par_1_88' title="bbox 2003 4215 3576 4304">
     <span class='ocr_line' id='line_1_88' title="bbox 2003 4215 3576 4304; baseline 0.011 -37"><span class='ocrx_word' id='word_1_647' title='bbox 2003 4215 2166 4268; x_wconf 81' lang='grc' dir='ltr'>αὑτὸν</span> <span class='ocrx_word' id='word_1_648' title='bbox 2201 4219 2329 4273; x_wconf 82' lang='grc' dir='ltr'>ὄντα</span> <span class='ocrx_word' id='word_1_649' title='bbox 2352 4221 2578 4283; x_wconf 82' lang='grc' dir='ltr'>τέλειον.</span> <span class='ocrx_word' id='word_1_650' title='bbox 2615 4226 2673 4278; x_wconf 79' lang='grc' dir='ltr'>ἐν</span> <span class='ocrx_word' id='word_1_651' title='bbox 2699 4227 2993 4281; x_wconf 84' lang='grc' dir='ltr'>ὑποστάσει</span> <span class='ocrx_word' id='word_1_652' title='bbox 3021 4231 3203 4302; x_wconf 81' lang='grc' dir='ltr'>τελείᾳ</span> <span class='ocrx_word' id='word_1_653' title='bbox 3239 4249 3298 4284; x_wconf 87' lang='grc' dir='ltr'><strong>τε</strong></span> <span class='ocrx_word' id='word_1_654' title='bbox 3341 4233 3576 4304; x_wconf 64' lang='grc' dir='ltr'>καὶίδία,</span> 
     </span>
    </p>
   </div>
   <div class='ocr_carea' id='block_1_89' title="bbox 2003 4307 3579 4392">
    <p class='ocr_par' dir='ltr' id='par_1_89' title="bbox 2003 4307 3579 4392">
     <span class='ocr_line' id='line_1_89' title="bbox 2003 4307 3579 4392; baseline 0.003 -23"><span class='ocrx_word' id='word_1_655' title='bbox 2003 4307 2078 4369; x_wconf 79' lang='grc' dir='ltr'><strong>ὡς</strong></span> <span class='ocrx_word' id='word_1_656' title='bbox 2102 4308 2164 4360; x_wconf 75' lang='grc' dir='ltr'>ἐκ</span> <span class='ocrx_word' id='word_1_657' title='bbox 2198 4310 2292 4374; x_wconf 67' lang='grc' dir='ltr'><strong>⁸ιῑοῦ</strong></span> <span class='ocrx_word' id='word_1_658' title='bbox 2330 4313 2547 4383; x_wconf 71' lang='grc' dir='ltr'>Πατρός</span> <span class='ocrx_word' id='word_1_659' title='bbox 2564 4315 2714 4380; x_wconf 78' lang='grc' dir='ltr'>ὄντα,</span> <span class='ocrx_word' id='word_1_660' title='bbox 2760 4319 2852 4372; x_wconf 80' lang='grc' dir='ltr'><strong>καὶ</strong></span> <span class='ocrx_word' id='word_1_661' title='bbox 2892 4317 3034 4372; x_wconf 76' lang='grc' dir='ltr'>κατὰ</span> <span class='ocrx_word' id='word_1_662' title='bbox 3067 4321 3233 4390; x_wconf 86' lang='grc' dir='ltr'>μηδὲν</span> <span class='ocrx_word' id='word_1_663' title='bbox 3259 4322 3579 4392; x_wconf 87' lang='grc' dir='ltr'>λειπόμενον</span> 
     </span>
    </p>
   </div>
   <div class='ocr_carea' id='block_1_90' title="bbox 313 4407 1904 4498">
    <p class='ocr_par' dir='ltr' id='par_1_90' title="bbox 313 4427 1896 4498">
     <span class='ocr_line' id='line_1_90' title="bbox 313 4427 1896 4498; baseline -0.001 -16"><span class='ocrx_word' id='word_1_664' title='bbox 313 4442 496 4482; x_wconf 89' lang='lat' dir='ltr'><strong>tamen</strong></span> <span class='ocrx_word' id='word_1_665' title='bbox 541 4442 797 4496; x_wconf 87' lang='lat' dir='ltr'><strong>persona,</strong></span> <span class='ocrx_word' id='word_1_666' title='bbox 851 4441 976 4496; x_wconf 68' lang='lat' dir='ltr'><strong>quae</strong></span> <span class='ocrx_word' id='word_1_667' title='bbox 1023 4427 1185 4482; x_wconf 86' lang='lat' dir='ltr'><strong>docet</strong></span> <span class='ocrx_word' id='word_1_668' title='bbox 1221 4429 1288 4480; x_wconf 88' lang='lat' dir='ltr'><strong>ab</strong></span> <span class='ocrx_word' id='word_1_669' title='bbox 1317 4444 1383 4482; x_wconf 92' lang='grc'><strong>00</strong></span> <span class='ocrx_word' id='word_1_670' title='bbox 1419 4428 1609 4483; x_wconf 88' lang='lat' dir='ltr'><strong>divine</strong></span> <span class='ocrx_word' id='word_1_671' title='bbox 1652 4429 1896 4498; x_wconf 78' lang='lat' dir='ltr'><strong>genitum</strong></span> 
     </span>
    </p>
   </div>
   <div class='ocr_carea' id='block_1_91' title="bbox 2009 4407 3579 4498">
    <p class='ocr_par' dir='ltr' id='par_1_91' title="bbox 2009 4407 3579 4482">
     <span class='ocr_line' id='line_1_91' title="bbox 2009 4407 3579 4482; baseline 0.009 -30"><span class='ocrx_word' id='word_1_672' title='bbox 2009 4407 2100 4468; x_wconf 81' lang='grc' dir='ltr'><strong>τῆς</strong></span> <span class='ocrx_word' id='word_1_673' title='bbox 2133 4407 2406 4476; x_wconf 75' lang='grc' dir='ltr'>πατρικῆς</span> <span class='ocrx_word' id='word_1_674' title='bbox 2431 4409 2640 4473; x_wconf 79' lang='grc' dir='ltr'>οὐσίας,</span> <span class='ocrx_word' id='word_1_675' title='bbox 2666 4409 2782 4463; x_wconf 78' lang='grc' dir='ltr'>ἀλλ’</span> <span class='ocrx_word' id='word_1_676' title='bbox 2829 4411 3263 4482; x_wconf 87' lang='grc' dir='ltr'>ἀπαραλλάκτως</span> <span class='ocrx_word' id='word_1_677' title='bbox 3298 4415 3391 4466; x_wconf 81' lang='grc' dir='ltr'>τὸν</span> <span class='ocrx_word' id='word_1_678' title='bbox 3422 4415 3579 4468; x_wconf 76' lang='grc' dir='ltr'>αὐτὸν</span> 
     </span>
    </p>
   </div>
   <div class='ocr_carea' id='block_1_92' title="bbox 308 4519 727 4575">
    <p class='ocr_par' dir='ltr' id='par_1_92' title="bbox 308 4519 727 4575">
     <span class='ocr_line' id='line_1_92' title="bbox 308 4519 727 4575; baseline 0 -1"><span class='ocrx_word' id='word_1_679' title='bbox 308 4535 432 4575; x_wconf 88' lang='lat' dir='ltr'><strong>esse</strong></span> <span class='ocrx_word' id='word_1_680' title='bbox 465 4519 727 4575; x_wconf 84' lang='lat' dir='ltr'><strong>Verbum.</strong></span> 
     </span>
    </p>
   </div>
   <div class='ocr_carea' id='block_1_93' title="bbox 379 4693 1897 4759">
    <p class='ocr_par' dir='ltr' id='par_1_93' title="bbox 379 4693 1897 4759">
     <span class='ocr_line' id='line_1_93' title="bbox 379 4693 1897 4759; baseline -0.003 -11"><span class='ocrx_word' id='word_1_681' title='bbox 379 4693 470 4748; x_wconf 76' lang='lat'><strong>36.</strong></span> <span class='ocrx_word' id='word_1_682' title='bbox 503 4693 728 4748; x_wconf 84' lang='lat' dir='ltr'><strong>Bonitas</strong></span> <span class='ocrx_word' id='word_1_683' title='bbox 758 4709 823 4749; x_wconf 75' lang='lat' dir='ltr'><strong>ex</strong></span> <span class='ocrx_word' id='word_1_684' title='bbox 860 4693 1107 4750; x_wconf 89' lang='lat' dir='ltr'><strong>bonitate</strong></span> <span class='ocrx_word' id='word_1_685' title='bbox 1145 4693 1507 4749; x_wconf 87' lang='lat' dir='ltr'><strong>intellectuali</strong></span> <span class='ocrx_word' id='word_1_686' title='bbox 1541 4703 1799 4759; x_wconf 83' lang='lat' dir='ltr'><strong>tanquam</strong></span> <span class='ocrx_word' id='word_1_687' title='bbox 1832 4707 1897 4744; x_wconf 76' lang='lat' dir='ltr'><strong>ex</strong></span> 
     </span>
    </p>
   </div>
   <div class='ocr_carea' id='block_1_94' title="bbox 316 4781 1892 4857">
    <p class='ocr_par' dir='ltr' id='par_1_94' title="bbox 316 4781 1892 4857">
     <span class='ocr_line' id='line_1_94' title="bbox 316 4781 1892 4857; baseline -0.002 -21"><span class='ocrx_word' id='word_1_688' title='bbox 316 4786 466 4840; x_wconf 81' lang='grc'><strong>101110</strong></span> <span class='ocrx_word' id='word_1_689' title='bbox 495 4803 592 4855; x_wconf 90' lang='lat' dir='ltr'><strong>per</strong></span> <span class='ocrx_word' id='word_1_690' title='bbox 625 4787 1038 4857; x_wconf 84' lang='lat' dir='ltr'><strong>generationem</strong></span> <span class='ocrx_word' id='word_1_691' title='bbox 1077 4800 1331 4849; x_wconf 84' lang='lat' dir='ltr'><strong>manans,</strong></span> <span class='ocrx_word' id='word_1_692' title='bbox 1367 4800 1488 4837; x_wconf 89' lang='lat' dir='ltr'><strong>cum</strong></span> <span class='ocrx_word' id='word_1_693' title='bbox 1527 4781 1770 4835; x_wconf 84' lang='lat' dir='ltr'><strong>Verbum</strong></span> <span class='ocrx_word' id='word_1_694' title='bbox 1799 4781 1892 4844; x_wconf 82' lang='lat' dir='ltr'><strong>sit,</strong></span> 
     </span>
    </p>
   </div>
   <div class='ocr_carea' id='block_1_95' title="bbox 309 4873 1896 4947">
    <p class='ocr_par' dir='ltr' id='par_1_95' title="bbox 309 4873 1896 4947">
     <span class='ocr_line' id='line_1_95' title="bbox 309 4873 1896 4947; baseline -0.005 -16"><span class='ocrx_word' id='word_1_695' title='bbox 309 4879 540 4934; x_wconf 83' lang='lat' dir='ltr'><strong>verbum</strong></span> <span class='ocrx_word' id='word_1_696' title='bbox 580 4890 760 4932; x_wconf 86' lang='lat' dir='ltr'><strong>autem</strong></span> <span class='ocrx_word' id='word_1_697' title='bbox 797 4881 917 4934; x_wconf 87' lang='lat' dir='ltr'><strong>sine</strong></span> <span class='ocrx_word' id='word_1_698' title='bbox 968 4878 1376 4947; x_wconf 74' lang='lat' dir='ltr'><strong>Spiritu.t‘ietno</strong></span> <span class='ocrx_word' id='word_1_699' title='bbox 1405 4875 1743 4929; x_wconf 76' lang='lat' dir='ltr'><strong>intellectum</strong></span> <span class='ocrx_word' id='word_1_700' title='bbox 1799 4873 1896 4925; x_wconf 81' lang='lat' dir='ltr'><strong>lia-</strong></span> 
     </span>
    </p>
   </div>
   <div class='ocr_carea' id='block_1_96' title="bbox 311 4968 1898 5039">
    <p class='ocr_par' dir='ltr' id='par_1_96' title="bbox 311 4968 1898 5039">
     <span class='ocr_line' id='line_1_96' title="bbox 311 4968 1898 5039; baseline -0.001 -18"><span class='ocrx_word' id='word_1_701' title='bbox 311 4971 446 5023; x_wconf 73' lang='lat' dir='ltr'><strong>liens</strong></span> <span class='ocrx_word' id='word_1_702' title='bbox 466 4971 764 5038; x_wconf 85' lang='lat' dir='ltr'><strong>concipere</strong></span> <span class='ocrx_word' id='word_1_703' title='bbox 801 4972 1000 5039; x_wconf 84' lang='lat' dir='ltr'><strong>possit,</strong></span> <span class='ocrx_word' id='word_1_704' title='bbox 1050 4970 1175 5025; x_wconf 90' lang='lat' dir='ltr'><strong>ideo</strong></span> <span class='ocrx_word' id='word_1_705' title='bbox 1211 4980 1268 5024; x_wconf 87' lang='lat' dir='ltr'><strong>et</strong></span> <span class='ocrx_word' id='word_1_706' title='bbox 1323 4968 1591 5037; x_wconf 81' lang='lat' dir='ltr'><strong>Spiritum</strong></span> <span class='ocrx_word' id='word_1_707' title='bbox 1645 4978 1898 5019; x_wconf 85' lang='lat' dir='ltr'><strong>sanctum</strong></span> 
     </span>
    </p>
   </div>
   <div class='ocr_carea' id='block_1_97' title="bbox 309 5055 1897 5123">
    <p class='ocr_par' dir='ltr' id='par_1_97' title="bbox 309 5055 1897 5123">
     <span class='ocr_line' id='line_1_97' title="bbox 309 5055 1897 5123; baseline -0.001 -12"><span class='ocrx_word' id='word_1_708' title='bbox 309 5059 455 5112; x_wconf 81' lang='lat' dir='ltr'><strong>Deus</strong></span> <span class='ocrx_word' id='word_1_709' title='bbox 489 5057 584 5112; x_wconf 87' lang='lat' dir='ltr'><strong>Dei</strong></span> <span class='ocrx_word' id='word_1_710' title='bbox 613 5055 855 5112; x_wconf 81' lang='lat' dir='ltr'><strong>Verbum</strong></span> <span class='ocrx_word' id='word_1_711' title='bbox 885 5061 1050 5113; x_wconf 79' lang='lat' dir='ltr'><strong>liabet</strong></span> <span class='ocrx_word' id='word_1_712' title='bbox 1077 5076 1265 5113; x_wconf 81' lang='lat' dir='ltr'><strong>secum</strong></span> <span class='ocrx_word' id='word_1_713' title='bbox 1299 5073 1362 5112; x_wconf 83' lang='lat' dir='ltr'><strong>ex</strong></span> <span class='ocrx_word' id='word_1_714' title='bbox 1399 5058 1558 5109; x_wconf 89' lang='lat' dir='ltr'><strong>Patre</strong></span> <span class='ocrx_word' id='word_1_715' title='bbox 1592 5055 1897 5123; x_wconf 83' lang='lat' dir='ltr'><strong>proceden—</strong></span> 
     </span>
    </p>
   </div>
   <div class='ocr_carea' id='block_1_98' title="bbox 311 5148 1898 5220">
    <p class='ocr_par' dir='ltr' id='par_1_98' title="bbox 311 5148 1898 5220">
     <span class='ocr_line' id='line_1_98' title="bbox 311 5148 1898 5220; baseline -0.002 -18"><span class='ocrx_word' id='word_1_716' title='bbox 311 5160 418 5204; x_wconf 89' lang='lat' dir='ltr'><strong>tem</strong></span> <span class='ocrx_word' id='word_1_717' title='bbox 451 5167 467 5206; x_wconf 90' lang='lat'><strong>:</strong></span> <span class='ocrx_word' id='word_1_718' title='bbox 499 5149 753 5219; x_wconf 76' lang='lat' dir='ltr'><strong>Spiritum</strong></span> <span class='ocrx_word' id='word_1_719' title='bbox 781 5166 945 5220; x_wconf 89' lang='lat' dir='ltr'><strong>porro</strong></span> <span class='ocrx_word' id='word_1_720' title='bbox 973 5167 1082 5205; x_wconf 91' lang='lat' dir='ltr'><strong>non</strong></span> <span class='ocrx_word' id='word_1_721' title='bbox 1113 5150 1350 5205; x_wconf 88' lang='lat' dir='ltr'><strong>similem</strong></span> <span class='ocrx_word' id='word_1_722' title='bbox 1373 5148 1599 5216; x_wconf 84' lang='lat' dir='ltr'><strong>spiritus</strong></span> <span class='ocrx_word' id='word_1_723' title='bbox 1627 5149 1898 5200; x_wconf 86' lang='lat' dir='ltr'><strong>comitan-</strong></span> 
     </span>
    </p>
   </div>
   <div class='ocr_carea' id='block_1_99' title="bbox 308 5240 1896 5312">
    <p class='ocr_par' dir='ltr' id='par_1_99' title="bbox 308 5240 1896 5312">
     <span class='ocr_line' id='line_1_99' title="bbox 308 5240 1896 5312; baseline -0.001 -16"><span class='ocrx_word' id='word_1_724' title='bbox 308 5244 380 5298; x_wconf 79' lang='lat' dir='ltr'><strong>tis</strong></span> <span class='ocrx_word' id='word_1_725' title='bbox 432 5247 664 5296; x_wconf 88' lang='lat' dir='ltr'><strong>verbum</strong></span> <span class='ocrx_word' id='word_1_726' title='bbox 721 5245 929 5298; x_wconf 84' lang='lat' dir='ltr'><strong>nostris</strong></span> <span class='ocrx_word' id='word_1_727' title='bbox 963 5243 1124 5297; x_wconf 86' lang='lat' dir='ltr'><strong>labiis</strong></span> <span class='ocrx_word' id='word_1_728' title='bbox 1187 5242 1485 5312; x_wconf 86' lang='lat' dir='ltr'><strong>prolatum,</strong></span> <span class='ocrx_word' id='word_1_729' title='bbox 1522 5256 1623 5295; x_wconf 83' lang='lat' dir='ltr'><strong>nec</strong></span> <span class='ocrx_word' id='word_1_730' title='bbox 1658 5240 1896 5295; x_wconf 87' lang='lat' dir='ltr'><strong>similem</strong></span> 
     </span>
    </p>
   </div>
   <div class='ocr_carea' id='block_1_100' title="bbox 308 5333 1898 5403">
    <p class='ocr_par' dir='ltr' id='par_1_100' title="bbox 308 5333 1898 5403">
     <span class='ocr_line' id='line_1_100' title="bbox 308 5333 1898 5403; baseline 0.001 -16"><span class='ocrx_word' id='word_1_731' title='bbox 308 5335 532 5401; x_wconf 80' lang='lat' dir='ltr'><strong>spiritus</strong></span> <span class='ocrx_word' id='word_1_732' title='bbox 568 5335 648 5389; x_wconf 90' lang='lat' dir='ltr'><strong>vel</strong></span> <span class='ocrx_word' id='word_1_733' title='bbox 678 5334 1040 5402; x_wconf 79' lang='lat' dir='ltr'><strong>incorporalis</strong></span> <span class='ocrx_word' id='word_1_734' title='bbox 1065 5334 1347 5403; x_wconf 86' lang='lat' dir='ltr'><strong>conjuncti</strong></span> <span class='ocrx_word' id='word_1_735' title='bbox 1385 5333 1550 5388; x_wconf 79' lang='lat' dir='ltr'><strong>verbo</strong></span> <span class='ocrx_word' id='word_1_736' title='bbox 1573 5333 1721 5402; x_wconf 91' lang='lat' dir='ltr'><strong>quod</strong></span> <span class='ocrx_word' id='word_1_737' title='bbox 1751 5335 1898 5389; x_wconf 84' lang='lat' dir='ltr'><strong>intus</strong></span> 
     </span>
    </p>
   </div>
   <div class='ocr_carea' id='block_1_101' title="bbox 308 5427 1894 5496">
    <p class='ocr_par' dir='ltr' id='par_1_101' title="bbox 308 5427 1894 5496">
     <span class='ocr_line' id='line_1_101' title="bbox 308 5427 1894 5496; baseline 0.001 -18"><span class='ocrx_word' id='word_1_738' title='bbox 308 5427 688 5496; x_wconf 86' lang='lat' dir='ltr'><strong>componimus</strong></span> <span class='ocrx_word' id='word_1_739' title='bbox 717 5439 808 5480; x_wconf 87' lang='lat' dir='ltr'><strong>aut</strong></span> <span class='ocrx_word' id='word_1_740' title='bbox 851 5428 996 5496; x_wconf 88' lang='lat' dir='ltr'><strong>quod</strong></span> <span class='ocrx_word' id='word_1_741' title='bbox 1043 5428 1372 5495; x_wconf 75' lang='lat' dir='ltr'><strong>cogitamus,</strong></span> <span class='ocrx_word' id='word_1_742' title='bbox 1408 5442 1536 5480; x_wconf 88' lang='lat' dir='ltr'><strong>nam</strong></span> <span class='ocrx_word' id='word_1_743' title='bbox 1600 5428 1705 5480; x_wconf 85' lang='lat' dir='ltr'><strong>iste</strong></span> <span class='ocrx_word' id='word_1_744' title='bbox 1730 5431 1894 5480; x_wconf 87' lang='lat' dir='ltr'><strong>etiam</strong></span> 
     </span>
    </p>
   </div>
   <div class='ocr_carea' id='block_1_102' title="bbox 307 5517 1890 5586">
    <p class='ocr_par' dir='ltr' id='par_1_102' title="bbox 307 5517 1890 5586">
     <span class='ocr_line' id='line_1_102' title="bbox 307 5517 1890 5586; baseline 0.003 -16"><span class='ocrx_word' id='word_1_745' title='bbox 307 5528 390 5572; x_wconf 85' lang='lat' dir='ltr'><strong>est</strong></span> <span class='ocrx_word' id='word_1_746' title='bbox 423 5528 654 5572; x_wconf 86' lang='lat' dir='ltr'><strong>conatus</strong></span> <span class='ocrx_word' id='word_1_747' title='bbox 679 5521 899 5586; x_wconf 71' lang='lat' dir='ltr'><strong>quidam</strong></span> <span class='ocrx_word' id='word_1_748' title='bbox 939 5519 1251 5572; x_wconf 85' lang='lat' dir='ltr'><strong>intellectus</strong></span> <span class='ocrx_word' id='word_1_749' title='bbox 1301 5534 1428 5572; x_wconf 91' lang='lat' dir='ltr'><strong>cum</strong></span> <span class='ocrx_word' id='word_1_750' title='bbox 1485 5517 1653 5572; x_wconf 76' lang='lat' dir='ltr'><strong>verbo</strong></span> <span class='ocrx_word' id='word_1_751' title='bbox 1700 5531 1890 5574; x_wconf 79' lang='lat' dir='ltr'><strong>neStro</strong></span> 
     </span>
    </p>
   </div>
   <div class='ocr_carea' id='block_1_103' title="bbox 308 5607 1892 5680">
    <p class='ocr_par' dir='ltr' id='par_1_103' title="bbox 308 5607 1892 5680">
     <span class='ocr_line' id='line_1_103' title="bbox 308 5607 1892 5680; baseline 0.003 -21"><span class='ocrx_word' id='word_1_752' title='bbox 308 5607 655 5664; x_wconf 79' lang='lat' dir='ltr'><strong>collaborans</strong></span> <span class='ocrx_word' id='word_1_753' title='bbox 677 5609 1076 5678; x_wconf 81' lang='lat' dir='ltr'><strong>tetnporaliter,</strong></span> <span class='ocrx_word' id='word_1_754' title='bbox 1104 5611 1412 5680; x_wconf 86' lang='lat' dir='ltr'><strong>iisdemque</strong></span> <span class='ocrx_word' id='word_1_755' title='bbox 1437 5608 1692 5678; x_wconf 76' lang='lat' dir='ltr'><strong>indigens</strong></span> <span class='ocrx_word' id='word_1_756' title='bbox 1720 5610 1892 5666; x_wconf 85' lang='lat' dir='ltr'><strong>inter-</strong></span> 
     </span>
    </p>
   </div>
   <div class='ocr_carea' id='block_1_104' title="bbox 308 5701 1888 5775">
    <p class='ocr_par' dir='ltr' id='par_1_104' title="bbox 308 5701 1888 5775">
     <span class='ocr_line' id='line_1_104' title="bbox 308 5701 1888 5775; baseline 0.006 -24"><span class='ocrx_word' id='word_1_757' title='bbox 308 5701 489 5770; x_wconf 78' lang='lat' dir='ltr'><strong>vallis,</strong></span> <span class='ocrx_word' id='word_1_758' title='bbox 521 5713 575 5758; x_wconf 89' lang='lat' dir='ltr'><strong>et</strong></span> <span class='ocrx_word' id='word_1_759' title='bbox 601 5717 668 5757; x_wconf 83' lang='lat' dir='ltr'><strong>ex</strong></span> <span class='ocrx_word' id='word_1_760' title='bbox 699 5701 1022 5771; x_wconf 81' lang='lat' dir='ltr'><strong>imperfecto</strong></span> <span class='ocrx_word' id='word_1_761' title='bbox 1059 5702 1128 5758; x_wconf 91' lang='lat' dir='ltr'><strong>ad</strong></span> <span class='ocrx_word' id='word_1_762' title='bbox 1162 5705 1466 5775; x_wconf 70' lang='lat' dir='ltr'><strong>perfectum</strong></span> <span class='ocrx_word' id='word_1_763' title='bbox 1501 5704 1888 5774; x_wconf 77' lang='lat' dir='ltr'><strong>progrediens.</strong></span> 
     </span>
    </p>
   </div>
   <div class='ocr_carea' id='block_1_105' title="bbox 2003 4493 3579 4574">
    <p class='ocr_par' dir='ltr' id='par_1_105' title="bbox 2003 4493 3579 4574">
     <span class='ocr_line' id='line_1_105' title="bbox 2003 4493 3579 4574; baseline 0.011 -31"><span class='ocrx_word' id='word_1_764' title='bbox 2003 4493 2196 4564; x_wconf 81' lang='grc' dir='ltr'>ἐκείνῳ</span> <span class='ocrx_word' id='word_1_765' title='bbox 2222 4497 2372 4564; x_wconf 80' lang='grc' dir='ltr'>ὄντα,</span> <span class='ocrx_word' id='word_1_766' title='bbox 2393 4501 2440 4552; x_wconf 90' lang='grc' dir='ltr'><strong>εἰ</strong></span> <span class='ocrx_word' id='word_1_767' title='bbox 2462 4500 2643 4571; x_wconf 81' lang='grc' dir='ltr'>καὶμὴ</span> <span class='ocrx_word' id='word_1_768' title='bbox 2672 4502 3126 4566; x_wconf 77' lang='grc' dir='ltr'>καθ’ῦπόστασιν,</span> <span class='ocrx_word' id='word_1_769' title='bbox 3149 4505 3272 4574; x_wconf 79' lang='grc' dir='ltr'><strong>ἦ“τὺ</strong></span> <span class='ocrx_word' id='word_1_770' title='bbox 3287 4507 3346 4570; x_wconf 77' lang='grc' dir='ltr'><strong>ἐξ</strong></span> <span class='ocrx_word' id='word_1_771' title='bbox 3373 4506 3579 4561; x_wconf 81' lang='grc' dir='ltr'>ἐκείνου</span> 
     </span>
    </p>
   </div>
   <div class='ocr_carea' id='block_1_106' title="bbox 1998 4590 3472 4668">
    <p class='ocr_par' dir='ltr' id='par_1_106' title="bbox 1998 4590 3472 4668">
     <span class='ocr_line' id='line_1_106' title="bbox 1998 4590 3472 4668; baseline 0.007 -27"><span class='ocrx_word' id='word_1_772' title='bbox 1998 4591 2272 4660; x_wconf 79' lang='grc' dir='ltr'>γεννητῶς</span> <span class='ocrx_word' id='word_1_773' title='bbox 2303 4592 2622 4661; x_wconf 88' lang='grc' dir='ltr'>θεοπρεπῶς</span> <span class='ocrx_word' id='word_1_774' title='bbox 2651 4590 2789 4649; x_wconf 83' lang='grc' dir='ltr'>εἶναι</span> <span class='ocrx_word' id='word_1_775' title='bbox 2823 4597 3118 4668; x_wconf 87' lang='grc' dir='ltr'>παρίστησι</span> <span class='ocrx_word' id='word_1_776' title='bbox 3157 4601 3247 4653; x_wconf 76' lang='grc' dir='ltr'>τὸν</span> <span class='ocrx_word' id='word_1_777' title='bbox 3282 4601 3472 4665; x_wconf 88' lang='grc' dir='ltr'>Λόγον.</span> 
     </span>
    </p>
   </div>
   <div class='ocr_carea' id='block_1_107' title="bbox 2066 4680 3579 4758">
    <p class='ocr_par' dir='ltr' id='par_1_107' title="bbox 2066 4680 3579 4758">
     <span class='ocr_line' id='line_1_107' title="bbox 2066 4680 3579 4758; baseline 0.006 -24"><span class='ocrx_word' id='word_1_778' title='bbox 2066 4681 2174 4747; x_wconf 79' lang='grc' dir='ltr'>λς’.</span> <span class='ocrx_word' id='word_1_779' title='bbox 2219 4680 2284 4734; x_wconf 81' lang='grc' dir='ltr'>Ἠ</span> <span class='ocrx_word' id='word_1_780' title='bbox 2315 4682 2613 4753; x_wconf 80' lang='grc' dir='ltr'>ἁγαθότης,</span> <span class='ocrx_word' id='word_1_781' title='bbox 2646 4688 2678 4754; x_wconf 79' lang='grc' dir='ltr'>ἡ</span> <span class='ocrx_word' id='word_1_782' title='bbox 2711 4685 2786 4748; x_wconf 83' lang='grc' dir='ltr'>ὡς</span> <span class='ocrx_word' id='word_1_783' title='bbox 2814 4687 2995 4758; x_wconf 81' lang='grc' dir='ltr'>πηγῆς</span> <span class='ocrx_word' id='word_1_784' title='bbox 3026 4688 3124 4757; x_wconf 79' lang='grc' dir='ltr'><strong>τῆς</strong></span> <span class='ocrx_word' id='word_1_785' title='bbox 3160 4692 3353 4758; x_wconf 77' lang='grc' dir='ltr'>νοερᾶς</span> <span class='ocrx_word' id='word_1_786' title='bbox 3378 4691 3579 4757; x_wconf 87' lang='grc' dir='ltr'>ἀγαθό-</span> 
     </span>
    </p>
   </div>
   <div class='ocr_carea' id='block_1_108' title="bbox 1994 4775 3582 4850">
    <p class='ocr_par' dir='ltr' id='par_1_108' title="bbox 1994 4775 3582 4850">
     <span class='ocr_line' id='line_1_108' title="bbox 1994 4775 3582 4850; baseline 0.004 -21"><span class='ocrx_word' id='word_1_787' title='bbox 1994 4793 2154 4847; x_wconf 84' lang='grc' dir='ltr'>τητος</span> <span class='ocrx_word' id='word_1_788' title='bbox 2185 4775 2450 4846; x_wconf 79' lang='grc' dir='ltr'>προϊοῦσα</span> <span class='ocrx_word' id='word_1_789' title='bbox 2484 4777 2780 4846; x_wconf 79' lang='grc' dir='ltr'>γεννητῶς,</span> <span class='ocrx_word' id='word_1_790' title='bbox 2812 4779 2934 4831; x_wconf 82' lang='grc' dir='ltr'>ἐπεὶ</span> <span class='ocrx_word' id='word_1_791' title='bbox 2986 4779 3140 4848; x_wconf 86' lang='grc' dir='ltr'>λόγος</span> <span class='ocrx_word' id='word_1_792' title='bbox 3172 4783 3308 4846; x_wconf 78' lang='grc' dir='ltr'>ἐστὶ,</span> <span class='ocrx_word' id='word_1_793' title='bbox 3343 4782 3494 4850; x_wconf 87' lang='grc' dir='ltr'>λόγον</span> <span class='ocrx_word' id='word_1_794' title='bbox 3525 4782 3582 4835; x_wconf 74' lang='grc' dir='ltr'>δὲ</span> 
     </span>
    </p>
   </div>
   <div class='ocr_carea' id='block_1_109' title="bbox 1997 4870 3576 4944">
    <p class='ocr_par' dir='ltr' id='par_1_109' title="bbox 1997 4870 3576 4944">
     <span class='ocr_line' id='line_1_109' title="bbox 1997 4870 3576 4944; baseline 0.001 -20"><span class='ocrx_word' id='word_1_795' title='bbox 1997 4871 2310 4940; x_wconf 86' lang='grc' dir='ltr'>πνεύματος</span> <span class='ocrx_word' id='word_1_796' title='bbox 2340 4870 2512 4940; x_wconf 80' lang='grc' dir='ltr'>χωρὶς</span> <span class='ocrx_word' id='word_1_797' title='bbox 2538 4871 2639 4922; x_wconf 75' lang='grc' dir='ltr'><strong>οὐκ</strong></span> <span class='ocrx_word' id='word_1_798' title='bbox 2670 4871 2735 4924; x_wconf 79' lang='grc' dir='ltr'>ἄν</span> <span class='ocrx_word' id='word_1_799' title='bbox 2757 4889 2839 4935; x_wconf 92' lang='grc' dir='ltr'><strong>τις</strong></span> <span class='ocrx_word' id='word_1_800' title='bbox 2870 4871 2994 4925; x_wconf 93' lang='grc' dir='ltr'>νοῦν</span> <span class='ocrx_word' id='word_1_801' title='bbox 3045 4873 3182 4942; x_wconf 79' lang='grc' dir='ltr'>ἔχων</span> <span class='ocrx_word' id='word_1_802' title='bbox 3240 4874 3576 4944; x_wconf 80' lang='grc' dir='ltr'>ἐννοήσειεν·</span> 
     </span>
    </p>
   </div>
   <div class='ocr_carea' id='block_1_110' title="bbox 1993 4962 3580 5032">
    <p class='ocr_par' dir='ltr' id='par_1_110' title="bbox 1993 4962 3580 5032">
     <span class='ocr_line' id='line_1_110' title="bbox 1993 4962 3580 5032; baseline -0.001 -13"><span class='ocrx_word' id='word_1_803' title='bbox 1993 4966 2082 5019; x_wconf 78' lang='grc' dir='ltr'>διὰ</span> <span class='ocrx_word' id='word_1_804' title='bbox 2111 4965 2270 5017; x_wconf 87' lang='grc' dir='ltr'>τοῦτο</span> <span class='ocrx_word' id='word_1_805' title='bbox 2299 4964 2393 5018; x_wconf 75' lang='grc' dir='ltr'><strong>καὶ</strong></span> <span class='ocrx_word' id='word_1_806' title='bbox 2418 4964 2479 5015; x_wconf 73' lang='grc' dir='ltr'><strong>τό</strong></span> <span class='ocrx_word' id='word_1_807' title='bbox 2516 4962 2738 5032; x_wconf 87' lang='grc' dir='ltr'>Πνεῦμα</span> <span class='ocrx_word' id='word_1_808' title='bbox 2768 4964 2829 5016; x_wconf 86' lang='grc' dir='ltr'>τὸ</span> <span class='ocrx_word' id='word_1_809' title='bbox 2877 4965 3032 5032; x_wconf 76' lang='grc' dir='ltr'>ἅγιον</span> <span class='ocrx_word' id='word_1_810' title='bbox 3070 4969 3098 5019; x_wconf 87' lang='grc' dir='ltr'><strong>ό</strong></span> <span class='ocrx_word' id='word_1_811' title='bbox 3144 4968 3207 5018; x_wconf 85' lang='grc' dir='ltr'>ἐκ</span> <span class='ocrx_word' id='word_1_812' title='bbox 3251 4964 3386 5018; x_wconf 85' lang='grc' dir='ltr'>Θεοῦ</span> <span class='ocrx_word' id='word_1_813' title='bbox 3446 4965 3580 5030; x_wconf 79' lang='grc' dir='ltr'>Θεὸς</span> 
     </span>
    </p>
   </div>
   <div class='ocr_carea' id='block_1_111' title="bbox 1996 5053 3576 5126">
    <p class='ocr_par' dir='ltr' id='par_1_111' title="bbox 1996 5053 3576 5126">
     <span class='ocr_line' id='line_1_111' title="bbox 1996 5053 3576 5126; baseline -0.002 -15"><span class='ocrx_word' id='word_1_814' title='bbox 1996 5059 2168 5126; x_wconf 69' lang='grc' dir='ltr'>Λόγος</span> <span class='ocrx_word' id='word_1_815' title='bbox 2201 5055 2505 5125; x_wconf 70' lang='grc' dir='ltr'>συμπροῐὸν</span> <span class='ocrx_word' id='word_1_816' title='bbox 2543 5055 2607 5106; x_wconf 85' lang='grc' dir='ltr'><strong>ὲκ</strong></span> <span class='ocrx_word' id='word_1_817' title='bbox 2650 5053 2746 5107; x_wconf 90' lang='grc' dir='ltr'><strong>τοῦ</strong></span> <span class='ocrx_word' id='word_1_818' title='bbox 2793 5056 3004 5125; x_wconf 72' lang='grc' dir='ltr'>Πατρός</span> <span class='ocrx_word' id='word_1_819' title='bbox 3039 5056 3172 5126; x_wconf 73' lang='grc' dir='ltr'>ἔχει.</span> <span class='ocrx_word' id='word_1_820' title='bbox 3230 5055 3452 5126; x_wconf 86' lang='grc' dir='ltr'>Πνεῦμα</span> <span class='ocrx_word' id='word_1_821' title='bbox 3499 5055 3576 5121; x_wconf 79' lang='grc' dir='ltr'><strong>δὲ,</strong></span> 
     </span>
    </p>
   </div>
   <div class='ocr_carea' id='block_1_112' title="bbox 1995 5148 3575 5219">
    <p class='ocr_par' dir='ltr' id='par_1_112' title="bbox 1995 5148 3575 5219">
     <span class='ocr_line' id='line_1_112' title="bbox 1995 5148 3575 5219; baseline -0.002 -16"><span class='ocrx_word' id='word_1_822' title='bbox 1995 5152 2055 5204; x_wconf 71' lang='grc' dir='ltr'>οὐ</span> <span class='ocrx_word' id='word_1_823' title='bbox 2091 5150 2230 5203; x_wconf 82' lang='grc' dir='ltr'><strong>κατά</strong></span> <span class='ocrx_word' id='word_1_824' title='bbox 2252 5149 2311 5202; x_wconf 83' lang='grc' dir='ltr'><strong>τὸ</strong></span> <span class='ocrx_word' id='word_1_825' title='bbox 2340 5149 2497 5201; x_wconf 79' lang='grc' dir='ltr'>συνὸν</span> <span class='ocrx_word' id='word_1_826' title='bbox 2527 5148 2605 5218; x_wconf 82' lang='grc' dir='ltr'>τῷ</span> <span class='ocrx_word' id='word_1_827' title='bbox 2635 5149 2890 5219; x_wconf 80' lang='grc' dir='ltr'>ἡμετέρῳ</span> <span class='ocrx_word' id='word_1_828' title='bbox 2917 5149 3004 5203; x_wconf 80' lang='grc' dir='ltr'><strong>διὰ</strong></span> <span class='ocrx_word' id='word_1_829' title='bbox 3035 5149 3142 5201; x_wconf 87' lang='grc' dir='ltr'><strong>τῶν</strong></span> <span class='ocrx_word' id='word_1_830' title='bbox 3166 5149 3386 5219; x_wconf 85' lang='grc' dir='ltr'>χειλέων</span> <span class='ocrx_word' id='word_1_831' title='bbox 3413 5148 3575 5217; x_wconf 81' lang='grc' dir='ltr'>λόγῳ,</span> 
     </span>
    </p>
   </div>
   <div class='ocr_carea' id='block_1_113' title="bbox 1994 5240 3573 5311">
    <p class='ocr_par' dir='ltr' id='par_1_113' title="bbox 1994 5240 3573 5311">
     <span class='ocr_line' id='line_1_113' title="bbox 1994 5240 3573 5311; baseline -0.003 -15"><span class='ocrx_word' id='word_1_832' title='bbox 1994 5242 2108 5296; x_wconf 78' lang='grc' dir='ltr'>ἀλλ’</span> <span class='ocrx_word' id='word_1_833' title='bbox 2140 5241 2262 5293; x_wconf 79' lang='grc' dir='ltr'>οὐδὲ</span> <span class='ocrx_word' id='word_1_834' title='bbox 2290 5240 2434 5294; x_wconf 82' lang='grc' dir='ltr'><strong>κατά</strong></span> <span class='ocrx_word' id='word_1_835' title='bbox 2455 5241 2515 5292; x_wconf 71' lang='grc' dir='ltr'>τὸ</span> <span class='ocrx_word' id='word_1_836' title='bbox 2552 5243 2733 5304; x_wconf 84' lang='grc' dir='ltr'>συνὸν,</span> <span class='ocrx_word' id='word_1_837' title='bbox 2757 5242 2805 5293; x_wconf 89' lang='grc' dir='ltr'><strong>εἰ</strong></span> <span class='ocrx_word' id='word_1_838' title='bbox 2856 5242 2951 5295; x_wconf 78' lang='grc' dir='ltr'><strong>καὶ</strong></span> <span class='ocrx_word' id='word_1_839' title='bbox 2986 5243 3312 5311; x_wconf 85' lang='grc' dir='ltr'>ἀσωμάτως,</span> <span class='ocrx_word' id='word_1_840' title='bbox 3346 5241 3422 5310; x_wconf 81' lang='grc' dir='ltr'><strong>τῷ</strong></span> <span class='ocrx_word' id='word_1_841' title='bbox 3452 5240 3573 5293; x_wconf 79' lang='grc' dir='ltr'>καθ’</span> 
     </span>
    </p>
   </div>
   <div class='ocr_carea' id='block_1_114' title="bbox 1993 5332 3573 5413">
    <p class='ocr_par' dir='ltr' id='par_1_114' title="bbox 1993 5332 3573 5413">
     <span class='ocr_line' id='line_1_114' title="bbox 1993 5332 3573 5413; baseline -0.003 -24"><span class='ocrx_word' id='word_1_842' title='bbox 1993 5337 2143 5406; x_wconf 82' lang='grc' dir='ltr'>ἡμᾶς</span> <span class='ocrx_word' id='word_1_843' title='bbox 2207 5332 2498 5402; x_wconf 82' lang='grc' dir='ltr'>ὲνδιαθέτῳ</span> <span class='ocrx_word' id='word_1_844' title='bbox 2566 5333 2660 5386; x_wconf 77' lang='grc' dir='ltr'><strong>καὶ</strong></span> <span class='ocrx_word' id='word_1_845' title='bbox 2740 5335 2882 5388; x_wconf 79' lang='grc' dir='ltr'><strong>κατά</strong></span> <span class='ocrx_word' id='word_1_846' title='bbox 2940 5334 3179 5413; x_wconf 79' lang='grc' dir='ltr'>διάνοιαν</span> <span class='ocrx_word' id='word_1_847' title='bbox 3244 5335 3383 5404; x_wconf 81' lang='grc' dir='ltr'>λόγῳ</span> <span class='ocrx_word' id='word_1_848' title='bbox 3410 5349 3422 5362; x_wconf 91' lang='grc'><strong>·</strong></span> <span class='ocrx_word' id='word_1_849' title='bbox 3477 5333 3573 5385; x_wconf 54' lang='grc' dir='ltr'>κά.</span> 
     </span>
    </p>
   </div>
   <div class='ocr_carea' id='block_1_115' title="bbox 1995 5425 3570 5497">
    <p class='ocr_par' dir='ltr' id='par_1_115' title="bbox 1995 5425 3570 5497">
     <span class='ocr_line' id='line_1_115' title="bbox 1995 5425 3570 5497; baseline -0.003 -15"><span class='ocrx_word' id='word_1_850' title='bbox 1995 5431 2143 5484; x_wconf 82' lang='grc' dir='ltr'>κεῖνο</span> <span class='ocrx_word' id='word_1_851' title='bbox 2172 5426 2282 5496; x_wconf 69' lang='grc' dir='ltr'>γὰρ</span> <span class='ocrx_word' id='word_1_852' title='bbox 2309 5428 2454 5495; x_wconf 87' lang='grc' dir='ltr'>ὁρμή</span> <span class='ocrx_word' id='word_1_853' title='bbox 2489 5425 2570 5488; x_wconf 71' lang='grc' dir='ltr'><strong>τίς</strong></span> <span class='ocrx_word' id='word_1_854' title='bbox 2603 5429 2718 5479; x_wconf 78' lang='grc' dir='ltr'>ἐστι</span> <span class='ocrx_word' id='word_1_855' title='bbox 2746 5427 2844 5480; x_wconf 86' lang='grc' dir='ltr'><strong>τοῦ</strong></span> <span class='ocrx_word' id='word_1_856' title='bbox 2879 5426 2993 5491; x_wconf 85' lang='grc' dir='ltr'>νοῦ,</span> <span class='ocrx_word' id='word_1_857' title='bbox 3029 5426 3106 5490; x_wconf 80' lang='grc' dir='ltr'><strong>τῶ</strong></span> <span class='ocrx_word' id='word_1_858' title='bbox 3139 5426 3390 5497; x_wconf 76' lang='grc' dir='ltr'>ἡμετέρῳ</span> <span class='ocrx_word' id='word_1_859' title='bbox 3432 5425 3570 5494; x_wconf 83' lang='grc' dir='ltr'>λόγῳ</span> 
     </span>
    </p>
   </div>
   <div class='ocr_carea' id='block_1_116' title="bbox 1996 5519 3610 5589">
    <p class='ocr_par' dir='ltr' id='par_1_116' title="bbox 1996 5519 3610 5589">
     <span class='ocr_line' id='line_1_116' title="bbox 1996 5519 3610 5589; baseline -0.004 -15"><span class='ocrx_word' id='word_1_860' title='bbox 1996 5521 2476 5589; x_wconf 82' lang='grc' dir='ltr'>συνδιατεινομένη</span> <span class='ocrx_word' id='word_1_861' title='bbox 2517 5519 2811 5589; x_wconf 85' lang='grc' dir='ltr'>χρονικῶς,</span> <span class='ocrx_word' id='word_1_862' title='bbox 2878 5521 2972 5573; x_wconf 77' lang='grc' dir='ltr'>καὶ</span> <span class='ocrx_word' id='word_1_863' title='bbox 3030 5519 3410 5588; x_wconf 81' lang='grc' dir='ltr'>διαστημάτων</span> <span class='ocrx_word' id='word_1_864' title='bbox 3454 5519 3568 5568; x_wconf 82' lang='grc' dir='ltr'>δεο-</span> <span class='ocrx_word' id='word_1_865' title='bbox 3606 5575 3610 5578; x_wconf 92' lang='lat'>_</span> 
     </span>
    </p>
   </div>
   <div class='ocr_carea' id='block_1_117' title="bbox 1997 5607 3569 5684">
    <p class='ocr_par' dir='ltr' id='par_1_117' title="bbox 1997 5607 3569 5684">
     <span class='ocr_line' id='line_1_117' title="bbox 1997 5607 3569 5684; baseline -0.006 -15"><span class='ocrx_word' id='word_1_866' title='bbox 1997 5617 2132 5684; x_wconf 85' lang='grc' dir='ltr'><strong>μένη</strong></span> <span class='ocrx_word' id='word_1_867' title='bbox 2164 5612 2270 5665; x_wconf 88' lang='grc' dir='ltr'><strong>τῶν</strong></span> <span class='ocrx_word' id='word_1_868' title='bbox 2301 5611 2506 5676; x_wconf 83' lang='grc' dir='ltr'>αὐτῶν,</span> <span class='ocrx_word' id='word_1_869' title='bbox 2543 5613 2638 5665; x_wconf 74' lang='grc' dir='ltr'><strong>καὶ</strong></span> <span class='ocrx_word' id='word_1_870' title='bbox 2668 5611 2728 5676; x_wconf 77' lang='grc' dir='ltr'>ἐξ</span> <span class='ocrx_word' id='word_1_871' title='bbox 2757 5611 2979 5674; x_wconf 86' lang='grc' dir='ltr'>ἀτελοῦς</span> <span class='ocrx_word' id='word_1_872' title='bbox 3002 5611 3234 5683; x_wconf 81' lang='grc' dir='ltr'>πρῖοῦσα</span> <span class='ocrx_word' id='word_1_873' title='bbox 3260 5613 3338 5672; x_wconf 89' lang='grc' dir='ltr'><strong>είς</strong></span> <span class='ocrx_word' id='word_1_874' title='bbox 3367 5607 3569 5661; x_wconf 63' lang='grc' dir='ltr'>τελείω-</span> 
     </span>
    </p>
   </div>
   <div class='ocr_carea' id='block_1_118' title="bbox 1997 5695 3564 5772">
    <p class='ocr_par' dir='ltr' id='par_1_118' title="bbox 1997 5695 3564 5772">
     <span class='ocr_line' id='line_1_118' title="bbox 1997 5695 3564 5772; baseline -0.006 -12"><span class='ocrx_word' id='word_1_875' title='bbox 1997 5723 2101 5761; x_wconf 78' lang='grc' dir='ltr'>σιν.</span> <span class='ocrx_word' id='word_1_876' title='bbox 2146 5705 2356 5760; x_wconf 80' lang='grc' dir='ltr'>Ἐκεῖνο</span> <span class='ocrx_word' id='word_1_877' title='bbox 2375 5704 2431 5759; x_wconf 80' lang='grc' dir='ltr'>δὲ</span> <span class='ocrx_word' id='word_1_878' title='bbox 2467 5703 2528 5758; x_wconf 79' lang='grc' dir='ltr'>τὸ</span> <span class='ocrx_word' id='word_1_879' title='bbox 2566 5703 2789 5772; x_wconf 84' lang='grc' dir='ltr'>Πνεῦμα</span> <span class='ocrx_word' id='word_1_880' title='bbox 2824 5705 2916 5760; x_wconf 87' lang='grc' dir='ltr'><strong>τοῦ</strong></span> <span class='ocrx_word' id='word_1_881' title='bbox 2940 5705 3202 5759; x_wconf 79' lang='grc' dir='ltr'>ἀνωτάτω</span> <span class='ocrx_word' id='word_1_882' title='bbox 3232 5703 3427 5763; x_wconf 81' lang='grc' dir='ltr'>Λόγου,</span> <span class='ocrx_word' id='word_1_883' title='bbox 3458 5695 3564 5754; x_wconf 74' lang='grc' dir='ltr'>οἷόν</span> 
     </span>
    </p>
   </div>
  </div>
