3988 6506
225 306 392 370 1145

1161 308 1434 368 CAPITA
1487 313 1830 385 PiIYSiCA,
1873 316 2384 386 THEOLOGICA,
2415 314 2577 376 ETC.

3373 309 3506 377 1146

229 441 332 484 τις
361 424 500 492 ἔρως
535 422 1012 496 ἐστἰιάπόρρητος
1047 424 1142 478 τοῦ
1175 426 1502 497 Γεννήτορος
1545 424 1680 494 πρὸς
1734 424 1812 476 εὐ-

1925 424 2014 478 llle
2032 435 2212 478 autem
2241 421 2469 492 spiritus
2493 420 2737 493 supremi
2761 421 2911 476 verbi
2931 421 3186 478 est'velut
3212 421 3506 477 ineﬂabilis

233 516 343 568 τὸν
372 514 464 567 τὸν
503 515 830 584 ἀπορῤήτως
859 518 1189 587 γεννηθέντα
1217 521 1389 584 Λόγον
1416 534 1429 546 ·
1457 510 1500 584 ᾧ
1544 517 1635 569 καὶ
1663 513 1828 578 αὐτὸς

231 605 266 655 ὁ
302 601 403 656 τοῦ
428 602 640 671 Πατρδς
671 605 970 674 ἐπέραστος
1001 607 1157 672 λόγος
1190 608 1284 660 καὶ
1307 608 1431 670 Υἱὸς
1455 606 1656 676 χρῆται
1689 605 1826 674 πρὶς

231 695 342 748 τὸν
361 694 668 764 Γεννήτορα
699 711 712 726 ·
744 695 860 748 ἀλλ’
891 697 966 760 ὡς
992 699 1057 750 ἐκ
1089 698 1185 750 τοῦ
1219 699 1431 769 Πατρὸς
1475 698 1614 768 ἔχων
1663 696 1825 749 αὑτὸν

233 799 726 868 συμπροελθόντα,
761 803 854 854 καὶ
881 804 1143 870 συμφυῶς
1168 805 1225 854 ὲν
1279 805 1427 875 αὐτῷ
1471 807 1826 877 ἀναπαυόμε-

227 905 359 942 νον.
392 885 606 958 Παρόὗ
647 893 824 958 Λόγου
854 894 942 945 διὰ
1002 895 1201 962 σαρκός
1262 897 1624 966 ὁμιλήσαντος
1671 901 1824 968 ἡμῖν,

231 979 344 1030 καὶ
364 979 424 1030 τὸ
451 980 620 1048 ὖνομα
647 985 743 1049 τῆς
776 983 1034 1052 διαφόρου
1071 986 1223 1054 παρά
1252 986 1346 1039 τοῦ
1403 989 1613 1056 Πατρὸς
1652 991 1827 1059 ὑπάρ-

229 1071 382 1132 ξεως
420 1070 780 1141 ἐδιδάχθημεν
807 1077 898 1124 τοῦ
937 1075 1251 1144 Πνεύματος
1283 1094 1296 1106 ’
1322 1080 1414 1130 καὶ
1457 1079 1530 1147 μὴ
1561 1079 1655 1131 τοῦ
1719 1082 1827 1132 Πα-

230 1156 375 1226 τρός
406 1154 547 1211 εἶναι
579 1161 738 1212 τοῦτο
765 1163 949 1230 μόνον,
989 1164 1122 1216 ἀλλά
1147 1167 1238 1216 καὶ
1260 1165 1446 1219 αὑτοῦ,
1481 1168 1553 1218 Τὸ
1603 1167 1827 1238 Πνεῦμα

229 1248 374 1319 γὰρ,
407 1251 560 1318 φησι,
589 1251 686 1319 τῆς
716 1252 998 1321 ἀληθείας,
1025 1254 1052 1306 ὃ
1077 1257 1228 1323 παρὰ
1260 1255 1352 1307 τοῦ
1406 1257 1617 1326 Πατρὸς
1655 1258 1821 1310 ἐκπο-

237 1339 490 1408 ρεύεται,
528 1339 606 1390 ἵν’
633 1342 792 1410 ήμεῑς
821 1343 1135 1410 ἐπιγνῶμεν
1173 1344 1232 1396 οὐ
1274 1345 1448 1412 Λόγον
1483 1344 1663 1413 μόνον,
1689 1345 1823 1398 ἀλλὰ

232 1433 339 1483 καὶ
368 1431 588 1500 Πνεῦμα
634 1435 696 1484 ὲκ
738 1433 831 1484 τοῦ
887 1434 1116 1503 Πατρὸς,
1177 1434 1236 1486 οὐ
1293 1436 1647 1504 γεννώμενον,
1706 1435 1822 1488 ἀλλ’

233 1523 704 1592 ἐκπορευόμενον,
757 1522 816 1574 ὃν
849 1523 902 1574 δὲ
933 1523 1026 1574 τοῦ
1075 1523 1226 1588 Υἱοῦ,
1252 1525 1400 1593 παρά
1461 1525 1553 1576 τοῦ
1588 1525 1819 1596 ,Πατρὸς

233 1612 387 1663 τοῦτ’
421 1613 656 1680 ἔχοντος,
684 1612 760 1674 ὡς
809 1611 1086 1679 ἀληθείας,
1118 1613 1210 1665 καὶ
1262 1614 1468 1681 σοφίας,
1515 1616 1609 1666 καὶ
1659 1614 1819 1682 λόγου

233 1703 487 1770 Πνεῦμα.
513 1704 686 1770 Λόγος
725 1705 832 1772 γάρ
860 1705 895 1772 ἡ
924 1705 1148 1774 ἀλήθεια
1171 1703 1265 1757 καὶ
1304 1707 1335 1774 ἡ
1391 1707 1549 1774 σοφία
1577 1706 1654 1774 τῷ
1689 1707 1818 1759 Γεν-

231 1803 428 1873 νήτορι
457 1801 812 1871 κατάλληλος,
849 1803 908 1865 ὃς
941 1803 1016 1872 τῷ
1047 1805 1223 1874 Πατρὶ
1249 1804 1334 1855 ἐπ’
1368 1803 1516 1873 αὐτῷ
1549 1805 1815 1874 χαίροντι,

236 1893 553 1962 συγχαίρει,
587 1893 727 1944 κατά
755 1894 814 1944 τὸ
854 1893 984 1960 παρ’
1015 1893 1180 1948 αὐτοῦ
1214 1894 1300 1946 διὰ
1341 1893 1434 1946 τοῦ
1471 1895 1816 1964 Σολομῶντος

234 1984 568 2052 εἰρημένονο
635 2000 652 2032 ι
701 1978 842 2048 Ἐγὼ
903 1985 1070 2052 ἤμην,
1125 1987 1158 2051 ἢ
1224 1985 1539 2054 συνέχαιρον
1588 1985 1754 2054 αὐτῷ.
1791 2006 1809 2035 ι

230 2076 352 2128 Οὐκ
383 2073 623 2142 ἔχαιρον,
655 2073 828 2137 εἶπεν,
865 2073 999 2126 ἀλλά
1051 2075 1366 2143 συνέχαιρον
1387 2092 1401 2105 ·
1458 2074 1596 2142 αὕτη
1644 2075 1750 2146 γὰρ
1777 2078 1811 2144 ἡ

231 2166 451 2235 Πατρός
472 2183 531 2217 τε
566 2165 662 2218 καὶ
695 2165 823 2218 Υίοῦ
863 2163 1184 2234 προαιώνιος
1211 2168 1375 2236 χαρὰ,
1403 2166 1461 2219 τὸ
1491 2166 1714 2236 Πνεῦμα
1752 2170 1813 2220 τὸ

227 2258 390 2326 ἅγιόν
422 2260 592 2322 ἐστιν,
631 2259 704 2321 ὼς
728 2259 904 2313 κοινὸν
939 2260 1036 2329 μὲν
1068 2261 1250 2322 αὐτοῖς
1284 2261 1424 2314 κατὰ
1471 2261 1568 2330 τὴν
1618 2263 1812 2331 χρῆσιν

233 2351 330 2416 (δι’
353 2350 382 2402 ὃ
407 2351 534 2420 παρ’
564 2351 892 2419 ἀμφοτέρων
920 2353 1020 2404 καὶ⁵
1055 2353 1188 2422 πρὸς
1216 2353 1341 2414 τοὺς
1375 2353 1559 2416 ἀξίους
1593 2355 1810 2424 πέμπε-

226 2439 369 2510 ται)·
392 2441 552 2511 μόνου
578 2443 634 2494 δὲ
658 2441 750 2493 τοῦ
787 2443 999 2510 Πατρός
1029 2443 1150 2496 καθ’
1181 2443 1416 2514 ὓπαρξιν
1441 2446 1711 2516 ὑπάρχον,
1741 2447 1809 2498 δι’

228 2533 262 2585 ὅ
293 2535 390 2586 καὶ
417 2535 547 2602 παρ’
569 2533 734 2587 αὑτοῦ
778 2534 940 2603 μόνου
971 2534 1346 2602 ἐκπορεύεται,
1388 2535 1508 2588 καθ’
1545 2534 1802 2604 ὕπαρξιν.

302 2623 402 2687 λζ’.
437 2621 639 2676 Τούτου
677 2622 769 2676 τοῦ
802 2625 1062 2676 ἀνωτάτω
1089 2624 1288 2694 ἔρωτος
1321 2625 1420 2695 τὴν
1445 2627 1648 2691 εἰκόνα,
1671 2627 1762 2677 καὶ
1783 2627 1810 2678 ὁ

227 2718 357 2769 κατ’
382 2717 566 2768 εἰκόνα
582 2715 676 2768 τοῦ
700 2715 834 2768 Θεοῦ
859 2715 1102 2779 κτισθεῖς
1136 2717 1293 2786 ήμῶν
1325 2718 1436 2786 ἔχει
1485 2717 1628 2781 νοῦς,
1674 2719 1810 2786 πρὸς

229 2809 334 2876 τὴν
362 2807 492 2876 παρ’
525 2808 692 2860 αὑτοῦ
730 2811 821 2860 καὶ
858 2812 914 2859 ἐν
943 2810 1087 2878 αὐτῷ
1141 2811 1402 2879 διηνεκῶς
1460 2813 1810 2882 ὑπάρχουσαν

229 2897 458 2965 γνῶσιν.
484 2899 621 2966 Παρ*
647 2898 812 2951 αὑτοῦ
842 2900 932 2952 καὶ
960 2901 1016 2950 ὲν
1066 2901 1212 2969 αὐτῷ
1267 2901 1362 2954 καὶ
1417 2902 1604 2956 τοῦτον
1658 2903 1805 2965 ὄντα,

231 2988 329 3041 καὶ
397 2990 766 3059 συμπροῖόντα
833 2992 965 3060 παρ’
982 2990 1146 3043 αὐτοῦ
1207 2991 1285 3062 τῷ
1341 2993 1603 3064 ὲνδοτάτῳ
1645 2994 1804 3064 λόγῳ.

232 3083 346 3136 Καὶ
374 3082 565 3134 τούτου
604 3083 800 3151 δεῖγμα
851 3085 1270 3154 ἐναργέστατον,
1313 3085 1408 3138 καὶ
1436 3088 1561 3153 ,τοῖς
1614 3088 1688 3156 μὴ
1743 3089 1807 3140 τὰ
1838 3105 1885 3168 C

235 3174 504 3228 ἐνδοτάτω
529 3175 736 3226 ἑαυτῶν
789 3176 1104 3244 δυναμένοις
1155 3177 1416 3247 καθορᾷν,
1481 3180 1512 3248 ἡ
1563 3179 1696 3247 πρὸς
1750 3178 1810 3230 τὸ

233 3266 434 3318 εἰδέναι
480 3265 589 3318 τῶν
651 3265 954 3334 ἀνθρώπων
1009 3266 1304 3336 ἀκόρεστος
1344 3267 1565 3334 ἔφεσιςο
1611 3269 1805 3320 ἀλλ’ὲν

232 3355 424 3425 ἐκείνῳ
448 3355 526 3425 τῷ
558 3356 850 3425 ἀρχετύπῳ
879 3372 894 3387 ·
919 3358 977 3408 ὲν
1021 3358 1204 3429 ἐκείνῃ
1256 3361 1320 3426 τῇ
1363 3357 1663 3427 παντελείῳ
1712 3359 1803 3411 καὶ

235 3435 522 3512 ὑπερτελεί
547 3443 869 3512 ἀγαθότητι,
923 3446 1056 3515 παρ’
1182 3448 1348 3517 μηδὲν
1395 3446 1584 3509 ἀτελές
1621 3465 1635 3478 ·
1668 3449 1806 3517 πλὴν

230 3535 326 3588 τοῦ
359 3535 419 3599 ἐξ
445 3536 617 3604 αὐτῆς
665 3531 826 3604 εἶναι,
887 3537 1066 3590 πάντα
1115 3537 1267 3588 ἐστὶν
1319 3538 1806 3608 ἀπαραλλάκτωςὸ

235 3627 375 3690 θεῖος
398 3626 537 3698 ἔρως
565 3628 666 3680 ὅσα
691 3627 874 3696 ἐκείνη
906 3644 920 3658 ·
959 3627 1027 3679 δι’
1056 3627 1083 3680 ὂ
1142 3628 1236 3680 καὶ
1275 3628 1496 3696 Πνεῦμα
1519 3627 1690 3695 ἅγιον,
1713 3626 1806 3680 καὶ

238 3718 592 3788 Παράκλητος
619 3717 798 3782 ἄλλος,
824 3713 973 3780 οὗτος
996 3717 1108 3770 ἔστι
1139 3735 1196 3770 τε
1236 3718 1331 3771 καὶ
1359 3719 1487 3787 παρ’
1508 3718 1667 3787 ήμῶν
1711 3735 1808 3769 κα-

234 3808 425 3873 λεῖται,
481 3808 556 3871 ὠς
614 3813 692 3877 τῷ
734 3809 894 3876 Λόγῳ
963 3809 1478 3880 συμπαρομαρτῶνο
1531 3809 1596 3861 ἵν’
1645 3811 1806 3879 ἡμεῖς

235 3900 550 3970 ὲπιγνῶμεν
590 3901 717 3954 ὄντα
752 3901 978 3962 τέλειον,
1009 3903 1066 3953 ὲν
1099 3903 1395 3954 ὑποστάσει
1430 3901 1611 3972 τελείᾳ
1633 3919 1690 3953 τε
1713 3902 1807 3954 καὶ

235 3994 362 4062 ἰδίᾳ,
401 3991 542 4044 κα.τά
571 3991 734 4061 μηδὲν
767 3993 860 4044 καὶ
883 3992 1045 4044 αὑτὸν
1068 3993 1388 4062 λειπόμενον
1437 3994 1534 4061 τῆς
1565 3991 1660 4044 τοῦ
1692 3994 1806 4044 Πα-

230 4083 357 4153 τρδς
379 4085 569 4146 οὐσίας
594 4101 608 4114 ·
651 4084 764 4136 ἀλλ’
796 4085 1231 4154 ἀπαραλλάκτως
1251 4083 1379 4136 ὄντα
1415 4086 1507 4136 τὸν
1538 4085 1700 4136 αὐτὸν
1729 4083 1806 4154 τῷ

229 4193 291 4227 τε
321 4175 429 4243 ru};
457 4176 547 4226 καὶ
574 4175 651 4243 τῷ
677 4175 873 4244 Πατρὶ,
922 4177 970 4226 εἰ
1002 4176 1096 4227 καὶ
1125 4176 1198 4243 μὴ
1247 4175 1371 4227 καθ’
1393 4175 1711 4237 ὑπόστασιν,
1745 4175 1808 4244 ἤ-

229 4278 312 4324 τις
342 4263 406 4315 ὲκ
433 4262 528 4313 τοῦ
560 4261 695 4315 Θεοῦ
721 4262 1037 4333 θεοπρεπῶς
1063 4262 1407 4329 ἐκπορευτῶς
1431 4260 1570 4315 εἶναι
1619 4265 1806 4317 τοῦτον

234 4353 560 4423 παρίστησιν
591 4354 724 4422 ἡμῖν
747 4369 761 4382 ”
792 4353 887 4405 καὶ
918 4353 1204 4422 σεφθῶμεν
1251 4353 1345 4404 ἕνα
1375 4353 1507 4406 θεὸν
1541 4354 1714 4423 ἀληθῆ
1745 4372 1805 4407 τε

1923 517 2143 582 quidam
2201 514 2480 569 Genitoris
2511 528 2638 582 erga
2695 512 3048 566 ineﬂ'abiliter
3077 513 3320 582 genitum
3372 512 3504 566 illud

1926 608 2160 661 Verbum
2204 620 2380 667 amor,
2422 620 2531 673 quo
2561 605 2741 674 ipsum
2779 604 2955 660 Patris
2993 605 3226 659 amabile
3255 604 3496 658 Verbum

1921 711 1977 754 et
2033 697 2199 752 Filius
2252 699 2552 766 genitorem
2611 697 2880 761 redamat,
2916 708 2970 750 et
3036 711 3204 764 quem
3241 697 3404 752 habet
3446 705 3505 752 nt

1923 805 2109 844 secum
2135 806 2198 843 ex
2235 791 2395 844 Patre
2449 792 2834 856 procedentem
2882 799 2936 843 ct
2983 790 3174 844 intime
3221 789 3274 841 in
3320 790 3506 858 seipso

1925 885 2383 950 requiescentem.
2426 883 2578 948 Quod
2633 883 2854 952 quidem
2889 881 3122 935 Verbum
3201 881 3501 934 carnaliter

1925 976 2084 1030 nobis
2108 986 2486 1030 conversatmn
2524 990 2626 1029 nos
2657 975 2841 1029 docuit
2873 990 3070 1028 nomen
3107 975 3328 1027 alterius
3377 987 3503 1041 per'

1923 1084 2070 1122 some
2101 1069 2245 1122 illius
2293 1083 2321 1121 a
2347 1068 2506 1121 Patre
2535 1068 2903 1138 procedentis,
2967 1067 3186 1121 scilicet
3209 1067 3503 1136 ‘.Spiritus.

1924 1169 1980 1214 et
2008 1161 2150 1212 hunc
2179 1175 2300 1213 esse
2327 1175 2434 1213 non
2469 1161 2646 1213 solum
2679 1159 2879 1220 Patris,
2945 1157 3041 1211 sed
3103 1167 3161 1211 et
3215 1158 3504 1226 suiipsius.

1925 1249 2070 1303 Dicit
2121 1251 2267 1304 enim
2308 1250 2352 1281 ¹⁸
2389 1268 2402 1304 :
2436 1268 2452 1301 t
2512 1250 2774 1319 Spiritum
2811 1249 3091 1309 veritatis,
3151 1251 3243 1317 qui
3278 1265 3305 1299 a
3340 1249 3503 1302 Patre

1925 1344 2196 1412 procedit,
2238 1361 2255 1396 ι
2313 1352 2374 1397 ut
2436 1358 2728 1397 noscamus
2783 1359 2891 1396 non
2928 1343 3171 1397 Verbum
3210 1341 3502 1402 duntaxat,

1930 1451 2118 1488 verum
2147 1434 2314 1488 etiam
2344 1434 2634 1502 Spiritum,
2671 1436 2762 1501 qui
2796 1449 2862 1486 ex
2890 1435 3052 1498 Pa're
3087 1448 3190 1484 non
3237 1442 3320 1484 est
3348 1431 3504 1500 geni-

1926 1535 2036 1592 tus,
2072 1528 2163 1580 sed
2193 1527 2459 1594 procedit,
2515 1534 2569 1579 et
2597 1526 2689 1595 qui
2720 1533 2802 1580 est
2845 1527 3013 1580 etiam
3069 1523 3212 1587 Filii,
3271 1526 3445 1585 ipsum
3474 1539 3502 1574 a

1927 1617 2084 1672 Patre
2119 1618 2392 1683 habentis,
2451 1627 2508 1672 ut
2540 1617 2781 1672 veritatis
2816 1617 3206 1684 sapientiaeque
3239 1626 3292 1667 et
3331 1613 3497 1667 Verbi

1926 1706 2214 1772 Spiritum.
2265 1707 2396 1760 Nam
2461 1707 2664 1761 veritas
2702 1707 3078 1776 sapientiaque
3129 1718 3213 1760 est
3264 1705 3500 1758 Verbum

1923 1797 2168 1853 Genitori
2226 1800 2697 1865 consimillimum,
2733 1801 2876 1867 quod
2926 1799 3072 1853 Patri
3107 1799 3174 1852 de
3212 1803 3330 1866 ipso
3368 1813 3500 1867 gau’

1921 1891 2068 1944 deuti
2111 1893 2443 1960 congaudel,
2475 1891 2626 1958 juxta
2666 1891 2800 1946 illud
2852 1893 2920 1944 ab
2955 1893 3071 1957 ipso
3127 1906 3222 1958 per
3253 1889 3504 1942 Salomo-

1923 1996 2047 2034 nem
2079 1982 2281 2035 dictum
2315 1999 2328 2034 :
2372 2000 2390 2031 ι
2433 1982 2544 2052 Ego
2584 1997 2731 2035 eram
2760 1997 2880 2052 qua:
2913 1998 3038 2036 cum
3099 1997 3161 2035 en
3191 1983 3501 2048 congaude-

1924 2075 2068 2126 ham.
2108 2093 2125 2124 ο
2163 2073 2276 2126 Non
2315 2075 2390 2126 ait
2439 2075 2754 2142 gaudebam,
2797 2075 2889 2127 sed
2925 2077 3312 2143 congaudebam
3345 2086 3364 2134 ,'
3399 2071 3502 2124 hoc

1921 2169 2069 2220 enim
2099 2163 2277 2219 Patris
2311 2175 2366 2218 et
2391 2164 2512 2218 Filii
2551 2175 2680 2220 ante
2715 2165 2913 2220 saecula
2953 2165 3231 2234 gaudium,
3262 2173 3344 2218 cst
3380 2163 3504 2232 Spi-

1923 2259 2063 2310 ritus
2095 2264 2338 2320 sanctus,
2365 2272 2472 2323 quo
2506 2257 2580 2310 illi
2609 2257 2977 2311 communiter
2999 2265 3323 2319 coutnutur,
3356 2255 3503 2307 unde

1919 2351 1987 2401 ab
2013 2359 2248 2415 utroque
2290 2349 2531 2401 mittitur
2583 2349 2652 2402 ad
2683 2349 3035 2418 dignos;sed
3071 2348 3138 2401 ab
3181 2363 3287 2400 uno
3340 2345 3502 2399 Patre

1919 2438 2188 2506 originem
2245 2439 2418 2504 ducit,
2474 2439 2708 2509 ideoque
2767 2439 2838 2492 ab
2891 2453 2958 2494 eo
2993 2438 3112 2493 solo
3141 2437 3504 2508 personaliter

1920 2530 2187 2598 procedit.

1987 2623 2072 2676 57.
2111 2621 2260 2677 Illius
2295 2623 2538 2690 supremi
2575 2623 2781 2678 amoris
2829 2622 3120 2692 imaginem
3167 2630 3384 2675 creatus
3430 2619 3500 2673 ad

1919 2713 2208 2781 imaginem
2247 2715 2340 2767 Dei
2377 2715 2686 2768 intellectus
2713 2724 2900 2769 noster
2932 2713 3118 2775 habet.
3146 2729 3278 2782 erga
3311 2714 3500 2781 cegni-

1919 2805 2124 2860 tionem
2149 2820 2178 2859 a
2201 2821 2260 2861 se
2293 2815 2346 2862 et
2371 2808 2422 2860 in
2445 2822 2504 2860 se
2527 2807 2728 2875 iugiter
2763 2817 3116 2875 conceptam.
3147 2805 3208 2858 Et
3234 2807 3322 2860 hic
3342 2819 3499 2858 antur

1917 2901 1984 2951 ab
2013 2913 2078 2951 eo
2123 2909 2176 2953 et
2211 2899 2262 2952 in
2319 2915 2384 2953 eo
2411 2908 2514 2965 est,
2564 2900 2632 2953 ab
2667 2914 2844 2968 eoque
2895 2899 3140 2967 procedit
3174 2899 3334 2952 simul
3374 2913 3499 2951 cum

1919 2988 2113 3042 intimo
2147 2989 2338 3044 verbo.
2401 2991 2666 3044 Enmdcm
2715 2991 2862 3044 clare
2918 2990 3242 3043 manifestat
3303 2990 3370 3043 iis
3403 2989 3500 3059 qui

1919 3082 2176 3135 interiora
2207 3099 2304 3136 sua
2341 3084 2614 3152 inspicere
2644 3092 2962 3152 ,nequeunt,
3023 3082 3347 3136 insatiabilis
3397 3081 3499 3134 lio-

1921 3176 2128 3228 minum
2159 3175 2226 3228 ad
2258 3176 2538 3229 sciendum
2573 3176 2878 3245 appetitus.
2905 3173 3011 3229 Sed
3043 3174 3094 3226 in
3127 3173 3216 3226 illo
3247 3173 3502 3242 archety-

1921 3282 2008 3335 po,
2043 3267 2094 3320 in
2132 3268 2219 3320 illa
2251 3266 2574 3337 perfecta'et
2607 3267 3010 3338 perfectissima
3053 3265 3323 3331 bariitate,
3357 3263 3500 3334 apud

1920 3373 2080 3426 quam
2117 3360 2251 3412 nihil
2283 3358 2684 3428 imperfectum,
2743 3366 2971 3426 excepto
3038 3356 3182 3425 quod
3213 3355 3279 3408 ab
3308 3370 3370 3408 ea
3405 3355 3500 3419 sit,

1917 3447 2392 3503 indiscriminatim
2445 3458 2528 3503 est
2586 3447 2806 3502 divinus
2857 3463 3015 3501 amor
3073 3445 3338 3514 quidquid
3378 3448 3505 3512 ipsa

1919 3543 2017 3587 est.
2083 3533 2380 3603 Pmpterea
2419 3545 2644 3588 sanctus
2696 3535 2784 3589 hic
2844 3535 3082 3601 Spiritus
3142 3535 3278 3588 alter
3326 3533 3501 3586 Para-

1918 3624 2079 3678 clitus
2097 3637 2178 3679 est
2206 3636 2261 3678 et
2289 3641 2316 3677 a
2352 3626 2507 3680 nobis
2523 3635 2766 3691 vocatur,
2795 3638 3051 3693 tanquam
3088 3624 3252 3680 Verbi
3274 3639 3495 3690 comes;

1919 3726 1977 3770 ut
2006 3730 2102 3768 nos
2131 3717 2369 3772 sciamus
2393 3734 2516 3771 eum
2546 3733 2667 3773 esse
2712 3717 3013 3787 perfectum
3047 3726 3102 3771 et
3145 3718 3200 3771 in
3248 3715 3496 3786 perfecta

1916 3819 1966 3862 et
1995 3809 2214 3877 propria
2275 3824 2528 3877 persona,
2562 3825 2626 3864 ac
2673 3809 2807 3864 nihil
2863 3818 2919 3865 ct
2974 3809 3154 3875 ipsum
3207 3808 3431 3863 diﬂ‘erre
3461 3828 3492 3862 a

1916 3901 2094 3957 Patris
2128 3901 2459 3966 substantia,
2496 3902 2592 3956 sed
2644 3902 2783 3956 idem
2840 3902 3318 3956 indiscrintinatim
3374 3916 3498 3956 esse

1917 4009 2080 4063 quam
2118 3993 2336 4047 Patrem
2402 4004 2456 4047 et
2487 3993 2725 4055 Filium,
2787 4010 2897 4048 non
2956 4004 3135 4047 tamen
3187 3992 3490 4048 sctuudum

1917 4099 2230 4153 personam,
2258 4102 2378 4154 qua:
2409 4084 2586 4154 ipsum
2620 4102 2648 4139 a
2673 4086 2836 4140 Patre
2887 4085 3182 4155 procedere
3207 4083 3366 4138 nobis
3402 4085 3496 4137 de-

1917 4186 2225 4242 monstrat;
2261 4188 2432 4245 ntque
2458 4175 2880 4230 colamusuuum
2914 4176 3078 4228 Deum
3110 4189 3302 4227 verum
3327 4181 3495 4242 atque

1918 4270 2242 4339 perfectura,
2297 4271 2349 4324 in
2389 4271 2565 4325 tribus
2603 4271 2854 4339 personis
2892 4270 3038 4324 veris
3103 4281 3168 4322 ac
3212 4265 3492 4333 perfectis,

1919 4377 2025 4414 non
2057 4361 2346 4430 triplicem,
2379 4359 2542 4423 absit,
2576 4361 2671 4415 sed
2733 4359 3065 4429 simplicem.
3124 4354 3313 4424 Neque
3349 4355 3494 4409 enim

235 4446 327 4497 καὶ
381 4444 608 4509 τέλειον,
669 4447 724 4497 ἐν
755 4445 934 4514 τρισὶν
983 4443 1342 4496 ὑποστάσεσιν
1389 4445 1668 4514 ἀληθιναῖς
1715 4447 1807 4498 καὶ

1921 4456 2110 4524 triplex
2163 4468 2248 4510 est
2297 4454 2531 4519 bonitas,
2591 4469 2764 4521 neque
2813 4455 2951 4506 trias
3007 4451 3335 4510 bouitatum,
3398 4450 3494 4503 sed

231 4536 464 4600 τελείαις
495 4551 508 4566 ⁸
561 4537 620 4588 οὐ
679 4536 971 4603 τριπλοῦν·
1013 4537 1234 4605 ἄπαγε’
1269 4537 1384 4590 ἀλλ’
1439 4537 1661 4589 ἁπλοῦν.
1722 4539 1796 4588 Οὐ

230 4627 338 4698 γάρ
364 4627 564 4698 τριπλῆ
595 4627 680 4690 τίς
704 4629 850 4680 ἐστιν
876 4629 909 4698 ἡ
940 4629 1236 4698 ἀγαθότης,
1267 4629 1390 4681 otiae
1444 4631 1600 4697 τριάς
1660 4629 1797 4695 ἀγα-

231 4721 468 4790 υοτήτων
493 4735 507 4750 ο
543 4719 680 4772 ἀλλά
711 4719 878 4788 Τριάς
909 4721 1040 4787 ἁγία
1071 4721 1166 4773 καὶ
1192 4720 1464 4789 σεϐασμία
1513 4721 1605 4772 καὶ
1631 4735 1800 4787 προσ-

230 4814 456 4882 κυνητὴ,
531 4813 566 4883 ὴ
613 4813 874 4866 ἀνωτάτω
915 4811 1192 4880 ἀγαθότης
1252 4813 1423 4876 ἐστὶν,
1477 4811 1536 4873 ἐξ
1601 4811 1800 4878 ἑαυτῆς

229 4908 308 4966 εἰς
355 4904 554 4972 ἑαυτὴν
643 4904 876 4974 χεομένη
948 4904 1287 4975 ἀρρεύσεως,
1340 4903 1433 4956 καὶ
1484 4903 1570 4972 ἐφ’
1603 4903 1801 4971 ἑαυτῆς

229 4997 444 5049 ἑστῶσα
483 4996 590 5065 πρὸ
625 4996 837 5049 αἰώνων
902 4996 1247 5065 θεοπρεπῶς,
1303 4994 1550 5064 ἀόριστός
1582 5012 1641 5046 τε
1671 4995 1803 5048 οὖσα

1918 4555 2104 4600 sancta
2165 4545 2581 4612 venerandaque
2640 4551 2696 4596 ct
2751 4542 3028 4596 adoranda
3080 4541 3324 4598 Trinitas
3405 4550 3492 4595 est

1915 4651 2124 4690 Summa
2175 4635 2395 4689 bonitas
2447 4648 2512 4686 ex
2537 4633 2716 4699 Seipsa
2753 4633 2804 4683 in
2835 4633 3068 4698 seipsam
3108 4630 3314 4698 jngiter
3373 4629 3494 4682 illa-

1914 4735 2067 4789 beus,
2095 4735 2150 4780 et
2181 4727 2233 4780 iu
2265 4727 2441 4794 seipsa
2465 4735 2592 4779 ante
2620 4725 2816 4778 saicula
2836 4722 3018 4776 divine
3037 4723 3373 4786 subsistens,
3402 4723 3491 4774 iu-

1916 4821 2064 4872 tinita
2104 4829 2158 4872 et
2185 4835 2212 4870 a
2243 4833 2300 4872 se
2328 4833 2434 4871 una
2462 4815 2906 4884 circumscripta,
2949 4823 3004 4868 et
3029 4813 3211 4867 omnia
3251 4815 3489 4869 circuiu-

1916 4929 1991 4963 μυ
2012 4913 2190 4975 ibcus,
2222 4922 2280 4964 et
2311 4925 2475 4980 super
2505 4909 2762 4964 omnibus
2787 4915 3036 4974 extensa,
3065 4915 3122 4962 et
3177 4906 3314 4962 nihil
3339 4917 3490 4963 extra

1915 5001 2269 5068 semetipsum
2292 5013 2414 5054 esse
2437 4998 2668 5068 patiens.

231 5074 330 5128 καὶ
364 5076 520 5145 παρὰ
553 5077 726 5144 μόνης
751 5077 955 5144 ἑαυτῆς
986 5075 1298 5146 ὡρισμένη,
1335 5078 1428 5129 καὶ
1453 5088 1521 5128 τα
1555 5079 1735 5132 πάντα
1762 5081 2049 5150 ὁρίζουσα,
2088 5085 2183 5136 καὶ
2224 5081 2446 5135 πάντων
2483 5075 3015 5147 ὑπερεκτεινομένη,
3056 5074 3151 5129 καὶ
3187 5074 3357 5148 μηδὲν
3391 5077 3496 5129 τῶν

229 5164 402 5218 ὄντων
433 5164 590 5226 ἐκτὸς
613 5165 817 5232 ἑαυτῆς
849 5164 1018 5218 ἐῶσα.

301 5247 402 5315 λη’.
430 5247 584 5314 Ἔχει
609 5246 708 5314 μὲν
729 5242 820 5296 οὖν
859 5251 952 5297 καὶ.
991 5245 1023 5312 ή
1081 5243 1188 5295 τῶν
1234 5240 1480 5309 ἀγγέλων
1511 5259 1671 5313 νοερα
1709 5261 1804 5296 και

228 5337 420 5407 λογικὴ
451 5340 612 5406 φύσις
646 5337 769 5388 νοῦν
795 5352 852 5388 τε
884 5337 977 5387 καὶ
1020 5333 1178 5400 λόγον
1204 5336 1266 5385 ἐκ
1286 5331 1378 5385 τοῦ
1398 5332 1508 5396 νοῦ,
1544 5334 1638 5388 καὶ
1666 5335 1804 5405 πρὸς

133 5463 136 5466 ~
229 5429 321 5482 τὸν
350 5427 505 5496 λόγον
535 5428 713 5498 ἔρωτα
764 5426 858 5480 τοῦ
915 5425 1007 5480 νοῦ
1038 5443 1051 5456 ’
1085 5425 1143 5488 ὃς
1197 5426 1291 5479 καὶ
1326 5425 1487 5489 αὑτός
1535 5428 1684 5481 ἐστιν
1739 5430 1803 5481 ὲκ

231 5521 324 5578 τοῦ
358 5520 470 5582 νοῦ,
501 5520 595 5570 καὶ.
650 5518 900 5571 σύνεστιν
931 5518 1018 5572 ἀεὶ
1049 5516 1125 5588 τῷ
1155 5535 1211 5570 τε
1263 5518 1402 5588 λόγῳ
1447 5520 1539 5571 καὶ
1595 5518 1672 5588 τῷ
1703 5522 1800 5588 νῷ,

232 5611 329 5671 καὶ
354 5611 572 5679 πνεῦμα
606 5612 672 5663 ἂν
701 5610 938 5675 καλοῖτο,
979 5609 1052 5674 ὡς
1081 5611 1158 5681 τῷ
1187 5610 1329 5680 λόγῳ
1361 5610 1518 5678 φύσει
1548 5627 1801 5681 συμπαρο

232 5702 510 5773 ομαρτῶν.
561 5701 714 5753 Ἀλλ’
742 5701 843 5754 οὐκ
900 5700 1013 5771 ἔχει
1043 5701 1138 5755 καὶ
1194 5698 1456 5765 ζωοποιὸν
1485 5701 1545 5753 τδ
1584 5700 1802 5770 πνεῦμα

313 5818 352 5852 ⁸⁸
375 5819 532 5876 Joau.
568 5837 654 5888 xv,
680 5821 770 5879 ‘26.

1977 5241 2064 5295 58.
2094 5239 2270 5298 Habet
2291 5243 2505 5312 quidem
2556 5244 2871 5311 angelorum
2899 5259 3115 5312 quoque
3141 5242 3482 5305 intellectua-

1909 5333 1974 5387 lis
2005 5343 2060 5388 et
2091 5335 2376 5389 rationalis
2411 5343 2606 5388 natura
2637 5335 2999 5400 intellectmn,
3035 5345 3172 5390 etex
3204 5333 3482 5389 intellectu

1910 5428 2156 5494 verbum,
2193 5438 2248 5482 et
2283 5427 2588 5482 intellectus
2637 5429 2690 5482 iu
2724 5430 2950 5484 verbum
3003 5443 3266 5494 amorem,
3308 5428 3400 5496 qui
3432 5434 3491 5480 et

1910 5519 2024 5588 ipse
2053 5534 2117 5573 ex
2156 5521 2429 5575 intellectu
2501 5529 2608 5587 est,
2645 5532 2701 5576 et
2738 5524 2982 5577 adlueret
3013 5535 3230 5588 semper
3276 5519 3488 5573 intelle-

1909 5611 2020 5666 ctui
2057 5621 2114 5666 et
2158 5613 2346 5676 verbo,
2375 5622 2430 5667 et
2484 5615 2715 5684 Spiritus
2762 5615 2945 5669 vocari
2976 5622 3183 5684 posset,
3218 5620 3276 5666 nt
3335 5611 3487 5665 verbi

1911 5703 2230 5760 naturaliter
2254 5720 2461 5761 comes.
2530 5708 2637 5764 Sed
2673 5707 2919 5764 vivitlcus
2950 5721 3057 5763 non
3090 5716 3175 5763 est
3197 5706 3284 5762 hic
3319 5705 3490 5778 spiri-
