3988 6464
561 235 690 298 illi]

1799 238 2184 304 GREGOPJI
2227 244 2562 313 PALAllLE

3659 275 3766 342 liis!

560 347 700 399 malo
745 341 942 410 subiici
987 350 1039 396 cl
1075 341 1144 396 iis
1179 342 1442 396 inservire
1481 359 1710 413 quorum
1751 348 1976 417 imperio
2007 351 2143 421 dign:

2262 367 2349 403 ται
2380 351 2479 419 τὴν
2516 349 2818 403 ἀκούουσαν
2848 369 2858 380 ·
2898 353 2983 404 ἵνα
3020 355 3276 428 γυμνάσῃ
3309 357 3499 429 ταύτην
3528 341 3764 428 εὐθίηςξες.

560 445 695 498 erat,
731 443 920 500 utpote
947 434 1064 486 sola
1094 448 1158 487 ex
1181 434 1509 489 sensualiler
1535 436 1840 493 viventibus
1871 454 2036 492 manu
2067 441 2162 496 Dei

560 525 788 579 formata
815 510 1154 594 rationisque
1187 539 1413 595 compos
1466 537 1525 581 et
1568 529 1633 582 ad
1687 529 1977 598 imaginem
2017 534 2158 589 facta

559 617 863 672 Creatoris.
895 615 1027 671 Illud
1054 626 1233 671 autem
1263 619 1511 687 permisit
1531 620 1772 688 Deus,ut
1799 623 1989 676 videns
2021 638 2158 676 con-

558 712 733 765 silium
751 712 910 763 homo
928 710 1115 762 datum
1136 710 1204 763 ab
1223 711 1483 767 inferiore
1503 713 1730 782 (quanto
1754 715 1896 770 enim
1921 716 2160 770 deterior

558 805 774 857 homine
801 819 1027 870 serpens
1051 803 1091 872 l)
1142 820 1304 874 quam
1329 805 1651 862 charissime
1671 807 1997 877 intelligeret
2025 809 2155 863 illttd

558 896 866 950 nullatenus
881 911 1026 956 esse.
1047 912 1111 950 ac
1126 897 1514 966 dedignaretur
1527 915 1585 952 se
1603 901 1885 954 manifeste
1907 899 2153 954 infcriori

555 989 904 1051 submittere,
935 998 990 1042 et
1017 999 1268 1044 servaret
1308 991 1464 1046 ﬁdem
1500 992 1772 1057 Creatori,
1823 995 2152 1047 custodiens

557 1081 676 1146 eius
707 1082 1053 1147 mandatum,
1084 1093 1139 1138 et
1168 1083 1328 1138 lacile
1362 1085 1609 1138 vinceret
1642 1085 1919 1155 de’apsutn
1947 1101 1974 1138 a
2021 1101 2149 1138 vera

555 1176 687 1239 vita,
739 1185 794 1229 et
834 1176 1059 1230 meritus
1105 1178 1376 1244 acciperet
1407 1177 1622 1230 beatam
1648 1179 2148 1244 immortalitatem,

555 1279 722 1336 atque
769 1278 1156 1338 permanenter
1207 1270 1412 1324 viveret
1478 1271 1529 1324 itt
1603 1280 1871 1326 aeternum
1931 1272 2152 1327 deiﬁca-

557 1369 666 1415 IIIS.

630 1635 723 1689 45.
762 1634 904 1689 Nihil
944 1635 1017 1688 ita
1042 1644 1126 1689 est
1156 1635 1381 1690 homine
1413 1635 1665 1704 superius
1700 1647 1756 1688 ut
1791 1637 1839 1689 ci
1875 1637 2102 1690 coasilie
2125 1662 2138 1675 -

555 1736 645 1782 tnr
679 1738 1060 1796 proponatque
1093 1729 1418 1782 sententiam
1463 1739 1516 1783 et
1548 1729 1674 1782 inde
1717 1730 1877 1784 utilia
1894 1739 2151 1798 suggerat

558 1832 611 1876 et
641 1830 927 1891 procuret,
967 1822 1128 1875 modo
1155 1821 1245 1876 ille
1275 1838 1432 1876 suum
1466 1832 1646 1876 set-vet
1666 1823 1932 1888 ordinem,
1955 1834 2002 1875 et
2029 1838 2151 1878 sese

553 1923 874 1981 cognoscat,
901 1925 955 1969 et
989 1917 1271 1971 cuStodiat.
1304 1933 1424 1985 quae
1452 1934 1481 1970 a
1511 1918 1721 1972 cmlesti
1747 1918 2032 1984 superiore
2064 1917 2147 1970 tli-

554 2008 708 2069 tlicit,
755 2008 806 2061 itt
844 2008 929 2062 his
956 2023 1084 2064 vero
1118 2023 1240 2077 quae
1274 2010 1513 2062 nondum
1551 2011 1620 2062 ab
1663 2025 1726 2062 eo
1762 2009 1972 2074 didit-it,
2005 2008 2150 2076 ejus~

555 2099 678 2152 deut
727 2101 902 2173 solius
935 2101 1166 2155 consilia
1231 2101 1507 2154 admittat.
1550 2100 1683 2154 Nam
1721 2101 1898 2168 angeli
1932 2116 2150 2170 quoque

555 2192 684 2246 licet
737 2193 895 2247 nobis
942 2192 1209 2264 dignitate
1249 2196 1584 2262 superiores,
1614 2205 1740 2246 sunt
1791 2207 1846 2247 et
1879 2196 1979 2260 ipsi
2014 2211 2148 2246 con-

559 2285 811 2339 siliorutn
843 2285 964 2354 ejus
1000 2289 1065 2340 de
1099 2284 1260 2340 nobis
1294 2285 1552 2346 ministri,
1610 2286 1763 2339 Illi$\i
1802 2298 2022 2354 propter
2052 2302 2148 2340 eos

551 2377 644 2446 qui
673 2377 1045 2431 hmreditatem
1065 2378 1281 2446 capient
1303 2378 1558 2433 salutis"
1573 2394 1704 2444 ,ιιοιι
1725 2391 1904 2433 tamen
1931 2394 2146 2444 omnes,

551 2469 646 2523 sed
674 2470 765 2538 qui
796 2469 919 2523 boni
947 2479 1002 2523 et
1034 2470 1084 2522 itt
1118 2470 1313 2523 ordine
1345 2485 1445 2524 suo
1473 2481 1860 2524 remanserunt
1897 2489 1911 2527 :
1945 2472 2148 2526 habent

551 2563 700 2617 enim
733 2563 945 2631 ipsintet
973 2576 1000 2616 a
1027 2563 1134 2615 llco
1158 2562 1519 2629 intellectum,
1544 2566 1768 2618 verbum
1792 2578 1841 2620 el
1865 2566 2142 2633 spiri:um,

550 2666 606 2709 ιιι
646 2655 916 2718 Creatori,
955 2655 1044 2723 qui
1079 2668 1166 2708 est
1201 2655 1512 2710 intellectus
1542 2656 1772 2710 Vt-rbum
1803 2665 1856 2709 et
1885 2657 2145 2725 Spiritus,

552 2749 753 2802 debent
783 2749 925 2802 sicut
956 2764 1054 2800 nos
1089 2747 1318 2803 obedire
1361 2767 1375 2802 :
1409 2759 1462 2802 et
1517 2764 1614 2800 nos
1673 2748 1724 2800 itt
1758 2749 1944 2802 multis
1996 2760 2148 2803 ante-

551 2840 774 2904 cedunt,
821 2841 915 2893 sed
961 2841 1011 2892 itt
1039 2839 1370 2906 quibusdam
1403 2839 1561 2892 nobis
1598 2842 1824 2904 cedunt,
1861 2853 1912 2892 ut
1938 2840 2145 2908 prtefati

551 2947 746 2987 Sumus
795 2943 959 3002 atque
988 2932 1257 2992 dicemus,
1292 2947 1485 3000 nempe
1505 2933 1558 2986 itt
1587 2935 1946 3002 exprimenda
1975 2933 2144 2988 Crea-

552 3025 690 3077 toris
718 3025 977 3095 imagine,
1001 3026 1123 3092 quia
1162 3039 1256 3076 nos
1276 3024 1448 3092 magis
1475 3039 1636 3094 quam
1671 3026 1745 3078 illi
1781 3027 1846 3079 ad
1879 3025 1970 3078 Dei
2005 3027 2142 3079 itna-

549 3118 732 3187 gittent
764 3117 890 3188 facti
927 3131 1139 3170 sumus.

553 3202 806 3276 λέξομεν,
843 3203 981 3277 πρὸς
1012 3205 1072 3259 τὸ
1099 3205 1274 3260 τελεῖν
1298 3199 1418 3254 κατ’
1451 3200 1640 3256 είκόνα
1676 3203 1774 3255 τοῦ
1808 3206 2097 3266 κτίσαντος
2123 3221 2138 3238 ο

558 3305 758 3376 γεγόνοι
768 3321 832 3372 με
841 3322 887 3356 ν.
1882 3367 1885 3370 _

598 3387 706 3438 '44.
733 3384 992 3450 Quamvis
1041 3384 1216 3449 angeli
1263 3385 1331 3436 ad
1362 3382 1612 3438 Creatori
1649 3396 1746 3451 pro
1774 3381 1980 3437 viribus
2030 3382 2136 3436 tui-

545 3478 891 3532 nislrandntn
951 3477 1238 3530 constituti
1308 3475 1440 3540 sint,
1502 3486 1556 3530 et
1601 3475 1908 3530 obediendo
1958 3475 2134 3529 solum

547 3568 830 3630 destinati,
861 3567 1009 3620 haud
1067 3580 1199 3619 vero
1231 3565 1434 3619 addicti
1474 3565 1730 3635 regendis
1779 3566 2136 3620 interioribus

547 3661 684 3724 suis,
713 3658 816 3712 nisi
857 3658 922 3711 ad
960 3658 1064 3712 hoc
1119 3659 1463 3710 mitterentur
1494 3655 1563 3710 ab
1594 3655 1841 3710 omnium
1869 3655 2135 3724 Domino;

551 3750 723 3806 Satan
756 3750 1026 3805 dominari
1060 3749 1296 3819 superbe
1324 3745 1601 3802 affectavit
1635 3758 1828 3802 contra
1859 3748 2138 3804 Creatoris

548 3849 849 3907 tlecrctttttt,
882 3852 935 3897 ct
966 3857 1125 3896 suum
1164 3840 1413 3895 ordinent
1439 3856 1562 3896 cum
1598 3840 1808 3910 angelis
1848 3850 2137 3911 coaposta-

549 3939 618 3991 lis
682 3947 1084 4005 transgressus,
1141 3935 1341 3987 merito
1399 3935 1610 4004 ejectus
1640 3941 1729 3989 est
1782 3948 1982 3988 avera:
2012 3935 2138 3988 vita:

546 4045 612 4083 ac
679 4029 814 4084 lucis
866 4033 1049 4091 tonte,
1098 4035 1153 4080 et
1209 4035 1439 4081 mortem
1501 4025 1674 4081 induit
1740 4025 2139 4096 caliginetnque

545 4131 828 4176 aeternam.
903 4120 1038 4185 Quia
1103 4127 1286 4173 autem
1352 4118 1517 4172 homo
1576 4132 1681 4172 non
1744 4116 1812 4171 ad
1876 4119 2137 4173 obedien-

547 4213 866 4265 dummodo
903 4216 1139 4264 statutus
1176 4219 1283 4273 est,
1315 4208 1409 4263 sed
1445 4209 1609 4263 etiam
1645 4208 1711 4262 ad
1759 4208 2137 4279 itttperattdum

547 4303 806 4358 Omnibus
853 4318 976 4370 qua:
1025 4317 1190 4370 super
1219 4314 1367 4355 terra
1396 4312 1545 4366 sunt,
1581 4302 1782 4356 invidis
1811 4318 1936 4357 eum
1961 4303 2138 4358 oculis

547 4397 855 4466 suspiciens
921 4404 1112 4450 auctor
1172 4395 1321 4461 tnali,
1389 4409 1605 4450 omnem
1667 4397 1892 4452 adhibet
1958 4406 2135 4450 artem

551 4499 609 4543 ιιι
663 4502 786 4541 eum
817 4501 987 4558 regno
1026 4486 1286 4540 detrudat
1311 4504 1326 4548 ;
1356 4489 1499 4557 quod
1531 4488 1580 4542 vi
1613 4505 1723 4542 non
1756 4489 1967 4555 valens,
1999 4504 2136 4558 qua-

548 4591 710 4636 tenus
755 4579 1048 4650 impeditus
1116 4581 1185 4635 ab
1245 4582 1488 4634 omnium
1531 4580 1783 4644 Domino,
1827 4582 1917 4648 qui
1977 4584 2136 4638 ratio-

546 4675 728 4729 nalem
765 4687 1012 4728 naturain
1042 4673 1246 4728 creavit
1283 4673 1508 4728 liberam
1551 4681 1605 4726 et
1641 4672 1910 4741 suijuris,
1945 4674 2135 4731 dolose

547 4766 757 4822 homini
788 4767 1028 4836 suggerit
1057 4767 1281 4820 consilia
1303 4779 1425 4819 eum
1453 4780 1619 4834 regno
1635 4764 1956 4834 spoliatura,
1979 4769 2137 4838 eique

549 4860 736 4914 furtim
792 4861 987 4915 suadet
1025 4867 1082 4913 ut
1129 4859 1388 4927 negligat,
1429 4868 1482 4912 et
1518 4873 1619 4926 pro
1677 4857 1849 4912 nihilo
1903 4871 2135 4929 reputet,

550 4966 605 5005 ct
628 4963 974 5024 aspernetur,
1040 4968 1138 5008 seu
1172 4953 1354 5022 potius
1413 4949 1746 5005 adversetur
1786 4961 2138 5024 etoppugnct

552 5048 677 5098 data
717 5057 747 5097 a
778 5045 1064 5114 superiore
1096 5052 1373 5111 praecepta
1427 5051 1481 5094 et
1529 5039 1781 5106 consilia,
1811 5041 1884 5095 ita
1933 5056 1990 5098 ut
2017 5047 2135 5114 ejus

549 5135 830 5190 rebellioni
852 5135 1227 5200 consociatus,
1258 5133 1610 5189 consociatur
1635 5131 1801 5186 etiam
1833 5133 1950 5203 ejus
1973 5145 2135 5192 aeter-

548 5242 629 5282 na:
661 5228 856 5300 caligni
883 5238 936 5284 el.
969 5230 1150 5284 tuorti.

615 5495 707 5550 45.
770 5496 938 5552 l'orro
995 5498 1235 5552 animam
1268 5497 1592 5554 rationalem
1645 5499 1934 5572 aliquando
1969 5505 2127 5566 mori,

615 5685 657 5718 "
681 5684 845 5740 Hebr.
882 5701 918 5752 t,
951 5687 1035 5740 Νι.

2260 441 2451 494 τεῦθεν
2502 443 2614 504 τοῖς
2651 443 2891 513 χείροσιν
2950 445 3375 515 ὑποτάσσεσθαι,
3428 455 3515 506 καὶ
3548 455 3770 515 δουλεύειν

2259 535 2512 598 ἐκείνοις,
2553 527 2628 587 ὧν
2660 533 2963 604 βασιλεύειν
2997 538 3162 601 ἀξίως
3195 539 3402 611 ἔλαχεν,
3432 544 3502 608 ὡς
3532 548 3646 619 μόνη
3686 552 3770 603 τῶν

2259 629 2380 681 κατ’
2410 627 2667 696 αἴσθησιν
2696 628 2937 695 ζώντων,
2976 632 3118 700 χειρὶ
3153 633 3287 685 Θεοῦ
3335 637 3426 689 καὶ
3449 637 3576 706 λόγῳ
3597 658 3771 713 τετιμη-

2261 719 2421 788 μένη,
2454 719 2548 772 καὶ
2578 720 2700 772 κατ’
2731 721 2914 773 εἰκόνα
2952 727 3219 794 γενομένη
3249 726 3340 777 τοῦ
3391 730 3662 794 κτίσαντος.
3685 736 3771 786 Ἐν-

2255 810 2439 862 δίδωσι
2465 809 2522 863 δὲ
2552 810 2580 860 6
2609 810 2759 873 Θεὸς,
2791 811 2858 863 ἵν’
2902 812 3023 864 ἰδὼν
3047 817 3073 867 ὀ
3109 816 3391 886 ἄνθρωπος
3416 826 3770 891 προσπετομένην

2255 899 2353 969 τὴν
2389 899 2700 969 συμϐουλὴν
2721 902 2785 953 ὲκ
2816 901 2910 954 τοῦ
2940 904 3179 974 χείρονος
3216 908 3400 977 (πόσον
3433 914 3532 979 γὰρ
3563 912 3768 980 χείρω·ιό

2254 991 2376 1059 ὄφις
2408 991 2697 1062 ἀνθρώπου
2721 992 2782 1064 ί),
2818 996 2910 1045 καὶ
2934 997 3084 1062 πόσῳ
3103 1001 3287 1065 σαφῶς
3309 1004 3437 1070 συνῇ
3463 1003 3691 1072 μηδαμῶς
3710 1001 3770 1060 οὗ·

2257 1100 2356 1136 σαν
2385 1084 2662 1154 λυσιτελῆ,
2712 1086 2806 1139 καὶ
2836 1087 3246 1159 ἀναξιοπαθήσῃ
3274 1090 3369 1160 τὴν
3402 1094 3529 1165 πρὸς
3567 1096 3618 1148 τὸ
3641 1115 3767 1164 φανεο

2256 1174 2366 1244 ρῶς
2396 1177 2574 1244 χεῖρον
2604 1177 2905 1248 ὑποταγὴν,
2939 1180 3033 1232 καὶ
3058 1181 3265 1253 φυλάξῃ
3298 1182 3427 1252 πρὸς
3450 1185 3532 1237 τὸν
3559 1189 3770 1242 κτίσαντα

2257 1269 2460 1332 πίστιν,
2494 1269 2593 1338 τὴν
2626 1271 2843 1324 ἐκείνου
2876 1274 3055 1342 τηρ-ὒν
3079 1274 3298 1343 ἐντολήν
3321 1292 3335 1305 θ
3369 1278 3677 1347 καὶνικητὴς
3697 1282 3768 1349 ρςι·

2253 1362 2379 1422 δίως
2399 1362 2591 1434 τελέσῃ
2619 1363 2712 1416 τοῦ
2747 1366 3066 1428 ἐκπεσόντος
3092 1369 3188 1434 τῆς
3211 1368 3376 1432 ὅντως
3403 1369 3768 1442 ζωῆς,καὶλά6ῃ

2254 1454 2479 1518 δικαίως
2514 1457 2613 1528 τὴν
2667 1457 2946 1526 μακαρίαν
2983 1459 3300 1523 ἀθανασίαν,
3340 1463 3432 1513 καὶ
3462 1463 3668 1533 διαμένῃ
3692 1465 3767 1527 ζῶν

2253 1547 2433 1610 ἔνθεος
2457 1549 2534 1609 είς
2563 1552 2687 1612 τοὺς
2717 1551 2941 1614 αἰῶνας.

2325 1635 2437 1706 μγ’.
2468 1639 2631 1691 Οὐδὲν
2653 1641 2938 1710 ἀνθρώπου
2968 1648 3232 1714 κρεῖττον,
3256 1646 3395 1699 ὥστε
3425 1646 3764 1715 βουλεύσασθαι

2252 1731 2346 1780 καὶ
2379 1730 2609 1800 γνώμην
2660 1733 3020 1800 εἰσενεγκεῖν,
3074 1738 3167 1789 καὶ
3193 1737 3261 1789 δι’
3300 1739 3467 1809 αὐτῆς
3493 1739 3671 1805 γνῶναι
3701 1743 3768 1792 καὶ

2251 1820 2589 1890 πορίσασθαι
2625 1823 2684 1875 τδ
2727 1829 2997 1882 συνοῖσον·
3031 1829 3189 1896 μόνον
3211 1831 3259 1881 εί
3300 1831 3550 1896 φυλάττει
3573 1831 3769 1899 τὴνὲαυ-

2248 1914 2340 1962 τοῦ
2367 1913 2540 1976 τάξιν,
2570 1916 2662 1966 καὶ
2684 1916 2942 1983 γινώσκει
2973 1919 3184 1982 ἑαυτὸν,
3209 1920 3301 1972 καὶ
3328 1921 3419 1973 τδν
3442 1922 3589 1989 μόνον
3616 1921 3768 1974 ἑαυτοῦ

2251 2004 2504 2072 κρείττω,
2549 2006 2643 2057 καὶ
2676 2008 2868 2077 τηροίη
2907 2003 3004 2076 μὲν
3049 2008 3083 2061 ἂ
3111 2012 3242 2080 παρ’
3281 2011 3490 2064 ἐκείνου
3527 2014 3668 2081 μάθοι
3701 2013 3768 2063 τοῦ

2248 2096 2581 2165 κρείττονος,
2607 2098 2686 2160 εἰς
2708 2099 2742 2151 ἀ
2767 2100 2822 2152 δὲ
2854 2099 2926 2170 μὴ
2957 2103 3088 2170 παρ’
3123 2102 3330 2154 ἐκείνου
3361 2104 3537 2171 μάθοι,
3576 2105 3767 2172 σύμϐου·

2247 2187 2336 2240 λον
2377 2191 2584 2242 ἐκεῖνον
2617 2193 2777 2260 μόνον
2812 2194 3345 2264 συμπαραλαμϐάνοι
3393 2199 3659 2267 βουλεύων.
3691 2195 3770 2249 Καὶ

2246 2283 2294 2330 οἱ
2341 2281 2561 2346 ἄγγελοι
2611 2283 2740 2352 γὰρ,
2773 2285 2821 2336 εί
2881 2287 2974 2337 καὶ
3003 2287 3141 2356 ὑπὲρ
3171 2289 3318 2356 ἡμᾶς
3381 2291 3487 2342 εἰσι
3515 2290 3603 2358 τὴν
3629 2290 3767 2353 agam.

2245 2370 2358 2423 ἀλλ’
2383 2372 2785 2441 ὑπηρετοῦνται
2814 2374 2907 2426 καὶ
2945 2370 3090 2430 οὗτοι
3123 2381 3233 2439 τοῖς
3271 2379 3412 2448 ὑπὲρ
3435 2381 3582 2449 ἡμῶν
3605 2381 3770 2431 ἐκείνου

2245 2464 2630 2535 βουλεύμασιν,
2684 2466 3147 2537 ἀποστελλόμενοι
3193 2469 3280 2522 διὰ
3331 2473 3459 2534 τοὺς
3524 2471 3768 2541 μέλλοντας

2243 2559 2604 2630 κληρονομεῖν
2632 2562 2935 2630 σωτηρίαν·
2982 2561 3183 2632 μᾶλλον
3221 2563 3275 2614 δὲ
3328 2563 3390 2615 οὐ
3420 2565 3628 2628 πάντες,
3666 2563 3770 2614 ἀλλὰ

2242 2651 2511 2703 κάκείνων
2531 2651 2580 2703 oi
2604 2651 2799 2719 ἀγαθοὶ
2821 2654 2914 2705 καὶ
2937 2652 3270 2722 φυλάξαντες
3291 2654 3392 2726 τὴν
3410 2654 3606 2709 ἑαυτῶν
3623 2654 3766 2719 τάξιν*

2243 2742 2420 2810 ἔχουσι
2455 2744 2562 2810 γὰρ
2609 2746 2849 2796 κάκεῖνοι
2904 2745 3054 2815 παρά
3101 2747 3236 2799 Θεοῦ
3299 2748 3448 2812 νοῦν,
3491 2748 3655 2814 λόγον,
3701 2745 3786 2820 καὶ¹

2245 2835 2477 2902 πνεῦμα,
2515 2839 2736 2906 συμφυῆ
2767 2836 2835 2888 τά
2867 2838 2988 2908 τρία
3031 2838 3202 2892 ταῦτα
3225 2856 3238 2869 ο
3276 2841 3373 2893 καὶ
3400 2841 3474 2911 τῷ
3503 2837 3770 2909 δημιουργῷ

2238 2925 2354 2994 NQ),
2389 2927 2484 2979 καὶ
2535 2928 2715 2998 Λόγῳ,
2751 2928 2845 2981 καὶ
2874 2928 3152 2999 Πνεύματι
3211 2932 3334 2985 καθ’
3366 2935 3510 3003 ἡμᾶς
3547 2932 3770 3000 ὀφείλουσι

2238 3016 2564 3070 πείθεσθαι”
2616 3019 2712 3071 καὶ
2742 3019 3128 3074 πλεονεκτοῦσι
3164 3021 3262 3092 μὲν
3297 3022 3455 3092 ἡμῶν
3483 3024 3537 3075 ἐν
3571 3021 3766 3082 πολλοῐῖ,

2229 3096 2432 3151 ἔστιδὲ
2461 3099 2560 3168 ἐφ’
2594 3092 2670 3155 ὧν
2706 3103 2863 3175 ἡμῶν
2895 3107 3245 3175 ἀποδέουσιν,
3279 3111 3354 3174 ὡς
3400 3112 3600 3182 ἐφημέν
3621 3127 3672 3177 γε
3695 3109 3771 3161 καὶ

2196 3206 2264 3259 δι’
2292 3206 2327 3260 ἀ
2356 3207 2448 3260 καὶ
2491 3206 2695 3278 μᾶλλον
2734 3205 2963 3260 ἐκείνων
3023 3207 3186 3278 ἡμεῖς
3233 3208 3355 3260 κατ’
3409 3208 3588 3260 εἰκόνα
3636 3196 3767 3262 Θεοῦ.

2180 1696 2227 1756 Β

2311 3401 2413 3472 μδ’.
2454 3400 2780 3469 ’Υπηρετεῖν
2810 3399 3132 3469 ὡρισμένων
3161 3397 3400 3459 δυνατῶς
3428 3396 3531 3447 τῶν
3561 3389 3763 3459 ἀγγέλων

2236 3493 2312 3560 τῷ
2343 3493 2622 3556 κτίσαντι,
2670 3493 2764 3543 καὶ
2825 3491 2986 3559 μόνον
3037 3490 3300 3559 ἄρχεσθαι
3349 3483 3763 3558 κληρωσαμένων.

2236 3591 2426 3658 ἄρχειν
2455 3588 2511 3640 δὲ
2538 3588 2648 3640 τῶν
2672 3587 2789 3656 μετ’
2819 3585 3015 3648 αὐτοὺς
3043 3586 3102 3638 οὑ
3139 3584 3471 3654 ταχθέντων,
3514 3583 3560 3633 εί
3589 3579 3654 3649 μὴ
3686 3575 3768 3642 ἄμ

2238 3679 2536 3748 πεμφθεῖεν
2559 3679 2640 3741 εἰς
2665 3677 2824 3731 τοῦτο
2854 3678 3002 3744 παρὰ
3030 3675 3120 3728 τοῦ
3147 3675 3477 3745 κρατοῦντος
3502 3672 3603 3724 τῶν
3627 3668 3767 3722 atm-

2238 3771 2266 3822 6
2320 3772 2494 3822 Σατᾶν
2567 3772 2756 3839 ἄρχειν
2834 3767 3181 3837 ἐπεθύμησεν
3243 3765 3600 3835 ὑπερηφάνως
3650 3754 3768 3825 παρὰ

2237 3862 2472 3932 γνώμην
2512 3861 2605 3914 τοῦ
2647 3845 2930 3922 κτίσαντος
2951 3877 2966 3890 ⁸
3000 3860 3094 3912 καὶ
3127 3858 3225 3928 τὴν
3263 3857 3462 3911 ἑαυτοῦ
3490 3855 3630 3918 τάξιν
3662 3847 3769 3919 μετά

2239 3955 2348 4008 τῶν
2382 3953 2802 4006 συναποστατόη
2828 3951 3078 4019 ἀγγέλων
3127 3949 3432 4014 ἀπολιπὼν,
3477 3942 3766 4014 ἐγκαταλιμ-

2242 4050 2474 4102 πάνεται
2497 4046 2722 4107 δικαίως
2759 4048 2911 4115 παρᾶ
2934 4045 3031 4113 τῆς
3059 4043 3228 4107 ὅντως
3255 4043 3495 4112 ζωτικῆς
3521 4042 3606 4094 καὶ
3636 4054 3768 4106 φωτιο

2242 4140 2438 4208 στικῆς
2473 4138 2687 4206 πηγῆς·
2716 4137 2810 4190 καὶ
2831 4137 3057 4190 θάνατον
3085 4135 3352 4200 ἐνδύεται,
3379 4137 3474 4188 καὶ
3505 4134 3652 4200 ζόφον
3669 4125 3768 4180 αἰὼ-

2241 4252 2371 4288 νιον.
2422 4233 2575 4286 Ἐπεὶ
2629 4231 2685 4284 δὲ
2743 4233 2770 4284 6
2803 4231 3109 4300 ἄνθρωπος,
3145 4230 3245 4282 οὐκ
3302 4229 3564 4299 ἄρχεσθαι
3621 4223 3766 4294 μόνον,

2240 4327 2378 4380 ἀλλὰ
2410 4325 2506 4380 καὶ
2535 4327 2724 4396 ἄρχειν
2780 4321 3056 4376 τέτακταί
3097 4321 3208 4375 τῶν
3261 4321 3357 4372 ἐπὶ
3386 4322 3488 4390 γῆς
3520 4318 3764 4372 ἁπάντων·

2243 4419 2536 4490 βασκάνοις
2595 4416 2806 4486 ὄμμασι
2849 4415 3035 4468 τοῦτον
3093 4412 3364 4483 προσιδὼν
3424 4414 3453 4464 6
3487 4409 3764 4480 ἀρχέκακοξ.

2241 4513 2389 4581 πάσῃ
2425 4511 2641 4580 μηχανῇ
2673 4509 2894 4579 χρῆται,
2947 4506 3136 4559 τοῦτον
3164 4505 3264 4574 τῆς
3315 4505 3490 4575 ἀρχῆς
3535 4495 3765 4553 καθελεῖν·

2243 4605 2334 4675 βίᾳ
2362 4603 2418 4656 δὲ
2445 4605 2546 4656 οὐκ
2577 4602 2737 4671 ἔχων,
2768 4601 2865 4654 ἆτε
2895 4597 3235 4668 κωλυόμενος
3269 4597 3423 4667 παρά
3474 4593 3565 4647 τοῦ
3596 4593 3767 4675 πάγων

2240 4673 2590 4767 κρατοῦντος,
2606 4695 2662 4757 ὃς
2685 4693 2780 4763 τὴν
2801 4692 3022 4764 λογικὴν
3044 4690 3202 4759 φύσιν
3221 4687 3640 4756 ἐδημιούργησεν
3655 4673 3765 4780 ἕλεν·

2240 4785 2397 4859 θερόν
2432 4805 2490 4840 τε
2527 4789 2621 4840 καὶ
2653 4783 3024 4848 αὐτεξούσιον,
3061 4785 3158 4836 σὺν
3213 4781 3346 4846 δόλῳ
3403 4779 3658 4848 προσάγει
3695 4779 3763 4834 την

2238 4881 2684 4951 καθαιρήσουσαν
2733 4877 2834 4945 τῆς
2863 4876 3037 4946 ἀρχῆς
3073 4872 3403 4941 συμϐουλὴν,
3446 4870 3538 4922 καὶ
3567 4865 3758 4961 κλέπτειῖ

2242 4970 2442 5042 μᾶλλον
2470 4970 2526 5021 δὲ
2552 4968 2726 5020 πείθει
2753 4968 2877 5029 τοὺς
2909 4965 3232 5036 ἀνθρώπους
3267 4962 3528 5032 περιιδεῖν
3579 4957 3666 5027 μὲν
3697 4957 3763 5003 καὶ

2237 5065 2370 5134 παρ’
2389 5063 2540 5116 οὐδὲν
2576 5059 2764 5114 θέσθαι
2799 5060 2894 5112 καὶ
2924 5059 3207 5126 ἀθετῆσαι,
3239 5054 3511 5126 μᾶλλονδὲ
3545 5050 3632 5104 καὶ
3655 5049 3764 5099 ἀντι·

2238 5156 2523 5221 τάξασθαι,
2554 5152 2649 5206 καὶ
2680 5151 2942 5205 τάναντία
2974 5149 3178 5219 πρᾶξαι
3205 5150 3300 5218 τῆς
3333 5147 3486 5218 παρὰ
3512 5144 3598 5196 τοῦ
3619 5134 3763 5208 κρείτ·

2235 5257 2388 5310 τονος
2409 5245 2702 5315 δεδομένης
2735 5242 2953 5312 ἐντολῆς
2987 5257 3046 5293 τε
3091 5241 3184 5293 καὶ
3239 5236 3566 5308 συμϐουλῆς,
3607 5229 3686 5283 καὶ
3707 5222 3763 5318 dif

2236 5339 2646 5407 κοινωνήσαντα
2692 5335 2790 5405 τῆς
2821 5334 3181 5396 ἀποστασίας,
3219 5329 3540 5398 κοινωνῆσαι
3588 5319 3669 5376 καὶ
3695 5327 3763 5367 τευ

2238 5433 2360 5488 καθ’
2392 5432 2586 5486 ἑαυτὸν
2610 5431 2831 5487 αἰωνίου
2863 5427 3055 5500 ζόφου,
3089 5427 3184 5482 καὶ
3214 5427 3310 5496 τῆς
3341 5419 3666 5493 νεκρώσεως·

2298 5523 2402 5590 με’.
2441 5522 2562 5574 Ὀτι
2598 5519 2656 5572 δὲ
2691 5521 2784 5572 καὶ
2811 5524 2843 5591 η
2875 5523 3065 5593 λογικη
3101 5523 3246 5595 ψυχὴ
3273 5525 3419 5577 ἐστιν
3447 5521 3521 5585 ὡς
3574 5511 3761 5587 νεκροῦ-
