3988 6506
211 537 359 610 1153

1135 540 1408 601 CAPI'I‘A
1458 533 1802 606 PIIYSICA,
1841 532 2355 600 THEOLOGICA,
2396 532 2560 594 ETC.

3335 522 3475 592 1th

158 699 165 703 ,
212 655 331 703 ται,
362 635 542 691 καίτοι
597 633 742 706 ζωὴν
776 633 973 705 ἔχουσα
1020 636 1080 688 τὸ
1109 635 1271 698 εἶναι,
1307 635 1514 698 Παῦλος
1543 637 1572 686 6
1620 634 1791 704 μέγας
1821 674 1831 700 Α

1939 648 2022 695 ret
2065 643 2232 695 vitam
2293 639 2662 696 essentialiter
2718 636 2941 702 habeat,
3005 651 3234 706 magnus
3269 639 3473 692 Paulus

214 732 366 800 ἡμᾶς
401 727 603 793 ἐδίδαξε
632 728 857 798 γράφων
883 744 896 758 ·
943 746 961 778 ι
988 728 1049 779 'H
1088 727 1417 780 σπαταλῶσα
1453 729 1597 798 χήρα
1645 725 1794 788 ζῶσα

213 820 504 885 τέθνηκεν.
549 835 567 868 ι
616 815 883 886 Είρῆσθαι
912 816 1010 885 μέν
1027 812 1122 869 οὖν
1149 817 1342 886 ἐκείνῳ
1371 816 1531 869 τοῦτο
1558 815 1797 884 καὶπερὶ

213 908 312 961 τοῦ
344 909 708 980 προκειμένου
741 907 834 960 νῦν
859 909 956 975 τῆς
990 907 1216 977 λογικῆς
1247 906 1489 976 δηλονότι
1513 904 1712 975 ψυχῆς,
1735 904 1795 956 οὐ

211 1000 401 1068 χεῖρον
436 997 500 1051 ἂν
533 999 710 1049 εἰπεῖν
746 998 868 1064 εἴη’
924 1000 956 1067 ἡ
991 998 1099 1066 γὰρ
1123 998 1464 1066 ἐστερημένη
1511 994 1605 1048 τοῦ
1637 1011 1801 1047 πνευ-

220 1089 458 1160 ματικοῦ
522 1089 760 1159 νυμφίου
806 1089 983 1158 ψυχὴ,
1021 1091 1071 1140 εί
1116 1089 1191 1158 μὴ
1237 1087 1644 1157 συνεσταλμένη
1707 1085 1802 1137 καὶ

220 1182 497 1236 πενθοῦσα
529 1182 636 1250 εἴη,
700 1181 794 1232 καὶ
827 1180 919 1231 τὸν
954 1180 1142 1231 στενὸν
1173 1181 1266 1232 καὶ
1295 1176 1656 1248 τεθλιμμένον
1687 1177 1802 1248 βίον

215 1275 317 1343 τῆς
349 1273 641 1334 μετανοίας
693 1270 956 1337 ἁνύουσα,
992 1270 1127 1323 ἀλλὰ
1167 1271 1520 1358 διαχεομένη,
1562 1273 1657 1324 καὶ
1685 1273 1803 1333 ταῖς

215 1365 439 1435 ἡδοναῖς
471 1362 683 1434 ἑαυτὴν
711 1364 931 1431 ἐφιεῑσα
964 1362 1058 1415 καὶ
1092 1361 1426 1415 σπαταλῶσα
1450 1399 1467 1427 ,
1502 1362 1650 1425 ζῶσα
1687 1360 1804 1431 (καὶ

219 1456 333 1525 γὰρ
361 1456 480 1509 κατ’
506 1454 696 1506 οὐσίαν
724 1454 873 1505 ἐστὶν
906 1453 1196 1523 ἀθάνατος)
1229 1454 1456 1523 τεθνηκε
1481 1469 1496 1481 ·
1545 1453 1637 1504 καὶ
1693 1451 1805 1518 γὰρ

224 1548 348 1598 ἐστι
374 1545 596 1613 δεκτικὴ
625 1546 859 1598 θανάτου
900 1543 992 1596 τοῦ
1022 1545 1285 1615 χείρονος,
1315 1544 1504 1613 ὥσπερ
1538 1543 1629 1594 καὶ
1660 1543 1806 1612 ζωῆς

224 1640 327 1709 τῆς
359 1638 661 1707 ἀμείνονος.
695 1638 755 1689 Et
788 1637 959 1690 δὲκαὶ
991 1638 1164 1707 χήραν
1198 1637 1349 1705 λέγει
1378 1638 1476 1707 τὴν
1505 1634 1799 1704 ἐστερημέ·

221 1744 328 1795 νην
360 1729 454 1778 τοῦ
509 1725 824 1795 σωματικοῦ
856 1728 1113 1795 νυμφίου,
1164 1725 1497 1777 σπαταλῶσα
1533 1725 1629 1776 καὶ
1656 1725 1809 1784 ζῶσα

222 1820 371 1871 κατὰ
419 1818 598 1886 σῶμα,
653 1817 870 1880 πάντως
918 1817 1167 1888 τέθνηκε,
1208 1817 1364 1887 φησὶ,
1416 1819 1555 1870 κατὰ
1607 1817 1809 1885 ψυχήν.

238 1909 396 1962 Ἐπεὶ
428 1911 521 1962 καὶ
551 1908 786 1979 ἀλλαχοῦ
819 1926 987 1979 φησιν
1016 1912 1044 1961 6
1071 1910 1257 1975 αὐτὸς,
1294 1911 1375 1962 ὅτι
1400 1910 1642 1978 Νεκρους
1666 1908 1812 1977 ἡμᾶς

1893 748 1992 788 nos
2043 731 2225 788 docuit
2254 734 2545 788 scribens:
2588 751 2605 784 ι
2650 730 2824 784 Vidua
2881 744 3004 800 qum
3060 729 3113 784 in
3147 728 3359 784 deliciis
3387 742 3472 783 est

1894 827 2102 891 vivens,
2132 834 2343 878 mortua
2375 834 2458 878 est
2485 824 2550 878 '°.
2587 842 2605 876 ι
2653 822 2710 878 Id
2767 831 2946 876 autem
2978 821 3048 875 ab
3075 821 3169 875 illo
3216 835 3340 875 esse
3391 821 3475 874 di-

1893 930 2044 973 ctum
2076 918 2143 971 de
2177 934 2238 974 re
2263 919 2421 973 nobis
2478 932 2627 971 nunc
2657 916 2956 986 proposita,
3003 915 3071 969 de
3118 914 3299 968 anima
3329 913 3476 967 scili-

1894 1021 1981 1064 cet
2013 1011 2286 1073 rationali,
2323 1024 2427 1063 nmt
2458 1009 2595 1063 male
2652 1018 2994 1064 assereretur
3029 1021 3046 1062 :
3078 1005 3296 1060 viduata
3328 1004 3472 1059 enim

1896 1103 2169 1171 spirituali
2199 1116 2400 1170 sponso
2432 1103 2637 1166 anima,
2665 1100 2710 1155 si
2747 1115 2852 1155 non
2882 1099 3044 1154 anxia
3076 1097 3149 1152 sit
3177 1108 3232 1152 et
3260 1099 3474 1161 lugens,

1897 1206 1951 1250 et
1997 1203 2205 1247 arctam
2273 1191 2641 1263 amictamque
2686 1193 2843 1263 degat
2885 1192 3222 1262 paenitentiae
3282 1192 3474 1253 vitam,

1899 1285 1990 1340 sed
2027 1284 2232 1339 ditiloat
2268 1285 2640 1357 voluptatibus
2666 1293 2720 1338 et
2751 1284 3028 1353 indulgeat
3051 1283 3279 1348 deliciis,
3306 1296 3477 1350 quan-

1898 1395 2058 1449 quam
2115 1379 2325 1441 vivens,
2346 1387 2529 1445 utpote
2557 1392 2653 1444 per
2684 1376 2974 1431 essentiam
3003 1384 3087 1430 est
3126 1371 3474 1433 immortalis,

1902 1480 2113 1525 mortua
2149 1478 2327 1523 tamen
2370 1478 2450 1522 est
2481 1485 2497 1523 :
2530 1469 2731 1537 quippe
2782 1482 2952 1535 capax
2984 1477 3069 1521 est
3110 1466 3321 1525 mortis,
3358 1478 3478 1532 quae

1899 1572 1984 1617 est
2033 1562 2258 1625 malmn,
2301 1560 2402 1613 ‘vel
2464 1561 2610 1622 vitm,
2653 1575 2773 1628 uiue
2806 1568 2892 1613 est
2935 1558 3158 1612 bonum.
3206 1555 3263 1611 Si
3297 1564 3478 1609 autem

1903 1657 1993 1710 ille
2045 1655 2287 1724 loquitur
2343 1653 2412 1707 de
2462 1652 2624 1708 vidua
2660 1651 2931 1721 corporali
2985 1649 3217 1720 conjuge
3265 1647 3479 1709 orhata,

1903 1748 1982 1802 sic
2004 1744 2385 1816 intelligendus
2435 1752 2566 1800 est:
2611 1757 2732 1813 quae
2793 1743 2843 1795 in
2879 1740 3093 1796 deliciis
3116 1748 3218 1803 est,
3257 1737 3359 1792 etsi
3403 1737 3483 1789 vi-

1905 1853 2039 1892 vens
2094 1852 2346 1907 corpore,
2406 1852 2632 1906 prorsus
2695 1845 2905 1889 mortua
2967 1844 3051 1888 est
3105 1832 3311 1886 anima.
3347 1829 3481 1883 Nam

1904 1932 2046 1985 idem
2084 1930 2211 1984 alibi
2251 1930 2428 1983 dicit:
2472 1945 2492 1979 ι
2519 1926 2654 1983 Cum
2684 1941 2934 1981 essemus
2979 1925 3170 1978 mortui
3224 1922 3483 1993 peccatis,

223 2002 390 2064 ὖντας
416 2003 524 2062 τοῖς
545 2000 981 2070 παραπτώμασι,
1008 2000 1443 2070 συνεζωοποίησε
1469 2000 1544 2070 τῷ
1569 2000 1812 2069 Χριστῷ.

1938 2021 2307 2075 onvivitlcavit
2340 2035 2439 2075 nos
2493 2020 2546 2071 iu
2596 2018 2817 2071 Christo
2844 2018 2910 2071 “.
2957 2035 2975 2068 ι
3009 2016 3137 2069 Item
3169 1989 3259 2081 qui
3299 2014 3434 2067 dixit
3464 2024 3484 2067 :

224 2094 295 2147 Τί
330 2094 386 2146 δέ
437 2094 465 2144 6
496 2091 689 2158 εἰπὼν,
715 2094 900 2145 Ἔστιν
943 2092 1187 2162 ἁμαρτίαι
1220 2092 1349 2161 πρὸς
1380 2092 1650 2154 θὰ.νατον;
1676 2090 1819 2145 ἀλλὰ

226 2187 331 2240 καὶ
359 2188 388 2238 ὁ
422 2187 648 2255 Κύριος,
677 2185 896 2252 ἀφεῖναί
941 2201 1050 2238 τινι
1097 2185 1406 2254 προστάξας
1433 2186 1557 2246 τοὺς
1585 2184 1815 2254 νεκροὺς

225 2279 460 2332 θάπτειν
510 2279 635 2339 τοὺς
684 2279 938 2349 νεκροὺς,
991 2279 1119 2341 τοὺς
1148 2279 1514 2345 ἐνταφιαστὰς
1576 2276 1817 2339 ἐκείνους

225 2372 377 2422 κατὰ
427 2368 587 2439 σῶμα
618 2367 854 2434 ζῶντας,
907 2370 1135 2441 νεκροὺς
1170 2367 1413 2433 πάντως,
1472 2367 1613 2419 κατὰ
1640 2366 1816 2436 ψυχὴν

226 2459 578 2527 ἀπεφήνατο.

313 2555 431 2619 μς’.
467 2548 869 2617 Ἐκστήσαντες
897 2548 1117 2611 ἑκόντες
1172 2547 1395 2611 ἑαυτοὺς
1424 2549 1473 2599 οἱ
1506 2546 1598 2599 τοῦ
1629 2548 1820 2615 γένους

229 2642 586 2710 προπάτορες
617 2640 715 2710 τῆς
745 2638 838 2692 τοῦ
879 2640 1015 2693 Θεοῦ
1051 2642 1272 2711 μνήμης
1308 2644 1402 2693 καὶ
1439 2641 1694 2711 θεωρίας,
1726 2641 1821 2692 καὶ

230 2735 341 2802 τῆς
375 2734 587 2786 ἐκεῖθεν
611 2732 827 2801 ἐντολῆς
862 2732 1255 2804 ἀλογήσαντες,
1282 2733 1374 2785 καί
1405 2731 1482 2801 τῷ
1522 2731 1699 2801 νεκρῷ
1727 2729 1821 2780 τοῦ

233 2826 421 2878 Σατᾶν
458 2825 861 2897 ὁμονοήσαντες
890 2827 1186 2896 πνεύματι,
1246 2826 1341 2876 καὶ
1382 2824 1474 2876 τοῦ
1512 2827 1820 2894 ἀπηγίρευ-

238 2916 409 2986 μένου
443 2913 598 2980 ξ3).ου
620 2916 889 2983 φαγόντες
928 2918 1080 2986 παρὰ
1134 2916 1363 2985 γνώμην
1395 2916 1483 2966 τοῦ
1516 2916 1821 2975 κτίσαντος,

234 3007 623 3077 γυμνωθέντες
657 3007 766 3060 τῶν
815 3010 879 3059 ἐκ
906 3007 1003 3076 τῆς
1056 3007 1262 3061 ἄνωθεν
1308 3007 1498 3074 αἴγλης
1547 3004 1825 3074 φωτεινῶν

238 3102 341 3153 καὶ
373 3101 621 3163 ζωτικῶν
649 3100 990 3169 ἐνδυμάτων,
1022 3101 1229 3167 νεκροὶ,
1267 3100 1400 3167 φεῦι
1429 3099 1503 3159 ὡς
1554 3101 1582 3151 ὁ
1627 3098 1825 3163 Σατᾶν,

238 3193 343 3245 καὶ
372 3193 526 3246 αὐτοὶ
556 3193 699 3244 κατὰ
731 3191 945 3261 πνεῦμα
964 3191 1274 3260 γεγόνασιν.
1318 3192 1468 3243 Ἐπεὶ
1497 3192 1551 3243 δέ
1575 3193 1602 3242 6
1630 3190 1826 3250 Σατᾷν,

1913 2132 1932 2165 ι
1978 2113 2065 2167 Est
2108 2123 2385 2181 peccatum
2434 2110 2499 2163 ad
2547 2121 2776 2163 mortem
2843 2110 2913 2162 ”.
2975 2125 2994 2159 ι
3060 2107 3182 2175 Ipse
3227 2105 3490 2159 Dominus

1907 2209 2121 2258 cuidam
2162 2204 2483 2273 pra‘cipieus
2521 2212 2577 2253 ut
2612 2203 2907 2253 dimitteret
2953 2207 3197 2251 mortuos
3253 2194 3490 2262 sepelire

1916 2314 2160 2355 mortuos
2185 2313 2337 2362 suos,
2374 2297 2677 2366 sepultores
2707 2296 2829 2349 illos
2855 2306 3086 2363 corpore
3102 2271 3347 2347 virentes
3369 2301 3491 2344 esse

1915 2406 2138 2460 prorsus
2179 2396 2426 2443 mortuos
2457 2385 2640 2439 anima
2668 2380 3084 2439 demonstravit.

1996 2535 2087 2590 46.
2123 2534 2218 2588 lilii
2288 2534 2431 2587 ultro
2476 2534 2803 2587 destiterunt
2855 2530 3079 2582 humani
3120 2527 3337 2597 generis
3384 2539 3507 2593 pro-

1924 2630 2008 2683 avi
2057 2644 2084 2679 a
2140 2627 2229 2678 Dei
2288 2625 2549 2679 memoria
2635 2634 2684 2679 et
2747 2621 3234 2688 contemplatione,
3277 2617 3504 2686 ejusque

1927 2721 2236 2774 mandatum
2270 2727 2615 2786 spreverunt,
2643 2725 2698 2770 et
2741 2726 2954 2771 mortuo
2999 2714 3221 2768 Satanae
3273 2725 3506 2764 consen-

1926 2820 2119 2865 seiuot
2177 2809 2415 2878 spiritui,
2469 2822 2533 2861 ac
2586 2808 2652 2861 de
2694 2806 2874 2861 fructu
2937 2804 3107 2858 vetito
3156 2798 3511 2856 comederunt

1927 2912 2114 2955 contra
2155 2899 2435 2955 Creatoris
2486 2908 2777 2957 statutum.
2832 2897 3018 2951 nudati
3080 2891 3390 2963 splendoris
3416 2905 3512 2944 su-

1929 2993 2096 3061 premi
2138 2991 2330 3046 lucidis
2379 2999 2436 3045 et
2483 2989 2738 3043 vitalibus
2799 2985 3158 3046 indumentis,
3192 2992 3247 3037 et
3295 2979 3513 3035 Satanae

1931 3086 2102 3139 instar
2153 3094 2208 3137 et
2264 3083 2388 3151 ipsi,
2440 3082 2576 3135 heu!
2625 3081 2817 3150 spiritu
2851 3079 3050 3133 mortui
3097 3086 3248 3132 sunt.
3284 3076 3354 3127 At
3385 3074 3512 3142 quia

1931 3177 2169 3231 Satanas
2229 3192 2337 3229 non
2390 3185 2636 3228 mortuus
2691 3173 2866 3227 solum
2898 3181 2981 3225 est
3039 3170 3289 3239 spiritus,
3325 3164 3418 3220 scd
3461 3175 3517 3220 et

240 3284 305 3335 οὐ
335 3285 531 3353 νεκρόν
564 3286 681 3334 ἐστι
714 3281 935 3350 πνεῦμα
963 3283 1145 3352 μόνον,
1174 3281 1312 3334 ἀλλὰ
1336 3282 1427 3333 καὶ
1457 3279 1685 3351 νεκροῦν
1704 3281 1829 3344 τοὺς

1933 3270 2093 3323 morti
2126 3269 2264 3321 dans
2296 3268 2360 3319 ad
2419 3282 2476 3321 se
2508 3269 2859 3330 accedentes,
2890 3265 3049 3318 istius
3079 3272 3261 3316 autem
3296 3259 3518 3329 partit-i-

246 3372 593 3442 ἐγγίζοντας,
620 3375 731 3435 τοῖς
765 3372 820 3425 δέ
858 3373 1190 3442 μετασχοῦσι
1220 3372 1319 3440 τῆς
1381 3372 1588 3423 ἐκείνου
1623 3370 1828 3439 νεκρώ-

248 3481 392 3528 σεως
414 3467 506 3517 καὶ
539 3465 698 3533 σῶμα
725 3467 929 3534 παρῆν,
961 3463 1029 3516 δι’
1055 3459 1115 3517 οὗ
1144 3463 1237 3515 καὶ
1271 3461 1645 3532 συνεπερὰνθη
1693 3462 1832 3531 πρὸς

252 3559 419 3630 ἔργον
441 3555 669 3610 ἐλθοῦσα
696 3558 730 3627 ἡ
767 3553 1087 3625 νεκροποιδς
1128 3552 1435 3624 συμϐουλὴ,
1464 3552 1831 3621 μεταδιδόασι,

252 3648 398 3719 φεῦῑ
432 3649 528 3702 καὶ
560 3650 672 3711 τοῖς
697 3645 917 3709 οἰκείοις
941 3644 1181 3715 σώμασι,
1223 3646 1293 3697 τὰ
1322 3645 1494 3713 νεκρὰ
1522 3643 1617 3695 καὶ
1650 3659 1839 3713 νεκρο-

249 3741 389 3795 ποιὰ
416 3742 602 3793 ἐκεῖνα
628 3738 921 3808 πνεύματα
951 3738 1049 3803 τῆς
1090 3737 1432 3809 νεκρώσεως,
1469 3734 1570 3786 κᾶν
1616 3730 1836 3800 διελύθη

250 3832 516 3902 παραυτά
536 3833 672 3902 πρὸς
699 3833 805 3901 γῆν
823 3828 1157 3899 ἐπιστρέψαν
1174 3827 1297 3879 ὅθεν
1319 3825 1528 3895 ὲλῂφθη
1554 3822 1613 3876 τὸ
1635 3823 1731 3876 ἀνθ
1742 3821 1841 3892 ρώ·

253 3944 416 3980 πινον
448 3924 606 3994 σῶμα
628 3939 643 3954 ⁸
682 3926 730 3977 εἰ
758 3923 834 3993 μὴ
862 3921 1194 3993 προμηθείᾳ,
1232 3919 1327 3972 καί⁵
1361 3916 1588 3986 δυνάμει
1617 3912 1839 3983 συνεχό-

256 4036 426 4093 μενον
462 4017 755 4090 κρείττονι,
784 4017 882 4086 τὴν
920 4014 1198 4081 ἀπόφασιν
1228 4009 1548 4080 ἐκαρτέρει·
1593 4005 1687 4059 τοῦ
1744 4005 1841 4076 ῥή-

261 4129 399 4184 ματι
438 4112 584 4182 μόνῳ
631 4110 701 4162 τὰ
729 4109 907 4160 πάντα
944 4105 1234 4175 φέροντοςο
1273 4098 1341 4173 ἧς
1365 4101 1532 4170 χωρὶς
1563 4098 1714 4151 οὐδὲν
1747 4100 1842 4150 ἐκ·

255 4206 500 4258 τελεῖται
530 4202 637 4254 τῶν
664 4197 1022 4269 τελουμένων.
1066 4194 1392 4264 Ἐκφέρεται
1425 4191 1468 4242 δ’
1523 4188 1710 4254 ἐκείνη
1746 4186 1844 4239 σὺν

258 4297 390 4367 δίκῃ
425 4294 682 4350 πάντοτε,
708 4291 927 4353 Δίκαιος
953 4290 1060 4363 γὰρ
1081 4291 1110 4340 6
1147 4287 1372 4355 Κύριος,
1412 4283 1554 4336 κατὰ.
1587 4282 1676 4334 τὸν
1701 4280 1844 4332 θεῖον

257 4386 572 4456 Ψαλμῳδδν
600 4386 797 4445 εἰπεῖν,
830 4384 924 4435 καὶ
956 4379 1304 4441 δικαιοσύνας
1336 4377 1646 4446 ἠγάπησεν.

345 4473 453 4547 μζ.
501 4476 560 4528 '0
589 4475 720 4538 Θεὸς
751 4473 981 4526 θάνατον
1023 4473 1124 4524 οὐκ
1157 4471 1402 4542 ἐποίησε,
1442 4469 1583 4522 κατὰ
1635 4466 1697 4518 τὸ
1750 4481 1848 4535 γε-

263 4569 592 4641 γραμμένον
612 4582 627 4595 ⁸
665 4566 803 4620 ἀλλὰ
830 4567 923 4618 κα)⁸
947 4564 1200 4634 γενέσθαι
1224 4562 1410 4617 τοῦτον
1440 4561 1737 4626 ἐκώλυσεν,
1766 4560 1851 4629 ἐφ’

264 4668 398 4718 ὅσον
432 4661 622 4732 ἐχρῆν,
654 4660 749 4712 καὶ
782 4657 921 4728 μετὰ
942 4655 1288 4726 δικα.οσύνης
1316 4655 1443 4723 ἐξῆν
1467 4653 1697 4706 κωλύειν
1728 4649 1853 4714 τοὺς

266 4752 656 4817 αὐτεξουσίους
714 4750 846 4820 παρ’
890 4746 1057 4802 αὑτοῦ
1106 4747 1422 4816 γεγονότας.
1450 4744 1854 4815 Προεισήνεγκε

266 4847 385 4918 γὰρ
417 4846 611 4917 βουλὴν
665 4838 1204 4903 ἁπαθανατίζουσαν,
1232 4839 1327 4889 καὶ
1374 4832 1856 4913 προασφαλιζὸμε-

269 4908 369 5001 ζοξ
416 4908 685 5005 δγαναὴν
709 4932 973 4998 ζωοποιὸν
998 4928 1331 4999 συμϐουλὴν,
1360 4908 1568 4981 οἰκείαν
1599 4926 1858 4994 ἐποίησεν

271 5031 534 5103 ἐντολήν·
567 5031 662 5082 καὶ
705 5026 1081 5098 προηγόρευσε
1123 5021 1376 5092 φανερῶς
1425 5021 1520 5072 καὶ
1570 5017 1859 5090 ἠπείλησε,

275 5125 509 5177 θάνατον
565 5117 707 5174 εἶναι
738 5116 1145 5184 διατεινάμενος
1188 5114 1288 5183 τῆς
1353 5110 1601 5181 ζωούσης
1639 5109 1862 5179 ἐντολῆς

274 5217 383 5284 τὴν
411 5212 667 5283 ἀθέτησιν
686 5227 701 5243 ·
733 5211 807 5274 ὡς
843 5209 909 5264 ἂν
935 5210 968 5280 ἢ
1001 5209 1172 5279 πόθῳ,
1206 5206 1240 5278 ἦ
1270 5204 1496 5275 γνώσει,
1526 5206 1561 5275 ἡ
1593 5203 1862 5274 φόὸῳττὴν

282 5305 379 5359 τοῦ
413 5305 646 5358 θανάτου
678 5306 872 5372 πεῖραν
893 5299 1252 5370 φυλάξωνται.
1277 5298 1350 5350 Τὸ
1375 5297 1484 5366 γὰρ
1505 5297 1736 5349 ἑκάστου
1757 5297 1865 5348 τών

283 5398 609 5468 κτισμάτων
638 5395 920 5463 συμφέρον
945 5394 973 5445 6
998 5390 1131 5454 Θεὸς
1155 5390 1318 5459 φιλεῖ,
1348 5390 1442 5441 καὶ
1468 5388 1748 5455 γινώσκει,
1773 5386 1869 5439 καὶ

279 5488 533 5546 δύναται.
568 5488 631 5541 Εἰ
665 5488 762 5556 μὲν
794 5482 886 5539 οὖν
927 5484 1190 5553 ἐγίνωσκε
1220 5484 1403 5553 μόνον,
1453 5481 1554 5533 οὐκ
1583 5479 1756 5548 ἐφίλει
1786 5478 1867 5542 δὲ,

281 5583 412 5654 τάχ’
472 5581 538 5636 ἂν
589 5581 752 5644 αὐτὸς
810 5581 1031 5650 εἴργων,
1085 5577 1369 5631 ἀτέλεστον
1409 5575 1545 5644 ὴφίη
1598 5574 1657 5626 τὸ
1689 5571 1867 5634 καλῶς

284 5675 700 5749 γινωσκόμενον
727 5690 740 5704 ·
775 5675 822 5726 εἰ
846 5674 888 5726 δ’
920 5672 1149 5740 ἀγαπῶν
1180 5672 1280 5723 οὐκ
1336 5670 1651 5738 ἐγίνωσκεν,
1687 5666 1720 5737 ἢ
1773 5667 1871 5719 οὐκ

287 5769 546 5831 ἐδύνατο,
577 5766 698 5835 τάχ’
725 5765 790 5818 ἂν
810 5764 905 5818 καὶ
932 5766 1005 5832 μὴ
1031 5762 1221 5815 τούτου
1247 5762 1463 5823 ἑκόντος
1496 5757 1632 5813 εἶναι
1659 5760 1718 5811 τὸ
1743 5758 1872 5827 παρ’

374 5961 420 5994 ⁸³
454 5959 472 6015 Ι
504 5960 641 6013 ΤίιῐιΔ
678 5973 731 6022 v,
767 5955 820 6008 6.
898 5953 940 5985 ²¹
971 5948 1167 6019 Epltes.
1208 5963 1267 6012 tt,
1300 5943 1352 5999 5.

1433 5942 1476 5975 ¹²
1503 5941 1519 5995 i
1547 5940 1571 5996 ,1
1600 5956 1681 5993 ian
1710 5953 1761 6001 ν,
1799 5937 1880 5995 16.

1937 3360 2096 3430 pilius
2129 3361 2291 3415 etiam
2318 3374 2515 3426 corpus
2547 3359 2721 3411 inerat
2766 3371 2861 3426 per
2923 3355 3065 3422 quod
3135 3358 3518 3406 consummata

1934 3460 2016 3506 est
2042 3461 2099 3504 et
2147 3451 2307 3507 ducta
2351 3449 2417 3502 ad
2471 3464 2609 3515 opus
2657 3445 2934 3499 tnortifera
2987 3443 3198 3505 suasio,
3262 3449 3514 3504 mortem,

1939 3542 2080 3596 heu!
2111 3541 2362 3609 ipsismet
2398 3538 2720 3608 corporibus
2772 3537 2853 3591 ilti
2916 3537 3114 3588 mortui
3148 3544 3204 3589 et
3250 3530 3517 3587 mortiferi

1945 3633 2168 3701 spiritus
2217 3632 2781 3696 communicaverunt,
2838 3638 2892 3681 et
2950 3626 3133 3682 statim
3193 3624 3518 3680 dissolmum

1941 3725 2194 3781 rediissct
2247 3724 2301 3778 in
2369 3734 2569 3777 terram
2623 3723 2767 3776 unde
2827 3731 3163 3788 assumptum
3210 3728 3297 3773 est
3332 3716 3524 3769 huma-

1940 3833 2067 3874 num
2119 3829 2339 3885 corpus,
2361 3814 2404 3868 si
2468 3828 2572 3866 non
2641 3812 2978 3882 providentia
3021 3818 3077 3864 et
3128 3806 3370 3877 putentia
3429 3802 3522 3859 Dei

1939 3908 2127 3979 Optimi
2157 3913 2559 3968 conservatum,
2580 3904 2696 3974 ejus
2717 3903 2808 3974 qui
2832 3901 3011 3956 oumia
3023 3917 3130 3955 uno
3155 3899 3318 3953 verbo
3335 3895 3524 3960 Satttil,

1944 3986 2283 4059 sententiam.
2305 4000 2673 4069 opperiretur,
2718 3999 2840 4050 sine
2894 4010 2999 4064 qua
3036 3993 3172 4047 nihil
3218 3993 3276 4046 fit
3331 4003 3525 4045 eorum

1944 4108 2065 4163 quae
2119 4095 2275 4154 tlunt,
2328 4101 2383 4145 et
2416 4104 2537 4159 qua:
2598 4087 2773 4142 fertur
2808 4086 2955 4156 juste
3009 4098 3253 4152 semper,
3288 4093 3528 4147 namque

1942 4186 2094 4257 juxta
2128 4186 2307 4238 divqu
2340 4180 2680 4236 Psalmistam
2711 4179 2761 4210 "
2793 4194 2807 4232 :
2855 4194 2873 4227 ι
2911 4174 3097 4230 Justus
3150 4173 3435 4240 Dominus,
3474 4179 3530 4226 et

1944 4275 2188 4348 justitias
2223 4272 2434 4328 dilexit.
2479 4291 2497 4324 ι

2022 4459 2114 4513 47.
2147 4456 2287 4510 Deus
2323 4464 2551 4508 mortem
2585 4466 2694 4506 non
2746 4448 2894 4511 fecit,
2943 4458 3002 4502 ut
3032 4448 3298 4514 scriptum
3354 4454 3436 4498 cst
3461 4443 3532 4507 ’⁵,

1953 4551 2046 4605 sed
2071 4548 2200 4619 quin
2235 4548 2386 4599 lieret
2418 4542 2681 4610 impediit,
2713 4546 2976 4608 quantum
3034 4538 3318 4602 oportebat
3347 4542 3400 4586 et
3447 4533 3535 4596 ill-

1879 4624 1923 4678 θ
1955 4640 2105 4698 stitia
2134 4638 2329 4692 licebat
2361 4633 2626 4702 impedire
2666 4630 2864 4683 liberos
2893 4630 2959 4681 ah
2998 4626 3118 4695 ipso
3174 4626 3366 4678 factos.
3398 4621 3535 4674 Nam

1959 4730 2217 4801 primitus
2251 4724 2397 4778 dedit
2424 4719 2714 4776 consilium
2744 4731 2852 4782 quo
2879 4712 3266 4768 immortalitas
3300 4706 3538 4763 conferri

1959 4799 2164 4891 posset,
2193 4826 2248 4872 et
2281 4815 2455 4869 valide
2502 4808 2876 4882 pnemuuieus
2919 4803 3197 4857 viviticum
3229 4803 3329 4855 hoc
3357 4799 3541 4855 cousi-

1961 4911 2097 4965 lium
2129 4950 2144 4975 ,
2198 4906 2476 4978 peculiare
2528 4901 2735 4958 addidit
2770 4897 3114 4958 mandatum,
3167 4904 3222 4949 et
3257 4902 3445 4959 aperte
3470 4893 3544 4946 si-

1959 5005 2237 5077 gnificavit
2304 5012 2467 5072 atque
2519 5001 2765 5054 minatus
2812 5004 2918 5056 est,
2974 4999 3207 5046 mortem
3244 4989 3361 5044 fore
3393 4986 3544 5040 atIir-

1963 5116 2118 5155 maus
2158 5096 2482 5151 viviﬁcautis
2514 5094 2767 5162 praecepti
2797 5085 3318 5156 transgressionem,
3344 5091 3402 5137 ut
3429 5082 3546 5135 sive

1962 5207 2171 5254 amore,
2202 5192 2320 5245 sive
2354 5187 2611 5250 scientia,
2667 5185 2783 5239 sive
2845 5189 2991 5234 metu
3057 5193 3085 5231 a
3144 5177 3335 5230 mortis
3377 5187 3546 5239 espe-

1965 5285 2162 5339 rieutia
2189 5288 2463 5337 caverent.
2501 5277 2634 5331 Nam
2669 5272 3104 5342 uniuscujusque
3159 5275 3546 5322 creaturarum

1964 5377 2312 5433 commodum
2349 5371 2488 5426 Deus
2517 5376 2666 5423 amat
2697 5366 2912 5435 scitque
2943 5373 2996 5418 et
3034 5370 3230 5432 potest.
3288 5358 3344 5412 Si
3398 5358 3545 5435 enim

1964 5476 2322 5542 cognosceret
2390 5472 2623 5525 tantmu,
2669 5459 2809 5513 haud
2842 5472 2973 5510 vero
3019 5454 3288 5525 diligeret,
3319 5449 3547 5504 forsitan

1962 5564 2082 5634 ipse
2138 5560 2453 5629 impediret,
2508 5570 2609 5610 nec
2651 5552 2767 5607 ﬁeri
2830 5552 3034 5606 sineret
3063 5546 3202 5615 quod
3267 5544 3404 5597 bene
3452 5557 3546 5596 co-

1961 5652 2195 5727 gnoscit.
2227 5650 2285 5705 Si
2338 5647 2494 5703 vero
2524 5660 2719 5698 amans
2772 5658 2879 5695 non
2922 5644 3272 5707 cognosceret
3303 5644 3396 5687 aut
3441 5646 3547 5685 non

1961 5756 2167 5819 posset,
2198 5744 2453 5803 fortasse,
2506 5741 2626 5808 ipso
2675 5738 2834 5792 etiam
2885 5733 3073 5796 invito,
3108 5730 3248 5800 quod
3304 5735 3449 5780 amat
3483 5738 3549 5779 ac

1971 5926 2182 5982 "f'sal.
2228 5940 2281 5986 ς.
2316 5922 2368 5978 8.
2450 5921 2492 5954 ”
2534 5918 2661 5989 Sap.
2694 5933 2731 5983 t,
2772 5917 2856 5970 l5.
