3988 6454
584 470 719 530 1ξ59

1829 473 2213 534 GREGORII
2254 474 2579 534 PALAM:E

3693 476 3828 538 ll60

580 576 762 641 Neque
806 590 949 630 nunc
998 575 1127 631 dicit
1162 591 1176 630 :
1206 594 1223 626 ι
1269 576 1325 630 lu
1373 586 1573 631 terram
1622 591 1918 644 revertere,
1956 600 1974 632 ι
2015 582 2108 636 sed
2147 599 2161 637 ξ

2281 584 2504 652 φάγητε.
2547 602 2563 632 ι
2591 579 2728 633 Οὔτε
2757 579 2869 642 νῦν,
2903 580 2993 642 Εἰς
3023 579 3122 648 γῆν
3168 578 3510 648 ἐπίστρεψον,
3539 572 3681 641 εἶπεν
3714 579 3826 631 ἀλλ’

584 665 983 734 «inveneris,»
1013 669 1377 736 prmuuntiaus
1420 681 1471 724 et
1507 673 1806 740 remittens,
1843 676 1934 729 sed
1982 687 2158 730 tamen

579 759 773 812 merito
826 775 931 812 non
972 761 1269 828 impediens
1307 762 1572 816 futurum.

647 850 736 902 52.
775 850 1026 905 Manebat
1080 854 1243 919 igitur
1302 855 1424 908 illos
1486 843 1905 926 protopareutes
1990 874 2158 920 mors,

579 941 718 993 sicut
740 950 794 993 et
819 957 917 994 nos
942 944 1117 999 adhuc
1144 946 1290 998 vivos
1317 959 1515 1008 manet,
1546 948 1672 1014 quia
1705 947 1934 1001 mortale
1956 947 2157 1000 factum

576 1045 659 1086 est
689 1047 930 1088 nostrum
953 1054 1168 1103 corpus.
1198 1040 1290 1093 Est
1311 1052 1490 1094 autem
1523 1043 1621 1094 ho-
1646 1045 1798 1108 quasi
1819 1042 1972 1110 longa
2007 1057 2160 1110 quae-

576 1125 721 1186 dam,
756 1135 811 1177 ut
842 1127 911 1180 ita
945 1127 1199 1190 dixerim,
1231 1147 1395 1194 mors,
1429 1149 1521 1185 seu
1555 1134 1732 1199 potius
1782 1135 1926 1186 mille
1956 1146 2160 1192 mortes

577 1214 680 1268 sibi
706 1217 1010 1272 alternatim
1038 1224 1417 1287 succedentes,
1447 1226 1618 1280 donec
1643 1228 1692 1279 in
1716 1241 1877 1280 unam
1911 1227 2158 1280 ultimam

588 1317 640 1359 et
666 1308 976 1363 diuturnam
1017 1311 1385 1367 incideritnus.
1428 1315 1566 1368 Nam
1619 1317 1669 1369 in
1721 1318 2069 1387 corruptione
2101 1321 2162 1372 li-

583 1413 722 1461 tuus,
745 1409 798 1453 et
816 1402 938 1454 facti
981 1404 1267 1469 elabimur,
1290 1405 1464 1460 donec
1499 1407 1717 1462 cllluere
1758 1418 1810 1464 et
1844 1409 1957 1464 ﬁeri
1986 1410 2162 1463 desie-

582 1490 752 1544 rimus
779 1507 793 1557 ;
824 1501 876 1545 et
907 1510 1177 1562 nunquam
1239 1513 1428 1552 sumus
1479 1515 1604 1553 vere
1662 1500 1848 1565 iidem,
1884 1500 2010 1556 licet
2041 1517 2162 1556 esse

580 1579 863 1647 videamur
895 1599 997 1638 nou
1031 1588 1279 1642 attentis.
1313 1589 1466 1643 Sicut
1515 1591 1658 1660 ignis
1687 1593 1858 1647 levem
1904 1595 2159 1664 stipulam

579 1670 811 1735 carptim
858 1675 1250 1744 perstringens,
1280 1679 1406 1732 alibi
1426 1681 1561 1734 alius
1586 1690 1688 1748 est,
1720 1696 1778 1737 se
1806 1686 2162 1740 commetieus

579 1759 789 1826 stipula:
807 1763 1160 1833 longitudini;
1215 1770 1286 1821 ita
1323 1773 1478 1825 nobis
1507 1773 1712 1841 pariter
1743 1775 1962 1830 variatis
2011 1791 2161 1831 men-

580 1868 702 1906 sura
733 1865 836 1919 est,
875 1859 1159 1922 obtingens
1195 1864 1482 1933 unicuique
1511 1867 1634 1920 vitae
1675 1867 1928 1935 spatium.

2281 692 2298 722 ι
2331 673 2708 743 ὑποστρέψεις,
2743 689 2760 721 ι
2799 669 3255 740 προαναγγέλλων
3286 670 3378 721 καὶ
3398 671 3590 738 ἐφιεὶς,
3623 671 3719 721 καὶ
3751 670 3824 740 μὴ

2275 762 2506 814 κωλύων
2526 762 2622 813 σὺν
2644 760 2768 832 δίκῃ
2790 761 2848 811 τὸ
2876 759 3080 828 ὲκὸησό
3091 775 3268 827 μενον.

2343 850 2441 921 νβ’.
2483 851 2714 920 Ἔμελλε
2753 851 2849 920 μὲν
2878 848 2970 902 οὑν
2998 849 3110 911 τοῖς
3165 848 3535 917 προπάτορσιν
3561 849 3789 910 ἐκείνοις
3809 852 3836 899 ὁ

2276 940 2502 1002 Θάνατος
2536 938 2784 1008 ἕψεσθαι,
2837 939 2911 1000 ὡς
2968 939 3058 990 καὶ
3107 940 3238 1006 ἡμῖν
3278 939 3386 999 τοῖς
3423 937 3503 988 ἔτι
3557 936 3836 1006 περιοῦσιν

2275 1033 2596 1084 ἀπόκειται·
2631 1033 2722 1083 καὶ
2769 1030 2959 1099 θνητὸν
3006 1031 3134 1098 ἡμῖν
3179 1028 3512 1096 ἀπετελέσθη
3563 1028 3623 1079 τὸ
3657 1028 3832 1095 σῶμα.

2278 1124 2433 1175 Ἐστι
2453 1123 2506 1175 δὲ
2529 1122 2555 1175 ὃ
2580 1123 2673 1174 κα)⁵
2703 1121 2858 1174 τοῦτο
2893 1122 3100 1192 μακρός
3127 1138 3232 1184 τις,
3263 1121 3338 1182 ὡς
3363 1123 3555 1185 εἰπεῖν,
3587 1119 3829 1181 θάνατος,

2278 1215 2477 1282 μᾶλλον
2527 1214 2582 1264 δὲ
2612 1214 2816 1283 μυρίοι,
2853 1214 2992 1265 κατὰ
3047 1213 3294 1281 διαδοχὴν
3333 1213 3518 1280 ἕτερος
3553 1211 3644 1264 τὸν
3684 1211 3833 1264 ἄλλον

2276 1303 2701 1373 ὑποδεχόμενος’
2736 1303 2840 1366 ἕως
2870 1301 2934 1356 ἂν
2984 1305 3062 1365 εἰς
3101 1303 3190 1356 τον
3235 1303 3332 1356 ἕνα
3385 1305 3478 1355 καὶ
3532 1303 3829 1354 τελευταίεν

2277 1397 2367 1448 καὶ
2426 1394 2748 1465 μακραίωνα
2781 1395 3228 1462 καταντήσωμεν.
3275 1394 3362 1446 Ἑν
3391 1393 3496 1463 γάρ
3528 1392 3602 1460 τῷ
3627 1391 3827 1460 φθείρει

2281 1487 2404 1539 σθαι
2453 1485 2753 1555 γινόμεθα·
2810 1486 2904 1538 καὶ
2965 1487 3240 1554 γινόμενοι
3286 1485 3688 1555 παραρῤέομεν,
3739 1484 3829 1552 μέο

2276 1595 2399 1648 χρις
2453 1579 2518 1631 ἂν
2568 1577 2660 1629 τοῦ
2728 1577 2822 1629 καὶ
2887 1580 3190 1649 παραρρεῖν
3255 1580 3348 1630 καὶ
3403 1577 3646 1644 γίνεσθαι
3703 1578 3831 1629 παύ-

2278 1686 2491 1738 σωμενο
2566 1669 2660 1721 καὶ
2713 1669 2879 1737 ἐσμὲν
2943 1669 3111 1730 ὅντως
3161 1669 3281 1722 οὐδέ
3359 1687 3486 1722 ποτε
3540 1671 3587 1722 οἱ
3647 1671 3832 1734 αὐτοὶ,

2278 1761 2379 1815 κᾶν
2433 1761 2678 1830 δοκῶμεν
2735 1758 2873 1814 εἶναι
2919 1763 3029 1823 τοῖς
3082 1761 3155 1830 μὴ
3203 1764 3574 1831 προσέχουσιν.
3630 1760 3833 1826 Ὠσπερ

2279 1852 2391 1924 πῦρ
2413 1853 2663 1924 καλάμης
2691 1853 2894 1923 λεπτῆς
2919 1855 3012 1908 ἀπ’
3035 1853 3207 1922 ἄκρας
3225 1852 3555 1923 δραξάμενον
3579 1869 3593 1883 ’
3618 1855 3834 1906 κακεῖνο

584 1946 692 2013 γὰρ
723 1947 854 1999 ἄλλο
883 1965 941 2000 τε
970 1950 1099 2003 ἀλλο
1121 1948 1202 2014 ὃν,
1231 1953 1430 2020 μέτρον
1459 1947 1748 2018 ὑπάρξεως
1781 1950 1897 2019 ἔχει
1924 1951 2018 2014 τῆς
2050 1953 2307 2026 καλάμης
2334 1962 2392 2009 τὸ
2422 1960 2596 2027 μῆκος
2619 1977 2634 1991 ⁸
2671 1963 2764 2016 καὶ
2786 1965 2914 2032 ἡμῖν
2938 1966 3138 2031 ὁμοίως
3171 1961 3592 2028 ἀλλοιουμένοις,
3618 1958 3817 2023 μέτρον

585 2041 700 2091 ἐστὶ
722 2039 791 2090 τὸ
832 2042 1033 2108 προσὸν
1063 2041 1278 2110 ἑκάστῳ
1311 2043 1405 2097 τοῦ
1438 2041 1556 2110 βίου
1594 2043 1891 2112 διάστημα.

654 2140 739 2193 5'5.
775 2139 843 2193 Ut
871 2149 1050 2196 autem
1087 2145 1477 2199 misericordia
1506 2163 1790 2201 excessum
1827 2157 1882 2200 et
1914 2149 2164 2218 abyssum

583 2234 768 2300 sapicn
799 2234 860 2287 ire
894 2251 998 2288 non
1032 2237 1251 2290 omnino
1282 2236 1618 2306 igrmremus,
1650 2255 1812 2309 quam
1843 2242 1913 2294 oh
1942 2257 2166 2295 causam

591 2323 730 2377 Deus
770 2335 801 2378 ια
826 2328 1058 2379 rminum
1095 2329 1290 2383 mortis
1330 2343 1598 2396 moratus,
1633 2348 1737 2385 non
1783 2333 2171 2400 aliquantisper

584 2413 766 2467 adhuc
797 2415 1052 2483 praestitit
1083 2417 1288 2472 homini
1319 2420 1527 2474 vitam?
1559 2421 1799 2474 Primum
1836 2423 2052 2490 quidem
2088 2439 2172 2474 os-

587 2495 760 2560 tendit
789 2521 848 2561 se
884 2523 1005 2562 cum
1041 2509 1413 2566 misericordia
1449 2513 1666 2581 pttttil‘e,
1695 2527 1789 2566 seu
1836 2514 2015 2581 potius
2058 2511 2171 2579 jus-

587 2606 694 2650 tam
733 2615 947 2668 pmuatn
983 2603 1246 2668 relaxare,
1285 2615 1338 2656 et
1384 2621 1488 2657 non
1526 2607 1748 2660 omnino
1785 2606 2170 2674 desperemus.

589 2689 743 2743 Dedit
790 2694 948 2745 etiam
993 2703 1205 2762 tempus
1251 2695 1547 2763 prenitendi
1586 2707 1640 2750 ct
1683 2700 1748 2750 ad
1791 2699 2046 2766 piat-itaut
2096 2698 2170 2751 illi

587 2783 751 2833 vitam
791 2786 1118 2843 revertendi.
1163 2786 1340 2840 Leuiit
1380 2789 1596 2842 alterna
1646 2790 1934 2844 nativitate
1987 2792 2176 2844 mortis

587 2873 851 2928 dolorem.
887 2878 1050 2930 Auxit
1093 2881 1502 2935 successoribus
1536 2897 1729 2950 genus,
1784 2884 1856 2935 ita
1912 2890 1971 2935 ut
2005 2884 2176 2936 multo

591 2965 818 3018 excedat
861 2967 926 3019 ab
957 2968 1114 3021 initio
1148 2977 1396 3020 natorum
1449 2970 1738 3022 multitudo
1777 2985 2002 3023 numero
2058 2984 2177 3022 mo-

592 3055 871 3110 rientium.
913 3057 1018 3111 Pro
1049 3074 1156 3111 uno
1191 3074 1286 3126 per
1326 3061 1638 3114 scnsibilem
1676 3061 1896 3116 arboris
1936 3060 2174 3130 pulchri-

599 3147 837 3199 tudini-tu
901 3150 1193 3203 miserabili
1247 3161 1298 3204 et
1333 3152 1490 3220 inope
1542 3152 1683 3207 facto
1737 3154 1933 3217 Adam,
1982 3153 2179 3206 multos

2353 2145 2453 2208 νγ.
2492 2139 2611 2192 Ἵνα
2640 2140 2695 2191 δὲ
2730 2140 2822 2192 καὶ
2847 2139 2946 2208 τὴν
2974 2141 3070 2208 τῆς
3096 2139 3500 2209 φιλανθρωπίας
3523 2139 3837 2210 ὑπερϐολὴν,

2285 2233 2380 2283 καὶ
2414 2232 2473 2283 τὸ
2503 2232 2603 2299 τῆς
2635 2231 2827 2298 σοφίας
2862 2231 3023 2299 βάθος
3055 2232 3128 2301 μὴ
3163 2232 3503 2282 παντάπασιν
3546 2232 3836 2299 ἀγνοιῖιμεν,

2284 2326 2426 2387 τίνος
2459 2324 2646 2376 ἕνεκεν
2674 2325 3042 2394 ὑπερθέμενος
3075 2326 3102 2376 ὁ
3131 2324 3260 2386 Θεὸς
3290 2324 3384 2375 τοῦ
3409 2323 3636 2376 θανάτου
3674 2323 3732 2374 τὸ
3757 2325 3835 2374 τέ-

2283 2417 2395 2479 λος,
2429 2418 2527 2470 οὑκ
2558 2416 2644 2469 ἐπ’
2702 2416 2885 2485 ὀλίγον
2913 2417 2992 2469 ἔτι
3046 2418 3284 2486 παρέσχε
3333 2416 3378 2468 τ’
3434 2415 3704 2486 ἀνθρώπῳ
3726 2415 3833 2484 (iv;

2287 2511 2509 2578 Πρῶτον
2543 2511 2639 2579 μὲν
2676 2510 2844 2574 ἔδειξε
2897 2511 3013 2579 μετ’
3071 2509 3254 2571 ἐλέους
3291 2509 3582 2572 παιδεύων,
3651 2510 3834 2577 μᾶλλον

2285 2603 2342 2656 δὲ
2375 2603 2547 2673 ἐφιεὶς
2580 2604 2680 2675 τὴν
2704 2604 2800 2658 σὺν
2829 2601 2949 2673 δίκῃ
2986 2602 3252 2666 παιδείαν,
3297 2600 3383 2653 ἵνα
3415 2602 3488 2669 μὴ
3522 2601 3836 2671 άπογνῶμεν

2283 2698 2502 2760 τελέως.
2539 2698 2745 2749 Ἔδωκε
2803 2696 2858 2748 δὲ
2895 2697 2990 2747 καὶ
3051 2695 3238 2763 καιρὸν
3273 2695 3576 2763 μετανοίας,
3619 2694 3715 2747 καὶ
3753 2694 3835 2760 τῆς

2284 2789 2422 2859 πρὸς
2480 2789 2646 2842 αὑτὸν
2708 2788 3124 2858 εὑαρεστήσεως
3180 2787 3239 2851 ἐξ
3266 2788 3516 2856 ὑπαρχῆς
3549 2788 3836 2848 πολιτείας.

2291 2879 2733 2950 Παρεμυθήσατο
2755 2882 2819 2948 τῇ
2839 2877 3132 2946 ὑπαλλήλῳ
3158 2879 3369 2945 γενέσει
3387 2877 3476 2930 τοῦ
3500 2879 3728 2932 θανάτου
3750 2881 3837 2947 τὴν.

2283 2973 2476 3042 λύπην.
2508 2971 2724 3040 Ηύξησε
2755 2973 2866 3033 τοῖς
2897 2970 3164 3040 διαδόχοις
3197 2971 3257 3023 τὸ
3285 2972 3458 3037 γένος,
3501 2971 3575 3032 ὼς
3629 2972 3722 3025 καὶ
3752 2988 3837 3022 πε-

2285 3069 2480 3137 ριεῖναι
2516 3065 2695 3133 πολλῴ
2725 3064 2802 3133 τῷ
2829 3065 3012 3134 μέτρῳ
3046 3064 3141 3134 τὴν
3166 3064 3338 3134 ἀρχὴν
3366 3063 3472 3116 τῶν
3497 3062 3843 3130 γεννωμένων

2283 3159 2342 3210 τὸ
2372 3158 2593 3227 πλῆθος,
2628 3157 2722 3210 τοῦ
2755 3156 2990 3228 ἀριθμοῦ
3017 3157 3124 3209 τῶν
3161 3157 3521 3227 θνησκόντων.
3564 3154 3704 3208 Ἀνθ“
3727 3155 3842 3215 ἑνὸς

596 3242 835 3293 Ostendit
877 3255 973 3308 per
1002 3243 1283 3296 sensibilia
1319 3242 1546 3298 feliciter
1570 3246 1768 3300 ditatos
1822 3245 1912 3299 Dei
1961 3245 2171 3309 notitia,

2282 3247 2374 3298 τοῦ
2406 3247 2470 3298 δι’
2504 3246 2762 3315 αἰσθητοῦ
2801 3245 2968 3312 φυτοῦ
3002 3247 3250 3310 κάλλους,
3283 3247 3510 3300 ἐλεεινοῦ
3539 3263 3595 3298 τε
3627 3248 3718 3298 καὶ
3749 3263 3844 3296 πε-

598 3332 827 3391 vit-tute.
897 3334 1120 3386 scientia
1181 3343 1238 3388 et
1294 3337 1464 3402 gratia
1526 3337 1764 3395 divina:
1807 3339 1966 3390 testis
2009 3337 2177 3399 Seth.

601 3420 765 3486 Euos,
815 3420 1056 3486 llenoch,
1109 3422 1245 3491 Noe,
1303 3425 1726 3492 Melchisedech,
1779 3430 2074 3495 Abraham,
2127 3440 2182 3485 et

599 3514 909 3584 quicunque
958 3516 1118 3582 inter,
1150 3528 1204 3572 et
1238 3527 1385 3582 ante,
1429 3528 1482 3573 et
1524 3531 1667 3589 post,
1698 3529 1752 3574 et
1795 3537 1962 3592 prope
1997 3524 2097 3578 hos
2126 3533 2181 3579 et

598 3610 720 3665 illos
754 3613 1094 3668 exstiterunt.
1152 3615 1288 3681 Quia
1341 3626 1523 3670 tamen
1566 3630 1630 3669 ex
1667 3616 1772 3670 illis
1809 3625 1890 3670 tot
1921 3627 1976 3671 et
2014 3617 2181 3672 tantis

597 3701 731 3754 viris
759 3718 915 3758 nemo
947 3705 1018 3756 ita
1049 3705 1292 3774 perfecte
1320 3707 1508 3760 insons
1540 3707 1675 3761 vixit
1706 3717 1763 3760 ttt
1790 3717 1974 3776 posset
1999 3724 2114 3762 resa
2127 3723 2182 3759 r-

595 3795 712 3849 cire
735 3797 877 3850 illam
902 3808 1348 3868 protOparentum
1377 3799 1610 3864 cladem,
1638 3801 1988 3867 inustumque
2014 3801 2180 3854 radici

595 3890 812 3954 generis
850 3905 1046 3943 sanare
1076 3891 1291 3956 vulnus,
1334 3901 1388 3946 et
1416 3893 1648 3961 posteris
1667 3892 1920 3947 omnibus
1944 3893 2184 3946 sufﬁcere

594 3981 938 4034 sanctitatem
963 3981 1529 4052 benedictionemque,
1558 3995 1612 4037 et
1638 3985 1702 4037 ad
1727 3986 1888 4037 vitam
1917 3985 2180 4048 reditum;

595 4070 651 4124 id
670 4072 1165 4141 etiaruprazvideus,
1219 4077 1593 4146 tempestivum
1630 4076 2182 4145 olitavitfamiliaruru

599 4163 949 4232 tribuumque
979 4165 1267 4230 delectum,
1302 4169 1446 4219 unde
1477 4167 1829 4221 co-lcberrima
1863 4177 2185 4236 exsurgeret

600 4255 772 4318 virga.
812 4266 864 4308 et
893 4272 961 4310 ex
997 4273 1058 4310 ca
1096 4259 1213 4322 llos,
1251 4276 1357 4327 quo
1397 4262 1636 4314 universi
1689 4263 1907 4326 generis
1955 4261 2183 4313 Salutem

599 4346 1004 4414 germinaturus
1036 4361 1174 4402 erat.

2281 3335 2465 3405 νιχροῦ
2499 3337 2780 3404 γεγονότος
2817 3337 3006 3407 Ἀδὰμ,
3058 3335 3284 3400 πολλοὺς
3337 3339 3400 3390 ἐκ
3447 3337 3553 3390 τῶν
3579 3337 3844 3408 αἰσθητῶν

2282 3429 2449 3494 ἔδειξε
2475 3430 2759 3499 μακαρίως
2784 3429 3226 3498 πεπλουτηκότας
3256 3428 3580 3496 θεογνωσίαν
3603 3432 3692 3481 καὶ
3720 3431 3841 3499 ἀρε-

2282 3521 2400 3590 τὴν,
2430 3521 2523 3573 καὶ
2557 3521 2776 3586 γνῶσιν,
2816 3522 2909 3573 καὶ
2943 3521 3230 3590 εὐμένειαν
3259 3521 3406 3574 θείαν
3427 3539 3441 3553 ·
3480 3522 3683 3591 μάρτυς
3711 3523 3836 3591 Σὴθ,

2295 3611 2481 3674 Ἐνὼς,
2529 3609 2718 3681 Ἑνὼχ,
2749 3611 2890 3673 Νῶε,
2917 3611 3272 3680 Μελχισεδὲκ,
3311 3611 3577 3681 Ἀϐραάμ.
3611 3613 3706 3665 καὶ
3728 3615 3835 3664 ὅσοι

2287 3703 2491 3775 μεταξὺ
2522 3703 2748 3768 τούτων,
2783 3704 2887 3773 πρὸ
2913 3703 3092 3755 αὑτῶν
3124 3721 3184 3755 τε
3208 3705 3300 3756 καὶ
3328 3704 3440 3774 μετ’
3479 3704 3692 3766 αὐτοὺς,
3742 3707 3832 3755 xi-

2284 3796 2494 3859 κείνους
2525 3799 2559 3870 ἢ
2587 3798 2753 3864 ἐγγὺς
2783 3795 3008 3848 ἐκείνων
3043 3798 3477 3865 ἀναπεφήνασιν.
3526 3795 3677 3847 Ἐπεὶ
3704 3795 3750 3847 δ’
3785 3799 3837 3847 ἐν

2284 3887 2495 3949 τούτοις
2522 3891 2635 3950 τοῖς
2666 3886 2940 3948 τοσούτοις
2968 3888 3061 3939 καὶ
3087 3886 3426 3957 τηλικούτοις
3454 3885 3626 3948 οὐδεὶς
3649 3884 3839 3946 τελέως

2283 3979 2688 4049 ἀναμαρτήτως
2725 3979 2876 4040 ὲὸίω,
2912 3978 2988 4043 ὡς
3022 3979 3118 4031 καὶ
3169 3977 3633 4031 ἀναπαλαίσασθαι
3677 3977 3837 4046 δυνη-

2283 4069 2442 4139 θῆναι
2471 4069 2571 4139 τὴν
2625 4069 2734 4122 τῶν
2767 4071 3128 4140 προπατόρων
3158 4069 3372 4137 εκείνην
3404 4063 3589 4138 ¹ἧτταν,
3623 4069 3713 4120 καὶ
3743 4068 3840 4134 τῆς

2285 4160 2376 4213 τοῦ
2412 4161 2604 4228 γένους
2642 4161 2797 4231 ῥίζης
2821 4161 3158 4232 θεραπεῦσαι
3189 4161 3249 4212 τὸ
3284 4161 3522 4229 τραῦμα,
3581 4161 3675 4212 καὶ
3726 4164 3837 4220 τοῖς

2285 4253 2412 4321 ὲξῆς
2441 4254 2672 4322 ἀρκέσαι
2702 4255 2839 4322 πρὸς
2855 4253 3126 4322 ἁγιασμὸν
3159 4254 3251 4306 καὶ
3276 4253 3544 4319 εὐλογίαν,
3577 4252 3668 4304 καὶ
3697 4251 3838 4318 ζωῆς

2285 4343 2543 4397 ἐπάνοδον
2574 4343 2748 4396 ἅπασι
2773 4361 2785 4372 ·
2824 4343 2917 4396 καὶ
2945 4343 3091 4396 τοῦτ’
3111 4345 3318 4407 ἐκεῖνος
3351 4344 3590 4414 προῄδει,
3616 4344 3711 4395 καὶ
3735 4344 3837 4395 τῶν

605 4429 782 4494 γενῶν
813 4431 952 4482 κάτά
976 4432 1168 4500 καιρὸν
1195 4431 1425 4504 ἐκλογὴν
1455 4437 1691 4490 ἐποιεῖτο
1717 4437 1810 4488 καὶ
1841 4436 1953 4488 τῶν
1985 4435 2196 4504 φυλῶν,
2235 4438 2360 4491 ὅθεν
2389 4439 2456 4492 ἀν
2493 4441 2526 4509 ἡ
2568 4439 2948 4510 πολυύμνητος
2983 4441 3157 4512 ἀναὸῇ
3200 4442 3413 4512 ράὸδος,
3450 4443 3508 4507 ἐξ
3553 4438 3618 4512 ἧς
3649 4444 3706 4494 τὸ
3740 4447 3828 4495 ἁν-

603 4523 714 4590 θος,
748 4522 814 4575 δι’
847 4527 907 4578 οὗ
944 4525 1041 4594 τὴν
1073 4526 1270 4590 παντὸς
1301 4530 1393 4582 τοῦ
1432 4528 1626 4597 γένους
1659 4530 1934 4598 σωστικὴν
1959 4527 2271 4597 οἰκονομίαν
2301 4527 2605 4580 ἐκτελέσειν
2630 4528 2877 4596 ἔμελλεν.

647 4621 736 4677 54.
757 4621 799 4676 Ο
817 4620 1045 4681 altitudo
1068 4620 1378 4675 divitiarum
1403 4619 1678 4688 sapientia:
1695 4627 1750 4671 et
1774 4615 2157 4669 misericordiae
2187 4610 2238 4672 D

583 4715 714 4768 Deil
752 4713 884 4768 Nam
914 4714 956 4768 si
990 4729 1096 4766 non
1132 4729 1276 4767 mors
1306 4723 1474 4774 esset,
1507 4720 1560 4765 et
1591 4719 1717 4762 ante
1757 4716 1986 4762 morteru
2019 4721 2162 4760 mor-

555 4807 687 4858 tale
718 4805 866 4858 velut
891 4819 956 4857 ex
994 4804 1095 4857 hac
1125 4805 1310 4856 radice
1341 4809 1588 4855 nostrum
1625 4813 1818 4866 genus,
1848 4811 1954 4850 non
1985 4796 2160 4864 reipsa

583 4895 834 4962 primitiis
879 4893 1305 4948 immortalitatis
1343 4907 1441 4948 nos
1477 4889 1628 4944 ditati
1673 4901 1944 4964 essemus,
1981 4900 2080 4940 nec
2110 4887 2162 4937 in

584 4984 750 5037 cmlos
787 4984 1055 5048 advocati,
1095 4998 1192 5038 nec
1231 4998 1394 5051 supra
1428 4993 1646 5034 omnem
1700 4977 2066 5047 principatum
2111 4985 2164 5026 et

585 5086 905 5142 potestatein
956 5076 1021 5127 ad
1091 5075 1369 5128 dexteram
1432 5068 1734 5138 majestatis
1789 5069 1840 5120 in
1906 5067 2165 5122 caelorum

586 5167 778 5220 throno
812 5170 1028 5221 sederet
1062 5173 1244 5220 nostra
1281 5175 1496 5218 natura.
1526 5164 1600 5216 Ita
1646 5159 1805 5215 scivit
1835 5158 1978 5214 Deus
2016 5173 2170 5212 secu-

585 5262 669 5308 tus
701 5271 764 5309 ex
795 5256 962 5308 libera
1007 5265 1194 5308 nostra
1235 5251 1585 5307 aberratione
1626 5251 1811 5318 lapsus
1847 5256 2040 5315 suapte
2082 5262 2171 5300 sa-

587 5346 788 5413 pientia
819 5356 871 5400 ct
893 5347 1133 5416 potentia
1163 5344 1592 5398 misericorditer
1620 5351 1940 5394 convertere
1973 5339 2025 5392 in
2057 5351 2170 5390 me-

587 5433 710 5488 lius.

657 5525 746 5579 55.
803 5523 1006 5580 Forsan
1053 5522 1205 5576 multi
1250 5521 1420 5575 Adam
1470 5521 1801 5586 vituperant,
1866 5517 2009 5586 quod
2065 5526 2173 5567 tam

592 5617 768 5684 facile,
805 5618 946 5668 malo
984 5615 1296 5668 consiliario
1331 5613 1658 5676 asseutiens,
1708 5610 1953 5664 divinum
2004 5606 2173 5660 viola-

591 5707 729 5759 verit
752 5707 1090 5768 mandatum,
1113 5713 1167 5757 et
1189 5707 1287 5756 ista
1323 5704 1728 5771 trangressione
1760 5709 1989 5754 mortem
2020 5698 2177 5751 nobis

595 5797 859 5850 intulerit.
911 5796 1015 5849 Sed
1050 5804 1299 5848 nontam
1339 5794 1538 5847 malum
1585 5803 1665 5848 est
1718 5801 1846 5845 ante
1895 5789 2180 5855 experien-

606 5885 881 5940 tiamvefie
906 5888 1182 5940 mortafctn
1203 5885 1438 5954 aliquitu
1461 5897 1680 5956 gustare
1702 5885 1964 5953 plantam,
1987 5894 2171 5948 quam,

2338 4614 2430 4669 νδ¹.
2460 4618 2524 4668 Ὢ
2557 4613 2716 4684 βάθος
2746 4613 2997 4676 πλούτου,
3033 4609 3240 4676 σοςίας,
3297 4607 3389 4660 καὶ
3425 4602 3819 4673 φιλανθρωπίας

2271 4708 2450 4771 θείαςι
2482 4707 2544 4759 El
2577 4704 2652 4774 μὴ
2679 4707 2785 4774 γάρ
2819 4706 2845 4756 ὁ
2865 4703 3091 4762 θανάτος
3117 4697 3204 4770 ἦν,
3235 4700 3328 4750 καὶ
3361 4698 3464 4767 πρὸ
3489 4694 3580 4746 τοῦ
3605 4694 3814 4747 θανάτου

2271 4798 2463 4864 θ-.ητὸν
2496 4795 2570 4856 ὡς
2599 4796 2662 4846 ὲκ
2689 4793 2842 4863 ῥίζης
2865 4794 3118 4860 τοιαύτης
3143 4792 3200 4842 τὸ
3225 4789 3489 4857 ἡμέτερον
3524 4785 3699 4852 γένος,
3733 4781 3816 4832 οὑκ

2273 4892 2338 4944 ἂν
2365 4890 2511 4961 ἔργῳ
2539 4884 2640 4956 τὴν
2667 4885 2922 4956 ἀπαρχὴν
2973 4885 3070 4952 τῆς
3099 4881 3399 4941 ἀθανασίας
3450 4877 3612 4946 ἡμεῖς
3645 4874 3814 4925 ἐπλου-

2272 4984 2539 5053 τήσαμιν,
2574 4983 2677 5036 οὑκ
2708 4983 2773 5033 ἂν
2803 4980 2880 5039 εἰς
2905 4975 3170 5046 οὐρανοὺς
3204 4971 3604 5038 ἁνεκλήθημεν,
3637 4969 3736 5017 οὑκ
3764 4962 3820 5014 ἂν

2283 5073 2537 5142 ὑπεράνω
2571 5072 2753 5140 πάσης
2807 5068 2979 5138 ἀρχῆς
3031 5065 3127 5118 καὶ
3162 5064 3408 5127 ἐξουσίας
3455 5061 3512 5110 ὲν
3538 5057 3688 5125 δεξιᾷ
3738 5052 3824 5119 τῆς

2287 5161 2681 5232 μεγαλωσύνης
2709 5161 2766 5212 ὲν
2791 5147 3091 5226 οὐρανοίςή
3115 5154 3267 5222 ἡμῶν
3293 5149 3636 5219 ὲνεθρονίσθη
3659 5144 3827 5213 φύσις.

2279 5248 2471 5312 Οὑτως
2515 5246 2624 5302 οἶδε
2671 5248 2806 5310 Θεὸς
2854 5253 2924 5298 τα
2973 5250 3033 5308 ες
3091 5238 3433 5305 αὑτεξουσίου
3482 5236 3827 5304 παρατροπῆς

2277 5340 2439 5414 ἡμῶν
2467 5339 2804 5407 ὀλισθήματα
2828 5337 2893 5404 τῇ
2944 5334 3072 5402 παρ’
3102 5327 3296 5384 ἑαυτοῦ
3330 5327 3489 5394 σοφίᾳ
3513 5341 3568 5376 τε
3601 5327 3695 5375 καὶ
3742 5325 3828 5376 δυ-

2282 5438 2442 5502 νάμει
2477 5427 2907 5500 μετασκευάζειν
2939 5421 3333 5492 φιλανθρώπως
3367 5418 3455 5468 ἐπὶ
3485 5416 3541 5467 τὺ
3567 5417 3828 5481 κρεῖττον.

2351 5529 2443 5574 νε’.
2486 5522 2528 5573 Τ
2532 5524 2639 5589 ἀχα
2669 5518 2852 5570 πολλοὶ
2880 5516 2968 5567 τὸν
3009 5513 3179 5580 Ἀδὰμ
3202 5509 3497 5568 αἰτιῶνται,
3533 5505 3648 5566 πῶς
3677 5503 3829 5554 εὐκό-

2280 5614 2407 5676 λως,
2439 5610 2516 5681 τῷ
2539 5607 2760 5678 πονηρῷ
2787 5603 3069 5674 συμϐούλῳ
3104 5599 3363 5659 πεισθεὶς,
3410 5596 3506 5663 τὴν
3535 5593 3680 5644 θείαν
3709 5592 3832 5659 ἠθέ-

2280 5722 2443 5774 τησεν
2474 5700 2693 5769 ἐντολήν
2715 5715 2728 5729 ⁸
2759 5699 2851 5751 καὶ
2868 5697 2954 5748 διὰ
2975 5696 3072 5764 τῆς
3108 5692 3356 5760 τοιαύτης
3381 5687 3683 5754 ἀθετήσεως
3706 5684 3831 5750 ἡμῖν

2281 5797 2372 5847 τὶν
2406 5793 2635 5846 θάνατον
2673 5788 3051 5859 προεξένησεν.
3099 5785 3238 5836 Ἀλλ’
3270 5783 3367 5834 οὑκ
3398 5779 3540 5831 ἔστιν
3574 5775 3708 5836 ἴσον,
3734 5775 3829 5840 πρὸ

2282 5888 2376 5949 τῆς
2400 5885 2591 5950 πείρας
2621 5882 2872 5950 ἐθελῆσαι
2903 5877 3204 5946 γεύσασθαι
3233 5872 3526 5939 θανασίμου
3574 5868 3710 5928 τινὸς
3749 5864 3826 5917 Bo-
3985 5887 3988 6056 Ι
