3988 6496
203 395 348 463 1165

1124 405 1394 465 CAPle
1436 402 1798 474 PIIYSICA,
1840 401 2367 473 THEOLOGICA,
2408 402 2572 463 ETC.

3349 398 3487 465 1166

212 522 402 585 μέντοι
435 516 582 587 ψυχὴ
645 514 944 584 συνέχουσα
973 513 1034 566 τὸ
1069 512 1229 581 σῶμα
1284 507 1328 577 ᾧ
1384 512 1480 564 καὶ
1540 510 1786 577 ἐκτίσθη,

1897 516 2091 571 Anima
2128 526 2310 571 tamen
2353 515 2641 571 continens
2690 526 2892 584 carpus
2932 510 3020 569 cui
3048 523 3338 568 concreata
3379 525 3485 578 est,

209 609 496 679 πανταχοῦ
543 609 637 662 τοῦ
672 608 924 677 σώματός
967 609 1136 671 ἐστιν,
1164 606 1263 673 οὐχ
1290 604 1366 666 ὡς
1396 605 1453 655 ὲν
1479 603 1651 670 τόπῳ,
1680 600 1791 654 οὐδ’

206 702 288 763 ὼς
329 704 718 771 περιεχομένη,
756 701 870 753 ἀλλ’
917 700 994 762 ὼς
1031 699 1330 768 συνέχουσὰ
1389 712 1451 748 τε
1504 693 1601 748 καὶ
1630 709 1789 763 περι-

214 788 443 857 έχουσα,
478 794 569 843 καὶ
599 787 941 853 ζωοποιοῦσα
969 787 1127 840 τοῦτο
1158 786 1278 839 κατ’
1317 785 1503 841 εἰκόνα
1523 783 1620 837 καὶ
1644 782 1788 836 τοῦτ’

208 881 414 950 ἔχουςα
445 882 604 935 Θεοῦ.

285 972 385 1041 ξβν.
417 975 493 1027 Οὐ
517 975 657 1027 κατᾶ
688 973 847 1027 τοῦτο
881 972 1039 1043 μόνον
1084 971 1287 1040 μᾶλλον
1342 970 1453 1023 τῶν
1487 972 1737 1041 ἀγγέλων
1766 974 1793 1026 ὁ

207 1065 499 1133 ἄνθρωπος
526 1066 646 1120 κατ’
677 1067 865 1120 είκόνα
898 1065 1191 1133 πεποίηται
1213 1063 1373 1127 Θεοῦ,
1413 1065 1499 1117 ὅτι
1540 1081 1792 1118 συνεκτι-

208 1162 320 1226 κήν
349 1175 409 1210 τε
433 1158 526 1211 καὶ
543 1157 807 1218 ζωοποιὸν
833 1156 947 1227 ἔχει
965 1156 1196 1225 δύναμιν
1225 1157 1283 1208 ὲν
1312 1155 1513 1227 ἐαυτῷ,
1537 1156 1674 1210 ἀλλὰ
1696 1159 1790 1208 καὶ

211 1251 359 1303 κατὰ
391 1250 452 1302 τὸ
502 1249 715 1319 ἄρχειν.
750 1249 908 1302 Ἔστι
940 1248 1051 1319 γὰρ
1104 1251 1163 1300 ἐν
1208 1252 1275 1318 τῇ
1324 1249 1425 1317 τῆς
1473 1247 1597 1301 καθ’
1646 1249 1791 1318 ἡμᾶς

207 1342 390 1411 ψυχῆς
427 1339 609 1408 φύσει,
636 1341 697 1393 τὸ
723 1340 824 1410 μὲν
863 1340 1194 1409 ἡγεμονικόν
1226 1354 1285 1393 τε
1313 1340 1409 1393 καὶ
1436 1340 1666 1410 ἀρχικόν
1690 1357 1706 1371 ’
1732 1341 1794 1393 τὸ

211 1436 274 1487 δὲ
306 1433 467 1502 φύσει
500 1432 842 1486 ὣυλεῦόψτε
881 1432 978 1486 καὶ
995 1434 1235 1501 ὑπήκοον
1255 1448 1269 1462 ο
1301 1431 1541 1501 θέλησις,
1593 1432 1794 1502 ὄρεξις,

209 1528 470 1596 αἴσθησις
485 1526 578 1579 καὶ
593 1525 780 1588 ἁπλῶς
799 1525 901 1581 ὅσα
918 1524 1057 1596 μετὰ
1070 1526 1161 1578 τὸν
1182 1523 1326 1589 νοῦν,
1348 1523 1427 1594 τῷ
1441 1524 1517 1594 νῷ
1541 1525 1762 1579 συνεκτί
1775 1553 1794 1564 -

210 1619 318 1688 σθη
362 1618 515 1687 παρὰ
540 1617 698 1684 Θεοῦ,
732 1616 834 1671 κᾶν
882 1619 1044 1687 ἡμεῖς
1065 1617 1211 1670 ἐστιν
1238 1616 1325 1687 ἐφ’
1352 1610 1427 1670 ὧν
1452 1618 1794 1687 φιλαμαρτή·

218 1725 345 1777 μονι
371 1708 590 1779 γνώμῃ,
622 1709 697 1779 μὴ
718 1707 813 1762 τοῦ
838 1707 972 1762 Θεοῦ
1004 1711 1100 1762 καὶ
1134 1709 1579 1780 Παντοκράτορος
1614 1710 1794 1780 μόνον.

210 1801 352 1855 ἀλλὰ
379 1803 473 1855 καὶ
496 1800 589 1854 τοῦ
624 1803 923 1873 προσόντος
945 1803 1076 1871 ἡμῖν
1105 1802 1364 1872 ett-ptitur;
1388 1803 1793 1874 αὐτοκράτορος

1900 610 2102 677 ubique
2146 609 2399 677 corporis
2426 616 2533 674 est,
2568 623 2671 660 non
2703 608 2852 661 velut
2901 606 2955 660 in
3008 605 3148 665 loco,
3190 618 3290 660 nec
3338 607 3486 659 velut

1898 707 2324 770 comprehensa,
2368 702 2463 754 sed
2506 709 2564 754 ttt
2603 697 2737 754 illud
2776 701 3084 761 continens,
3127 698 3491 768 comprehen-

1898 795 2050 860 dens,
2082 805 2138 848 et
2182 795 2465 849 viviticans
2500 811 2513 848 :
2544 802 2600 847 et
2628 792 2707 848 sic
2742 793 2904 846 etiam
2940 793 3008 844 ad
3044 788 3338 860 imaginem
3392 790 3485 845 Dei

1896 895 2003 942 cst.

1965 975 2056 1032 62.
2081 975 2196 1030 Non
2223 976 2344 1033 ideo
2368 976 2631 1030 duntaxat
2662 974 2836 1047 magis
2858 989 3021 1043 quam
3053 974 3282 1044 angelus
3306 974 3477 1026 homo

1897 1069 1963 1120 ad
1997 1067 2091 1123 Dei
2127 1066 2416 1136 imaginem
2466 1066 2644 1121 factus
2691 1075 2813 1129 est,
2861 1064 2988 1133 quia
3023 1065 3487 1119 conservatricem

1894 1170 1945 1212 ct
1997 1160 2269 1215 viviﬁcam
2319 1159 2484 1214 habet
2530 1157 2585 1213 in
2620 1157 2804 1227 seipse
2845 1158 3125 1222 virtutem,
3174 1158 3273 1213 sed
3323 1160 3487 1213 etiam

1895 1254 2020 1320 quia
2075 1253 2329 1321 imperat.
2375 1249 2468 1306 Est
2505 1250 2651 1306 enim
2702 1251 2757 1303 itt
2802 1260 3001 1305 nostra:
3047 1252 3243 1305 animae
3289 1261 3488 1307 natura

1896 1359 1999 1396 una
2040 1356 2168 1413 pars
2202 1342 2490 1398 dominans
2519 1350 2573 1396 et
2617 1342 2934 1411 imperans;
2965 1353 3020 1397 et
3054 1342 3222 1398 altera
3262 1353 3492 1399 natura-

1895 1436 2018 1490 liter
2069 1436 2342 1491 famulans
2392 1446 2447 1490 et
2503 1436 2767 1490 obediens
2809 1452 2824 1488 :
2881 1436 3133 1491 voluntas
3182 1438 3491 1506 appetitus,

1893 1544 2093 1584 sensus
2125 1537 2181 1582 et
2228 1528 2528 1598 generatim
2572 1542 2915 1598 quaecunque
2951 1528 3090 1582 infra
3155 1528 3489 1583 intellectum

1895 1619 2190 1675 intellectui
2236 1632 2525 1676 concreata
2579 1629 2710 1677 sunt
2763 1635 2793 1674 ιι
2828 1620 2974 1687 Deo;
3028 1637 3336 1693 quanquam
3387 1638 3491 1677 nos

1893 1713 2208 1782 aliquando,
2263 1715 2473 1783 peccati
2526 1729 2718 1769 amore
2772 1715 2946 1777 tlncti,
3004 1731 3109 1770 non
3163 1716 3337 1769 solum
3397 1716 3492 1772 Dei

1892 1804 2304 1873 tuttuipotentis,
2340 1807 2435 1860 sed
2470 1813 2526 1860 ei.
2558 1805 2714 1860 nobis
2760 1806 2918 1861 inditi
2982 1806 3307 1862 naturaliter
3337 1809 3494 1863 tlttcis

213 1893 622 1967 ἀφηνιάζομεν.
648 1894 709 1947 Ὀ
742 1893 929 1965 μέντοι
959 1894 1092 1957 Θεὸς
1120 1895 1210 1948 διὰ
1231 1895 1292 1949 τὸ
1313 1896 1372 1949 ὲν
1395 1898 1530 1965 ἡμῖν
1544 1896 1795 1967 ἀρχικὸν,

1897 1900 2141 1954 habenas
2171 1898 2564 1954 detrectamus.
2603 1897 2741 1953 Huic
2783 1908 2965 1954 tamen
3021 1899 3279 1953 insidenti
3332 1900 3490 1956 nobis

211 1988 312 2039 καὶ
342 1985 440 2055 τῆς
458 1985 563 2055 γῆς
592 1983 813 2055 ἁπάσης
845 1986 1088 2056 παρέσχε
1116 1984 1216 2055 τὴν
1245 1985 1565 2055 κυριότητα.
1594 1986 1799 2053 ’Ἀγγε-

210 2079 298 2130 λοι
339 2077 400 2130 δὲ
447 2076 878 2146 συνεζευγμένον
911 2076 1074 2146 σῶμα
1125 2078 1227 2130 οὐκ
1280 2076 1520 2148 ἔχουσιν,
1576 2076 1655 2140 ὡς
1704 2077 1800 2131 καὶ

211 2167 629 2235 ὑπεζευγμένον
666 2168 811 2237 ἔχειν
832 2167 912 2235 τῷ
940 2166 1036 2237 νῷ.
1094 2165 1209 2237 Τὴν
1237 2166 1296 2221 δὲ
1326 2166 1523 2237 νοερὰν
1558 2166 1799 2237 θέλησιν,

210 2262 265 2311 οἱ
307 2260 409 2327 μὲν
437 2258 767 2320 ὲκπεσόντες
800 2258 1066 2328 διηνεκῶς
1095 2260 1393 2327 κέκτηνται
1428 2257 1678 2326 πονηράν
1699 2270 1714 2286 ’
1749 2256 1801 2309 oi

208 2351 270 2402 δὲ
303 2349 522 2414 ἁγαθοὶ,
548 2348 812 2417 διηνεκῶς
840 2347 1073 2418 ἀγαθὴν,
1107 2347 1203 2400 καὶ
1253 2347 1474 2416 ἡνιόχου
1532 2344 1799 2416 μηδαμῶς

209 2440 502 2510 δεομένην.
541 2441 615 2493 Τὸ
635 2440 679 2494 δ’
706 2439 954 2506 ἐπίγειον
986 2439 1262 2508 κράτος,ὀ
1301 2437 1401 2507 μὲν
1439 2436 1676 2507 πονηρὸς
1701 2437 1801 2489 οὐκ

213 2530 391 2601 εἶχεν,
446 2531 560 2586 ἀλλ’
582 2532 851 2601 ἥρπασεν·
886 2529 1011 2584 ὅθεν
1035 2530 1193 2599 δῆλον
1209 2529 1285 2592 ὡς
1316 2528 1417 2585 οὐκ
1444 2528 1630 2599 ἅρχων
1652 2526 1810 2582 ὲκτίο-

210 2628 320 2693 σοη
356 2624 454 2691 τῆς
476 2624 599 2694 γῆς.
634 2625 695 2676 Οί
749 2622 808 2677 δὲ
849 2623 1047 2690 ἀγαθοὶ
1101 2622 1211 2679 τῶν
1256 2620 1531 2689 ἀγγέλων,
1574 2623 1809 2674 ἐπισκοεα

210 2720 343 2770 rei»)
373 2716 438 2770 τὰ
475 2718 593 2768 κατ’
624 2716 793 2785 αὐτὴν
842 2715 949 2768 ὑπό
1010 2713 1104 2766 τοῦ
1155 2713 1596 2784 Παντοκράτορος
1630 2729 1800 2781 προσ·

218 2805 562 2874 στὰχθησαν,
590 2806 727 2875 μετὰ
747 2804 846 2875 τὴν
872 2802 1028 2875 ήμῶν
1048 2802 1343 2866 ἔκπτωσιν,
1359 2804 1452 2855 καὶ
1464 2804 1553 2857 διὰ
1571 2803 1798 2871 ταύτην,

209 2899 320 2965 τῆς
353 2895 532 2963 ἀξίας,
584 2899 634 2949 εί
689 2897 785 2949 καὶ
840 2894 915 2965 μὴ
951 2894 1189 2963 παντελῆ
1241 2894 1329 2948 διὰ
1382 2893 1796 2965 φιλανθρωπίαν

207 2988 558 3058 καθαίρεσιν.
590 2987 671 3040 Τὰ
694 2987 806 3057 γὰρ
834 2987 958 3056 ὅρια
986 2985 1096 3036 τῶν
1128 2985 1402 3052 ἀγγέλων,
1446 2985 1522 3048 ὡς
1551 2985 1580 3038 ὁ
1627 2986 1795 3038 Moti}-

212 3081 322 3151 σῆς
357 3080 414 3132 ιν
437 3081 502 3149 τῇ
527 3078 641 3149 ᾠδῇ
674 3094 865 3147 φησιν,
918 3076 1145 3145 ἔστησεν
1182 3078 1210 3126 ὁ
1236 3075 1392 3140 Θεὸς,
1429 3076 1517 3130 ὅτε
1557 3075 1798 3145 διεμέρι-

214 3171 315 3238 ζεν
344 3170 470 3237 εονη
497 3183 511 3196 ’
552 3171 580 3223 ό
614 3168 673 3221 δὲ
716 3167 1079 3238 διαμερισμδς
1129 3158 1307 3232 οὗτος,
1346 3165 1486 3236 μετὰ
1524 3166 1617 3218 τὸν
1660 3166 1797 3219 Κάῑν

213 3265 314 3316 καὶ
342 3263 432 3315 τὸν
461 3260 569 3330 Σὴο
600 3259 873 3327 ἐγεγόνει·
896 3258 1008 3314 τῶν
1059 3258 1159 3329 μὲν
1194 3260 1259 3312 ἐκ
1284 3259 1382 3313 τοῦ
1412 3257 1555 3312 Κάῖν
1593 3257 1794 3312 καλου-
1815 3238 1861 3300 c

216 3358 404 3426 μένων
445 3353 771 3423 ἀνθρώπων,
806 3352 914 3407 τῶν
936 3353 992 3405 δὲ
1023 3354 1090 3405 ἐκ
1118 3352 1214 3405 τοῦ
1247 3351 1355 3423 Σὴθ
1380 3352 1794 3420 καταγομένων,

218 3447 358 3501 υἱῶν
408 3446 543 3499 Θεοῦ
596 3443 951 3514 κεκλημένων
974 3460 988 3473 ⁸
1027 3444 1433 3513 διαμερίζοντος
1470 3441 1795 3511 ἐμοὶδοκεῖν

213 3541 411 3595 ἔκτοτε
456 3538 551 3591 τοῦ
608 3538 889 3607 ονοματος,
951 3536 1046 3586 καὶ
1112 3532 1683 3603 προκαταγγέλλοντος
1733 3531 1794 3584 τὸ

211 3632 396 3699 γένος,
450 3630 510 3694 ἐξ
566 3622 629 3681 οὗ
688 3631 866 3698 σάρκα
897 3625 1164 3696 λήψεοίιαι
1194 3624 1422 3693 ἔμελλεν
1458 3626 1488 3675 ό
1527 3623 1621 3676 τοῦ
1653 3621 1793 3677 Θεοῦ

216 3721 520 3792 μονογενὴς
555 3719 700 3782 Υιὸς.

291 3812 392 3881 ξγ’.
428 3814 588 3867 Εἴποι
649 3812 693 3865 δ’
725 3810 791 3863 ἄν
827 3828 915 3873 τις
965 3810 1063 3862 σὺν
1094 3806 1307 3871 πολλοῖς
1335 3805 1565 3873 ἑτέροις,
1598 3806 1691 3859 καὶ
1733 3806 1792 3857 τδ

211 3906 490 3977 τριαδικὸν
538 3908 636 3978 τῆς
665 3887 941 3977 ἡμετέροις
970 3901 1246 3971 γνώσεως,
1283 3898 1483 3966 μᾶλλον
1507 3899 1653 3969 ἡμᾶς
1680 3897 1791 3951 τῶν

212 4000 467 4068 ἀγγέλων
488 3998 751 4052 δεικνὺειν
772 3999 894 4051 κατ’
914 3994 1099 4049 εἰκόνα
1124 3993 1218 4044 τοῦ
1247 3990 1382 4044 Θεοῦ
1405 4007 1419 4020 ⁸
1446 3991 1506 4043 οὐ
1538 3991 1791 4060 μόνονότι

212 4090 513 4162 τριαδικὸν,
540 4089 638 4143 ἀλλ
672 4089 755 4142 ὅτι
783 4088 878 4141 καὶ
908 4081 1337 4156 συμπεριὸάλλει
1369 4081 1623 4149 γνώσεως
1646 4079 1793 4134 ἅπαν

212 4183 378 4249 εἶδος.
435 4183 604 4238 Μόνοι
666 4181 776 4252 γὰρ
810 4181 971 4251 ἡμεῖς
1003 4178 1112 4230 τῶν
1153 4174 1473 4244 κτισμάτων
1514 4170 1791 4234 ἁπάντων,

213 4278 356 4349 πρὸς
387 4275 465 4345 τῷ
495 4273 668 4345 νοερῷ
723 4291 784 4326 τε
837 4271 935 4326 καί⁹
979 4266 1206 4337 λογικῷ,
1259 4266 1350 4319 καὶ
1379 4265 1441 4317 τὸ
1475 4263 1793 4333 αίσθητικδν

213 4370 454 4440 ἔχομεν’
486 4366 517 4420 ὃ
560 4366 638 4435 τῷ
685 4363 889 4434 λογικῷ
940 4360 1286 4430 συνημμένον
1341 4353 1477 4411 εἶναι
1526 4357 1790 4425 πεφυκὸς,

212 4462 422 4533 τεχνῶν
452 4478 512 4514 τε
548 4461 643 4514 καὶ
662 4454 1005 4527 ἐπιστημῶν,
1045 4455 1138 4508 καὶ
1167 4452 1423 4521 γνῶσεων
1453 4448 1644 4520 ἐξεῦρε
1690 4467 1792 4502 ποο-

1891 1988 2004 2058 regi
2062 1987 2206 2043 Deus
2261 1989 2534 2044 universae
2598 1999 2763 2044 teme
2829 1989 3048 2043 tradidit
3102 1991 3491 2060 printipatnm.

1889 2081 2081 2150 Angeli
2118 2097 2250 2136 vero
2280 2097 2387 2136 non
2423 2082 2623 2138 habent
2656 2096 2855 2152 corpus
2885 2082 3187 2138 intellectui
3260 2085 3493 2152 conjnn-

1888 2186 2037 2230 ctum
2066 2184 2123 2232 et
2151 2175 2523 2244 subiunctum.
2550 2175 2934 2232 inte'lectnalis
2968 2190 3131 2244 porro
3161 2177 3410 2233 voluntas
3435 2179 3491 2233 in

1888 2267 2059 2339 lapsis
2105 2278 2190 2323 est
2234 2282 2450 2337 semper
2479 2270 2643 2333 mala,
2676 2281 2732 2324 et
2767 2269 2820 2323 in
2872 2268 3028 2323 bonis
3054 2269 3197 2321 bona
3243 2284 3490 2338 semper,

1891 2375 1990 2415 nec
2020 2361 2209 2432 auriga
2257 2376 2504 2430 unquam
2544 2363 2813 2430 indigens.
2859 2361 3143 2417 Terrestre
3171 2374 3351 2417 autem
3388 2365 3494 2416 im-

1891 2451 2105 2518 perium
2139 2451 2315 2506 malus
2333 2451 2553 2521 quidem
2592 2469 2699 2507 non
2731 2453 2945 2518 habuit,
2973 2456 3070 2509 sed
3105 2457 3321 2524 rapuit;
3349 2455 3492 2509 unde

1889 2553 2037 2611 patet
2063 2558 2187 2597 eum
2216 2557 2323 2599 non
2354 2554 2601 2599 creatum
2635 2561 2758 2600 esse
2812 2547 3115 2616 principem
3148 2558 3325 2603 terrae.
3354 2549 3489 2601 Boni

1891 2652 2023 2690 vero
2056 2638 2231 2708 angeli
2268 2639 2620 2695 terrestribus
2673 2641 2960 2711 invigilare
2991 2641 3132 2710 jnssi
3181 2651 3329 2707 sunt,
3366 2651 3490 2709 post

1895 2744 2078 2782 rusum
2111 2739 2385 2797 nostrum,
2418 2740 2471 2787 et
2512 2742 2738 2802 propter
2767 2734 2951 2799 istam,
2988 2749 3094 2790 non
3139 2744 3342 2800 tamen,
3376 2734 3488 2791 Deo

1892 2819 2229 2885 miserante,
2282 2822 2594 2877 universam
2654 2823 2939 2893 dignitatis
2989 2834 3192 2880 nostra:
3242 2826 3486 2881 ruinam.

1893 2909 2183 2966 Terminus
2231 2913 2379 2968 enim
2424 2914 2763 2984 angelorum,
2800 2925 2858 2974 ut
2907 2917 3122 2987 Moyses
3175 2920 3227 2972 in
3274 2921 3492 2975 cantico

1894 3003 2026 3057 dicit
2064 3004 2160 3066 "‘.
2192 3005 2479 3060 constituit
2521 3005 2685 3072 Deus,
2716 3008 2937 3076 quando
2970 3007 3244 3065 dividebat
3279 3020 3490 3081 gentes.

1898 3096 2025 3152 Ilaec
2073 3108 2252 3152 autem
2303 3099 2500 3153 divisio
2553 3108 2677 3169 post
2708 3099 2841 3155 Cain
2880 3113 2937 3156 et
2989 3102 3122 3159 Seth
3174 3105 3313 3161 facta
3359 3117 3491 3162 est:

1898 3206 2023 3243 nam
2059 3188 2194 3244 Cain
2241 3192 2444 3259 posteri
2494 3191 2627 3246 dicti
2681 3202 2810 3247 sunt
2861 3195 2956 3248 lilii
3015 3197 3318 3265 hominum,
3358 3199 3492 3255 Selii

1896 3296 2024 3337 tri-ro
2057 3295 2286 3351 nepotes
2330 3284 2422 3338 lilii
2454 3285 2546 3340 Dei
2578 3294 2708 3340 sunt
2739 3287 2913 3341 vocati
2947 3288 3211 3357 ““;quia
3243 3291 3480 3353 nomine,

1896 3382 1953 3427 ut
1991 3373 2124 3428 mihi
2176 3376 2409 3439 videtur,
2440 3378 2552 3446 jam
2597 3386 2728 3431 tunc
2779 3388 3097 3448 separatum
3146 3391 3196 3435 et
3234 3396 3489 3450 prauum-

1895 3472 2083 3517 ttatum
2115 3476 2196 3518 est
2228 3480 2417 3533 genus,
2455 3480 2519 3519 ex
2556 3482 2663 3533 quo
2696 3481 2915 3520 carnem
2955 3478 3338 3537 assumpturus
3367 3477 3490 3526 erat

1894 3556 2204 3627 unigenitus
2238 3556 2328 3611 Dei
2365 3558 2549 3611 Filius.

1958 3797 2029 3851 (εὖ
2087 3791 2297 3849 Forsan
2333 3791 2528 3862 aitqnis
2569 3793 2769 3846 diterit
2803 3806 2924 3847 cum
2971 3790 3160 3845 multis
3191 3792 3337 3855 aliis,
3369 3796 3481 3862 ipsa

1892 3904 2106 3960 quoque
2155 3898 2340 3943 nostra
2401 3885 2742 3957 cognitione,
2777 3900 2899 3941 cum
2952 3885 3092 3941 trina
3146 3887 3237 3950 sit,
3269 3885 3484 3942 ostendi

1893 3998 1992 4036 nos
2041 3979 2216 4050 magis
2247 3993 2411 4048 quam
2466 3974 2687 4047 angi-los
2735 3988 2854 4031 esse
2905 3976 2973 4029 ad
3021 3975 3311 4044 imaginem
3351 3976 3482 4040 Dei,

1891 4091 1998 4129 non
2031 4074 2207 4130 solum
2239 4071 2370 4141 quia
2398 4069 2540 4124 trina
2569 4080 2678 4134 est,
2707 4071 2801 4125 sed
2830 4078 2884 4124 et
2911 4070 3040 4139 quia
3069 4069 3486 4137 comprehendit

1892 4178 2057 4220 omne
2109 4161 2443 4234 cognitionis
2489 4176 2680 4229 genus.
2733 4159 2846 4216 Nos
2892 4162 3038 4216 enim
3091 4160 3188 4215 soli
3238 4161 3486 4216 omnium

1895 4265 2304 4321 creaturarum,
2344 4268 2544 4326 praeter
2591 4255 2927 4310 intellectum
2971 4262 3026 4309 et
3060 4256 3350 4321 rationem,
3388 4255 3490 4309 ha-

1896 4353 2090 4408 bemus
2120 4350 2283 4404 etiatn
2315 4362 2538 4403 sensum
2580 4364 2594 4403 :
2636 4348 2727 4418 qui
2769 4347 3071 4403 intellectui
3123 4355 3316 4402 natura
3357 4363 3488 4402 con-

1891 4445 2150 4516 junctns,
2223 4441 2420 4495 artium
2479 4442 2949 4512 scientiarumth
3012 4451 3066 4495 et
3115 4441 3487 4510 cognitionum

214 4555 595 4610 λυειδέστατον
646 4548 891 4620 πληθύν
929 4545 1197 4616 γεωργεῖν
1244 4559 1304 4596 τε
1338 4542 1435 4595 καὶ
1465 4541 1790 4609 οἰκοδομεῖν,

1897 4536 2285 4593 multiformem
2313 4533 2520 4588 invenit
2544 4532 2951 4589 multitudinem
2978 4548 2998 4588 ξ
3023 4542 3076 4587 et
3100 4548 3262 4600 agros
3284 4535 3487 4601 colere,

213 4649 316 4703 καὶ
355 4647 616 4717 προάγειν
650 4645 714 4695 ὲκ
745 4641 819 4712 μὴ
872 4639 1063 4703 ὄντων,
1110 4637 1158 4690 εί
1191 4637 1285 4690 καὶ
1314 4636 1387 4704 μὴ
1422 4634 1487 4687 ὲκ
1527 4632 1794 4702 μηδαμῶς

212 4743 389 4795 ὄντων
420 4735 602 4806 (τοῦτο
646 4733 755 4803 γὰρ
788 4730 973 4798 Θεοῦ),
1012 4725 1160 4799 μόνῳ
1185 4726 1425 4796 παρέσχε
1449 4723 1557 4776 τῶν
1580 4721 1793 4793 ἀνθρὼ-

213 4848 357 4886 πων.
382 4830 591 4882 Γίνεται
633 4825 743 4897 γὰρ
772 4820 955 4892 σχεδὸν
982 4818 1134 4874 οὒδὲν
1176 4816 1298 4871 οὐδὲ
1348 4814 1632 4885 φθείρεται
1684 4811 1794 4864 τῶν

211 4922 371 4994 παρὰ
390 4918 526 4975 Θεοῦ
552 4915 890 4988 τελουμένων
905 4928 919 4944 ·
945 4909 1281 4982 κιρνώμενον
1296 4908 1338 4961 δ’
1362 4906 1489 4961 ἄλλο
1510 4905 1646 4974 πρὸς
1665 4902 1797 4958 ἄλλο

220 5031 335 5081 τῶν
362 5026 495 5096 παρ’
548 5025 700 5094 ἡμῖν,
735 5021 951 5092 μορφὴν
985 5017 1180 5089 ἑτέραν
1220 5015 1582 5089 παρίστησινο
1631 5016 1796 5072 ἐτιτσ

223 5120 356 5189 μὴν,
385 5117 479 5169 καὶ
516 5115 578 5168 τὸ
600 5114 691 5167 τὸν
723 5112 956 5182 ἀόρατον
975 5107 1069 5162 τοῦ
1094 5106 1186 5162 νοῦ
1220 5108 1398 5176 λόγον,
1422 5108 1484 5161 οὐ
1518 5108 1678 5179 μόνον
1703 5110 1794 5162 ὑπ’

221 5207 396 5275 ἀκοῆς
444 5203 699 5274 αίςοησιν
729 5202 977 5272 γίνεσθαι
1006 5198 1147 5270 ἀέρα
1174 5197 1505 5269 ἐνημμένον,
1540 5198 1678 5253 ἀλλὰ
1704 5200 1798 5255 καὶ

221 5295 698 5366 καταγράφεσθαι,
729 5293 825 5348 καὶ
853 5293 993 5362 μετὰ
1018 5291 1273 5361 σώματος
1302 5291 1397 5343 καὶ
1422 5290 1512 5344 διὰ
1544 5292 1796 5361 σώματος

214 5388 475 5460 ὁρᾶσθαι,
513 5385 754 5455 παρέσχε
807 5388 918 5447 soi;
949 5381 1259 5454 ἀνθρώποις
1310 5381 1491 5452 μόνοις
1548 5384 1578 5436 ὁ
1625 5382 1793 5446 Θεός·

215 5482 361 5551 πρὸς
387 5480 572 5532 πίστιν
603 5478 814 5544 ὲνᾶγων
840 5476 1039 5544 διαρκῆ
1067 5475 1165 5545 τῆς
1190 5474 1285 5527 τοῦ
1319 5475 1581 5528 ἀνωτάτω
1620 5476 1795 5543 Λόγου

210 5574 310 5627 διὰ
356 5570 556 5642 σαρκὸς
589 5568 881 5637 ἐπιδημίας
910 5581 973 5619 τε
1009 5567 1104 5623 καὶ
1145 5565 1445 5637 ἐμφανείας
1467 5583 1481 5599 ·
1514 5559 1590 5624 ὧν
1641 5566 1793 5622 οὐδὲν

210 5661 469 5732 οὐδαμῶς
506 5660 761 5730 μέτεστιν
792 5656 1069 5727 ἀγγέλοις.

278 5830 355 5862 ³⁸⁵
395 5831 549 5887 Deut.
588 5838 759 5893 nm.
791 5829 843 5885 8.
921 5829 1010 5862 ¹⁹¹⁶
1052 5825 1188 5885 ch.
1224 5841 1299 5889 vt,
1343 5823 1400 5879 ἓ.

1900 4628 2172 4685 aediﬁcare
2202 4628 2419 4689 domos.
2452 4634 2507 4680 et
2542 4640 2629 4679 res
2664 4624 2847 4679 facere
2882 4622 3025 4692 quod
3055 4636 3161 4675 non
3195 4634 3344 4688 sunt,
3381 4639 3487 4678 non

1901 4732 2085 4774 tamen
2135 4733 2223 4772 res
2248 4716 2443 4772 Iacere
2476 4729 2598 4784 quae
2644 4711 2870 4767 minime
2905 4720 3034 4766 sunt
3060 4711 3359 4782 (hocenim
3391 4712 3485 4767 Dei

1901 4812 2029 4880 est),
2060 4809 2193 4864 solis
2223 4805 2484 4876 competit
2528 4803 2863 4859 hominibus.
2895 4799 3030 4855 Nam
3067 4801 3182 4857 fere
3229 4801 3365 4857 nihil
3390 4818 3490 4858 eo-

1904 4919 2023 4960 rum
2057 4917 2177 4971 quae
2219 4915 2250 4954 a
2282 4898 2392 4955 Deo
2428 4899 2583 4962 fiunt,
2622 4894 2813 4961 incipit
2841 4909 2904 4948 ac
2938 4894 3101 4964 perit,
3137 4894 3229 4948 sed
3265 4898 3491 4950 commi-

1901 5005 1984 5052 sta
2021 4997 2165 5050 inter
2208 5008 2269 5049 se
2318 4985 2549 5047 invicem
2582 5005 2702 5059 qua:
2748 4996 2877 5043 sunt
2913 4986 3056 5055 apud
3104 5003 3224 5054 nos,
3261 4988 3490 5043 fortnam

1902 5094 2147 5164 praebent
2234 5091 2421 5146 aliam.
2516 5087 2776 5158 Insuper,
2839 5086 3113 5142 invisibile
3189 5083 3492 5141 intellectus

1901 5188 2152 5253 verbum,
2207 5200 2314 5239 non
2368 5182 2545 5239 solum
2597 5183 2818 5239 auditus
2864 5180 3049 5235 sensui
3081 5195 3209 5236 aere
3241 5179 3487 5234 indutum

1898 5281 2190 5350 subjicere,
2220 5279 2316 5335 sed
2347 5279 2592 5335 scribere
2620 5277 2787 5332 etiam
2820 5286 2874 5330 et
2896 5289 3022 5328 cum
3055 5287 3282 5343 corpore
3310 5285 3374 5324 ac
3394 5284 3492 5338 per

1897 5386 2101 5444 corpus
2150 5372 2354 5434 videre,
2388 5370 2520 5426 solis
2555 5367 2870 5423 hominibus
2916 5365 3192 5421 concessit
3240 5361 3398 5428 Deus,
3436 5363 3491 5417 itt

1899 5464 2260 5521 subicientem
2296 5464 2455 5518 ﬁdem
2487 5462 2755 5519 inducens
2785 5459 3025 5521 carnalis
3059 5458 3299 5528 supremi
3325 5454 3493 5513 Verbi
3585 5448 3589 5453 ’

1902 5558 2169 5614 adventus
2198 5566 2255 5612 et
2299 5553 2784 5616 maniiestalionis.
2818 5554 3060 5622 Quorum
3100 5549 3236 5606 nihil
3268 5565 3494 5619 prorsus

1900 5651 2108 5720 angelis
2145 5651 2309 5722 inest.
