3988 6496
287 370 429 441 1169

1210 373 1483 435 CAPITA
1525 372 1876 445 PHYSICA,
1916 373 2447 444 THEOLOGICA,
2492 372 2648 436 ETC.

3413 368 3555 441 “70

298 495 422 551 κατ’
471 491 643 563 ὠτὴν
684 490 982 562 ἐνδύματος
1039 488 1132 542 τὸν
1161 488 1482 560 ἀρραϐῶνα,
1538 489 1634 541 καὶ
1662 489 1825 552 αὐτὸς
1851 490 1880 541 ό

1998 509 2009 544 ι
2040 492 2148 546 Deo
2183 494 2414 560 accepit,
2436 505 2565 544 cum
2585 488 2960 560 Hierosolyma
2984 487 3310 544 Damascum
3343 489 3554 555 abiens,

296 587 508 649 Παῦλος
522 585 683 638 ἔλαϐε
716 583 873 652 παρὰ
903 580 1060 647 Θεοῦ,
1103 579 1164 646 ἐξ
1199 580 1561 651 Ἰερουσαλὴμ
1599 585 1736 650 πρὸς
1775 583 1880 633 Λα-

298 682 512 755 μασκδν
541 677 747 741 ἀπιὼν,
785 676 852 728 ἵν’
876 672 1017 727 εἴπω
1046 672 1188 726 κατὰ
1214 670 1306 725 τὸν
1332 671 1614 740 θεολογίας
1639 671 1883 743 φερωνύ-

298 792 420 847 μως
469 771 763 840 ἐπώνυμον
809 767 1134 839 Γρηγὸριον,
1184 765 1315 834 πρὶν
1369 763 1713 847 καθαρθῆναι
1772 764 1882 817 τῶν

293 840 577 934 ϐιωγμῶν,
633 859 711 931 τῷ
738 857 1058 928 διωκομένῳ
1109 855 1546 926 προσομιλήσας,
1590 840 1793 926 εῇἰλλον
1823 855 1884 908 δὲ

297 956 534 1026 βραχείᾳ.
573 951 667 1006 τοῦ
702 949 940 1019 μεγάλου
962 948 1138 1018 φωτὸς
1160 947 1493 1018 λαμπηδόνι.

370 1047 472 1117 ξην.
491 1046 555 1098 Ἦ
581 1045 680 1114 μὲν
699 1042 820 1096 Θεία
841 1040 1233 1111 ὑπερουσιότης
1267 1039 1389 1092 ούδέ
1418 1056 1550 1094 ποτε
1581 1039 1878 1112 πληθυντι-

295 1139 414 1201 κῶς
438 1137 687 1190 καλεῖται
709 1151 722 1164 ⁸
745 1136 781 1204 ἡ
801 1132 860 1186 δὲ
887 1131 984 1186 τοῦ
1015 1130 1151 1185 θεοῦ
1178 1131 1296 1185 θεία
1312 1134 1406 1186 καὶ
1429 1133 1682 1197 ἄκτιστος
1713 1134 1875 1205 χάρις

299 1229 396 1281 καὶ
416 1226 681 1297 ἐνέργεια.
703 1221 1038 1295 μεριζομένη
1072 1222 1406 1295 ἀμερίστως,
1430 1225 1552 1278 κατ’
1577 1225 1762 1279 εἰκόνα
1780 1226 1883 1294 τῆς

296 1323 533 1391 ἡλιακῆς
568 1322 809 1382 ἀκτῖνος,
835 1319 868 1386 ἣ
915 1318 1008 1369 καὶ
1030 1315 1337 1388 θερμαίνει,
1378 1318 1472 1370 καὶ
1508 1320 1760 1388 φωτίζει,
1790 1321 1886 1373 καὶ

300 1414 580 1477 ζωοποιεῖ,
612 1411 709 1464 καὶ
735 1410 909 1477 ubist,
938 1410 1050 1472 τοῖς
1072 1424 1130 1460 τε
1164 1408 1534 1479 λαμπομένοις
1555 1410 1656 1478 τὴν
1676 1409 1886 1463 οἰκείαν

297 1508 480 1577 ἐνίησι
511 1503 896 1574 λαμπρότητα,
923 1503 1019 1555 καὶ
1044 1503 1156 1564 τοῖς
1176 1499 1479 1571 ὀφθαλμοῖς
1497 1501 1609 1555 τῶν
1628 1500 1889 1572 ὁρώντων

297 1596 670 1671 ἐπιφαίνεται.
730 1593 887 1647 Κατὰ
951 1591 1155 1660 ταύτην
1209 1590 1339 1658 γοῦν
1372 1589 1447 1653 ὡς
1477 1591 1597 1644 κατ’
1631 1592 1884 1663 ἀμυδρὰν

297 1690 509 1751 εἰκόνα,
542 1688 636 1741 καὶ
655 1688 688 1756 ἡ
717 1684 838 1739 Θεία
862 1685 955 1737 τοῦ
982 1682 1122 1737 Θεοῦ
1167 1683 1443 1753 ἐνέργεια,
1476 1684 1539 1736 οὐ
1566 1684 1667 1752 μία
1698 1684 1883 1754 μόνον,

296 1783 441 1836 ἀλλὰ
467 1781 564 1834 καὶ
595 1776 791 1831 πολλαὶ
818 1776 1111 1831 καλοῦνται
1148 1777 1300 1845 παρὰ
1333 1775 1445 1828 τῶν
1467 1774 1758 1843 θεολόγων,
1808 1775 1886 1838 ὡς

301 1967 624 2038 Πνεύματος
674 1963 855 2027 τίνες;
900 1961 1166 2031 Ἀρρητοι
1225 1959 1323 2027 μὲν
1372 1958 1462 2011 διὰ
1511 1957 1577 2011 τδ
1630 1957 1886 2026 μέγεθος,

301 2056 731 2131 ἀνεξαρίθμητοι
753 2054 811 2107 δὲ
839 2052 928 2105 διὰ
957 2052 1018 2105 τὸ
1052 2049 1283 2120 πλῆθος.
1320 2049 1445 2111 Πῶς
1473 2050 1582 2120 γὰρ
1603 2049 1891 2120 νοήσωμεν

300 2152 378 2204 τὰ
400 2149 510 2203 τῶν
537 2145 751 2202 αἰώνων
783 2145 1078 2209 ὲπέκεινας
1109 2142 1259 2205 τίνες
1290 2138 1431 2213 ἦσαν
1455 2140 1624 2194 αὑτοῦ
1650 2141 1759 2212 πρὸ
1791 2141 1892 2211 τῆς

303 2239 505 2312 νοητῆς
534 2238 766 2300 κτίσεως
803 2238 859 2288 αί
907 2235 1221 2306 ἐνέργειαις
1255 2231 1369 2304 Πρὸ
1399 2232 1530 2302 γοῦν
1561 2234 1661 2299 τῆς
1689 2232 1892 2304 νοητῆς

305 2335 544 2396 κτίσεως
592 2331 689 2385 καὶ
720 2328 830 2383 τῶν
872 2327 1088 2383 αἰώνων
1116 2327 1376 2380 ἐπέκεινα
1427 2325 1545 2398 (καὶ
1586 2327 1696 2396 γὰρ
1719 2325 1815 2379 καὶ
1840 2326 1891 2376 oi

305 2426 509 2487 αἰῶνες
561 2422 730 2493 νοητὰ
777 2417 1061 2489 κτίσματά
1090 2416 1223 2487 είσι)
1283 2416 1505 2471 κτιστδν
1552 2416 1733 2478 οὐδείς
1769 2414 1889 2468 ποτ’

303 2514 488 2582 εἶπεν,
519 2514 642 2568 οὑδὲ
674 2512 982 2579 ἐνενόησεν.
1017 2513 1301 2564 Ἀκτιστοι
1353 2507 1645 2579 τοιγαροῦν
1691 2508 1746 2561 αἱ
1794 2505 1890 2559 τοῦ

306 2611 461 2663 θείου
484 2606 801 2678 Πνεύματος
827 2605 1086 2674 δυνάμεις
1118 2620 1179 2656 τε
1209 2602 1306 2656 καὶ
1350 2602 1623 2671 ἐνέργειαι
1643 2617 1656 2631 ⁸
1683 2600 1762 2671 τῷ
1796 2600 1895 2653 καὶ

308 2700 512 2755 πολλαὶ
536 2697 924 2768 θεολογεῖσθαι,
949 2695 1264 2766 ἁμερίστως
1293 2694 1394 2764 τῆς
1438 2695 1570 2763 μιᾶς
1614 2694 1716 2746 καὶ
1759 2709 1895 2745 παν-

309 2799 560 2849 τάπασιν
619 2791 918 2862 ἀμερίστου
966 2788 1061 2841 τοῦ
1095 2786 1409 2857 Πνεύματος
1436 2784 1622 2849 οὐσίας
1655 2783 1896 2840 διαστελ-

306 2888 565 2957 λόμεναι.

404 2976 499 3041 ἦθ’.
554 2975 619 3028 Ἠ
643 2972 737 3027 τοῦ
764 2972 900 3027 Θεοῦ
942 2971 1196 3035 ἄκτιστος
1230 2970 1506 3040 ἐνέργεια,
1560 2966 1895 3040 μεριζομένη

307 3065 655 3135 ἀμερίστως,
689 3064 784 3116 καὶ
828 3060 1211 3133 πληθυντικῶς
1263 3059 1571 3131 προάγεται
1612 3059 1766 3128 παρὰ
1789 3056 1901 3110 τῶν

300 1784 441 1836 ἀλλὰ
467 1784 564 1834 καὶ
595 1784 791 1831 πολλαὶ
818 1784 1111 1831 καλοῦνται
1148 1784 1300 1845 παρὰ
1333 1784 1445 1828 τῶν
1467 1784 1758 1843 θεολόγων,
1808 1784 1886 1838 ως

300 1878 400 1927 καὶ
440 1871 716 1932 Βασίλειος
744 1868 776 1922 ό
819 1868 1014 1937 μέγας.
1068 1867 1134 1919 Ai.
1162 1865 1220 1920 δὲ
1267 1866 1561 1936 ἐνέργειαι,
1594 1868 1749 1936 φησὶ,
1790 1864 1887 1919 τοῦ

1998 1784 2137 1839 silius
2185 1799 2416 1853 magnus
2463 1801 2479 1838 :

2004 1878 2284 1933 neﬁ'abiles
2313 1876 2479 1937 quide

1974 591 2036 638 ut
2063 582 2241 638 dicam
2276 583 2420 638 sicut
2451 581 2748 650 Gregorius
2782 581 3088 648 'l'heologus
3135 582 3416 650 aptissime
3461 599 3558 635 vo-

1974 684 2167 757 catus,
2197 676 2544 731 mundandus
2600 689 2724 729 mox
2774 686 3111 744 persecutor,
3158 691 3320 745 quem
3369 690 3558 743 perse-

1973 768 2243 837 quebatur
2288 768 2449 837 vidit,
2494 783 2590 823 seu
2639 770 2819 838 potius
2867 782 3092 837 parvam
3139 783 3349 836 magnae
3398 768 3560 822 Lucis

1975 860 2294 918 scintillam.

2045 1046 2135 1104 68.
2173 1045 2362 1101 Divina
2404 1046 2623 1114 quidem
2669 1046 2904 1102 essentia
2952 1059 3229 1113 nunquam
3278 1042 3564 1113 pluraliter

1976 1140 2207 1199 dicitur;
2241 1153 2396 1192 saera
2429 1154 2558 1191 vero
2599 1148 2653 1191 ct
2691 1140 2928 1192 incrcata
2962 1137 3053 1190 Dei
3085 1138 3255 1207 gratia
3291 1147 3344 1188 et
3374 1150 3564 1202 opera-

1979 1231 2075 1297 tio,
2104 1228 2378 1282 indit-idne
2404 1229 2716 1290 distributa,
2741 1230 2806 1280 ad
2839 1229 3138 1296 imaginem
3165 1226 3361 1281 solaris
3396 1224 3557 1287 radii,

1979 1323 2071 1391 qui
2106 1330 2164 1376 et
2194 1320 2465 1386 calefacit,
2496 1330 2550 1375 et
2600 1320 2855 1381 illustrat,
2902 1328 2957 1374 et
2988 1319 3247 1384 viviﬁcat,
3281 1330 3334 1372 et
3369 1321 3560 1379 ntttrit,

1978 1425 2033 1467 et
2067 1414 2386 1468 illuminatis
2432 1413 2706 1483 propriam
2745 1412 2988 1466 imtuittit
3031 1413 3231 1477 lucem,
3285 1422 3340 1467 et
3390 1412 3564 1466 oculis

1980 1507 2283 1562 videntium
2334 1515 2562 1574 apparet
2603 1522 2616 1558 :
2658 1505 2724 1559 ad
2784 1504 2923 1558 lianc
2973 1506 3135 1573 igitur
3189 1504 3559 1559 obscufiorem

1979 1602 2156 1655 adhuc
2188 1599 2502 1669 imaginem,
2535 1607 2722 1655 sancta
2758 1598 2850 1652 Dei
2883 1599 3132 1667 operatio
3166 1614 3274 1652 non
3309 1615 3411 1651 una
3445 1606 3566 1650 tan.

1981 1699 2121 1755 tum,
2153 1689 2248 1744 sed
2284 1689 2564 1759 multiplex
2595 1699 2823 1743 vocatur
2868 1705 2897 1742 a
2949 1689 3235 1758 theologis,
3272 1698 3327 1740 ιιι
3360 1690 3434 1740 ait
3465 1689 3566 1740 Ba-

2532 1803 2551 1837 ι
2600 1783 2957 1850 Operationes
3008 1784 3234 1852 spiritus
3282 1783 3573 1852 quautam?

1981 1878 2284 1933 ineffabiles
2313 1876 2532 1945 quidem
2564 1887 2695 1932 sunt
2729 1877 2801 1931 ob
2829 1876 3280 1947 magnitudinem,
3309 1889 3359 1930 at
3404 1878 3565 1929 innit-

1981 1969 2271 2023 mcrabiles
2300 1970 2369 2024 ob
2401 1968 2828 2023 multitudinem.
2867 1969 3150 2034 Quomodo
3180 1972 3324 2023 enim
3365 1969 3566 2021 intelli-

1981 2076 2171 2131 gamus
2197 2076 2317 2129 qua:
2345 2068 2474 2114 sunt
2516 2061 2653 2115 ultra
2704 2061 2940 2116 smcnla?
2968 2061 3227 2128 Quaenam
3260 2072 3411 2115 erant
3451 2061 3568 2127 ejus

1982 2165 2113 2210 ante
2173 2155 2624 2210 inteilectualiutn
2698 2154 3033 2209 creationem
3111 2154 3492 2223 operationes?
3543 2173 3562 2205 ι

1985 2248 2156 2303 Porro
2187 2257 2314 2302 ante
2351 2246 2724 2317 intelligibiles
2756 2252 3038 2301 creaturas
3083 2254 3137 2300 ct
3184 2248 3321 2300 ultra
3371 2246 3571 2301 san-nia

1990 2342 2216 2410 (etenim
2269 2340 2389 2408 ipsa
2436 2340 2635 2395 sa‘cula
2685 2339 3054 2407 intelligihiles
3110 2350 3373 2393 creatura:
3422 2341 3571 2406 sunt)

1990 2446 2152 2486 nemo
2186 2431 2316 2502 quid
2363 2430 2613 2485 creatum
2658 2446 2896 2499 unquam
2956 2431 3090 2485 dixit
3147 2443 3242 2485 aut
3291 2431 3568 2501 cogitavit.

1990 2524 2227 2577 Increata
2265 2524 2428 2593 igitur
2458 2532 2587 2578 sunt
2619 2522 2790 2577 divini
2829 2522 3066 2592 Spiritus
3099 2524 3326 2577 virtutes
3354 2533 3406 2576 et
3440 2539 3572 2593 ope-

1989 2615 2266 2681 ratioues;
2302 2616 2394 2669 sed
2433 2615 2556 2683 quia
2595 2615 2776 2668 multa:
2826 2630 2853 2666 a
2893 2614 3153 2683 theologis
3189 2626 3571 2679 numerantur,
3658 2615 3665 2623 ’

1995 2707 2271 2761 iltt|i\idtte
2300 2709 2367 2760 a1)
2396 2722 2501 2759 una
2534 2716 2587 2761 et
2612 2708 2836 2761 omnino
2868 2707 3093 2761 indivisa
3125 2708 3360 2777 Spiritus
3387 2723 3575 2762 essen-

1992 2804 2062 2855 tia
2099 2801 2525 2856 distribuuntur.

2066 2984 2154 3042 69.
2190 2985 2433 3040 lncreata
2481 2984 2573 3038 Dei
2621 2984 2889 3055 operatio,
2920 2984 3200 3038 individne
3234 2984 3429 3049 divisa,
3461 2986 3579 3053 plu—

1996 3080 2184 3135 raliter
2230 3093 2258 3132 a
2309 3078 2577 3145 theologis
2663 3077 2988 3145 exhibetur,
3027 3086 3085 3133 ut
3136 3094 3296 3146 supra
3348 3077 3581 3133 Basilius

310 3155 606 3223 θεολόγων,
625 3154 700 3215 ὡς
730 3152 988 3222 ἀνωτέρω
1013 3152 1109 3206 καὶ
1141 3151 1408 3222 Βασιλείῳ
1430 3149 1509 3220 τῷ
1535 3150 1756 3220 μεγάλῳ
1782 3149 1897 3202 δια-

2005 3188 2238 3243 magnus
2270 3172 2525 3227 ostendit.
2557 3172 2658 3239 Qui
2707 3171 2872 3243 igitur
2902 3173 3079 3225 divina
3130 3181 3186 3227 et
3233 3171 3422 3226 dtiiica
3460 3172 3583 3226 illu-

311 3247 680 3318 τετρὰνωται.
722 3245 875 3296 Ἐπεὶ
920 3244 1102 3297 τοίνυν
1150 3242 1251 3296 καὶ
1287 3244 1324 3314 ἡ
1361 3242 1483 3295 θεία
1508 3241 1606 3294 καὶ
1653 3240 1900 3305 θεοποιός

314 3340 589 3407 ἒλλαμψις
635 3335 730 3389 καλ⁸
761 3337 920 3406 χάρις
967 3336 1069 3388 ούκ
1115 3335 1297 3399 ούσία,
1331 3332 1446 3387 ἀλλ’
1494 3334 1744 3404 ἐνέργειά
1785 3334 1903 3387 ἐστι

313 3428 484 3496 θεοῦ,
524 3429 614 3482 διὰ
651 3426 811 3480 τοῦτο
844 3425 942 3479 καὶ
972 3423 1114 3496 αῦτη
1154 3425 1216 3478 ού
1248 3424 1517 3495 χρονικῶς
1558 3426 1740 3494 μόνον,
1768 3424 1905 3479 ἀλλὰ

313 3523 422 3577 καὶ
475 3517 859 3591 πληθυντικῶς
915 3516 1257 3588 προάγεται,
1295 3515 1574 3583 ἀναλόγως
1612 3518 1724 3578 τοῖς
1770 3531 1904 3583 μετα

316 3619 514 3684 έχουσι
551 3609 934 3681 χορηγουμὲνη
958 3624 973 3640 ο
1015 3607 1108 3661 καὶ
1141 3606 1286 3661 κατὰ
1341 3608 1442 3676 τὴν
1486 3606 1904 3676 ἐπιτηδειότητα

316 3707 436 3759 τῶν
467 3701 906 3772 ὑποδεχομένων,
937 3700 1029 3752 ἐπὶ
1051 3699 1250 3771 μᾶλλον
1271 3698 1368 3753 καὶ
1392 3694 1553 3769 ἦττον
1568 3699 1773 3752 ἐνιεῐσα
1804 3701 1905 3771 τὴν

319 3798 577 3852 θεοποιὸν
606 3794 991 3865 λαμπρότητα.

398 3896 467 3943 ο¹.
497 3886 717 3950 Ταύτας
746 3887 844 3948 τὰς
895 3883 1201 3954 ἐνεργείας,
1238 3884 1382 3938 ἐπτὰ
1415 3885 1444 3938 ὁ
1486 3883 1713 3945 Ἡσαΐας
1758 3877 1901 3936 εἷπε.

324 3980 537 4036 Πολλὰ
569 3978 628 4032 δέ
663 3976 794 4047 παρ’
829 3975 1103 4046 Ἑϐραίοις
1135 3973 1391 4044 σημαίνει
1419 3974 1478 4027 τὸ
1507 3971 1667 4027 ἐπτά.
1702 3972 1906 4025 ι’Λνα-

323 4076 558 4144 ϐήσεται
581 4070 712 4140 γὰρ,
742 4067 900 4138 φησὶ,
931 4066 1125 4138 ῥάϐδος
1152 4068 1218 4119 ἐκ
1245 4065 1345 4135 τῆς
1369 4065 1525 4137 ῥίζης
1560 4059 1782 4127 Ἰεάσαὶ,
1809 4062 1908 4116 καὶ

324 4163 490 4226 ἄνθος
518 4161 578 4225 ἐξ
604 4160 771 4230 αὐτῆς
801 4158 1137 4229 ἀναϐήσεται
1156 4173 1170 4188 ⁸
1209 4158 1305 4210 καὶ
1338 4156 1787 4210 ἱπαναπαύσεται
1812 4155 1900 4207 ἐπ’

328 4255 495 4310 αὑτὸν
512 4251 656 4308 ἑπτὰ
671 4250 980 4322 πνεύματα’
1008 4248 1227 4320 πνεῦμα
1245 4249 1461 4320 σοφίας,
1475 4249 1760 4314 συνέσεως,
1775 4247 1910 4316 γνώ-

331 4358 493 4409 σεως,
520 4339 824 4405 εὐσεϐείας,
865 4339 1081 4409 βουλῆς.
1123 4338 1325 4410 ἰσχύος,
1367 4340 1553 4408 φοϐου.
1580 4358 1599 4391 ι
1626 4338 1811 4392 Ταῦτα
1838 4340 1910 4393 τὰ

331 4436 474 4491 ἑπτὰ
490 4433 798 4502 πνεύματα,
822 4431 1016 4484 κτιστὰ
1038 4430 1443 4501 φρενοϐλαϐῶς,
1463 4431 1513 4484 οἱ
1532 4433 1600 4484 τὰ
1624 4431 1732 4484 τῶν
1757 4432 1911 4502 αἱρε-

2001 3264 2229 3320 minatio
2276 3275 2334 3321 et
2383 3264 2556 3337 gratia
2612 3280 2718 3319 non
2763 3266 3024 3330 essentia,
3059 3267 3154 3321 sed
3201 3268 3446 3334 Operatio
3496 3276 3580 3321 est.

1999 3357 2112 3422 Dei,
2159 3357 2279 3412 ideo
2309 3368 2364 3412 et
2397 3357 2510 3426 ipsa
2561 3372 2669 3411 non
2720 3358 3095 3426 temporalitcr
3140 3367 3369 3423 tantum,
3405 3361 3498 3412 sed
3529 3369 3584 3413 et

1999 3449 2287 3519 pluraliter
2319 3458 2642 3511 pra-statur,
2698 3451 3110 3503 accmnmodato
3158 3448 3321 3516 data,
3376 3460 3430 3504 et
3482 3466 3581 3519 pro

1998 3539 2410 3607 suscipientium
2444 3548 2629 3609 captu,
2667 3540 2927 3611 majorem
2974 3541 3056 3595 vel
3108 3542 3369 3596 minorem
3417 3544 3579 3597 emit-

2001 3642 2119 3688 tens
2148 3632 2517 3702 splendorem.

2075 3895 2160 3949 70.
2196 3895 2318 3950 Illas
2345 3897 2695 3964 Operationes
2742 3908 2949 3966 septem
3002 3897 3170 3951 Isaias
3216 3898 3599 3968 cnnmeravit,

2001 4006 2167 4059 porro
2235 4002 2442 4058 septem
2513 3991 2653 4060 apud
2727 3991 2986 4048 "obrutos
3049 3994 3318 4058 significat
3390 3997 3580 4050 multa.

2006 4103 2027 4136 ι
2070 4083 2412 4151 Egredietur,
2451 4084 2648 4151 inquit,
2681 4086 2831 4154 virga
2864 4085 2931 4139 de
2970 4086 3152 4141 radio.-
3187 4085 3362 4153 Jesse,
3396 4100 3449 4141 et
3485 4088 3582 4145 ﬂos

2001 4178 2067 4231 de
2100 4176 2188 4231 illa
2227 4176 2499 4230 ascendet.
2547 4176 2612 4230 Et
2653 4177 2998 4246 requiescent
3028 4195 3193 4248 super
3221 4195 3340 4233 eum
3376 4194 3581 4251 St‘plelll

2002 4269 2227 4336 Spiritus
2264 4290 2277 4323 :
2310 4269 2538 4338 spiritus
2581 4270 2883 4337 sapientiae,
2939 4271 3266 4337 intellectus,
3315 4274 3579 4338 scientiae,

2004 4363 2242 4433 pietatis,
2273 4362 2507 4423 consilii,
2546 4360 2904 4425 fortitudinis,
2956 4365 3164 4418 timoris
3191 4366 3259 4419 ’9.
3312 4385 3330 4417 ι
3384 4364 3448 4420 ili
3493 4382 3582 4420 se-

2006 4462 2146 4522 νιυιιι
2182 4451 2407 4519 spiritus
2448 4465 2570 4504 esse
2600 4459 2813 4505 creatos
2848 4451 3011 4505 stulte
3045 4454 3378 4506 contendunt
3414 4457 3588 4505 hau-e-

330 4525 502 4580 τικῶν
537 4521 882 4592 φρονοῦντες,
918 4516 1059 4574 εἶναι
1108 4520 1485 4576 διατείνονται.
1526 4520 1632 4586 Οὓς
1665 4523 1768 4575 κάν
1797 4524 1897 4585 τοῖς

2007 4548 2237 4599 ticot'nm
2288 4553 2676 4597 assentatores.
2725 4543 2891 4608 Quos,
2929 4547 3105 4610 ampla
3153 4559 3339 4597 (‘Ol‘tlln
3385 4544 3587 4596 refuta-

331 4618 422 4671 διὰ
440 4615 676 4677 πλάτους
703 4612 839 4684 πρὸς
868 4612 1064 4675 αὐτοὺς
1100 4612 1273 4683 Ἀντιῤ
1286 4614 1528 4684 ρητικοῖς
1559 4612 1909 4683 προσθέντες,

333 4708 573 4779 διαρκῶς
603 4704 1018 4773 ἁπηλέγξαμεν.
1076 4703 1237 4757 Ἀλλὰ
1270 4704 1367 4756 καὶ
1398 4704 1697 4774 Γρηγόριος
1719 4706 1746 4756 ὁ
1784 4702 1914 4756 Θεο-

336 4805 516 4870 λόγος,
547 4799 655 4853 τῶν
689 4796 852 4851 θείων
889 4796 1094 4849 τούτων
1127 4795 1221 4847 τοῦ
1272 4792 1588 4861 Πνεύματος
1619 4792 1911 4861 ἐνεργειῶν

341 4893 624 4966 μνησθεὶς,
647 4892 758 4953 Τὰς
775 4887 1082 4958 ἐνεργείας,
1108 4886 1266 4955 φησὶ,
1286 4883 1380 4937 τοῦ
1401 4882 1715 4952 Πνεύματος
1743 4882 1910 4935 πνεύ-

342 5004 486 5057 ματα
526 4984 677 5052 φίλον
715 4980 794 5050 τῷ
833 4978 1034 5049 Ἡσαΐᾳ
1072 4975 1274 5030 καλεῖν.
1320 4976 1427 5029 Καὶ
1458 4975 1621 5039 αὐτὸς
1659 4974 1717 5028 δὲ
1744 4976 1772 5028 ὁ
1803 4973 1913 5028 τῶν

339 5074 638 5146 προφητῶν
680 5069 1216 5143 μεγαλοφωνότατος,
1251 5067 1311 5119 ού
1335 5066 1433 5135 τὴν
1462 5066 1597 5136 πρὸς
1624 5065 1722 5136 τὴν
1760 5065 1909 5119 θείαν

342 5168 504 5236 μόνον
541 5163 730 5217 ούσὶαν
759 5161 1023 5229 διαφορὰν
1063 5156 1308 5228 ἐναργῶς
1340 5154 1510 5236 ἔδειξε
1539 5154 1628 5207 διὰ
1660 5153 1755 5207 τοῦ
1778 5156 1903 5227 ἀρι-

327 5235 495 5316 θμοῦ,
519 5244 655 5297 ἀλλὰ
681 5241 776 5295 καὶ
811 5240 876 5293 τὸ
918 5239 1170 5292 ἅκτιστον
1203 5236 1313 5290 τῶν
1348 5235 1508 5288 θείων
1535 5237 1741 5288 τούτων
1766 5251 1913 5303 παρ-

330 5339 565 5406 έστησεν
597 5331 909 5405 ἐνεργειῶν,
944 5330 1032 5384 διὰ
1056 5330 1156 5399 τῆς
1190 5326 1284 5382 τοῦ
1313 5326 1757 5382 ἐπαναπαύεσοαι
1791 5344 1906 5396 φω-

321 5429 451 5497 νῆς.
481 5428 555 5480 Τὸ
581 5425 690 5496 γὰρ
721 5421 1175 5477 ὲπαναπαύεσοαι
1223 5417 1554 5490 ὑπεροχικοῦ
1593 5418 1908 5487 ἀξιώματός

323 5523 469 5573 ἐστι.
502 5519 584 5572 Τὰ
608 5517 701 5570 οὖν
729 5513 1197 5584 ὲπαναπαυὸμενα
1248 5510 1343 5565 sui.
1378 5513 1438 5564 τὸ
1469 5512 1597 5583 παρ’
1629 5513 1787 5582 ἡμῶν
1813 5515 1911 5563 Δε-

332 5609 600 5664 οποτικὸν
622 5610 797 5661 ἐκεῖνο
823 5605 1179 5676 πρόσλημμα,
1212 5603 1421 5668 πῶςᾶν
1452 5601 1563 5655 εἷεν
1594 5603 1907 5674 Hispana;

398 5828 449 5862 ²⁹
478 5827 564 5883 lsa
599 5844 669 5895 ιι,
711 5828 825 5882 1-2.

2009 4640 2217 4690 talione
2248 4637 2428 4689 adhuc
2461 4635 2711 4697 adaucta,
2747 4634 3081 4688 suilirienter
3112 4633 3429 4688 reiellimus.
3477 4633 3583 4687 Sed

2007 4727 2230 4797 insuper
2263 4727 2558 4796 Gregorius
2586 4724 2917 4796 Tlteologus,
2950 4725 3164 4778 divinas
3194 4724 3311 4777 illas
3356 4724 3587 4793 Spiritus

2006 4819 2353 4889 operationes
2387 4832 2697 4873 memorans
2725 4832 2742 4872 :
2775 4835 2794 4868 ι
2833 4816 3071 4885 Spiritus
3106 4820 3473 4886 Operatiows,
3506 4820 3590 4872 itt-

2008 4912 2153 4980 quit,
2186 4911 2411 4979 spiritus
2435 4924 2633 4964 vocare
2671 4908 2822 4963 lsaize
2852 4909 3032 4963 libuit.
3064 4928 3082 4959 ι
3112 4911 3229 4978 Ipse
3260 4920 3436 4963 autem
3466 4927 3588 4980 pro-

2008 5005 2293 5070 phetarum
2325 5002 2770 5064 sublintissimus,
2805 5015 2910 5055 non
2957 5003 3132 5054 solum
3183 5017 3274 5055 eas
3311 5003 3528 5057 diﬂ‘erre
3559 5020 3588 5055 a

2010 5094 2193 5148 divina
2227 5093 2464 5148 essentia
2497 5093 2641 5147 clare
2673 5093 2909 5146 ostendit
2937 5108 3032 5161 per
3066 5109 3379 5157 numerum,
3411 5096 3502 5147 sed
3535 5104 3591 5148 et

2011 5185 2282 5241 incrcatas
2316 5201 2437 5241 esse
2478 5185 2581 5240 itas
2620 5186 2831 5240 divinas
2866 5186 3213 5255 operationcs
3245 5188 3589 5241 demonstra-

2003 5280 2080 5333 vit
2109 5279 2210 5334 hac
2239 5294 2391 5344 voce,
2428 5296 2447 5328 ι
2484 5280 2791 5347 requiescet
2821 5294 2984 5347 super
3007 5293 3151 5335 eum.
3190 5299 3207 5330 ι
3242 5276 3370 5329 Nam
3401 5292 3590 5345 snper-

2006 5373 2352 5440 requiesrere
2385 5382 2469 5427 est
2517 5372 2896 5428 etuinentioris
2931 5371 3228 5441 dignitatis.
3262 5368 3390 5433 Quae
3426 5369 3589 5436 igitur

2007 5465 2357 5533 requiescunt
2412 5480 2578 5534 super
2629 5467 2955 5520 dominicam
3012 5467 3149 5518 hanc
3206 5468 3458 5514 naturam
3514 5474 3588 5515 ex

2005 5554 2163 5610 nobis
2193 5565 2554 5625 assumptam,
2591 5557 2865 5625 qumnodo
2907 5563 3088 5627 essent
3118 5552 3343 5608 creata?
