3988 6522
483 391 624 459 11⁵11

1737 384 2128 468 onEGontI
2174 389 2504 451 cautus

3602 393 3722 460 117?.

545 506 642 561 Ἠ.
683 503 946 560 Dominus
994 510 1181 556 noster
1232 498 1392 554 Jesus
1441 497 1713 562 Christus,
1769 497 2066 551 secundum

2236 511 2335 558 ω’.
2373 505 2430 558 Ὀ
2479 505 2684 575 Κύριος
2717 498 2874 575 ἡμῶν
2915 503 3123 573 Ἰησοῦς
3168 505 3418 576 Χριστὸς,
3461 508 3598 560 κατᾶ
3633 510 3719 578 μὲν

479 599 708 664 Lucam,
740 596 874 652 dicit
908 612 962 650 se
990 596 1044 648 in
1077 593 1246 661 digito
1274 591 1368 646 Dei
1412 590 1613 660 ejicere
1644 590 1940 654 daemonia;
1976 603 2068 644 se-

480 693 712 746 cundum
747 689 1056 743 Mattharum
1106 701 1256 751 ri-ro,
1308 684 1363 739 in
1402 684 1608 754 Spiritu
1672 682 1785 738 Dei.
1833 683 2068 751 Digitum

479 799 641 856 porro
674 783 765 836 Dei
796 794 1023 849 magnus
1053 778 1292 834 Basilius
1324 775 1457 832 dicit
1490 790 1615 833 esse
1649 791 1810 829 unam
1843 776 2071 844 spiritus

477 875 870 944 operationem.
919 870 974 922 Si
1013 885 1142 938 ergo
1188 870 1380 923 harum
1429 882 1534 919 una
1571 865 1809 935 Spiritus
1845 877 2072 921 sanctus

479 978 581 1034 est,
617 966 734 1019 alia:
779 965 942 1018 etiam
973 961 1216 1031 profecto
1240 970 1388 1026 sunt,
1416 971 1474 1014 ttt
1505 962 1644 1014 idem
1681 961 1857 1014 adhuc
1883 958 2072 1013 docuit

478 1075 614 1124 nos;
647 1057 742 1112 sed
792 1070 896 1108 non
929 1053 1054 1108 ideo
1081 1052 1237 1107 multi
1272 1051 1363 1106 Dei
1400 1060 1493 1106 aut
1527 1051 1681 1105 multi
1736 1059 1865 1104 sunt
1896 1050 2064 1120 spiri-

478 1165 586 1206 tus.
618 1150 754 1205 Nam
786 1148 888 1202 illa:
919 1158 1048 1200 sunt
1079 1161 1364 1216 processus
1405 1145 1983 1212 manifestationesque
2011 1150 2070 1197 et

478 1243 762 1298 naturales
810 1240 1043 1295 virtutes
1095 1239 1256 1292 unius
1289 1238 1536 1308 spiritus,
1575 1247 1630 1291 et
1676 1252 1812 1289 unus
1845 1247 1928 1290 est
1975 1250 2072 1304 per

479 1337 723 1407 singulas
759 1347 1013 1404 operans.
1052 1331 1157 1388 Sed
1210 1330 1552 1393 beterodoxi,
1592 1330 1706 1384 haec
1735 1343 1859 1382 esse
1892 1341 2071 1382 creata

478 1430 730 1484 dicentes
775 1427 986 1494 septies
1018 1427 1084 1480 ad
1121 1440 1428 1479 creaturam
1467 1425 1720 1493 spiritum
1757 1422 1846 1476 Dei
1889 1423 2071 1490 depri-

478 1522 834 1590 muntcErgo
865 1521 1198 1574 erubescmt
1239 1519 1460 1586 septies.
1515 1516 1650 1570 Nam
1703 1531 1895 1571 rursus
1943 1531 2070 1584 pro-

480 1615 639 1683 pheta
694 1615 787 1682 qui
841 1613 908 1667 de
944 1612 1046 1666 illis
1074 1611 1211 1666 dixit
1245 1625 1260 1665 :
1306 1627 1323 1661 ι
1366 1611 1589 1679 Septem
1645 1610 1730 1664 isti
1766 1609 1906 1663 oculi
1943 1617 2074 1661 sunt

481 1706 728 1767 Domini,
766 1705 860 1773 qui
911 1704 1225 1759 discurrunt
1258 1703 1310 1756 in
1356 1703 1666 1757 universam
1704 1711 1906 1761 terram
1935 1701 2003 1752 ³ο.
2046 1718 2064 1750 ι

481 1795 544 1848 Et
577 1796 666 1863 qui
703 1798 755 1848 in
795 1795 1120 1864 Apocalypsi
1153 1795 1344 1849 scribit
1376 1810 1392 1849 ;
1431 1813 1448 1845 ι
1487 1794 1673 1850 Gratia
1703 1795 1856 1848 vobis
1887 1803 1942 1846 et
1962 1806 2064 1860 pax

2163 599 2256 652 τὸν
2299 599 2553 661 Λουκᾶν,
2599 598 2658 650 ἐν
2710 596 2962 666 δακτύλῳ
2995 596 3130 666 φησὶ
3167 597 3301 650 Θεοῦ
3351 598 3628 653 ἐκϐάλλειν
3663 605 3723 656 ei

2163 690 2446 758 δαιμόνιαο
2480 689 2620 744 κατὰ
2651 689 2710 742 δὲ
2741 689 2831 742 τὸν
2859 687 3158 751 Βίατοαῖον,
3191 691 3247 742 ἐν
3276 691 3552 761 Πνεὺματι
3580 691 3724 748 Θεοῦ.

2167 781 2441 834 Δάκτυλον
2480 781 2536 834 δέ
2569 797 2704 849 φησι
2729 779 2866 834 Θεοῦ
2895 782 2922 833 6
2955 780 3127 850 μέγας
3156 779 3432 844 Βασίλειος
3484 782 3609 850 μίαν
3630 783 3724 835 τῶν

2166 873 2260 926 τοῦ
2295 871 2614 942 Πνεῦματος
2650 873 2958 943 ἐνεργειῶν.
3008 874 3070 925 Εἰ
3113 872 3205 926 οὖν
3245 873 3276 942 ἡ
3312 874 3407 942 μία
3451 873 3650 926 τούτων
3674 877 3726 927 re

2169 964 2394 1036 Πνεῦμα
2424 967 2484 1018 τὸ
2519 965 2678 1033 ἅγιόν
2714 967 2852 1028 ἐστι,
2897 964 2992 1018 καὶ
3029 965 3085 1017 αί
3123 965 3278 1018 ἄλλαι
3309 967 3564 1029 πάντως·
3599 967 3666 1029 ὡς
3704 971 3727 1019 ὁ

2167 1056 2329 1120 αὐτὸς
2373 1056 2469 1108 καὶ
2511 1056 2656 1108 τοῦτ’
2692 1055 2931 1121 ἐδίδαξεν
2974 1055 3145 1126 ἡμᾶς,
3176 1055 3290 1108 ἀλλ’
3328 1056 3385 1107 οὐ
3437 1055 3529 1108 διὰ
3592 1055 3727 1108 τοῦτο

2168 1147 2353 1201 πολλοὶ
2384 1147 2520 1212 Θεοί,
2546 1147 2580 1218 ἦ
2614 1146 2785 1200 πολλὰ
2816 1147 3102 1217 πνεύματά
3132 1149 3270 1208 ἐστι.
3295 1146 3520 1219 Πρόοδοι
3546 1146 3644 1219 γὰρ
3674 1149 3727 1201 τὰ

2169 1238 2414 1304 τοιαῦτα,
2445 1239 2542 1292 καὶ
2593 1239 2908 1308 ἐκφάνσεις,
2942 1239 3037 1291 καὶ
3081 1239 3352 1310 ἐνέργειαι
3388 1239 3617 1308 φυσικαὶ
3651 1239 3728 1292 τοῦ

2169 1331 2286 1392 ἐνὸς
2327 1331 2646 1400 Πνεῦματός
2694 1333 2840 1384 είσι’
2887 1333 2980 1385 καὶ
3023 1332 3089 1384 δι’
3137 1333 3376 1401 ἑκάστης
3429 1333 3491 1386 ἓν
3537 1335 3645 1385 ἐστι
3682 1333 3729 1384 τὸ

2167 1418 2449 1489 ἐνεργοῦν.
2475 1421 2538 1472 Οἱ
2573 1419 2629 1472 δὲ
2655 1420 2959 1486 κακόδοξοι,
2987 1422 3260 1492 κτίσματα
3284 1421 3460 1475 ταῦτα
3479 1422 3728 1489 λέγοντες,

2169 1509 2563 1572 ἐπταπλασίως
2602 1511 2684 1570 είς
2715 1510 2921 1580 κτίσμα
2951 1510 3012 1564 τὸ
3049 1510 3275 1580 Πνεῦμα
3305 1509 3628 1563 κατασπῶσι
3654 1509 3729 1561 τοῦ

2168 1600 2327 1654 Θεοῦ.
2371 1602 2513 1655 Ἀλλ’
2570 1603 3018 1672 αίσχυνέσθωσαν
3071 1603 3480 1666 ἐπταπλασίως.
3545 1603 3600 1656 ’0
3643 1603 3730 1674 γὰρ

2169 1691 2342 1746 εἰπὼν
2367 1693 2525 1756 αὖθις
2559 1695 2847 1765 προφήτης
2881 1695 3009 1767 περὶ
3041 1696 3240 1758 αὐτῶν,
3270 1696 3344 1759 ὡς
3376 1714 3396 1747 ι
3418 1695 3590 1748 Ἑπτὰ
3610 1688 3732 1747 οὗτοι

2112 1810 2133 1858 ξ
2169 1785 2444 1856 ὀφθαλμοὶ
2482 1787 2690 1858 Κυρίου
2725 1789 2886 1853 εἰσιν,
2923 1790 2972 1841 οἱ
3007 1787 3394 1850 ἐπιϐλέποντες
3437 1789 3533 1840 ἐπὶ
3576 1791 3734 1842 πᾶσαν

483 1904 508 1942 tt
546 1885 676 1950 Deo,
730 1897 783 1941 et
837 1901 866 1939 ιι
919 1896 1128 1955 septem
1183 1886 1468 1954 Spit-ilibus
1516 1885 1608 1953 qui
1659 1887 1710 1938 in
1765 1891 2062 1952 conspectu

2177 1876 2267 1948 τὴν
2293 1855 2397 1946 γῆν
2415 1894 2428 1906 ·
2461 1895 2480 1927 ι
2509 1855 2604 1931 καὶ
2633 1881 2664 1930 6
2687 1881 2744 1931 ἐν
2769 1882 2834 1948 τῇ
2870 1878 3234 1950 Ἀποκαλύψει
3260 1880 3514 1950 γράφων,
3548 1899 3566 1930 ι
3584 1878 3734 1948 Χάρις

481 1979 660 2033 throni
707 1980 824 2048 ejus
855 1989 1002 2046 sunt,
1035 1988 1090 2032 et
1136 1994 1166 2032 a
1214 1978 1341 2034 Jesu
1376 1977 1604 2033 Christo
1625 1978 1693 2041 ³⁸,
1740 1997 1757 2027 ι
1799 1978 1912 2031 haec
1943 1991 2064 2030 esse

483 2073 728 2143 Spiritum
760 2081 1008 2126 sanctum
1047 2073 1294 2126 ﬁdelibus
1323 2071 1469 2127 clare
1497 2070 1811 2124 ostendunt.

556 2338 646 2394 7'2.
699 2339 839 2392 Deus
883 2335 1064 2401 i’alel‘,
1117 2351 1210 2404 per
1247 2335 1524 2391 Miclneam
1562 2336 1883 2402 prophetam
1935 2349 2070 2403 pra:-

487 2431 732 2486 nuntiata
783 2428 1055 2499 Unigeniti
1103 2427 1308 2482 carnali
1343 2427 1645 2489 nativitate,
1675 2426 1864 2482 volens
1903 2427 2069 2480 etiam

486 2525 770 2578 ostendere
801 2521 1134 2575 divinitatem
1165 2519 1283 2590 ejus
1319 2535 1440 2575 esse
1467 2519 1585 2574 sine
1619 2519 1920 2588 principio;
1953 2537 1970 2569 ι
2008 2518 2073 2571 Ει

486 2633 739 2687 egressus
774 2615 918 2688 ejus,
967 2614 1160 2686 inquit,
1197 2616 1262 2669 ab
1314 2614 1488 2681 initio,
1539 2629 1568 2667 a
1621 2614 1811 2668 diebus
1855 2615 2073 2668 aeterni-

486 2711 610 2764 tatis
639 2711 706 2765 ³².
739 2710 848 2764 11οε
897 2717 1076 2763 autem
1117 2721 1370 2776 egressus
1407 2690 1757 2776 operatioues
1787 2720 1908 2760 esse
1937 2707 2075 2759 divi-

489 2802 677 2856 uitatis
723 2802 831 2857 divi
880 2802 1069 2857 Patres
1113 2802 1592 2855 existimaverunt.
1646 2796 1740 2851 lla:
1771 2807 1901 2852 sunt
1927 2797 2073 2852 enim

488 2896 683 2958 Patris,
717 2906 769 2950 et
801 2894 941 2962 Filii,
982 2905 1035 2949 et
1099 2894 1338 2964 Spiritus
1383 2892 1559 2947 sancti
1604 2892 1832 2945 virtutes
1867 2901 1921 2944 et
1948 2906 2077 2959 ape-

490 2989 730 3042 rationcs
759 3006 773 3043 :
810 3004 949 3057 quas
977 2995 1193 3042 creatas
1224 3000 1344 3041 esse
1390 2985 1689 3054 praedicant
1721 2985 1811 3052 qui
1859 2983 2077 3038 intreti-

489 3095 675 3132 corum
709 3078 1014 3132 doctrinam
1059 3077 1304 3144 proliteri
1340 3085 1396 3130 et
1427 3075 1706 3130 vindicare
1739 3076 1980 3130 student.
2011 3078 2080 3127 At

491 3184 611 3226 sero
643 3172 858 3224 tandem
889 3170 1274 3239 resipiscentes
1325 3169 1638 3238 intelligant
1687 3169 1814 3239 quis
1863 3168 1936 3222 sit
1983 3168 2075 3236 qui

492 3269 560 3318 ab
587 3265 738 3318 initio
766 3273 872 3328 est,
905 3263 1024 3334 quis
1053 3263 1118 3318 ad
1153 3276 1312 3334 quem
1344 3262 1476 3319 dicit
1501 3261 1666 3315 David
1697 3280 1710 3315 :
1749 3281 1766 3312 ‹
1808 3263 1846 3314 Α
1879 3260 2077 3315 saeculo

492 3360 607 3416 t'seu
639 3357 782 3426 quod
831 3357 973 3411 idem
1009 3366 1112 3422 est,
1144 3372 1174 3410 ιι
1211 3357 1401 3412 diebus
1431 3353 1778 3424 mteruitatis)
1819 3368 1986 3422 usque
2023 3354 2074 3405 in

492 3450 746 3506 saeculum
781 3460 832 3504 ιιι
866 3463 924 3505 es
959 3449 1041 3517 ³³;
1082 3468 1100 3502 ι
1151 3461 1206 3505 et
1251 3459 1458 3504 attente
1499 3448 1871 3513 considerent,
1905 3447 1948 3500 si
1986 3462 2080 3502 ve-

491 3545 612 3610 lint,
649 3543 837 3609 Demn,
877 3543 966 3614 qui
1006 3558 1102 3612 per
1139 3543 1457 3613 prophetam
1492 3541 1632 3596 dixit
1665 3554 1918 3611 egressus
1955 3539 2078 3594 illos

505 3649 627 3689 esse
659 3635 727 3687 ab
760 3634 936 3696 initio,
985 3634 1173 3688 nullihi
1205 3633 1386 3687 dicere
1411 3632 1531 3685 illos
1564 3632 1732 3686 factos
1763 3631 2080 3700 productos-

491 3740 558 3779 νε
591 3734 683 3779 aut
704 3735 914 3779 creatos
965 3739 1104 3779 esse.
1130 3721 1194 3776 Et
1217 3724 1271 3776 in
1307 3723 1498 3793 spiritu
1524 3722 1615 3775 Dei
1646 3722 1824 3776 divina
1853 3723 2079 3790 loquens

493 3819 748 3886 Basilius,
784 3835 889 3872 non
944 3818 1100 3880 dixit,
1129 3815 1308 3870 Facta:
1352 3824 1500 3880 sinit,
1532 3817 1624 3870 sed
1663 3832 1677 3871 :
1713 3834 1730 3866 ι
1774 3815 1960 3880 Erant,
1994 3817 2078 3869 iu-

493 3915 629 3984 quit,
665 3914 889 3985 spiritus
920 3911 1271 3982 operationes
1305 3918 1432 3965 ante
1463 3909 1835 3977 iutclligibiles
1866 3916 2080 3963 creatu-

493 4020 604 4070 ras,
635 4015 691 4060 et
725 4004 862 4058 ultra
893 4001 1110 4060 srecula.
1151 4020 1170 4055 ι
1209 3999 1370 4056 Solus
1405 3999 1569 4071 igitur
1610 4000 1752 4056 Deus
1783 4002 1850 4055 ab
1879 4008 2081 4053 aeterno

495 4111 732 4166 oper-aus
791 4107 845 4151 et
897 4097 1280 4164 omnipotens,
1313 4101 1475 4164 prout
1521 4093 1827 4148 anteriores
1869 4092 2083 4148 saeculis

494 4192 697 4247 habens
725 4192 954 4245 virtutes
991 4201 1046 4244 et
1081 4191 1449 4259 operatioues.

567 4457 655 4510 75.
685 4455 880 4510 Dicunt
925 4465 1236 4511 sanctorum
1277 4455 1561 4513 evidenter
1616 4455 2082 4520 contradictores,

2174 1972 2308 2038 ἡμῖν
2342 1971 2438 2024 καὶ
2479 1972 2671 2044 εἰρήνη
2710 1971 2818 2024 ἀπὸ
2843 1972 3002 2037 Θεοῦ,
3036 1973 3129 2025 καὶ
3155 1973 3263 2025 ἀπὸ
3287 1973 3394 2025 τῶν
3429 1973 3570 2025 ἐτττὰ
3592 1989 3733 2024 πνεν·

2177 2064 2384 2130 μάτων,
2416 2063 2452 2116 ἃ
2489 2062 2722 2116 ἐνώπιον
2776 2063 2870 2116 τοῦ
2931 2063 3124 2134 θρόνου
3160 2064 3254 2118 τοῦ
3308 2065 3447 2118 Θεοῦ
3492 2067 3613 2130 είσι,
3658 2066 3733 2119 καὶ

2172 2155 2280 2209 ἀπὸ
2307 2154 2402 2209 τοῦ
2432 2155 2704 2225 Χριστοῦ·
2735 2175 2753 2206 ι
2777 2155 2838 2209 τὸ
2869 2157 3093 2226 Πνεῦμα
3122 2157 3181 2210 τὸ
3208 2157 3364 2226 ἆγιον
3393 2153 3540 2213 εἶναι
3562 2158 3730 2222 ταῦτα,

2174 2250 2287 2312 τοῖς
2321 2251 2538 2312 πιστοῖς
2569 2250 2829 2320 ἐμφανῶς
2865 2251 3216 2321 παρίστησιν.

2243 2341 2343 2411 οβ’.
2381 2343 2440 2395 ὐ
2469 2341 2600 2405 Θεὸς
2628 2345 2722 2395 καὶ
2746 2342 2957 2412 Πατὴρ,
2982 2343 3068 2396 διὰ
3095 2344 3329 2415 Μιχαίου
3352 2345 3451 2397 τοῦ
3480 2345 3731 2416 προφήτου

2176 2434 2640 2502 προκαταγγέλων
2663 2434 2758 2504 τὴν
2775 2434 2867 2486 τοῦ
2897 2434 3236 2503 Μονογενοῦς
3265 2436 3403 2489 κατὰ
3427 2436 3610 2507 σάρκα
3630 2436 3728 2503 γένη

2177 2541 2350 2592 νησιν,
2388 2523 2713 2594 βουλόμενος
2739 2523 3006 2589 ἐπιδεῖξαι
3036 2526 3130 2578 καὶ
3167 2527 3266 2596 τῆς
3296 2527 3553 2598 θεότητος
3591 2529 3728 2581 αὑτοῦ

2179 2616 2240 2668 τὸ
2262 2616 2517 2687 ἄναρχον,
2549 2637 2567 2669 ι
2594 2620 2703 2673 Καὶ
2735 2621 2796 2672 αἱ
2827 2619 2994 2684 ἔξοδοι
3023 2619 3211 2680 αὐτοῦ,
3240 2621 3427 2691 φησὶν,
3463 2622 3556 2676 ἀπ’
3584 2621 3732 2692 ἀρχῆς

2181 2707 2240 2772 ἐξ
2287 2710 2511 2780 ἡμερῶν
2579 2710 2795 2774 αἰῶνος.
2835 2730 2854 2762 ι
2890 2711 3002 2774 Τὰς
3047 2712 3105 2765 δὲ
3160 2713 3377 2778 ἐξόδους
3423 2714 3619 2776 ταύτας
3653 2713 3731 2775 τὰς

2181 2798 2465 2867 ἐνεργείας
2497 2797 2638 2852 εἶναι
2680 2800 2778 2870 τῆς
2821 2800 3098 2870 Θεότητος,
3138 2803 3189 2855 οἱ
3234 2803 3368 2855 Θείοι
3407 2804 3638 2873 Πατέρες
3665 2802 3730 2866 ἐξα

2181 2893 2478 2960 ηγήσαντο.
2528 2892 2700 2946 Λύταὶ
2760 2894 2869 2964 γάρ
2923 2894 3028 2946 είσι
3079 2894 3175 2947 τοῦ
3228 2895 3476 2966 Πατρὸς,
3525 2898 3613 2949 καὶ
3656 2894 3730 2947 τοῦ

2182 2983 2338 3049 Υίοῦ,
2380 2984 2476 3038 καὶ
2533 2985 2628 3038 τοῦ
2678 2986 2838 3055 ἁγίου
2896 2985 3216 3055 Πνεῦματος
3263 2988 3523 3058 δυνάμεις
3555 3006 3610 3042 τε
3657 2988 3732 3040 καὶ

2184 3074 2479 3146 ἐνέργειαι·
2527 3077 2595 3139 ἃς
2634 3076 2861 3140 κτιστὰς
2892 3072 3032 3130 εἶναι
3068 3080 3572 3149 περιαγγέλλουσιν,
3604 3081 3648 3133 oi
3679 3080 3732 3132 τὰ

2181 3168 2289 3220 τῶν
2321 3169 2628 3228 κακοδόΞων
2664 3171 2886 3240 φρονεῖν
2920 3187 2980 3222 τε
3031 3171 3126 3223 καὶ
3162 3171 3473 3226 ἐπεκδικεῖν
3525 3171 3730 3226 σπονδὰ-

2184 3257 2387 3322 ζοντες.
2412 3258 2548 3312 Ἀλλ’
2579 3259 2677 3329 ὀψέ
2710 3277 2841 3314 ποτε
2872 3259 3130 3322 λαϐόντες
3169 3261 3295 3316 νοῦν
3322 3265 3634 3326 συνίτωσαν,
3664 3264 3730 3324 τίς

2181 3351 2211 3401 6
2259 3352 2354 3404 ἀπ’
2404 3351 2580 3422 ἀρχῆς
2630 3350 2742 3404 ῶν·
2775 3352 2858 3415 τίς
2890 3352 3026 3425 πρὸς
3078 3354 3137 3406 ὃν
3190 3371 3356 3425 φησιν
3399 3359 3429 3410 6
3468 3357 3731 3424 Aab’i6,6‘:t

2192 3460 2210 3491 ι
2251 3442 2383 3495 Ἀπὸ
2413 3441 2506 3494 τοῦ
2555 3443 2753 3506 αίῶνος
2797 3461 2817 3495 ι
2861 3444 2927 3516 (τ’
2975 3445 3106 3498 αὐτὸ
3149 3446 3195 3498 δ’
3226 3450 3421 3513 εἰπεῖν,
3452 3450 3509 3516 ἐξ
3543 3447 3730 3521 ἡμερῶν

2184 3534 2424 3607 αἰῶνος),
2460 3554 2479 3586 ι
2524 3538 2620 3590 καὶ
2643 3537 2748 3600 ἓως
2777 3537 2871 3591 τοῦ
2901 3539 3097 3603 αἰῶνος
3132 3541 3195 3594 συ
3225 3539 3309 3595 εἴ·
3346 3562 3366 3595 ι
3402 3544 3498 3596 καὶ
3532 3541 3730 3602 συνετῶς

2186 3630 2586 3695 σκοπείτωσαν,
2629 3631 2678 3682 εί
2709 3629 3016 3700 βούλονται,
3046 3631 3122 3696 ὠς
3157 3634 3185 3686 6
3223 3633 3353 3698 Θεὸς
3383 3635 3474 3688 διὰ
3502 3634 3590 3688 τοῦ
3619 3649 3730 3703 προ·

2186 3722 2362 3790 φήτου
2408 3723 2504 3774 ἀπ’
2539 3723 2716 3793 ἀρχῆς
2761 3722 2934 3778 εἰπὼν
2983 3724 3084 3788 τὰς
3124 3725 3340 3792 ἐξόδους
3371 3727 3569 3789 ταύτας
3595 3721 3728 3785 εἶναι,

2185 3814 2498 3884 ἐγένοντοῆ
2553 3815 2911 3885 ἐποιήθησαν,
2946 3815 2978 3888 ἢ
3017 3817 3366 3888 ἐκτίσθησαν,
3411 3816 3560 3872 εἶπεν
3602 3818 3729 3870 οὐδα-

2189 3906 2328 3976 μῶς.
2370 3909 2476 3960 Καὶ
2510 3909 2541 3959 6
2586 3908 2645 3960 ἐν
2676 3908 2959 3980 Πνεύματι
2993 3909 3126 3962 Θεοῦ
3157 3910 3420 3979 θεολογῶν
3464 3912 3726 3973 Βασίλειος,

2186 4002 2311 4063 οὐκ,
2353 4000 2657 4068 Ἐγένοντο,
2695 4000 2834 4066 ἀλλ’,
2869 4021 2889 4054 ‹
2925 3997 3128 4066 ’Ἦσαν,
3163 3998 3337 4066 εἶπεν,
3368 4007 3423 4056 αί
3454 4003 3546 4057 τοῦ
3589 4000 3726 4058 Πνεῦ-

2192 4107 2362 4160 ματος
2395 4091 2674 4161 ἐνέργειαι
2723 4093 2832 4164 πρὸ
2872 4093 2972 4164 τῆς
3017 4094 3216 4164 νοητῆς
3247 4096 3499 4160 κτίσεως,
3533 4093 3726 4148 καὶτῶν

2191 4182 2404 4236 αἰώνων
2461 4184 2739 4238 ἐπέκεινα.
2779 4202 2797 4236 ι
2847 4185 3026 4248 Μόνος
3080 4185 3173 4240 οὖν
3216 4187 3245 4239 ὁ
3294 4187 3424 4252 Θεὸς
3462 4189 3518 4254 ἐξ
3564 4188 3725 4245 αἰῶνος

2190 4278 2422 4347 ἐνεργής
2449 4293 2507 4329 τε
2553 4278 2646 4330 καὶ
2691 4278 3125 4347 παντοδύναμος,
3157 4278 3232 4342 ὡς
3269 4281 3365 4332 καὶ
3404 4277 3724 4351 προαιωνίους

2191 4372 2330 4442 ἔχων
2356 4372 2620 4442 δυνάμεις
2659 4387 2718 4424 τε
2744 4371 2840 4424 καὶ
2879 4370 3178 4442 ἐνεργείας.

2260 4469 2358 4530 ογ’.
2397 4464 2535 4516 Φασὶ
2571 4462 2650 4527 δὲ,
2681 4463 2796 4525 τοῖς
2834 4461 3012 4528 ἁγίοις
3057 4461 3421 4531 ἀντικείμενοι
3462 4459 3720 4532 προδήλως,

498 4563 546 4604 r-t
574 4550 838 4620 opposita:
864 4547 1132 4603 dom-ium
1160 4549 1514 4605 delensores:
1547 4550 1728 4606 Unum
1761 4558 1843 4604 est
1867 4549 2076 4602 increa-

2188 4556 2236 4608 οί
2293 4557 2393 4626 τῆς
2448 4555 2698 4616 ἐναντίας
2759 4553 2917 4624 δόξης
2952 4554 3370 4624 προϊστάμενοι*
3408 4556 3505 4608 Ἔν
3539 4556 3641 4606 ἐστι
3676 4549 3722 4599 τὸ

498 4653 635 4707 tum,
671 4644 851 4696 divina
887 4642 1097 4696 si'ilicet
1139 4644 1423 4710 essentia;
1465 4642 1731 4714 quidquid
1763 4650 1948 4695 autem
1986 4642 2085 4694 ali-

497 4752 767 4805 quatenus
806 4737 873 4791 ab
899 4752 960 4790 ea
1016 4734 1218 4799 diﬂ‘crt,
1258 4747 1506 4790 creatum
1542 4744 1642 4789 est.
1692 4731 1846 4788 Unde
1870 4741 2086 4789 creatu-

499 4847 610 4885 ram
645 4830 851 4884 faciunt
877 4838 932 4882 et
965 4827 1206 4891 Patrem,
1243 4838 1294 4882 et
1330 4825 1552 4893 Filium,
1591 4833 1641 4880 et
1674 4824 1937 4894 Spiritum
1963 4841 2087 4880 San-

499 4932 667 4978 ctum.
693 4921 826 4974 Nam
869 4935 971 4972 una
1005 4922 1270 4973 eteadem
1297 4925 1381 4973 est
1417 4917 1588 4973 tribus
1629 4919 1897 4987 operatio.
1920 4918 2086 4988 Cujus

500 5025 678 5069 autem
734 5013 979 5083 operatio
1023 5021 1105 5066 est
1143 5020 1350 5077 creata,
1396 5012 1668 5066 increatus
1705 5010 1792 5064 ille
1847 5024 2082 5066 nonest.

501 5108 789 5178 Propterea
822 5123 930 5160 non
965 5105 1078 5173 ipsa
1113 5104 1204 5160 Dei
1227 5104 1501 5174 Operatio,
1532 5102 1704 5160 absit!
1738 5104 1842 5160 Sed
1875 5121 2011 5172 opus
2031 5115 2085 5160 et

502 5199 744 5264 eﬂ‘eetus,
782 5206 869 5251 est
902 5206 1175 5251 creatura.
1221 5193 1346 5249 Ideo
1396 5193 1769 5258 essentialem,
1801 5195 1850 5248 id
1882 5205 1962 5249 cst
1989 5211 2084 5247 na-

504 5291 730 5346 turalem
783 5305 904 5346 esse
967 5302 1210 5356 motum,
1271 5289 1585 5344 distinctam
1639 5297 1834 5340 natura
1898 5288 2080 5341 divina

504 5385 912 5451 operationem,
992 5383 1100 5438 Deo
1139 5382 1428 5436 instinctus
1487 5379 1625 5434 dixit
1690 5379 2080 5433 Damaseeuus.

505 5475 636 5540 Quia
668 5489 869 5539 autem,
910 5476 1105 5530 divinae
1137 5473 1471 5543 operationis
1506 5483 1587 5526 est
1643 5473 1881 5531 Creatio.
1919 5485 1977 5526 ut
2007 5473 2084 5526 ait

506 5567 656 5622 uirus
681 5568 938 5637 Cyrillus,
976 5568 1250 5637 quomodo
1282 5567 1395 5635 ipsa
1417 5570 1516 5620 erit
1543 5573 1751 5628 creata,
1777 5566 1821 5618 si
1854 5582 1959 5619 non
1989 5582 2084 5636 per

499 5659 661 5714 aliam
705 5662 1080 5728 operationem
1127 5657 1418 5724 eiiiciatur,
1481 5669 1536 5712 et
1591 5658 1702 5710 hinc
1749 5672 1940 5715 rursus
1990 5677 2084 5729 per

572 5840 617 5872 ³⁰
643 5840 874 5896 zacbar.
915 5858 987 5905 tv,
1026 5843 1108 5896 ιο.

1187 5841 1411 5912 “Apoc.
1446 5856 1482 5906 ι,
1528 5843 1578 5896 4.
1658 5842 1700 5873 ³³
1735 5842 1900 5902 Mich.
1930 5861 1977 5912 ν,
2016 5846 2067 5898 2.

2188 4648 2466 4712 ἄκτιστον,
2499 4649 2532 4718 ἡ
2567 4647 2685 4701 Θεία
2716 4647 2877 4715 φύσις
2899 4663 2912 4678 ·
2943 4650 3051 4701 πᾶν
3080 4649 3135 4701 δέ
3183 4649 3243 4701 τὸ
3281 4649 3532 4721 διαφέρον
3555 4644 3721 4708 ταύτης

2188 4739 2461 4804 ὁπωσοῦν,
2512 4740 2733 4792 κτιστόν
2764 4741 2916 4791 ἐστι’
2965 4740 3172 4810 κτίσμα
3207 4741 3483 4803 ποιοῦντες
3512 4735 3718 4794 ἐντεῦθεν

2190 4832 2284 4883 καὶ
2335 4832 2428 4885 τὸν
2467 4831 2712 4902 Πατέρα,
2760 4833 2855 4886 καὶ
2888 4832 2981 4886 τὸν
3029 4833 3176 4898 Υίὸν,
3206 4833 3297 4886 καὶ
3337 4833 3396 4886 τὸ
3442 4831 3646 4898 Πνεῦμα
3674 4823 3719 4876 τὸ

2189 4922 2367 4988 ἅγιον.
2403 4923 2518 4976 Μία
2569 4923 2678 4993 γὰρ
2707 4923 2804 4976 καὶ
2837 4925 2871 4994 ἡ
2913 4924 3050 4995 αὐτὴ
3081 4923 3190 4977 τῶν
3217 4924 3384 4996 τριῶν
3424 4925 3455 4994 ὴ
3488 4923 3713 4990 ἐνέργεια.

2190 5007 2266 5066 Οὖ
2295 5013 2352 5065 δὲ
2391 5013 2423 5081 ἡ
2462 5012 2716 5082 ἐνέργεια
2759 5013 2973 5086 κτιστὴ,
3013 5016 3267 5078 ἄκτιστος
3295 5016 3454 5077 αὐτὸς
3483 5015 3575 5065 οὐκ
3609 5012 3714 5062 ἐστι.

2190 5106 2287 5156 Διὰ
2319 5104 2481 5156 τοῦτο
2505 5103 2602 5174 οὐχ
2629 5105 2661 5174 ἡ
2698 5104 2794 5157 τοῦ
2825 5105 2960 5158 Θεοῦ
2990 5106 3264 5176 ἐνέργεια,
3297 5105 3510 5172 ἄπα-[εί
3543 5095 3716 5155 ἀλλὰτὸ

2190 5195 2507 5264 ἐνεργηοὲν,
2539 5198 2634 5248 καὶ
2662 5197 3026 5249 ἀποτελεσθέν
3052 5198 3170 5249 ἐστι
3195 5197 3254 5250 τὸ
3289 5196 3506 5267 κτίσμα.
3538 5192 3619 5245 Διὸ
3644 5184 3716 5238 μὶ

2189 5289 2447 5356 οὐσιώδη,
2502 5288 2751 5342 τουτέστι
2782 5289 3020 5359 φυσικὴν
3051 5284 3192 5343 εἶναι
3237 5289 3465 5358 κίνησιν,
3492 5285 3582 5354 τὴν
3619 5280 3712 5331 δια·

2151 5378 2157 5386 ’
2192 5381 2255 5449 (ἓέ
2269 5397 2466 5449 ρουσαν
2494 5381 2592 5450 τῆς
2627 5379 2780 5445 θείας
2815 5379 3031 5449 φύσεως
3073 5381 3372 5449 ἐνέργειαν,
3414 5380 3441 5431 ὀ
3473 5372 3715 5430 Θεσπέσιος

2182 5479 2391 5549 ἐδίδαξε
2425 5475 2806 5548 Δαμασκηνός.
2851 5475 3006 5528 Ἐπεὶ
3034 5474 3090 5528 δέ
3133 5478 3228 5528 καὶ
3267 5475 3367 5546 τῆς
3405 5475 3546 5538 θείας
3595 5472 3719 5534 ἐνερ-

2181 5575 2338 5644 γείας
2377 5568 2519 5625 εἶναι
2579 5569 2641 5622 τὸ
2678 5571 2851 5622 ποιεῖν
2894 5569 2923 5621 ὁ
2979 5567 3122 5632 Θεῖος
3182 5567 3444 5636 Κύριλλος
3474 5567 3584 5636 ἔφη,
3625 5557 3718 5615 πῶς

2184 5664 2325 5735 αὕτη
2382 5663 2629 5732 ποίημα,
2664 5662 2710 5714 εί
2752 5659 2827 5732 μὴ
2861 5659 2927 5713 δι’
2979 5659 3174 5732 ἐτέρας
3215 5660 3488 5731 ἐνεργείας
3535 5659 3716 5724 ἐνεργη-

2146 5843 2190 5875 ³³
2231 5843 2369 5897 i‘sal.
2409 5857 2530 5909 seu,
2562 5843 2614 5896 2.
