3988 6478
309 396 450 459 tm
1202 386 1475 447 CAPITA
1517 380 1868 449 PHYSICA,
1903 378 2419 449 'I‘HEOLOGICA.
2467 376 2627 438 ETC.
3415 371 3555 432 tm

306 498 554 567 θήσεται.
592 491 822 561 κάκείνη
849 489 1011 544 πάλιν
1035 488 1103 543 δι’
1128 488 1346 560 ἐτέρας,
1372 492 1464 543 καὶ
1490 489 1634 544 οὕτω
1664 492 1798 557 πρός
1839 491 1885 542 εδ
1899 529 1912 557 ι

2021 497 2161 557 liam,
2185 501 2240 548 et
2264 493 2345 547 sic
2378 491 2636 558 deinceps
2668 488 2722 542 in
2757 479 3034 541 inilnitt‘tm
3071 484 3459 553 procedendo?
3494 488 3559 540 Et
3592 556 3597 569 ‘

306 588 609 657 irrirmpov
645 585 801 647 ξέναι,
830 583 924 636 καὶ
951 581 1012 634 τὸ
1055 582 1155 650 τῆς
1186 581 1467 652 ἐνεργείας
1506 583 1762 638 ἄκτιστον
1804 584 1891 638 ἀεὶ

2021 587 2310 657 perationis
2344 585 2423 641 sic
2450 583 2728 639 mternitas
2756 579 3019 649 qmcritur
3046 594 3259 649 semper
3278 591 3329 634 et
3362 581 3563 649 praedi.

304 682 551 750 ζητεῖται
581 676 677 732 καὶ⁸
709 675 1074 748 κηρύττεταις

2021 689 2157 735 illi".

375 773 467 828 06'.
507 770 789 838 Παντακοῦ
826 769 1106 841 παρούσης
1151 768 1477 840 ἀχωρίστως
1505 767 1608 839 τῆς
1655 788 1715 824 τε
1743 770 1895 835 θείας

2063 772 2153 828 74.
2195 770 2412 841 Ubique
2463 780 2731 840 praesente
2779 767 3056 823 individue
3096 764 3275 819 divina
3324 762 3561 819 essentia

305 865 520 929 οὐσίας,
550 866 644 916 καὶ
672 864 771 935 τῆς
793 862 944 924 θείας
984 862 1288 933 ἐνεργείας,
1321 864 1545 934 χωρητή
1567 865 1716 917 ἐστιν
1744 867 1777 934 ἡ
1799 864 1895 918 τοῦ

2021 865 2275 932 ivinaquo
2312 866 2655 932 operatione,
2694 860 3025 929 Operatioois
3074 859 3165 912 Dei
3210 872 3437 923 capaces
3466 854 3560 910 su-

307 958 447 1010 θεοῦ
472 958 727 1025 ἐνέργεια
756 958 850 1010 καὶ
882 958 995 1019 τοῖς
1025 959 1265 1020 κτιστοῖς
1295 958 1429 1027 ἡμῖν
1449 972 1464 987 ·
1502 958 1627 1011 ἐπεὶ
1667 958 1762 1011 καὶ
1795 976 1895 1026 με-

2024 968 2108 1011 tus
2155 970 2255 1009 nos
2320 954 2448 1008 licet
2501 952 2696 1016 creati,
2755 951 2881 1020 quia
2938 949 3167 1027 indivise
3196 949 3563 1010 distribuitur.

310 1049 522 1120 ρίζεται
561 1048 875 1116 ἀμερίστως
902 1049 1045 1101 κατὰ
1084 1049 1213 1111 τοὺς
1243 1047 1564 1114 θεολόγους⁹
1599 1048 1700 1118 τῆς
1744 1048 1897 1113 θείας

2021 1060 2135 1106 uta
2164 1051 2483 1121 theologos;
2519 1050 2615 1103 sed
2649 1050 2803 1116 juxta
2839 1048 3087 1110 eosdem,
3141 1022 3336 1099 natura
3386 1045 3568 1098 divina

312 1139 528 1208 φύσεως
560 1138 862 1209 ἀμερίστου
891 1139 1208 1191 παντάπασι
1241 1137 1509 1208 μενούσης
1530 1138 1651 1192 κατ’
1675 1138 1896 1201 αὐτούς.

309 1232 400 1285 Διὸ
429 1233 527 1285 καὶ
566 1234 593 1283 6
631 1230 1017 1301 Χρυσόστομος
1080 1231 1295 1299 Πατὴρ,
1333 1230 1505 1284 εἰπὼν
1533 1232 1615 1284 ὅτι
1660 1232 1693 1302 ἡ
1740 1230 1894 1302 ῥανὶς

310 1322 412 1393 τῆς
438 1325 662 1394 χάριτος
694 1323 761 1376 τὰ
820 1324 999 1378 πάντα
1034 1323 1320 1394 ἐπλήρωσε
1353 1324 1454 1392 τῆς
1502 1323 1760 1392 γνώσεως
1781 1339 1796 1356 ·
1827 1323 1891 1377 ﬁt”

310 1418 483 1484 αὐτῆς
507 1420 575 1471 τὰ
606 1417 860 1486 θαύματα
907 1416 1139 1484 ἐγίνετο,
1172 1416 1239 1469 τὰ
1272 1416 1645 1487 ἁμαρτήματα
1673 1415 1860 1468 ἐλύετο
1879 1433 1893 1448 ⁸

311 1511 407 1564 καὶ
425 1510 606 1574 δείξας
641 1509 896 1563 ἄκτιστον
921 1504 1089 1561 οὖσαν
1116 1509 1214 1576 τὴν
1260 1506 1362 1575 τῆς
1405 1506 1628 1578 χάριτος
1669 1507 1894 1578 ρανίδα’

313 1597 436 1654 εἶτα
484 1598 734 1654 σπεύδων
762 1600 1029 1665 ἐπιδεῖξαι
1058 1601 1151 1653 καὶ
1182 1600 1485 1671 ἐνέργειαν,
1524 1599 1639 1653 ἀλλ’
1674 1601 1776 1655 οὐκ
1807 1599 1899 1652 οὗ·

317 1696 443 1749 σίαν
474 1688 662 1755 οὖσαν,
696 1690 855 1746 ἔτιδὲ
892 1692 989 1746 καὶ
1021 1691 1118 1764 τὴν
1143 1693 1244 1762 τῆς
1269 1692 1418 1755 θείας
1460 1693 1744 1763 ἐνεργείας
1785 1692 1901 1745 δια-

313 1786 507 1857 φορὰν,
538 1787 673 1857 πρός
704 1803 764 1838 τε
789 1784 888 1854 τὴν
917 1785 1068 1838 θείαν
1103 1784 1313 1849 οὐσίαν,
1345 1784 1438 1838 καὶ
1466 1783 1564 1854 τὴν
1597 1783 1694 1837 τοῦ
1728 1782 1900 1837 Πνεύ-

1991 1145 2515 1200 inrommunieahilis
2545 1152 2809 1197 remanet.
2840 1141 2965 1195 ideo
3008 1138 3434 1209 Chrysostomus
3466 1136 3571 1190 Pa-

1993 1251 2097 1298 tcr,
2122 1244 2409 1307 postquam
2438 1236 2647 1289 dixerat
2670 1234 2852 1304 pluvia
2881 1233 3067 1301 gratiae
3099 1246 3312 1285 omnem
3357 1230 3570 1300 impleri

1994 1330 2386 1399 cognitionem,
2428 1344 2492 1380 ea
2543 1341 2744 1394 nempe
2787 1325 3047 1381 miracula
3092 1323 3209 1377 ﬁeri
3244 1334 3300 1378 et
3350 1334 3574 1391 peccata

1995 1423 2127 1486 elui,
2157 1431 2212 1476 et
2234 1423 2544 1475 ostenderat
2572 1422 2868 1474 inrreatant
2920 1432 3042 1473 esse
3076 1418 3264 1488 gratiae
3299 1418 3575 1486 pluviam;

1997 1515 2194 1570 deinde
2218 1514 2440 1569 studens
2462 1514 2837 1568 demonstrare
2869 1512 3015 1565 illam
3036 1525 3157 1564 esse
3175 1509 3575 1577 operationem,

2002 1606 2146 1663 haud
2179 1620 2309 1660 vero
2356 1604 2677 1669 essentiam,
2709 1613 2761 1659 et
2802 1613 3064 1672 ιιι-ωινγεδ
3105 1602 3345 1658 divinam
3388 1618 3581 1668 opera-

2001 1703 2207 1758 tionem
2268 1700 2492 1757 diﬂ‘crrc
2544 1715 2572 1754 a
2619 1699 2798 1753 divina
2855 1696 3097 1752 essentia
3150 1703 3203 1750 et
3261 1710 3291 1749 a
3347 1694 3583 1764 Spiritus

2003 1808 2257 1863 persona,
2286 1794 2458 1861 pergit
2487 1792 2736 1847 scribens
2781 1806 2799 1846 :
2830 1809 2849 1843 ι
2889 1790 3215 1845 Divisionem
3240 1791 3362 1843 dico
3390 1801 3585 1854 cpera—

315 1897 484 1952 ματος
515 1880 837 1945 ὑπόστασιν,
882 1879 1079 1947 ὲπάγει
1117 1877 1378 1946 γράφων·
1409 1896 1426 1928 ι
1453 1876 1528 1930 Τὸ
1560 1876 1724 1947 μέρος
1757 1875 1903 1944 λέγω

2023 1888 2204 1940 iouis:
2243 1904 2345 1939 non
2383 1884 2528 1938 enim
2563 1884 2866 1939 Paraclitus
2886 1882 3166 1934 dividitur.
3211 1882 3392 1950 Capax
3421 1882 3585 1950 igitur

313 1970 414 2037 τῆς
447 1968 733 2038 ἐνεργείας
755 1984 768 1997 ’
811 1969 872 2021 ού
903 1969 1013 2038 γὰρ
1038 1967 1103 2038 δὴ
1138 1969 1165 2020 6
1201 1967 1562 2038 ιίαράκλητος
1592 1967 1897 2037 μερίζεται.

320 2060 562 2133 Χωρητὴ
588 2061 721 2129 γοῦν
753 2062 903 2114 ἐστιν
938 2061 1100 2131 ἡμῶν
1132 2061 1352 2130 ἑκάστῳ
1380 2060 1415 2130 ἡ
1447 2059 1568 2113 θεία
1595 2061 1778 2130 χάρις,
1810 2062 1905 2111 καὶ

314 2149 346 2218 ὴ
377 2149 627 2216 ἐνέργεια
647 2165 662 2181 '
694 2150 820 2201 ἐπεὶ
848 2148 946 2202 καὶ
974 2148 1295 2218 ἁμερίστως
1318 2149 1458 2219 αῦτη
1490 2148 1796 2219 μερίζεται.
1839 2149 1905 2201 ’Π

309 2238 366 2293 δὲ
405 2240 498 2294 τοῦ
553 2240 688 2294 Θεοῦ
744 2242 938 2306 οὐσία,
995 2240 1351 2295 παντάπασιν
1413 2240 1715 2310 ἀμέριστος
1768 2236 1904 2294 οὖσα

312 2330 437 2387 καθ’
467 2333 662 2404 αὐτὴν,
695 2333 814 2395 πῶς
844 2332 910 2386 ἄν
935 2349 1041 2385 τινι
1073 2331 1348 2402 χωρηθείη
1375 2330 1486 2385 τῶν
1511 2332 1777 2397 κτιστῶνς
1810 2349 1828 2382 ι

383 2429 477 2477 os’.
519 2425 702 2495 Τριῶν
757 2424 930 2477 ὅντων
981 2423 1075 2476 τοῦ
1114 2422 1284 2488 Θεοῦ,
1346 2423 1536 2487 οὐσίας
1596 2424 1904 2493 ἐνεργείας,

316 2515 546 2587 τριάδος
571 2517 924 2570 ύποστάσεων
953 2514 1143 2569 θείων·
1181 2516 1229 2568 oi
1254 2514 1652 2585 κατηξιωμένοι
1685 2514 1764 2585 τῷ
1788 2514 1909 2583 Θεῷ

315 2606 584 2678 ἡνῶσθαι,
613 2609 690 2671 ὡς
732 2608 793 2661 ἓν
824 2604 966 2662 εἶναι
991 2607 1213 2679 πνεῦμα
1246 2607 1364 2677 μετ’
1398 2606 1564 2659 αὑτοῦ
1584 2621 1599 2635 °
1642 2604 1787 2659 καθὰ
1812 2607 1909 2659 καὶ

316 2700 532 2765 Παῦλος
567 2703 596 2752 6
652 2699 823 2772 μέγας
876 2701 1128 2773 εἴρηκεν·
1167 2719 1186 2753 ι
1211 2700 1270 2753 '0
1310 2697 1653 2767 κολλώμενος
1680 2696 1761 2768 τῷ
1792 2696 1908 2752 Κυ-

321 2797 444 2866 ρίῳ,
476 2794 534 2846 ἓν
575 2794 796 2863 πνεῦμά
826 2794 975 2847 ἐστιν
997 2810 1009 2823 ο
1045 2812 1063 2845 ι
1100 2793 1226 2846 ἐπεὶ
1257 2791 1377 2846 κατ’
1414 2791 1605 2845 οὐσίαν
1632 2791 1729 2860 οὐχ
1762 2792 1910 2861 ἡνῶ-

324 2886 453 2939 σθαι
491 2888 619 2950 τοὺς
644 2887 831 2951 ἀξίους
868 2885 1127 2958 ἀνωτέρω
1155 2884 1448 2950 δέδεικται,
1500 2883 1596 2937 καὶ
1625 2884 1826 2947 πάντες
1858 2884 1909 2936 oi

322 2976 571 3048 θεολόγοι
628 2976 1010 3050 μαρτυροῦσι,
1051 2978 1175 3032 κατ’
1224 2977 1417 3031 οὐσίαν
1455 2972 1597 3030 εἶναι
1644 2976 1736 3030 τὸν
1773 2975 1910 3029 Θεὸν

317 3071 628 3141 ἁμέθεκτον
648 3086 662 3102 ’
698 3075 732 3143 ἡ
761 3072 820 3125 δὲ
855 3071 978 3125 καθ’
1008 3070 1310 3124 ὑπόστασιν
1345 3068 1561 3132 ἓνωσις,
1597 3067 1761 3139 μόνου
1790 3067 1909 3120 δια-

1997 1991 2080 2033 est
2111 1978 2487 2045 unusquisque
2515 1987 2759 2030 nostrum
2786 1976 2987 2029 divina:
3017 1974 3206 2042 gratim
3229 1983 3283 2028 et
3308 1974 3585 2042 operatio-

2001 2070 2107 2133 nis,
2160 2071 2287 2136 quia
2318 2067 2597 2119 individua
2648 2066 2763 2119 haec.
2820 2064 3101 2118 dividitur.
3148 2064 3401 2119 Esseotia
3456 2079 3589 2118 vero

2011 2160 2130 2225 Dei,
2164 2165 2287 2211 rum
2318 2159 2387 2211 sit
2421 2171 2518 2227 per
2542 2155 2775 2224 seipsam
2800 2156 3025 2208 omnino
3061 2154 3427 2219 indivisibilis,
3457 2168 3589 2221 quo-

2005 2252 2166 2309 modo
2195 2265 2367 2321 capax
2395 2251 2513 2318 ejus
2543 2257 2690 2303 esset
2729 2248 2909 2317 aliqua
2940 2246 3230 2301 creatura?
3266 2265 3282 2297 ι

2076 2433 2167 2489 75.
2195 2431 2328 2488 Cum
2361 2432 2463 2484 tria
2495 2431 2608 2484 sint
2653 2430 2708 2483 in
2772 2431 2899 2494 Deo,
2929 2429 3192 2489 essentia.
3225 2429 3492 2495 operatio,
3538 2435 3592 2481 et

2005 2532 2368 2576 sacrosancta:
2398 2519 2684 2573 Trinitatis
2714 2533 3000 2587 personat;
3044 2519 3138 2587 qui
3173 2521 3280 2573 Deo
3314 2528 3594 2572 merentur

2010 2615 2178 2681 ttniri,
2212 2614 2283 2666 ita
2317 2622 2375 2666 ttt
2406 2628 2544 2666 unus
2575 2615 2686 2666 sint
2725 2625 2851 2665 cum
2884 2626 2951 2665 eo
2984 2613 3243 2679 Spiritus,
3270 2611 3416 2665 sicut
3453 2612 3592 2662 Γλη-

2012 2708 2096 2760 lus
2151 2719 2378 2773 magnus
2420 2703 2560 2759 dixit
2601 2718 2617 2759 :
2664 2721 2682 2753 ι
2720 2702 2820 2766 Qui
2863 2701 3107 2755 adlueret
3153 2700 3401 2764 Domino,
3451 2715 3593 2754 unus

2011 2797 2237 2867 spiritus
2265 2806 2351 2850 est
2376 2794 2461 2860 a*,°
2494 2814 2512 2845 ι
2541 2796 2664 2864 quia
2690 2793 2989 2849 secundum
3025 2795 3317 2847 essentiam
3348 2803 3399 2846 ut
3428 2808 3592 2861 supra

2012 2898 2292 2943 ostensum
2323 2896 2429 2953 est,
2472 2901 2629 2941 nemo
2660 2893 2900 2939 meretur
2929 2885 3099 2951 uniri,
3135 2892 3190 2938 et
3222 2899 3414 2939 omnes
3439 2886 3595 2940 theo—

2016 2982 2122 3052 logi
2148 2990 2414 3035 testantur
2461 2979 2762 3035 secundum
2797 2978 3094 3038 essentiam
3150 2976 3319 3030 Deum
3354 2992 3477 3030 esse
3510 2976 3596 3027 in-

2017 3071 2570 3136 communicabilem;
2621 3072 2747 3139 quia
2792 3070 3015 3124 aliunde
3072 3069 3202 3123 unio
3256 3069 3596 3138 hypostatica

314 3163 466 3217 τελεῖ
497 3164 844 3233 τυγχάνουσα
875 3162 969 3216 τοῦ
1015 3161 1375 3232 θεανθρὼπου
1415 3159 1625 3228 Λόγου·
1661 3160 1912 3215 λείπεται

2022 3166 2125 3220 soli
2153 3166 2425 3236 competit
2464 3162 2821 3219 Deo-Homini
2854 3162 3033 3216 Verbo
3065 3177 3081 3216 :
3110 3162 3381 3230 reliquum
3424 3175 3509 3214 est
3540 3169 3601 3215 ut

318 3245 447 3309 κατ’
472 3256 758 3324 ἐνέργειαν
797 3254 1055 3308 ἑνοῦσθαι
1089 3254 1217 3317 τοὺς
1265 3251 1711 3324 κατηξιωμένους
1760 3251 1915 3305 ἑνοῦο

319 3344 451 3398 σθαι
485 3345 605 3415 Θεῷ
626 3361 638 3373 ·
681 3346 775 3399 καὶ
816 3344 1040 3417 πνεῦμα
1071 3344 1195 3400 καθ’
1226 3345 1255 3398 ὃ
1304 3347 1452 3399 ἐστιν
1487 3344 1548 3398 ἓν
1597 3346 1737 3416 μετὰ
1773 3346 1915 3400 Θεοῦ

316 3440 351 3491 6
404 3435 743 3508 κολλώμενος
784 3436 938 3505 Θεῷ,
1019 3436 1119 3508 τὴν
1157 3438 1413 3492 ἄκτιστον
1450 3435 1545 3492 τοῦ
1588 3436 1914 3508 Πνεύματος

319 3530 611 3599 ἐνέργειαν
651 3524 791 3582 εῖναι
824 3529 919 3582 καὶ
956 3528 1267 3594 καλεῖσθαι,
1291 3528 1410 3581 ἀλλ’
1461 3528 1525 3582 οὐ
1574 3529 1676 3597 τὴν
1722 3530 1914 3583 οὐσίαν

320 3621 421 3675 τοῦ
449 3621 585 3675 Θεοῦ
612 3636 627 3652 ’
654 3620 757 3675 κᾶν
789 3622 839 3675 οἱ
872 3621 1242 3689 ἀντικείμενοι
1276 3619 1725 3693 ἀπαρέσκωνται.
1761 3621 1917 3674 Ἐπεὶ

321 3713 424 3768 καὶ
470 3712 559 3766 διὰ
596 3714 691 3767 τοῦ
742 3713 1051 3785 προφήτου,
1083 3714 1167 3778 ού,
1204 3713 1280 3766 Τὸ
1326 3711 1550 3784 Πνεῦμά
1599 3731 1724 3783 μου,
1774 3715 1914 3780 ἀλλ’,

331 3824 354 3858 ι
379 3804 514 3859 ’Δπὸ
538 3805 633 3859 τοῦ
685 3804 1005 3875 Πνεύματός
1051 3821 1154 3874 μου
1193 3803 1370 3874 ἐκχεῶ
1405 3803 1500 3857 ἐπὶ
1528 3804 1657 3868 τοὺς
1692 3805 1917 3859 πιστεύ-

324 3912 512 3955 οντας,
551 3913 570 3946 ι
609 3894 825 3965 προέφη
857 3896 885 3946 6
915 3892 1069 3957 Θεός.

404 3985 512 4052 ος¹.
542 3985 821 4058 Πνεύματι
840 3984 1000 4051 Θεοῦ,
1030 3984 1219 4056 φησὶν,
1251 3984 1531 4039 ἐκινοῦντο
1553 3987 1647 4039 καὶ
1674 3985 1919 4057 Μωῦσῆς

332 4082 433 4133 καὶ
471 4078 639 4133 Δαϐίδ
659 4094 673 4109 ο
709 4079 803 4131 καὶ
829 4077 948 4130 ὅσοι
968 4076 1067 4146 τῆς
1100 4074 1251 4139 θείας
1281 4075 1561 4148 ἐνεργείας
1592 4078 1918 4147 χωρητικοὶ,

328 4175 402 4243 τῇ
438 4172 703 4226 ἀποθέσει
728 4170 839 4224 τῶν
866 4166 1149 4241 σαρκικῶν
1184 4167 1488 4240 ἰδιωμάτων
1513 4166 1797 4235 γεγόνασι,
1828 4169 1922 4222 καὶ

331 4264 512 4329 ζῶσαι
556 4280 705 4328 τινες
760 4262 971 4324 εἰκόνες
1002 4258 1242 4331 Χριστοῦ
1267 4273 1281 4288 ·
1317 4257 1413 4312 καὶ
1450 4260 1496 4312 τ’
1545 4258 1681 4313 αὐτὸ
1718 4260 1924 4327 μᾶλλον

334 4356 490 4426 αὐτῷ
528 4356 672 4410 κατὰ
717 4355 817 4426 τὴν
863 4356 1061 4428 χάριν.
1111 4357 1146 4427 ἢ
1199 4356 1569 4427 ἁφομοίωμα·
1613 4355 1851 4429 καὶομία
1888 4357 1923 4425 ή

338 4448 656 4518 καθαρότης
700 4448 737 4518 ἡ
775 4446 836 4500 ἐν
882 4445 961 4516 τῷ
1008 4445 1231 4517 Χριστῷ
1269 4448 1365 4501 καὶ
1403 4449 1517 4510 τοῖς
1556 4446 1733 4514 ἁγίοις
1773 4446 1923 4500 ἐστί·

2020 3259 2279 3315 uuiantur
2311 3259 2608 3314 secundum
2632 3254 2923 3311 essentiam
2950 3254 3041 3323 qui
3074 3253 3183 3308 Deo
3217 3254 3357 3308 ttniri
3384 3266 3601 3308 mereo»

2020 3363 2151 3418 tur,
2201 3361 2256 3407 et
2305 3351 2532 3421 spiritus
2592 3349 2894 3405 secundum
2949 3360 3109 3415 quem
3142 3361 3284 3401 unus
3331 3361 3452 3399 eum
3488 3345 3597 3399 Deo

2017 3451 2101 3495 est
2148 3441 2242 3510 qui
2295 3441 2403 3495 Deo
2458 3439 2722 3499 adhteret.
2779 3439 3021 3491 inet-cata
3073 3435 3309 3505 Spiritus
3351 3435 3599 3502 operatio

2017 3535 2089 3588 sit
2121 3540 2176 3586 et
2207 3540 2445 3596 vocetur,
2493 3540 2684 3585 etnon
2732 3528 2972 3583 essentia
3030 3526 3146 3589 Dei,
3203 3527 3451 3596 quattn‘is
3502 3527 3605 3580 hoc

2022 3624 2317 3679 adversarii
2352 3621 2688 3689 improbent.
2730 3619 2863 3672 llltul
2902 3619 3068 3671 etiam
3136 3617 3383 3686 pmalixit
3441 3614 3601 3679 Deus»,

2018 3716 2209 3768 dicens
2270 3729 2366 3783 per
2423 3714 2766 3781 prophetam,
2827 3726 2932 3765 non
2965 3728 2984 3763 ι
3022 3708 3282 3778 Spiritum
3344 3723 3521 3761 meum
3554 3726 3603 3768 ι,

2004 3808 2115 3861 sed
2147 3824 2165 3857 ι
2196 3805 2260 3860 de
2288 3804 2496 3875 Spiritu
2529 3819 2650 3858 meo
2675 3802 2949 3858 etluntlam
2986 3817 3151 3871 super
3180 3802 3466 3855 credentes
3486 3800 3552 3853 ³⁵.
3583 3818 3601 3850 ι

2090 3989 2415 4059 76.8piritu
2473 3989 2592 4053 Dei,
2640 3998 2700 4043 ut
2760 3989 3025 4055 scriptum
3085 3999 3194 4047 est,
3245 3990 3607 4043 movebantur

2019 4083 2234 4155 Moyses
2263 4093 2318 4138 et
2347 4083 2540 4147 David,
2581 4092 2637 4138 et
2697 4082 3039 4153 quicunque,
3072 4083 3331 4151 tieltttsitis
3370 4082 3606 4136 carnali-

2022 4175 2126 4230 bus
2179 4172 2612 4242 proprietatibns
2656 4173 2781 4227 iacti
2842 4183 2971 4226 sunt
3016 4173 3212 4226 divina:
3266 4172 3606 4239 operationis

2021 4279 2275 4335 capaces,
2315 4274 2370 4318 et
2402 4265 2556 4332 quasi
2590 4263 2729 4319 vivae
2763 4265 3026 4333 imagines
3049 4264 3275 4329 Christi,
3303 4280 3395 4317 seu
3425 4264 3608 4334 potius

2022 4356 2165 4412 idem
2198 4372 2320 4412 cum
2355 4372 2422 4412 co
2464 4370 2558 4425 per
2599 4357 2826 4423 gratiam
2881 4365 2937 4408 et
2970 4355 3425 4410 assimilationcnt
3461 4368 3608 4408 :una

2023 4449 2168 4503 enim
2202 4448 2417 4518 paritas
2448 4447 2503 4500 in
2539 4444 2762 4500 Christo
2787 4453 2841 4501 et
2882 4445 2936 4499 in
2963 4447 3170 4500 sanctis
3210 4456 3315 4509 est,
3340 4454 3394 4498 et
3429 4445 3611 4499 lumen

338 4542 435 4594 καὶ
466 4542 500 4609 ἡ
530 4539 850 4609 λαμπρότης
876 4536 968 4591 τοῦ
997 4538 1132 4591 Θεοῦ
1168 4537 1327 4610 ἡμῶν
1355 4538 1440 4608 ἐφ’
1482 4541 1632 4610 ἡμᾶς
1660 4538 1689 4591 ὁ
1725 4539 1912 4592 ἑνθεώ-

2031 4539 2124 4594 Dei
2171 4538 2341 4594 nostri
2393 4551 2561 4605 super
2601 4552 2722 4600 nos,
2771 4546 2831 4590 ιιι
2878 4537 3252 4591 divinissitnus
3293 4537 3445 4589 canit
3473 4538 3617 4602 ρεπι-

334 4643 503 4689 τατος
541 4625 659 4697 ᾄδει
688 4625 962 4696 μελῳδῶν.
1008 4626 1077 4680 Ai
1115 4628 1224 4698 γὰρ
1265 4630 1704 4700 πνευματοιρόροι
1732 4629 1925 4700 ψυχαὶ,

250 4794 256 4799 _
340 4716 489 4771 κατὰ
516 4716 607 4770 τὸν
641 4719 817 4788 μέγαν
855 4717 1165 4782 Βασίλειον,
1204 4718 1601 4790 ὲλλαμφθείσαι
1639 4721 1793 4791 παρὰ
1832 4720 1954 4781 τοῦ.

344 4809 687 4879 ΙΙνεύματος,
710 4809 877 4864 αὐταί
900 4826 961 4862 τε
988 4809 1383 4865 ἀποτελοῦνται
1417 4812 1809 4883 πνευματικαὶ,
1834 4813 1931 4866 καὶ

345 4902 429 4962 εἰς
469 4901 693 4971 ἐτέρους
742 4899 842 4970 τὴν
879 4900 1043 4973 χάριν
1088 4902 1596 4966 ἐξαποστέλλουσιν.
1649 4902 1931 4957 Ἐντεῦθεν

352 4991 661 5062 μελλόντων
690 4992 1030 5063 πρόγνωσιςο
1064 4993 1380 5064 μυστηρίων
1412 4993 1656 5058 σύνεσις’
1687 5013 1934 5067 κεκρυμ-

355 5084 535 5155 μένων
570 5083 911 5154 κατάληψις·
953 5085 1309 5155 χαρισμάτων
1344 5086 1633 5156 διανομαί*
1675 5086 1736 5139 τὸ
1764 5088 1934 5157 οὐρά-

316 5252 321 5253 ν
349 5196 463 5233 νιον
502 5178 837 5248 πολίτευμα·
866 5178 900 5249 ἡ
948 5178 1065 5247 μετ’
1095 5177 1346 5246 ἀγγέλων
1380 5177 1571 5247 χορεία
1591 5193 1605 5208 ·
1639 5179 1672 5248 ἡ
1710 5177 1937 5232 ἀτελεύ-

353 5286 514 5341 τητος
560 5269 905 5340 εὐφροσύνη·
943 5269 979 5341 ἡ
1011 5268 1192 5331 ἔνθεος
1241 5269 1509 5340 διανομήν
1552 5270 1589 5339 ἡ
1617 5269 1753 5341 πρὸς
1802 5268 1935 5322 Θεὸν

352 5362 612 5432 ὁμοίωσις
627 5378 642 5392 ο
664 5361 724 5413 τὸ
746 5360 1047 5429 ἀκρότατον
1073 5359 1185 5412 τῶν
1208 5357 1471 5430 ὀρεκτῶν,
1493 5357 1614 5411 θεὸν
1647 5357 1932 5428 γενέσθαι.

428 5451 523 5515 οζν.
565 5453 721 5507 Κατὰ
752 5453 853 5521 τὴν
881 5451 1040 5522 χάριν
1069 5450 1274 5522 ταύτην
1303 5451 1398 5505 καὶ
1428 5449 1808 5521 λαμπρότητα,
1844 5450 1940 5505 καὶ

362 5546 498 5618 πρὸς
524 5545 618 5599 τὸν
652 5545 786 5599 Θεὸν
820 5546 1037 5608 ἕνωσιν,
1072 5542 1456 5599 πλεονεκτοῦσι
1487 5543 1598 5598 τῶν
1628 5539 1940 5614 ἀνθρώπων

349 5650 395 5700 ci
432 5647 677 5717 ἄγγελοι.
710 5651 803 5704 Διὸ
831 5650 926 5704 καὶ
960 5649 1346 5721 λαμπρότητές
1373 5649 1480 5701 εἰσι
1517 5644 1789 5714 δεύτεραι,
1820 5640 1930 5696 λει-

2035 4632 2219 4686 niista.
2265 4630 2401 4685 Nam
2441 4630 2637 4697 spiritu
2676 4629 2879 4683 divites
2916 4629 3134 4690 animae,
3173 4628 3323 4696 juxta
3356 4640 3613 4692 magnum

2034 4722 2318 4784 Basiliam,
2351 4721 2672 4774 illuminatae
2697 4734 2727 4772 a
2756 4718 2988 4787 Spiritu,
3019 4725 3074 4770 et
3131 4718 3259 4786 ipsa:
3288 4716 3422 4770 ﬁunt
3450 4717 3617 4784 spiri-

2038 4813 2249 4877 tuales,
2278 4822 2333 4866 et
2363 4813 2414 4866 in
2447 4812 2582 4866 alios
2620 4811 2849 4880 gratiam
2895 4810 3198 4864 retieetunt.
3241 4808 3369 4861 lude
3398 4807 3615 4863 futuro-

2039 4917 2156 4959 rum
2188 4900 2548 4971 prazscientia,
2574 4899 2929 4969 intelligentia
2955 4899 3363 4968 mysteriorum,
3387 4899 3618 4953 abscon-

2039 4994 2274 5049 ditorttm
2321 4995 2620 5062 perceptio,
2682 4989 3003 5043 distributio
3052 4989 3465 5055 charismatum,
3500 5004 3618 5043 cm-

2038 5084 2191 5141 lcstis
2234 5084 2364 5149 vita,
2407 5099 2529 5137 cum
2568 5081 2779 5152 angelis
2833 5080 3059 5145 chorus,
3104 5081 3364 5136 continua
3406 5082 3617 5145 laetitia,

2040 5181 2209 5234 divini
2258 5179 2549 5233 instinctus
2591 5183 2815 5242 donum,
2876 5177 2968 5231 Dei
3043 5176 3361 5241 similitudo,
3407 5185 3463 5226 et
3511 5191 3616 5244 qua

2043 5272 2177 5327 nihil
2197 5271 2512 5340 optabilius,
2545 5271 2840 5326 deilicatio.

2110 5447 2196 5501 77.
2235 5447 2348 5502 Hac
2377 5447 2552 5516 gratia
2582 5446 2813 5517 lucoque
2847 5454 2903 5500 et
2928 5462 3047 5500 cum
3085 5446 3191 5498 Deo
3230 5444 3448 5508 unione,
3481 5459 3618 5512 prm-

2039 5552 2187 5597 stant
2244 5542 2560 5597 hominibus
2634 5540 2831 5607 angeli.
2896 5538 3018 5593 Ideo
3079 5538 3223 5591 velut
3285 5539 3623 5591 secuntlarite

2044 5633 2191 5690 luces
2231 5650 2501 5704 supremae
2535 5633 2694 5687 Locis
2728 5630 3014 5696 ministrae,
3041 5639 3096 5683 et
3122 5631 3358 5684 seCuuda
3387 5628 3625 5683 lumina-

444 5834 489 5863 “
523 5833 538 5886 l
569 5834 694 5886 Cor.
729 5846 797 5892 τι,
836 5829 922 5883 l7.
998 5827 1042 5860 ³⁸
1074 5826 1212 5892 Joel,
1271 5841 1336 5892 ιι,
1382 5822 1476 5889 9.8,
1518 5834 1632 5877 sec.
1685 5816 1820 5871 LXX
1858 5816 1912 5871 in

2021 5832 2113 5878 ir.,
2158 5823 2295 5872 teste
2330 5815 2393 5871 Β.
2446 5815 2629 5879 Petro,
2673 5815 2792 5869 Aet.
2854 5827 2910 5874 ιι.
2972 5809 3055 5863 i7.
