3988 6426
407 335 549 403 1175

1658 329 2040 391 GREGORII
2094 330 2419 393 PALAMfE

3528 340 3663 407 1176

401 455 488 509 ria
517 467 582 508 ex
613 450 790 521 primo
823 444 1056 502 Lumine
1088 443 1346 515 fulgentia
1400 453 1528 498 sunt
1561 444 1794 499 virtutes
1831 442 1992 499 intel-

2111 456 2333 527 τουργοὶ
2366 454 2468 525 τῆς
2525 453 2639 507 ἄνω
2688 453 3094 527 λαμπρότητος,
3131 456 3227 510 καὶ
3274 457 3428 526 φῶτα
3461 458 3686 532 δεύτερα

403 545 669 603 lectualcs
724 555 779 597 et
836 536 1297 595 administratorii
1345 537 1611 607 spiritus;
1663 547 1717 590 et
1769 535 1994 605 angelus

407 641 586 714 prima
626 647 710 694 est
739 634 917 691 lucida
951 646 1146 685 ua‘ura
1195 640 1322 702 post
1367 632 1596 700 primam
1641 646 1705 684 ex
1736 645 1842 700 qua
1879 643 1995 684 res-

407 735 645 807 plendet,
690 739 746 786 et
796 727 1031 783 secunda
1086 727 1177 778 lux
1230 737 1296 778 ex
1355 723 1528 792 prima
1576 721 1703 777 luce
1760 721 1992 778 eﬂiuens

405 840 639 896 eamque
683 819 1040 893 participans.
1077 815 1141 869 Et
1196 814 1502 871 circulatim
1543 814 1714 869 divini
1743 811 1993 881 Spiritus

408 922 565 987 moti,
619 913 875 987 principii
944 911 1179 979 ﬁnisque
1242 907 1446 964 nesciis
1505 905 1996 961 illuminationibus

403 1010 617 1084 pulchri
639 1017 695 1063 et
724 1008 851 1062 boni
875 1003 1159 1058 uninntur.
1186 997 1320 1054 Nam
1338 1008 1670 1053 aeternorum
1704 996 1820 1066 ipse
1848 994 1994 1049 Deus

403 1113 488 1161 est
526 1103 644 1169 lux,
668 1110 722 1154 et
747 1112 851 1153 non
878 1096 1022 1150 aliud
1064 1110 1079 1150 :
1113 1103 1169 1149 et
1198 1091 1344 1160 quod
1373 1100 1463 1147 est
1502 1088 1856 1146 seusibilibus
1884 1086 1991 1153 soi,

301 1225 304 1228 ~
402 1202 510 1255 hoc
548 1192 1007 1263 iutuiligihilibus,
1042 1191 1206 1253 Deus,
1257 1194 1314 1241 et
1347 1184 1462 1254 ipse
1489 1196 1574 1239 est
1612 1181 1792 1238 omnis
1825 1180 1996 1237 ratio-

404 1293 545 1346 nalis
594 1300 803 1343 natura:
833 1283 1103 1339 luminare
1137 1282 1371 1352 primum
1406 1289 1461 1334 et
1492 1291 1705 1333 summa
1736 1277 1850 1330 lux.
1880 1291 1902 1327 ι
1933 1271 1992 1328 Si

403 1381 718 1448 audiveris,
782 1379 859 1432 ait
917 1377 1346 1447 Chrysostnmus
1407 1371 1612 1436 Pater,
1667 1372 1993 1439 prophetam

403 1480 724 1533 dicentem:
772 1490 791 1525 ι
828 1469 951 1526 Vidi
1003 1469 1294 1523 Dominum
1356 1465 1634 1521 sedentem
1697 1477 1865 1532 super
1903 1476 1994 1518 so-

405 1574 540 1628 lium
571 1570 615 1602 ³⁶
643 1587 694 1634 ι,
723 1582 832 1622 ιιοιι
882 1562 1249 1632 suspicaberis
1290 1560 1461 1615 visam
1513 1559 1582 1614 ab
1612 1573 1678 1613 eo
1711 1557 1880 1612 fuisse
1909 1570 1996 1612 es-

402 1666 660 1725 sentiam,
720 1660 813 1714 sed
882 1655 1273 1713 demissionem
1325 1653 1611 1717 divinam,
1667 1660 1724 1706 et
1772 1649 1992 1721 quidem

403 1756 779 1812 chscuriorem
809 1765 973 1821 quam
1008 1749 1083 1803 ab
1127 1746 1381 1817 supernis
1431 1744 1644 1799 videtur
1673 1741 1990 1797 virtutibus.

475 2021 567 2078 78.
611 2020 799 2075 Omnis
837 2028 1029 2073 natura
1061 2016 1430 2070 remotissima
1463 2025 1517 2070 et
1552 2014 1779 2070 omnino
1813 2014 1993 2070 aliena

403 2127 487 2174 est
522 2130 552 2168 a
591 2122 785 2169 natura
827 2110 944 2165 Dei.
984 2107 1120 2163 Nam
1173 2108 1218 2162 si
1250 2105 1391 2161 Deus
1435 2114 1634 2161 natura
1658 2113 1765 2170 est,
1797 2114 1996 2161 caetera

407 2227 517 2266 tton
555 2218 684 2263 sunt
716 2214 909 2260 natura
937 2221 953 2269 ;
989 2202 1031 2257 si
1085 2215 1217 2256 vero
1260 2211 1586 2254 cauet-orum
1619 2199 1876 2268 quodque
1903 2214 1998 2253 na-

405 2316 525 2359 tura
560 2313 664 2364 est,
691 2300 780 2353 ille
812 2313 917 2353 non
946 2306 1025 2352 est
1061 2304 1255 2348 natura
1280 2308 1295 2352 ;
1320 2292 1394 2345 ita
1423 2301 1480 2346 ut
1523 2307 1593 2345 ne
1628 2307 1729 2346 ens
1752 2292 1995 2362 quidem,

421 2399 518 2465 sit,
553 2396 598 2451 si
625 2410 688 2449 ea
708 2402 820 2448 tcta
854 2391 956 2445 sint
987 2388 1174 2443 entia:
1201 2387 1246 2440 si
1276 2399 1403 2440 vero
1424 2396 1505 2440 est
1530 2385 1619 2439 ille
1648 2399 1767 2449 ens,
1798 2395 1997 2440 caetera

404 2506 514 2542 non
562 2492 671 2542 sint
723 2482 890 2538 entia.
954 2478 1083 2535 llaec
1136 2480 1202 2534 de
1232 2477 1499 2545 sapientia
1556 2486 1611 2531 et
1643 2476 1911 2545 bonitate,
1944 2486 1997 2532 et

404 2580 702 2652 generatim
736 2578 804 2633 de
835 2575 1093 2630 omnibus
1142 2586 1263 2641 quae
1288 2575 1435 2626 circa
1467 2571 1637 2625 Deum
1675 2574 1757 2626 vel
1785 2572 1856 2627 de
1888 2572 1999 2627 Deo

404 2679 685 2738 dicuntur,
752 2668 1034 2731 sentiens,
1094 2667 1289 2721 houant
1340 2674 1396 2719 et
1441 2664 1653 2720 sanctis
1696 2677 1999 2717 consonam

406 2763 753 2834 protiteheris
778 2760 1134 2822 theologiam.
1165 2757 1262 2814 Est
1285 2770 1469 2812 autem
1496 2766 1549 2811 et
1572 2756 1774 2812 dicitur
1802 2765 2001 2811 natura

403 2858 616 2913 entiam
650 2854 898 2912 omnium
923 2852 1088 2918 Deus,
1121 2853 1246 2922 quia
1276 2861 1473 2907 cuncta
1504 2866 1629 2907 eum
1650 2851 1998 2921 participant,

413 2964 469 3008 et
516 2949 939 3021 participatione
978 2946 1080 3002 hac
1124 2947 1472 3013 subsistunt;
1529 2960 1639 2999 non
1702 2946 2001 3015 participa-

407 3049 556 3100 tione
586 3043 810 3114 quidem
837 3050 1043 3096 natum
1069 3039 1231 3107 illius,
1260 3039 1430 3094 ahsit!
1464 3038 1557 3093 sed
1583 3037 2002 3108 participatione

2109 543 2207 598 τοῦ
2235 541 2459 615 πρώτου
2489 544 2666 613 φωτὸς
2697 544 3113 616 ἀπαυγάσματα
3138 548 3194 600 αἱ
3224 548 3407 620 νοεραὶ
3431 549 3689 621 δυνάμεις

2109 636 2206 690 καὶ
2242 636 2313 690 τὰ
2348 636 2703 706 λειτουργικὰ
2747 636 3072 708 πνεύματα·
3104 639 3199 693 καὶ
3238 640 3427 713 πρώτη
3452 644 3689 711 φωτεινὴ

2109 729 2291 800 φύσις,
2325 729 2467 801 μετὰ
2496 729 2597 800 τὴν
2650 729 2899 802 πρώτην,
2945 729 3025 801 τῷ
3069 732 3282 786 ἐκεῖθεν
3319 734 3681 804 αὐγάζεσθαι·

2108 827 2205 878 καὶ
2233 824 2489 896 δεύτερον
2519 824 2639 894 φῶς
2666 825 2917 895 ἄγγελος,
2942 827 3037 881 τοῦ
3067 827 3285 899 πρώτου
3312 832 3491 900 φωτὸς
3514 832 3689 905 ἀπορ-

2107 919 2205 989 ροή
2238 934 2345 982 τις,
2386 917 2420 989 ἢ
2459 917 2742 989 μετουσία.
2786 919 2899 972 Καὶ
2938 921 3215 987 κυκλικῶς
3245 925 3293 976 oi
3339 923 3471 978 θεῖοι
3505 927 3690 979 κινού-

2121 1025 2275 1077 μενοι
2300 1010 2443 1077 νόες,
2476 1008 2724 1063 ἐνοῦνται
2757 1012 2878 1075 ταῖς
2903 1013 3158 1085 ἀνάρχοις
3186 1016 3281 1070 καὶ
3316 1017 3689 1090 ἀτελευτήτοις

2104 1101 2405 1173 ἐλλάμψεσι
2443 1101 2538 1158 τοῦ
2590 1104 2759 1158 καλοῦ
2787 1106 2898 1160 ’καὶ
2939 1106 3168 1175 ἀγαθοῦ.
3202 1109 3330 1174 Τοῖς
3358 1111 3467 1182 γὰρ
3500 1112 3692 1177 ἀϊδίοις

2105 1193 2272 1256 αὐτὸς
2313 1196 2341 1249 ὁ
2380 1194 2521 1259 Θεός
2557 1197 2674 1250 ἐστι
2706 1196 2844 1265 φῶς,
2886 1199 2983 1253 καὶ
3032 1200 3134 1254 οὐκ
3178 1200 3340 1257 ἄλλο·
3380 1205 3475 1257 καὶ
3506 1204 3535 1257 ὃ
3580 1208 3688 1269 τοῖς

2106 1285 2388 1358 αἰσθητοῖς
2419 1287 2591 1358 ἥλιος,
2625 1287 2786 1343 τοῦτο
2822 1293 2936 1355 τοῖς
2973 1294 3183 1361 νοητοῖς
3211 1293 3342 1358 Θεός
3363 1312 3378 1327 ο
3409 1297 3502 1349 καὶ
3526 1298 3693 1364 αὑτός

2104 1377 2220 1428 ἐστι
2254 1375 2315 1429 τὸ
2336 1376 2528 1447 πάσης,
2545 1378 2649 1449 τῆς
2681 1377 2909 1449 λογικῆς
2933 1381 3151 1450 φύσεως
3180 1385 3511 1450 φωτιστικδν
3540 1386 3689 1455 πρῶο

2102 1485 2194 1522 τον
2232 1469 2325 1523 καὶ
2361 1469 2665 1541 ἀκρότατον
2691 1472 2829 1542 φῶς.
2874 1492 2893 1524 ‹
2916 1473 3038 1528 Κᾶν
3064 1473 3158 1529 τοῦ
3195 1477 3475 1548 προφήτου
3507 1478 3690 1547 λέγον-

2102 1579 2194 1625 τος
2215 1562 2478 1634 ἀκούσῃς,
2499 1565 2528 1617 ὁ
2558 1564 2938 1637 Χρυσόστομός
2966 1585 3099 1637 φησι
3126 1569 3342 1640 Πατήρ’
3368 1589 3386 1622 t
3426 1567 3580 1627 Εἶδον
3598 1572 3688 1625 τὸν

2103 1653 2306 1725 Κύριον
2350 1654 2661 1725 καθήμενον
2704 1658 2796 1710 ἐπὶ
2828 1656 3051 1730 θρόνουο
3090 1678 3109 1710 ›
3147 1660 3221 1731 μὴ
3242 1660 3398 1715 τοῦτο
3419 1661 3690 1717 ὑποπτεύ-

2107 1764 2227 1822 σῃς,
2262 1749 2345 1802 ὅτι
2375 1747 2474 1821 τὴν
2510 1749 2702 1803 οὐσίαν
2736 1745 2877 1804 εἶδεν
2902 1752 3139 1821 ἐκείνην,
3175 1752 3313 1807 ἀλλὰ
3345 1753 3444 1825 τὴν
3484 1772 3689 1823 συγκα-

2100 1840 2362 1895 τάϐασιν·
2395 1842 2492 1895 καὶ
2530 1842 2735 1913 ταύτην
2796 1842 2852 1898 δὲ
2906 1844 3275 1917 ἀμυδρότερον
3303 1846 3448 1919 ἤπερ
3491 1850 3546 1903 αί
3577 1849 3690 1905 ἄνω

2100 1931 2383 2001 δυνάμεις.

2172 2030 2275 2096 οηῆ
2314 2025 2471 2079 Πᾶσα
2500 2025 2663 2094 φύσις
2714 2025 2792 2088 ὡς
2821 2025 3160 2098 πορρωτάτω
3189 2027 3324 2091 ἐστὶ,
3356 2028 3448 2082 καὶ
3481 2030 3684 2084 παντά-

2103 2133 2241 2171 πασι
2270 2116 2398 2189 ξένη
2434 2120 2533 2189 τῆς
2571 2116 2725 2182 θείας
2761 2118 2999 2187 φύσεως.
3045 2120 3107 2174 Ei
3133 2120 3241 2191 γὰρ
3281 2122 3310 2175 ὁ
3340 2121 3471 2186 Θεὸς
3503 2125 3680 2193 φύσις,

2102 2210 2271 2265 τᾶλλα
2291 2212 2392 2265 οὐκ
2422 2210 2536 2265 ἔστι
2565 2211 2728 2279 φύσις
2749 2229 2762 2242 ·
2790 2214 2837 2266 εί
2871 2213 2930 2266 δὲ
2975 2214 3086 2268 τῶν
3124 2216 3302 2271 ἄλλων
3327 2217 3556 2272 ἕκαστον
3580 2220 3681 2288 φύο

2108 2320 2215 2366 σις,
2250 2304 2461 2368 ἐκεῖνος
2505 2304 2606 2358 οὐκ
2658 2303 2776 2359 ἔστι
2823 2304 3016 2374 φύσις⁹
3056 2305 3131 2370 ὼς
3161 2307 3281 2361 ούδέ
3327 2310 3386 2362 όν
3430 2309 3597 2375 ἐστιν,
3638 2313 3685 2364 εί

2103 2395 2270 2450 τᾶλλα
2305 2395 2436 2452 ὄντα
2467 2396 2637 2450 ἐστίν.
2666 2396 2730 2451 Ei
2759 2396 2803 2450 δ’
2837 2398 2984 2452 ἔστιν
3017 2398 3225 2463 ἐκεῖνος
3260 2399 3354 2468 ὢν,
3386 2401 3555 2457 τᾶλλα
3585 2405 3684 2458 οὐκ

2104 2488 2252 2543 ἔστιν
2290 2487 2441 2545 ὄντα.
2475 2489 2648 2543 Τοῦτο
2690 2490 2828 2543 κάπὶ
2857 2493 2955 2562 τῆς
2983 2492 3175 2562 σοφίας
3208 2493 3302 2547 καὶ
3349 2496 3445 2565 τῆς
3492 2496 3687 2564 ἀγαθό-

2103 2600 2287 2653 τητος,
2325 2585 2420 2639 καὶ
2447 2585 2639 2651 ἁπλῶς
2672 2587 2766 2641 ἐπὶ
2793 2587 3011 2642 πάντων
3033 2586 3143 2641 τῶν
3168 2590 3296 2658 περὶ
3314 2589 3471 2656 Θεὸν,
3507 2590 3686 2661 ἥπερὶ

2103 2676 2242 2731 Θεοῦ
2297 2678 2612 2749 λεγομένων
2645 2676 2958 2748 λαμϐάνων,
3003 2678 3187 2743 καλῶς
3218 2679 3313 2734 καὶ
3356 2683 3468 2744 τοῖς
3513 2681 3687 2750 ἁγίοις

2105 2767 2419 2832 ἀκολούθως
2452 2767 2821 2841 θεολογήσεις.
2860 2768 3016 2823 Ἐστι
3046 2769 3104 2823 δὲ
3142 2770 3236 2824 καὶ
3268 2771 3481 2840 λέγεται
3528 2772 3687 2843 φύσις

2104 2861 2215 2913 τῶν
2272 2861 2448 2915 ὄντων
2480 2862 2701 2915 πάντων
2732 2862 2761 2914 ὁ
2799 2860 2953 2926 Θεὸς,
2995 2861 3073 2925 ὡς
3107 2861 3272 2916 αὐτοῦ
3312 2865 3528 2918 πάντων
3562 2882 3703 2936 μετ-.

2108 2953 2367 3024 εχόντων,
2402 2954 2498 3007 καὶ
2526 2955 2595 3025 τῇ
2634 2953 2849 3025 μεθέξει
2878 2954 3070 3007 τούτου
3116 2955 3496 3009 συνεστώτων·
3532 2958 3591 3011 οὐ
3619 2960 3684 3029 τῇ

2112 3045 2332 3115 μεθέξει
2360 3048 2463 3117 τῆς
2486 3044 2654 3099 αὐτοῦ
2690 3045 2928 3114 φύσεως,
2958 3046 3175 3114 ᾶπαγεῐ
3216 3045 3349 3101 ἀλλὰ
3379 3050 3441 3117 τῇ
3477 3047 3688 3118 μεθέξει

405 3140 525 3208 ejus
564 3134 918 3205 Operationis.
955 3133 1048 3188 Sic
1099 3131 1244 3186 enint
1272 3141 1357 3187 est
1391 3132 1570 3200 ipsum
1605 3144 1730 3186 esse
1760 3129 1995 3194 entium,

2111 3141 2209 3208 τῆς
2267 3136 2436 3191 αὐτοῦ
2493 3137 2794 3208 ἐνεργείας.
2831 3136 2989 3190 Οὕτω
3019 3139 3129 3210 γὰρ
3178 3138 3271 3192 καὶ
3311 3138 3532 3208 ὀντὸτης
3574 3140 3689 3192 ἐστὶ⁵

403 3242 459 3284 et
485 3228 660 3283 tortus
724 3231 1019 3281 turmarum
1080 3223 1239 3294 quasi
1278 3223 1600 3292 archetypa,
1637 3232 1694 3276 et
1724 3220 1995 3291 sapientia

405 3325 757 3394 sapientium,
802 3331 858 3375 et
910 3319 1213 3390 generatim
1262 3318 1447 3374 omnia
1502 3318 1555 3370 in
1580 3316 1856 3373 omnibus.
1884 3313 1997 3371 Nec

403 3428 489 3472 est
518 3425 735 3482 natura,
782 3424 1039 3482 tanquam
1088 3424 1254 3482 supra
1312 3423 1531 3462 onmem
1574 3417 1866 3476 naturam;
1897 3423 1995 3465 nec

403 3523 486 3566 cst
517 3525 638 3574 ens,
693 3520 955 3578 tanquam
1002 3520 1167 3575 supra
1220 3503 1405 3561 omnia
1450 3502 1638 3567 entia;
1687 3516 1789 3557 nec
1823 3502 1996 3558 forma

406 3615 512 3672 cst,
547 3618 653 3659 nec
706 3601 936 3657 formam
966 3598 1152 3665 habet,
1188 3606 1442 3665 tanquam
1482 3598 1528 3650 sl
1560 3609 1728 3665 supra
1760 3593 2005 3650 formam”

405 3709 498 3751 su.
528 3692 817 3762 Quoanodo
851 3691 1018 3762 igitur
1046 3703 1148 3744 nos
1189 3701 1357 3758 prope
1396 3686 1561 3742 Deum
1594 3686 1825 3742 ﬁamus?
1855 3686 1996 3741 Nutu

406 3793 473 3843 ad
509 3801 755 3842 naturam
774 3787 894 3856 ejus
920 3781 1467 3855 appropinquantes?
1486 3779 1593 3836 Sed
1618 3788 1998 3837 creaturarum

406 3896 473 3933 ne
502 3894 606 3935 una
632 3878 850 3949 quidem
895 3875 1060 3930 ullam
1104 3873 1266 3929 habet
1306 3872 1862 3928 communicationem
1905 3883 2003 3925 aut

406 3972 730 4027 atiinitatem
785 3964 910 4024 cum
943 3980 1202 4033 suprema
1243 3975 1461 4021 natura.
1518 3963 1574 4019 Si
1605 3966 1728 4035 quis
1772 3982 1903 4036 ergo
1932 3967 1999 4019 ad

407 4066 577 4120 Deum
603 4065 833 4127 accedit,
861 4060 1185 4132 operatione
1245 4075 1468 4129 prorsus
1500 4060 1549 4114 ei
1575 4060 1998 4131 appropinquat.

405 4159 691 4224 Quomodo
746 4154 951 4224 igitur?
985 4153 1054 4209 Ut
1103 4153 1247 4208 hanc
1279 4152 1579 4222 participas
1631 4152 2002 4207 naturaliter?

406 4251 512 4304 Sed
555 4249 607 4303 id
643 4262 937 4303 commune
965 4254 1050 4301 est.
1081 4246 1336 4301 omnibus
1385 4247 1675 4301 creaturis.
1717 4245 1859 4318 Ergo
1889 4262 2000 4302 non

407 4358 505 4412 per
531 4340 859 4397 naturaliter
883 4338 1068 4405 insita,
1097 4344 1193 4394 sed
1235 4353 1333 4407 per
1365 4339 1537 4396 libere
1574 4342 1718 4395 facta
1770 4343 2003 4410 propior

407 4435 535 4505 quis
585 4431 695 4488 Deo
725 4432 809 4488 vel
851 4432 919 4487 ab
974 4447 1038 4486 co
1074 4433 1335 4487 remetior
1372 4432 1469 4500 tit;
1529 4434 1783 4489 libertate
1817 4444 1998 4487 autent

2107 3230 2216 3285 τῶν
2244 3229 2439 3298 ὄντων,
2468 3231 2565 3284 καὶ
2596 3226 2737 3294 εῐδος
2781 3233 2840 3284 ἐν
2869 3232 2984 3294 τοῖς
3027 3232 3224 3284 εἴδεσιν
3254 3231 3329 3294 ὡς
3381 3231 3685 3303 είδεάρχης.

2108 3321 2204 3376 καὶ
2243 3322 2410 3392 σοφία
2441 3323 2553 3377 τῶν
2608 3322 3005 3393 σοφιζομένων,
3041 3322 3133 3376 καὶ
3165 3321 3353 3386 ἁπλῶς
3401 3322 3467 3378 τὰ
3516 3324 3690 3378 πάντα

2110 3415 2365 3471 πάντων
2392 3416 2487 3470 καὶ
2518 3417 2619 3470 ούκ
2662 3415 2739 3470 ὢν
2779 3415 2963 3484 φύσις,
2994 3415 3072 3480 ὼς
3116 3415 3256 3487 ὑπὲρ
3288 3414 3464 3470 πᾶσαν
3492 3414 3650 3486 φύσιν
3669 3431 3685 3445 ο

2110 3512 2204 3567 καλ⁸
2229 3513 2332 3566 οὐκ
2358 3510 2436 3567 ὣν
2468 3512 2565 3577 ὢν,
2595 3512 2672 3576 ὡς
2703 3512 2844 3582 ὑπὲρ
2880 3511 3060 3565 πάντα
3091 3510 3160 3564 τὰ
3182 3513 3311 3565 ὄντα
3330 3528 3344 3543 ·
3377 3511 3468 3565 καὶ
3496 3511 3595 3565 οὐκ
3614 3509 3689 3564 ὣν

2108 3604 2219 3658 οὐδ’
2248 3605 2392 3675 ἔχων
2433 3601 2594 3668 εἶδος.
2618 3603 2696 3667 ὡς
2735 3603 2877 3673 ὑπὲρ
2924 3598 3064 3666 εἶδος
3092 3601 3190 3658 ὧν.
3228 3603 3351 3667 Πῶς
3391 3601 3483 3656 οὖν
3526 3586 3690 3673 ἡμεῖς

2111 3697 2341 3765 πλησίον
2366 3694 2463 3748 τοῦ
2485 3694 2622 3749 Θεοῦ
2651 3693 2976 3765 γενώμεθα;
3003 3690 3150 3764 ’Ἄρα
3177 3697 3243 3766 τῇ
3275 3692 3430 3762 φύσει
3458 3692 3691 3763 πλησιά-

2111 3789 2297 3854 ζοντες
2328 3788 2530 3855 αὖτοῦ;
2571 3788 2687 3842 ἀλλ’
2716 3787 2837 3842 οὐδὲ
2874 3787 3002 3858 μίαν
3047 3787 3160 3858 ἔχει
3189 3788 3221 3859 ἢ
3255 3786 3365 3853 ἕξει
3411 3788 3690 3840 κοινωνίαν

2113 3884 2144 3954 ἢ
2185 3880 2470 3952 ἐγγύτητα
2502 3881 2640 3951 πρὸς
2667 3879 2767 3951 τὴν
2796 3880 3058 3934 ἀνωτάτω
3096 3877 3279 3950 φύσιν,
3316 3878 3425 3935 τῶν
3460 3878 3690 3935 κτιστῶν

2110 3971 2371 4027 ἁπάντων
2405 3969 2526 4023 οὐδὲ
2557 3969 2640 4026 ἐν.
2669 3969 2845 4042 Εἴπερ
2880 3967 2975 4024 οῦν
3009 3988 3093 4034 τις
3116 3971 3309 4040 γέγονε
3344 3970 3566 4042 πλησίον
3594 3969 3688 4022 τοῦ

2112 4061 2270 4128 Θεοῦ,
2300 4064 2366 4134 τῇ
2403 4062 2655 4134 ἐνεργείᾳ
2702 4062 2921 4126 πάντως
2963 4062 3304 4133 ἐπλησίασεν
3336 4061 3522 4117 αὐτοῦ.
3569 4062 3689 4126 Πῶς

2112 4153 2238 4215 οῦνξ
2299 4153 2388 4219 Ὠς
2453 4153 2701 4225 μετέχων
2753 4153 2972 4225 ἐκείνης
3016 4151 3295 4222 φυσικῶς;
3353 4150 3486 4205 ἀλλᾶ
3536 4150 3689 4204 τοῦτο

2112 4249 2292 4301 κοινόν
2320 4247 2436 4298 ἐστι
2473 4243 2693 4298 πάντων
2721 4243 2832 4298 τῶν
2875 4243 3219 4314 κτισμάτων.
3254 4240 3459 4297 Οὐκοῦν
3491 4241 3551 4293 οὐ
3580 4243 3690 4305 τοῖς

2114 4339 2178 4390 ἐκ
2222 4335 2442 4404 φύσεως
2496 4334 2820 4405 προσοῦσιν,
2860 4334 2997 4389 ἀλλὰ
3033 4334 3147 4397 τοῖς
3195 4333 3292 4406 ἐκ
3325 4329 3690 4403 προαιρέσεως

2115 4433 2600 4504 προσγινομένοις,
2626 4430 2858 4504 πλησίον
2886 4449 2973 4495 τις
2997 4431 3030 4504 ἢ
3059 4430 3280 4502 μακρὰν
3307 4429 3514 4497 γίνεται
3533 4422 3686 4480 Θεοῦ·

408 4526 695 4581 rationalia
753 4534 958 4579 tantum
1014 4524 1276 4595 gaudent.
1346 4526 1539 4595 itaque
1591 4526 1738 4580 inter
1788 4527 1997 4594 omnia,

2113 4497 2436 4596 προαίρεσις
2463 4523 2521 4578 δὲ
2567 4497 2735 4595 μόνον
2769 4522 2880 4576 τῶν
2924 4497 3158 4592 λογικῶν
3183 4497 3331 4574 ἐστι.
3382 4518 3565 4571 Ταῦτα
3599 4511 3689 4570 οὖν

409 4623 524 4676 inec
564 4629 775 4674 tantum
805 4627 897 4672 aut
925 4618 1112 4690 procul
1147 4627 1240 4673 aut
1274 4634 1439 4689 prope
1484 4619 1615 4673 (iant
1638 4635 1767 4688 erga
1807 4620 1997 4683 Deum,

409 4729 531 4778 quae
572 4714 774 4768 virtute
827 4722 922 4766 aut
968 4710 1207 4779 nequitia
1254 4713 1369 4766 sive
1402 4710 1668 4765 accedunt
1700 4712 1819 4766 sive
1850 4727 2002 4767 recc-

410 4802 693 4859 duutl‘Et
723 4803 954 4873 proinde
998 4800 1167 4855 etiam
1202 4801 1320 4856 haec
1353 4811 1561 4855 tantum
1616 4802 1838 4869 capacia
1875 4813 2000 4857 sunt

411 4897 689 4950 telieitatis
750 4904 845 4949 aut
874 4893 1236 4950 infelicitatis.
1293 4897 1364 4950 At
1395 4908 1497 4949 nos
1537 4892 1850 4950 felicitatem
1883 4905 2000 4952 stu-

411 4993 639 5044 deamus
676 4989 959 5057 consequi.

484 5081 572 5136 79.
603 5081 734 5135 Aliae
761 5081 827 5136 ab
853 5080 976 5136 aliis
1007 5080 1322 5137 diti‘ereutes
1357 5088 1645 5149 creaturas,
1690 5083 1772 5138 vel
1806 5093 2001 5140 natura

416 5175 529 5228 Deo
552 5172 761 5236 aﬂittcs,
796 5172 887 5226 vel
905 5173 1094 5226 aliena:
1120 5174 1197 5226 ab-
1225 5187 1293 5227 eo
1315 5171 1593 5228 dicuntur.
1620 5172 1821 5230 Aiﬁnes
1855 5179 1999 5231 enim

413 5264 634 5317 iteitatis
663 5270 928 5318 vocantur
958 5271 1175 5316 naturae
1211 5262 1613 5318 intellectuales
1641 5271 1694 5318 et
1723 5264 2000 5323 intellectu

415 5357 532 5411 sulo
564 5364 866 5425 perceptae;
898 5354 1090 5409 alienae
1121 5368 1255 5409 vero.
1281 5370 1527 5424 prorsus,
1559 5371 1679 5425 qua:
1702 5369 1830 5414 sunt
1869 5376 1999 5417 seu-

417 5449 637 5513 sihiles;
671 5459 726 5502 et
754 5450 839 5503 his
872 5448 1001 5518 ipsis
1050 5449 1231 5505 adhuc
1261 5450 1603 5514 remotiores,
1634 5468 1753 5522 qua:
1776 5457 2004 5514 omnino

418 5538 730 5595 inanintata:
767 5549 824 5595 et
875 5538 1185 5595 immobiles
1249 5551 1397 5597 sunt.
1437 5540 1785 5610 Cutnparatm
1833 5549 2003 5619 igitur

415 5633 516 5687 sibi
576 5634 808 5688 invicem
867 5643 1161 5701 creaturae,
1216 5635 1426 5691 similes
1495 5635 1602 5694 Deo
1659 5653 1876 5710 natura,
1915 5646 1999 5700 vel

495 5817 540 5850 ³⁸
564 5820 664 5877 ba.
697 5835 774 5888 Vt,
815 5820 861 5875 ι.

2113 4618 2252 4687 μόνα
2275 4616 2386 4671 τῶν
2411 4616 2588 4672 ἄλλων
2618 4614 2902 4682 ἁπάντων,
2928 4614 2960 4685 ἢ
2996 4613 3213 4685 μακρὰν
3235 4612 3269 4684 ἢ
3296 4611 3462 4679 ἐγγὺς
3488 4610 3692 4677 γίνεται
3744 4624 3767 4671 ’ν

2109 4706 2247 4764 Θεοῦ
2268 4725 2283 4741 ο
2317 4707 2384 4761 δι’
2414 4708 2619 4779 ἀρετῆς
2650 4707 2683 4779 ἦ
2724 4708 2948 4774 κακίας,
2976 4706 3009 4777 ἢ
3038 4703 3328 4774 ἐγγίζοντα
3354 4705 3387 4778 ἢ
3421 4701 3692 4773 μακρυνό-

2114 4817 2275 4870 μενα.
2325 4799 2513 4855 Ταῦτα
2584 4799 2881 4871 τοιγαροῦν
2938 4797 3080 4871 μόνα
3132 4798 3226 4851 καὶ
3275 4795 3496 4849 δεκτικᾶ
3547 4795 3690 4847 ἐστιν
3750 4818 3758 4825 -

2112 4890 2430 4962 ἀθλιότητος
2462 4891 2494 4961 ἢ
2533 4889 2964 4961 μακαριότητος.
3004 4888 3146 4942 Ἀλλ’
3184 4889 3347 4959 ἡμεῖς
3372 4886 3690 4956 σπεύσωμεν

2109 4982 2212 5053 τῆς
2244 4982 2650 5052 μακαριότητος
2674 4980 3055 5036 ἐπιλαϐέσθαι.

2185 5071 2285 5128 οθ’.
2332 5072 2496 5127 Ἀλλο
2550 5075 2651 5144 μὲν
2694 5074 2832 5145 πρὸς
2882 5073 3012 5128 ἄλλο
3062 5072 3171 5126 τῶν
3209 5072 3518 5142 κτισμάτων
3562 5085 3689 5137 συγ-

2111 5166 2460 5238 κρινόμενον,
2495 5168 2695 5220 οἰκεῖον
2729 5165 2868 5220 Θεοῦ
2908 5167 3049 5220 κατὰ
3080 5164 3264 5235 φύσιν,
3297 5163 3330 5235 ἢ
3362 5164 3507 5230 ξένον
3537 5162 3690 5232 λέγε-

2110 5278 2222 5318 ται.
2257 5254 2475 5315 Οἱκεῖον
2519 5258 2619 5330 μὲν
2642 5257 2775 5330 γὰρ,
2801 5258 2957 5330 φησὶ,
2989 5257 3260 5329 θεότητος,
3286 5257 3342 5310 αἱ
3375 5254 3556 5325 νοεραὶ
3588 5253 3688 5324 φύ-

2115 5371 2257 5420 σεις,
2287 5352 2384 5409 καὶ
2405 5353 2482 5425 νῷ
2508 5353 2657 5423 μόνῳ
2677 5352 2883 5422 ληπταί
2900 5368 2917 5384 ο
2948 5350 3097 5417 ξένον
3111 5351 3167 5404 δὲ
3188 5351 3546 5412 παντάπασιν,
3570 5349 3688 5401 ὅσαι

2113 5447 2221 5501 ὑπὸ
2240 5446 2339 5519 τὴν
2365 5444 2620 5514 αἴσθησιν
2638 5461 2653 5477 ο
2679 5447 2774 5499 καὶ
2797 5444 3003 5499 τούτων
3023 5443 3203 5499 αὐτῶν
3221 5443 3305 5497 ἔτι
3336 5440 3684 5513 πορρωτέρω,
3724 5434 3739 5445 “

2114 5541 2244 5594 ὅσαι
2284 5536 2567 5601 παντελῶς
2596 5537 2794 5609 ἄψυχοι
2847 5536 2946 5591 καὶ
2995 5536 3263 5609 ἀκίνητοι.
3305 5534 3446 5606 Πρὸς
3487 5531 3687 5601 ἄλληλα

2114 5632 2296 5687 τοίνυν
2323 5630 2390 5686 τὰ
2419 5629 2696 5701 κτίσματα
2727 5629 3153 5703 συγκρινόμενα,
3194 5630 3369 5684 οἰκεῖα
3393 5624 3514 5697 Θεῷ
3549 5624 3685 5677 κατὰ
