3988 6486
427 384 560 449 1177

1339 376 1616 435 CAl‘lTA
1657 377 2011 440 PHYSICA.
2052 377 2571 447 THEOLOGICA,
2613 379 2776 443 ETC.

3549 382 3690 447 1173

408 475 570 539 φύσιν
590 470 624 543 ἢ
645 469 768 535 ξένα
786 471 1018 540 λέγεται·
1035 477 1173 531 αὐτὰ
1184 479 1240 532 δὲ
1259 484 1378 534 καθ’
1399 486 1539 538 αὐτὰ
1563 488 1722 555 φύσιν
1740 491 1979 552 ἅπαντα.

2103 485 2396 540 dissimiles
2426 485 2720 550 dicuntur;
2755 486 2848 539 sed
2882 485 2934 540 in
2969 485 3162 553 scipsis
3190 496 3470 556 spectatae.
3499 504 3689 543 omnes

403 568 531 633 ξένα
564 569 683 622 ἐστὶ
704 569 862 626 Θεου.
899 573 1068 628 Πλέον
1094 576 1203 646 γὰρ
1235 578 1346 632 οὐδ’
1375 579 1500 634 ὅσον
1553 584 1728 638 εἰπεῖν
1752 591 1785 658 ἡ
1825 591 1986 660 νοερά

405 660 568 729 φύσις
611 664 802 734 πόρρω
832 666 951 719 ἐστὶ
979 668 1140 732 Θεοῦ,
1191 672 1224 740 ἢ
1256 672 1380 724 ὅσον
1412 674 1667 740 αἴσθησίς
1691 695 1750 730 τε
1791 680 1886 734 καὶ
1918 683 1987 736 τὰ

405 752 500 804 ὑπ’
551 754 803 822 αἴσθησιν
852 756 961 810 τῶν
1021 759 1224 829 νοερῶν
1281 763 1497 834 ἀπέχει.
1550 767 1820 824 Τοσοῦτον
1891 773 1986 827 οὖν

411 845 710 915 ἀπέχοντες
760 852 824 920 τῇ
879 851 1000 903 καθ’
1035 853 1184 923 ἡμᾶς
1233 854 1395 924 φύσει
1438 859 1533 910 τοῦ
1566 860 1740 927 Θεοῦ,
1793 863 1984 930 ὅντως,

403 939 527 990 οὐαὶ
561 943 712 1008 ἡμῖν,
741 945 789 995 εί
830 943 904 1015 μὴ
929 945 1062 1011 γοῦν
1100 948 1165 1000 ὲκ
1211 952 1585 1020 προαιρέσεως
1614 957 1877 1026 χρηστῆς,
1919 958 1986 1010 δι’

403 1033 582 1102 ἔργων
614 1037 706 1088 καὶ
728 1037 949 1107 τρόπων
989 1039 1234 1107 ἀγαθῶν,
1275 1044 1443 1110 ἐγγὺς
1477 1045 1640 1098 αὑτοῦ
1672 1049 1984 1117 γενοίμεθα.

475 1129 548 1177 π’.
623 1124 684 1176 Ἠ
739 1125 848 1178 τῶν
897 1126 1058 1180 Θείων
1113 1129 1394 1200 Θεηγόρων
1446 1131 1628 1195 ἔνθεος
1680 1135 1774 1188 καὶ⁹
1832 1139 1984 1208 κοινὴ

402 1213 646 1280 γλῶσσα,
673 1217 1035 1286 Δαμασκηνὸς
1067 1219 1097 1270 ὁ
1125 1218 1383 1290 Θεοφόρος
1440 1223 1607 1290 φησὶν
1646 1225 1705 1276 ὲν
1749 1224 1986 1297 δευτέρῳ

399 1305 510 1358 τῶν
547 1307 873 1375 θεολογικῶν
917 1309 1082 1363 αὑτοῦ
1123 1312 1437 1380 κεφαλαίων
1467 1329 1480 1342 °
1512 1335 1530 1366 ι
1571 1317 1688 1387 Χρὴ
1735 1319 1826 1371 τὸν
1859 1323 1986 1389 περὶ

401 1397 536 1450 Θ;οῦ
565 1416 617 1450 τι
645 1400 826 1467 λέγειν
855 1403 887 1473 ἢ
920 1402 1140 1456 ἀκούειν
1173 1404 1518 1474 βουλόμενον,
1547 1409 1734 1476 σαφῶς
1761 1410 1983 1473 εἰδέναι,

331 1560 334 1563 _
402 1488 476 1551 ὡς
515 1489 638 1541 οὐδὲ
671 1491 849 1543 πάντα
879 1491 1117 1562 ἄρρητα,
1147 1494 1269 1546 οὐδὲ
1306 1495 1484 1549 πάντα
1512 1497 1672 1566 ῥητὰ,
1700 1499 1769 1552 τά
1797 1517 1856 1552 τε
1887 1501 1985 1572 τῆς

401 1580 702 1647 θεολογίας,
746 1583 816 1634 τά
861 1599 921 1635 τε
970 1583 1070 1652 τῆς
1109 1585 1464 1654 οἰκονομίας*
1497 1588 1622 1640 οὕτε
1667 1589 1773 1660 μὴν
1804 1592 1986 1646 πάντα

399 1670 642 1737 γνωστὰ,
684 1671 810 1724 οὐδὲ
840 1672 1020 1725 πάντα
1047 1672 1325 1740 ἄγνωστα.
1363 1676 1535 1749 Ὑπὲρ
1565 1679 1722 1748 λόγον
1751 1681 1797 1734 δ’
1828 1682 1985 1752 ίσμεν

401 1762 495 1814 καὶ
539 1763 638 1815 ὅσα
689 1764 873 1831 λέγειν
913 1767 1128 1833 ἐφεῖται
1166 1767 1274 1820 τῶν
1327 1768 1509 1836 θείων,
1539 1770 1616 1834 ὡς
1659 1772 1756 1825 καὶ
1806 1776 1983 1827 ταῦτα

400 1852 522 1907 καθ’
563 1855 905 1925 ὑπερέχοντα
930 1857 1086 1924 λόγον
1118 1856 1199 1927 (οὐ
1239 1859 1350 1929 γὰρ
1396 1861 1500 1926 ἔξω
1537 1860 1700 1930 λόγου
1740 1864 1860 1916 κατ’
1892 1865 1981 1917 ἐλ-

398 1943 595 2013 λειψιν,
629 1944 746 1998 ἀλλ’
781 1948 938 2010 ἐκτὸς
974 1949 1134 2017 λόγου
1164 1951 1260 2003 τοῦ
1301 1953 1419 2006 καθ’
1449 1955 1641 2023 qui),
1675 1956 1732 2008 ὅν
1767 1956 1813 2010 θ’
1851 1960 1982 2027 ἡμῖν

399 2037 582 2100 αὐτοῖς
626 2037 1040 2107 ἑνδιαιτώμενον
1107 2040 1337 2110 ἔχομεν,
1392 2045 1486 2097 καὶ¹
1542 2044 1600 2097 ὃν
1660 2046 1790 2116 παρ’
1825 2048 1982 2116 ἡμῶν

399 2130 578 2184 αὐτῶν
603 2132 682 2192 είς
717 2132 891 2199 ἀκοὴν
928 2133 1132 2203 ἑτέρων
1151 2120 1494 2205 προάγομεν.
1519 2135 1660 2190 Οὔτε
1688 2139 1798 2208 γὰρ
1827 2134 1982 2204 οὗτος

399 2225 721 2294 ἑρμηνεύων
752 2225 1110 2294 παραστῆσαι
1142 2225 1346 2280 δύναιτ’
1383 2228 1472 2292 ἂν,
1504 2227 1616 2282 οὔτ’
1651 2232 1854 2292 ἐκεῖνος
1884 2249 1984 2285 ποι

398 2316 822 2387 λυπραγμονῶν,
855 2315 1068 2370 οἴκοθεν
1107 2316 1339 2386 ὲφίκοιτ’
1385 2319 1472 2374 ἄν.
1513 2338 1532 2370 ι
1569 2320 1685 2372 Οὐκ
1730 2322 1818 2391 ἄρ’
1851 2323 1980 2392 ἡμῖν

397 2411 583 2473 αὐτοῖς
614 2409 976 2479 ἐπιτρεπτέον
1015 2410 1148 2480 περὶ
1187 2410 1320 2463 Θεοῦ
1347 2429 1401 2464 τι
1437 2412 1648 2480 λέγειν·
1688 2413 1804 2466 ἀλλ’
1835 2416 1981 2483 ἡμᾶς

398 2502 600 2565 αὐτοὺς
633 2504 1003 2571 ἐπιτρεπτέον
1043 2503 1182 2574 πρὸς
1216 2504 1344 2566 τοὺς
1379 2505 1437 2556 ἑν
1466 2505 1738 2574 πνεύματι
1774 2507 1841 2559 τὰ
1884 2507 1978 2560 τοῦ

400 2594 712 2663 πνεύματος
746 2593 1065 2659 λαλοῦντας,
1095 2596 1190 2648 καὶ
1233 2597 1364 2650 ὅταν
1410 2598 1684 2650 ἀπαιτῶσι
1737 2599 1894 2667 λόγον
1929 2601 1978 2652 oi

395 2684 792 2754 ἀντικείμενοι.

470 2774 586 2830 πα’.
628 2777 798 2830 Φασὶν
837 2778 1247 2860 ἐπιγεγράφθαι
1273 2781 1381 2832 τῶν
1409 2779 1698 2850 προθύρων
1723 2781 1821 2850 τῆς
1852 2799 1979 2852 σχο-

398 2873 500 2940 λῆς
534 2872 628 2925 τοῦ
654 2871 942 2934 Πλάτωνος
960 2889 974 2903 ·
1008 2893 1026 2923 ι
1052 2874 1259 2942 Μηδεὶς
1284 2874 1472 2926 εἰσίτω
1492 2873 1932 2943 ἀγεωμέτρητος.
1954 2893 1972 2924 ι

398 2967 584 3035 Πάντη
616 2967 675 3019 δέ
712 2968 861 3019 ἐστιν
889 2967 1337 3038 ἀγεωμέτρητος,
1359 2968 1388 3018 ὁ
1422 2967 1495 3037 μὴ
1524 2966 1822 3036 δυνάμενος
1850 2966 1976 3035 περὶ

395 3058 505 3112 τῶν
527 3059 851 3129 ἀχωρίστων
874 3059 951 3122 ὡς
978 3060 1405 3129 κεχωρισμένων
1434 3058 1766 3111 διανοεῖσθαί
1793 3075 1852 3110 τε
1882 3057 1978 3111 καὶ

393 3152 760 3220 διαλέγεσθαι.
799 3148 950 3204 Εἶναι
980 3150 1090 3222 γὰρ
1145 3151 1322 3222 πέρας
1367 3152 1536 3222 χωρὶς
1583 3150 1677 3205 τοῦ
1712 3168 1979 3219 περατου-

399 3245 584 3312 μένου,
621 3243 728 3297 τῶν
759 3244 1057 3298 ἀδυνάτων.
1085 3246 1408 3314 Γεωμετρία
1456 3244 1534 3308 δὲ,
1569 3245 1699 3316 περὶ
1735 3244 1842 3297 τῶν
1881 3261 1980 3296 πε-

396 3337 578 3404 ράτων
621 3336 805 3406 σχεδὸν
844 3338 989 3400 ἄπας
1019 3339 1047 3391 ὁ
1094 3338 1284 3406 λόγος’
1330 3337 1367 3392 ἃ.
1411 3339 1506 3392 καὶ
1537 3341 1708 3408 χωρὶς
1742 3339 1850 3392 τῶν
1886 3355 1982 3390 πε-

395 3429 770 3500 ρατουμένων,
804 3429 917 3482 ἔσθ’
948 3432 1038 3484 ὅτε
1091 3431 1216 3484 καθ’
1247 3430 1417 3485 ἑαυτά
1455 3433 1550 3485 καὶ
1589 3431 1831 3502 ὁρίζεται
1883 3431 1979 3484 καὶ

395 3521 782 3591 προϐάλλεται,
816 3521 912 3574 τοῦ
960 3523 1054 3574 νοῦ
1084 3523 1414 3592 χωρίζοντος
1453 3522 1528 3576 τὰ
1571 3523 1873 3594 ἀχώριστα.
1921 3523 1979 3577 Ὀ

393 3611 453 3664 δὲ
476 3611 540 3664 τὸ
572 3612 732 3678 σῶμα
758 3611 868 3664 τῶν
909 3613 1040 3682 περὶ
1070 3612 1206 3665 αὐτὸ
1246 3612 1501 3684 χωρίζειν
1533 3612 1610 3682 τῷ
1638 3612 1716 3683 νῷ
1751 3595 1980 3682 μηδέπω

397 3704 620 3775 μαθὼν,
657 3705 774 3766 πῶς
821 3705 1046 3757 ἀκούσει
1094 3705 1224 3775 περὶ
1277 3704 1496 3772 φύσεως
1554 3703 1678 3757 καθ’
1733 3705 1978 3772 έαυτήν;

396 3797 558 3859 "litt;
584 3797 644 3849 ού
678 3797 836 3864 μόνον
865 3795 1167 3866 ἀχώριστός
1196 3797 1312 3848 ἐστι
1332 3793 1442 3848 τῶν
1468 3795 1715 3864 φυσικῶν
1741 3795 1980 3864 ἐνυπάρ-

394 3906 568 3956 χουσα
607 3884 842 3948 τούτοις,
877 3889 992 3942 ἀλλ’
1026 3889 1134 3942 οὐδ’
1177 3883 1318 3941 εἶναί
1366 3904 1496 3940 ποτε
1536 3886 1756 3940 δύναται
1809 3888 1980 3958 χωρὶς

395 3980 599 4034 αὐτῶν.
622 3981 744 4043 Πῶς
763 3980 986 4034 ἀκούσει
1015 3981 1146 4052 περὶ
1166 3980 1277 4035 τῶν
1299 3979 1421 4033 καθ’
1443 3979 1566 4033 ὅλου
1588 3981 1664 4042 ὠς
1686 3979 1805 4032 καθ’
1831 3979 1976 4043 ὅλου,

396 4071 542 4143 ἅπερ
575 4074 634 4125 ἐν
655 4075 767 4136 τοῖς
809 4075 1056 4142 μερικοῖς
1090 4073 1227 4137 είσι;
1263 4073 1339 4140 νῷ
1373 4071 1468 4126 καὶ
1503 4071 1646 4141 λόγῳ
1677 4073 1824 4141 μόνῳ
1857 4070 1981 4124 τού·-

399 4181 504 4216 των
533 4162 912 4235 διαιρούμενα,
954 4165 1050 4218 καὶ
1085 4165 1186 4235 πρὸ
1214 4163 1325 4218 τῶν
1349 4163 1561 4217 πολλῶν
1593 4164 1880 4233 νοούμενα,
1912 4164 1981 4217 τὰ

395 4256 504 4306 τῶν
543 4255 757 4310 πολλῶν
792 4255 924 4309 ἄνευ
963 4255 1230 4326 μηδαμῶς
1263 4255 1392 4308 ὄντα
1439 4255 1520 4327 τῷ
1566 4273 1630 4322 γε
1663 4255 1855 4326 ἀληθεῖ
1890 4255 1981 4309 λόο-

397 4364 510 4417 γῳς
547 4347 671 4410 Πῶς
725 4348 951 4402 ἀκούσει
1003 4349 1134 4419 περὶ
1187 4347 1396 4419 νοητῶν
1426 4350 1521 4402 καὶ
1569 4349 1811 4419 νοερῶν;
1860 4348 1978 4412 πῶς

394 4439 620 4493 ἀκούσει
659 4441 754 4496 καὶ
783 4440 910 4493 νοῦν
937 4441 1168 4498 ἕκαστον
1192 4440 1350 4511 ἡμῶν
1383 4440 1529 4510 ἔχειν
1555 4440 1842 4510 λεγόντων,
1885 4441 1979 4494 καὶ

2001 3195 2050 3257 C

2104 586 2298 630 natura
2337 587 2466 632 sunt
2493 591 2521 629 a
2557 577 2667 632 Deo
2704 577 2919 631 alienae.
2959 577 3148 645 Magis,
3185 593 3352 646 supra
3385 595 3548 640 quam
3577 581 3686 632 diei

2101 678 2302 735 potest,
2333 668 2714 722 intellectualis
2746 678 2936 722 natura
2967 668 3155 738 procul
3183 680 3266 722 est
3293 685 3322 722 a
3361 668 3491 730 Deo,
3517 684 3684 737 quam

2099 773 2295 813 sensus
2355 769 2411 814 et
2457 760 2737 815 sensibilia
2798 761 2868 815 ab
2935 761 3392 816 intellectualibus
3453 762 3680 835 distant.

2098 847 2330 902 Tantum
2387 850 2553 920 igitur
2586 868 2614 904 a
2647 853 2756 906 Deo
2817 865 3006 905 natura
3066 863 3252 906 nostra
3298 854 3541 918 remotis,
3587 869 3668 906 va:

2099 943 2346 1010 preteeto
2377 945 2551 1006 nobis.
2587 946 2632 1000 si
2665 961 2771 999 non
2805 947 2944 1000 bona
2989 945 3290 1009 voluntate,
3317 946 3681 1014 operibusque

2096 1049 2161 1085 ac
2185 1035 2425 1089 moribus
2446 1036 2626 1103 bonis,
2662 1037 2726 1090 ad
2756 1052 2876 1090 eum
2903 1039 3248 1091 accedamus.

2167 1125 2257 1180 80.
2294 1126 2563 1180 Divinitus
2592 1137 2643 1181 et
2686 1129 2828 1183 divis
2859 1131 3124 1198 theologis
3161 1147 3402 1187 consone
3431 1135 3678 1203 laqueus,

2095 1218 2271 1272 deifer
2304 1219 2678 1275 Damascenus
2709 1221 2842 1274 dicit
2886 1223 2939 1276 in
2975 1225 3216 1277 secundo
3249 1225 3676 1294 theologirorum

2094 1310 2331 1376 capitum
2368 1327 2382 1366 :
2425 1330 2442 1361 ι
2475 1311 2577 1376 Qui
2612 1313 2678 1364 de
2734 1311 2844 1366 Deo
2897 1312 3106 1380 aliquid
3163 1315 3346 1368 dicere
3381 1316 3462 1368 vel
3488 1317 3679 1368 audire

2096 1402 2224 1466 vult,
2254 1404 2302 1457 ei
2339 1405 2488 1457 clare
2531 1405 2813 1458 sciendum
2843 1415 2926 1459 est
2951 1408 3002 1460 in
3032 1407 3139 1460 Ι)οο
3161 1407 3293 1460 etin
3326 1406 3674 1462 Providentia

2092 1510 2194 1550 nec
2223 1497 2404 1550 Omnia
2428 1511 2548 1550 esse
2576 1497 2890 1561 ineffabilia,
2919 1515 3021 1551 nec
3044 1501 3224 1553 omnia
3250 1499 3510 1562 eﬂ‘abilia,
3534 1501 3676 1554 sicut

2091 1602 2194 1640 nec
2219 1589 2401 1640 omnia
2438 1589 2673 1653 scibilia,
2701 1605 2803 1645 nec
2830 1591 3012 1644 omnia
3047 1591 3352 1646 nescibilia.
3380 1592 3486 1646 Sed
3508 1608 3671 1660 supra

2091 1695 2396 1734 sermonem
2421 1696 2544 1735 esse
2568 1682 2771 1735 scimus
2815 1698 3156 1752 quascunque
3177 1685 3243 1736 de
3272 1685 3380 1737 Deo
3401 1684 3672 1751 dicimus;

2088 1773 2289 1842 quippe
2343 1789 2463 1840 qua?
2509 1777 2924 1842 superemineat
2977 1791 3285 1830 sermonem
3332 1778 3464 1846 (non
3526 1778 3673 1830 enim

2091 1876 2242 1918 extra
2270 1881 2577 1920 sermonem
2632 1876 2761 1920 sunt
2793 1879 3013 1937 propter
3065 1869 3362 1935 defectum,
3399 1870 3490 1923 sed
3517 1880 3671 1922 extra

2090 1972 2398 2014 sermonem
2459 1959 2750 2027 nostrum),
2817 1974 2976 2026 quem
3029 1961 3187 2016 nobis
3239 1960 3371 2029 ipsis
3424 1962 3671 2014 intimum

2092 2051 2374 2114 habemus,
2408 2058 2461 2104 et
2503 2065 2662 2116 quem
2690 2065 2718 2102 a
2754 2051 3026 2107 nobismet
3056 2054 3121 2105 ad
3152 2053 3385 2108 aliorum
3417 2054 3669 2106 auditum

2089 2142 2440 2212 proferimus.
2496 2141 2630 2196 Nam
2665 2158 2839 2212 neque
2887 2146 2974 2197 hic
3019 2144 3200 2198 divina
3253 2145 3670 2214 interpretando

2089 2234 2384 2303 explanare
2412 2245 2612 2304 potest,
2645 2250 2744 2290 nec
2770 2235 2857 2290 ille
2887 2237 3053 2290 multa
3077 2251 3240 2306 Opera
3267 2242 3481 2292 enitens
3514 2236 3670 2290 intel-

2089 2329 2254 2397 ligere
2309 2329 2471 2382 valet.
2516 2349 2532 2378 ι
2569 2326 2686 2382 Νοιι
2742 2329 2904 2396 igitur
2964 2330 3122 2383 nobis
3160 2329 3292 2397 ipsis
3351 2330 3666 2399 permittere
3735 2369 3738 2372 .

2087 2423 2348 2476 debemus
2381 2432 2439 2476 ut
2476 2423 2684 2491 aliquid
2713 2423 2961 2477 dicamus
2989 2423 3060 2476 de
3112 2423 3243 2487 Deo,
3266 2427 3359 2476 sed
3397 2440 3496 2478 nos
3526 2424 3672 2490 ipsos

2087 2513 2402 2581 permittere
2441 2514 2697 2568 debemus
2749 2515 2817 2568 iis
2855 2515 2948 2584 qui
2996 2516 3048 2568 in
3106 2515 3300 2582 spiritu
3359 2513 3668 2580 spiritualia

2087 2601 2402 2670 loquuntur,
2435 2602 2601 2658 etiam
2649 2604 2865 2673 quando
2919 2605 3187 2657 rationem
3236 2615 3540 2672 exposcunt
3571 2602 3668 2656 ad-

2084 2694 2338 2749 versarﬁ.

2157 2789 2248 2844 81.
2295 2789 2499 2843 Dicitur
2563 2790 2889 2857 inscriptum
2945 2787 3116 2842 luisse
3147 2787 3198 2840 in
3259 2797 3411 2857 porta
3465 2787 3670 2844 Si-liolaa

2082 2879 2327 2936 Platonis
2371 2897 2386 2936 :
2451 2900 2468 2932 ι
2514 2880 2686 2936 Nemo
2741 2881 2907 2932 intret
2958 2880 3276 2949 geometriae
3332 2881 3579 2948 ignarus.
3643 2898 3662 2930 ι

2081 2973 2318 3028 Omnino
2379 2988 2557 3028 autem
2603 2975 2914 3043 geometriae
2982 2971 3202 3042 ignarus
3265 2983 3368 3035 est,
3423 2972 3515 3038 qui
3562 2986 3670 3024 non

2083 3071 2262 3130 potest
2288 3062 2355 3115 de
2381 3061 2628 3116 indivisis
2651 3064 2791 3116 sicut
2813 3061 3001 3116 divisis
3031 3062 3270 3130 rogitare
3292 3070 3346 3114 et
3373 3063 3666 3115 disserere.

2082 3152 2216 3206 Nam
2248 3153 2538 3206 terminum
2583 3153 2789 3223 absque
2835 3156 3120 3208 terminato
3182 3153 3517 3222 impossibile
3565 3163 3666 3208 est.

2083 3240 2391 3298 Geometria
2422 3253 2602 3298 autem
2618 3245 2685 3298 de
2716 3246 2968 3298 terminis
2993 3242 3104 3297 fere
3132 3259 3348 3314 semper
3375 3244 3615 3314 loquitur
3649 3261 3665 3298 :

2083 3336 2176 3404 qui
2231 3335 2394 3389 etiam
2427 3337 2636 3405 absque
2675 3338 2981 3390 terminatis
3017 3337 3310 3404 aliquando
3362 3339 3415 3390 iu
3473 3337 3672 3405 seipsis

2084 3427 2416 3481 deliuinnlur
2465 3438 2521 3490 et
2585 3440 2984 3495 proponuntur,
3039 3429 3318 3482 intellectu
3379 3428 3663 3483 dividente

2086 3518 2458 3572 indivisibilia.
2504 3519 2609 3584 Qui
2656 3531 2837 3572 autent
2883 3535 3082 3588 corpus
3113 3535 3142 3573 a
3177 3521 3669 3574 circumstantilms

2083 3609 2212 3664 illud
2240 3611 2410 3664 neSt-it
2439 3611 2780 3672 abstrahere,
2811 3614 3085 3680 quomodo
3116 3612 3380 3680 intelligat
3413 3620 3669 3664 naturam

2082 3702 2135 3758 in
2167 3704 2347 3772 seipsa
2393 3717 2716 3770 respectant,
2756 3721 2876 3773 qua:
2905 3703 3126 3772 quidem
3161 3720 3264 3758 non
3298 3704 3476 3758 solum
3505 3721 3670 3773 sepu-

2084 3796 2191 3849 rari
2237 3798 2422 3864 nequit
2453 3811 2482 3850 a
2521 3799 2858 3852 naturalibus
2909 3799 3108 3868 quibus
3163 3807 3377 3854 constat
3415 3801 3667 3869 prout'ie.

2083 3886 2307 3953 tatibus,
2338 3887 2430 3941 sed
2470 3904 2750 3957 nunquam
2795 3905 2914 3944 esse
2951 3901 3129 3958 potest
3151 3892 3270 3945 sine
3309 3890 3480 3959 ipsis?
3517 3891 3668 3956 Quo-

2083 3978 2244 4032 modo
2312 3979 2577 4048 intelliget
2630 3981 2992 4049 proprietates
3043 3981 3212 4036 totius
3266 3996 3388 4036 eSse
3440 3983 3668 4036 easdem

2081 4083 2245 4137 quam
2299 4071 2528 4135 partium
2576 4072 2963 4140 proprietates,
3024 4081 3078 4126 et
3139 4072 3256 4126 solo
3301 4072 3576 4126 intellectu
3609 4081 3666 4126 et

2081 4173 2332 4214 Sermone
2390 4161 2456 4214 ab
2513 4161 2598 4215 bis
2656 4163 2953 4230 distingui;
3004 4173 3061 4218 et
3113 4173 3243 4217 ante
3295 4162 3667 4233 pluralitatem

2080 4250 2330 4318 cogitari,
2359 4267 2480 4320 qua:
2522 4256 2642 4308 sine
2675 4253 2986 4322 pluralitate
3022 4271 3304 4324 nunquam
3353 4265 3484 4308 sunt
3530 4270 3665 4309 vero

2081 4344 2366 4398 sermone?
2398 4344 2679 4410 Quomodo
2708 4348 2976 4412 intelliget
3000 4346 3070 4401 de
3121 4347 3568 4415 intelligibiljbus
3605 4357 3666 4402 et

2079 4434 2579 4500 intellectualibus,
2656 4438 2968 4506 qttomodo,
3037 4439 3297 4508 inquam,
3361 4439 3664 4508 intelliget,

395 4532 770 4603 διανοήματα,
821 4533 916 4586 καὶ
955 4532 1064 4586 τῶν
1112 4531 1496 4602 διανοημάτων
1555 4531 1784 4586 ἕκαστον
1820 4532 1978 4603 ἡμῶν

2089 4528 2329 4582 dicentes
2386 4530 2607 4598 cuique.
2643 4542 2887 4584 nostrum
2953 4531 3139 4586 inesse
3191 4531 3552 4594 intellectum,
3606 4541 3665 4585 et

399 4623 668 4694 ὑπάρχειν
703 4622 821 4687 νῦν,
857 4623 953 4678 καὶ
981 4624 1042 4676 οὐ
1076 4622 1444 4692 καταγελάσει
1472 4623 1565 4677 καὶ
1587 4623 1976 4692 ἀνακράξεται,

398 4717 723 4788 κατηγορῶν
759 4716 937 4786 ἡμῶν,
990 4716 1065 4780 ὡς
1108 4717 1202 4770 δύο
1256 4717 1350 4769 καὶ
1394 4716 1622 4778 πολλοὺς
1670 4716 1815 4784 ἔχειν
1855 4713 1981 4776 νοῦς

398 4811 667 4879 λεγόντων
702 4810 934 4864 ἕκαστον
966 4809 1304 4879 (Iv/Optime
1349 4806 1408 4862 Ὀ
1432 4808 1487 4861 δὲ
1531 4810 1622 4860 ἐπὶ
1668 4806 1778 4859 τῶν
1807 4806 1982 4860 τοιούο

399 4921 510 4956 των
541 4903 614 4972 μὴ
643 4901 943 4972 δυνάμενος
976 4901 1200 4953 ἀκούειν
1229 4903 1262 4969 ἢ
1289 4899 1490 4967 λέγειν,
1516 4900 1646 4969 περὶ
1667 4897 1775 4950 τῶν
1805 4898 1981 4951 ἀδιαι-

405 4994 575 5063 ρέτων
608 4993 682 5055 ὡς
721 4991 1089 5062 διῃρημένων,
1122 4991 1240 5052 πῶς
1269 4991 1361 5043 ἐπὶ
1385 4989 1481 5043 τοῦ
1521 4990 1656 5043 Θεοῦ
1693 4989 1980 5060 δυνήσεταί

400 5103 453 5138 τι
479 5084 777 5154 τοιοῦτονῆ
809 5084 990 5150 λέγειν
1020 5085 1053 5156 ἢ
1104 5081 1491 5148 διδάσκεσθαι;
1538 5083 1654 5151 Ἐφ’
1685 5074 1746 5134 οὗ
1789 5082 1980 5134 πολλαὶ

405 5179 504 5248 μέν
543 5181 649 5231 εἰσι
699 5182 791 5232 καὶ
824 5177 1076 5246 λέγονται
1123 5174 1347 5237 ἐνὼσεις
1398 5191 1456 5226 τε
1514 5174 1609 5227 καὶ
1655 5175 1976 5244 διακρίσεις,

401 5271 545 5324 κατὰ
594 5271 720 5333 τοὺς
753 5270 1063 5338 θεολόγους⁶
1108 5268 1225 5322 ἀλλ’
1259 5269 1316 5321 αἱ
1360 5265 1584 5331 ὲνώσεις
1622 5268 1729 5321 τῶν
1771 5265 1980 5336 διακρί-

405 5379 545 5417 σεων
585 5360 967 5432 ἐπικρατοῦσι,
1017 5361 1113 5415 καὶ
1150 5360 1594 5432 προκατάρχουσι
1617 5377 1629 5391 ο
1666 5358 1794 5428 μήτ’
1823 5361 1979 5412 ἀναι-

408 5453 597 5525 ροῦσαι
641 5453 866 5517 ταύτας,
909 5453 1038 5525 μήτ’
1088 5453 1514 5524 ὲμποδιζόμεναι
1573 5451 1727 5522 παρά
1775 5451 1984 5505 τούτων

405 5540 567 5600 αῦται
611 5545 798 5616 μηδέν.
832 5547 895 5599 Οί
952 5546 1082 5615 γοῦν
1112 5545 1344 5601 ἐναντίοι
1393 5545 1468 5616 μὴ
1498 5545 1801 5616 δεχόμενοι,
1848 5543 1982 5616 μηδὲ

405 5637 696 5707 δυνάμενοι
719 5638 943 5706 γνῶναι,
973 5638 1070 5709 τὴν
1102 5639 1194 5691 ἐπὶ
1223 5637 1316 5692 τοῦ
1346 5637 1481 5691 Θεοῦ
1514 5637 1820 5706 ἀδιαίρετον
1846 5635 1982 5689 διαί-

411 5746 581 5800 ρεσιν,
634 5731 726 5784 καὶ
760 5729 1098 5800 διῃρημένην
1129 5729 1323 5783 ἕνωσιν
1360 5729 1651 5792 ἀκούοντες
1680 5727 1837 5798 ἡμῶν
1890 5727 1978 5779 λε-

406 5827 612 5894 ¹τόντων
644 5824 952 5902 συμφώνως
993 5827 1102 5890 τοῖς
1141 5826 1337 5896 ἁγίοις,
1375 5826 1456 5880 ὅτι
1489 5826 1584 5880 τοῦ
1617 5825 1750 5880 Θεοῦ
1789 5825 1850 5879 τὸ
1881 5828 1981 5896 μέν

2086 4620 2468 4686 regitaliones,
2513 4630 2568 4674 et
2617 4622 3039 4688 cogitationibus
3085 4637 3359 4690 quemque
3416 4632 3671 4675 nostrum

2081 4708 2190 4776 jam
2231 4727 2374 4763 nunc
2408 4710 2724 4779 imperare?
2763 4727 2941 4764 nonne
2973 4712 3220 4764 irridebit
3254 4723 3304 4764 et
3340 4711 3670 4777 clamitabit,

2084 4803 2423 4868 exprobrans
2461 4803 2616 4856 nobis
2645 4802 2786 4871 quod
2823 4805 2929 4856 duo
2959 4802 3041 4856 vel
3077 4803 3260 4870 plures
3288 4803 3534 4858 dicamus
3566 4805 3664 4857 bo-

2083 4893 2212 4945 Inini
2238 4908 2364 4947 esse
2394 4894 2742 4948 intellectus?
2775 4894 2875 4960 Qui
2913 4911 3074 4963 porro
3107 4896 3158 4948 in
3209 4874 3517 4965 huiusmodi
3553 4911 3673 4950 non

2083 4995 2264 5052 potest
2299 4986 2506 5040 sentire
2535 4997 2627 5039 aut
2657 4987 2799 5056 loqui
2833 4989 2898 5041 de
2931 4988 3185 5043 mdivisis
3234 4999 3491 5057 tanquam
3527 4988 3664 5042 divi-

2081 5075 2178 5140 sis,
2213 5077 2488 5142 quomodo
2542 5078 2594 5131 in
2654 5078 2764 5133 Deo
2829 5079 3032 5148 poterit
3094 5081 3297 5149 aliquid
3335 5085 3438 5135 tale
3475 5082 3662 5134 dicere

2081 5177 2174 5220 aut
2203 5167 2465 5222 discere?
2527 5169 2581 5222 In
2627 5185 2692 5224 eo
2727 5171 2871 5224 enim
2904 5173 3092 5227 multa:
3123 5183 3250 5227 sunt
3299 5183 3352 5226 et
3407 5173 3662 5228 dicuntur

2082 5259 2320 5312 uniones
2353 5270 2407 5313 et
2437 5262 2758 5326 divisiones,
2785 5263 2941 5329 juxta
2978 5263 3286 5333 theologos;
3311 5267 3403 5318 sed
3434 5265 3661 5320 uniones

2083 5349 2451 5406 divisionibus
2505 5362 2768 5420 praestant
2816 5363 2872 5408 et
2910 5353 3265 5418 antecedunt,
3322 5369 3500 5424 nequc
3558 5357 3664 5412 il'JS

2085 5442 2354 5508 tollentes,
2406 5460 2585 5515 neque
2620 5448 2688 5502 ab
2723 5448 2809 5501 bis
2846 5450 2973 5519 ipsa:
3011 5447 3324 5502 muilatenus
3355 5449 3646 5516 impeditae.

2085 5534 2230 5603 Ergo
2287 5535 2630 5605 adversarii,
2689 5541 2780 5608 qui
2842 5555 2948 5596 non
3004 5549 3233 5608 possunt
3305 5553 3405 5592 nec
3461 5539 3642 5592 valent

2085 5629 2465 5699 intelligereiu
2503 5632 2611 5687 Deo
2643 5633 2930 5687 indivisam
2972 5633 3291 5687 divisionem
3324 5641 3379 5686 et
3429 5633 3660 5688 divisam

2083 5725 2362 5787 unionem,
2434 5740 2556 5778 cum
2601 5742 2701 5780 nos
2753 5727 2978 5780 audiunt
3006 5741 3248 5779 consone
3293 5726 3500 5779 sanctis
3563 5728 3640 5778 di-

2083 5832 2266 5879 centes
2331 5823 2382 5878 in
2416 5823 2526 5878 Deo
2554 5823 2693 5878 aliud
2741 5838 2858 5879 esse
2902 5822 3163 5878 nescibile
3201 5831 3255 5876 et
3277 5821 3418 5876 aliud
3455 5817 3652 5874 scibile.
