3988 6482
394 383 528 443 1181

1312 386 1585 448 CAPITA
1650 376 2002 453 PHYSlCA,
2042 375 2558 439 TIlEOLOGlCA.
2593 375 2757 435 ETC.

3521 363 3663 432 1132
3715 317 3719 321 ’

404 489 671 562 mycono;
707 488 803 542 καὶ
834 487 1099 557 καλλονῆς
1128 488 1236 543 τῶν
1274 494 1614 564 κτισμάτων.
1640 490 1919 557 ἀναλόγως
1948 493 1977 539 ὁ
2002 548 2003 551 η

2105 506 2166 545 er
2247 501 2623 546 creaturarum
2710 484 3067 557 magnitudini
3138 493 3193 541 et
3260 483 3661 550 pulchritudini

402 589 783 660 γενεοιουργδς
817 589 1122 660 θεωρεῖται.
1173 591 1282 644 Καὶ
1330 591 1673 660 Δημιουργδν
1730 593 1829 663 μὲν
1877 593 1969 648 τδν

403 681 641 751 Ποιητὴν
665 680 1150 751 προσαγορεύομεν
1170 698 1186 713 °
1226 681 1453 735 δυνατὸν
1497 683 1576 746 δὲ,
1681 685 1978 756 ἐξήρκεσεν

400 771 435 840 ἡ
460 770 710 839 δύναμις,
733 769 922 823 οὐσίαν
944 772 1167 841 ποιῆσαι
1187 773 1285 841 τὴν
1307 771 1563 842 βούλησιν
1580 789 1595 803 ·
1629 775 1720 828 καὶ
1744 775 1976 844 δίκαιον,

402 862 478 922 ὡς
516 861 816 915 ἀδέκαστον
853 862 1069 931 κριτήν.
1113 862 1274 915 Ἀλλὰ
1320 865 1415 916 καὶ
1448 864 1547 935 τὴν
1592 866 1737 933 Θεὸς
1772 867 1976 939 φωνὴν,

405 954 469 1005 ἐκ
499 952 600 1023 τῆς
637 955 943 1021 ἐποπτικῑκ
988 955 1269 1026 ἐνεργείας
1297 959 1702 1027 κεκρατηκέναι
1748 961 1979 1014 κατελα-

405 1042 635 1113 ΰόμεθα.
657 1043 819 1097 Ὥστε
846 1045 943 1098 καὶ
961 1044 1050 1099 διὰ
1072 1046 1265 1100 τούτου
1299 1050 1534 1118 μερικήν
1560 1066 1681 1103 τινα
1705 1054 1804 1121 τῆς
1831 1052 1982 1116 θείας

406 1135 621 1206 φύσεως
651 1136 940 1204 ἐνέργειαν
972 1137 1331 1207 διδαχθέντες,
1364 1140 1465 1209 τῆς
1494 1141 1693 1203 οὐσίας,
1721 1143 1890 1212 αὐτῆς
1924 1147 1982 1198 ὲν

406 1225 658 1294 περινοίᾳ
683 1226 773 1278 διὰ
801 1226 904 1296 τῆς
925 1230 1114 1299 φωνῆς
1146 1228 1357 1299 ταύτης
1385 1232 1486 1284 οὐκ
1516 1233 1837 1303 ἐγενόμεθα.

479 1323 585 1371 πεν.
617 1318 895 1383 Διονύσιος
917 1322 944 1373 6
977 1317 1392 1393 ’Δρεοπαγίτης,
1417 1326 1445 1376 6
1474 1327 1611 1395 μετά
1637 1316 1766 1389 τοὺς
1790 1327 1985 1380 θεσπε-

408 1410 558 1472 σίους
587 1410 920 1475 ἀποστόλους
972 1411 1307 1482 ἐξοχώτατος
1353 1416 1412 1467 ἐν
1438 1415 1729 1484 θεολόγοις,
1764 1418 1899 1486 μετά
1926 1420 1986 1470 τδ

407 1502 788 1572 διευκρινῆσαι
838 1502 938 1575 τὴν
986 1504 1129 1557 κατὰ
1179 1505 1279 1567 τὰς
1331 1506 1661 1571 ὑποστάσεις
1704 1508 1799 1561 τοῦ
1851 1509 1985 1560 Θεοῦ

405 1594 714 1666 διάκρισιν,
749 1594 947 1667 φησίν·
979 1615 999 1648 ι
1020 1597 1082 1649 El
1110 1597 1166 1650 δὲ
1199 1598 1292 1651 καὶ
1324 1598 1443 1652 θεία
1464 1600 1734 1670 διάκρισίς
1765 1603 1912 1655 ἐστιν
1954 1604 1987 1675 ἡ

407 1688 803 1759 ἀγαθοπρεπὴς
836 1690 1081 1759 πρόοδος,
1105 1690 1205 1759 τῆς
1232 1689 1481 1751 ἑνὼσεως
1507 1695 1607 1764 τῆς
1638 1693 1788 1756 θείας
1820 1694 1989 1764 ὑπερ-

407 1774 704 1851 ηνωμένὼς
758 1783 959 1852 ἑαυτὴν
1011 1783 1311 1856 ἀγαθότητι
1360 1783 1741 1854 πληθυνούσης
1786 1802 1845 1837 τε
1894 1787 1988 1838 καὶ

2079 583 2384 651 concipitur
2412 594 2601 635 auctor
2661 591 2886 634 ιιιιιιιτιιξ.
2941 580 3006 633 Ει
3061 579 3375 632 Creatorem
3440 578 3658 642 quidem

2077 671 2338 727 factorem
2396 688 2675 739 vocativus;
2741 680 3012 740 potentem
3059 684 3210 731 vero,
3265 670 3350 722 cui
3421 676 3662 735 pnteStas

2080 768 2316 836 Suppetit
2346 766 2605 833 quidquid
2639 765 2753 817 vult
2804 763 3170 827 producendi;
3207 771 3259 815 et
3313 761 3544 830 justum,
3603 769 3665 812 ut

2079 857 2460 926 incorruptum
2501 857 2763 926 judicem.
2792 856 2904 909 lmu
2933 869 3119 907 vocem
3153 853 3297 907 .Deus
3358 869 3423 905 ex
3467 867 3664 920 opera-
3714 914 3715 917 η

2079 951 2226 1004 tione
2259 966 2365 1020 qua
2399 961 2589 1003 cmtcta
2635 948 2930 1015 perSpicit,
2971 960 3310 1011 assumptum
3342 959 3469 999 esse
3502 945 3663 999 intel-

2080 1041 2318 1111 ligimus.
2382 1038 2456 1093 Ita
2509 1050 2565 1094 ut
2611 1041 2774 1094 etiam
2825 1038 3023 1091 exinde
3058 1037 3657 1106 partialemquamdam

2084 1144 2293 1188 natura!
2321 1133 2693 1202 operationem
2733 1130 2936 1193 edocti,
2998 1129 3300 1184 essentiam
3358 1129 3528 1197 ipsam
3570 1144 3668 1198 per

2081 1226 2222 1281 hanc
2261 1240 2446 1279 vocem
2491 1239 2595 1278 non
2632 1223 2996 1289 concipimus.
3036 1239 3054 1272 ι

2154 1315 2245 1370 85.
2286 1314 2567 1385 Dionysius
2597 1313 2945 1382 Areopagim,
2979 1321 3103 1380 post
3131 1312 3397 1366 divinitus
3425 1311 3669 1381 inspira-

2083 1417 2170 1462 tos
2201 1407 2479 1477 apostolos
2505 1407 2933 1461 sublimissinms
2970 1407 3367 1472 theologorum.
3403 1405 3670 1459 benedis-

2083 1513 2231 1557 creta
2268 1517 2621 1572 personarum
2693 1500 2784 1555 Dei
2827 1501 3193 1559 distinctione.
3219 1501 3331 1554 ait:
3367 1518 3385 1552 ι
3422 1500 3669 1565 Insuper.

2087 1594 2270 1647 divina
2310 1592 2591 1646 distinctio
2623 1602 2706 1645 est
2742 1607 2980 1654 cot‘igrua
3029 1590 3154 1643 boni
3195 1589 3502 1657 processio,
3543 1605 3669 1641 cum

2087 1684 2273 1738 unitas
2341 1686 2525 1740 divina
2586 1685 3059 1755 supcremineuter
3112 1685 3347 1747 seipsam
3422 1682 3671 1736 bonitate

2090 1776 2440 1843 multiplicem
2479 1776 2641 1831 faciat
2676 1786 2730 1830 et
2784 1775 3070 1844 pluralem.
3115 1792 3132 1824 ι
3168 1773 3236 1826 Et.
3285 1772 3449 1841 paulo
3506 1781 3670 1838 post:

410 1851 977 1944 πολυπλασιαζούσης.
1006 1892 1027 1927 ι
1064 1874 1172 1927 Καὶ
1211 1851 1351 1944 μετά
1374 1851 1496 1928 τινα
1515 1888 1533 1907 ο
1565 1893 1585 1926 ι
1615 1851 1898 1947 Διάκρισιν
1931 1878 1990 1930 δὲ

2105 1886 2118 1920 ι
2151 1867 2570 1923 Βίειίιιοιίοηριιι
2604 1868 2838 1922 divinam
2876 1868 3111 1921 dicimus
3141 1881 3265 1920 esse
3304 1864 3499 1919 eximia
3547 1862 3672 1914 boni

409 1964 565 2019 θείαν
593 1961 732 2019 εἷναί
773 1982 957 2035 φαμεν
1018 1967 1122 2030 τὰς
1154 1965 1568 2035 ὰγαθοπρεπεῖς
1598 1968 1699 2039 τῆς
1732 1968 1993 2039 θεαρχίας

410 2058 689 2129 προόδους.
723 2058 1051 2130 Δωρουμένη
1075 2063 1184 2130 γὰρ
1218 2061 1351 2112 πᾶσι
1394 2061 1506 2123 τοῖς
1541 2057 1661 2113 οὖσι
1692 2061 1787 2113 καὶ
1819 2063 1990 2132 ὑπερο

410 2152 606 2221 χέουσα
635 2152 733 2215 τὰς
771 2152 881 2205 τῶν
909 2152 1049 2205 ὅλων
1082 2152 1307 2219 ἀγαθῶν
1348 2152 1657 2222 μετουσίας,
1690 2155 1993 2225 ήνωμένως

415 2244 515 2313 μὲν
544 2245 907 2316 διακρίνεται,
957 2243 1289 2313 πληθύνεται
1334 2244 1391 2296 δέ
1430 2244 1625 2308 ἑνικῶς
1650 2260 1663 2275 ⁸
1692 2245 1785 2297 καὶ
1825 2245 1994 2298 πολυ-

413 2335 778 2401 πλασιάζεται
826 2335 921 2389 τοῦ
976 2335 1096 2398 ἐνὸς
1143 2336 1575 2407 ἀνεκφοιτὴτως.
1623 2355 1643 2388 ι
1700 2338 1811 2390 Καὶ
1857 2338 1997 2408 μετά

412 2444 534 2480 τινα
554 2443 568 2456 ⁸
607 2446 625 2477 ι
649 2426 866 2490 Ταύτας
897 2428 1058 2497 ἡμεῖς
1083 2426 1184 2491 τὰς
1225 2428 1409 2489 κοινὰς
1457 2427 1553 2479 καὶ
1582 2428 1867 2497 ἡνωμένας
1897 2432 1995 2497 τῆς

414 2519 542 2588 ὅλης
573 2517 827 2589 θεότητος
862 2519 1186 2589 διακρίσεις,
1219 2518 1252 2591 ἢ
1291 2519 1391 2582 τὰς
1426 2518 1834 2588 ἀγαθοπρεπεϊς
1865 2538 1999 2590 προ-

418 2611 591 2674 όδους,
620 2610 863 2679 ὑμνῆσαι
888 2609 1030 2662 κατὰ
1057 2609 1118 2661 τὸ
1147 2608 1374 2663 δυνατὸν
1404 2609 1776 2679 πειρασόμεθα
1798 2626 1811 2639 ·
1845 2629 1863 2662 ι
1894 2608 1999 2665 δει-

416 2701 547 2762 κνὺς
578 2699 766 2769 σαφῶς
792 2694 933 2752 εἶναι
958 2700 1048 2751 καὶ
1079 2697 1271 2768 ἑτέραν
1297 2697 1569 2767 διάκρισιν
1594 2700 1690 2752 ἐπὶ
1715 2696 1811 2751 τοῦ
1835 2699 1997 2762 Θεοῦ,

419 2792 536 2845 ἀλλ’
568 2792 629 2845 οὐ
662 2792 765 2863 τὴν
789 2789 1160 2860 ὑποστατικὴν
1190 2789 1389 2859 μόνην·
1411 2788 1478 2859 ἣν
1501 2791 1601 2861 τὴν
1626 2788 1821 2860 ἑτέραν
1849 2807 1922 2842 πα
1933 2793 2001 2860 ρὰ

421 2886 520 2958 τὴν
553 2885 922 2955 ὑποστατικὴν
962 2884 1256 2955 διάκρισιν,
1312 2882 1408 2935 καὶ
1444 2882 1696 2953 θεότητος
1726 2882 1999 2953 διάκρισιν

422 2980 596 3032 καλεῖ.
640 2978 705 3031 Ἦ
756 2977 868 3047 γὰρ
903 2977 1046 3030 κατά
1077 2977 1176 3038 τὰς
1215 2977 1548 3038 ὑποστάσεις
1597 2976 1893 3045 διάκρισις,
1936 2976 1998 3027 οὐ

423 3070 678 3141 θεότητός
720 3072 841 3124 ἐστι
884 3069 1175 3141 διάκρισις.
1226 3068 1337 3122 Καὶ⁵
1376 3066 1522 3122 κατὰ
1571 3066 1671 3138 μὲν
1698 3068 1794 3130 τὰς
1840 3067 1995 3131 θείας

2087 1961 2153 2015 de
2204 1976 2457 2027 suprema
2495 1958 2774 2028 Maiestate
2823 1958 3065 2014 eﬂlnvia.
3116 1956 3347 2011 llubctts
3379 1955 3522 2008 enim
3559 1955 3674 2006 lucc

2088 2055 2303 2106 cunctis
2326 2052 2549 2105 cutibus
2583 2061 2634 2103 et
2665 2050 2950 2103 ellundens
2981 2049 3225 2101 omnium
3259 2048 3518 2100 bonorum
3547 2058 3672 2111 par-

2091 2145 2456 2216 ticipationes.
2492 2144 2725 2199 indivise
2758 2144 3191 2203 discriminatnr,
3233 2153 3289 2193 et
3321 2135 3672 2205 singulariter

2088 2236 2314 2305 pluralis
2351 2237 2433 2300 lit,
2462 2248 2511 2289 et
2540 2236 2935 2304 multiplicatur
2955 2250 3022 2288 ex
3046 2235 3254 2287 unitate
3283 2248 3391 2285 non
3422 2231 3666 2283 exiens”

2093 2324 2158 2378 Et
2213 2325 2378 2393 paulo
2435 2323 2628 2379 infra:
2666 2343 2684 2375 ι
2724 2324 2831 2378 llas
2888 2338 2986 2378 nos
3040 2337 3363 2378 communes
3416 2330 3471 2373 et
3502 2321 3679 2373 unitas

2095 2417 2259 2470 tutius
2292 2417 2599 2472 divinitatis
2620 2416 3028 2481 distinctiones,
3064 2431 3159 2469 seu
3194 2415 3319 2469 boni
3353 2412 3674 2475 eﬂusioncs,

2091 2506 2373 2562 celebrare
2405 2523 2511 2576 qua
2577 2508 2692 2561 ﬁeri
2745 2487 2931 2576 potest
2960 2506 3307 2561 conabimur.
3345 2523 3363 2556 ι
3413 2504 3490 2557 lla
3532 2504 3680 2556 clare

2091 2597 2331 2651 Ostendit
2360 2598 2412 2650 in
2455 2596 2566 2650 Deo
2605 2611 2713 2650 non
2741 2596 2911 2651 solam
2940 2610 3063 2648 esse
3103 2607 3456 2660 personarum
3480 2589 3679 2643 distin-

2093 2687 2353 2749 ctionem,
2388 2689 2480 2740 sed
2518 2697 2569 2741 et
2598 2688 2760 2740 aliam
2794 2701 2947 2751 esse;
2982 2700 3141 2754 quam
3172 2685 3390 2752 quidem
3456 2684 3618 2735 aliam
3650 2696 3681 2733 a

2096 2780 2367 2850 personnli
2394 2781 2764 2846 distinctione,
2821 2778 3118 2833 divinitatis
3145 2778 3307 2831 etiam
3379 2777 3684 2831 distinctiu-

2094 2888 2217 2926 nem
2251 2881 2429 2925 vocat.
2466 2870 2598 2924 Nam
2629 2871 2906 2925 distinctio
2933 2878 3287 2937 personarum
3355 2883 3461 2920 non
3488 2867 3686 2920 divini—

2099 2963 2226 3017 tatis
2277 2972 2361 3016 est
2399 2961 2697 3017 distinctio.
2757 2961 2822 3015 Et
2888 2960 3092 3015 divinis
3144 2958 3590 3027 processionibus
3632 2968 3687 3011 et

2097 3055 2512 3127 operationibus
2544 3055 2900 3123 multiplicem
2950 3064 3002 3107 et
3041 3052 3299 3122 pluralem
3351 3051 3465 3104 fieri
3518 3048 3685 3102 Deum

425 3156 687 3235 προόδους
714 3162 811 3215 καὶ
856 3160 1157 3232 ἐνεργείας,
1196 3159 1564 3230 πληθύνεσθαι
1594 3160 1688 3211 καὶ
1723 3158 2001 3211 πολυπλα-

2105 3148 2251 3210 dicit,
2284 3158 2338 3200 et
2367 3148 2470 3202 hoc
2497 3148 2655 3201 modo
2684 3147 2825 3200 idem
2867 3159 2991 3200 esse
3022 3143 3433 3213 proccssioncm
3469 3151 3524 3194 et
3550 3156 3678 3211 pru-

426 3256 709 3337 σιάζεσθαι
763 3252 912 3324 λέγει
959 3254 1050 3309 τδν
1085 3254 1253 3308 Θεόν·
1285 3252 1381 3307 καὶ
1416 3251 1516 3324 τὴν
1548 3252 1716 3323 αὐτὴν
1766 3251 2001 3306 ἐνταῦθα

430 3349 679 3419 πρόοδον,
713 3348 812 3401 καὶ
851 3347 1116 3417 προόδους
1144 3340 1286 3398 εἶναι
1324 3345 1513 3412 λέγει’
1560 3344 1679 3396 ἐκεῖ
1704 3342 1780 3401 δὲ.
1812 3345 1873 3396 οὑ
1902 3361 2002 3396 πο-

417 3439 858 3505 ’λυπλασιάζεται
915 3439 978 3492 τὸ
1025 3438 1202 3501 Θεῖον,
1235 3435 1449 3503 ἄπαγει
1503 3435 1624 3488 οὐδὲ
1679 3435 1824 3488 καθά
1870 3436 2004 3499 Θεὸς

428 3531 784 3603 διακρίνεται.
817 3529 987 3600 Τριάς
1040 3531 1151 3599 γὰρ
1207 3529 1341 3598 ἡμῖν
1369 3527 1606 3597 ὑπάρχει
1637 3528 1665 3580 ό
1710 3526 1864 3589 Θεὸς,
1889 3525 2004 3578 ἀλλ’

429 3624 552 3695 οὐχὶ
587 3622 868 3694 τριπλοῦς.
928 3621 1039 3674 Καὶ
1095 3620 1335 3674 δείκνυσι
1384 3619 1440 3673 δὲ
1496 3617 1590 3671 καὶ
1642 3619 1705 3670 τὸ
1753 3617 2008 3671 ἅκτιστον

430 3718 637 3772 τούτων
672 3716 782 3770 τῶν
811 3714 1053 3784 προόδων
1077 3713 1171 3766 καὶ
1223 3709 1553 3781 ἐνεργειῶν·
1590 3709 1745 3772 θείας
1787 3727 1845 3762 τε
1899 3707 2008 3780 γὰρ

441 3811 614 3873 αὑτὰς
644 3809 821 3872 καλεῖ,
856 3805 954 3862 καὶ
984 3805 1082 3876 τῆς
1104 3804 1233 3873 ὅλης
1264 3805 1401 3872 φησὶ
1435 3802 1688 3866 θεότητος
1715 3796 1856 3854 εἶναι
1890 3799 2009 3853 διαε-

436 3904 646 3973 κρίσεις
666 3919 680 3932 ’
713 3901 806 3954 καὶ
850 3900 1017 3968 αὐτὴν
1046 3896 1243 3966 ἑαυτὴν
1285 3894 1386 3966 τὴν
1424 3893 1710 3964 θεαρχίαν,
1737 3892 1880 3945 κατά
1909 3892 2010 3954 τὰς

439 3997 591 4059 θείας
617 3993 875 4065 προόδους
905 3992 1002 4044 καὶ
1030 3988 1314 4059 ἐνεργείας
1350 3985 1555 4048 ταύτας
1587 3984 1882 4055 πληθύνειν
1919 3984 2014 4036 λέ-

436 4104 524 4155 γει
553 4089 648 4141 xui.
701 4082 1200 4147 πολυπλασιὰζειν·
1245 4081 1346 4133 οὐκ
1391 4076 1592 4143 ἔξωθέν
1625 4094 1679 4130 τι
1724 4077 2015 4145 προσλαμ-

438 4182 731 4244 ϐάνουσαν,
776 4177 991 4245 ἄπαγεί
1022 4173 1159 4228 ἀλλά
1198 4174 1294 4226 καὶ
1338 4172 1578 4242 ὑμνῆσαι
1608 4169 1708 4232 τάς
1755 4170 2018 4239 προόδους

437 4270 642 4332 ταύτας
674 4266 1094 4337 ἐπαγγέλλεται.
1128 4263 1239 4317 Καὶ
1271 4260 1617 4333 προστίθησι,
1665 4259 1805 4313 κατὰ
1837 4260 1900 4312 τὸ
1929 4259 2021 4312 δυ-

438 4370 619 4432 νατὸν,
669 4367 881 4427 δεικνὺς
928 4362 1025 4417 καὶ
1067 4359 1486 4430 ὑπερυμνήτους
1517 4355 1721 4418 ταύτας
1758 4353 1947 4421 οὔσας,
1987 4353 2016 4406 6

440 4461 547 4515 τῶν
574 4461 734 4515 θείων
760 4455 1023 4528 ὑμνῳδῶν
1054 4454 1385 4524 ἐξοχώτατος
1410 4442 1586 4513 οὗτος.

2101 3242 2412 3309 cessiones;
2443 3241 2680 3295 essentia
2729 3253 2857 3293 vero
2923 3254 3031 3292 non
3076 3236 3431 3305 multiplicari
3487 3234 3685 3295 Deum,

2102 3336 2281 3391 absit!
2322 3351 2498 3404 neque
2540 3335 2687 3390 enim
2740 3349 2847 3403 qua
2909 3332 3053 3387 Deus
3083 3330 3460 3398 distinguitur
3490 3367 3506 3390 ,
3559 3343 3687 3380 nam

2104 3429 2279 3483 trinus
2309 3441 2390 3483 est
2415 3427 2569 3481 nobis
2601 3424 2763 3489 Deus,
2803 3424 2896 3479 sed
2926 3438 3032 3476 non
3074 3422 3296 3489 triplex.
3333 3419 3674 3472 Demonstrat

2103 3522 2265 3576 etiam
2287 3522 2559 3573 inci-calas
2613 3532 2737 3573 esse
2765 3515 2884 3569 illas
2921 3512 3304 3584 processiones
3342 3521 3398 3564 et
3418 3507 3690 3577 operatio-

2104 3631 2202 3670 nes
2239 3632 2255 3668 :
2289 3614 2503 3667 divinas
2565 3612 2708 3665 enim
2753 3624 2849 3663 eas
2901 3616 3082 3671 vocat,
3106 3616 3160 3660 et
3218 3605 3380 3656 totius
3440 3601 3518 3654 ait
3566 3615 3692 3655 esse

2105 3707 2407 3763 divinitatis
2427 3704 2840 3763 distinctiones,
2873 3710 2929 3754 ct
2963 3703 3135 3769 ipsam
3166 3698 3299 3752 dicit
3342 3694 3684 3762 Maiestatem

2105 3814 2416 3869 supremam
2447 3795 2651 3851 divinis
2702 3788 3155 3863 processionibus
3199 3799 3254 3842 et
3277 3785 3694 3856 operationibus

2108 3889 2218 3946 illis
2246 3890 2507 3961 pluralem
2539 3901 2657 3941 sese
2685 3897 2742 3940 et
2775 3883 3135 3951 multiplicem
3192 3879 3383 3934 facere
3432 3892 3539 3930 non
3593 3876 3692 3928 alio
3766 3876 3772 3882 ’

2109 3989 2241 4056 quid
2274 3993 2595 4039 extraneum
2643 3980 2998 4041 assumendu,
3030 3973 3208 4030 absit!
3238 3972 3504 4025 Prmterea
3532 3967 3694 4037 polli-

2109 4090 2265 4134 cetur
2293 4092 2353 4132 se
2388 4079 2483 4130 has
2518 4074 2904 4144 processiones
2935 4069 3340 4124 celebraturum
3364 4079 3380 4130 ;
3404 4072 3461 4116 et.
3482 4060 3697 4115 addens

2116 4192 2137 4225 ι
2177 4187 2281 4241 qua
2315 4171 2428 4224 ﬁeri
2479 4179 2659 4239 potest
2688 4186 2735 4232 ι,
2771 4180 2866 4221 eas
2894 4178 3019 4219 esse
3070 4163 3216 4214 omni
3249 4158 3408 4213 laude
3440 4155 3696 4223 majores,

2115 4263 2351 4321 ostendit
2377 4262 2465 4316 ille
2512 4260 2827 4317 divinorum
2876 4253 3322 4328 bynmidicorum
3359 4246 3711 4306 sublimissi~

2118 4371 2260 4411 ιιιιιε.

514 4553 632 4620 πς’.
685 4553 745 4606 '0
795 4521 957 4613 αὐτὸς
991 4521 1332 4618 θεοφάντωρ,
1363 4542 1534 4597 εἰπὼν
1569 4541 1830 4612 ἀνωτέρω
1868 4538 2003 4594 θείαι

2197 4535 2290 4592 86.
2330 4534 2477 4591 ldem
2508 4532 2816 4602 theologus,
2848 4527 3107 4594 praefatus
3135 4524 3373 4579 divinam
3402 4521 3727 4577 distinction-

441 4645 716 4715 διάκρισιν
760 4636 1033 4711 εἶναιτὴν
1064 4636 1433 4708 ἀγαθοπρεπῆ
1488 4634 1738 4706 πρόοδον,
1787 4632 2018 4700 ἐπάγειο

450 4756 469 4788 ι
495 4735 807 4806 Ἦνωμέναι
843 4732 943 4804 μέν
989 4733 1099 4785 εἱσι
1138 4730 1282 4783 κατᾶ
1326 4727 1425 4796 τὴν
1476 4725 1627 4779 θείαν
1664 4723 1933 4794 διάκρισιν
1964 4724 2020 4777 αἱ

445 4828 667 4898 ἔσχατοι
714 4818 1048 4895 μεταδόσεις.
1075 4842 1094 4875 ι
1147 4820 1480 4881 Μεταδόσεις
1515 4816 1615 4887 μὲν
1664 4814 1756 4869 οὖν
1788 4814 2025 4870 ἐνταῦθα

447 4919 735 4975 συλλαδὼν
776 4917 957 4979 πάσας
1006 4917 1107 4977 τὰς
1156 4914 1421 4984 προόδους
1467 4911 1561 4963 καὶ
1612 4906 1891 4979 ἐνεργείας
1927 4906 2022 4959 τοῦ

447 5015 585 5069 Θεοῦ
617 5012 865 5067 ἐκάλεσε.
900 5008 1216 5080 Προσέθηκε
1254 5006 1310 5059 δέ
1349 5004 1411 5057 τδ
1442 5003 1703 5074 ἀσχέτους
1729 4996 1868 5053 εἶναι
1896 4996 2027 5053 ταύ-

447 5123 569 5170 τας,
605 5105 694 5158 ῖνα
722 5104 883 5174 μήτις
911 5097 1108 5169 νομίσῃ
1158 5097 1363 5158 ταύτας
1386 5091 1527 5147 εἶναι
1553 5092 1622 5146 τὰ
1650 5089 2027 5157 ἀποτελέσμα-

446 5215 550 5253 τα⁶
586 5192 699 5251 οἷον
745 5188 844 5266 τὴν
903 5192 1139 5247 ἑκάστου
1172 5187 1283 5241 τῶν
1331 5186 1501 5239 ὄντων
1548 5181 1813 5253 οὑσίαν,ἢ
1844 5181 1940 5250 τὴν
1966 5182 2025 5233 ἐν

451 5288 562 5352 τοῖς
593 5287 761 5352 ζῶσιν
790 5281 1055 5355 αἰσθητὴν
1086 5280 1255 5351 ζωὴν,
1277 5278 1311 5349 ἦ
1335 5278 1426 5331 τδν
1451 5276 1507 5329 ἐν
1529 5276 1642 5339 τοῖς
1670 5274 1909 5342 λογικοῖς
1933 5273 2028 5326 καὶ

460 5383 659 5454 δοεροῖς
703 5381 892 5454 ἐνόντα
924 5378 1082 5445 λόγον
1106 5391 1166 5427 τε
1216 5372 1310 5426 καὶ
1347 5369 1493 5423 νοῦν.
1536 5368 1661 5430 Πῶς
1684 5365 1793 5436 γὰρ
1827 5362 1894 5419 ἂν
1941 5366 2030 5432 εἰη

455 5473 610 5529 ταῦτ’
642 5474 701 5526 ἐν
751 5471 830 5542 τῷ
861 5469 982 5541 Θεῷ
1019 5468 1242 5538 ἄσχετα,
1283 5461 1480 5517 κτιστά
1512 5477 1577 5530 γε
1614 5458 1780 5522 ὄντας
1814 5457 1933 5519 πῶς
1975 5455 2031 5508 δέ

459 5542 517 5625 δί
563 5566 658 5621 τοὺ
704 5562 839 5619 Θεοῦ
873 5562 1094 5633 ἄσχετοι
1126 5558 1340 5631 πρόοδοι
1394 5556 1490 5608 καὶ⁸
1550 5550 1864 5625 μεταδόσεις
1918 5549 2031 5602 κτίο

462 5675 685 5729 σματα;
725 5657 827 5726 τῆς
872 5653 1103 5725 ἀσχέτου
1150 5649 1488 5722 μεταδόσεως
1524 5641 1769 5716 φυσικῶς
1804 5640 2033 5710 ἐνούσης

463 5752 540 5820 τῷ
572 5748 925 5819 μεταδιδόντι,
955 5744 1207 5813 καθάπερ
1233 5740 1326 5794 ἐπὶ
1360 5737 1453 5791 τοῦ
1491 5735 1667 5805 φωτὸς
1688 5733 1925 5804 δρῶμεν.

538 5839 644 5906 παῖ’.
674 5838 884 5912 Προϊὼν
914 5839 942 5893 ὁ
976 5833 1146 5907 μέγας
1174 5826 1348 5897 οὗτος,
1367 5830 1464 5895 τὰς
1486 5825 1739 5891 τοιαύτας
1778 5824 2036 5897 προόδους

2121 4644 2245 4682 nem
2277 4642 2399 4681 esse
2431 4622 2555 4680 boui
2591 4634 3025 4691 processiouem,
3056 4615 3241 4671 subdit
3271 4630 3289 4671 ;
3323 4631 3342 4664 ι
3379 4611 3552 4667 liniue
3580 4621 3723 4669 sunt;

2122 4720 2422 4775 secundum
2456 4718 2699 4771 divinam
2736 4712 3142 4767 distinctionem
3176 4705 3439 4758 absoluta:
3465 4719 3719 4757 comunt-

2123 4813 2449 4867 nicatioues.
2483 4828 2502 4861 ι
2542 4803 3084 4863 Communicationes
3121 4798 3208 4851 hic
3238 4796 3522 4852 collective
3553 4807 3723 4852 vocab

2123 4915 2354 4959 cunctas
2405 4903 2500 4956 Dei
2550 4897 2928 4973 processiones
2976 4903 3032 4948 et
3078 4891 3451 4961 Operatiunes.
3496 4887 3725 4956 Adjecit.

2124 5006 2306 5052 autem
2352 5010 2443 5049 cas
2483 5009 2607 5049 esse
2638 4990 2944 5054 absolutas,
2990 4994 3048 5039 ut
3083 4998 3244 5039 nemo
3285 4983 3582 5036 arbitretur
3614 4995 3719 5032 cos:

2125 5106 2245 5146 esse
2268 5089 2518 5152 eﬂ'ectus,
2541 5096 2673 5156 puta
2698 5080 3128 5148 uniuscujusque
3153 5077 3360 5133 entium
3387 5072 3713 5139 essentiam.

2126 5182 2210 5236 vel
2248 5180 2567 5236 sensitivum
2600 5174 2899 5230 viventium
2930 5172 3123 5234 vitam,
3160 5168 3246 5222 vel
3280 5168 3509 5222 inditam
3544 5165 3713 5217 ratiu-

2131 5277 2345 5333 nalibus
2383 5283 2436 5328 ct
2474 5268 2942 5326 intellectualibus
2997 5266 3266 5319 rationem
3314 5268 3369 5312 et
3408 5256 3713 5324 intelligent-

2131 5374 2283 5429 tiam.
2319 5366 2605 5434 Quomodo
2636 5362 2786 5419 enim
2822 5362 2939 5414 lucc
2970 5365 3157 5413 essent
3190 5355 3242 5405 in
3295 5351 3404 5405 Deo
3441 5348 3721 5415 absoluta,

2130 5478 2255 5518 cum
2293 5461 2406 5516 sint
2450 5454 2677 5513 creata?
2713 5454 2822 5507 Aut
2861 5447 3137 5520 quomodo
3164 5443 3424 5497 absolutae
3463 5439 3559 5493 Dci
3596 5453 3716 5507 pro-

2133 5556 2412 5610 cessiones
2468 5560 2525 5605 et
2584 5543 3109 5604 communit-annuas
3167 5544 3355 5590 essent
3410 5530 3720 5585 creatura?

2133 5647 2271 5703 Nam
2304 5644 2553 5699 absoluta
2587 5634 3013 5696 connnuuicatio
3042 5625 3464 5682 couuuunicanli
3502 5633 3716 5677 natura-

2137 5739 2260 5792 liter
2290 5738 2439 5790 unita
2469 5744 2576 5797 est,
2607 5733 2745 5785 sicut
2777 5731 2841 5781 de
2874 5727 2992 5779 luce
3022 5722 3291 5775 videmus.

2210 5830 2301 5886 87.
2338 5828 2577 5897 Porgcns
2607 5833 2835 5892 magnus
2861 5819 3075 5879 doctor,
3106 5812 3227 5868 illas
3256 5807 3638 5881 processioues
3663 5812 3723 5867 et
