3988 6548
312 352 452 410 1183

1569 355 1673 412 CR
1688 356 1952 414 EGOiill
2017 360 2340 425 PALAM/E

3437 393 3568 455 1134

312 461 663 527 operationes
715 461 809 517 Dei
851 463 976 518 aliis
1016 465 1333 519 nominibus
1376 468 1484 522 Deo
1521 475 1781 536 congruis
1821 474 1905 526 in-

2026 483 2114 535 καὶ
2145 485 2432 554 ἐνεργείας
2456 484 2552 537 τοῦ
2582 485 2743 548 θεοῦ,
2783 489 2990 558 ὲτέροις
3018 507 3076 542 τε
3107 489 3328 556 ὀνόμασι
3357 488 3596 540 0507:33-

309 553 513 619 signit,
556 561 612 606 et
667 553 1118 622 participationes
1170 566 1223 609 et
1274 557 1491 623 quidem
1551 562 1898 616 tiereSsarias

312 645 764 711 participationes
799 655 978 710 vocat,
1015 655 1066 698 et
1101 663 1262 714 sttpra
1306 649 1453 701 entia
1482 664 1603 703 esse
1641 651 1899 716 frequen-

313 747 397 790 ter
429 737 482 790 in
517 738 864 792 sermonibus
908 740 1168 803 ostendit,
1203 751 1256 793 et
1291 755 1385 796 eas
1415 756 1536 796 esse
1564 745 1898 812 exemplaria

316 845 496 882 rerum
553 830 604 882 in
662 829 772 883 Deo
823 834 1226 899 pra-existentia
1280 833 1333 886 in
1388 835 1900 903 supersubstantiali

313 923 536 975 unione.
601 923 884 985 Quomodo
947 925 1112 992 igitur
1174 925 1290 978 hinc
1348 937 1534 980 essent
1596 929 1903 984 creaturae?

324 1015 526 1068 Deinde
567 1015 696 1083 quid
740 1015 850 1068 sint
907 1015 996 1067 illa
1045 1017 1376 1086 exemplaria
1428 1017 1654 1084 docens,
1692 1021 1844 1074 addit
1883 1035 1902 1078 :

321 1124 339 1154 ‹
387 1104 725 1170 Exemplaria
763 1106 996 1160 dicimus
1029 1121 1150 1160 esse
1185 1108 1237 1159 iu
1277 1107 1386 1160 Deo
1431 1110 1668 1163 rationes
1715 1126 1898 1166 rerum

314 1195 612 1250 allicientes
643 1206 694 1248 et
732 1198 912 1250 uniter
945 1200 1356 1265 pra-existentes
1394 1217 1408 1257 :
1441 1215 1581 1268 quas
1629 1202 1900 1271 theologia

316 1291 921 1356 prtedeterminationes
975 1299 1169 1356 vocat,
1220 1302 1275 1344 et
1331 1293 1548 1346 divinas
1605 1307 1670 1347 ac
1733 1294 1904 1349 bonas

320 1384 624 1447 mlitiones,
659 1384 859 1451 quibus
899 1399 985 1437 res
1027 1385 1364 1438 deliniuutur
1391 1394 1446 1439 et
1478 1383 1815 1456 efﬁciuntur,
1847 1394 1904 1439 et

318 1476 618 1529 secundum
645 1491 782 1544 quas
809 1476 1355 1544 supersuhstantialis
1380 1477 1563 1546 opifex
1597 1493 1682 1531 res
1709 1492 1903 1531 omnes

316 1577 370 1618 t-t
401 1567 691 1634 przrstiluit
724 1577 777 1620 et
809 1569 1078 1634 produxit.
1119 1587 1136 1619 ι
1171 1568 1452 1634 Quomodo
1488 1570 1654 1637 igitur
1687 1570 1902 1637 praede-

326 1658 738 1712 tt-rminationes
770 1672 821 1711 ct
857 1659 1068 1711 divinas
1101 1661 1411 1712 voluntates
1447 1678 1624 1712 rerum
1658 1660 1904 1714 eﬂiraces

322 1761 510 1804 essent
544 1751 782 1804 creatae?
819 1751 1006 1805 Nonne
1052 1752 1538 1817 igitur'evidenter
1579 1752 1670 1805 Dei
1722 1752 1907 1823 provi-

2015 567 2174 618 πέσεν
2199 569 2453 637 ἀνυμνεῖ,
2485 567 2580 620 καὶ
2615 568 2853 638 μετοχὰς
2883 569 2977 622 καὶ
3006 570 3373 640 αῦτομετοχᾶς
3418 575 3600 636 καλεῖ,

2013 659 2108 710 καὶ
2151 659 2293 729 ὑπὲρ
2322 663 2390 713 τὰ
2443 660 2575 715 ὅντα.
2627 656 2770 715 εἶναι
2809 661 3085 732 πολλαχοῦ
3130 663 3239 716 τῶν
3285 664 3464 730 λόγων
3493 665 3591 718 δεί·

2012 767 2194 815 κνυσι,
2224 750 2318 804 καὶ
2387 750 2814 822 παραδείγματα
2857 753 2967 806 τῶν
3002 753 3171 806 ὄντων
3207 750 3345 807 εἶναι
3389 747 3602 820 ταύτας

2011 844 2498 914 προῦφεστηκυίας
2524 847 2584 898 ὲν
2599 844 2720 915 Θεῷ
2741 845 2866 899 καθ’
2886 847 3215 915 ὑπερούσιον
3231 848 3450 903 ἕνωσιν.
3475 849 3605 912 Πῶς

2010 935 2102 988 οὖν
2127 936 2193 989 ἂν
2224 933 2334 990 εἷεν
2359 930 2522 990 αὗται
2543 937 2852 1007 κτίσματα;
2889 939 3121 1008 Ἑφεξῆς
3145 939 3202 992 δὲ
3231 941 3324 993 καὶ
3347 939 3402 993 τί
3424 939 3607 992 ταῦτα

2010 1029 2077 1081 τὰ
2119 1027 2544 1097 παραδείγματα
2588 1028 2864 1084 διδάσκων
2909 1031 3198 1099 ἐπιφέρει·
3267 1050 3285 1082 ι
3324 1032 3607 1101 Παραδεί-

2011 1134 2200 1186 γματα
2239 1118 2295 1171 δέ
2326 1135 2510 1188 φαμεν
2545 1113 2713 1182 εἶναι,
2743 1120 2872 1182 τοὺς
2907 1122 2966 1173 ὲν
3007 1119 3128 1190 Θεῷ
3153 1121 3263 1174 τῶν
3311 1119 3487 1173 ὄντων
3518 1121 3608 1174 οῦ-

2013 1209 2312 1271 σεοποιοὺς,
2359 1210 2456 1262 καὶ
2495 1209 2715 1273 ἑνιαὲως
2759 1209 3190 1278 προῦφεστῶτας
3225 1212 3420 1279 λόγους
3445 1227 3462 1240 ⁸
3510 1213 3605 1264 οὓς

2009 1301 2041 1366 ἠ
2088 1299 2341 1368 Θεολογία
2386 1304 2769 1373 προορισμοὺς
2798 1303 2977 1368 καλεῖ,
3014 1305 3106 1356 καὶ
3138 1304 3257 1358 θεῖα
3289 1306 3379 1357 καὶ
3416 1305 3605 1373 ἀγαθᾶ

2011 1391 2334 1461 θελήματα,
2391 1395 2502 1447 τῶν
2561 1395 2735 1448 ὄντων
2783 1397 3113 1467 ἀφοριστικὰ
3151 1397 3244 1450 καὶ
3302 1398 3601 1465 ποιητικά·

2012 1483 2134 1536 καθ’
2158 1483 2252 1548 οὒς
2279 1487 2307 1539 ό
2341 1486 2673 1558 ὑπερούσιος
2695 1487 2764 1541 τὰ
2793 1488 2926 1541 ὄντα
2966 1489 3147 1544 πάντα
3171 1490 3265 1543 καὶ
3292 1489 3594 1560 προώρισε,

2012 1576 2105 1628 καὶ
2141 1579 2459 1647 παρήγαγε.
2516 1597 2537 1630 ι
2586 1580 2711 1642 Πῶς
2766 1580 2863 1634 οὖν
2911 1582 2960 1633 οἱ
3011 1584 3336 1653 προορισμοὶ
3384 1585 3487 1636 xci.
3537 1585 3595 1635 τὲ

2013 1669 2276 1737 ποιητικὰ
2325 1670 2434 1723 τῶν
2487 1671 2659 1725 όντων
2699 1672 2820 1726 Θεῖα
2859 1673 3144 1744 θελήματα
3191 1677 3420 1741 arma;
3483 1676 3608 1738 πῶς

2010 1760 2055 1812 δ’
2089 1761 2148 1812 οὑ
2187 1763 2412 1831 φανεροὶ
2445 1764 2807 1833 τυγχάνουσιν
2846 1767 3000 1827 ὅντες
3028 1766 3128 1837 τὴν
3170 1767 3264 1820 τοῦ
3293 1768 3432 1820 Θεοῦ
3467 1769 3594 1836 πρό-

338 1844 582 1896 dentiam
619 1845 684 1896 ad
719 1857 1028 1898 creaturam
1063 1846 1372 1913 deprimunt
1413 1845 1502 1914 qui
1543 1846 1661 1898 illas
1695 1859 1908 1911 proces-

2026 1870 2160 1906 mtav
2186 1855 2267 1918 εἰς
2302 1853 2514 1924 κτίσμα
2552 1858 2948 1920 κατασπῶντες
2969 1859 3018 1911 οι
3047 1859 3147 1922 τὰς
3175 1862 3441 1929 πριιὸδους
3467 1861 3592 1914 ταύ-

322 1935 506 1988 sioues
557 1945 614 1989 et
667 1939 1020 2004 operationes
1080 1946 1396 2004 supponunt
1459 1935 1714 1991 creatas?
1772 1934 1904 1989 Nam

322 2029 628 2082 cxistentize
669 2033 903 2097 vila’que
945 2038 999 2081 ct
1037 2031 1320 2095 sapientiae
1360 2026 1568 2092 eﬂirax,
1599 2035 1653 2080 ct
1683 2040 1912 2095 genera.

322 2120 421 2170 tim
472 2135 653 2174 rerum
704 2130 1014 2175 creatarutu
1067 2120 1382 2189 produt-trix
1431 2130 1488 2173 et
1533 2116 1910 2172 conservatrix

326 2214 579 2279 operatio
615 2214 757 2267 idem
803 2225 888 2266 est
928 2229 991 2266 ac
1034 2213 1234 2268 divina:
1270 2213 1577 2266 voluntates
1609 2210 1912 2277 divitueque

324 2306 434 2358 illae
470 2306 918 2373 participationrs
961 2315 1016 2358 et
1059 2305 1590 2359 counnuuicationes
1625 2303 1909 2368 bonitatis,

325 2413 448 2466 qua!
481 2407 567 2452 est
593 2402 838 2453 omnium
875 2415 1061 2456 causa.

397 2491 488 2545 88.
529 2491 797 2548 Aseitatis
835 2493 1188 2563 participatio
1233 2491 1365 2545 nihil
1397 2491 1505 2546 ullo
1544 2491 1709 2544 modo
1739 2487 1912 2558 parti-

327 2585 496 2656 cipat,
540 2597 600 2642 ttt
652 2603 878 2657 magnus
939 2592 1013 2642 ait
1073 2587 1407 2658 Dionysius;
1461 2595 1672 2640 caetera;
1732 2593 1911 2637 autem

333 2680 798 2748 participatione-5,
853 2691 1126 2749 quatenus
1183 2689 1309 2732 sunt
1363 2675 1808 2746 participationes
1859 2682 1914 2728 et

333 2773 600 2843 ptincipia
652 2788 857 2836 rerum,
895 2773 1028 2826 nihil
1084 2787 1310 2840 prorsus
1353 2769 1700 2838 partit-ipant,
1739 2781 1917 2836 neque

332 2868 479 2919 enim
530 2866 864 2932 providentia
917 2867 1338 2934 providentiam,
1385 2878 1559 2932 neque
1599 2862 1706 2914 vita
1746 2861 1915 2914 vitam

331 2956 663 3026 participat;
697 2967 976 3025 quatenus
1009 2972 1137 3010 vero
1173 2955 1373 3009 habent
1410 2970 1550 3018 t-sse,
1589 2953 1918 3023 participare

331 3053 589 3104 dicuntur
639 3052 954 3114 ascitatem,
985 3052 1111 3117 quia
1160 3051 1280 3103 sine
1328 3049 1444 3118 ipso
1492 3064 1598 3101 non
1646 3056 1773 3102 sunt
1817 3059 1920 3099 uec

336 3143 758 3213 participantur,
790 3142 931 3196 sicut
965 3157 1064 3194 nec
1098 3142 1439 3210 pra'scicntia
1482 3143 1600 3194 sine
1642 3139 1869 3194 scientia
1901 3152 1918 3194 :

335 3238 482 3292 unde
514 3253 638 3292 cum
673 3238 780 3290 sint
813 3235 1174 3288 submstentes
1209 3250 1306 3303 per
1348 3249 1407 3287 se
1450 3233 1914 3301 partit-ipationes,
1945 3217 1988 3273 ο

338 3331 565 3384 minime
614 3340 743 3384 sunt
791 3341 1011 3383 creatze.
1071 3327 1163 3381 lla:
1218 3329 1400 3394 igitur,
1457 3337 1517 3380 ut
1566 3326 1698 3379 dicit
1760 3325 1914 3379 divus

334 3423 626 3486 Maximus,
657 3438 927 3490 nunquam
959 3437 1079 3474 esse.
1107 3429 1412 3489 Ctht'l'tlnl,
1435 3429 1488 3474 et
1513 3420 1562 3470 iu
1594 3420 1702 3470 υι·0
1731 3432 1914 3470 esseu-

335 3518 540 3572 tialiter
586 3517 1032 3580 considerantur,
1084 3529 1183 3570 nec
1235 3516 1338 3568 fuit
1389 3523 1602 3582 tempus
1650 3527 1759 3580 quo
1809 3527 1913 3563 non

338 3613 562 3663 l'ucrint.
625 3607 938 3662 Adversarii
1003 3617 1183 3660 autem
1252 3606 1641 3658 subsistentem
1706 3619 1800 3668 per
1859 3619 1916 3655 se

335 3706 527 3764 vitam,
562 3710 615 3754 et
647 3700 966 3762 bonitatem,
999 3710 1053 3753 et
1082 3699 1185 3751 alia
1221 3694 1526 3764 hujusntodi
1562 3695 1724 3762 impio.
1758 3708 1917 3758 repu-

338 3808 520 3851 tautcs
550 3802 854 3858 creaturas,
883 3795 1084 3862 quippe
1115 3804 1235 3858 quas
1263 3787 1590 3855 participant
1628 3801 1917 3838 t-omtnune

337 3888 546 3942 eutiunt
598 3899 818 3947 nomen,
863 3897 968 3935 nou
1017 3881 1460 3934 animadvertunt
1512 3877 1624 3940 illa,
1666 3880 1917 3955 quamvis

339 3979 484 4033 entia
531 3979 806 4040 dicantur,
846 3989 971 4030 esse
1011 3985 1192 4027 tamen
1233 3986 1394 4038 supra
1429 3971 1599 4035 entia,
1629 3970 1768 4024 sicut
1803 3969 1918 4038 ipse

338 4073 415 4123 ait
472 4085 702 4138 magnus
757 4065 1066 4138 Dionysius.
1116 4062 1334 4128 Fat-ile,
1377 4066 1470 4132 qui
1521 4073 1743 4132 propter
1787 4061 1916 4116 illud

340 4162 783 4231 participationes
830 4176 925 4229 per
969 4174 1028 4212 se
1077 4157 1440 4212 subsistentes
1482 4155 1750 4209 creaturis
1789 4169 1921 4209 con-

339 4265 628 4310 numerant
671 4255 846 4322 ipsum
880 4250 1140 4320 Spiritum
1191 4257 1439 4302 sanctum
1472 4246 1754 4300 duxissent
1797 4259 1920 4300 esse

341 4357 625 4409 creatum,
675 4360 797 4398 cum
862 4356 1088 4410 magnus
1139 4339 1377 4395 Basilius
1429 4341 1575 4394 dicat
1619 4355 1741 4393 eum
1799 4353 1922 4394 esse

343 4441 662 4511 participem
697 4437 1114 4506 congruentium
1153 4432 1263 4487 Deo
1298 4433 1597 4486 nominum.

413 4535 504 4590 89.
547 4531 604 4586 Si
643 4530 765 4599 quis
809 4528 1009 4581 dixerit
1064 4526 1234 4579 solam
1282 4525 1670 4580 subsistentem
1721 4538 1816 4593 per
1861 4537 1920 4578 se

349 4624 712 4680 substantiam
761 4635 886 4676 esse
935 4617 1519 4681 communicationem,
1559 4617 1756 4686 quippe
1806 4629 1925 4682 qua:

345 4719 460 4774 sola
507 4732 614 4772 non
659 4714 972 4785 participat,
1003 4710 1098 4766 sed
1126 4710 1494 4766 communit-at
1538 4717 1749 4763 tantum
1778 4711 1924 4772 (nam

346 4817 453 4866 alia
496 4813 672 4881 ipsam
718 4805 1096 4876 participant);
1137 4804 1274 4856 sciat
1311 4819 1368 4855 se
1407 4818 1512 4856 non
1567 4799 1930 4869 intelligenter

346 4906 592 4973 cogitare
636 4903 702 4953 de
745 4899 868 4953 aliis
910 4895 1520 4952 communicationibus.
1563 4891 1696 4945 Nam
1740 4894 1930 4944 viven-

352 4999 423 5048 tia
471 5001 730 5048 sanctave
777 4998 870 5041 aut
915 4987 1078 5050 bona,
1117 5001 1223 5040 non
1270 4986 1395 5054 quia
1444 4993 1574 5038 sunt
1613 4981 1934 5048 simpliciter

352 5102 451 5141 nec
495 5086 620 5154 quia
671 5082 1030 5134 insistentem
1081 5093 1176 5147 per
1223 5092 1282 5131 se
1303 5076 1665 5131 substantiam
1715 5072 1934 5141 partici-

353 5187 514 5249 pant,
568 5176 823 5230 dicuntur
867 5185 989 5226 esse
1037 5185 1133 5238 per
1177 5168 1644 5238 participationem
1691 5167 1933 5218 viventia

356 5281 652 5340 sanctaque
685 5278 741 5322 et
775 5267 937 5331 bona,
974 5265 1067 5318 sed
1111 5264 1235 5334 quia
1274 5261 1599 5332 participant
1633 5259 1936 5314 subsiSten-

355 5373 464 5419 tem
509 5378 605 5434 per
635 5377 694 5416 se
727 5360 917 5425 vitam,
951 5369 1005 5411 et
1033 5359 1404 5420 sanctitatem,
1433 5367 1488 5410 et
1517 5355 1836 5409 bonitatem.
1867 5352 1937 5407 At

365 5456 666 5510 subsistens
702 5468 797 5520 per
829 5469 887 5507 se
922 5451 1051 5516 vita,
1082 5460 1136 5502 et
1165 5449 1267 5501 alia
1299 5448 1629 5517 bujusmodi,
1662 5461 1769 5500 non
1799 5446 1936 5501 alius

364 5550 488 5601 vita:
535 5544 954 5616 participatione
989 5552 1096 5596 vita
1134 5540 1192 5596 ﬁt
1223 5558 1236 5594 :
1274 5541 1392 5595 idco
1424 5553 1691 5610 quatenus
1717 5551 1802 5596 est
1840 5557 1938 5611 per

363 5654 425 5692 se
472 5638 604 5700 vita,
648 5644 732 5690 est
776 5635 1213 5699 communicatis,
1255 5647 1360 5687 non
1407 5648 1534 5687 vero
1578 5633 1935 5704 participans.

363 5731 518 5795 Quod
551 5741 730 5784 autem
763 5728 928 5782 vitam
963 5740 1068 5781 neu
1110 5724 1419 5793 participat,
1448 5724 1544 5780 sed
1583 5727 1754 5795 ipsum
1786 5741 1938 5782 cont-

363 5825 607 5874 tnunicat
636 5832 689 5873 et
724 5819 959 5872 traducit
996 5817 1158 5870 vitam
1191 5817 1520 5880 viventibus,
1548 5818 1765 5886 quando
1795 5829 1939 5876 esset

367 5912 654 5968 uentura?
683 5915 812 5966 ltcm
846 5914 910 5966 de
942 5910 1063 5966 aliis
1096 5911 1702 5968 conuuunicationibus.

2008 1963 2110 2008 τας
2141 1946 2234 2000 καὶ
2267 1949 2550 2017 ἐνεργείας
2583 1950 2860 2020 τιθέμενοι
2900 1953 3160 2018 κτιστάς;
3192 1954 3252 2005 Ἡ
3282 1953 3390 2024 γὰρ
3417 1955 3603 2006 065:0-

2009 2038 2182 2104 ποιὸς,
2216 2040 2312 2093 καὶ
2359 2041 2646 2106 ζωοποιὸς,
2698 2044 2791 2096 καὶ
2821 2044 3128 2112 σοφοποιὸς,
3183 2047 3276 2097 καὶ
3312 2046 3507 2109 ἁπλῶς
3567 2049 3600 2118 ἡ

2011 2134 2296 2202 ποιητικὴ,
2337 2134 2431 2186 καὶ
2466 2135 2763 2206 συνεκτικὴ
2817 2135 2926 2189 τῶν
2958 2137 3192 2198 κτιστῶς
3221 2137 3390 2189 ὅντων
3441 2137 3590 2208 ὲνέρ·

2009 2242 2154 2292 γεια,
2175 2225 2290 2278 ἔστι
2323 2227 2390 2280 τὰ
2427 2226 2547 2280 Οεῖα
2571 2227 2876 2296 Θελήματα,
2908 2229 3002 2281 καὶ
3031 2230 3086 2282 αἱ
3112 2228 3250 2281 Οεῑαι
3276 2225 3440 2282 αὗται
3471 2247 3592 2299 μετα

2007 2319 2134 2389 οχαὶ
2171 2319 2266 2372 καὶ
2293 2319 2498 2390 δωρεαὶ
2525 2321 2624 2390 τῆς
2662 2321 2883 2375 πάντων
2913 2322 3094 2386 αἰτίας
3126 2321 3488 2391 ἀγαοότητος.

2090 2501 2203 2567 σπη’.
2249 2495 2315 2548 Ἦ
2353 2494 2453 2565 μὲν
2482 2489 2578 2550 οὖν
2615 2492 2712 2548 τοῦ
2755 2492 3031 2547 αὖτοεῖναι
3066 2491 3290 2562 μετοχὴ,
3350 2488 3477 2543 κατ’
3508 2487 3594 2542 οὐ·

2017 2587 2147 2642 δένα
2177 2589 2383 2658 τρόπον
2415 2587 2638 2650 οὐδενὸς
2679 2585 2925 2658 μετέχει,
2970 2585 3046 2648 ὡς
3077 2583 3172 2636 καὶ
3201 2585 3228 2637 ό
3262 2582 3438 2650 μέγας
3484 2583 3596 2634 Ato-

2019 2680 2202 2745 νύσιός
2225 2696 2410 2750 φησιν·
2434 2681 2489 2733 αἱ
2515 2680 2562 2733 δ’
2587 2679 2747 2734 ἄλλαι
2779 2678 3027 2749 μετοχαὶ,
3119 2675 3220 2746 μέν
3243 2677 3351 2728 εἰσι
3377 2690 3603 2744 μετοχαι

2018 2793 2078 2830 τε
2139 2777 2234 2829 καὶ
2285 2775 2457 2846 ἀρχαὶ
2509 2774 2621 2829 τῶν
2676 2773 2880 2840 ὄντων,
2939 2773 3230 2844 μετέχουσι
3274 2769 3604 2841 τοπαράπαν

2017 2869 2264 2932 οὐδενόςο
2300 2869 2427 2922 οὐδὲ
2472 2867 2581 2939 γὰρ
2611 2868 2644 2936 ἠ
2693 2865 2924 2936 πρόνοια
2967 2864 3248 2935 προνοίας,
3277 2862 3387 2916 οὐδ’
3426 2864 3460 2933 ἡ
3492 2860 3600 2930 ζωὴ

2019 2962 2165 3031 ζωῆς
2197 2961 2554 3031 μετείληχεν·
2657 2960 2702 3013 δ’
2733 2959 2918 3030 ἔχουσι
2946 2957 3005 3011 τὸ
3038 2953 3200 3020 εἶναι,
3238 2957 3490 3027 μετέχειν
3518 2954 3603 3006 λέ⁹

2018 3072 2210 3125 γονται
2267 3053 2362 3119 τοῦ
2414 3055 2725 3107 αὐτοεῖναι’
2763 3055 2839 3117 ὼς
2889 3050 3058 3120 χωρὶς
3104 3050 3272 3103 αὐτοῦ
3319 3048 3395 3119 μὴ
3447 3043 3599 3101 οὖσα.

2023 3147 2159 3216 μηδὲ
2196 3147 2594 3216 μετεχόμεναι·
2634 3143 2889 3214 καθάπερ
2924 3143 3035 3196 οὐδ’
3066 3143 3100 3213 ἡ
3141 3143 3448 3210 πρόγνωσις
3492 3159 3598 3210 χω-

2017 3237 2101 3307 ρὶς
2130 3237 2228 3304 τῆς
2264 3237 2553 3304 γνώσεως·
2583 3235 2665 3288 διὸ
2695 3237 2771 3299 ὡς
2800 3235 3187 3306 αὐτομετοχαὶ,
3215 3234 3471 3302 οὐδαμῶς
3498 3234 3600 3285 είσι

2015 3329 2255 3382 κτισταί.
2293 3329 2460 3382 Ταῦτ’
2501 3327 2611 3398 ἄρα
2667 3328 2763 3381 καὶ
2817 3328 2959 3382 κατὰ
3000 3327 3092 3381 τὸν
3142 3327 3285 3380 θεῖον
3328 3327 3598 3396 Μάξιμον,

2017 3421 2141 3475 οὐδέ
2209 3439 2342 3475 ποτε
2383 3421 2480 3475 τοῦ
2530 3416 2674 3478 εἶναι
2704 3421 2974 3493 ἤρξαντο·
3012 3419 3106 3473 καὶ
3155 3420 3286 3490 περὶ
3332 3419 3426 3472 τὸν
3471 3417 3599 3472 Θεὸν

2017 3515 2293 3578 comae,-
2326 3516 2680 3585 θεωροῦνται,
2723 3515 2822 3568 καὶ
2863 3515 2964 3569 οὐκ
2990 3509 3059 3586 ἦν
3094 3514 3183 3567 ὅτε
3217 3514 3318 3566 οὐκ
3351 3508 3512 3583 ἦσαν.
3541 3512 3599 3564 01

2018 3606 2074 3679 δὲ
2104 3608 2360 3673 ἐναντίοι,
2405 3608 2503 3679 τὴν
2539 3607 2845 3678 αὑτοζωὴν.
2874 3608 2970 3661 καὶ
3011 3607 3482 3676 αὐτοαγαοότητα.
3513 3603 3600 3658 καὶ

2013 3697 2338 3753 τὰτοιαῦτα
2369 3699 2647 3764 δυσσεϐῶς
2677 3698 3000 3768 νομίζοντες
3025 3699 3242 3763 κτιστὰ,
3277 3699 3356 3751 ὅτι
3389 3697 3601 3766 μετέχει

2023 3795 2124 3864 τῆς
2161 3795 2270 3848 τῶν
2301 3796 2472 3848 ὄντων
2495 3796 2685 3864 κοινῆς
2720 3794 3060 3862 ἐπωνυμίας,
3089 3794 3148 3846 οὐ
3181 3793 3499 3862 συνορῶσιν,
3528 3789 3598 3850 ὡς

2027 3891 2076 3942 εί
2117 3889 2212 3941 καὶ
2245 3887 2375 3940 ὄντα
2408 3887 2648 3955 λέγεται,
2698 3886 2838 3940 ἀλλὰ
2867 3886 2962 3939 καὶ
2987 3885 3130 3954 ὑπὲρ
3170 3885 3239 3937 τὰ
3270 3885 3397 3937 ὅντα
3454 3880 3594 3936 ἐστί·

2025 3980 2280 4050 καθάπερ
2319 3981 2482 4043 αὑτός
2533 3996 2699 4047 φησιν
2741 3979 2772 4029 ὁ
2819 3978 2993 4049 μέγας
3049 3976 3360 4040 Διονύσιος’
3411 3976 3600 4048 ῥᾳδίως

2027 4071 2072 4125 δ’
2119 4070 2185 4126 ἂν
2237 4073 2287 4124 οἱ
2332 4071 2420 4125 6ιᾶ
2450 4069 2608 4124 τοῦτο
2643 4069 2743 4133 τὰς
2782 4068 3158 4139 αὖτομετοχὰς
3193 4069 3309 4130 τοῖς
3346 4067 3600 4136 κτίσμασι

2031 4163 2446 4224 συντάττοντες,
2501 4162 2597 4214 καὶ
2646 4163 2707 4214 τὸ
2759 4160 2983 4230 Πνεῦμα
3032 4158 3092 4212 τὸ
3147 4159 3302 4225 ἅγιον
3335 4158 3601 4228 ἡγήσαντο

2029 4257 2276 4311 κτιστόνο
2313 4254 2408 4309 τοῦ
2443 4255 2681 4325 μεγάλου
2719 4253 3003 4306 Βασιλείαν
3039 4251 3314 4319 λέγοντος.
3355 4251 3597 4320 μετέχειν

2033 4347 2168 4402 αὐτὸ
2190 4347 2298 4401 τῶν
2326 4344 2647 4415 Θεοπρεπῶν
2673 4345 2975 4414 ὀνομάτων.

2124 4517 2235 4574 πθθ.
2268 4519 2332 4572 El
2361 4517 2418 4572 δέ
2456 4535 2542 4582 τις
2576 4515 2712 4588 φαίη
2747 4515 2917 4585 μόνην
2947 4513 3047 4586 τὴν
3083 4512 3452 4584 αὖτοΰπαρξιν
3489 4503 3614 4564 εἶναι

2055 4611 2312 4682 μετοχὴν,
2360 4609 2437 4675 ὡς
2479 4609 2651 4680 μόνην
2681 4608 2755 4679 μὴ
2809 4607 3167 4678 μετέχουσαν,
3214 4605 3351 4659 ἀλλὰ
3403 4617 3612 4674 μετεχο-

2054 4705 2224 4776 μένην
2255 4703 2415 4773 μόνον
2440 4701 2517 4771 (αἱ
2546 4701 2657 4772 γὰρ
2684 4700 2840 4753 ἄλλαι
2878 4697 3198 4770 μετέχουσιν
3232 4695 3423 4764 αὐτῆς)
3443 4710 3454 4723 ·
3489 4689 3614 4760 γνὼ-

2051 4814 2128 4850 τω
2163 4795 2238 4866 μὴ
2269 4793 2509 4857 συνετῶς
2541 4791 2926 4862 διανοούμενος
2974 4790 3106 4860 ιπερὶ⁸
3148 4789 3257 4842 τῶν
3300 4786 3471 4841 ἄλλων
3501 4796 3612 4852 μετ-

2046 4890 2210 4960 οχῶνο
2243 4883 2325 4942 Τὰ
2376 4887 2484 4958 γὰρ
2524 4885 2724 4952 ζῶντα,
2755 4885 2788 4956 ἢ
2843 4883 2913 4937 τὰ
2948 4884 3103 4952 ἅγια,
3148 4882 3181 4952 ἦ
3215 4879 3285 4934 τὰ
3330 4876 3526 4946 ἀγαθὰ,
3559 4870 3610 4923 οὐ

2045 4983 2132 5036 διὰ
2159 4982 2220 5035 τὸ
2252 4981 2438 5044 ἁπλῶς
2470 4974 2631 5041 εἶναι,
2658 4978 2753 5032 καὶ
2782 4977 2881 5048 τῆς
2905 4970 3325 5042 αὑτοῦπάρξεως
3357 4970 3608 5041 μετέχειν.

2049 5075 2147 5146 ζῇν
2180 5073 2401 5142 λέγεται
2439 5070 2680 5142 μεθέξει,
2724 5069 2822 5124 καὶ
2862 5065 3187 5138 ἁγιάζεσθαι
3235 5064 3330 5118 καὶ
3363 5060 3611 5130 ἀγαθύνε-

2052 5171 2211 5222 σθαι·
2262 5165 2399 5220 ἀλλὰ
2452 5164 2532 5233 τῷ
2561 5164 2662 5233 τῆς
2699 5160 2984 5226 αὐτυζωῆς
3031 5158 3301 5230 μετέχειν,
3347 5156 3440 5209 καὶ
3469 5154 3609 5208 αὑτο-

2050 5260 2366 5329 αγιότητος,
2387 5258 2481 5312 καὶ
2507 5253 3003 5324 αὐτοαγαθότητος.
3033 5251 3096 5304 Ἦ
3123 5250 3177 5304 δὲ
3202 5247 3606 5317 αὑτοαγαθότης.

2053 5352 2084 5411 ἢ
2112 5351 2205 5404 καὶ
2234 5351 2403 5404 τᾶλλα
2434 5348 2502 5402 τὰ
2524 5345 2773 5412 τοιαῦτα,
2792 5345 2892 5398 οὐκ
2917 5341 3083 5412 ἄλλης
3109 5338 3388 5407 αὑτοζωῆς
3415 5333 3608 5408 μεθέξει

2049 5444 2258 5512 γίνεται
2277 5440 2526 5512 αὖτοζωή
2545 5457 2560 5470 ·
2584 5438 2664 5492 διὸ
2694 5439 2788 5492 καὶ
2813 5435 2950 5489 καθὸ
2971 5432 3241 5500 αὑτοζωὴ,
3271 5430 3379 5484 τῶν
3409 5439 3597 5499 μετεχο-

2053 5535 2253 5602 μένων,
2280 5532 2400 5586 ἀλλ’
2440 5531 2501 5585 οὐ
2528 5530 2637 5584 τῶν
2674 5527 3013 5599 μετεχόντων
3049 5523 3184 5577 ἐστί.
3219 5521 3292 5574 Τὸ
3314 5520 3368 5573 δὲ
3403 5519 3474 5590 μὴ
3502 5522 3625 5587 μετ-“

2053 5627 2177 5698 ἐχον
2203 5625 2371 5696 ζωῆς,
2407 5622 2523 5677 ἀλλ’
2560 5622 2691 5676 αὐτὸ
2726 5619 3084 5690 μετεχόμενον
3111 5614 3206 5667 καὶ
3238 5609 3527 5678 ζωοποιοῦν
3550 5601 3607 5656 τὰ

2052 5694 2256 5783 ζῶντα,
2284 5694 2402 5780 πῶς
2426 5714 2492 5771 ἂν
2516 5713 2604 5784 εἴη
2624 5713 2829 5784 κτίσμα
2851 5728 2868 5779 ;
2890 5710 3043 5765 Κάπὶ
3064 5708 3172 5762 τῶν
3195 5706 3368 5763 ἄλλων
3393 5694 3606 5775 μετοχῶν

2051 5809 2271 5881 ὁμοίως.
