3988 6490
410 417 552 484 1125

1310 419 1579 481 enim
1646 415 2001 489 PHYSXCA,
2049 371 2566 483 THEOLOGICA,
2604 415 2764 475 ETC.

3527 413 3667 478 1186

477 520 544 586 ιζ.
584 520 1027 591 Συμφῧεγγέσθω
1060 524 1152 577 νῦν
1182 526 1313 596 ἡμῖν
1351 528 1444 580 καὶ
1474 526 1728 596 Μάξιμος
1756 530 1784 579 ὁ
1813 527 1975 590 θεῖος.

2155 528 2245 580 90.
2289 526 2568 580 Consonet
2615 540 2759 578 nunc
2796 523 2954 577 nobis
2986 522 3143 576 divus
3179 522 3341 576 etiam
3382 523 3667 579 Maximos.

401 611 500 680 τὴν
519 615 808 684 ποιητικὴν
831 617 936 668 των
958 617 1127 669 ὄντων
1151 617 1410 688 πρόνοιαν
1433 617 1531 679 τὰς
1554 618 1813 686 προόδους
1836 615 1976 670 εἶναι

401 700 602 764 ταύτας
659 703 754 756 τοῦ
803 703 937 757 Θεοῦ
970 706 1200 776 γράφων
1233 707 1290 760 ἐν
1325 706 1594 776 Σχολίοις’
1643 725 1662 760 ι
1702 708 1890 760 Κοιναὶ
1919 706 1978 761 δέ

398 809 512 866 εισι
560 807 661 879 τῆς
712 806 1148 876 τρισυποστάτου
1185 802 1619 874 διακεκριμένης
1663 801 1873 862 ἐνάδος,
1927 798 1984 850 αἱ

403 902 796 972 δημιουργικαὶ
825 898 1074 969 πρόνοιαί
1108 915 1167 949 τε
1192 896 1286 948 καὶ
1314 895 1651 962 ἁγαοὸτητες
1672 910 1686 923 ·
1711 889 1990 944 τουτέστιν

403 998 458 1048 at
495 993 800 1053 ούσιώσεις,
833 992 888 1044 αἱ
927 990 1192 1055 ζωώσεις,
1225 987 1281 1038 αἱ
1325 987 1730 1053 σοφοποιὴσεις.
1764 982 1856 1050 Τῷ
1894 980 1991 1050 μὲν

405 1081 499 1139 οὖν
527 1083 727 1146 πολλὰς
761 1082 926 1150 φάναι
955 1079 1159 1139 ταύτας
1193 1077 1289 1130 καὶ
1325 1073 1772 1143 διακεκριμένοις,
1821 1070 1990 1133 ἔδειξε

407 1176 482 1245 μὴ
515 1173 615 1244 τὴν
663 1172 854 1226 οὐσίαν
907 1168 1074 1231 οὔσας
1127 1167 1330 1229 ταύτας
1372 1164 1465 1218 τοῦ
1505 1162 1680 1218 Θεοῦ⁶
1739 1163 1836 1232 μία
1883 1161 1991 1228 γὰρ

405 1266 544 1334 αῦτη
592 1264 686 1318 καὶ
739 1263 1089 1315 παντάπασιν
1133 1258 1463 1329 ἀδιαίρετος.
1503 1255 1658 1309 Ἐπεὶ
1701 1254 1757 1307 δὲ
1806 1252 2016 1313 κοινὰς.

407 1358 510 1425 ’ἔφη
542 1357 644 1422 τῆς
683 1352 1124 1424 τρισυποστάτου
1155 1347 1585 1420 διακεκριμένης
1632 1345 1838 1404 ὲνάδος,
1867 1343 1991 1398 οὐδὲ

406 1449 498 1501 τὸν
530 1448 661 1500 Υἱῖιν
693 1443 856 1509 εἶναι,
892 1445 988 1497 καὶ⁹
1026 1443 1086 1496 τὸ
1116 1443 1342 1516 Πνεῦμα
1372 1439 1433 1492 τὸ
1463 1439 1618 1506 ἆγιον
1649 1436 1992 1506 παρέστησεν

406 1541 539 1606 ἡμῖν
561 1553 576 1568 ·
610 1537 817 1591 τούτων
846 1537 956 1604 γὰρ
988 1535 1142 1588 οὐδὲν
1178 1533 1287 1585 τῶν
1331 1529 1498 1602 τριῶν
1526 1530 1778 1598 ἐνέργεια
1813 1529 1989 1594 κοινή.

409 1628 499 1698 Τῷ
529 1627 586 1680 δὲ
617 1627 692 1696 μὴ
738 1627 898 1695 μόνον
949 1623 1206 1694 προνοίας
1233 1622 1436 1683 ταύτας
1466 1621 1634 1688 φάναι
1665 1619 1758 1672 καὶ
1794 1617 1991 1686 ἀγαθὸ-

406 1737 597 1786 τητας,
617 1717 753 1773 ἀλλὰ
771 1717 866 1771 καὶ¹
891 1712 1315 1786 δημιουργικὰς,
1333 1712 1621 1773 ἁκτίστους
1641 1708 1993 1780 ὑπαρχούσας

411 1811 633 1877 ἔδειξεν.
670 1811 728 1862 Ei
769 1808 880 1878 γὰρ
918 1807 1014 1878 μὴ,
1047 1803 1584 1877 δεδημιουργημένον
1627 1803 1782 1854 ἔσται
1815 1800 1876 1853 τὸ
1899 1799 1992 1867 δη-

2083 620 2406 673 creatrieetn
2449 632 2628 671 rerum
2667 616 3066 684 providentiam
3096 631 3216 669 esse
3254 613 3373 668 illas
3419 616 3508 666 Dei
3545 631 3671 682 pro-

2083 712 2360 764 cessioues
2387 710 2632 763 scribens
2678 711 2730 761 itt
2791 705 3028 760 Svltoliis
3063 722 3077 760 :
3119 724 3135 756 ι
3167 707 3498 760 Communes
3539 714 3670 758 sunt

2085 802 2280 855 unitati
2333 801 2508 854 tribus
2556 799 2804 868 personis
2851 798 3156 860 distincta.
3207 797 3444 850 creatrix
3489 797 3670 864 provi-

2083 893 2262 946 dentia
2294 902 2349 945 et
2371 892 2605 955 bonitas,
2643 890 2692 943 id
2729 899 2830 951 est,
2865 889 3196 942 exsistentia‘
3237 897 3287 939 et
3331 890 3452 940 vitae
3489 898 3545 940 et
3581 903 3670 947 sa-

2086 985 2300 1052 pientia-
2333 984 2634 1053 productio.
2673 1001 2692 1033 ›
2742 982 2845 1034 Eas
2891 981 3056 1048 igitur
3095 981 3431 1032 numerando
3468 979 3672 1032 multas

2087 1077 2468 1135 etdistinctas.
2500 1076 2737 1128 oSteutlit
2768 1087 2859 1125 eas
2895 1087 3002 1124 non
3039 1085 3162 1124 esse
3202 1070 3292 1122 Dei
3327 1070 3620 1130 essentiam
3653 1087 3668 1120 :

2088 1167 2203 1222 hate
2248 1167 2391 1221 enim
2433 1180 2539 1218 una
2585 1177 2670 1219 est
2713 1173 2765 1218 et
2797 1165 3020 1216 omnino
3056 1163 3371 1214 indiscreta.
3403 1161 3538 1225 Quia
3577 1174 3672 1211 au-

2091 1273 2197 1314 tem
2249 1274 2344 1313 eas
2393 1273 2712 1312 communes
2763 1257 2900 1310 dixit
2945 1257 3137 1307 unitati
3191 1255 3365 1308 tribus
3421 1255 3675 1323 personis

2089 1351 2379 1415 distinctas,
2398 1366 2494 1404 nec
2520 1350 2710 1404 Filium
2731 1364 2853 1402 esse
2877 1363 2977 1401 nec
2999 1347 3259 1415 Spiritum
3289 1357 3539 1399 sanctum
3579 1361 3673 1397 tto-

2090 1444 2172 1496 bis
2205 1441 2462 1496 iudicavit
2495 1458 2508 1494 :
2543 1443 2733 1492 horum
2757 1441 2898 1493 enim
2934 1437 3080 1490 nulla
3108 1437 3352 1505 operatio
3384 1445 3471 1489 est
3498 1435 3675 1486 tribus

2089 1533 2417 1589 Communis.
2456 1533 2633 1600 Atque
2670 1532 2786 1584 illas
2823 1547 2929 1583 tton
2960 1531 3136 1582 solum
3179 1527 3576 1595 providentiam
3619 1535 3675 1578 et

2092 1624 2533 1689 bttllilalem,’3€d
2569 1623 2867 1676 creatrices
2898 1623 3064 1673 etiam
3101 1622 3362 1680 vocando.
3396 1619 3675 1670 inet-calas

2090 1731 2210 1774 esse
2260 1716 2849 1770 demonstravilznam
2901 1730 3078 1782 secus,
3127 1714 3271 1780 quod
3326 1721 3474 1764 creat
3526 1725 3676 1763 crea-

2095 1819 2209 1860 tum
2247 1816 2414 1872 esset,
2452 1808 2763 1860 necessario
2811 1807 2919 1859 alio
2966 1817 3229 1866 creature,
3266 1815 3319 1857 et
3355 1803 3440 1854 ltic
3485 1815 3676 1854 rursus

412 1899 755 1973 ptoupytxdv.
789 1877 1002 1953 Ούκοῦν
1023 1897 1198 1967 ἑτέρῳ
1225 1891 1743 1967 [δε]δημιουργικῷ·
1769 1891 1992 1943 κάκεῖνο

2107 1899 2199 1952 tlio
2231 1899 2335 1951 erit
2367 1911 2619 1961 creatus;
2655 1907 2710 1951 et
2755 1908 2811 1951 ut
2861 1899 2939 1951 sic
2991 1897 3350 1966 perveniatur
3390 1898 3454 1944 ad
3497 1902 3677 1942 extre-

407 1992 568 2047 πάλιν
598 1991 772 2062 ἑτέρῳ
821 1987 1358 2058 δεδημιουργημένον
1388 1985 1569 2038 ἔσται’
1613 1982 1707 2034 καὶ
1750 1982 1884 2048 πρὸς
1929 1979 1992 2030 τὸ

409 2087 489 2149 είς
515 2085 745 2154 ἔσχατον
777 2081 926 2134 τοῦτ’
956 2080 1204 2134 ἐλαύνειν
1233 2078 1483 2141 ἀτοπίας,
1511 2075 1619 2129 οὐδ’
1650 2073 1736 2128 ἐπ’
1766 2074 1993 2142 ἄπειρον

411 2179 670 2249 στήσεται
713 2175 952 2245 βαδίζον.
1007 2173 1075 2227 Αἱ
1133 2171 1229 2225 τοῦ
1283 2168 1421 2224 Θεοῦ
1469 2168 1582 2240 ἄρα
1636 2153 1854 2236 πρόοδοι
1898 2164 1996 2215 καὶ

411 2271 688 2338 ἐνέργειαι
727 2265 973 2320 ἇκτιστοί
998 2265 1058 2319 τέ
1083 2266 1210 2320 είσι.
1244 2261 1340 2315 καὶ
1370 2259 1528 2315 οὐσία
1549 2275 1632 2322 τις
1662 2257 1868 2310 τούτων
1894 2254 1998 2306 οὐκ

412 2361 580 2423 ἐστιν,
613 2358 724 2410 ἀλλ’
756 2357 878 2410 οὐδὲ
900 2357 1221 2417 ὑπόστασις.

483 2451 592 2520 ιμ’.
640 2451 793 2504 Ἐπεὶ
842 2448 898 2502 δὲ
929 2447 1023 2501 καὶ
1069 2442 1349 2506 πολυειδὲς
1395 2441 1671 2510 ὑπέστησε
1714 2437 1776 2490 το
1821 2435 1932 2489 πᾶν
1968 2432 1999 2485 ὁ

412 2544 777 2615 προαγωγεὺς
814 2541 909 2594 καὶ
941 2538 1239 2607 κοσμήτωρ
1278 2533 1373 2587 τοῦ
1423 2531 1625 2594 παντὸς
1687 2527 2000 2596 ἀνεικάστῳ

412 2637 753 2704 ἀγαθότητος
786 2630 1084 2702 ὑπερϐολῇ,
1107 2629 1176 2680 τὰ
1212 2628 1308 2696 μὲν
1339 2621 1478 2678 εἶναι
1524 2623 1682 2693 μόνον
1712 2619 1998 2688 ἐθελήσας,

413 2730 480 2781 τὰ
505 2728 560 2780 δὲ
598 2725 735 2794 πρὸς
769 2724 824 2777 τὸ
853 2719 994 2776 εἷναι
1023 2719 1327 2790 κεκτῆσθαι
1359 2718 1453 2770 καὶ
1479 2715 1650 2784 ζωήν·
1683 2714 1779 2764 καὶ
1799 2711 1867 2763 τὰ
1903 2708 2002 2778 μὲν

415 2821 606 2890 νοερᾶς
629 2817 831 2882 ταύτης
852 2816 1152 2886 εὑμοιρεῖν,
1199 2811 1340 2864 τὰδὲ
1372 2808 1540 2879 μόνης
1575 2803 1872 2860 ἀπολαύειν
1902 2803 2004 2872 τῆς

414 2913 537 2965 κατ’
573 2909 923 2980 ἀμφοτέρων,
961 2907 1078 2958 ἐστι
1131 2903 1177 2956 δ’
1224 2902 1262 2956 ὃ.
1299 2901 1393 2954 καὶ
1449 2899 1650 2968 μικτὴν
1689 2896 1898 2965 ταύτην
1943 2892 2004 2959 ἐξ

415 3003 750 3075 ἀμφοτέρων
795 2998 1128 3069 ἐσχηκέναι·
1155 2996 1251 3048 καὶ
1288 2994 1398 3046 τῶν
1427 2990 1651 3058 λογικὴν
1687 2987 1783 3041 καὶ
1812 2984 2007 3052 γοερὰν

415 3096 543 3166 παρ’
572 3091 738 3148 αὑτοῦ
780 3089 1057 3144 λαϐόντων
1084 3085 1182 3155 τὴν
1214 3084 1383 3154 ζωὴν,
1407 3085 1474 3152 τῇ
1518 3079 1656 3151 πρὸς
1689 3077 1856 3130 αὐτὸν
1889 3075 2009 3129 ἐθεο

2097 2007 2213 2044 mos
2265 1991 2622 2044 absurditatis
2668 1991 2891 2052 limites,
2929 2006 2995 2042 ne
3042 1989 3094 2041 in
3140 1987 3408 2041 inﬁnitum
3458 1985 3677 2051 quidem

2099 2084 2446 2152 procedendo
2477 2083 2734 2136 stabitur.
2769 2081 2909 2150 Ergo
2944 2080 3034 2134 Dei
3063 2079 3438 2148 processionns
3469 2089 3522 2130 et
3552 2092 3681 2143 ope-

2097 2175 2336 2228 ratioues
2385 2183 2512 2228 sunt
2559 2173 2840 2232 increatte.
2871 2181 2925 2224 et
2973 2170 3210 2224 essentia
3257 2168 3434 2234 aliqua
3489 2167 3679 2219 itarutn

2100 2284 2208 2323 non
2249 2277 2352 2332 est,
2387 2268 2525 2320 sicut
2566 2281 2665 2318 nec
2705 2263 3035 2318 substantia.
3675 2245 3695 2260 ’

2167 2442 2257 2498 91.
2300 2441 2435 2507 Quia
2485 2452 2670 2495 autem
2727 2443 3020 2510 productor
3071 2451 3123 2492 et
3175 2449 3398 2492 ornatur
3441 2436 3680 2489 omnium

2100 2533 2358 2589 ineﬂ‘abili
2394 2533 2651 2588 bonitatis
2686 2532 2844 2601 copia
2888 2531 3273 2585 multiformem
3313 2530 3490 2583 eﬂ‘ccit
3526 2543 3688 2580 mun—

2097 2626 2265 2690 tlutu,
2316 2625 2772 2694 quaedamt'olens
2829 2623 3093 2677 exsistere
3143 2633 3388 2685 tantum,
3439 2619 3684 2688 quaedam

2100 2735 2227 2773 vero
2252 2726 2446 2786 praeter
2463 2719 2836 2770 exsistentiam
2863 2718 2968 2768 vita
2995 2713 3475 2782 quoqungaudere,
3503 2724 3548 2763 et
3579 2710 3684 2762 alia

2104 2813 2246 2864 hanc
2275 2807 2698 2862 intellectualem
2738 2805 2943 2869 sortiri,
2975 2805 3081 2857 alia
3115 2819 3242 2857 vero
3278 2816 3382 2854 una
3420 2801 3688 2853 duntaxat
3781 2857 3788 2865 _

2103 2903 2390 2956 ambarum
2427 2900 2558 2965 frui,
2593 2898 2852 2952 nonnulla
2884 2898 3120 2966 denique
3163 2896 3319 2948 ntista
3353 2893 3584 2960 quadam
3621 2905 3684 2941 ex

2103 2993 2371 3046 ambabus
2398 2992 2583 3060 potiri,
2611 3001 2663 3043 ct
2685 3005 2806 3058 qua:
2831 2988 3152 3041 rationalem
3180 2995 3235 3038 ct
3263 2983 3682 3037 intellectualem

2105 3101 2134 3137 a
2164 3101 2221 3137 se
2253 3093 2582 3152 acceperant
2615 3083 2804 3145 vitam,
2844 3081 3017 3134 Lbero
3051 3081 3118 3131 ad
3157 3072 3215 3132 se
3251 3087 3396 3128 tnotu
3434 3073 3688 3127 unionem

416 3186 628 3256 λουσίῳ
663 3182 844 3236 νεύσει
869 3179 968 3248 τῆς
998 3177 1165 3230 αὐτοῦ
1197 3173 1443 3235 ἐνὼσεως
1485 3169 1891 3237 ἐπιτυγχάνειν,
1916 3164 2006 3219 καὶ

2107 3192 2312 3239 set-um,
2350 3185 2406 3229 et
2447 3173 2649 3228 exinde
2691 3175 2859 3224 vitam
2909 3170 3168 3237 consequi
3221 3163 3691 3234 supernaturaletu

418 3281 517 3346 ζῇν
547 3254 690 3329 οῦτω
715 3272 872 3333 θείως
899 3269 993 3322 καὶ
1040 3263 1360 3336 ὑπερφυῶς,
1401 3262 1504 3332 τῆς
1533 3257 1699 3313 αὐτοῦ
1732 3254 1997 3322 κατηξιωο

422 3370 558 3440 μένα
594 3361 858 3435 θεουργοῦ
906 3362 1151 3431 χάριτος,
1184 3355 1278 3410 καί⁵
1323 3353 1628 3424 ἐνεργείας.
1671 3351 1735 3404 Ἦ
1761 3348 1871 3420 γὰρ
1900 3347 2004 3399 αὑ-

417 3463 513 3516 τοῦ
539 3461 781 3527 θέλησις,
814 3454 1027 3524 γένεσίς
1053 3453 1171 3505 ἐστι
1197 3453 1308 3513 τοῖς
1339 3448 1510 3508 οῦσιν,
1546 3446 1580 3514 ἢ
1605 3442 2007 3516 προαγομένοις

421 3557 486 3608 ἐκ
520 3553 596 3624 μὴ
627 3552 820 3614 ὄντων,
846 3547 879 3617 ἢ
919 3542 1320 3616 βελτιουμένοις
1342 3560 1355 3572 ο
1383 3540 1478 3594 καὶ
1507 3538 1666 3592 τοῦτο
1707 3535 2004 3604 διαφόρως.

423 3647 522 3700 Διὰ
551 3645 758 3713 ταύτην
807 3641 908 3710 τὴν
958 3640 1052 3691 ἐπὶ
1084 3637 1153 3691 τὰ
1189 3635 1318 3688 ὅντα
1363 3631 1459 3686 τοῦ
1499 3631 1645 3684 θείου
1701 3628 2008 3698 θελήματος

423 3739 688 3805 διαφορὰν
728 3736 760 3803 ἡ
797 3733 896 3802 μία
927 3732 1110 3799 ἐκείνη
1138 3727 1364 3798 πρόνοια
1387 3725 1482 3778 καί
1514 3720 1788 3789 ἀγαθότης
1821 3716 2009 3789 (ταυτὸ

423 3829 470 3900 δ’
492 3830 690 3891 εἰπεῖν,
717 3828 750 3897 ἡ
779 3827 845 3878 δι’
883 3823 1198 3892 ἀγαθότητα
1229 3819 1370 3890 πρὸς
1393 3817 1463 3870 τὰ
1484 3811 1888 3880 καταδεέστερα
1913 3807 2010 3862 τοῦ

426 3925 563 3978 Θεοῦ
590 3927 748 3977 επιστ
759 3917 943 3991 pou-i1),
963 3917 1154 3970 πολλαὶ
1179 3911 1426 3986 πρόνοιαί
1448 3927 1508 3964 τε
1533 3908 1628 3963 καὶ
1652 3905 2008 3976 ἀγαθότητες,

432 4019 528 4070 καὶ
553 4015 660 4068 εἰσὶ
696 4019 790 4065 καὶ
818 4011 1070 4078 λέγοντα-ι
1105 4007 1258 4077 παρὰ
1285 4005 1394 4071 τῶν
1417 4001 1692 4067 θεοσόφων
1723 3996 2011 4062 θεολόγων,

417 4107 746 4176 ’ἁμερίστως
785 4107 844 4155 ἐν
881 4104 993 4162 τοῖς
1048 4099 1324 4170 μεριστοῖς
1377 4094 1731 4165 μεριζόμεναι
1770 4088 1867 4141 καὶ
1897 4103 2016 4139 ποι-

437 4200 776 4267 ιιιλλόμεναιο
828 4195 902 4256 ὼς
953 4191 1051 4262 τὴν
1106 4191 1205 4261 μὲν
1249 4183 1665 4259 προγνωστικὴν
1717 4180 1812 4234 τοῦ
1878 4177 2017 4232 Θεοῦ

430 4291 662 4360 δύναμιν
692 4285 976 4341 καλεῖσθαι
994 4302 1008 4315 ο
1039 4284 1139 4352 τὴν
1155 4283 1233 4345 δὲ,
1259 4277 1661 4350 δημιουργικὴν
1686 4292 1747 4327 τε
1772 4272 1868 4325 καὶ,
1903 4287 2019 4324 συντ

435 4383 697 4452 εκτικήνο
747 4379 954 4432 τούτων
998 4376 1042 4429 δ’
1077 4371 1166 4438 αὖ,
1215 4373 1359 4426 κατὰ
1388 4371 1482 4423 τὸν
1516 4371 1688 4439 μέγαν
1718 4366 2018 4423 Διονύσιον,

434 4479 532 4538 τὶς
582 4474 681 4542 μὲν
734 4469 1040 4532 οὐσιώσεις,
1086 4468 1185 4529 τὰς
1224 4465 1280 4518 δὲ
1329 4461 1592 4529 ζωὼσεις,
1632 4461 1730 4522 τὰς
1765 4459 1819 4511 δὲ
1863 4473 2022 4524 σοφο·

437 4551 565 4635 πόιή
576 4580 706 4625 σεις.

438 4659 528 4712 7.1"
563 4656 656 4708 τοῦ
680 4654 809 4706 Υἱοῦ
838 4653 933 4704 καὶ
964 4651 1056 4703 τοῦ
1089 4650 1243 4716 ἁγίου
1272 4645 1587 4715 Πνεύματος
1607 4659 1620 4673 ·
1655 4644 1745 4695 καὶ
1770 4640 1888 4694 κατ’
1917 4639 2016 4691 αὑ-

439 4753 540 4819 τὴν
578 4748 816 4817 ἑκάστην
835 4745 932 4815 τὴν
963 4762 1028 4796 πε
1040 4743 1094 4812 ρὶ
1123 4742 1270 4812 ἡμᾶς
1307 4737 1516 4808 ἀγαθὴν
1557 4736 1652 4788 καὶ
1681 4733 1830 4786 θείαν
1861 4731 2019 4798 θέλη-

442 4860 550 4906 σιν,
577 4845 606 4895 ὁ
653 4838 842 4909 Πατὴρ
887 4835 984 4889 καὶ
1036 4838 1064 4888 ὁ
1089 4833 1216 4894 Υἱὸς
1242 4831 1337 4884 καὶ
1387 4830 1447 4882 τὸ
1486 4827 1709 4896 Πνεῦμα
1762 4825 1822 4876 τὸ
1861 4823 2043 4889 ἅγιόν.

444 4937 615 4996 ἐστιν,
669 4933 703 5002 ἡ
757 4925 1064 4988 ούσιοποιὸς
1124 4923 1218 4977 καὶ
1273 4920 1532 4986 ζωοποιὸς
1581 4919 1677 4971 καὶ
1735 4913 2021 4984 σοφοποιδς

447 5025 703 5096 ἐνέργειά
753 5040 814 5076 τε
847 5021 941 5074 καὶ
971 5019 1202 5088 δύναμις
1223 5031 1235 5045 ·
1263 5014 1330 5077 ἃς
1379 5016 1475 5066 καὶ
1501 5011 1759 5081 ἀσχέτους
1799 5005 2023 5078 μεταδό-

449 5136 584 5182 σεις,
603 5117 695 5171 καὶ
715 5113 1016 5182 ἀμειὼτους
1041 5107 1392 5177 προσείρηκε·
1420 5103 1529 5156 τῶν
1553 5102 1784 5156 κτιπιῦν
1807 5097 1942 5169 ὁμοῦ
1964 5115 2022 5150 τε

450 5213 670 5266 πάντων
703 5205 958 5277 ἐξαίρων,
989 5202 1086 5256 καὶ
1119 5197 1366 5271 φυσικῶς
1410 5199 1612 5250 ἐνεῖναι
1648 5191 1919 5248 διδάσκων
1948 5189 2026 5260 τῷ

455 5302 812 5378 μεταδιδόντι.

524 5395 630 5464 ιιβν.
693 5393 904 5459 ’Ὠσπερ
938 5389 966 5440 ὁ
1013 5385 1196 5456 ἥλιος,
1235 5381 1522 5453 ἀμειὼτως
1569 5382 1681 5443 τοῖς
1742 5377 2024 5448 μετέχουσι

457 5486 775 5558 μεταδιδοὺς
808 5482 1020 5552 θέρμης
1052 5482 1144 5533 καὶ
1175 5477 1374 5548 φωτὸς,
1411 5474 1685 5545 ἐμφύτους
1727 5470 1877 5524 ταῦτ’
1913 5469 2026 5537 ἔχει

456 5580 551 5632 καὶ
575 5576 855 5636 οὐσιῶδεις
889 5571 1166 5643 ἐνεργείας
1191 5586 1205 5601 ·
1236 5568 1378 5622 οὕτω
1404 5566 1499 5620 καὶ
1523 5566 1579 5618 αἱ
1618 5564 1760 5618 θεῖαι
1801 5559 2026 5632 μεταδό-

458 5689 594 5734 σεις,
631 5665 921 5738 ἁμειὼτως
951 5661 1171 5716 ἐνοῦσαι
1197 5659 1274 5729 τῷ
1299 5657 1652 5730 μεταδιδῦντι,
1682 5652 1907 5723 φυσικαὶ
1937 5650 2030 5703 καὶ

458 5761 735 5824 οὑσιώδεις
796 5755 1068 5826 ἐνέργειαι
1135 5755 1275 5807 εἰσιν
1335 5749 1534 5805 αὐτοῦ·
1591 5743 1881 5815 τοιγαροῦν
1935 5744 2030 5797 καὶ

463 5855 731 5909 ἅκτιστοι,
766 5847 1032 5916 Καθάπερ
1069 5844 1124 5896 δὲ
1167 5841 1262 5896 τοῦ
1299 5841 1395 5910 μὲν
1431 5837 1658 5909 ἡλιακοῦ
1693 5836 1890 5907 φωτὸς,
1921 5834 2026 5886 οὐδ’

2106 3271 2264 3338 digna
2297 3267 2478 3322 habita
2513 3267 2701 3319 duiﬁca
2733 3263 2901 3334 ἱρείας
2947 3261 3268 3330 operatione
3301 3268 3464 3327 atque
3495 3258 3689 3324 gratia.

2106 3361 2240 3414 Nam
2273 3359 2394 3427 ejus
2428 3358 2678 3410 voluntas
2717 3364 2804 3408 est
2843 3367 3005 3406 causa
3051 3352 3194 3405 entia
3233 3351 3346 3403 sive
3383 3352 3694 3418 producens

2107 3467 2139 3506 e
2163 3451 2330 3506 nihilo
2352 3451 2466 3503 sive
2492 3447 2802 3506 meliorans.
2829 3456 2876 3498 et
2931 3445 3034 3496 hoc
3059 3442 3439 3496 diversituode.
3467 3439 3694 3506 Promet-

2108 3543 2249 3595 hanc
2277 3540 2475 3594 divinae
2505 3552 2632 3607 erga
2666 3538 2810 3589 entia
2845 3533 3144 3587 voluntatis
3174 3531 3542 3584 diversitatem
3586 3542 3692 3580 una

2110 3633 2198 3688 illa
2232 3630 2570 3700 providentia
2611 3639 2665 3681 et
2709 3627 2923 3680 bonitas
2957 3633 3070 3692 (seu
3102 3623 3244 3692 quod
3287 3623 3424 3674 idem
3457 3629 3558 3680 est,
3599 3618 3692 3668 Dei

2109 3732 2331 3792 propter
2377 3721 2673 3774 bonitatem
2721 3717 2788 3770 ad
2841 3714 3098 3770 inferiora
3153 3709 3459 3777 conversio)
3511 3708 3698 3761 multa:

2109 3813 2464 3886 providentia:
2491 3827 2556 3863 ac
2583 3809 2853 3861 bonitates
2881 3815 3009 3858 sunt
3038 3815 3091 3858 et
3129 3813 3388 3855 vocantur
3435 3817 3464 3852 a
3510 3800 3692 3852 divina

2111 3904 2448 3974 sapientibus
2495 3897 2795 3966 theologis,
2851 3894 3083 3948 indivise
3138 3891 3190 3944 in
3246 3887 3696 3959 participantibus

2112 3998 2365 4051 discretae
2401 4003 2454 4046 et
2493 3989 2904 4049 discriminata,
2937 3986 3007 4037 ita
3052 3995 3109 4036 ttt
3151 3983 3256 4036 alia
3301 3980 3519 4048 quidem
3559 3993 3696 4046 pra:-

2111 4087 2336 4141 scientia
2371 4083 2464 4136 Dei
2499 4091 2858 4147 nuneupctur,
2885 4076 2990 4130 alia
3023 4083 3206 4128 autem
3240 4072 3424 4125 virtus
3457 4068 3693 4122 creatrix

2111 4190 2165 4232 et
2195 4174 2590 4234 censervatrix,
2620 4181 2673 4223 et
2704 4170 2820 4223 haec
2854 4183 3067 4228 rursus,
3095 4165 3246 4234 juxta
3287 4169 3539 4228 magnum
3571 4160 3696 4212 Dio-

2113 4269 2352 4339 nysium,
2377 4263 2843 4331 sulnlistittguatur
2875 4260 2928 4313 in
2957 4260 3226 4318 essentne.
3257 4256 3378 4309 vita:
3405 4263 3460 4306 et
3480 4252 3696 4319 sapien—

2117 4367 2205 4417 tia:
2247 4359 2619 4419 ell'cctricetn;
2675 4354 2889 4407 illarum
2933 4361 3113 4404 autem
3166 4361 3502 4416 unaquazque
3549 4359 3697 4398 cum-

2117 4451 2296 4505 munis
2321 4456 2405 4501 est
2431 4445 2576 4500 Patri
2604 4454 2658 4498 et
2681 4443 2822 4498 Filio
2846 4453 2901 4496 et
2925 4441 3151 4508 Spiritui
3180 4447 3388 4499 saneto,
3417 4448 3472 4489 et
3499 4449 3698 4487 secun-

752 4527 1081 4628 'Exa’ta:'q”6s
1125 4527 1512 4623 toti'rtov'zow'h
1540 4553 1657 4605 ἐστι
1681 4548 1776 4603 τοῦ
1805 4549 2006 4618 Πατρος

2114 4545 2241 4614 dum
2285 4543 2454 4607 ipsam
2492 4550 2938 4602 unamquamque
2971 4531 3210 4584 divinam
3245 4544 3370 4598 erga
3414 4542 3515 4582 nos
3546 4527 3702 4579 boni.

2119 4644 2282 4687 tatem
2337 4645 2391 4686 et
2443 4631 2797 4692 voluntatem,
2840 4625 2999 4678 l’ater
3045 4631 3099 4675 et
3151 4620 3320 4672 Filius
3365 4630 3418 4672 et
3463 4619 3702 4686 Spiritus

2118 4737 2337 4778 sanctus
2391 4732 2517 4776 sunt
2563 4719 2836 4781 essentne,
2882 4717 3004 4768 vita:
3047 4720 3102 4764 et
3137 4710 3414 4778 sapientia:
3455 4708 3698 4761 clIcctt-ix

2118 4815 2360 4882 operatio
2415 4826 2469 4866 et
2517 4811 2730 4870 virtus.
2788 4820 2924 4874 quas
2973 4804 3064 4856 ille
3115 4801 3306 4855 doctor
3359 4797 3702 4852 necessarias

2120 4903 2643 4960 counttunicatiunes
2681 4910 2736 4954 et
2779 4899 3012 4951 intactas
3049 4895 3278 4956 vocavit,
3317 4906 3412 4944 eas
3448 4889 3612 4943 simul
3647 4899 3701 4941 et

2121 5015 2149 5051 a
2183 4996 2453 5052 creaturis
2483 4994 2737 5048 omnibus
2767 5002 3054 5058 separatis,
3086 4995 3142 5041 et
3173 4983 3492 5040 naturaliter
3523 4981 3704 5035 inesse

2121 5085 2547 5144 eotnmunicanti
2578 5087 2804 5138 docens.

2195 5363 2284 5419 99..
2327 5359 2478 5413 Sicut
2505 5356 2586 5410 sol
2608 5355 2724 5410 sine
2749 5352 3146 5408 imminutione
3173 5343 3527 5418 participibus
3557 5356 3707 5396 com-

2129 5455 2412 5508 municatis
2440 5449 2674 5503 calorem
2706 5456 2761 5500 et
2788 5447 2984 5506 lucem,
3013 5444 3124 5497 hac
3150 5440 3316 5494 habet
3341 5449 3393 5490 ttt
3424 5435 3702 5489 naturales

2129 5546 2561 5612 essentialesque
2615 5541 2999 5612 operationes;
3055 5537 3128 5590 ita
3183 5530 3710 5589 cotttntunicatioues

2131 5643 2348 5702 divinae,
2381 5653 2484 5691 non
2529 5637 2834 5690 mittiteltlrs
2871 5628 3382 5689 comtnnnicantem.
3429 5621 3711 5694 naturales

2129 5731 2562 5798 οεδυιιιίιιίοειιιιο
2606 5738 2730 5788 sunt
2772 5725 2888 5793 ejus
2927 5721 3310 5792 operationes;
3343 5733 3472 5787 ergo
3513 5725 3569 5769 et
3621 5715 3708 5765 iu-

2134 5831 2326 5880 creata:
2367 5831 2516 5874 sunt.
2551 5817 3015 5883 Quemadmodum
3045 5822 3222 5866 autem
3258 5809 3452 5868 solaris
3483 5804 3706 5860 luminis
