3988 6518
373 410 508 475 1187
1641 401 2025 463 GREGORH
2073 402 2400 466 PALAM/E
3364 418 3373 431 ‘
3489 402 3616 469 1188

368 529 435 566 ne
484 512 773 583 vestigium
825 513 1045 583 quidem
1088 520 1360 579 remanet,
1397 524 1683 584 postquam
1725 518 1809 569 sol
1859 519 1950 571 sul

2054 518 2202 587 ίχνυς
2227 514 2582 568 ὑπολείπεται
2607 510 2700 566 τοῦ
2741 510 2893 581 ἡλίου
2922 509 3076 571 ὄντος
3105 507 3208 561 ὑπὸ
3230 508 3350 578 γῆν.
3375 506 3470 560 καὶ
3492 509 3611 568 τοὺς

367 614 512 658 terra
569 616 652 659 est
714 617 769 660 et
818 620 936 673 quae
985 620 1153 671 super
1206 613 1353 661 terra
1399 617 1532 661 sunt
1578 610 1815 678 reliquit,
1857 626 1959 665 nec

366 702 543 760 potest
591 696 876 762 splendore
933 695 1036 749 hoc
1084 696 1274 751 fruens
1329 697 1524 752 oculus
1570 700 1791 756 misceri
1831 715 1954 755 cum

367 799 457 844 eo.
494 794 546 839 et
582 800 678 854 per
707 802 828 839 eum
866 787 1170 842 uniri‘cum
1220 788 1368 843 l'oute
1419 789 1581 853 lucis,
1618 791 1738 859 ejus
1773 802 1954 847 tamen

368 876 518 928 color
560 886 613 930 et
681 877 997 945 quicunque
1036 878 1196 948 hujus
1232 879 1460 935 eﬂ‘ectus
1502 882 1568 934 ad
1617 883 1957 937 sensibilium

369 968 776 1034 generationem
823 976 879 1021 et
927 969 1333 1026 incrementum
1378 983 1434 1027 et
1465 971 1533 1028 ad
1569 973 1957 1053 multiformem

369 1060 655 1114 luttnurnm
680 1071 736 1115 et
758 1061 1084 1131 qualitatum
1111 1066 1429 1119 varietatem
1472 1064 1820 1120 conferentes
1849 1083 1956 1121 nou

372 1151 461 1205 illa
497 1152 903 1220 derelinquunt,
932 1155 1186 1222 quamvis
1212 1170 1319 1210 non
1350 1157 1588 1213 habeant
1615 1172 1714 1227 per
1743 1159 1956 1212 radiuut

367 1261 491 1298 cum
528 1245 644 1299 sole
687 1249 1134 1302 communionem
1161 1263 1177 1302 :
1208 1249 1401 1303 eodem
1436 1250 1618 1315 modo,
1650 1252 1716 1307 ad
1758 1250 1958 1307 obscu-

368 1353 485 1390 ram
533 1337 673 1394 hanc
719 1338 796 1392 rei
847 1340 1130 1396 sensibilis
1179 1341 1498 1411 imaginem,
1539 1343 1574 1398 ii
1616 1353 1823 1400 tantum
1861 1345 1954 1415 qui

366 1430 773 1501 supernaturali
828 1448 894 1487 ae
932 1433 1286 1489 divinissiutat
1330 1434 1611 1491 adhaerent
1656 1437 1793 1502 luci,
1839 1439 1957 1494 dei-

366 1524 523 1579 llcatn
576 1534 804 1593 possunt
849 1527 1081 1596 gratiam
1136 1529 1350 1585 sincere
1384 1530 1719 1600 participare
1758 1542 1813 1587 et
1858 1548 1957 1602 per

367 1632 487 1671 eam
522 1616 823 1683 Deoiuniri,
849 1630 1050 1674 caetera
1082 1635 1213 1676 vero
1239 1622 1422 1676 omnia
1451 1622 1732 1679 creatricis
1756 1638 1955 1694 opera-

368 1711 536 1765 tionis
573 1711 806 1767 eﬁ‘ecttts
846 1721 976 1766 sunt
997 1714 1184 1804 gratia
1220 1714 1468 1783 quidem,
1512 1716 1722 1772 scilicet
1758 1718 1949 1785 gratis,

364 1818 431 1858 ex
470 1803 642 1857 nihilo
673 1803 946 1872 producti,
973 1803 1031 1859 et
1065 1821 1172 1862 non
1211 1806 1467 1865 illustratt
1493 1808 1687 1880 gratia,
1718 1824 1839 1879 quat
1864 1818 1951 1865 est

364 1894 673 1963 splendoris
705 1895 797 1950 Dei
833 1911 1119 1967 agnomen.

434 2070 526 2129 93.
565 2071 661 2127 Illa
704 2073 796 2129 Dei
837 2074 928 2129 lux
961 2084 1018 2131 et
1049 2076 1239 2132 deities
1285 2078 1557 2146 operatio,
1595 2079 1752 2150 cujus
1785 2081 1959 2151 partio

366 2164 518 2232 cipes
569 2165 915 2232 deiﬁcautur,
954 2168 1137 2228 divina
1195 2172 1446 2235 quasdam
1493 2179 1577 2225 est
1614 2172 1813 2243 gratia,
1855 2173 1955 2229 sed

352 2271 478 2309 -non
516 2255 605 2309 Dei
632 2267 825 2311 natura
851 2276 866 2325 ;
900 2274 1006 2314 non
1032 2261 1177 2328 quod
1204 2262 1323 2317 hate
1348 2262 1490 2317 absit
1517 2279 1545 2315 a
1569 2264 1760 2331 gratiae
1788 2265 1954 2333 parti-

369 2346 610 2412 cipibus.
647 2358 705 2401 ttt
744 2351 1045 2405 adversarii
1097 2352 1380 2408 dementer
1426 2356 1783 2423 mentiuntur,
1828 2373 1952 2412 nam

369 2438 571 2505 ubique
618 2440 775 2497 adest
825 2453 1016 2497 natura
1054 2444 1176 2512 Dei;
1217 2447 1310 2500 sed
1347 2447 1473 2517 quia
1512 2464 1620 2503 non
1666 2457 1754 2505 est
1798 2464 1952 2505 com-

367 2532 736 2600 tnunicabilis,
762 2551 884 2591 cunt
922 2538 1057 2591 nihil
1085 2539 1161 2594 sit
1186 2552 1454 2609 creatum,
1490 2551 1551 2595 ttt
1579 2556 1745 2610 supra
1769 2552 1955 2599 osten-

367 2624 573 2692 dimus,
596 2631 738 2695 quod
764 2631 939 2698 possit
959 2645 1079 2685 eam
1102 2632 1450 2702 participare.
1474 2632 1539 2689 Et
1559 2634 1739 2690 divina
1760 2648 1955 2703 Opera-

368 2719 443 2771 tio
477 2730 529 2773 et
572 2719 747 2791 gratia
792 2722 1041 2790 spiritus,
1073 2724 1277 2792 ubique
1308 2739 1550 2794 praesens
1581 2734 1636 2780 et
1669 2726 1738 2780 ab
1772 2740 1837 2779 eo
1868 2725 1955 2778 in-

369 2810 727 2880 separabilis,
780 2813 846 2867 iis
879 2814 971 2882 qui
1029 2814 1101 2869 ob
1156 2814 1558 2871 immunditiam
1610 2828 1720 2871 non
1767 2815 1950 2869 idonei

368 2910 497 2956 sunt
524 2905 591 2958 ad
617 2906 984 2970 consortium,
1010 2907 1544 2966 incommunicabilis
1574 2919 1662 2963 est
1689 2918 1953 2980 tauquam

334 3004 337 3005 '
366 2994 588 3050 absens.
627 3014 646 3047 t
675 2996 831 3052 Sicut
860 2998 1033 3062 enim,
1065 2999 1246 3067 inquit
1292 3000 1509 3067 doctor,
1535 3002 1780 3059 vultuum
1812 3002 1951 3055 ima-

365 3088 517 3154 gines
543 3103 652 3143 non
689 3088 743 3143 iu
770 3090 1025 3148 carnibus
1059 3092 1303 3147 materiis
1331 3094 1731 3161 exprimuntur,
1764 3096 1858 3150 sed
1896 3096 1948 3148 itt

366 3179 438 3233 iis
465 3196 588 3250 qua
619 3181 910 3237 laevitatem
958 3183 1162 3239 habent
1205 3191 1260 3240 et
1307 3185 1839 3242 lransluciditatem:
1875 3188 1949 3241 ita

366 3289 467 3327 nec
513 3275 566 3327 itt
616 3274 876 3329 omnibus
925 3275 1127 3330 animis
1171 3274 1344 3345 gratia
1390 3275 1636 3342 spiritus,
1668 3277 1764 3331 sed
1799 3276 1853 3331 in
1885 3275 1955 3333 iis

362 3380 486 3429 quae
514 3364 646 3421 nihil
680 3366 991 3437 ambiguum
1021 3366 1229 3422 habent
1253 3377 1309 3422 et
1341 3367 1644 3437 obliquum.
1677 3386 1697 3421 ι
1731 3366 1799 3422 Ει
1827 3384 1953 3423 rur-

365 3471 459 3510 sus
489 3473 503 3508 :
541 3475 560 3508 t
588 3455 856 3513 Omnibus
883 3458 1101 3525 quidem
1127 3459 1275 3512 adest
1311 3456 1547 3526 Spiritus
1563 3469 1823 3526 sanctus;
1854 3459 1950 3514 sed

366 3549 435 3603 iis
464 3549 554 3615 qui
589 3549 774 3604 mttttdi
807 3559 936 3606 sunt
978 3565 1006 3603 a
1058 3550 1431 3619 passionihus.
1463 3552 1735 3619 propriam
1768 3562 1951 3606 Osten-

364 3641 442 3696 dit
478 3642 754 3706 virtutetn,
788 3643 855 3697 iis
883 3659 1014 3698 vero
1045 3644 1138 3713 qttl
1173 3656 1409 3697 mentem
1454 3645 1654 3699 habent
1694 3645 1950 3701 sordibus

361 3736 567 3804 peccati
601 3736 950 3803 maculatam,
984 3739 1224 3792 nondum
1254 3737 1520 3792 ostendit.
1564 3754 1586 3789 ι

433 3922 521 3977 94.
550 3919 702 3976 Sicut
751 3922 886 3977 solis
917 3921 1097 3976 lumen
1132 3935 1163 3976 a
1197 3923 1352 3977 radio
1394 3936 1451 3975 et
1479 3937 1508 3977 a
1563 3922 1751 3978 calore
1783 3938 1946 3993 quem

361 4014 456 4069 hic
486 4014 605 4079 dat,
629 4015 872 4083 separari
904 4015 1110 4083 nequit,
1158 4014 1253 4071 sed
1276 4028 1340 4069 ex
1368 4015 1496 4070 illud
1528 4018 1949 4085 suscipientibus

363 4108 398 4160 ii
430 4108 523 4177 qui
585 4107 773 4163 oculos
821 4123 930 4163 non
973 4108 1197 4173 habent,
1237 4108 1412 4164 lucem
1444 4125 1555 4164 non
1592 4112 1946 4182 participant,

364 4201 460 4255 sed
482 4217 547 4255 ex
574 4202 729 4255 radio
753 4201 928 4256 solum
958 4203 1236 4271 accipiunt
1266 4202 1529 4267 calorem,
1561 4218 1688 4257 nam
1723 4205 1947 4262 minime

363 4294 545 4349 lucem
594 4295 923 4364 p-trtit-ipare
955 4304 1187 4361 possunt
1224 4295 1398 4349 oculis
1440 4296 1687 4350 carentia
1719 4313 1734 4350 :
1772 4298 1844 4351 ita
1890 4308 1945 4353 et

362 4388 533 4442 multo
590 4388 765 4456 magis
817 4387 1003 4441 divino
1048 4388 1339 4457 splendore
1388 4388 1684 4443 frttentium
1764 4393 1942 4446 nullus

362 4481 691 4551 participare
716 4489 892 4548 potest
914 4481 1179 4535 creatoris
1197 4480 1513 4540 essentiam.
1547 4479 1773 4551 Nonest
1795 4487 1940 4538 enim

2055 608 2199 677 ὑπὲρ
2227 607 2334 675 γῆν
2369 605 2733 671 ἐπιλιπόντος,
2763 604 2873 657 οὐδ’
2904 602 2984 654 ἔνι
3016 601 3074 654 τὸ
3097 602 3192 669 τῆς
3216 599 3387 669 αὐγῆς
3418 597 3613 668 ταύτης

2053 698 2327 754 ἀπολαῦον
2354 699 2511 769 ὄμμα
2554 697 2628 770 μὴ
2656 693 3065 765 ἀνακεκρᾶσθαι
3101 692 3238 764 πρὸς
3288 690 3476 762 αὐτὴν,
3526 691 3615 744 καὶ

2049 791 2120 845 δι’
2156 792 2328 860 αὐτῆς
2355 791 2603 870 ῄνῶσθαι
2632 791 2711 863 τῷ
2743 792 2990 863 βλύζοντι
3023 792 3085 848 τὸ
3115 795 3264 863 (patr
3289 797 3322 867 ἠ
3350 797 3393 851 δ’
3418 797 3621 855 ἐκεῖθεν

2050 885 2228 955 θέρμη
2281 885 2378 939 καὶ
2436 886 2538 939 ὅσα
2588 887 2646 952 ἐξ
2691 886 2864 956 αὐτῆς
2915 887 3148 941 τελεῖται
3181 889 3621 961 συμϐαλλομένης

2048 977 2188 1044 πρὸς
2213 976 2424 1044 γένεσίν
2454 994 2514 1029 τε
2558 978 2653 1032 κοιλ⁸
2679 976 2910 1047 αῦξησιν
2937 980 3050 1041 τοῖς
3081 977 3378 1049 αἰσθητοῖς,
3406 981 3501 1035 καὶ
3528 982 3623 1053 τὴν

2055 1068 2170 1122 τῶν
2200 1069 2394 1138 χυμῶν
2429 1069 2525 1123 καὶ
2576 1071 2880 1139 ποιοτήτων
2922 1069 3177 1140 πολυειδῆ
3211 1072 3498 1143 διαφορὰν,
3527 1075 3622 1128 οὒκ

2049 1162 2323 1216 ἐπιλείπει
2359 1161 2556 1222 ταῦτα,
2588 1162 2696 1215 κάν
2752 1159 2826 1233 μὴ
2873 1161 2936 1216 τὸ
2987 1164 3224 1231 συναφὲς
3253 1166 3351 1235 ἔχῃ
3402 1164 3493 1219 διὰ
3532 1165 3624 1236 τῆς

2048 1257 2266 1318 ἀκτῖνος
2304 1254 2441 1325 πρὸς
2471 1252 2563 1307 τὸν
2609 1254 2761 1325 ἣλιον
2783 1272 2799 1287 ο
2830 1254 2921 1308 τὸν
2955 1256 3115 1309 αὐτὸν
3143 1256 3344 1326 τρόπον
3389 1257 3467 1320 ὡς
3509 1258 3625 1310 κατ’

2047 1343 2302 1414 ἀμυδρὰν
2335 1346 2393 1397 ὲν
2415 1343 2698 1413 αἰσθητοῖς
2720 1344 2928 1406 εἰκόνα,
2960 1345 3074 1398 τῶν
3098 1346 3497 1399 ἐπιϐαλλόντων
3528 1345 3596 1417 μό
3613 1376 3625 1387 ο

2047 1451 2156 1488 νων
2176 1432 2255 1503 τῷ
2303 1432 2582 1503 ὑπερφυεῖ
2621 1432 2718 1485 καὶ
2755 1431 3021 1502 θειοτάτῳ
3058 1433 3217 1499 φωτὶ,
3247 1435 3348 1501 τῆς
3377 1431 3624 1485 θεοποιοῦ

2046 1525 2272 1596 χάριτος
2303 1523 2617 1595 εἰλικρινῶς
2650 1525 2924 1594 μετέχειν,
2956 1525 3052 1577 καὶ
3082 1524 3148 1578 δι’
3186 1525 3356 1594 αὐτῆς
3385 1520 3626 1594 ἡνῶσθαι

2045 1618 2125 1689 τῷ
2144 1618 2297 1688 Θεῷ·
2329 1617 2400 1669 τὰ
2422 1615 2467 1667 δ’
2495 1615 2632 1669 ἄλλα
2664 1613 2868 1678 πάντα,
2914 1618 3011 1685 τῆς
3044 1616 3446 1685 δημιουργικῆς
3478 1614 3627 1685 ἐνερ-

2045 1705 2204 1775 γείας
2251 1704 2391 1757 εἰσὶν
2421 1704 2873 1773 ἀποτελέσματαο
2899 1706 3083 1775 χάριτι
3127 1704 3228 1773 μὲν
3255 1707 3319 1756 ἐκ
3354 1706 3429 1774 μὴ
3459 1704 3624 1758 ὅντων

2046 1786 2396 1867 προηγμένα,
2430 1794 2681 1865 δηλονότι
2713 1795 2926 1865 δωρεάν
2945 1810 2958 1824 ·
2995 1797 3053 1848 οὐ
3089 1794 3544 1866 κατηγλαῖσμένα
3570 1794 3626 1847 δὲ

1983 1878 2113 1963 Βτῇ
2143 1889 2329 1960 χάριτι
2355 1904 2370 1920 ο
2412 1889 2537 1956 ἥτις
2564 1887 2667 1956 τῆς
2693 1886 2792 1941 τοῦ
2832 1885 2971 1942 Θεοῦ
3000 1886 3388 1959 λαμπρότητος
3422 1886 3601 1975 ἐπώνυ

2090 1981 2150 2035 ὁν
2178 1983 2355 2035 ἐστιν.

2090 1999 2150 2035 ον
2178 1999 2355 2035 εστιν.

2048 1999 2089 2053 μ
2116 2071 2226 2141 ἥγ’.
2271 2072 2337 2125 Ἦ
2387 2071 2482 2124 τοῦ
2516 2071 2656 2126 Θεοῦ
2701 2070 3029 2142 λαμπρότης
3072 2068 3213 2139 αῦτη
3246 2070 3341 2123 καὶ
3386 2068 3626 2131 θεοποιδς

2044 2167 2317 2236 ἐνέργεια,
2367 2160 2436 2237 ἦς
2468 2163 2536 2216 τὰ
2573 2163 2874 2234 μετέχοντα
2935 2162 3173 2226 θεοῦται,
3207 2160 3328 2214 θεία
3372 2160 3463 2223 τίς
3515 2160 3626 2213 ἐστι

2044 2259 2224 2328 χάρις,
2267 2254 2385 2311 ἀλλ’
2417 2256 2515 2326 οὐχ
2543 2258 2577 2327 η
2625 2255 2792 2326 φύσις
2820 2254 2914 2307 τοῦ
2947 2252 3084 2307 Θεοῦ
3104 2271 3115 2283 ·
3159 2254 3255 2321 οὐχ
3306 2253 3384 2315 ὡς
3417 2250 3626 2305 ἀποῦσι

2044 2352 2152 2406 τῶν
2182 2350 2664 2420 κεχαριτωμένων,
2699 2349 2841 2403 κατά
2871 2347 2969 2418 τὴν
2997 2348 3106 2401 τῶν
3136 2346 3392 2401 ἐναντίων
3412 2344 3623 2416 ληρώδη

2047 2444 2415 2513 συκοφαντίαν
2451 2440 2773 2515 (πανταχοῦ
2813 2442 2927 2514 γὰρ
2974 2444 3008 2513 η
3051 2441 3216 2509 φύσις
3267 2439 3362 2493 τοῦ
3419 2438 3623 2505 Θεοῦ)’

2045 2539 2165 2593 ἀλλ’
2191 2539 2270 2602 ὡς
2296 2539 2401 2592 οὐκ
2439 2534 2576 2591 οὖσα
2621 2536 2856 2607 μεθεκτή
2877 2551 2892 2567 ο
2939 2535 3166 2605 μηδενὸς
3195 2535 3349 2597 ὖντος
3383 2530 3620 2592 κτιστοῦ.

2045 2630 2187 2683 καθά
2216 2627 2724 2700 προῦποδέδεικται,
2763 2628 2858 2682 τοῦ
2880 2626 3198 2699 δυνηθέντος
3219 2627 3285 2681 ἀν
3310 2625 3625 2696 μεταλαχεῖν

2044 2720 2239 2791 αὐτῆς.
2284 2720 2396 2793 Kal
2428 2721 2462 2790 ἠ
2488 2718 2608 2773 θεία
2636 2720 2724 2773 ὲνέ
2736 2736 2895 2792 ργεια
2917 2720 3010 2773 καὶ
3049 2718 3212 2789 χάρις
3238 2717 3334 2772 τοῦ
3373 2716 3623 2786 Πνεῦμα-

2044 2828 2158 2872 τος,
2194 2809 2475 2880 πανταχοῦ
2511 2810 2787 2880 παροῦσα,
2817 2811 2914 2864 καὶ
2931 2810 3237 2882 ἀχώριστος
3264 2807 3429 2862 αὑτοῦ
3458 2807 3627 2861 διατε-

2047 2902 2238 2967 ιοῦσα,
2271 2906 2386 2967 τοῖς
2413 2903 2480 2957 δι’
2503 2903 2852 2976 ἀκαθαρσίαν
2882 2902 3279 2973 ἀνεπιτηδείως
3298 2901 3436 2973 πρὸς
3464 2899 3618 2972 μετά-

2046 2996 2230 3066 ληψιν,
2255 2997 2561 3067 ἀμέθεκτός
2585 2997 2734 3051 ἔστιν
2757 2997 2946 3067 ὥσπερ
2968 2996 3201 3052 ἀποῦσα.
3228 2996 3435 3048 (Ὠσπε
3444 3011 3476 3063 ρ
3500 2994 3620 3062 γὰρ,

2048 3090 2238 3158 φησὶν,
2277 3090 2334 3143 αί
2372 3089 2483 3142 τῶν
2521 3087 2833 3161 προσώπων
2873 3089 3163 3158 ἐμφάσεις,
3199 3088 3299 3141 οὐκ
3342 3087 3400 3139 ὲν
3428 3086 3621 3145 πάσαις

2048 3183 2170 3244 ταῖς
2201 3180 2355 3245 ὕλαις
2381 3182 2646 3252 γίνονται,
2693 3181 2812 3234 ἀλλ’
2838 3182 2898 3234 ἐν
2925 3184 3050 3245 ταῖς
3087 3179 3338 3249 λειότητά
3366 3195 3493 3232 τινα
3532 3177 3621 3231 καὶ

2051 3270 2370 3339 διαφάνειαν
2406 3272 2806 3343 κεκτημέναις·
2855 3270 3030 3334 οὕτως
3059 3272 3159 3325 οὐκ
3193 3272 3252 3324 ὲν
3276 3269 3481 3333 πάσαις
3510 3269 3620 3329 ταῖς

2039 3363 2242 3432 ψυχαῖς
2269 3365 2302 3434 ὴ
2331 3362 2428 3419 τοῦ
2464 3364 2789 3437 Πνεύματος
2832 3366 3104 3435 ἐνέργεια,
3143 3364 3256 3418 ἀλλ’
3282 3365 3339 3416 ἐν
3368 3365 3493 3427 ταῖς
3525 3377 3618 3430 μη·
3664 3379 3668 3383 ·

2039 3456 2129 3510 δὲν
2175 3457 2391 3511 σκολιὸν
2440 3457 2719 3528 ἐχούσσιτ.
2775 3457 2909 3527 μηδὲ
2960 3453 3422 3526 στραγγαλιῶδες.
3462 3472 3480 3505 ι
3519 3452 3617 3505 Καὶ

2042 3546 2243 3601 πάλιν
2299 3566 2318 3599 ι
2347 3546 2492 3601 Πᾶσι
2550 3549 2648 3620 μὲν
2677 3548 2917 3618 πάρεστι
2954 3547 3019 3599 τὸ
3077 3544 3299 3616 Πνεῦμα
3336 3544 3399 3597 τὸ
3434 3545 3613 3611 ἅγιον·

2041 3640 2179 3694 ἀλλά
2216 3641 2330 3704 τοῖς
2382 3640 2485 3710 μὲν
2542 3638 2917 3712 καθαρεύουσι
2950 3638 3059 3692 τῶν
3089 3636 3300 3700 παθῶν,
3342 3637 3446 3706 τὴν
3493 3635 3616 3687 ίδέαν

2042 3731 2304 3801 ἐμφαίνει
2341 3730 2571 3801 δύναμιν
2600 3748 2616 3764 ⁸
2652 3734 2766 3795 τοῖς
2795 3731 2853 3785 δὲ
2895 3733 2958 3784 τδ
2996 3730 3324 3802 ἡγεμονικὸν
3361 3742 3612 3796 συγκεχυ·

2045 3824 2208 3894 μένον
2222 3822 2435 3893 ἔχουσιν
2454 3823 2565 3876 ἀπὸ
2583 3822 2692 3876 τῶν
2707 3824 2801 3894 τῆς
2821 3823 3096 3895 ἁμαρτίας
3117 3823 3344 3885 σπίλων,
3362 3823 3424 3876 οὐ
3436 3840 3468 3875 κ
3486 3821 3578 3873 ἔτι.
3593 3838 3608 3868 ι

2115 3912 2217 3981 ιιδν.
2255 3914 2528 3985 Καθάπερ
2549 3915 2610 3969 τὸ
2648 3915 2742 3969 τοῦ
2774 3916 2926 3985 ἡλίου
2964 3916 3103 3984 φῶς,
3133 3918 3231 3986 τῆς
3261 3916 3495 3979 ἀκτῖνος,
3528 3912 3613 3964 καὶ

2041 4006 2142 4076 τῆς
2199 4006 2269 4059 δι’
2320 4006 2495 4076 αὐτῆς
2552 4007 2969 4078 χορηγουμὲνης
3032 4008 3271 4078 θέρμης,
3322 4004 3612 4076 ἀχώριστόν

2044 4097 2231 4150 ἔστιν·
2283 4096 2423 4151 ἀλλά
2456 4098 2566 4151 τῶν
2612 4098 2999 4154 ἀπολαϐόν-των
3029 4101 3157 4162 τοὺς
3198 4098 3507 4168 ὀφθαλμοὺς
3544 4091 3610 4161 μὴ

2048 4191 2433 4259 κεκτημένοις,
2469 4189 2772 4260 ἀμέθεκτόν
2805 4195 2920 4245 ἐστι
2946 4191 3006 4245 τὸ
3037 4189 3153 4260 φῶς
3174 4231 3188 4254 ,
3218 4194 3321 4261 τῆς
3349 4188 3498 4260 παρά
3522 4189 3610 4251 τῆς

2044 4282 2265 4344 ἀκτῖνος
2312 4283 2482 4352 μόνης
2523 4282 3091 4353 ἀντιλαμϐανομένοις
3120 4282 3368 4353 θέρμηςο
3417 4281 3477 4334 οὐ
3515 4279 3611 4346 γὰρ

2046 4375 2197 4428 ἔστιν
2230 4376 2368 4438 ὅλως
2412 4375 2703 4446 ἀντίληψιν
2731 4376 2910 4444 φωτὸς
2958 4375 3213 4443 γενέσθαι
3242 4377 3356 4438 τοῖς
3389 4374 3495 4426 τῶν
3522 4373 3610 4441 ὀμ·

2050 4469 2237 4539 μάτων
2264 4468 2587 4539 ἀμοιροῦσιν
2617 4485 2634 4502 ο
2664 4468 2811 4523 οὕτω
2843 4470 2935 4523 καὶ
2975 4466 3156 4538 πολλῷ
3196 4467 3417 4538 μᾶλλον,
3446 4462 3610 4539 οὐδενὶ

361 4577 633 4630 ullatenus
663 4575 841 4644 aliqua
875 4583 1248 4629 creaturarum
1283 4588 1407 4645 qute
1437 4575 1544 4629 vim
1583 4549 1781 4633 habent
1809 4578 1949 4633 reci-

2044 4560 2153 4615 τῶν
2202 4563 2302 4629 τῆς
2371 4561 2523 4624 θείας
2578 4561 2775 4631 αἴγλης
2816 4560 3201 4615 ἀπολαυόντων
3264 4559 3421 4612 ἔσται
3488 4556 3606 4627 μέθ-

361 4671 547 4741 piendi
575 4681 831 4726 naturam
859 4670 1162 4725 Creatoris.

432 4933 529 4989 95.
579 4930 683 4988 llic
720 4942 779 4987 et
830 4947 978 4990 nunc
1011 4948 1112 4990 nec
1143 4945 1455 4991 creaturam
1499 4947 1599 4989 nec
1643 4933 1945 4989 essentiam

353 5040 486 5078 esse
544 5023 637 5078 Dei
676 5027 1134 5080 communicatam
1168 5027 1407 5081 divinam
1449 5025 1745 5081 essentiam
1788 5026 1948 5083 nobis

356 5127 633 5171 testentur
661 5115 822 5171 simul
867 5115 1072 5171 Christi
1121 5117 1363 5186 Baptista
1401 5115 1663 5180 Joannes,
1695 5126 1749 5169 et
1780 5114 1947 5170 Joan-

355 5226 462 5262 nes
496 5219 621 5262 ante
656 5208 793 5263 alios
829 5206 1128 5277 discipulos
1151 5210 1370 5265 Christo
1402 5210 1655 5271 dilectos.
1701 5217 1753 5262 ιιι
1780 5209 1947 5289 Joan-

368 5317 462 5354 nes
502 5299 932 5371 Chrysostomus
992 5314 1008 5353 :
1050 5314 1211 5364 unus,
1244 5312 1303 5356 ut
1342 5300 1641 5355 historicus
1677 5301 1941 5367 referens,

354 5393 567 5447 Christi
617 5405 800 5448 autem
858 5405 1165 5462 prmcursor
1193 5403 1247 5447 et
1284 5394 1528 5464 Baptista
1554 5395 1742 5449 dicens
1784 5412 1804 5446 ι
1839 5411 1944 5448 ttott

359 5489 430 5539 ad
468 5500 775 5541 mensuram
795 5486 913 5541 dari
943 5501 974 5541 a
1000 5486 1109 5541 Deo
1136 5486 1298 5541 Patre
1344 5488 1614 5557 Spiritum
1639 5486 1885 5555 Christo,
1920 5507 1940 5541 ι

371 5595 572 5635 aureus
604 5581 824 5636 demum
859 5596 956 5637 ore
988 5581 1264 5650 interpres
1291 5583 1537 5638 scribens
1563 5581 1827 5650 Spiritum
1861 5582 1950 5637 hic

364 5673 745 5745 οηοτιιιὶοιιοιιι
770 5673 898 5729 dici.
938 5693 957 5727 ι
999 5673 1203 5728 Omnes
1227 5674 1371 5728 enim
1407 5686 1509 5727 nos
1535 5674 1601 5728 ad
1636 5689 1945 5730 mensuram

369 5765 743 5832 operationem
778 5763 1019 5834 Spiritus
1051 5766 1376 5836 accipimus,
1432 5765 1520 5820 ille
1551 5780 1681 5819 vero
1714 5767 1947 5821 immen-

362 5873 486 5914 sam
540 5867 595 5915 et
637 5858 904 5928 integram
956 5858 1124 5914 habet
1179 5875 1396 5916 onmem
1455 5860 1850 5930 operationem.
1889 5860 1946 5916 Si

2041 4656 2157 4724 εξις
2192 4654 2294 4725 τῆς
2315 4655 2506 4718 οὐσίας
2548 4656 2645 4709 τοῦ
2693 4655 3019 4719 κτίσαντος.
3051 4654 3130 4710 Οὐ
3172 4658 3280 4724 γὰρ
3316 4654 3482 4718 ἔστιν,
3519 4651 3608 4702 οὐκ

2042 4750 2158 4803 ἔστι
2191 4749 2302 4803 τῶν
2332 4750 2651 4820 κτισμάτων
2677 4749 2852 4817 οὐδὲν,
2879 4749 2909 4803 ὃ
2935 4749 3170 4819 δύναμιν
3203 4748 3340 4818 ῖσχει
3367 4743 3607 4813 δεκτικὴν

2041 4843 2142 4914 τῆς
2165 4841 2259 4897 τοῦ
2284 4842 2585 4906 Κτίσαντος
2616 4840 2851 4911 φύσεως.

2111 4938 2212 5001 ιβ’.
2246 4935 2719 5006 Συμμαρτυρείτω
2737 4935 2795 4989 δὲ
2827 4935 3103 4989 κάνταῦθα
3126 4935 3221 4988 νῦν
3245 4937 3376 5006 ἡμῖν
3399 4933 3459 4987 τὸ
3481 4932 3605 5001 μήτε

2038 5027 2285 5098 κτιστὴν,
2318 5028 2449 5099 μήτ’
2479 5029 2672 5082 οὐσίαν
2712 5024 2854 5082 εἶναι
2903 5030 2999 5083 τοῦ
3025 5029 3159 5083 Θεοῦ
3192 5030 3290 5099 τὴν
3324 5024 3602 5099 μετεχομέ·

2035 5135 2135 5188 νην
2158 5118 2307 5173 θείαν
2338 5119 2642 5190 ἐνέργειαν,
2692 5121 2786 5174 καὶ
2818 5123 2848 5174 ὁ
2890 5119 2987 5174 τοῦ
3034 5120 3273 5190 Χριστοῦ
3314 5115 3602 5186 Benttth

2050 5210 2324 5281 Ἰωάννης,
2364 5211 2464 5264 σὺν
2499 5212 2724 5285 Ἰωάννῃ
2745 5211 2824 5283 τῷ
2861 5213 3064 5284 μᾶλλον
3090 5212 3199 5267 τῶν
3227 5211 3404 5267 ἀλλων
3453 5225 3598 5272 πεφιο

2036 5303 2258 5376 λημὲνῳ
2291 5304 2369 5374 τῷ
2425 5305 2647 5376 Χριστῷ
2706 5307 2989 5378 μαθητῶν,
3039 5308 3133 5360 καὶ
3188 5305 3264 5375 τῷ
3301 5303 3484 5376 χρυσῷ
3512 5299 3598 5369 τὴν

2037 5396 2281 5465 γλῶτταν
2324 5397 2544 5467 Ἰωάννῃ
2569 5415 2581 5428 ·
2613 5398 2644 5450 ὁ
2678 5399 2778 5468 μὲν
2823 5399 3056 5469 ἱστορῶν
3086 5414 3145 5451 τε
3173 5399 3269 5452 καὶ
3300 5388 3594 5468 συγγραφό-

2040 5505 2220 5558 μενος,
2247 5489 2277 5542 ὁ
2310 5489 2367 5542 δὲ
2392 5491 2485 5543 τοῦ
2522 5490 2760 5561 Χριστοῦ
2814 5492 3126 5562 Προδρομος
3168 5491 3263 5543 καὶ
3308 5485 3591 5554 Βαπτιστὴς

2036 5581 2231 5651 λέγων,
2275 5582 2379 5635 οὐκ
2416 5583 2483 5636 ἐκ
2518 5583 2716 5654 μέτρου
2767 5580 3006 5637 δίδοσθαι
3039 5583 3195 5654 παρά
3236 5583 3369 5636 Θεοῦ
3407 5575 3594 5648 [ἰατρὸς

2037 5671 2098 5725 τὸ
2125 5670 2350 5741 Πνεῦμα
2379 5671 2455 5742 τῷ
2490 5672 2714 5743 Χριστῷ
2733 5687 2750 5701 ·
2781 5674 2812 5725 ὁ
2848 5671 2908 5727 δὲ
2934 5662 3358 5745 Ξιρυσορρήμων,
3391 5664 3593 5740 ἐξηγυῶ

2040 5781 2200 5835 μενος
2232 5748 2326 5818 καὶ
2351 5763 2599 5834 γράφων,
2634 5765 2717 5818 ὅτι
2738 5765 2799 5818 τὸ
2826 5763 3049 5836 Πνεῦμα
3082 5763 3316 5818 ἐνταῦθα
3343 5765 3439 5835 τὴν
3460 5759 3591 5826 ἐνέρ-

2037 5875 2193 5924 γειαν
2220 5856 2391 5926 λέγει.
2420 5859 2625 5920 Πάντες
2655 5860 2762 5930 γὰρ
2787 5861 2966 5929 ἡμεῖς,
3003 5858 3187 5929 μέτρῳ
3207 5858 3305 5928 τὴν
3323 5858 3415 5913 τοῦ
3441 5849 3587 5910 Ilvati-

3886 435 3889 529 ι

3887 628 3889 691 ‹

3887 726 3889 865 ι

3886 3078 3889 3151 4

3888 3464 3889 3501 ι

3887 3742 3889 3851 4

3888 4436 3889 4485 ι
