4020 6492
424 397 555 461 ttat
1676 395 2068 455 GREGORII
2133 395 2460 455 ramus
3551 407 3674 471 “9.2

338 517 340 520 ’
421 527 529 578 que
561 524 661 563 nec
693 509 860 564 Deus.
888 508 1031 578 Ergo
1059 508 1314 562 distincta
1343 520 1424 562 εει
1458 523 1490 562 a
1515 507 1699 562 divina
1725 509 1925 562 volunt:

2112 514 2265 579 Θεὸν,
2303 513 2336 583 ἢ
2399 515 2475 584 μὴ
2550 512 2686 567 εἶναι
2742 515 2967 584 ἀγαθὸν,
3019 515 3216 569 ταυτὸν
3262 516 3308 569 δ’
3356 519 3524 572 εἰπεῖν
3562 523 3693 576 οὑδὲ-

421 603 788 671 ιιτιεεεὶειιιίιι,
826 619 957 671 ergo
988 611 1046 658 et
1081 613 1312 672 utraque
1339 619 1369 656 a
1411 603 1594 657 divina
1631 603 1897 656 essentia.

2108 602 2266 657 Θεόν.
2297 606 2556 677 Διαφέρει
2611 607 2906 677 τοιγαροῦν
2963 608 3063 677 τῆς
3123 607 3275 672 θείας
3323 609 3588 678 θελήσεως
3640 616 3669 684 ἠ

2109 697 2445 766 πρόγνωσις,
2497 699 2698 754 οὐκοῦν
2737 701 2832 753 καὶ
2869 700 2970 772 τῆς
3019 699 3171 766 θείας
3209 701 3400 766 οὐσίας
3450 703 3671 774 ἑκατέρα

2106 804 2333 848 τουτων.

498 874 619 926 101.
661 873 717 926 Si
775 872 980 926 nullam
1020 873 1166 926 inter
1195 889 1256 928 se
1306 874 1546 930 habeant
1602 875 2004 930 distinctionem

2179 880 2283 946 ρα’.
2316 883 2378 936 El
2412 883 2488 954 μὴ
2520 885 2656 954 πρὸς
2686 886 2916 956 ἀλλήλας
2958 888 3140 957 ἔχουσι
3167 889 3427 960 διαφορὰν
3451 892 3506 946 αἱ
3536 891 3669 951 θεῖαι

423 968 621 1021 divime
647 968 1017 1034 operationes,
1046 969 1256 1022 creatio
1281 969 1448 1037 igitur
1471 984 1498 1020 a
1523 969 1863 1036 prmscientia
1897 986 2003 1023 non

2104 969 2377 1040 ἐνέργειαι
2395 1012 2409 1035 ,
2430 973 2524 1024 καὶ
2546 973 2606 1025 τὸ
2619 973 2952 1044 δημιουργὸν
2974 977 3156 1031 λοιπὸν
3176 979 3270 1032 τοῦ
3291 984 3672 1049 προγινώσκειν

420 1063 523 1115 erit
552 1064 834 1116 distincta.
875 1063 952 1115 Ac
985 1063 1214 1128 proinde
1246 1064 1372 1132 quia
1412 1063 1552 1117 Deus
1586 1065 1749 1132 rmpit
1793 1080 2002 1130 creare,

2104 1061 2165 1113 οὐ
2195 1062 2521 1133 διενήνοχεν⁸
2556 1067 2678 1118 ἐπεὶ
2701 1063 2794 1120 οὖν
2824 1068 3028 1139 ἦρξατό
3055 1087 3185 1123 ποτε
3221 1071 3248 1123 6
3267 1070 3399 1135 Θεὸς
3427 1073 3674 1146 δημιουρ-

417 1169 546 1221 ergo
578 1162 633 1208 et
677 1157 928 1221 praescire
960 1155 1144 1222 erepit.
1174 1153 1240 1208 Et
1287 1155 1564 1222 quomodo
1597 1156 1739 1208 Dens
1779 1167 1884 1219 est,
1913 1157 2003 1226 qui

2105 1155 2222 1219 γεῖν
2277 1156 2373 1206 καὶ
2441 1156 2863 1224 προγινώσκειν,
2917 1160 3122 1230 ἦρξατο
3168 1161 3373 1216 λοιπόν.
3408 1165 3518 1218 Καὶ
3567 1167 3673 1230 πῶς

417 1263 524 1300 Ιιιηι
557 1249 738 1300 omnia
775 1260 902 1302 ante
933 1249 1132 1302 saecula
1157 1247 1466 1316 pratscivitl

2103 1245 2257 1308 Θεὸς,
2291 1246 2322 1296 6
2348 1246 2422 1319 μὴ
2454 1247 2561 1316 πρὸ
2597 1246 2810 1301 αἰώνων
2843 1250 2913 1303 τὰ
2944 1251 3120 1305 πάντα
3146 1253 3408 1323 προειδώς
3435 1271 3451 1320 ;

489 1340 614 1392 102.
651 1339 708 1392 Si
738 1341 874 1393 nihil
905 1341 1163 1394 distincta
1221 1341 1292 1393 sit
1331 1355 1359 1394 a
1411 1341 1598 1396 divina
1659 1345 2003 1413 praeseientia

2176 1337 2280 1409 ρβ’.
2321 1340 2382 1391 Εἰ
2416 1341 2581 1410 μηδὲν
2629 1342 2881 1413 διαφέρει
2916 1343 3018 1412 τῆς
3053 1345 3205 1407 θείας
3247 1346 3607 1416 προγνώσεως
3644 1351 3672 1416 ἡ

416 1434 650 1486 creatrix
677 1432 767 1487 Dei
793 1436 1055 1502 operatio,
1089 1437 1406 1498 prrescienti
1451 1450 1648 1489 cornva
1669 1447 1832 1489 erunt
1853 1453 2003 1490 crea-

2103 1431 2198 1484 τοῦ
2231 1430 2366 1484 Θεοῦ
2391 1432 2765 1505 δημιουργικὴ
2817 1435 3090 1503 ἐνέργεια,
3130 1440 3197 1506 τῇ
3253 1437 3560 1507 προγνώσει
3590 1441 3674 1492 τοῦ

422 1531 582 1587 tut-te,
618 1523 686 1576 ali
718 1533 924 1577 aeterno
955 1536 1196 1590 creatae;
1232 1542 1356 1580 nam
1393 1527 1484 1580 ille
1509 1529 1576 1580 ab
1602 1536 1810 1580 aeterno
1842 1544 2004 1580 crea-

2103 1523 2243 1576 Θεοῦ
2273 1522 2550 1594 σύνδρομα
2579 1525 2732 1578 ἔσται
2778 1526 2847 1579 τὰ
2897 1526 3378 1598 δημιουργήματα,
3423 1529 3675 1600 δημιουρ-

418 1626 516 1678 ret,
549 1617 675 1683 quia
715 1627 768 1668 et
797 1617 910 1684 ipse
943 1618 1010 1671 ab
1065 1628 1270 1673 aeterno
1323 1621 1563 1688 praescit,
1597 1632 1651 1675 et
1705 1623 1957 1689 praescita
1984 1664 2000 1688 ,

2105 1614 2349 1683 γούμενα
2379 1615 2656 1684 ἀνάρχως,
2685 1617 2762 1679 ὡς
2793 1616 3048 1687 ἀνάρχως
3081 1619 3248 1671 αὑτοῦ
3287 1619 3674 1690 δημιουργοῦν-

419 1708 488 1761 ab
523 1717 727 1763 aeterno
757 1711 1131 1778 praesciuntnr.
1149 1711 1217 1763 At
1235 1713 1505 1780 quomodo
1526 1724 1671 1768 esset
1698 1713 1861 1781 Deus,
1881 1731 2003 1770 cum

2103 1723 2214 1772 τος,
2243 1708 2367 1760 ἐπεὶ
2392 1708 2485 1759 καὶ
2508 1708 2762 1778 ἀνάρχως
2789 1708 2954 1771 αὑτός
2981 1727 3039 1762 τε
3071 1710 3462 1780 προγινώσκει,
3496 1713 3587 1766 καὶ⁸
3617 1713 3676 1766 τὰ

410 1800 536 1871 ejus
577 1815 741 1871 Opera
775 1803 891 1872 ipso
926 1807 1225 1872 posteriora
1259 1819 1366 1860 non
1397 1806 1628 1862 essent?

2107 1801 2599 1870 προγινωσκόμενα
2631 1801 2886 1871 ἀνάρχως
2924 1801 3382 1871 προγινώσκεται.
3425 1806 3538 1858 Ka‘t
3568 1806 3673 1868 πῶς

2105 1892 2258 1957 Θεὸς,
2319 1891 2431 1944 τῶν
2504 1893 2831 1962 ποιημάτων
2891 1893 3058 1946 αὑτοῦ
3113 1893 3378 1966 μηδαμῶς
3444 1896 3676 1968 ὑστέρων

2105 1983 2274 2036 ὅντων
2300 1999 2314 2048 ;
3144 1973 3168 1982 ’

496 2076 620 2132 ιοδ.
674 2078 730 2130 Si
767 2079 997 2134 minime
1026 2079 1290 2134 distincta
1340 2081 1413 2136 sit
1454 2097 1485 2136 a
1517 2081 1612 2138 Dei
1662 2087 2004 2155 praescientia

2180 2072 2284 2145 ργ’.
2318 2075 2377 2127 Ei
2409 2073 2578 2144 μηδὲν
2602 2075 2846 2146 διαφέρει
2881 2076 2980 2146 τῆς
3012 2077 3107 2130 τοῦ
3143 2075 3278 2130 Θεοῦ
3325 2077 3675 2147 προγνώσεως

416 2171 658 2224 (‘reatrix
711 2172 980 2240 operatio,
1019 2176 1228 2228 creatio
1275 2191 1383 2230 non
1431 2177 1677 2247 subiacet
1708 2178 2001 2246 voluntati,

2105 2169 2138 2236 ἡ
2174 2167 2540 2239 δημιουργικὴ
2575 2168 2850 2237 ἐνέργεια,
2891 2169 3014 2223 οὐδὲ
3057 2169 3120 2222 τὸ
3167 2169 3524 2240 δημιουργεῖν
3556 2172 3674 2222 ὑπό-

415 2275 544 2313 cum
581 2261 654 2315 sit
685 2261 919 2330 ipsamet
974 2266 1358 2332 praeseientia;
1395 2281 1495 2321 nec
1545 2269 1824 2323 voluntate
1853 2281 2002 2325 creat

2107 2274 2284 2310 κειται
2331 2257 2552 2327 θελήσει
2577 2274 2592 2288 ο
2625 2258 2750 2311 ἐπεὶ
2798 2258 2856 2311 δὲ
2894 2260 2928 2330 ή
2961 2259 3290 2330 πρόγνωσις,
3328 2261 3452 2314 οὐδὲ
3491 2259 3568 2331 τῷ
3595 2261 3675 2312 θέο

416 2355 582 2418 Dens,
621 2356 714 2410 sed
763 2357 877 2410 sola
908 2365 1124 2411 natura.
1161 2357 1228 2412 Et
1257 2362 1532 2428 quomodo
1557 2361 1722 2430 Deus,
1761 2365 1856 2433 qui
1883 2369 2002 2422 sine

2107 2352 2222 2404 λειν
2262 2351 2592 2422 δημιουργεῖ
2617 2351 2770 2417 Θεὸς,
2831 2351 2969 2406 ἀλλὰ
3017 2352 3080 2404 τὸ
3131 2353 3438 2420 πεφυκέναι
3488 2355 3671 2423 μόνον·

1955 1910 1961 1914 ,
2041 1858 2081 1911 Β

415 2447 696 2512 voluntate
735 2459 948 2504 crearet
972 2447 996 2501 ?

2106 2444 2202 2497 καὶ
2237 2443 2354 2506 πῶς
2383 2442 2536 2506 Θεὸς,
2563 2445 2590 2496 ὁ
2612 2443 2884 2513 θελήσεως
2911 2443 3262 2514 δημιουργῶν
3297 2446 3467 2515 χωρίς
3495 2463 3509 2509 ;

484 2540 610 2594 104.
650 2541 791 2594 Deus
813 2550 898 2598 est
931 2548 1046 2613 ipse
1086 2546 1138 2598 in
1181 2546 1390 2616 seipso,
1420 2547 1549 2616 quia
1595 2557 1706 2603 tres
1753 2563 2004 2618 persona:

2181 2534 2275 2607 ρδ’.
2311 2535 2371 2586 '0
2405 2534 2538 2596 Θεὸς
2570 2534 2731 2596 αὐτὸς
2791 2535 2891 2603 μὲν
2929 2535 3078 2587 ἐστιν
3122 2536 3181 2587 ὲν
3227 2536 3425 2604 ἐαυτῷ,
3473 2535 3547 2598 ὠς
3580 2535 3675 2590 τῶν

413 2633 795 2688 connatnrales
836 2647 890 2688 et
924 2645 1214 2692 coaeternze
1259 2640 1362 2694 sibi
1399 2640 1629 2694 invicem
1662 2652 1810 2706 sunt,
1843 2651 1896 2695 et
1943 2657 2000 2696 se

2103 2628 2275 2700 τριῶν
2309 2627 2466 2682 θείων
2491 2626 2871 2693 ὑποστάσεων,
2909 2626 3174 2698 συμφυῶς
3229 2628 3324 2680 καὶ
3351 2629 3540 2690 ὰῖδίως
3568 2629 3671 2697 ὲχο-

416 2723 647 2778 invicem
676 2728 792 2780 sine
826 2729 1210 2785 commistione
1268 2741 1701 2799 compenetrant.
1737 2733 1795 2786 In
1823 2735 2003 2788 omni-

2108 2725 2287 2792 μένων
2313 2723 2583 2793 ἀλλήλων,
2612 2721 2709 2776 καὶ
2739 2721 2998 2791 ἀφύρτως
3029 2721 3460 2792 περιχωρουσῶν
3491 2723 3568 2783 είς
3589 2721 3673 2774 ἀλ-

413 2816 512 2870 ltns
545 2827 724 2871 autem
760 2828 846 2873 est
876 2819 1036 2887 Deus,
1066 2831 1123 2875 et
1173 2823 1361 2876 omnia
1397 2824 1450 2877 in
1486 2838 1578 2889 eo,
1615 2826 1732 2892 ipse
1766 2826 1992 2892 quidem

2107 2817 2272 2885 διήλας
2294 2831 2311 2845 ο
2353 2816 2410 2867 ἐν
2435 2814 2512 2884 τῷ
2539 2814 2704 2867 παντὶ
2725 2814 2782 2865 δέ
2810 2815 2957 2866 ἐστιν
2993 2815 3021 2868 6
3071 2813 3226 2878 Θεὸς,
3260 2814 3350 2867 καὶ
3380 2813 3444 2865 τὸ
3475 2815 3579 2867 πᾶν
3625 2815 3675 2864 ὲν

415 2923 473 2962 ιιι
513 2926 870 2976 conservans,
908 2914 1023 2968 lnec
1045 2930 1175 2968 vero
1199 2924 1259 2967 ut
1291 2927 1614 2971 conservata
1657 2934 1672 2973 :
1708 2933 1844 2983 ergo
1865 2933 1998 2973 con-

2091 2908 2182 2978 ’τῷ
2209 2908 2349 2979 Θεῷ,
2381 2910 2407 2961 6
2441 2907 2539 2975 μὲν
2565 2907 2642 2971 ὡς
2666 2907 2930 2977 συνέχων,
2957 2906 3018 2960 τὸ
3043 2907 3100 2960 δὲ
3126 2906 3200 2970 ὡς
3232 2906 3323 2959 ὑπ’
3349 2907 3516 2960 αὐτοῦ
3557 2924 3673 2959 συν.

414 3007 769 3058 servatricem
837 3005 927 3058 Dei
985 3009 1398 3074 operationem,
1448 3019 1502 3063 et
1552 3025 1656 3063 non
1702 3011 1998 3065 essentiam

2103 3002 2403 3071 εχόμενονο
2444 3000 2643 3054 οὐκοῦν
2682 3001 2778 3054 καὶ
2841 3002 2939 3071 τῆς
2998 3001 3323 3068 συνεκτικῆς
3372 3001 3665 3070 ἐνεργείας,

413 3095 595 3147 omnia
623 3097 977 3164 participant.
1010 3098 1196 3166 Itaque
1218 3099 1458 3169 theologi
1494 3103 1868 3169 operationem
1901 3101 1994 3158 Dei

2103 3093 2219 3145 ἀλλ’
2253 3093 2376 3162 οὐχὶ
2427 3092 2529 3162 τῆς
2573 3093 2761 3155 οὐσίας
2799 3093 2868 3146 τὰ
2905 3093 3084 3145 πάντα
3143 3094 3358 3162 μετέχει
3387 3092 3483 3145 τοῦ
3529 3092 3671 3145 Θεοῦ.

414 3195 614 3241 vocant
652 3188 822 3256 ipsam
857 3190 978 3258 ejus
1019 3193 1222 3261 ubique
1259 3196 1635 3261 praesentiam.

2105 3185 2269 3240 Ταῦτ’
2309 3187 2418 3257 ἄρα
2470 3186 2566 3239 καὶ
2620 3187 2669 3239 οἱ
2740 3184 2980 3254 θεολόγοι
3041 3186 3321 3256 ἑνέργειάν
3375 3201 3510 3254 φασι
3554 3183 3671 3237 Θεοῦ

2104 3274 2267 3342 εἶναι,
2301 3279 2358 3331 τὸ
2397 3273 2538 3330 εἶναι
2565 3277 2755 3330 τοῦτον
2783 3277 3082 3347 πανταχοῦ.

796 3341 806 3358 ς

485 3367 609 3420 105.
653 3365 924 3422 Praeterea
954 3369 1047 3432 qui
1098 3369 1208 3424 Deo
1239 3371 1457 3438 placent
1495 3383 1550 3427 et
1591 3372 1720 3427 illud
1750 3374 1816 3428 ad
1851 3377 1996 3445 quod

2175 3373 2273 3438 ps'.
2310 3369 2417 3422 Καὶ
2446 3371 2494 3421 οἱ
2519 3369 2598 3440 τῷ
2631 3368 2750 3438 Θεῷ
2780 3369 3277 3442 εὐαρεστήσαντες,
3308 3369 3400 3423 καὶ
3435 3369 3528 3422 τοῦ
3550 3368 3614 3421 δι’
3643 3366 3667 3420 6

420 3456 546 3512 lacti
595 3468 724 3512 sunt
764 3459 1066 3526 possident,
1123 3460 1174 3513 id
1229 3473 1332 3528 est,
1386 3464 1807 3530 deiﬁcationem,
1842 3467 1998 3535 juxta

2105 3462 2367 3528 γεγόνασι
2421 3463 2802 3531 ἐπιτυχόντες,
2837 3462 3083 3514 τουτέστι
3115 3459 3216 3530 τῆς
3272 3458 3544 3523 θεώσεως.
3589 3460 3671 3521 Ei;

414 3550 589 3603 Patris
623 3551 882 3616 effatum;
923 3570 939 3602 ι
977 3550 1059 3606 Ad
1099 3553 1201 3607 ltoc
1256 3570 1356 3608 nos
1400 3554 1531 3610 fecit
1567 3558 1729 3624 Dens,
1773 3570 1833 3613 ut
1867 3576 2000 3614 con-

2108 3553 2268 3606 τοῦτο
2291 3554 2422 3624 γὰρ,
2464 3553 2618 3621 φασὶ,
2666 3554 2970 3622 πεποίηκεν
3018 3553 3167 3623 ἡμᾶς
3205 3553 3234 3605 6
3271 3552 3421 3616 Θεὸς,
3457 3552 3541 3604 ἵνα
3572 3565 3676 3602 κοι-

412 3656 589 3699 sortes
643 3645 845 3699 faceret
881 3645 1118 3714 propria:
1169 3647 1513 3717 divinitatis;
1556 3668 1574 3700 ι
1619 3651 1694 3706 illi
1729 3651 1892 3722 igitur
1943 3656 1995 3706 in

2102 3645 2303 3707 νωνοὺς
2336 3645 2540 3717 ποιήσῃ
2569 3644 2668 3714 τῆς
2690 3645 2900 3707 οἰκείας
2924 3643 3200 3712 θεότητος,
3229 3648 3322 3698 καὶ
3378 3643 3429 3694 oi
3456 3641 3670 3694 τοιοῦτοι

413 3737 520 3789 Duo
551 3745 678 3790 sunt
704 3743 760 3790 ut
785 3737 855 3791 ab
889 3752 954 3791 eo
987 3739 1245 3800 deiiicati.
1268 3749 1323 3793 et.
1371 3740 1520 3796 Dens
1552 3755 1634 3798 est
1685 3745 1738 3798 in
1778 3747 1910 3812 ipsis
1939 3757 1996 3800 ιιι

2101 3735 2283 3788 τοίνυν
2316 3735 2372 3787 ὲν
2405 3735 2482 3804 τῷ
2502 3733 2622 3803 Θεῷ
2643 3738 2783 3788 εἰσιν
2814 3736 2890 3798 ὡς
2913 3733 3005 3788 ὑπ’
3049 3733 3216 3787 αὐτοῦ
3253 3733 3667 3803 θεοποιούμενοι,

409 3831 814 3886 rosdeiticans.
864 3831 1012 3901 Ergo
1037 3842 1095 3886 et
1150 3834 1253 3903 ipsi
1297 3835 1539 3891 divinam
1589 3840 1994 3907 operationem,

2101 3827 2198 3879 καὶ
2228 3827 2256 3878 6
2284 3826 2417 3889 Θεὸς
2467 3827 2525 3879 ἐν
2555 3827 2760 3891 αὐτοῖς,
2791 3828 2866 3890 ὡς
2918 3827 3184 3880 θεοποιῶν
3237 3826 3439 3891 αὐτούς
3505 3827 3661 3878 ἐστιν.

413 3924 538 3977 licet
573 3925 678 3978 alio
713 3925 893 3986 modo,
922 3927 1018 3980 sed
1046 3941 1150 3980 non
1184 3932 1484 3984 essentiam
1525 3934 1616 3986 Dei
1644 3935 1993 4003 participant.

2103 3915 2312 3968 Οὐκοῦν
2341 3916 2438 3969 καὶ
2470 3917 2625 3969 αὐτοὶ
2661 3918 2762 3987 τῆς
2805 3917 2958 3979 θείας
2993 3917 3297 3987 ἐνεργείας,
3333 3919 3381 3969 εί
3423 3916 3522 3970 καὶ
3552 3915 3663 3984 τρό-

414 4015 601 4084 Ιωιιιιε
625 4017 861 4087 tlteOIOgi
899 4018 1242 4074 divinitatem
1275 4035 1401 4075 esse
1431 4023 1628 4078 divinae
1660 4028 1995 4096 operationis

2100 4025 2201 4062 πον
2231 4008 2440 4079 ἕτερον,
2488 4009 2605 4063 ἀλλ’
2640 4009 2762 4080 οὐχὶ
2814 4010 2912 4079 τῆς
2975 4009 3166 4068 οὐσίας
3219 4008 3316 4062 τοῦ
3361 4009 3498 4062 Θεοῦ
3549 4024 3667 4077 μετ-

413 4124 608 4164 ttonten
633 4112 840 4166 dicunt.

2101 4101 2305 4172 έχουσι.
2353 4101 2446 4155 Διὸ
2508 4101 2604 4155 καὶ
2652 4103 2703 4154 oi
2757 4101 2998 4170 θεολόγοι
3049 4102 3147 4171 τῆς
3195 4100 3346 4165 θείας
3405 4099 3666 4168 ξιεργείας

2099 4189 2240 4250 εἶναι
2270 4195 2442 4266 ὄνομα
2465 4193 2565 4266 τὴν
2597 4193 2832 4264 θεότητά
2855 4209 3042 4262 φασιν.

485 4294 610 4348 1υ6.
661 4292 889 4349 Omnem
925 4295 1345 4365 supereminens
1379 4302 1673 4355 essentiam
1716 4304 2012 4377 vitamun

2177 4307 2289 4378 ρς’.
2335 4307 2399 4361 Ἠ
2432 4305 2778 4378 ὕπερούσιος,
2811 4307 2907 4360 καὶ
2942 4303 3248 4378 ὕπέρζωος,
3279 4303 3376 4358 καὶ
3397 4304 3663 4374 ὑπέρθεος.

413 4398 469 4441 et
495 4387 836 4441 divinitatem
881 4399 1044 4457 atque
1095 4389 1394 4444 bonitatem
1446 4404 1666 4459 natura,
1719 4408 1994 4464 quatenus

2102 4403 2196 4456 καὶ
2230 4401 2577 4472 ὑπεράγαθος
2605 4401 2788 4471 φύσις,
2882 4398 3229 4471 ὑπεράγαθός
3256 4399 3371 4450 ἐστι
3402 4397 3495 4448 καὶ
3517 4392 3668 4460 ὑπὲρ·

418 4481 716 4535 lnmitatem
745 4497 808 4534 ac
831 4481 1168 4536 divinitatem
1199 4493 1255 4537 et
1276 4484 1381 4537 alia
1403 4484 1716 4555 hujusmodi
1746 4501 1992 4558 superat,

2103 4494 2222 4558 θεος
2279 4496 2376 4549 καὶ
2422 4495 2492 4548 τὰ
2535 4495 2783 4558 τοιαῦτα,
2842 4491 2967 4546 οὕτε
3005 4491 3248 4559 λέγεται,
3282 4487 3408 4542 οὔτε
3458 4487 3666 4543 νοεῖται,

415 4589 513 4628 nec
569 4574 901 4641 nominatur,
958 4590 1059 4630 nec
1112 4575 1456 4644 intelligitur,
1513 4594 1615 4633 nec
1670 4581 1784 4634 ullo
1829 4584 1992 4637 modo

2101 4587 2224 4642 οὗτε
2251 4589 2389 4651 ὅλως
2412 4604 2530 4651 πως
2554 4586 2866 4656 θεωρεῖται,
2887 4584 2976 4637 διὰ
3001 4583 3084 4646 τὸ,
3113 4583 3329 4635 πάντων
3347 4577 3665 4649 ἐξῃρημένης

413 4667 680 4731 cernitur,
712 4668 842 4735 quia
886 4668 1144 4724 omnibus
1205 4669 1366 4738 longe
1398 4683 1665 4738 praestans
1697 4683 1751 4726 et
1810 4674 1992 4741 ignota

2103 4681 2198 4733 καὶ
2256 4679 2682 4750 ὑπεράγνωστος
2736 4671 2900 4740 εἶναι,
2959 4676 3057 4729 καὶ
3111 4675 3222 4727 τῶν
3273 4667 3666 4742 ὑπερουρανίων

414 4769 519 4821 est,
557 4769 612 4811 et.
662 4760 794 4828 ipsis
839 4760 1156 4815 cmlestihus
1187 4762 1471 4831 spiritibus
1503 4767 1866 4833 supersedens
1908 4767 1994 4821 in-

2101 4774 2235 4826 νόων
2266 4770 2675 4841 ὑπεριδρυμένη
2711 4769 3074 4838 ἁπεριλήπτῳ
3121 4766 3372 4834 δυνάμει,
3421 4763 3515 4816 καὶ
3543 4759 3663 4812 πᾶςι

413 4851 886 4921 comprehensibili
946 4855 1213 4922 potentia,
1243 4865 1300 4909 et
1333 4855 1588 4911 omnibus
1635 4858 1858 4911 omnino
1907 4861 1993 4913 in-

2100 4866 2276 4935 πάντη
2301 4863 2541 4933 ἄληπτός
2558 4879 2618 4915 τε
2641 4863 2735 4914 καὶ
2766 4862 3009 4932 ἄρῤητος
3047 4859 3155 4911 αἰεί
3181 4875 3195 4888 ο
3229 4857 3349 4909 οὐδὲ
3377 4854 3485 4923 γὰρ
3508 4847 3665 4916 ὅνομί

413 4943 768 5012 intelligibilis
819 4956 872 4999 et
918 4945 1209 5019 ineﬂ‘abilis
1260 4962 1500 5016 semper.
1555 4948 1799 5016 Namque
1853 4951 1996 5007 illius

2099 4957 2248 5008 ἐστιν
2286 4955 2460 5024 αὐτῆς
2497 4954 2643 5005 κατὰ
2665 4952 2757 5006 τὸν
2787 4951 2886 5004 νῦν
2933 4950 3129 5012 αἰῶνα,
3165 4948 3198 5019 ἢ
3231 4947 3372 5000 κατὰ
3416 4945 3506 4996 τὸν
3544 4940 3661 5010 μέλ-

413 5050 515 5087 non
546 5047 630 5090 est
688 5050 883 5090 nomen
940 5038 992 5090 in
1031 5040 1288 5108 praesenti
1348 5039 1549 5094 saeculo
1581 5039 1663 5094 rel
1712 5041 1766 5093 in
1811 5040 1994 5098 futuro

2095 5047 2254 5100 λοντα
2288 5045 2714 5117 ὀνομαζόμενον,
2748 5046 2810 5097 οὐ
2866 5043 3024 5112 λόγος
3060 5043 3119 5094 ὲν
3161 5042 3307 5111 ψυχῇ
3351 5035 3662 5101 συνιστάμε-

415 5131 778 5196 nominatum,
823 5145 923 5185 nec
966 5147 1150 5187 sernto
1205 5132 1258 5184 in
1311 5133 1489 5184 anima
1550 5142 1852 5202 conceptus
1907 5137 1994 5190 vel

2134 5157 2203 5203 ος,
2245 5140 2276 5210 ἢ
2325 5139 2412 5192 διὰ
2464 5137 2715 5206 γλώττης
2747 5135 3180 5206 προφερόμενος.
3231 5133 3330 5185 οὐκ
3362 5129 3541 5196 ὲπαφή
3587 5138 3661 5184 τις

415 5224 595 5294 lingua
627 5225 893 5290 prolatus.
932 5237 1032 5277 nec
1066 5233 1245 5278 tactus
1284 5234 1375 5276 aut
1407 5224 1686 5292 perceptio
1720 5227 1992 5282 sensualis

2093 5231 2188 5284 καὶ
2212 5231 2432 5302 μέθεξις
2463 5228 2719 5300 αίσθητὴ,
2758 5229 2791 5299 ἢ
2827 5231 3013 5298 νοερὰ,
3053 5225 3171 5278 ἀλλ’
3221 5225 3344 5278 οὐδὲ
3405 5216 3657 5290 φαντασία

415 5316 495 5368 vel
523 5317 930 5382 intellectualis,
967 5316 1077 5369 imo
1113 5331 1211 5370 nec
1252 5315 1359 5369 ulla
1415 5315 1763 5381 itnaginatio.
1801 5318 1994 5386 Itaque

2094 5324 2250 5387 ὅλως.
2282 5325 2376 5376 Διὸ
2403 5324 2453 5376 οί
2483 5322 2727 5389 θεολόγοι
2756 5319 3140 5390 πλησιωτέραν
3181 5318 3320 5386 αὐτῇ
3359 5311 3551 5384 μᾶλλον
3577 5306 3653 5359 τί·

417 5407 652 5473 llteologi
682 5407 870 5461 dicunt.
903 5407 1115 5462 aiiinius
1147 5422 1270 5461 eam
1307 5409 1489 5461 vocari
1522 5411 1989 5478 propositionibus

2094 5417 2297 5474 θενται.
2337 5414 2436 5483 τὴν
2483 5414 2553 5466 δι’
2601 5413 2935 5482 ἀποφάσεων
2995 5409 3341 5478 τελεωτάτην
3398 5399 3650 5463 ἀκαταλη-

415 5497 807 5568 perl‘euissime
831 5500 1465 5569 incompreltensihilem,
1493 5501 1620 5570 quia
1643 5503 1824 5555 omnia
1849 5519 1992 5569 quae-

2090 5508 2240 5578 ψίανν
2276 5507 2352 5570 ὡς
2407 5505 2588 5560 πάντα
2615 5506 2714 5559 ὅσα
2775 5504 2945 5568 ἐστὶν,
2982 5503 3014 5573 ἦ
3059 5501 3198 5563 ὅλως
3233 5499 3469 5566 λέγεται,
3501 5493 3652 5557 ὑπερ·

416 5608 626 5663 cunqne
677 5604 805 5649 sunt
830 5595 1178 5662 aliquatenus
1211 5603 1339 5647 sunt
1367 5596 1451 5648 vel
1482 5595 1741 5650 dicuntur
1768 5611 1991 5665 supere-

2090 5599 2287 5669 οχικῶς
2313 5597 2748 5668 ἁφαιρουμένην⁹
2774 5595 2868 5649 καὶ
2889 5596 3092 5660 τοίνυν,
3118 5593 3228 5646 οὐδ’
3259 5590 3445 5645 οὐσίαν
3470 5583 3643 5650 αὐτὴν.

417 5686 686 5740 minenter
725 5686 958 5752 excedit,
1001 5687 1072 5739 ita
1127 5694 1187 5738 ut
1215 5682 1365 5738 illam
1403 5699 1470 5741 ne
1501 5688 1651 5754 justo
1684 5688 1901 5756 quidem
1937 5701 1992 5746 et

2161 5690 2343 5760 φύσιν,
2372 5689 2644 5759 ὀνομάσαι
2673 5688 2915 5755 θεμιτὸν,
2949 5685 3289 5756 ὀνομάζοντα
3313 5679 3538 5754 κυρίως,
3568 5674 3649 5726 ὅσ·
3734 5754 3739 5760 ι

417 5780 633 5847 proprio
668 5779 891 5832 nomine
925 5781 1220 5832 essentiam
1253 5790 1308 5832 et
1340 5789 1588 5834 naturam
1632 5796 1990 5850 nuncupave-

2089 5801 2174 5847 τις
2201 5784 2339 5853 ὑπὲρ
2361 5785 2546 5836 πᾶσαν
2565 5783 2825 5852 ἀλήθειαν
2847 5781 3109 5852 ἀληθείας
3129 5776 3474 5846 ἐπιγνώμων.
3513 5763 3647 5820 Ἐπεὶ

419 5869 490 5921 rit
529 5873 843 5938 quicunque
898 5869 1144 5923 veritatis
1196 5872 1420 5924 veritate
1493 5871 1640 5926 omni
1696 5877 1991 5944 superioris

2089 5877 2132 5930 δ’
2164 5874 2317 5938 αὖθις
2347 5877 2564 5929 πάντων
2596 5875 2745 5928 ἐστὶν
2769 5873 2936 5939 αἰτία,
2976 5873 3069 5926 καὶ
3097 5872 3226 5940 περὶ
3261 5869 3428 5938 αὐτὴν
3465 5862 3643 5916 πάντα,
