4020 6490
254 410 395 475 1193

255 539 352 591 καὶ
403 537 571 608 αὐτῆς
603 536 783 603 ἕνεκα,
818 536 912 590 καὶ
943 537 1080 608 αὐτή
1127 536 1246 590 ἔστι
1299 535 1408 606 πρὸ
1455 533 1700 594 πάντων,
1741 523 1836 580 καὶ

253 629 442 692 ἁπλῶς
469 630 564 681 καὶ
586 629 983 699 άπεριορίστως
1006 631 1064 683 ἐν
1098 629 1267 698 ἑαυτῇ
1296 626 1516 682 ἅπαντα
1566 619 1832 692 προείλη-

249 737 372 789 φεν,
407 723 472 774 ὲκ
517 722 735 776 πάντων
756 721 926 792 αὐτὴν
959 720 1310 791 ὀνομαστέον,
1337 709 1829 787 καταχρηστικῶς,

245 813 369 867 ἀλλ’
397 813 460 866 οὐ
487 814 714 884 κυρίως·
748 813 946 868 οὐκοῦν
975 815 1070 867 καὶ
1100 813 1290 866 οὐσίαν
1318 811 1490 880 αὐτὴν
1529 807 1626 862 καὶ
1671 801 1834 874 φύσιν

249 897 621 969 προσρητέον,
675 901 883 970 κυρίως
926 899 982 952 δὲ
1035 901 1137 970 τὴν
1195 901 1508 956 οὗσιοποιὸν
1560 902 1654 958 τοῦ
1696 904 1835 958 Θεοῦ

246 991 480 1057 πρόοδόν
523 1008 584 1045 τε
625 993 722 1045 καὶ
766 993 1085 1064 ἐνέργειανο
1131 992 1336 1064 ταύτην
1367 994 1476 1066 γὰρ
1515 995 1616 1068 τὴν
1663 997 1836 1060 ὅντως

244 1079 424 1137 οὖσαν
447 1083 543 1136 τοῦ
569 1084 744 1148 ὅντως
772 1084 925 1149 ὄντος
950 1085 1272 1157 θεολογικὴν
1313 1088 1707 1159 οὐσιωνυμίαν,
1739 1091 1836 1145 καὶ

239 1175 277 1226 ὁ
315 1175 492 1245 μέγας
525 1177 800 1241 Διονύσιός
829 1195 1016 1248 φησιν.

328 1332 426 1403 ρξ’.
461 1331 626 1404 Εὖροι
663 1351 747 1397 τις
780 1333 847 1388 ἂν
891 1334 991 1406 τὴν
1036 1334 1136 1404 τῆς
1172 1336 1390 1405 φύσεως
1436 1339 1834 1408 προσηγορίαν,

247 1426 392 1478 κάπὶ
421 1424 532 1477 τῶν
561 1426 806 1493 φυσικῶς
835 1426 1148 1496 προσόντων
1175 1427 1488 1498 τιθεμένην,
1517 1429 1610 1480 ἐπί
1632 1446 1691 1481 τε
1729 1429 1836 1482 τῶν

243 1518 489 1578 κτιστῶς
525 1517 716 1584 ὄντων,
751 1521 844 1573 καὶ
892 1520 987 1574 ἐπὶ
1032 1519 1128 1574 τοῦ
1180 1521 1348 1586 Θεοῦ,
1399 1521 1476 1585 ὡς
1512 1523 1607 1575 καὶ
1661 1525 1688 1575 ὁ
1726 1523 1836 1576 τῶν

245 1610 581 1681 Γρηγορίων
635 1611 1094 1680 θεολογικώτατός
1138 1613 1271 1682 φησί
1330 1631 1434 1667 που
1483 1613 1590 1668 τῶν
1647 1615 1833 1668 ὲπῶνο

247 1701 366 1759 οἵδε
404 1707 516 1777 γὰρ
551 1705 794 1769 ἄνακτος
821 1705 957 1776 ἐμοῦ
1014 1707 1176 1775 φύσις
1210 1707 1368 1762 ὄλϐον
1396 1708 1646 1773 ὀπάζειν.
1703 1710 1838 1764 Οὐδὲ

242 1801 360 1869 γὰρ
396 1799 458 1851 τὸ
491 1799 691 1853 διδόναι
744 1799 904 1868 φύσις
948 1801 1176 1871 ὁτῳοῦν,
1209 1801 1346 1854 ἀλλὰ
1392 1803 1638 1872 φυσικῶς
1666 1804 1838 1876 πρόσ-

1174 410 1452 474 CAPITA
1494 407 1826 471 PHYSICA
1902 403 2422 472 THEOLOGICA,
2485 401 2649 462 ETC.

3394 395 3529 461 1194

1959 520 2270 592 indagator.
2334 517 2472 586 Quia
2529 513 2749 571 aliunde
2803 511 3048 570 omnium
3106 519 3190 566 est
3237 523 3422 575 causa,
3473 516 3530 564 et

1939 613 2122 669 omnia
2163 619 2290 668 sunt
2334 622 2499 681 penes
2565 622 2686 663 eam
2712 615 2768 662 et
2799 598 3020 676 propter
3052 617 3194 667 eam,
3216 610 3270 656 et
3309 602 3422 671 ipsa
3446 610 3531 655 est

1939 718 2066 764 ante
2129 708 2313 763 omnia
2355 751 2370 774 ,
2439 715 2495 761 et
2555 701 2884 772 simpliciter
2941 708 2998 756 et
3052 697 3529 765 incircumscripte

1937 802 2118 857 omnia
2157 801 2213 856 in
2244 801 2430 869 scipsa
2459 797 2790 869 praehabuit,
2813 809 2880 851 ex
2909 792 3168 848 omnibus
3194 788 3526 846 nominanda

1937 903 2043 960 est,
2097 893 2382 965 analogice
2439 889 2686 961 quidem,
2720 904 2828 943 non
2881 886 3119 958 proprie,
3160 893 3216 940 et
3260 882 3383 938 ideo
3446 890 3529 934 est

1939 987 2183 1042 essentia
2217 985 2332 1055 ipsa
2365 991 2422 1038 et
2453 989 2650 1038 natura
2686 979 2932 1035 vocanda
2975 988 3096 1044 est;
3134 975 3357 1047 proprie
3397 989 3527 1028 vero

1938 1079 2178 1134 creatrix
2209 1077 2302 1131 Dei
2332 1075 2615 1146 processio
2656 1084 2711 1129 et
2746 1073 3012 1143 operatio.
3048 1070 3197 1124 hanc
3227 1068 3374 1122 enim
3403 1081 3530 1122 esize

1938 1184 2121 1225 veram
2165 1170 2276 1226 veri
2329 1168 2488 1224 Entis
2539 1166 3075 1229 denominationem,
3121 1175 3353 1232 magnus
3393 1157 3530 1214 dicit

1941 1258 2260 1330 Dionysius.
2983 1301 2994 1316 ι

2010 1351 2136 1406 107.
2174 1351 2423 1408 inveniet
2460 1349 2662 1420 aliquis
2698 1358 2905 1402 natura:
2944 1358 3146 1401 nomen
3181 1340 3389 1413 imponi
3424 1355 3526 1394 na-

1909 1471 1911 1473 ι
1941 1444 2210 1500 turalibus
2240 1443 2692 1514 proprietatibus,
2723 1440 2856 1517 sive.
2894 1439 2949 1492 in
2981 1436 3271 1501 creaturis,
3311 1435 3427 1488 sive
3474 1432 3530 1485 in

1941 1536 2137 1604 Deo,ut
2153 1537 2458 1592 acerrimus
2470 1533 2761 1603 Gregorios
2779 1533 2920 1588 inter
2935 1530 3215 1600 theologus
3237 1528 3314 1582 ait
3331 1525 3533 1582 alicubi

1939 1638 2271 1697 poematum.
2305 1647 2322 1681 ι
2350 1629 2464 1684 Scit
2493 1629 2640 1683 enim
2673 1626 2814 1696 regis
2855 1624 2967 1679 mei
2995 1615 3188 1677 natura
3214 1619 3531 1676 felicitatem

1939 1721 2120 1791 largiri
2159 1741 2204 1777 ι.
2240 1719 2372 1774 Nam
2420 1719 2552 1775 dare
2591 1733 2699 1772 non
2749 1726 2833 1774 est
2910 1724 3110 1770 natura
3153 1713 3401 1774 cuilibet,
3436 1711 3531 1766 sed

1939 1814 2263 1874 naturaliter
2305 1811 2565 1882 competit
2645 1809 2911 1866 benefico.
2956 1808 3089 1863 item
3146 1806 3213 1861 de
3261 1805 3385 1874 igne
3429 1804 3534 1858 dici

243 1887 472 1959 εστιτῷ
532 1889 886 1960 εύεργετικῷ.
924 1890 1077 1944 Κάπὶ
1127 1889 1222 1944 τοῦ
1258 1892 1432 1962 πυρὸς
1476 1893 1531 1946 δὲ
1582 1893 1713 1967 φαίη
1756 1913 1840 1957 τις

1948 1917 2120 1982 potest
2150 1907 2295 1962 hanc
2345 1905 2395 1960 ei
2429 1919 2552 1960 esse
2581 1914 2832 1959 naturam
2867 1911 2927 1956 ut
2971 1915 3192 1956 sursum
3242 1898 3448 1954 feratur
3481 1904 3535 1950 et

247 1985 341 2046 ἂν,
375 1983 536 2052 φύσιν
563 1983 710 2053 ἔχειν
733 1985 1015 2055 ἀνωφερὲς
1047 1981 1206 2049 εῖναι,
1236 1986 1332 2039 καὶ
1359 1987 1476 2056 φῶς
1499 1988 1705 2040 ἐνιέναι
1726 1991 1841 2052 τοῖς

242 2074 472 2146 ὁρῶσιν,
506 2076 624 2130 ἀλλ’
651 2076 749 2146 οὐχ
786 2079 818 2148 ἠ
851 2079 1063 2148 κίνησις
1087 2078 1240 2148 αὐτῷ
1275 2079 1459 2146 φύσις,
1493 2080 1617 2134 οὐδὲ
1642 2080 1704 2133 τὸ
1743 2083 1842 2152 ὲμι

244 2168 430 2219 ποιεῖν
453 2165 665 2231 ἁπλῶς,
695 2166 811 2221 ἀλλ’
852 2169 885 2237 ἡ
923 2168 1021 2238 τῆς
1067 2168 1337 2236 κινήσεως
1385 2171 1553 2240 ἀρχή.
1609 2171 1840 2240 Λέγεται

241 2256 547 2327 τοιγαροῦν
574 2260 670 2312 καὶ
697 2259 763 2312 τὰ
797 2259 1003 2327 φυσικὰ
1050 2259 1233 2329 φύσις,
1265 2260 1340 2320 ῶς
1365 2260 1460 2314 καὶ
1486 2262 1651 2326 αὐτὸς
1677 2265 1704 2316 ὁ
1749 2265 1845 2334 μέ-

245 2367 360 2417 γας
410 2351 689 2414 Διονύσιος
750 2351 984 2421 ἀλλαχοῦ
1037 2370 1200 2422 φησι,
1235 2353 1422 2419 Φύσις,
1456 2354 1706 2426 γράφων,
1767 2356 1846 2427 τῷ

242 2442 444 2514 ἀγαθῷ
481 2443 544 2496 τὸ
584 2444 862 2515 παράγειν
916 2446 1012 2499 καὶ
1047 2445 1264 2510 σώζειν,
1307 2446 1556 2516 δηλονότι
1593 2450 1846 2517 φυσικῶς

240 2535 410 2590 τοῦτο
432 2538 727 2606 πρόσεστιν
760 2535 927 2608 αὐτῷ.
959 2538 1071 2592 Καὶ
1097 2537 1276 2592 τοίνυν
1313 2539 1441 2593 ὅταν
1463 2541 1705 2612 ἀκούσῃς
1733 2541 1842 2595 τῶν

245 2629 542 2698 Πατέρων,
571 2629 876 2699 ἀμέθεκτον
918 2630 1190 2698 λεγόντων
1213 2631 1311 2701 τὴν
1345 2633 1532 2686 οὐσίαν
1557 2633 1651 2687 τοῦ
1682 2634 1840 2698 Θεοῦ,

241 2720 472 2786 ἐκείνην
499 2738 590 2792 μοι
629 2721 739 2774 νόει
774 2720 871 2792 τὴν
913 2720 1308 2790 ἀνεκφοίτητόν
1346 2739 1406 2775 τε
1456 2724 1548 2775 καὶ
1577 2723 1846 2794 ἀνέκφαν-

241 2827 369 2866 τον·
397 2813 525 2866 ὅταν
552 2814 598 2866 δ’
632 2813 791 2875 αὖθις
825 2811 1120 2882 μεθεκτὴν,
1173 2812 1282 2866 νόει
1335 2831 1426 2884 μοι
1457 2814 1554 2884 τὴν
1599 2816 1846 2884 φυσικῶς

242 2903 567 2974 προσοῦσαν
593 2905 668 2975 τῷ
700 2903 820 2975 Θεῷ
872 2904 1119 2972 πρόοδον,
1155 2903 1253 2957 καὶ
1291 2904 1390 2975 τὴν
1427 2905 1710 2974 ἔκφανσιν,
1750 2909 1844 2960 καὶ

241 2973 354 3067 τὴν
389 2973 689 3067 ἐνέργειαν,
863 2995 1036 3057 οὕτως
1078 2995 1325 3065 στέργων
1349 2973 1665 3071 γάμφότερα,
1714 2999 1833 3069 ὁμό-

243 3088 415 3156 λογος
442 3089 539 3160 ἔσῃ
570 3092 680 3153 τοῖς
718 3090 988 3162 Πατράσι.

331 3178 433 3252 ρη’.
468 3182 542 3234 Τὸ
581 3182 746 3252 μέρος
777 3184 875 3253 τῆς
903 3184 1095 3250 οὐσίας
1120 3187 1216 3240 καὶ
1245 3187 1306 3240 τὸ
1345 3185 1709 3257 βραχύτατον,
1742 3186 1840 3258 πά-

1943 2006 2121 2058 lucem
2155 1998 2414 2054 immittat
2446 1996 2782 2060 videntibus,
2833 2008 2888 2052 at
2935 2010 3040 2051 non
3067 2001 3153 2049 est
3186 1991 3291 2062 ipsi
3339 2000 3536 2045 natura

1943 2105 2154 2159 motus,
2237 2108 2337 2149 nec
2389 2089 2715 2162 simpliciter
2768 2096 2950 2142 motus
2993 2083 3303 2155 productio,
3331 2082 3427 2138 sed
3474 2091 3536 2137 ut

1937 2183 2126 2243 inotus
2182 2184 2420 2240 initium.
2453 2183 2722 2238 Dicuntur
2743 2179 2909 2251 igitur
2926 2177 3010 2232 vel
3031 2175 3302 2230 naturalia
3332 2184 3537 2236 motus,

1944 2287 2007 2334 ut
2031 2280 2148 2350 ipse
2199 2293 2432 2349 magnus
2477 2274 2775 2345 Dionysius
2823 2271 2952 2326 alibi
3011 2269 3167 2334 dicit,
3234 2267 3535 2324 scribens:

1949 2393 1968 2426 ι
2015 2373 2217 2428 Natura
2249 2372 2380 2427 boni
2417 2379 2500 2427 est
2532 2367 2840 2438 producere
2869 2373 2925 2419 et
2980 2376 3226 2426 servare,
3260 2360 3364 2418 hoc
3393 2361 3540 2415 scili-

1945 2477 2038 2524 cet
2070 2467 2121 2521 ei
2157 2464 2486 2520 naturaliter
2523 2463 2688 2518 inest.
2721 2479 2741 2515 ι
2791 2460 2930 2516 Cum
2955 2458 3123 2528 igitur
3149 2455 3303 2511 audis
3342 2453 3534 2510 Patres

1943 2557 2514 2616 incommunicabilem
2548 2555 2792 2610 dicentes
2819 2551 3117 2608 essentiam
3175 2549 3297 2613 Dei,
3382 2547 3530 2602 illam

1945 2651 2186 2721 intellige
2213 2650 2518 2720 inapertam
2551 2656 2606 2702 et
2641 2646 3020 2711 inaccessam;
3060 2657 3195 2700 cum
3225 2655 3357 2696 vero
3382 2654 3537 2695 com-

1946 2740 2335 2796 municabilem
2370 2739 2582 2802 dicunt,
2634 2735 2879 2804 intellige
2920 2733 3230 2789 naturalem
3283 2731 3375 2786 Dei
3410 2745 3536 2801 pro-

1944 2832 2261 2903 cessioncml
2302 2828 2910 2897 manifestationemque
2956 2835 3012 2881 et
3044 2823 3446 2894 operationem,
3481 2831 3538 2874 et

1945 2926 2024 2980 sic
2047 2933 2338 2996 utrumque
2354 2921 2707 2994 amplectens,
2739 2918 3092 2976 consentiens
3115 2919 3223 2973 eris
3249 2917 3532 2972 Patribus.

2024 3185 2149 3237 108.
2190 3183 2328 3242 Pars
2351 3189 2609 3238 eSSentta:
2653 3179 2735 3237 vel
2771 3178 3102 3237 tenuissima
3155 3193 3347 3234 omnes
3381 3179 3545 3234 habet

247 3291 356 3337 σας
379 3273 492 3344 ἔχει
526 3273 626 3337 τὰς
649 3275 821 3345 αὐτῆς
842 3275 1126 3347 δυνάμεις,
1151 3278 1226 3342 ὡς
1259 3279 1355 3332 καὶ
1381 3280 1408 3332 ὁ
1437 3278 1671 3351 σπινθὴρ
1703 3278 1842 3350 λαμ-

1953 3277 2120 3347 hujus
2149 3275 2405 3345 virtutes;
2430 3275 2575 3331 sicut
2607 3274 2853 3330 scintilla
2893 3283 2982 3329 est
3007 3273 3186 3329 lucida
3215 3283 3268 3328 et
3291 3273 3542 3337 lucifera,

249 3366 396 3437 πρόν
428 3383 488 3419 τε
539 3366 635 3419 καὶ
694 3368 1028 3434 φωτιστικόν
1074 3371 1213 3435 ἐστι,
1271 3371 1614 3442 διακριτικόν
1657 3390 1714 3426 τε
1748 3373 1844 3426 καὶ

249 3458 552 3514 καυστικὸν
578 3458 687 3512 τῶν
719 3457 1072 3528 ἐγγιζόντων,
1097 3461 1450 3534 αὐτοκίνητόν
1482 3480 1540 3516 τε
1563 3462 1722 3530 φύσει
1748 3465 1844 3519 καὶ

250 3551 560 3620 ἀνωφερὲς,
609 3552 704 3606 καὶ
746 3552 934 3617 ἁπλῶς
968 3553 1068 3606 ὅσα
1095 3553 1191 3607 καὶ
1229 3554 1289 3607 τὸ
1341 3554 1472 3625 πῦρ.
1515 3548 1577 3608 οῦ
1651 3556 1843 3626 μόριόν

256 3643 412 3710 ἐστι’
445 3643 540 3694 καὶ
579 3644 612 3712 ή
644 3641 860 3712 σταγὼν
890 3644 958 3696 τὰ
997 3642 1156 3696 πάντ’
1192 3643 1306 3713 ἔχει
1338 3645 1439 3698 ὅσα
1471 3646 1563 3698 καὶ
1607 3645 1668 3698 τὸ
1699 3645 1842 3715 ὕδωρ

250 3724 317 3786 οὗ
351 3735 471 3810 ἐστι
515 3733 753 3803 σταγὼν,
788 3735 938 3805 καὶὴ
979 3734 1170 3805 βῶλος,
1193 3736 1295 3790 ὅσα
1331 3736 1424 3790 καὶ
1476 3738 1536 3791 τὸ
1580 3737 1844 3807 μέταλλον

249 3827 545 3895 κέκτηται,
577 3821 748 3898 οὗπερ
792 3814 1054 3902 ἀποῤῥῗυξ
1082 3831 1363 3900 τυγχάνει.
1423 3831 1728 3903 Τοιγαροῦν
1768 3833 1842 3885 εἴ-

251 3933 364 3987 περ
407 3919 504 3989 τῆς
539 3919 883 3988 ἀνεκφάντου
913 3921 1134 3991 ἐκείνης
1167 3922 1354 3986 οὐσίας
1411 3922 1509 3976 τοῦ
1544 3922 1681 3976 Θεοῦ
1721 3942 1847 3995 μετ-

253 4008 482 4078 έχομεν,
507 4009 612 4063 κᾶν
639 4013 687 4063 εί
725 4012 928 4080 πάσης,
957 4012 1062 4065 κᾶν
1089 4015 1137 4065 εί
1169 4013 1358 4083 μορίου
1400 4013 1601 4086 μετέχῃ
1626 4031 1710 4077 τις
1745 4016 1842 4068 αὐ-

251 4102 379 4172 τῆς,
406 4102 820 4172 παντοδύναμος
849 4103 1022 4169 ἔσται,
1056 4106 1146 4157 καὶ
1178 4103 1320 4156 οὕτω
1360 4104 1469 4158 τῶν
1525 4105 1696 4158 ὄντων
1723 4107 1846 4158 ἕκα-

253 4210 385 4248 στον
439 4193 590 4249 ἔσται
645 4195 1084 4264 παντοδύναμον·
1123 4195 1150 4248 ὃ
1209 4195 1344 4266 μηδὲ
1393 4196 1596 4258 πάντες
1652 4197 1848 4266 ἔχομεν

251 4284 417 4356 ὁμοῦ,
452 4286 556 4339 κᾶν
588 4288 770 4340 πᾶσαν
815 4288 915 4357 τὴν
971 4289 1148 4341 κτίσιν
1189 4287 1613 4359 συμπεριλαϐὼν
1662 4290 1845 4361 εἴπῃς.

253 4375 431 4432 Τοῦτο
459 4378 674 4442 δεικνὺς
719 4381 746 4431 ὀ
777 4379 988 4443 Παῦλος
1035 4382 1098 4434 ἐκ
1147 4382 1487 4451 περιουσίας,
1524 4381 1622 4434 καὶ
1665 4382 1849 4444 αὐτοῖς

251 4471 372 4533 τοῖς
430 4471 791 4542 εύμοιρηκόσι
850 4471 958 4526 τῶν
1007 4473 1274 4528 θεοποιῶν
1336 4473 1697 4545 χαρισμάτων
1753 4474 1848 4528 τοῦ

255 4563 600 4634 Πνεύματος,
633 4565 692 4617 οὐ
723 4563 882 4617 πάνθ’
907 4566 1124 4637 ἑκάστῳ
1156 4567 1439 4637 προσεῖναι
1485 4569 1755 4636 μαρτυρεῖ
1783 4567 1850 4620 τὰ

1959 3377 2014 3425 ει
2050 3369 2296 3440 proxima
2330 3369 2643 3424 dissolvens
2675 3376 2730 3424 et
2755 3383 2944 3434 urens,
2987 3378 3042 3424 et
3089 3383 3212 3426 sese
3253 3369 3396 3424 ultro
3426 3386 3538 3424 mo-

1958 3477 2093 3521 vens
2124 3471 2180 3516 et
2204 3477 2419 3516 sursum
2453 3462 2660 3525 ferens,
2686 3469 2742 3516 et
2776 3461 3076 3531 generatim
3116 3472 3346 3517 cunctas
3378 3463 3542 3516 habet

1958 3558 2336 3627 proprietates
2373 3555 2537 3626 ignis,
2564 3555 2724 3626 cujus
2759 3564 2842 3611 est
2878 3571 3020 3626 pars.
3055 3555 3118 3610 Et
3172 3565 3323 3626 gutta
3355 3571 3546 3612 omnes

1957 3649 2119 3703 habet
2151 3648 2294 3704 vires
2321 3662 2499 3717 aquae,
2540 3648 2700 3718 cujus
2754 3657 2842 3703 est
2880 3648 3064 3716 stilla;
3096 3660 3152 3702 et
3186 3663 3368 3704 massa
3406 3665 3545 3705 cun-

1954 3750 2075 3796 ctas
2108 3741 2472 3812 proprietates
2507 3740 2709 3795 metalli
2737 3742 2890 3812 cujus
2921 3751 3004 3796 est
3052 3741 3438 3813 fragmentum.
3466 3742 3522 3796 Si

1955 3849 2085 3907 ergo
2142 3833 2430 3890 inell'abilis
2490 3834 2579 3888 illa
2645 3833 2742 3889 Dei
2791 3836 3027 3891 essentia
3077 3836 3234 3891 nobis
3279 3851 3534 3890 commu-

1955 3930 2253 3995 nicaretur,
2284 3928 2400 3984 sive
2429 3928 2658 3999 integre,
2689 3927 2806 3984 sive
2839 3930 3038 3998 partim
3103 3929 3221 3999 ejus
3247 3931 3319 3985 sit
3345 3930 3543 4000 aliquis

1954 4035 2202 4088 consors,
2237 4023 2342 4076 erit
2401 4023 2746 4092 omnipotens
2795 4037 2810 4079 :
2856 4029 2911 4077 et
2971 4022 3051 4078 sic
3083 4038 3418 4093 unaquaeque
3455 4038 3542 4078 res

1952 4117 2058 4170 erit
2089 4116 2459 4185 omnipotens,
2532 4116 2675 4186 quod
2735 4129 2834 4170 nec
2892 4130 3086 4175 omnes
3147 4118 3306 4174 simul
3377 4119 3543 4173 habe-

1931 4211 2123 4268 mus,
2184 4202 2400 4260 etiamsi
2459 4205 2770 4261 universam
2834 4208 3167 4264 creationem
3253 4208 3544 4265 collective

1955 4293 2185 4349 dixeris.
2218 4293 2280 4347 Id
2315 4295 2538 4365 copiose
2559 4295 2902 4352 demonstrat
2926 4297 3144 4364 Paulus,
3173 4299 3303 4370 ipsis
3320 4315 3547 4355 consor-

1955 4387 2100 4443 tibus
2131 4387 2452 4444 deiﬁcorum
2482 4390 2710 4458 spiritus
2751 4389 3146 4445 charismatum
3197 4394 3548 4448 consortibus

1953 4495 2061 4535 non
2095 4480 2279 4536 omnia
2313 4480 2545 4551 singulis
2576 4483 2758 4536 inesse
2790 4483 3090 4551 perhibens
3113 4483 3353 4552 Spiritus
3379 4485 3540 4551 dona,

1955 4575 2056 4631 sed
2084 4593 2100 4626 ι
2136 4575 2251 4640 alii,
2285 4576 2484 4644 inquit,
2516 4575 2678 4630 datur
2704 4590 2890 4631 sermo
2908 4577 3211 4647 sapientiae,
3241 4579 3330 4633 alii
3358 4593 3543 4633 sermo

252 4658 575 4730 χαρίσματα
587 4657 679 4710 τοῦ
700 4657 839 4710 Πνεύ
849 4675 1036 4726 ματος,
1053 4657 1208 4723 ἀλλὰ,
1225 4657 1315 4730 Τῷ
1330 4657 1450 4728 μὲν,
1471 4657 1625 4728 φησι,
1647 4658 1842 4712 δίδοται

1952 4665 2220 4732 scientiae,
2270 4673 2326 4721 et
2383 4665 2476 4720 alii
2534 4665 2679 4721 aliud
2737 4667 2867 4736 quid
2929 4668 3228 4722 secundum
3288 4672 3539 4723 eumdem

251 4751 416 4818 λόγος
441 4750 654 4820 σοφίας,
697 4749 774 4821 τῷ
793 4750 850 4803 δὲ
878 4750 1039 4819 λόγος
1068 4749 1344 4818 γνώσεως,
1370 4749 1516 4820 ἄλλῳ
1557 4749 1602 4802 δ’
1639 4748 1770 4802 ἄλλο
1792 4766 1848 4802 τι

252 4841 406 4896 κατὰ
437 4841 498 4894 τὸ
520 4843 652 4895 αὐτὸ
691 4841 934 4911 πνεῦμα.
979 4841 1035 4896 Ὀ
1085 4841 1142 4895 δὲ
1193 4841 1582 4911 Χρυσόστομος
1629 4840 1845 4912 Πατὴρ,

256 4933 514 5004 φανερῶς
551 4932 1004 5004 προαναστέλλων
1047 4930 1146 5003 τὴν
1169 4933 1278 4986 τῶν
1315 4931 1573 4985 ἐναντίων
1598 4931 1809 5002 πλάνην
1830 4947 1845 4962 °

256 5025 338 5078 υύ
363 5024 541 5076 πάντα
577 5041 661 5087 τις
711 5023 850 5094 ἔχει,
895 5022 1083 5092 φησιν,
1135 5023 1224 5076 ἵνα
1260 5023 1335 5094 μὴ
1376 5022 1537 5091 φύσιν
1570 5019 1713 5078 εἶναι
1747 5022 1847 5094 τὴν

255 5116 425 5188 χάριν
450 5115 700 5186 νομίσῃς.
746 5113 885 5169 Ἀλλ’
915 5114 1037 5167 οὐδὲ
1072 5113 1296 5184 κτιστὴν
1322 5115 1595 5185 ἡγήσαιτό
1622 5132 1706 5180 τις
1724 5113 1847 5169 νοῦν

258 5208 426 5280 ἔχων,
452 5209 552 5279 τὴν
605 5206 1183 5278 ὰντιδιαστελλομένην
1230 5199 1333 5260 ὧδε
1365 5207 1522 5278 χάριν
1561 5207 1662 5276 τῆς
1699 5207 1850 5271 Θείας

261 5302 505 5373 φύσεως,
532 5303 613 5356 ὅτι
654 5320 714 5356 τε
747 5303 884 5356 Θεοῦ
925 5303 1091 5372 φύσιν
1131 5301 1233 5355 οὐκ
1259 5301 1325 5355 ἂν
1359 5301 1490 5354 ποτέ
1527 5318 1611 5364 τις
1651 5300 1851 5355 δείσειε

263 5393 344 5464 μή
378 5409 464 5456 τις
496 5393 558 5446 τὸ
597 5392 804 5462 κτίσμα
833 5391 1052 5463 νομίσῃ,
1087 5391 1180 5444 καὶ
1218 5389 1298 5442 ὅτι
1331 5389 1380 5441 εί
1429 5389 1525 5441 καὶ
1571 5387 1850 5457 διενήνοχε

262 5484 363 5555 τῆς
385 5483 536 5548 θείας
564 5484 802 5554 φύσεως,
831 5484 891 5537 ού
939 5483 1235 5536 διασπᾶται
1265 5480 1468 5550 ταύτης
1498 5481 1530 5551 ἡ
1563 5478 1655 5532 τοῦ
1682 5477 1850 5533 Πνεύ-

267 5593 443 5650 ματος
465 5578 648 5648 χάρις,
682 5577 982 5630 ἐπισπᾶται
1020 5576 1075 5629 δὲ
1110 5574 1313 5647 μᾶλλον
1357 5573 1486 5636 τοὺς
1516 5573 1848 5646 ἠξιωμένους

265 5671 405 5739 πρὸς
429 5671 528 5739 τὴν
570 5670 866 5740 συνάφειαν
897 5669 990 5724 τοῦ
1022 5668 1167 5722 θείου
1199 5665 1550 5740 Πνεύματος.

336 5805 420 5861 ³⁸1
449 5806 578 5862 Cor.
596 5822 694 5872 xu,
727 5806 781 5861 8.

580 5904 853 5970 Pnnoc.
888 5906 1009 5970 Gn.
1049 5904 1162 5968 CL.

1947 4757 2212 4828 Spiritum
2242 4757 2310 4813 ³⁸.
2353 4777 2372 4812 ι
2405 4760 2832 4822 Chrvsostomus
2864 4771 3046 4815 autem
3080 4759 3262 4827 Pater,
3313 4761 3538 4816 eviden-

1945 4860 2029 4905 ter
2057 4860 2392 4921 przevertens
2446 4853 2889 4908 adversariorum
2948 4869 3192 4909 errorem
3250 4873 3265 4910 :
3333 4875 3352 4908 ι
3417 4856 3538 4912 Non

1947 4944 2132 5000 omnia
2157 4946 2396 5016 quisque
2426 4947 2613 5013 habet,
2647 4947 2846 5018 inquit,
2875 4955 2934 5001 ut
2967 4963 3074 5002 non
3115 4958 3370 5005 naturam
3417 4966 3541 5007 esse

1947 5038 2182 5108 gratiam
2217 5039 2525 5095 existimes.
2568 5058 2588 5092 ι
2629 5038 2736 5095 Sed
2783 5052 2882 5095 nec
2919 5049 3163 5096 creatam
3195 5042 3393 5112 aliquis
3446 5060 3540 5099 sa-

1950 5130 2107 5201 piens
2144 5130 2373 5188 duceret
2406 5133 2486 5188 sic
2516 5133 2832 5190 distinctam
2867 5148 2896 5187 a
2959 5143 3148 5189 natura
3186 5137 3366 5190 divina
3408 5151 3537 5206 gra-

1948 5223 2078 5278 tiam
2107 5262 2122 5289 ,
2156 5223 2282 5295 quia
2327 5240 2487 5280 nemo
2525 5241 2760 5296 unquam
2798 5226 3016 5284 timeret
3048 5243 3116 5284 ne
3139 5237 3390 5283 creatura
3440 5245 3538 5298 pro

1953 5323 2146 5372 natura
2188 5317 2282 5372 Dei
2316 5317 2636 5385 haberetur,
2687 5330 2740 5376 et
2773 5321 2902 5390 quia
2933 5321 3060 5376 licet
3117 5321 3361 5377 distincta
3405 5325 3536 5379 sita

1947 5415 2140 5463 natura
2175 5408 2381 5478 divina,
2425 5425 2533 5466 non
2583 5411 2652 5466 ab
2691 5425 2756 5468 ea
2788 5409 3112 5468 distrahitur
3159 5410 3383 5479 spiritus
3413 5425 3536 5479 gra-

1949 5500 2051 5566 tia,
2079 5501 2175 5556 sed
2208 5502 2389 5572 potius
2439 5504 2670 5560 attrahit
2716 5507 2944 5562 meritos
2983 5502 3052 5559 ad
3103 5503 3274 5559 divini
3309 5505 3537 5575 spiritus

1948 5595 2417 5654 communionem.

3050 5858 3132 5922 38
