4020 6462
588 392 730 458 1195

587 606 758 662 multa
812 602 973 657 habet
1006 602 1312 670 supposita.
1348 597 1562 652 Etenim
1598 605 1731 666 quot
1765 596 2046 664 lampadas
2070 594 2177 648 ali-

582 700 713 770 quis
730 712 795 751 ex
827 711 929 749 una
964 692 1234 759 aeeendit,
1255 700 1336 746 tot
1363 684 1814 762 iguis'supposita
1846 687 2176 743 facit..Con-

582 799 887 862 sequenter
920 789 1106 859 igitur,
1129 788 1199 853 si,
1231 796 1290 843 ut
1321 787 1494 843 nostri
1538 787 1877 841 contendunt
1918 783 2179 839 adversa-

586 884 678 949 rii,
712 882 954 939 essentia
1004 881 1097 937 Dei
1135 880 1519 951 participetur,
1546 888 1603 935 et
1641 878 1866 949 quidem
1894 875 1965 932 ab
1995 875 2179 933 omni-

595 977 719 1041 bus,
742 976 855 1047 jam
898 988 1006 1030 non
1046 984 1158 1030 tres
1199 981 1313 1029 luce
1343 987 1608 1041 personas
1665 971 1853 1038 habet,
1880 970 1977 1025 sed
2013 969 2179 1024 inuuv

593 1083 776 1123 meras
830 1082 1113 1137 personas.
1166 1064 1303 1131 Quis
1347 1076 1529 1121 autem
1585 1064 1785 1120 divinis
1840 1062 2181 1134 dogmatibus

592 1162 891 1217 innutritus
914 1160 1089 1215 nescit
1115 1159 1259 1215 hunc
1289 1173 1411 1215 esse
1435 1156 1889 1214 Massalianorum
1911 1169 2176 1220 errorem,

594 1256 850 1311 essentia:
881 1254 975 1309 Dei
1018 1253 1137 1309 ﬁeri
1183 1253 1478 1324 participes
1512 1251 1605 1320 qui
1649 1251 1718 1307 ad
1748 1264 2023 1306 summum
2059 1263 2182 1319 per-

593 1348 849 1404 fectionis
895 1355 949 1401 in
1001 1361 1193 1401 eorum
1237 1360 1404 1402 sensu
1443 1344 1736 1401 intellecta
1772 1343 2184 1414 pervenerunt?

590 1447 833 1514 Quorum
865 1444 1261 1514 blasphemiam
1286 1440 1591 1496 adversarii
1624 1454 1888 1509 superare
1919 1438 2183 1493 ali'ectau-

595 1552 698 1605 tes,
750 1554 854 1593 non
910 1538 1083 1592 solum
1124 1537 1299 1592 elatos
1338 1536 1405 1589 ad
1458 1532 1852 1605 perfectionem
1906 1532 2179 1595 homines,

593 1636 688 1689 sed
744 1632 905 1685 etiam
961 1629 1264 1701 generatim
1326 1627 1611 1683 universos
1678 1626 1876 1681 divinae
1928 1625 2185 1681 essentia

592 1725 786 1780 dicunt
824 1722 1144 1792 participes,
1180 1719 1505 1775 stultissime
1544 1728 1837 1774 causantes
1863 1717 2005 1773 hanc
2062 1718 2183 1773 ubi-

596 1834 704 1887 que
753 1817 966 1871 adesse.
1020 1813 1127 1869 Sed
1182 1812 1387 1868 multus
1442 1811 1495 1867 in
1550 1811 1826 1882 theologia
1866 1810 2184 1883 Gregorius,

1847 381 2236 445 GBEGORII
2283 382 2475 442 PALA
2493 384 2543 441 Μ
2562 385 2621 445 ίἘ

660 508 785 566 109.
822 509 1070 562 Essentia
1124 522 1152 560 a
1199 520 1367 577 quam
1424 503 1611 559 multis
1645 502 2035 572 participatnr,
2064 508 2176 555 tam
2212 509 2257 567 Α

2386 506 2484 579 ρθ’.
2530 508 2595 563 'H
2628 509 2799 564 οὖοίαΔ
2822 512 2952 584 παρ’
2979 513 3120 567 ὅσων
3151 514 3270 569 ἐστὶ
3301 515 3644 589 μετεχομένη,
3670 523 3828 576 τοσαύ-

2312 615 2409 663 τας
2439 603 2530 654 καὶ
2576 603 2676 667 τὰς
2709 604 3040 667 ὑποστάσεις
3071 606 3204 678 ἔχει.
3263 608 3374 662 Καὶ
3425 610 3529 679 γὰρ
3582 612 3758 677 ὁπόσας
3778 616 3829 669 ἂν

2313 689 2605 762 λαμπάδας
2643 688 2842 767 ἀνάῷοι
2871 714 2958 763 τις
3007 699 3116 753 ἀπὸ
3155 700 3256 769 τῆς
3298 700 3449 770 μιᾶς,
3497 702 3733 769 τοσαύτας
3756 708 3830 760 καί

2312 783 2411 847 τὰς
2439 783 2766 851 ὑποστάσεις
2792 788 2888 844 τοῦ
2922 789 3096 860 πυρὸς
3139 792 3422 863 ἐποίησεν.
3454 793 3718 865 Συμσαίνει
3744 799 3828 850 τοί-

2312 893 2428 942 νυν,
2461 880 2619 951 ειπερ
2651 881 2794 935 κατά
2829 882 2957 947 τοὺς
3005 885 3137 955 ἡμῖν
3191 886 3589 955 ἀντικειμένους
3640 890 3671 959 ἡ
3709 890 3827 943 οὐσία

2312 974 2409 1028 τοῦ
2439 975 2577 1031 Θεοῦ
2615 977 2925 1049 μετέχεται,
2986 980 3084 1034 καὶ
3113 981 3290 1036 ταῦτα
3320 981 3470 1052 παρὰ
3508 982 3723 1051 πάντων,
3754 1002 3827 1056 pq-

2314 1066 2434 1123 κέτι
2459 1070 2890 1139 τρισυπόστατον
2911 1065 3054 1127 εἶναι
3079 1071 3304 1143 ταύτην,
3487 1076 3824 1145 μυριοῦπόστι-

2304 1189 2416 1227 τον.
2457 1174 2554 1239 Τίς
2582 1174 2639 1228 δὲ
2675 1176 2771 1230 καὶ
2794 1175 2905 1231 τῶν
2934 1181 3048 1243 τοῖς
3091 1179 3259 1244 θείοις
3285 1180 3548 1253 δόγμασιν
3574 1182 3819 1256 ἐντεθραμ-

2306 1269 2484 1337 μένων
2511 1269 2613 1324 οὐκ
2659 1270 2952 1326 ἐπίσταται
2999 1272 3398 1327 Μασσαλιανῶν
3450 1271 3586 1331 εἶναι
3617 1277 3752 1331 τοῦτο
3781 1280 3823 1333 τὸ

2304 1358 2683 1448 παράλημμα,
2735 1363 2838 1433 τῆς
2902 1362 3094 1428 οὐσίας
3126 1363 3220 1419 τοῦ
3290 1364 3425 1419 Θεοῦ
3487 1379 3818 1439 μετεσχηκέναι

2301 1448 2429 1512 τοὺς
2454 1451 2533 1512 είς
2578 1450 2748 1521 ἄκρον
2776 1452 2872 1521 τῆς
2900 1454 3021 1506 κατ’
3051 1454 3250 1518 αὐτοὺς
3274 1455 3477 1526 ἀρετῆς
3513 1455 3819 1527 ἐληλακόταςς

2302 1533 2375 1594 ὧν
2402 1543 2502 1613 τὴν
2536 1543 2888 1615 βλασφημίαν
2950 1547 3000 1601 οἱ
3056 1546 3448 1619 ἀντικείμενοι,
3510 1550 3600 1603 καὶ
3638 1549 3824 1622 ὑπερόπ-

2300 1635 2489 1689 λέσθαι
2521 1636 2990 1710 φιλοτιμούμενοι,
3037 1640 3099 1695 οὐ
3152 1640 3283 1705 τοὺς
3340 1643 3463 1696 κατ’
3490 1644 3678 1715 ἀρετὴν
3707 1645 3825 1714 μόνον

2301 1725 2680 1793 διενεγκόντας
2711 1728 2820 1782 τῶν
2867 1730 3193 1803 ἀνθρώπων,
3232 1732 3369 1787 ἀλλά
3396 1735 3491 1787 καὶ
3521 1733 3692 1799 ἁπλῶς
3730 1735 3827 1804 ξύμ-

2304 1834 2515 1882 παντας
2545 1819 2646 1890 τῆς
2680 1820 2830 1883 θείας
2869 1822 3058 1888 οὐσίας
3099 1824 3233 1894 φασὶ
3279 1827 3548 1897 μετέχειν,
3571 1828 3826 1897 ἀνουστάτῳ

590 1908 843 1961 insanam
882 1905 1076 1960 horutn
1104 1913 1160 1960 et
1187 1904 1407 1960 illorum
1444 1903 1754 1958 doctrinam
1783 1917 1814 1957 a
1849 1902 2009 1973 longe
2048 1917 2185 1972 pra:-

2303 1912 2598 1983 προφάσει,
2632 1912 2728 1967 τοῦ
2756 1917 3011 1985 παρεῖναι
3044 1916 3249 1989 ταύτην
3277 1919 3577 1990 πανταχοῦ.
3612 1921 3665 1975 '0
3684 1922 3730 1975 δὲ
3757 1940 3825 1976 που

592 2008 857 2055 vertens:
896 2016 915 2050 ι
962 1997 1242 2062 Christus,
1275 1996 1372 2063 ait,
1417 1995 1621 2051 dicitur
1671 1995 1742 2050 ob
1785 1995 2127 2050 divinitatem
2162 2014 2180 2053 :

584 2092 721 2147 Hac
755 2092 901 2147 enim
938 2090 1125 2145 unctio
1171 2089 1569 2145 humanitatem
1616 2103 1725 2143 non
1759 2080 2099 2157 operatione,
2126 2099 2186 2145 ut

542 2178 543 2181 “
594 2188 733 2241 alios
776 2186 1034 2250 christos,
1064 2183 1388 2249 sanctiﬁcat,
1419 2182 1512 2237 sed
1556 2182 1846 2252 praesentia
1882 2185 2045 2238 totius
2083 2199 2184 2238 un-

587 2281 792 2349 gentis.
835 2297 854 2331 ι
890 2279 960 2333 Ει
985 2278 1093 2333 divi
1139 2276 1325 2333 Patres
1356 2275 1633 2331 communi
1668 2289 1944 2332 consensu
1981 2277 2185 2331 docue-

591 2377 721 2423 runt
771 2368 1079 2424 inhabitare
1137 2367 1358 2437 quidem
1412 2366 1752 2425 divinitatem
1811 2366 2010 2421 animis
2054 2380 2187 2420 con-

588 2481 625 2533 g
654 2475 851 2517 uenter
868 2462 1167 2529 mundatis,
1184 2460 1279 2515 sed
1306 2475 1413 2515 non
1440 2468 1708 2529 quatenus
1722 2468 1807 2514 est
1833 2467 2045 2512 natura.
2064 2455 2184 2513 Non

592 2558 758 2626 igitur
796 2554 1099 2610 secundum
1155 2553 1472 2618 essentiam,
1511 2568 1615 2607 nec
1663 2551 1967 2608 secundum
2013 2549 2183 2622 hypo-

592 2652 784 2705 stasim
833 2649 1126 2719 quamdam
1177 2647 1238 2703 ﬁt
1284 2647 1486 2717 aliquis
1518 2645 1613 2701 Dei
1649 2646 2183 2715 particepsuteutra

590 2745 736 2798 enim
788 2743 981 2796 harum
1034 2742 1309 2796 ullatenus
1360 2738 1646 2802 dividitur,
1678 2745 1774 2791 aut
1807 2736 1899 2790 ulli
1959 2749 2187 2806 prorsus

589 2838 1052 2892 communicatur.
1112 2836 1245 2888 Ideo
1295 2832 1597 2887 secundum
1635 2832 1737 2886 hos
1770 2830 2025 2885 Omnibus
2063 2844 2183 2883 om-

595 2931 728 2982 nino
773 2927 1311 2982 incotumnuicabilis
1352 2934 1441 2980 est
1492 2924 1659 2989 Deus,
1690 2924 1941 2992 quamvis
1987 2922 2188 2990 ubique

595 3023 901 3077 secundum
954 3021 1053 3074 has
1087 3018 1259 3084 adsit;
1296 3019 1606 3073 communis
1644 3027 1825 3071 autem
1867 3016 2031 3070 trium
2065 3029 2187 3084 per-

594 3127 853 3168 sonarum
886 3121 1096 3166 natum
1120 3109 1370 3179 operatio
1402 3119 1457 3164 et
1484 3110 1681 3173 virtus,
1706 3122 1829 3162 cum
1865 3107 2082 3161 diverse
2120 3119 2185 3161 ac

605 3215 979 3275 co-gruenter
1000 3203 1363 3258 distribuatur
1396 3202 1758 3274 participibus
1780 3245 1795 3268 ,
1821 3201 2028 3256 idcirco
2058 3217 2185 3271 gra-

2302 2001 2399 2065 λὺς
2424 2004 2482 2056 ὲν
2506 2002 2759 2076 θεολογίᾳ
2781 2004 3106 2078 Γρηγόριος,
3132 2006 3233 2071 τὰς
3264 2007 3643 2082 φρενοϐλαϐεῖς
3669 2010 3826 2063 τούτων

2303 2112 2365 2149 τε
2396 2096 2667 2149 κάκείνων
2688 2095 2845 2162 δόξας
2879 2099 3160 2170 πόρρωθεν
3194 2101 3600 2167 ἀνασκευάζων,
3622 2103 3822 2174 Χριστὸς,

2305 2188 2462 2261 φησι,
2493 2188 2583 2242 διὰ
2621 2189 2718 2263 τὴν
2746 2190 3000 2261 θεότητα·
3024 2193 3205 2264 χρίσις
3235 2194 3343 2265 γάρ
3365 2194 3507 2266 αὕτη
3533 2195 3627 2265 τῆς
3660 2195 3819 2267 ἀνθρω·

2300 2283 2556 2353 πότητος,
2592 2283 2691 2336 οὐκ
2725 2283 2975 2356 ἐνεργείᾳ
3018 2287 3158 2340 κατά
3212 2289 3336 2351 τοὺς
3385 2287 3576 2353 ἄλλους
3619 2289 3819 2360 χριοτοὺς

2302 2372 2630 2442 ἅγιάζουσα,
2679 2377 2956 2447 παρουσίᾳ
2992 2375 3049 2430 δὲ
3079 2377 3202 2430 ὅλου
3233 2377 3329 2431 τοῦ
3387 2380 3647 2450 χρίοντος.
3687 2380 3823 2435 Καὶοί

2304 2467 2555 2538 θεόσοφοι
2595 2467 2652 2522 δὲ
2683 2468 2951 2540 Πατέρες,
3016 2471 3167 2542 κοινῇ
3223 2471 3638 2543 συνεληλυθότες
3664 2471 3822 2541 ἀπεφή-

2302 2577 2483 2624 ναντο,
2529 2559 2762 2615 ἐνοικεῖν
2790 2561 2892 2631 μὲν
2924 2561 3024 2633 τὴν
3048 2562 3279 2633 θεότητα
3305 2567 3416 2627 τοῖς
3464 2565 3539 2626 ὡς
3590 2564 3740 2635 χρεὼν
3757 2580 3825 2617 κε-

2302 2652 2697 2725 καθαρμένοις,
2733 2653 2850 2708 ἀλλ’
2873 2654 2973 2724 οὑχ
3012 2653 3088 2717 ὡς
3119 2654 3234 2724 ἔχει
3270 2654 3486 2722 φύσεως
3508 2673 3522 2687 ο
3553 2654 3666 2709 οὔτε
3694 2655 3825 2709 τοίνυν

2302 2747 2447 2801 κατά
2483 2747 2583 2820 τὴν
2606 2748 2819 2813 οὐσίαν,
2849 2747 2975 2803 οὔτε
3010 2749 3130 2803 καθ’
3173 2749 3474 2805 ὑπόσταςίν
3507 2769 3625 2807 τινα
3652 2748 3825 2822 μέτοχός

2300 2856 2385 2905 τις
2416 2840 2626 2911 γίνεται
2665 2842 2836 2896 Θεοῦ⁸
2888 2843 3175 2917 μερίζεται
3220 2843 3330 2917 γὰρ
3365 2847 3572 2902 τούτων
3618 2846 3827 2915 ἑκάτερον

2299 2933 2410 2987 οὐδ’
2439 2935 2716 3000 ὁπωσοῦν,
2741 2937 2863 2991 οὐδὲ
2911 2939 3252 3008 μεταδίδοται
3303 2942 3624 3012 τοπαράπαν
3674 2937 3824 2992 οὐδενί.

2300 3029 2392 3082 Διὸ
2429 3030 2526 3083 καὶ
2558 3031 2693 3083 πᾶσι
2726 3031 3076 3085 παντάπασιν
3126 3031 3427 3104 ἀχώρητος,
3474 3035 3608 3089 κατά
3654 3030 3827 3088 ταῦταὸ

2302 3121 2463 3187 Θεός’
2506 3125 2555 3178 εί
2588 3124 2683 3178 καὶ
2721 3124 3001 3195 πανταχοῦ
3034 3126 3177 3179 κατά
3228 3127 3400 3182 ταῦτα
3432 3129 3699 3201 πάρεστιν,
3727 3129 3753 3198 ὴ
3784 3124 3825 3176 δὲ

2301 3210 2456 3283 κοινὴ
2485 3211 2587 3283 τῆς
2640 3214 3079 3284 τρισυποστάτου
3124 3216 3342 3285 φύσεως
3392 3218 3636 3290 ἐνέργειά
3665 3235 3715 3272 τε
3759 3215 3830 3269 καὶ

597 3300 670 3353 tia
696 3298 914 3353 donatis
946 3297 1410 3353 communicatur.
1455 3293 1594 3350 Nam
1651 3293 1889 3364 Spiritus
1940 3304 2185 3361 sanctus,

2299 3304 2549 3376 δύναμις,
2584 3308 2857 3380 διαφόρως
2883 3308 3217 3381 μεριζομένη
3266 3311 3362 3364 καὶ⁵
3391 3310 3721 3383 καταλλήλως
3743 3310 3826 3370 τοῖς

594 3403 654 3445 ιιι
687 3393 761 3446 ait
815 3407 1045 3462 magnus
1097 3389 1351 3457 Basilius,
1396 3406 1502 3446 non
1540 3390 1606 3445 ad
1658 3403 1822 3444 unam
1875 3378 2186 3443 mensuram

595 3484 774 3555 dignis
804 3498 863 3537 se
889 3484 1002 3546 dat,
1041 3484 1135 3537 sed
1185 3496 1284 3552 pro
1331 3483 1542 3535 ratione
1587 3478 1714 3534 ﬁdei
1765 3478 1956 3533 dividit
1991 3492 2189 3547 opera-

598 3579 827 3642 tionem,
881 3577 1113 3647 sitnplex
1169 3574 1689 3645 quidetu'essentia,
1742 3572 2021 3642 multiplex
2060 3587 2189 3626 ιθῐο

595 3670 913 3724 virtutibus.
1847 3678 1851 3682 ’

674 3974 794 4029 110.
854 3972 1012 4040 Quud
1066 3971 1400 4042 participare
1451 3968 1653 4040 aliquid
1703 3969 1927 4035 dicitur,
1983 3978 2192 4038 partem

597 4071 764 4126 habet
789 4070 1096 4139 participati
1127 4084 1142 4123 :
1174 4082 1297 4121 nam
1318 4067 1361 4121 si
1388 4080 1494 4120 non
1515 4065 1709 4137 partis,
1728 4066 1822 4119 sed
1856 4065 2022 4119 totius
2052 4073 2196 4119 esset

601 4178 855 4230 t'OlISOl‘S,
904 4162 1187 4232 possidere
1241 4162 1467 4231 proprie
1519 4158 1824 4223 diceretur,
1871 4157 2013 4213 haud
2065 4174 2194 4214 vero

599 4255 934 4325 participare
962 4273 978 4309 :
1017 4254 1298 4308 divisibile
1328 4267 1459 4323 ergo
1488 4262 1574 4308 est
1625 4252 2037 4321 participatutn,
2068 4252 2194 4324 quia

601 4350 801 4420 partim
858 4346 1255 4402 communicari
1310 4346 1472 4400 debet
1523 4346 1891 4418 participanti.
1944 4346 2195 4402 Essetttia

558 4436 571 4439 τ
603 4459 735 4499 vero
772 4442 864 4497 Dei
905 4451 991 4497 est
1034 4442 1260 4496 omnino
1305 4440 1674 4504 indivisibilis,
1700 4455 1830 4512 ergo
1859 4449 1918 4496 et
1971 4440 2196 4494 omnino

598 4549 685 4594 est
722 4535 1219 4609 itnparticipabilis.
1251 4534 1585 4592 Divisibilem
1610 4543 1793 4591 tamen
1812 4550 1935 4591 esse
1957 4535 2194 4590 divinam

600 4633 975 4703 operationem
1011 4632 1206 4684 crebro
1236 4628 1292 4684 in
1342 4628 1693 4684 sermonibus
1724 4626 1970 4682 ostendit
2014 4626 2193 4699 Chry-
2223 4671 2270 4729 Β

602 4734 883 4782 sostumus
908 4724 1067 4779 Pater
1094 4740 1109 4791 ;
1137 4739 1200 4777 ea
1232 4722 1398 4794 igitur
1427 4734 1513 4778 est
1544 4712 1678 4793 quae
1698 4736 1729 4775 a
1761 4721 1969 4776 deiﬁcae
2000 4721 2193 4793 gratiae

597 4819 949 4889 compotibus
999 4817 1388 4889 participatur.
1437 4817 1577 4871 Audi
1632 4830 1765 4885 ergo
1812 4831 1937 4869 eum
1998 4832 2193 4874 rursus

604 4926 770 4967 aurea
803 4912 983 4982 lingua
1015 4913 1178 4965 ambo
1229 4910 1533 4965 clarissime
1565 4909 1874 4972 docentem,
1910 4924 2106 4979 nempe
2137 4920 2193 4965 et

602 5000 1007 5068 operationem,
1042 5000 1187 5055 haud
1218 5016 1348 5055 vero
1392 4999 1685 5056 essentiam
1719 4999 1910 5066 dividi,
1940 5012 1994 5054 et
2042 5001 2190 5055 illam

578 5091 796 5163 “perlici
805 5096 940 5162 pari,
958 5091 1104 5147 haud
1126 5108 1255 5149 vero
1274 5091 1846 5148 inconnnunicabilem
1873 5097 2194 5162 essentiam,

602 5199 670 5239 ex
702 5201 808 5256 qua
839 5186 1024 5239 divina
1056 5188 1313 5254 procedet
1342 5185 1590 5256 operatio
1640 5203 1654 5240 :
1684 5202 1928 5257 namque
1962 5186 2199 5245 aiicretts

592 5279 979 5349 evangelicum
1015 5279 1142 5335 illud
1170 5295 1186 5343 ;
1219 5299 1235 5332 t
1266 5279 1341 5334 De
1376 5279 1714 5350 plenitudine
1741 5279 1860 5351 ejus
1888 5297 1983 5336 uos
2007 5295 2200 5337 omnes

484 5412 487 5417 .
549 5372 962 5444 (accepimus;
992 5373 1038 5405 ”
1082 5392 1099 5424 ι
1131 5373 1317 5430 subdit
1351 5390 1410 5429 ι(
1456 5373 1515 5428 Si
1551 5375 1697 5428 enim
1728 5372 1927 5443 ignem,
1961 5374 2198 5446 ibiqqu

610 5465 872 5519 dividitur
903 5462 1140 5521 essentia
1173 5475 1229 5519 et
1259 5481 1460 5535 corpus
1491 5478 1595 5533 est,
1627 5466 1925 5522 dividimus
1961 5470 2121 5523 simul
2143 5478 2202 5525 et

596 5569 717 5609 non
743 5555 1061 5624 dividimus,
1095 5569 1303 5627 quanto
1337 5559 1509 5629 magis
1542 5559 1940 5628 Operationem,
1970 5572 2019 5615 et
2070 5577 2199 5633 ope-

602 5652 879 5705 rationem
906 5654 1125 5722 quidem
1150 5655 1509 5725 incorporalis
1536 5657 1787 5712 esseutiac
1813 5656 1826 5709 l
1875 5675 1892 5707 ι

679 5936 727 5968 ³³
754 5938 915 5993 Juatt.
948 5956 988 6006 l,
1020 5943 1086 5996 Mi

2302 3398 2612 3469 μετέχουσι,
2649 3403 2737 3456 διὰ
2764 3406 2922 3460 τοῦτο
2952 3410 3047 3464 καὶ⁵
3087 3413 3312 3483 χωρητὴ
3346 3413 3557 3482 γίνεται
3586 3416 3688 3477 τοῖς
3712 3427 3828 3480 κεχα-

2300 3491 2624 3561 ριτωμένοις
2647 3512 2661 3527 ⁸
2693 3496 2885 3568 τὸγὰρ
2912 3501 3139 3575 Πνεῦμα
3170 3504 3231 3558 τὸ
3262 3504 3438 3574 ἅγιον,
3478 3506 3614 3560 κατὰ
3643 3505 3722 3558 τὸν
3754 3502 3825 3574 μέ-

2298 3598 2402 3649 γαν
2437 3585 2605 3654 φάναι
2646 3588 2950 3657 Βασίλειον,
3016 3594 3113 3667 οὐχ
3180 3596 3263 3652 ένὶ
3319 3597 3507 3670 μέτρῳ
3553 3601 3658 3663 τοῖς
3697 3595 3825 3661 ἀξίοις

2301 3678 2662 3748 μετεχόμενόν
2703 3683 2873 3752 ἐστιν,
2927 3685 3067 3742 ἀλλὰ
3127 3691 3269 3745 κατὰ
3319 3692 3607 3762 ἀναλογίαν
3654 3694 3737 3760 τῆς
3762 3686 3825 3741 πί-

2297 3782 2466 3834 στεως
2502 3770 2705 3843 διαιρεῖ
2727 3773 2826 3847 τὴν
2866 3777 3171 3850 ἐνέργειαν,
3202 3780 3408 3849 ἁπλοῦν
3456 3786 3557 3857 μὲν
3592 3785 3646 3841 ὃν
3672 3785 3729 3855 τῇ
3768 3780 3826 3834 οὐ·

2297 3859 2406 3932 σίᾳ,
2442 3865 2686 3919 ποικίλον
2725 3868 2782 3922 δὲ
2815 3873 2935 3937 ταῖς
2968 3872 3255 3943 δυνάμεσι.
3338 3940 3341 3943 λ

2368 3950 2454 4023 ρι’.
2486 3954 2559 4007 Τὸ
2587 3958 2837 4028 μετέχειν
2881 3961 3028 4024 τινὸς
3070 3960 3385 4034 λεγόμενον,
3432 3964 3596 4037 μέρος
3633 3962 3729 4035 ἔχει
3754 3954 3822 4012 τοῦ

2298 4044 2690 4112 μετεχομένου’
2721 4047 2826 4101 κᾶν
2856 4048 2965 4121 γὰρ
3001 4052 3050 4104 εί
3101 4051 3175 4123 μὴ
3211 4052 3435 4123 μέρους,
3463 4049 3595 4107 ἀλλά
3616 4051 3697 4106 τοῦ
3731 4064 3821 4101 mv-

2293 4133 2385 4198 τος
2415 4136 2654 4207 μετέχει,
2686 4136 2834 4209 ἔχειν
2858 4138 2934 4194 ἂν
2991 4143 3197 4214 κυρίως
3227 4144 3425 4214 λέγοιτ’
3459 4146 3554 4211 ἂν,
3597 4144 3698 4200 ἀλλ’
3730 4138 3820 4208 0'311

2298 4226 2547 4298 μετέχειν
2576 4231 2767 4283 τούτου
2790 4247 2802 4261 ·
2826 4235 3082 4304 μεριστὸν
3103 4235 3211 4308 ἄρα
3239 4236 3298 4289 τὸ
3327 4237 3675 4309 μετεχόμενόν
3692 4236 3821 4289 ἐστιν.

2295 4315 2454 4387 εἴπερ
2500 4318 2698 4389 μέρους
2750 4324 3005 4397 μετέχειν
3048 4327 3265 4401 ἀνάγκη
3304 4329 3366 4382 τὸ
3418 4330 3657 4401 μετέχον.
3701 4321 3820 4378 Ἡδὲ

2292 4408 2451 4463 οὐσία
2473 4410 2567 4464 τοῦ
2592 4412 2729 4467 Θεοῦ
2769 4417 3118 4474 παντάπασίν
3146 4421 3293 4474 ἐστιν
3320 4422 3634 4492 ἀμέριστος·
3670 4412 3821 4472 οὐκοῦν

2293 4500 2389 4554 καὶ
2426 4504 2777 4559 παντάπασίν
2812 4508 2960 4562 ἐστιν
2987 4509 3314 4581 ἀμέθεκτος.
3347 4513 3421 4566 Τὸ
3449 4514 3504 4567 δὲ
3532 4507 3815 4585 μερίζεσθαιν

2290 4595 2392 4665 τῆς
2433 4595 2586 4662 θείας
2614 4600 2899 4670 ἐνεργείας
2958 4600 3120 4668 εἶναι,
3177 4606 3447 4678 πολλαχοῦ
3487 4607 3591 4661 τῶν
3639 4598 3815 4671 λόγωνὀ

2293 4686 2684 4761 Χρυσόστομος
2714 4693 3081 4761 ἀποφαίνεται
3141 4697 3334 4771 Πατήρ
3358 4718 3370 4730 -
3405 4698 3544 4771 αὕτη
3585 4689 3811 4764 τοιγαροῦν

2293 4779 2442 4833 ἔστιν
2475 4782 2507 4852 ἡ
2539 4782 2635 4835 καὶ
2665 4784 2819 4854 παρὰ
2845 4786 2955 4840 τῶν
2978 4788 3300 4858 ἠξιωμένων
3330 4792 3430 4861 τῆς
3466 4788 3710 4857 Θεουργοῦ
3746 4781 3812 4854 χά·

2298 4889 2445 4945 ριτος
2475 4878 2837 4947 μετεχομένη.
2868 4881 3137 4934 Ἄκουσον
3159 4878 3252 4936 οὖν
3282 4883 3446 4937 αὑτοῦ
3472 4884 3630 4937 πάλιν
3654 4878 3729 4933 τοῦ
3746 4872 3809 4945 τὴν

2292 4965 2541 5036 γλῶτταν
2595 4969 2824 5039 χρυσοῦ,
2863 4974 3241 5043 προδηλότατα
3295 4976 3635 5038 διδάσκοντος
3678 4966 3810 5040 ἀμφέ-

2290 5075 2459 5129 τεραο
2494 5059 2553 5111 τό
2582 5076 2638 5112 τε
2666 5060 2765 5132 τὴν
2804 5063 3111 5133 ἐνέργειαν,
3146 5067 3260 5121 ἀλλ’
3278 5058 3350 5122 ἑοὐ
3392 5069 3487 5139 τὴν
3527 5066 3697 5121 οὐσίαν
3713 5057 3813 5113 εἶναι

2290 5151 2390 5223 τὴν
2444 5152 2813 5225 μεριζομένην
2853 5158 3170 5228 ἀμερίστως
3216 5160 3310 5214 καὶ
3341 5159 3706 5231 μετεχομένην,
3733 5146 3814 5204 ἀλλ’

2286 5244 2414 5314 οὐχὶ
2440 5246 2542 5317 τὴν
2571 5247 2879 5316 ἀμέθεκτον
2918 5251 3129 5320 οὐσίαν,
3180 5251 3239 5318 ἐξ
3269 5248 3343 5326 ἧς.
3371 5257 3400 5326 ἡ
3461 5253 3575 5309 θεία
3620 5247 3816 5322 πρόεισιν

2290 5338 2562 5410 ζενέργεια·
2612 5340 2869 5412 προσθεὶς
2891 5343 2999 5415 γάρ
3032 5344 3094 5397 τὸ
3125 5346 3478 5415 εὖαγγελικδν
3504 5347 3681 5404 ἐκεῖνο,
3711 5335 3817 5390 «Ἐκ

2291 5431 2385 5486 τοῦ
2413 5433 2782 5504 πληρώματος
2825 5437 2990 5490 αὐτοῦ
3014 5438 3176 5508 ἡμεῖς
3210 5438 3409 5502 πάντες
3444 5436 3708 5505 ἐλάϐομεν.
3728 5448 3743 5479 ³
3771 5422 3815 5477 Ei

2292 5526 2402 5598 γὰρ
2428 5526 2522 5580 ἐπὶ
2556 5528 2649 5581 τοῦ
2683 5529 2881 5600 πυρὸς,
2916 5534 3103 5600 φησιν,
3145 5531 3272 5585 ἔνθα
3297 5532 3453 5586 οὗσία
3476 5531 3535 5583 τὸ
3573 5521 3812 5598 μεριζόμε·

2289 5638 2381 5676 νον
2400 5620 2495 5674 καὶ
2518 5621 2699 5691 σῶμα,
2721 5625 2816 5676 καὶ
2842 5610 3161 5697 μερίζομεν,
3191 5626 3283 5679 καὶ
3310 5626 3369 5679 οὐ
3392 5610 3676 5697 ’μερίζομεν
3694 5608 3812 5667 αὐτὸ,

2290 5714 2443 5786 πόσῳ
2477 5715 2678 5786 μᾶλλον
2716 5717 2809 5769 ἐπὶ
2839 5718 2939 5788 τῆς
2980 5719 3284 5789 ἐνεργείας.
3320 5718 3413 5773 καὶ
3437 5711 3699 5787 ἐνεργείας
3732 5701 3811 5770 τῆς

2289 5807 2348 5873 ἐξ
2379 5807 2674 5877 ἀσωμάτου
2707 5808 2929 5874 οὐσίας;
3352 5820 3397 5865 ,εξ
3434 5828 3461 5865 ,ς
3496 5830 3517 5863 ,τ
3546 5810 3653 5855 mit
3682 5796 3741 5843 is
