4020 6496
277 444 416 509 1197

1181 440 1449 500 CAPITA
1491 432 1846 504 PHYSICA,
1887 429 2409 498 THEOLOGICA.
2451 429 2612 490 ETC.

3402 430 3566 515 119s

334 543 460 618 ρια’.
501 546 620 600 Ἔτι
650 546 711 600 τό
752 563 896 610 τινος
949 548 1201 618 μετέχειν
1226 556 1348 604 κατ’
1397 549 1608 613 οὐσίαν,
1658 548 1844 620 κοινὴν

2021 547 2143 600 Hi.
2174 545 2417 616 Insuper,
2454 546 2598 618 quod
2631 545 2923 617 participat
2972 543 3176 618 aliquid
3238 551 3537 603 secundum

257 641 474 710 ἀνάγκη
507 639 649 709 μετὰ
680 639 772 693 τοῦ
814 641 1182 710 μετεχομένου
1203 640 1305 710 τὴν
1334 640 1525 696 οὐσίαν
1552 640 1718 711 ἔχειν,
1749 641 1845 694 καὶ

257 733 404 786 κατά
431 749 484 784 τι
510 732 610 802 τὴν
635 731 842 802 αὐτήν..
863 732 958 796 Τίς
988 728 1084 786 οῦν
1106 733 1226 786 ποτ’
1255 732 1458 804 ήκουσε
1516 731 1648 802 μίαν
1697 725 1842 786 εῖναι

261 823 359 877 τοῦ
385 823 522 877 Θεοῦ
580 824 673 876 καὶ
699 823 854 892 ἡμῶν
908 824 1049 878 κατά
1075 841 1127 878 τι
1159 825 1259 896 τὴν
1284 823 1514 888 οὐσίανς
1544 823 1640 878 καὶ
1670 824 1844 878 ταῦτα

265 917 362 970 τοῦ
397 917 637 984 μεγάλου
668 915 949 968 Βασιλείου
979 916 1230 984 λέγοντος
1257 933 1272 948 ·
1325 917 1391 970 Αἱ
1423 917 1523 988 μὲν
1568 916 1843 988 ἐνέργειαι

261 1008 359 1060 τοῦ
383 1007 520 1059 Θεοῦ
551 1006 687 1074 πρὸς
716 1008 861 1077 ἡμᾶς
891 1007 1328 1070 καταὸαίνουσιν,
1356 1008 1464 1078 ήδὲ
1487 1007 1647 1062 οὐσία
1679 1006 1844 1062 αὐτοῦ

269 1105 425 1170 μένει
454 1101 749 1170 ἀπρόσιτος
771 1115 785 1130 ⁶
817 1102 913 1154 καὶ⁹
937 1099 1032 1155 τοῦ
1064 1101 1210 1155 θείου
1231 1101 1484 1172 Μαξίμου
1507 1101 1810 1173 φάσκοντος
1828 1115 1844 1133 ⁸

261 1192 473 1256 Πάντα,
519 1191 619 1244 ὅσα
644 1193 671 1244 ὁ
691 1192 848 1254 Θεὸς,
881 1192 976 1244 καὶ
1002 1193 1031 1244 ὁ
1059 1192 1148 1245 διὰ
1170 1192 1270 1262 τῆς
1298 1192 1522 1264 χάριτος
1568 1191 1849 1265 τεθεωμέ-

251 1313 348 1360 νος
387 1293 562 1355 ἔσται,
598 1295 768 1364 χωρὶς
821 1293 922 1363 τῆς
952 1294 1074 1348 κατ’
1123 1295 1312 1348 οὐσίαν
1338 1313 1687 1370 ταυτοτητος.
1726 1303 1842 1357 Οὐκ

256 1391 369 1460 ἄρα
419 1387 521 1456 τῆς
553 1387 703 1450 θείας
753 1387 941 1450 οὐσίας
976 1385 1151 1440 ἔνεστι
1202 1387 1470 1462 μετέχειν,
1501 1391 1611 1445 οὐδ’
1646 1393 1844 1459 αὐτοὺς

257 1481 386 1542 τοὺς
417 1480 508 1534 διὰ
552 1480 652 1550 τῆς
684 1479 836 1543 θείας
896 1479 1119 1550 χάριτος
1163 1481 1575 1549 τεθεωμένουςο
1620 1485 1732 1556 Tr};
1787 1485 1842 1540 δὲ

258 1574 412 1634 θείας
438 1571 718 1641 ἐνεργείας
749 1570 926 1625 ἔνεστι
973 1571 1246 1642 μετέχειν.
1292 1574 1386 1636 Ei;
1417 1575 1575 1627 τοῦτο
1626 1578 1734 1648 γάρ
1775 1594 1842 1646 με

259 1666 422 1736 φέρει
451 1665 511 1717 τὸ
540 1666 758 1735 μέτριον
785 1664 1019 1719 ἐνταῦθα
1046 1666 1248 1734 φέγγος
1265 1667 1366 1736 τῆς
1397 1666 1674 1738 ἀληθείας,
1701 1668 1765 1722 λα
1775 1687 1844 1739 μ-

259 1759 510 1828 πρότητα
535 1756 670 1810 Θεοῦ
710 1757 840 1810 ἰδεῖν
884 1759 980 1810 καὶ
1015 1758 1226 1823 παθεῖν,
1285 1760 1452 1830 φησὶν
1503 1763 1532 1813 ὁ
1581 1761 1844 1828 Θεολόγος

255 1851 562 1922 Γρηγὸριος
589 1865 604 1883 ⁸
633 1850 727 1903 καὶ
767 1850 800 1918 ὴ
852 1849 1172 1920 λαμπρότης
1237 1851 1330 1903 τοῦ
1376 1850 1511 1904 Θεοῦ
1573 1852 1730 1922 ἡμῶν
1757 1854 1842 1923 ἐφ’

255 1943 409 2012 ἡμᾶς
435 1943 576 1994 κατὰ
604 1942 695 1993 τὸν
726 1940 1018 2009 ψαλμῳδὸν
1049 1942 1340 2012 προφήτην
1363 1958 1377 1972 ·
1411 1943 1505 1995 καὶ
1539 1943 1672 2013 μίαν
1701 1940 1846 1998 εἶναι

260 2033 359 2088 τοῦ
397 2032 533 2086 Θεοῦ
564 2035 660 2085 καλ⁵
701 2033 810 2084 τῶν
839 2032 1013 2099 ἁγίων
1074 2034 1175 2101 τὴν
1215 2033 1523 2103 ἐνέργειαν,
1559 2035 1590 2086 ὁ
1638 2035 1850 2101 τούτοις

257 2125 577 2195 ἐναρίθμιος
622 2123 874 2193 Μάξιμος
919 2124 1121 2193 γράφει
1158 2124 1477 2196 διαρρήδην,
1511 2127 1608 2179 καὶ
1665 2121 1846 2192 ζώσας

254 2219 476 2280 εἰκόνας
508 2212 653 2269 εἶναι
710 2215 935 2278 τούτους
957 2215 1234 2286 Χριστοῦ,
1291 2217 1388 2270 καὶ
1439 2217 1606 2271 ταυτὸ
1651 2218 1852 2289 μᾶλλον

255 2308 413 2379 αὐτῷ
440 2307 585 2362 κατά
619 2307 718 2378 τὴν
751 2307 933 2376 χάριν,
967 2306 1000 2372 ἦ
1031 2307 1387 2377 ἀφομοίωμα.

335 2403 460 2473 ριβ’.
505 2403 562 2457 ’0
617 2401 750 2464 Θεὸς
777 2400 940 2463 αὑτός
996 2399 1146 2453 ἐστιν
1193 2401 1252 2453 έν
1297 2399 1498 2470 ἐαυτῷ,
1540 2400 1652 2455 τῶν
1675 2401 1848 2472 τριῶν

258 2495 426 2548 θείων
473 2492 826 2547 ὕποστάσεων
884 2490 1149 2559 φυσικῶς,
1209 2492 1427 2559 ὁλικῶς,
1485 2493 1692 2557 ἀϊδίως,
1754 2494 1849 2546 καὶ

254 2586 688 2655 ἁνεκφοιτήτως,
723 2583 840 2654 ἃμα
861 2583 917 2636 δὲ
945 2584 1038 2636 καλ⁴
1067 2581 1344 2652 άφύρτως,
1380 2585 1476 2636 καὶ
1522 2583 1847 2653 ἁσυγχύτως

256 2675 538 2747 ἐχομένων
575 2674 844 2745 ἀλλήλων,
888 2675 982 2728 καὶ
1003 2674 1432 2745 περιχωρουσῶν
1483 2675 1562 2738 είς
1589 2675 1849 2744 ἀλλήλας,

251 2770 338 2832 ὡς
379 2770 505 2839 μίαν
552 2763 690 2820 εἴναι
724 2767 930 2820 τούτων
957 2767 1049 2819 καὶ
1085 2766 1185 2837 τήν
1210 2767 1517 2838 ἐνέργειαν.
1545 2767 1726 2838 Ὅπερ
1760 2749 1851 2821 ἐπ’

252 2859 476 2922 essm;
499 2858 564 2913 ἄν
609 2875 693 2921 τις
722 2856 875 2927 εὕροι
900 2856 1008 2910 τῶν
1049 2857 1308 2910 κτιστῶν.
1343 2857 1570 2928 (Ὁμοία
1610 2859 1708 2928 μὲν
1742 2859 1851 2928 γὰρ

252 2953 322 3004 ἐν
359 2952 472 3014 τοῖς
506 2950 849 3021 ὁμογενέσιν,
883 2949 998 3004 ἀλλ’
1047 2950 1285 3023 ἑκάστης
1315 2951 1675 3015 ὑποστάσεως
1728 2952 1850 3006 καθ’

253 3042 466 3113 ἑαυτὴν
499 3040 850 3113 ἐνεργούσης,
906 3041 1011 3094 ἰδία
1041 3043 1135 3095 καὶ
1161 3044 1195 3114 ή
1235 3042 1534 3112 ἐνέργεια.)
1589 3042 1704 3095 Οὐκ
1734 3041 1848 3112 ἔχει

249 3130 318 3183 δὲ
343 3127 513 3192 οὕτως
545 3131 642 3182 ἐπὶ
667 3129 776 3182 τῶν
803 3129 971 3199 τριῶν
997 3129 1224 3184 ἐκείνων
1275 3130 1439 3185 θείων
1471 3131 1573 3185 καὶ·
1606 3149 1850 3203 προσκυ-

1951 639 2266 705 essentiam,
2297 653 2648 694 communem
2697 639 2900 696 habere
2929 640 3090 696 debet
3143 655 3267 696 cum
3321 641 3542 711 partici-

1950 740 2079 800 pato
2131 731 2457 792 essentiam.
2512 741 2568 784 et
2626 731 3028 801 quodammodo
3073 733 3346 789 eamdem.
3408 732 3542 800 Quis

1952 833 2133 879 autem
2193 839 2432 894 unquam
2487 825 2697 880 audivit
2745 840 2907 880 uuam
2933 839 3056 881 esse
3108 826 3220 881 Dee
3269 834 3326 882 et
3381 827 3539 880 nobis

1949 916 2356 985 quodammodo
2409 919 2705 972 essentiam
2735 917 2906 973 Ycum
2946 919 3247 988 prmsertim
3309 933 3540 988 magnus

1949 1007 2094 1062 dicat
2128 1007 2359 1064 Basilius
2393 1023 2408 1063 :
2447 1027 2467 1061 ι
2500 1009 2858 1079 Operationes
2903 1011 3121 1078 quidem
3169 1008 3266 1066 Dei
3310 1012 3376 1064 ad
3442 1025 3539 1064 nes

1950 1099 2310 1166 descendunt,
2345 1101 2584 1157 essentia
2639 1116 2773 1158 vero
2801 1101 2920 1171 ejus
2947 1111 3132 1156 manet
3152 1103 3429 1158 inaccessa
3465 1121 3484 1154 ι
3522 1117 3537 1169 ;

1950 1201 2004 1246 et
2063 1192 2220 1247 divus
2277 1192 2587 1249 Maximus:
2627 1210 2646 1245 ι
2687 1191 2863 1248 Omne
2912 1194 3174 1263 quidquid
3232 1193 3397 1262 Deus,
3436 1195 3542 1249 erit

1950 1283 2064 1352 ipse
2083 1283 2260 1355 gratia
2290 1281 2579 1339 deiﬁcatus
2602 1291 2802 1353 praeter
2821 1285 3082 1340 essentia;
3109 1282 3476 1338 identitatem.
3517 1302 3534 1332 ι

1949 1375 2069 1431 Non
2123 1374 2291 1446 igitur
2340 1375 2580 1430 divinam
2619 1377 2915 1432 essentiam
2971 1377 3134 1430 datur
3188 1376 3538 1446 participare.

1949 1485 2017 1524 ne
2057 1470 2189 1538 ipsis
2218 1470 2434 1538 quidem
2483 1469 2667 1523 divina
2721 1469 2898 1539 gratia
2935 1469 3220 1524 deiﬁcatis.
3272 1468 3520 1523 Divinam

1949 1575 2076 1616 vero
2117 1562 2413 1616 essentiam
2451 1561 2581 1615 licet
2638 1563 3007 1632 participare:
3047 1579 3066 1612 ι
3113 1561 3179 1615 ad
3234 1561 3341 1616 hoc
3390 1562 3536 1616 enim

1949 1669 2035 1708 me
2057 1669 2202 1708 nunc
2229 1655 2378 1710 ducit
2408 1655 2654 1710 veritatis
2681 1655 2871 1723 jubar,
2899 1665 2954 1708 ut
2991 1654 3167 1710 lucem
3201 1654 3297 1709 Dei
3331 1655 3540 1708 videam

1950 1755 2004 1800 et
2050 1747 2317 1816 experiar,
2358 1749 2438 1802 ait
2485 1749 2784 1818 Gregorius
2818 1747 3149 1819 Tbeolegus,
3197 1765 3218 1800 ι
3249 1746 3314 1800 Et
3356 1746 3537 1800 lumen

1955 1838 2044 1892 Del
2079 1854 2245 1909 super
2280 1857 2400 1905 nos,
2438 1842 2590 1912 juxta
2637 1840 2984 1896 Psalmistam
3022 1841 3367 1911 prophetam.
3404 1855 3424 1890 ι
3469 1837 3538 1892 Ει

1955 1945 2116 1984 unam
2150 1946 2270 2008 esse
2289 1930 2385 1986 Dei
2413 1943 2464 1986 et
2495 1941 2810 1987 sanctorum
2837 1935 3227 2002 operationem,
3256 1930 3536 1986 ascribe"-

1955 2022 2064 2075 dus
2119 2023 2185 2075 ad
2225 2023 2325 2076 bes
2377 2020 2647 2076 Maximus
2695 2023 2909 2091 precise
2962 2021 3174 2087 scribit,
3202 2031 3256 2074 et
3288 2021 3388 2075 bes
3417 2035 3539 2075 esse

1951 2114 2104 2167 vivas
2133 2112 2394 2182 imagines
2418 2111 2647 2176 Christi,
2680 2123 2736 2167 et
2765 2113 2909 2168 idem
2950 2113 3132 2182 potius
3158 2126 3280 2166 cum
3317 2125 3384 2167 eo
3417 2124 3540 2166 esse

1954 2220 2050 2274 per
2077 2207 2266 2277 gratiae
2301 2205 2778 2262 assimilatienem.

2027 2381 2150 2435 112.
2180 2381 2321 2438 Deus
2355 2391 2436 2437 est
2471 2382 2603 2452 iipse
2648 2383 2705 2437 in
2756 2382 2954 2451 seipse,
2990 2381 3116 2451 quia
3151 2391 3264 2436 tres
3295 2395 3542 2452 personae

1954 2489 2230 2543 nunquam
2265 2489 2294 2527 a
2327 2489 2389 2528 se
2421 2474 2654 2528 invicem
2688 2483 2978 2540 exeuntes,
3023 2473 3349 2529 naturaliter
3401 2474 3540 2528 inte-

1953 2582 2046 2639 gre
2091 2577 2147 2623 et
2193 2577 2418 2633 aeterne,
2462 2567 2580 2622 sine
2633 2565 2737 2620 ulla
2801 2575 2983 2621 tamen
3036 2567 3424 2622 commistione
3476 2583 3538 2621 ae

1953 2660 2270 2716 confusione
2297 2675 2356 2714 se
2396 2659 2627 2715 invicem
2671 2669 3103 2729 cempenetrant,
3137 2661 3211 2714 ita
3263 2669 3322 2714 ut
3371 2676 3533 2714 unam

1955 2753 2190 2808 habeant
2228 2755 2618 2823 operationem.
2667 2741 2837 2818 Quod.
2879 2754 2933 2806 in
2971 2753 3116 2807 nulla
3153 2763 3534 2808 creaturarum

1955 2847 2192 2916 reperiri
2212 2855 2411 2916 potest.
2430 2843 2565 2898 Nam
2589 2845 2784 2900 similis
2802 2845 3019 2915 quidem
3043 2845 3097 2900 in
3121 2849 3537 2917 cengeneribus,

1955 2949 2010 2994 at
2057 2941 2184 3008 quia
2234 2953 2514 3008 unumque
2569 2938 2908 3008 suppositum
2947 2953 3102 2993 more
3151 2939 3251 2993 sibi
3299 2954 3542 3010 congrue

1957 3031 2088 3101 agit,
2113 3031 2332 3103 propria
2369 3030 2533 3086 simul
2584 3033 2726 3086 inest
2772 3031 3040 3101 operatio.
3071 3030 3187 3087 Non
3227 3033 3355 3085 item
3409 3047 3542 3086 vero

1957 3123 2026 3178 de
2060 3125 2238 3179 tribus
2291 3123 2398 3179 illis
2463 3122 2665 3178 divinis
2724 3123 3134 3192 aderandisque
3173 3126 3448 3193 personis,
3487 3123 3538 3176 in

254 3216 441 3288 νητῶν
475 3217 849 3272 ύποστάσεωψ
885 3216 960 3280 ὡς
1010 3217 1226 3288 άληθῶς
1255 3219 1365 3290 γὰρ
1398 3219 1497 3289 μία
1549 3221 1666 3274 ἐκεῖ
1695 3219 1790 3274 καὶ
1818 3221 1850 3290 ἡ

1962 3218 2158 3288 quibus
2187 3233 2290 3272 una
2329 3227 2384 3273 et
2419 3220 2608 3273 eadem
2656 3218 2902 3286 operatio
2932 3226 3054 3272 est:
3093 3232 3235 3272 unus
3275 3218 3421 3272 enim
3457 3225 3541 3271 est

254 3310 403 3378 αὐτή
434 3310 549 3362 ἐστι
583 3325 597 3339 ·
633 3308 732 3379 μία
755 3309 864 3381 γάρ
894 3310 1043 3380 ήτοῦ
1067 3309 1216 3364 θείου
1246 3310 1588 3383 βουλήματος
1614 3313 1851 3384 κίνησις,

255 3408 327 3456 ἐκ
357 3400 802 3472 προκαταρτικοῦ
839 3401 1016 3456 αίτίου
1039 3402 1132 3456 τοῦ
1167 3403 1381 3474 [ἰατρὸς
1411 3404 1734 3474 ὁρμωμένη,
1758 3403 1854 3457 καὶ

253 3494 351 3550 διὰ
393 3493 487 3546 τοῦ
523 3493 655 3546 Υἱοῦ
711 3493 996 3564 προϊοῦσα,
1028 3494 1121 3546 καὶ
1153 3495 1211 3546 ὲν
1266 3493 1344 3564 τῷ
1398 3494 1538 3564 ἁγίῳ
1575 3495 1852 3564 Πνεύματι

261 3586 700 3656 προφαινομένη.
732 3587 841 3638 Καὶ
874 3584 1030 3637 τοῦτο
1058 3585 1217 3654 δῆλον
1245 3587 1307 3638 ἐκ
1331 3585 1439 3640 τῶν
1473 3585 1852 3654 ἀποτελεσμά-

258 3699 375 3735 των
392 3697 407 3712 ο
432 3679 680 3734 ἐντεῦθεν
705 3679 814 3750 γὰρ
841 3681 990 3732 πᾶσα
1017 3678 1223 3748 φυσικὴ
1246 3679 1499 3748 ἐνέργεια
1530 3676 1853 3731 καθίσταται

259 3770 572 3842 γνώριμος.
601 3771 712 3825 Καὶ
734 3772 915 3824 τοίνυν
942 3772 1038 3841 οὐχ
1069 3770 1260 3842 ὥσπερ
1282 3770 1444 3840 ὁμοία
1478 3770 1598 3841 μὲν,
1631 3770 1765 3840 άλλη
1795 3769 1853 3822 δὲ

257 3867 398 3938 παρ’
422 3868 588 3936 ἄλλης
603 3865 868 3936 χελιδόνος
890 3863 1192 3918 ὲκτελεῖται
1219 3862 1383 3918 καλιά
1400 3879 1413 3892 ·
1439 3863 1534 3916 καὶ
1555 3862 1692 3930 ἄλλη
1717 3863 1849 3932 παρ’

258 3957 430 4014 ἄλλου
465 3956 723 4028 γραφέως
748 3955 1167 4028 καταγράφεται
1197 3954 1365 4024 σελὶς,
1404 3953 1506 4006 κᾶν
1527 3955 1591 4006 ἐκ
1619 3954 1728 4007 τῶν
1759 3953 1850 4004 αὐ-

257 4051 378 4105 τῶν
407 4049 687 4120 στοιχείων
726 4047 782 4123 ᾖ,
839 4047 982 4102 οὕτω
1011 4049 1106 4102 καὶ
1152 4049 1244 4100 ἐπὶ
1284 4047 1517 4117 Πατρδς,
1557 4046 1653 4098 καὶ
1695 4045 1848 4108 Υίοῦ,

260 4142 364 4198 καὶ
407 4142 568 4209 ἁγίου
619 4140 954 4209 Πνεύματος,
1003 4139 1133 4192 ἴδιον
1169 4138 1518 4207 ἀποτέλεσμα
1547 4136 1678 4206 παρ’
1719 4135 1851 4190 ἐκά-

260 4251 403 4305 στης
429 4234 624 4304 ὁρᾶται
657 4233 766 4286 τῶν
813 4231 1165 4285 ὑποστάσεων
1191 4246 1204 4259 ·
1233 4229 1370 4285 άλλά
1399 4229 1550 4284 πᾶσα
1575 4229 1608 4298 ἡ
1654 4227 1852 4291 κτίσις,

259 4328 378 4383 τῶν
411 4327 576 4396 τριῶν
599 4327 745 4379 ἐστιν
774 4325 934 4395 ἔργον
971 4323 1050 4376 ἐν.
1079 4323 1190 4377 Καὶ
1214 4322 1322 4374 ἀπὸ
1350 4320 1556 4393 ταύτης
1601 4321 1731 4388 μίαν
1759 4321 1856 4373 καὶ

262 4418 442 4486 αὐτὴν
473 4417 580 4471 τῶν
613 4417 777 4487 τριῶν
809 4413 1200 4485 προσκυνητῶν
1247 4413 1577 4482 προσώπων,
1605 4411 1722 4465 ἀλλ’
1754 4411 1855 4464 οὐκ

265 4509 722 4578 ἀποτεταγμένην
770 4507 986 4577 ἑκάστῳ
1037 4506 1134 4558 καὶ
1191 4504 1382 4575 ὁμοίαν
1416 4505 1557 4557 νοεῖν
1611 4501 1717 4557 ὑπὸ
1745 4500 1855 4555 τῶν

266 4600 533 4672 Πατέρων
565 4599 897 4671 μεμυήμεθα
931 4600 1029 4670 τὴν
1053 4598 1202 4652 θείαν
1232 4598 1550 4669 ἐνέργειαν..

343 4700 470 4765 ριγ’.
509 4694 663 4747 Ἐπεὶ
685 4695 742 4746 ἐν
769 4692 1017 4762 ἀλλήλοις
1038 4690 1358 4761 ἀσυγχύτως
1387 4707 1447 4742 τε
1475 4699 1570 4742 καὶ
1600 4689 1855 4758 ἀφύρτως

261 4790 293 4839 ὁ
333 4783 524 4854 Πατὴρ
550 4783 644 4837 καὶ
671 4783 700 4835 ὁ
723 4782 848 4844 Υἱδς
889 4782 983 4834 καὶ
1036 4781 1097 4834 τὸ
1132 4781 1355 4849 Πνεῦμα
1405 4779 1466 4833 τὸ
1505 4777 1664 4846 ἅγιόν
1693 4779 1853 4842 εἰσιν,

262 4877 396 4932 ὅθεν
436 4874 594 4944 ἴσμεν
618 4874 748 4944 μίαν
773 4868 912 4926 εἶναι
959 4871 1166 4926 τούτων
1201 4871 1468 4942 exp-.66);
1497 4871 1597 4940 τὴν
1643 4869 1856 4931 κίνησιν

263 4969 372 5025 καὶ
395 4967 493 5038 τὴν
533 4967 837 5036 ἐνέργειαν,
874 4966 940 5035 ἢν
975 4963 1092 5033 ἔχει
1117 4965 1146 5016 ὁ
1183 4964 1368 5032 Πατὴρ
1407 4965 1464 5016 ἐν
1502 4960 1680 5031 ἑαυτῷ
1711 4960 1856 5031 ζωὴν

265 5061 304 5132 ἢ
339 5058 591 5128 δύναμιν,
629 5057 726 5127 οὐχ
759 5054 946 5127 ἕτερόν
985 5055 1101 5106 ἐστι
1156 5053 1304 5122 παρὰ
1338 5053 1428 5104 τὸν
1458 5052 1608 5116 Υἱὸν,
1641 5051 1718 5114 ὡς
1758 5049 1856 5120 τὴν

264 5150 447 5220 αὐτὴν
481 5151 674 5220 ἐκείνῳ
733 5149 827 5201 καὶ
864 5145 1010 5216 ζωὴν
1070 5145 1164 5198 καὶ
1190 5144 1422 5214 δύναμιν
1459 5143 1674 5213 ἔχοντα,
1715 5141 1857 5195 οὕτω

267 5246 342 5314 δὴ
371 5243 464 5296 καὶ
492 5243 520 5294 ὁ
541 5242 690 5306 Υἱὸς,
713 5240 806 5295 καὶ
856 5240 918 5293 τὸ
950 5237 1174 5324 Πνρῦμα
1216 5237 1278 5290 τὸ
1317 5235 1495 5305 ἅγιον.
1525 5237 1588 5289 Οἱ
1613 5235 1671 5288 δὲ
1704 5235 1856 5305 νομί-

273 5337 466 5402 ζοντες
492 5334 659 5405 μηδὲν
693 5333 972 5403 διαφέρειν
1018 5331 1114 5401 τῆς
1154 5329 1304 5393 θείας
1325 5328 1515 5393 οὐσίας
1561 5329 1662 5398 τὴν
1709 5327 1857 5382 θείαν

275 5429 586 5499 ἐνέργειαν,
619 5428 916 5498 ἐπειδήπερ
944 5426 1045 5478 οὐκ
1093 5423 1272 5489 ἄλλος,
1314 5421 1432 5478 ἀλλ’
1459 5421 1620 5487 αὐτός
1653 5421 1856 5476 same

274 5522 415 5583 Θεὸς
451 5521 484 5589 ή
508 5521 622 5590 ζωὴ
653 5519 830 5589 ἡμῶν,
861 5518 956 5571 καὶ
1007 5517 1167 5579 αὐτός
1215 5516 1364 5568 ἐστιν
1398 5517 1427 5567 ὁ
1459 5515 1532 5584 μὴ
1572 5515 1708 5584 πρὸς
1740 5513 1859 5568 ’ἐτε-

277 5631 400 5684 ρον,
454 5613 591 5667 ἀλλὰ
618 5612 740 5666 καθ’
787 5611 979 5664 ἑαυτὸν
1031 5608 1360 5680 προαιώνιος
1408 5607 1522 5678 ζωὴ
1573 5607 1858 5678 ὑπάρχων,

276 5706 565 5769 δυσσεϐεῖς
596 5705 656 5758 τέ
698 5707 804 5758 είσι
845 5704 941 5757 καὶ
979 5702 1252 5774 ἀμαθεῖς·
1302 5700 1538 5772 ἀμαθεῖς
1568 5699 1689 5769 μὲν,
1736 5701 1861 5754 ἐπεὶ

282 5796 455 5866 μήπω
505 5795 882 5865 ἐδιδάχθησαν,
927 5793 1009 5845 ὅτι
1063 5794 1219 5862 καὶὴ
1273 5791 1532 5845 ἀνωτάτω
1563 5791 1734 5860 Τριὰς
1763 5794 1860 5862 οὐχ

275 5886 497 5955 ἕτερος,
530 5887 642 5939 ἀλλ’
669 5885 830 5948 αὑτός
853 5888 997 5938 ἐστιν
1033 5886 1060 5936 ὁ
1092 5883 1244 5947 Θεὸς,
1282 5884 1375 5937 καὶ
1401 5883 1556 5937 οὐδὲν
1580 5884 1860 5951 ἐμποδίζει

1891 4586 1938 4645 D

1957 3311 2154 3364 divinae
2180 3310 2471 3364 voluntatis
2503 3320 2714 3376 motus,
2744 3324 2774 3362 a
2803 3309 3064 3378 primario
3091 3311 3357 3379 principio
3383 3309 3542 3366 Patre

1955 3404 2246 3468 excitatus,
2275 3411 2329 3458 et
2382 3417 2476 3471 per
2535 3403 2728 3457 Filium
2783 3403 3107 3470 procedens,
3141 3411 3196 3457 et
3235 3403 3286 3456 in
3335 3403 3538 3469 Spiritu

1955 3504 2146 3550 sancte
2198 3493 2604 3549 manifestatus.
2659 3493 2725 3547 Et
2779 3493 2885 3548 hoc
2949 3504 3096 3563 patet
3146 3510 3210 3548 ex
3259 3497 3537 3565 operibus,

1955 3590 2150 3644 exinde
2181 3588 2324 3642 enim
2362 3589 2542 3642 omnis
2567 3587 2833 3642 naturalis
2863 3587 3110 3658 operatio
3138 3590 3191 3642 tit
3222 3601 3368 3642 nota.
3401 3590 3538 3659 Ergo

1958 3695 2060 3734 non
2093 3681 2230 3734 sicut
2265 3680 2460 3735 similis
2487 3680 2728 3748 quidem,
2763 3679 2859 3734 sed
2904 3679 3045 3734 alius
3079 3680 3147 3735 ab
3195 3682 3300 3733 alia
3343 3682 3536 3735 hirun‘

1957 3774 2080 3829 diue
2110 3775 2392 3830 coniicitur
2421 3776 2603 3838 nidus,
2630 3788 2730 3828 nec
2774 3773 2920 3829 sicut
2953 3773 3059 3827 alia
3102 3776 3168 3828 ab
3199 3774 3306 3828 alio
3356 3776 3536 3830 scriba

1958 3865 2286 3922 describitur
2315 3866 2531 3936 pagina,
2570 3864 2786 3919 etiamsi
2839 3879 2904 3919 ex
2951 3864 3146 3919 iisdem
3179 3865 3374 3921 litteris
3409 3881 3540 3920 cen-

1958 3966 2080 4022 stet,
2115 3958 2188 4011 ita
2222 3969 2277 4013 et
2307 3958 2358 4011 in
2387 3958 2549 4022 Patre
2576 3966 2628 4012 et
2653 3955 2791 4011 Filio
2823 3965 2877 4012 et
2911 3955 3118 4028 Spiritu
3170 3967 3363 4012 sancto
3413 3974 3540 4027 pro-

1959 4049 2134 4118 prium
2170 4065 2304 4118 opus
2333 4049 2400 4104 ab
2439 4063 2760 4120 unaquaque
2783 4049 2842 4103 iit
2873 4063 3124 4117 persona,
3157 4051 3250 4104 sed
3281 4051 3537 4107 universa

1957 4141 2162 4198 creatio
2195 4143 2358 4196 trium
2392 4151 2475 4197 est
2527 4156 2667 4211 epus
2717 4157 2904 4196 unum.
2954 4141 3023 4196 Et
3067 4141 3262 4196 exinde
3291 4159 3453 4197 unam
3487 4155 3540 4199 et

1958 4232 2204 4285 eamdem
2237 4231 2414 4286 tribus
2441 4232 2735 4287 aderandis
2761 4232 3031 4300 personis,
3049 4243 3106 4287 et
3127 4247 3234 4288 non
3266 4236 3536 4303 propriam

1960 4323 2158 4390 cuique
2207 4333 2262 4377 et
2313 4324 2546 4378 similem
2605 4325 2852 4381 tribuere
2883 4341 2909 4379 a
2951 4325 3204 4380 Patribtts
3249 4326 3539 4384 didicimus

1961 4415 2200 4469 divinam
2235 4416 2630 4484 operationem.

2041 4687 2164 4742 115.
2185 4689 2317 4754 Quia
2353 4690 2404 4742 in
2441 4707 2498 4744 se
2529 4689 2760 4745 Invicem
2787 4691 2905 4746 siue
2953 4689 3272 4747 confusione
3301 4707 3365 4748 ac
3395 4709 3543 4748 cem-

1966 4779 2218 4834 mistione
2233 4778 2408 4841 Pater
2434 4790 2490 4833 et
2519 4778 2692 4835 Filius
2729 4787 2786 4834 et
2823 4779 3059 4850 Spiritus
3091 4791 3312 4835 sanctus
3360 4786 3546 4838 coexi-

1965 4881 2136 4938 stunt,
2169 4873 2312 4926 unde
2343 4872 2550 4927 scimus
2589 4887 2750 4926 unam
2778 4886 2902 4927 esse
2945 4873 3138 4926 herum
3169 4873 3412 4941 proiecto
3453 4890 3544 4928 ac-

1968 4964 2170 5019 tionem
2197 4975 2252 5019 ct
2282 4965 2656 5034 operationem
2683 4981 2698 5019 :
2739 4964 2860 5019 ideo
2890 4979 3054 5034 quam
3087 4964 3254 5020 habet
3296 4965 3458 5020 Pater
3492 4968 3542 5020 in

1965 5059 2145 5128 seipse
2173 5059 2340 5112 vitam
2375 5067 2466 5113 aut
2499 5059 2815 5126 potentiam,
2853 5059 2969 5113 haec
3002 5072 3110 5112 non
3143 5058 3248 5113 alia
3289 5068 3374 5114 est
3402 5061 3543 5129 apud

1965 5149 2186 5216 Filium,
2219 5150 2423 5222 quippe
2451 5151 2542 5218 qui
2575 5152 2822 5204 eamdem
2869 5165 2932 5204 ac
2963 5150 3055 5206 ille
3103 5151 3264 5206 habet
3293 5153 3458 5206 vitam
3489 5160 3545 5206 et

1967 5240 2306 5309 potentiam;
2343 5248 2400 5292 ut
2449 5248 2632 5294 autem
2672 5239 2861 5303 Filius,
2893 5241 2972 5297 sic
3025 5251 3081 5297 et
3130 5243 3365 5312 Spiritus
3416 5259 3545 5297 san-

1967 5345 2109 5390 ctus.
2135 5333 2238 5400 Qui
2273 5348 2406 5390 vero
2441 5334 2782 5389 arbitrantur
2813 5334 3038 5391 minime
3083 5334 3395 5389 distinctam
3426 5350 3547 5390 esse

1967 5440 1998 5479 a
2031 5426 2212 5481 divina
2263 5425 2500 5481 essentia
2547 5425 2789 5484 divinam
2840 5425 3231 5495 operationem,
3277 5424 3404 5493 quia
3440 5441 3544 5479 non

1966 5519 2128 5585 alius,
2153 5519 2246 5575 sed
2281 5519 2396 5589 ipse
2421 5526 2506 5573 est
2537 5516 2679 5574 Deus
2710 5519 2816 5573 vita
2847 5527 3054 5586 nostra,
3089 5524 3144 5570 et
3177 5516 3293 5586 ipse
3323 5531 3427 5570 non
3464 5532 3546 5570 re-

1966 5609 2130 5667 lative
2157 5611 2226 5666 ad
2257 5610 2430 5678 aliud,
2469 5610 2562 5666 sed
2611 5610 2665 5665 in
2713 5611 2893 5682 seipse
2939 5620 3146 5664 aeterna
3178 5609 3287 5664 vita
3326 5619 3429 5669 est.
3468 5608 3546 5663 illi

1967 5711 2096 5756 sunt
2123 5701 2272 5770 impii
2302 5709 2356 5756 et
2402 5703 2574 5771 ignari
2605 5718 2621 5760 :
2657 5701 2833 5772 ignari
2860 5700 3104 5770 quidem,
3132 5713 3256 5754 cum
3305 5700 3544 5754 nendum

1966 5793 2256 5847 didicerint
2288 5808 2556 5849 summam
2604 5793 2922 5860 Trinitatem
2975 5807 3084 5848 non
3115 5793 3304 5855 alium,
3328 5792 3422 5848 sed
3468 5793 3547 5861 ip-

1968 5899 2088 5940 sum
2143 5900 2265 5942 esse
2325 5883 2517 5952 Deum,
2552 5901 2728 5956 neque
2783 5886 2834 5940 id
2886 5895 3070 5942 tamen
3113 5887 3371 5956 impedire
3416 5887 3546 5954 quin
