  <div class='ocr_page' id='page_1' title='image "/cluster/home/n/w/nwhite01/storage/ocr_20150623/150:no.1/coo.31924054870559/607.png"; bbox 0 0 4020 6470; ppageno 0'>
   <div class='ocr_carea' id='block_1_1' title="bbox 607 417 750 485">
    <p class='ocr_par' dir='ltr' id='par_1_1' title="bbox 607 417 750 485">
     <span class='ocr_line' id='line_1_1' title="bbox 607 417 750 485; baseline -0.028 0"><span class='ocrx_word' id='word_1_1' title='bbox 607 417 750 485; x_wconf 75' lang='grc'><strong>1199</strong></span> 
     </span>
    </p>
   </div>
   <div class='ocr_carea' id='block_1_2' title="bbox 1877 406 2640 474">
    <p class='ocr_par' dir='ltr' id='par_1_2' title="bbox 1877 406 2640 474">
     <span class='ocr_line' id='line_1_2' title="bbox 1877 406 2640 474; baseline 0.005 -4"><span class='ocrx_word' id='word_1_2' title='bbox 1877 406 2273 471; x_wconf 79' lang='lat' dir='ltr'><strong>GREGORII</strong></span> <span class='ocrx_word' id='word_1_3' title='bbox 2312 410 2640 474; x_wconf 70' lang='grc' dir='ltr'>ΡΑιΑΜιλΕ</span> 
     </span>
    </p>
   </div>
   <div class='ocr_carea' id='block_1_3' title="bbox 3697 421 3799 487">
    <p class='ocr_par' dir='ltr' id='par_1_3' title="bbox 3697 421 3799 487">
     <span class='ocr_line' id='line_1_3' title="bbox 3697 421 3799 487; baseline 0.01 -1"><span class='ocrx_word' id='word_1_4' title='bbox 3697 421 3799 487; x_wconf 74' lang='lat'><strong>1200</strong></span> 
     </span>
    </p>
   </div>
   <div class='ocr_carea' id='block_1_4' title="bbox 601 519 2196 604">
    <p class='ocr_par' dir='ltr' id='par_1_4' title="bbox 601 519 2190 593">
     <span class='ocr_line' id='line_1_4' title="bbox 601 519 2190 593; baseline -0.006 -7"><span class='ocrx_word' id='word_1_5' title='bbox 601 531 861 586; x_wconf 88' lang='lat' dir='ltr'><strong>distincta</strong></span> <span class='ocrx_word' id='word_1_6' title='bbox 916 527 988 581; x_wconf 88' lang='lat' dir='ltr'><strong>sit</strong></span> <span class='ocrx_word' id='word_1_7' title='bbox 1023 538 1053 580; x_wconf 88' lang='lat' dir='ltr'><strong>a</strong></span> <span class='ocrx_word' id='word_1_8' title='bbox 1090 521 1363 580; x_wconf 80' lang='lat' dir='ltr'><strong>Trinitate</strong></span> <span class='ocrx_word' id='word_1_9' title='bbox 1414 522 1645 590; x_wconf 78' lang='lat' dir='ltr'><strong>unitas;</strong></span> <span class='ocrx_word' id='word_1_10' title='bbox 1681 519 1831 593; x_wconf 88' lang='lat' dir='ltr'><strong>impii</strong></span> <span class='ocrx_word' id='word_1_11' title='bbox 1870 535 2023 589; x_wconf 83' lang='lat' dir='ltr'><strong>vero,</strong></span> <span class='ocrx_word' id='word_1_12' title='bbox 2063 522 2190 591; x_wconf 81' lang='lat' dir='ltr'><strong>quia</strong></span> 
     </span>
    </p>
   </div>
   <div class='ocr_carea' id='block_1_5' title="bbox 2295 519 3808 604">
    <p class='ocr_par' dir='ltr' id='par_1_5' title="bbox 2315 522 3808 604">
     <span class='ocr_line' id='line_1_5' title="bbox 2315 522 3808 604; baseline 0.008 -29"><span class='ocrx_word' id='word_1_13' title='bbox 2315 523 2454 595; x_wconf 79' lang='grc' dir='ltr'>πρὸς</span> <span class='ocrx_word' id='word_1_14' title='bbox 2507 523 2686 589; x_wconf 89' lang='grc' dir='ltr'>τοῦτο,</span> <span class='ocrx_word' id='word_1_15' title='bbox 2735 522 2873 594; x_wconf 78' lang='grc' dir='ltr'>πρὸς</span> <span class='ocrx_word' id='word_1_16' title='bbox 2930 524 2993 577; x_wconf 72' lang='grc' dir='ltr'><strong>τὺ</strong></span> <span class='ocrx_word' id='word_1_17' title='bbox 3033 523 3313 598; x_wconf 81' lang='grc' dir='ltr'><strong>διαφέρειν</strong></span> <span class='ocrx_word' id='word_1_18' title='bbox 3361 524 3460 596; x_wconf 85' lang='grc' dir='ltr'><strong>τῆς</strong></span> <span class='ocrx_word' id='word_1_19' title='bbox 3504 527 3701 599; x_wconf 77' lang='grc' dir='ltr'>Τριάδος</span> <span class='ocrx_word' id='word_1_20' title='bbox 3734 535 3808 604; x_wconf 82' lang='grc' dir='ltr'>τὴν</span> 
     </span>
    </p>
   </div>
   <div class='ocr_carea' id='block_1_6' title="bbox 601 616 2201 683">
    <p class='ocr_par' dir='ltr' id='par_1_6' title="bbox 601 616 2201 683">
     <span class='ocr_line' id='line_1_6' title="bbox 601 616 2201 683; baseline -0.009 -5"><span class='ocrx_word' id='word_1_21' title='bbox 601 625 865 678; x_wconf 81' lang='lat' dir='ltr'><strong>alterutra</strong></span> <span class='ocrx_word' id='word_1_22' title='bbox 902 619 1128 674; x_wconf 88' lang='lat' dir='ltr'><strong>alteram</strong></span> <span class='ocrx_word' id='word_1_23' title='bbox 1167 619 1456 673; x_wconf 87' lang='lat' dir='ltr'><strong>destruunt</strong></span> <span class='ocrx_word' id='word_1_24' title='bbox 1500 616 1795 670; x_wconf 79' lang='lat' dir='ltr'><strong>essentiam</strong></span> <span class='ocrx_word' id='word_1_25' title='bbox 1828 626 1885 670; x_wconf 89' lang='lat' dir='ltr'><strong>et</strong></span> <span class='ocrx_word' id='word_1_26' title='bbox 1915 617 2201 683; x_wconf 78' lang='lat' dir='ltr'><strong>operatio-</strong></span> 
     </span>
    </p>
   </div>
   <div class='ocr_carea' id='block_1_7' title="bbox 600 707 2198 781">
    <p class='ocr_par' dir='ltr' id='par_1_7' title="bbox 600 707 2198 781">
     <span class='ocr_line' id='line_1_7' title="bbox 600 707 2198 781; baseline -0.004 -13"><span class='ocrx_word' id='word_1_27' title='bbox 600 729 744 771; x_wconf 90' lang='lat' dir='ltr'><strong>nem.</strong></span> <span class='ocrx_word' id='word_1_28' title='bbox 778 713 912 767; x_wconf 85' lang='lat' dir='ltr'><strong>Nam</strong></span> <span class='ocrx_word' id='word_1_29' title='bbox 960 710 1103 781; x_wconf 88' lang='lat' dir='ltr'><strong>quod</strong></span> <span class='ocrx_word' id='word_1_30' title='bbox 1145 718 1229 765; x_wconf 86' lang='lat' dir='ltr'><strong>est</strong></span> <span class='ocrx_word' id='word_1_31' title='bbox 1264 709 1333 763; x_wconf 91' lang='lat' dir='ltr'><strong>ad</strong></span> <span class='ocrx_word' id='word_1_32' title='bbox 1380 707 1549 773; x_wconf 82' lang='lat' dir='ltr'><strong>aliud,</strong></span> <span class='ocrx_word' id='word_1_33' title='bbox 1593 722 1700 763; x_wconf 91' lang='lat' dir='ltr'><strong>non</strong></span> <span class='ocrx_word' id='word_1_34' title='bbox 1758 708 2066 764; x_wconf 72' lang='lat' dir='ltr'><strong>substantia</strong></span> <span class='ocrx_word' id='word_1_35' title='bbox 2094 725 2114 774; x_wconf 89' lang='lat'><strong><em>;</em></strong></span> <span class='ocrx_word' id='word_1_36' title='bbox 2139 716 2198 764; x_wconf 81' lang='lat' dir='ltr'><strong>et</strong></span> 
     </span>
    </p>
   </div>
   <div class='ocr_carea' id='block_1_8' title="bbox 596 793 2200 876">
    <p class='ocr_par' dir='ltr' id='par_1_8' title="bbox 596 793 2200 876">
     <span class='ocr_line' id='line_1_8' title="bbox 596 793 2200 876; baseline -0.004 -18"><span class='ocrx_word' id='word_1_37' title='bbox 596 805 744 876; x_wconf 85' lang='lat' dir='ltr'><strong>quod</strong></span> <span class='ocrx_word' id='word_1_38' title='bbox 767 793 840 857; x_wconf 72' lang='lat' dir='ltr'><strong>‘in</strong></span> <span class='ocrx_word' id='word_1_39' title='bbox 875 804 1056 872; x_wconf 82' lang='lat' dir='ltr'><strong>seipse</strong></span> <span class='ocrx_word' id='word_1_40' title='bbox 1081 801 1355 865; x_wconf 83' lang='lat' dir='ltr'><strong>subsistit,</strong></span> <span class='ocrx_word' id='word_1_41' title='bbox 1379 798 1449 855; x_wconf 92' lang='lat' dir='ltr'><strong>ad</strong></span> <span class='ocrx_word' id='word_1_42' title='bbox 1476 798 1623 854; x_wconf 84' lang='lat' dir='ltr'><strong>aliud</strong></span> <span class='ocrx_word' id='word_1_43' title='bbox 1662 811 1771 853; x_wconf 92' lang='lat' dir='ltr'><strong>non</strong></span> <span class='ocrx_word' id='word_1_44' title='bbox 1814 808 1920 855; x_wconf 86' lang='lat' dir='ltr'><strong>est.</strong></span> <span class='ocrx_word' id='word_1_45' title='bbox 1959 794 2020 852; x_wconf 82' lang='lat' dir='ltr'><strong>Si</strong></span> <span class='ocrx_word' id='word_1_46' title='bbox 2068 810 2200 869; x_wconf 78' lang='lat' dir='ltr'><strong>ergo</strong></span> 
     </span>
    </p>
   </div>
   <div class='ocr_carea' id='block_1_9' title="bbox 600 891 2197 959">
    <p class='ocr_par' dir='ltr' id='par_1_9' title="bbox 600 891 2197 959">
     <span class='ocr_line' id='line_1_9' title="bbox 600 891 2197 959; baseline -0.005 -6"><span class='ocrx_word' id='word_1_47' title='bbox 600 900 705 955; x_wconf 64' lang='lat' dir='ltr'><strong>ille</strong></span> <span class='ocrx_word' id='word_1_48' title='bbox 745 897 883 952; x_wconf 84' lang='lat' dir='ltr'><strong>nihil</strong></span> <span class='ocrx_word' id='word_1_49' title='bbox 932 912 961 951; x_wconf 89' lang='lat' dir='ltr'><strong>a</strong></span> <span class='ocrx_word' id='word_1_50' title='bbox 1000 909 1061 951; x_wconf 86' lang='lat' dir='ltr'><strong>se</strong></span> <span class='ocrx_word' id='word_1_51' title='bbox 1097 895 1329 950; x_wconf 83' lang='lat' dir='ltr'><strong>invicem</strong></span> <span class='ocrx_word' id='word_1_52' title='bbox 1384 892 1655 949; x_wconf 80' lang='lat' dir='ltr'><strong>distinctae</strong></span> <span class='ocrx_word' id='word_1_53' title='bbox 1683 893 1821 959; x_wconf 87' lang='lat' dir='ltr'><strong>sint,</strong></span> <span class='ocrx_word' id='word_1_54' title='bbox 1850 907 1910 947; x_wconf 88' lang='lat' dir='ltr'><strong>se</strong></span> <span class='ocrx_word' id='word_1_55' title='bbox 1960 891 2197 947; x_wconf 79' lang='lat' dir='ltr'><strong>invicem</strong></span> 
     </span>
    </p>
   </div>
   <div class='ocr_carea' id='block_1_10' title="bbox 598 984 2195 1062">
    <p class='ocr_par' dir='ltr' id='par_1_10' title="bbox 598 984 2195 1062">
     <span class='ocr_line' id='line_1_10' title="bbox 598 984 2195 1062; baseline -0.005 -16"><span class='ocrx_word' id='word_1_56' title='bbox 598 991 897 1062; x_wconf 88' lang='lat' dir='ltr'><strong>perimunt,</strong></span> <span class='ocrx_word' id='word_1_57' title='bbox 928 988 1015 1042; x_wconf 83' lang='lat' dir='ltr'><strong>vel</strong></span> <span class='ocrx_word' id='word_1_58' title='bbox 1055 988 1239 1059; x_wconf 82' lang='lat' dir='ltr'><strong>potius</strong></span> <span class='ocrx_word' id='word_1_59' title='bbox 1264 1000 1366 1042; x_wconf 82' lang='lat' dir='ltr'><strong>eos</strong></span> <span class='ocrx_word' id='word_1_60' title='bbox 1412 985 1507 1056; x_wconf 90' lang='lat' dir='ltr'><strong>qui</strong></span> <span class='ocrx_word' id='word_1_61' title='bbox 1556 994 1756 1053; x_wconf 79' lang='lat' dir='ltr'><strong>negant</strong></span> <span class='ocrx_word' id='word_1_62' title='bbox 1783 984 1929 1055; x_wconf 80' lang='lat' dir='ltr'><strong>ipsas</strong></span> <span class='ocrx_word' id='word_1_63' title='bbox 1957 997 2083 1040; x_wconf 81' lang='lat' dir='ltr'><strong>esse</strong></span> <span class='ocrx_word' id='word_1_64' title='bbox 2111 984 2195 1039; x_wconf 87' lang='lat' dir='ltr'><strong>di-</strong></span> 
     </span>
    </p>
   </div>
   <div class='ocr_carea' id='block_1_11' title="bbox 599 1078 1739 1152">
    <p class='ocr_par' dir='ltr' id='par_1_11' title="bbox 599 1078 1739 1152">
     <span class='ocr_line' id='line_1_11' title="bbox 599 1078 1739 1152; baseline -0.007 -13"><span class='ocrx_word' id='word_1_65' title='bbox 599 1085 854 1149; x_wconf 87' lang='lat' dir='ltr'><strong>stinctas,</strong></span> <span class='ocrx_word' id='word_1_66' title='bbox 879 1097 943 1136; x_wconf 73' lang='lat' dir='ltr'><strong>ex</strong></span> <span class='ocrx_word' id='word_1_67' title='bbox 976 1081 1188 1152; x_wconf 84' lang='lat' dir='ltr'><strong>piorum</strong></span> <span class='ocrx_word' id='word_1_68' title='bbox 1212 1092 1444 1135; x_wconf 72' lang='lat' dir='ltr'><strong>numero</strong></span> <span class='ocrx_word' id='word_1_69' title='bbox 1474 1078 1739 1133; x_wconf 77' lang='lat' dir='ltr'><strong>eximunt.</strong></span> 
     </span>
    </p>
   </div>
   <div class='ocr_carea' id='block_1_12' title="bbox 672 1257 2289 1323">
    <p class='ocr_par' dir='ltr' id='par_1_12' title="bbox 672 1257 2289 1323">
     <span class='ocr_line' id='line_1_12' title="bbox 672 1257 2289 1323; baseline -0.012 1"><span class='ocrx_word' id='word_1_70' title='bbox 672 1270 799 1323; x_wconf 67' lang='lat' dir='ltr'><strong>HL.</strong></span> <span class='ocrx_word' id='word_1_71' title='bbox 844 1267 917 1322; x_wconf 82' lang='lat' dir='ltr'><strong>At</strong></span> <span class='ocrx_word' id='word_1_72' title='bbox 954 1279 1057 1321; x_wconf 87' lang='lat' dir='ltr'><strong>nos</strong></span> <span class='ocrx_word' id='word_1_73' title='bbox 1099 1263 1299 1319; x_wconf 87' lang='lat' dir='ltr'><strong>Filium</strong></span> <span class='ocrx_word' id='word_1_74' title='bbox 1342 1261 1437 1316; x_wconf 85' lang='lat' dir='ltr'><strong>Dei</strong></span> <span class='ocrx_word' id='word_1_75' title='bbox 1486 1260 1814 1317; x_wconf 79' lang='lat' dir='ltr'><strong>conﬁtemur</strong></span> <span class='ocrx_word' id='word_1_76' title='bbox 1854 1272 1978 1315; x_wconf 83' lang='lat' dir='ltr'><strong>esse</strong></span> <span class='ocrx_word' id='word_1_77' title='bbox 2024 1257 2194 1314; x_wconf 75' lang='lat' dir='ltr'><strong>vitam</strong></span> <span class='ocrx_word' id='word_1_78' title='bbox 2286 1300 2289 1305; x_wconf 90' lang='lat'>.</span> 
     </span>
    </p>
   </div>
   <div class='ocr_carea' id='block_1_13' title="bbox 594 1352 2195 1427">
    <p class='ocr_par' dir='ltr' id='par_1_13' title="bbox 594 1352 2195 1427">
     <span class='ocr_line' id='line_1_13' title="bbox 594 1352 2195 1427; baseline -0.008 -11"><span class='ocrx_word' id='word_1_79' title='bbox 594 1368 866 1424; x_wconf 86' lang='lat' dir='ltr'><strong>nostram,</strong></span> <span class='ocrx_word' id='word_1_80' title='bbox 891 1366 1160 1427; x_wconf 77' lang='lat' dir='ltr'><strong>quatenus</strong></span> <span class='ocrx_word' id='word_1_81' title='bbox 1192 1369 1311 1409; x_wconf 84' lang='lat' dir='ltr'><strong>eam</strong></span> <span class='ocrx_word' id='word_1_82' title='bbox 1342 1352 1598 1417; x_wconf 75' lang='lat' dir='ltr'><strong>producit</strong></span> <span class='ocrx_word' id='word_1_83' title='bbox 1627 1360 1682 1406; x_wconf 91' lang='lat' dir='ltr'><strong>et</strong></span> <span class='ocrx_word' id='word_1_84' title='bbox 1708 1359 1997 1421; x_wconf 88' lang='lat' dir='ltr'><strong>operatur,</strong></span> <span class='ocrx_word' id='word_1_85' title='bbox 2041 1364 2195 1405; x_wconf 92' lang='lat' dir='ltr'><strong>eum-</strong></span> 
     </span>
    </p>
   </div>
   <div class='ocr_carea' id='block_1_14' title="bbox 591 1439 2201 1523">
    <p class='ocr_par' dir='ltr' id='par_1_14' title="bbox 591 1439 2201 1523">
     <span class='ocr_line' id='line_1_14' title="bbox 591 1439 2201 1523; baseline -0.004 -21"><span class='ocrx_word' id='word_1_86' title='bbox 591 1468 701 1523; x_wconf 78' lang='lat' dir='ltr'><strong>que</strong></span> <span class='ocrx_word' id='word_1_87' title='bbox 724 1464 856 1506; x_wconf 75' lang='lat' dir='ltr'><strong>esse</strong></span> <span class='ocrx_word' id='word_1_88' title='bbox 898 1450 956 1504; x_wconf 90' lang='lat' dir='ltr'><strong>in</strong></span> <span class='ocrx_word' id='word_1_89' title='bbox 988 1448 1170 1516; x_wconf 86' lang='lat' dir='ltr'><strong>seipso</strong></span> <span class='ocrx_word' id='word_1_90' title='bbox 1202 1448 1389 1511; x_wconf 87' lang='lat' dir='ltr'><strong>vitam,</strong></span> <span class='ocrx_word' id='word_1_91' title='bbox 1415 1454 1470 1499; x_wconf 90' lang='lat' dir='ltr'><strong>et</strong></span> <span class='ocrx_word' id='word_1_92' title='bbox 1513 1445 1761 1498; x_wconf 80' lang='lat' dir='ltr'><strong>absolute</strong></span> <span class='ocrx_word' id='word_1_93' title='bbox 1784 1458 1847 1499; x_wconf 90' lang='lat' dir='ltr'><strong>ac</strong></span> <span class='ocrx_word' id='word_1_94' title='bbox 1874 1439 2201 1511; x_wconf 74' lang='lat' dir='ltr'><strong>simpliciter</strong></span> 
     </span>
    </p>
   </div>
   <div class='ocr_carea' id='block_1_15' title="bbox 590 1533 2202 1615">
    <p class='ocr_par' dir='ltr' id='par_1_15' title="bbox 590 1533 2202 1615">
     <span class='ocr_line' id='line_1_15' title="bbox 590 1533 2202 1615; baseline -0.006 -19"><span class='ocrx_word' id='word_1_95' title='bbox 590 1556 819 1615; x_wconf 77' lang='lat' dir='ltr'><strong>prorsus</strong></span> <span class='ocrx_word' id='word_1_96' title='bbox 862 1550 919 1596; x_wconf 91' lang='lat' dir='ltr'><strong>et</strong></span> <span class='ocrx_word' id='word_1_97' title='bbox 954 1540 1196 1595; x_wconf 64' lang='lat' dir='ltr'><strong>increase</strong></span> <span class='ocrx_word' id='word_1_98' title='bbox 1244 1540 1418 1607; x_wconf 84' lang='lat' dir='ltr'><strong>ipsum</strong></span> <span class='ocrx_word' id='word_1_99' title='bbox 1442 1549 1567 1591; x_wconf 83' lang='lat' dir='ltr'><strong>esse</strong></span> <span class='ocrx_word' id='word_1_100' title='bbox 1599 1545 1892 1604; x_wconf 86' lang='lat' dir='ltr'><strong>utrumque</strong></span> <span class='ocrx_word' id='word_1_101' title='bbox 1920 1534 2024 1588; x_wconf 79' lang='lat' dir='ltr'><strong>hoc</strong></span> <span class='ocrx_word' id='word_1_102' title='bbox 2063 1533 2202 1587; x_wconf 87' lang='lat' dir='ltr'><strong>dici-</strong></span> 
     </span>
    </p>
   </div>
   <div class='ocr_carea' id='block_1_16' title="bbox 594 1622 2202 1699">
    <p class='ocr_par' dir='ltr' id='par_1_16' title="bbox 594 1622 2202 1699">
     <span class='ocr_line' id='line_1_16' title="bbox 594 1622 2202 1699; baseline -0.006 -13"><span class='ocrx_word' id='word_1_103' title='bbox 594 1647 742 1695; x_wconf 86' lang='lat' dir='ltr'><strong>mus,</strong></span> <span class='ocrx_word' id='word_1_104' title='bbox 774 1632 1016 1699; x_wconf 86' lang='lat' dir='ltr'><strong>itemque</strong></span> <span class='ocrx_word' id='word_1_105' title='bbox 1055 1626 1273 1681; x_wconf 75' lang='lat' dir='ltr'><strong>Patrem</strong></span> <span class='ocrx_word' id='word_1_106' title='bbox 1318 1635 1377 1681; x_wconf 89' lang='lat' dir='ltr'><strong>et</strong></span> <span class='ocrx_word' id='word_1_107' title='bbox 1419 1622 1688 1693; x_wconf 86' lang='lat' dir='ltr'><strong>Spiritum</strong></span> <span class='ocrx_word' id='word_1_108' title='bbox 1745 1635 2020 1679; x_wconf 82' lang='lat' dir='ltr'><strong>sanctum.</strong></span> <span class='ocrx_word' id='word_1_109' title='bbox 2056 1622 2202 1691; x_wconf 84' lang='lat' dir='ltr'><strong>Ergo</strong></span> 
     </span>
    </p>
   </div>
   <div class='ocr_carea' id='block_1_17' title="bbox 596 1712 2203 1787">
    <p class='ocr_par' dir='ltr' id='par_1_17' title="bbox 596 1712 2203 1787">
     <span class='ocr_line' id='line_1_17' title="bbox 596 1712 2203 1787; baseline -0.007 -11"><span class='ocrx_word' id='word_1_110' title='bbox 596 1726 713 1777; x_wconf 66' lang='lat' dir='ltr'><strong>tunc</strong></span> <span class='ocrx_word' id='word_1_111' title='bbox 741 1724 853 1776; x_wconf 82' lang='lat' dir='ltr'><strong>vita</strong></span> <span class='ocrx_word' id='word_1_112' title='bbox 880 1728 1088 1784; x_wconf 87' lang='lat' dir='ltr'><strong>nostra,</strong></span> <span class='ocrx_word' id='word_1_113' title='bbox 1112 1732 1220 1787; x_wconf 89' lang='lat' dir='ltr'><strong>qua</strong></span> <span class='ocrx_word' id='word_1_114' title='bbox 1251 1714 1397 1771; x_wconf 77' lang='lat' dir='ltr'><strong>velut</strong></span> <span class='ocrx_word' id='word_1_115' title='bbox 1426 1727 1591 1769; x_wconf 72' lang='lat' dir='ltr'><strong>causa</strong></span> <span class='ocrx_word' id='word_1_116' title='bbox 1624 1712 1923 1767; x_wconf 75' lang='lat' dir='ltr'><strong>viventium</strong></span> <span class='ocrx_word' id='word_1_117' title='bbox 1955 1713 2203 1765; x_wconf 88' lang='lat' dir='ltr'><strong>vivilica-</strong></span> 
     </span>
    </p>
   </div>
   <div class='ocr_carea' id='block_1_18' title="bbox 596 1804 2187 1880">
    <p class='ocr_par' dir='ltr' id='par_1_18' title="bbox 596 1804 2187 1880">
     <span class='ocr_line' id='line_1_18' title="bbox 596 1804 2187 1880; baseline -0.006 -11"><span class='ocrx_word' id='word_1_118' title='bbox 596 1832 742 1880; x_wconf 85' lang='lat' dir='ltr'><strong>mur,</strong></span> <span class='ocrx_word' id='word_1_119' title='bbox 772 1813 905 1868; x_wconf 71' lang='lat' dir='ltr'><strong>nilnil</strong></span> <span class='ocrx_word' id='word_1_120' title='bbox 940 1812 1087 1866; x_wconf 82' lang='lat' dir='ltr'><strong>aliud</strong></span> <span class='ocrx_word' id='word_1_121' title='bbox 1130 1816 1397 1878; x_wconf 86' lang='lat' dir='ltr'><strong>estquam</strong></span> <span class='ocrx_word' id='word_1_122' title='bbox 1421 1808 1588 1861; x_wconf 87' lang='lat' dir='ltr'><strong>Pater</strong></span> <span class='ocrx_word' id='word_1_123' title='bbox 1604 1815 1658 1861; x_wconf 87' lang='lat' dir='ltr'><strong>et</strong></span> <span class='ocrx_word' id='word_1_124' title='bbox 1681 1804 1854 1860; x_wconf 83' lang='lat' dir='ltr'><strong>Filius</strong></span> <span class='ocrx_word' id='word_1_125' title='bbox 1876 1815 1930 1858; x_wconf 87' lang='lat' dir='ltr'><strong>et</strong></span> <span class='ocrx_word' id='word_1_126' title='bbox 1950 1804 2187 1872; x_wconf 81' lang='lat' dir='ltr'><strong>Spiritus</strong></span> 
     </span>
    </p>
   </div>
   <div class='ocr_carea' id='block_1_19' title="bbox 602 1886 2271 1970">
    <p class='ocr_par' dir='ltr' id='par_1_19' title="bbox 602 1886 2271 1970">
     <span class='ocr_line' id='line_1_19' title="bbox 602 1886 2271 1970; baseline -0.009 -7"><span class='ocrx_word' id='word_1_127' title='bbox 602 1919 851 1964; x_wconf 83' lang='lat' dir='ltr'><strong>sanctus.</strong></span> <span class='ocrx_word' id='word_1_128' title='bbox 899 1905 1037 1960; x_wconf 82' lang='lat' dir='ltr'><strong>Nam</strong></span> <span class='ocrx_word' id='word_1_129' title='bbox 1098 1903 1277 1957; x_wconf 83' lang='lat' dir='ltr'><strong>trinus</strong></span> <span class='ocrx_word' id='word_1_130' title='bbox 1327 1899 1579 1970; x_wconf 81' lang='lat' dir='ltr'><strong>personis</strong></span> <span class='ocrx_word' id='word_1_131' title='bbox 1642 1897 1787 1953; x_wconf 85' lang='lat' dir='ltr'><strong>Deus</strong></span> <span class='ocrx_word' id='word_1_132' title='bbox 1835 1896 1948 1951; x_wconf 90' lang='lat' dir='ltr'><strong>vita</strong></span> <span class='ocrx_word' id='word_1_133' title='bbox 2008 1904 2193 1954; x_wconf 79' lang='lat' dir='ltr'><strong>nostra</strong></span> <span class='ocrx_word' id='word_1_134' title='bbox 2225 1886 2271 1948; x_wconf 80' lang='grc' dir='ltr'><strong><em>Β</em></strong></span> 
     </span>
    </p>
   </div>
   <div class='ocr_carea' id='block_1_20' title="bbox 594 1989 2190 2067">
    <p class='ocr_par' dir='ltr' id='par_1_20' title="bbox 594 1989 2190 2067">
     <span class='ocr_line' id='line_1_20' title="bbox 594 1989 2190 2067; baseline -0.007 -14"><span class='ocrx_word' id='word_1_135' title='bbox 594 2002 819 2062; x_wconf 76' lang='lat' dir='ltr'><strong>dicitur,</strong></span> <span class='ocrx_word' id='word_1_136' title='bbox 842 1997 968 2067; x_wconf 74' lang='lat' dir='ltr'><strong>quia</strong></span> <span class='ocrx_word' id='word_1_137' title='bbox 1002 1995 1168 2066; x_wconf 75' lang='lat' dir='ltr'><strong>huius</strong></span> <span class='ocrx_word' id='word_1_138' title='bbox 1224 2006 1391 2048; x_wconf 81' lang='lat' dir='ltr'><strong>causa</strong></span> <span class='ocrx_word' id='word_1_139' title='bbox 1422 2001 1531 2057; x_wconf 88' lang='lat' dir='ltr'><strong>est,</strong></span> <span class='ocrx_word' id='word_1_140' title='bbox 1555 1989 1953 2061; x_wconf 71' lang='lat' dir='ltr'><strong>quamvis&#39;non</strong></span> <span class='ocrx_word' id='word_1_141' title='bbox 1992 2003 2190 2044; x_wconf 83' lang='lat' dir='ltr'><strong>causa—</strong></span> 
     </span>
    </p>
   </div>
   <div class='ocr_carea' id='block_1_21' title="bbox 592 2082 2195 2159">
    <p class='ocr_par' dir='ltr' id='par_1_21' title="bbox 592 2082 2195 2159">
     <span class='ocr_line' id='line_1_21' title="bbox 592 2082 2195 2159; baseline -0.007 -11"><span class='ocrx_word' id='word_1_142' title='bbox 592 2093 742 2159; x_wconf 85' lang='lat' dir='ltr'><strong>liter,</strong></span> <span class='ocrx_word' id='word_1_143' title='bbox 778 2107 882 2146; x_wconf 90' lang='lat' dir='ltr'><strong>nec</strong></span> <span class='ocrx_word' id='word_1_144' title='bbox 918 2089 1149 2144; x_wconf 82' lang='lat' dir='ltr'><strong>relative</strong></span> <span class='ocrx_word' id='word_1_145' title='bbox 1211 2085 1281 2140; x_wconf 88' lang='lat' dir='ltr'><strong>ad</strong></span> <span class='ocrx_word' id='word_1_146' title='bbox 1329 2085 1498 2151; x_wconf 79' lang='lat' dir='ltr'><strong>aliud,</strong></span> <span class='ocrx_word' id='word_1_147' title='bbox 1530 2085 1628 2139; x_wconf 85' lang='lat' dir='ltr'><strong>sed</strong></span> <span class='ocrx_word' id='word_1_148' title='bbox 1668 2082 1918 2137; x_wconf 85' lang='lat' dir='ltr'><strong>absolute</strong></span> <span class='ocrx_word' id='word_1_149' title='bbox 1945 2090 2001 2137; x_wconf 85' lang='lat' dir='ltr'><strong>et</strong></span> <span class='ocrx_word' id='word_1_150' title='bbox 2031 2082 2086 2136; x_wconf 92' lang='lat' dir='ltr'><strong>in</strong></span> <span class='ocrx_word' id='word_1_151' title='bbox 2111 2096 2195 2137; x_wconf 78' lang='lat' dir='ltr'><strong>se-</strong></span> 
     </span>
    </p>
   </div>
   <div class='ocr_carea' id='block_1_22' title="bbox 598 2176 2191 2257">
    <p class='ocr_par' dir='ltr' id='par_1_22' title="bbox 598 2176 2191 2257">
     <span class='ocr_line' id='line_1_22' title="bbox 598 2176 2191 2257; baseline -0.009 -15"><span class='ocrx_word' id='word_1_152' title='bbox 598 2187 715 2257; x_wconf 86' lang='lat' dir='ltr'><strong>ipsa</strong></span> <span class='ocrx_word' id='word_1_153' title='bbox 763 2184 1065 2240; x_wconf 83' lang='lat' dir='ltr'><strong>subsistens</strong></span> <span class='ocrx_word' id='word_1_154' title='bbox 1096 2198 1128 2235; x_wconf 89' lang='lat' dir='ltr'><strong>a</strong></span> <span class='ocrx_word' id='word_1_155' title='bbox 1164 2179 1429 2247; x_wconf 78' lang='lat' dir='ltr'><strong>theologis</strong></span> <span class='ocrx_word' id='word_1_156' title='bbox 1479 2176 1807 2246; x_wconf 59' lang='lat' dir='ltr'><strong>praedicetur</strong></span> <span class='ocrx_word' id='word_1_157' title='bbox 1851 2176 2034 2231; x_wconf 78' lang='lat' dir='ltr'><strong>divina</strong></span> <span class='ocrx_word' id='word_1_158' title='bbox 2059 2177 2191 2240; x_wconf 82' lang='lat' dir='ltr'><strong>vita,</strong></span> 
     </span>
    </p>
   </div>
   <div class='ocr_carea' id='block_1_23' title="bbox 599 2269 2189 2345">
    <p class='ocr_par' dir='ltr' id='par_1_23' title="bbox 599 2269 2189 2345">
     <span class='ocr_line' id='line_1_23' title="bbox 599 2269 2189 2345; baseline -0.008 -10"><span class='ocrx_word' id='word_1_159' title='bbox 599 2297 701 2335; x_wconf 89' lang='lat' dir='ltr'><strong>nec</strong></span> <span class='ocrx_word' id='word_1_160' title='bbox 729 2279 876 2331; x_wconf 86' lang='lat' dir='ltr'><strong>aliud</strong></span> <span class='ocrx_word' id='word_1_161' title='bbox 910 2277 982 2332; x_wconf 87' lang='lat' dir='ltr'><strong>sit</strong></span> <span class='ocrx_word' id='word_1_162' title='bbox 1015 2290 1179 2345; x_wconf 85' lang='lat' dir='ltr'><strong>quam</strong></span> <span class='ocrx_word' id='word_1_163' title='bbox 1215 2272 1374 2327; x_wconf 86' lang='lat' dir='ltr'><strong>Pater</strong></span> <span class='ocrx_word' id='word_1_164' title='bbox 1400 2280 1456 2327; x_wconf 88' lang='lat' dir='ltr'><strong>et</strong></span> <span class='ocrx_word' id='word_1_165' title='bbox 1500 2269 1674 2325; x_wconf 85' lang='lat' dir='ltr'><strong>Filius</strong></span> <span class='ocrx_word' id='word_1_166' title='bbox 1706 2279 1760 2323; x_wconf 91' lang='lat' dir='ltr'><strong>et</strong></span> <span class='ocrx_word' id='word_1_167' title='bbox 1791 2269 2030 2340; x_wconf 87' lang='lat' dir='ltr'><strong>Spiritus</strong></span> <span class='ocrx_word' id='word_1_168' title='bbox 2058 2282 2189 2323; x_wconf 80' lang='lat' dir='ltr'><strong>san-</strong></span> 
     </span>
    </p>
   </div>
   <div class='ocr_carea' id='block_1_24' title="bbox 587 2359 2189 2430">
    <p class='ocr_par' dir='ltr' id='par_1_24' title="bbox 587 2359 2189 2430">
     <span class='ocr_line' id='line_1_24' title="bbox 587 2359 2189 2430; baseline -0.007 -4"><span class='ocrx_word' id='word_1_169' title='bbox 587 2384 744 2427; x_wconf 64' lang='lat' dir='ltr'><strong>ctus.</strong></span> <span class='ocrx_word' id='word_1_170' title='bbox 784 2370 983 2425; x_wconf 72' lang='lat' dir='ltr'><strong>Verum</strong></span> <span class='ocrx_word' id='word_1_171' title='bbox 1042 2372 1156 2424; x_wconf 72' lang='lat' dir='ltr'><strong>lnec</strong></span> <span class='ocrx_word' id='word_1_172' title='bbox 1204 2365 1337 2420; x_wconf 90' lang='lat' dir='ltr'><strong>nulli</strong></span> <span class='ocrx_word' id='word_1_173' title='bbox 1374 2372 1501 2418; x_wconf 88' lang='lat' dir='ltr'><strong>sunt</strong></span> <span class='ocrx_word' id='word_1_174' title='bbox 1534 2362 1933 2430; x_wconf 88' lang='lat' dir='ltr'><strong>impedimento</strong></span> <span class='ocrx_word' id='word_1_175' title='bbox 1982 2362 2051 2417; x_wconf 86' lang='lat' dir='ltr'><strong>iis</strong></span> <span class='ocrx_word' id='word_1_176' title='bbox 2095 2359 2189 2430; x_wconf 88' lang='lat' dir='ltr'><strong>qui</strong></span> 
     </span>
    </p>
   </div>
   <div class='ocr_carea' id='block_1_25' title="bbox 588 2454 2193 2530">
    <p class='ocr_par' dir='ltr' id='par_1_25' title="bbox 588 2454 2193 2530">
     <span class='ocr_line' id='line_1_25' title="bbox 588 2454 2193 2530; baseline -0.007 -11"><span class='ocrx_word' id='word_1_177' title='bbox 588 2466 899 2519; x_wconf 84' lang='lat' dir='ltr'><strong>incrcatum</strong></span> <span class='ocrx_word' id='word_1_178' title='bbox 927 2476 1049 2516; x_wconf 84' lang='lat' dir='ltr'><strong>esse</strong></span> <span class='ocrx_word' id='word_1_179' title='bbox 1077 2466 1390 2530; x_wconf 84' lang='lat' dir='ltr'><strong>agnoscunt</strong></span> <span class='ocrx_word' id='word_1_180' title='bbox 1415 2458 1606 2522; x_wconf 83' lang='lat' dir='ltr'><strong>Deum,</strong></span> <span class='ocrx_word' id='word_1_181' title='bbox 1637 2455 1783 2510; x_wconf 82' lang='lat' dir='ltr'><strong>haud</strong></span> <span class='ocrx_word' id='word_1_182' title='bbox 1806 2454 1968 2510; x_wconf 89' lang='lat' dir='ltr'><strong>modo</strong></span> <span class='ocrx_word' id='word_1_183' title='bbox 1998 2468 2193 2509; x_wconf 87' lang='lat' dir='ltr'><strong>secun-</strong></span> 
     </span>
    </p>
   </div>
   <div class='ocr_carea' id='block_1_26' title="bbox 594 2550 2191 2623">
    <p class='ocr_par' dir='ltr' id='par_1_26' title="bbox 594 2550 2191 2623">
     <span class='ocr_line' id='line_1_26' title="bbox 594 2550 2191 2623; baseline -0.007 -12"><span class='ocrx_word' id='word_1_184' title='bbox 594 2562 724 2611; x_wconf 83' lang='lat' dir='ltr'><strong>dum</strong></span> <span class='ocrx_word' id='word_1_185' title='bbox 752 2558 1055 2611; x_wconf 79' lang='lat' dir='ltr'><strong>essentiam</strong></span> <span class='ocrx_word' id='word_1_186' title='bbox 1097 2562 1153 2607; x_wconf 88' lang='lat' dir='ltr'><strong>et</strong></span> <span class='ocrx_word' id='word_1_187' title='bbox 1201 2550 1609 2623; x_wconf 81' lang='lat' dir='ltr'><strong>personas.setl</strong></span> <span class='ocrx_word' id='word_1_188' title='bbox 1657 2557 1714 2604; x_wconf 91' lang='lat' dir='ltr'><strong>et</strong></span> <span class='ocrx_word' id='word_1_189' title='bbox 1757 2550 2064 2604; x_wconf 84' lang='lat' dir='ltr'><strong>secundum</strong></span> <span class='ocrx_word' id='word_1_190' title='bbox 2104 2561 2191 2601; x_wconf 82' lang='lat' dir='ltr'><strong>es-</strong></span> 
     </span>
    </p>
   </div>
   <div class='ocr_carea' id='block_1_27' title="bbox 592 2642 2191 2715">
    <p class='ocr_par' dir='ltr' id='par_1_27' title="bbox 592 2642 2191 2715">
     <span class='ocr_line' id='line_1_27' title="bbox 592 2642 2191 2715; baseline -0.006 -10"><span class='ocrx_word' id='word_1_191' title='bbox 592 2652 828 2705; x_wconf 80' lang='lat' dir='ltr'><strong>sentiam</strong></span> <span class='ocrx_word' id='word_1_192' title='bbox 867 2660 918 2702; x_wconf 90' lang='lat' dir='ltr'><strong>et</strong></span> <span class='ocrx_word' id='word_1_193' title='bbox 942 2660 1233 2715; x_wconf 84' lang='lat' dir='ltr'><strong>personas,</strong></span> <span class='ocrx_word' id='word_1_194' title='bbox 1266 2645 1363 2700; x_wconf 85' lang='lat' dir='ltr'><strong>sed</strong></span> <span class='ocrx_word' id='word_1_195' title='bbox 1396 2653 1453 2697; x_wconf 91' lang='lat' dir='ltr'><strong>et</strong></span> <span class='ocrx_word' id='word_1_196' title='bbox 1484 2642 1784 2698; x_wconf 87' lang='lat' dir='ltr'><strong>secundum</strong></span> <span class='ocrx_word' id='word_1_197' title='bbox 1844 2654 2191 2696; x_wconf 79' lang='lat' dir='ltr'><strong>communem</strong></span> 
     </span>
    </p>
   </div>
   <div class='ocr_carea' id='block_1_28' title="bbox 600 2734 2189 2807">
    <p class='ocr_par' dir='ltr' id='par_1_28' title="bbox 600 2734 2189 2807">
     <span class='ocr_line' id='line_1_28' title="bbox 600 2734 2189 2807; baseline -0.006 -10"><span class='ocrx_word' id='word_1_198' title='bbox 600 2744 775 2797; x_wconf 80' lang='lat' dir='ltr'><strong>tribus</strong></span> <span class='ocrx_word' id='word_1_199' title='bbox 819 2742 1060 2795; x_wconf 85' lang='lat' dir='ltr'><strong>divinam</strong></span> <span class='ocrx_word' id='word_1_200' title='bbox 1096 2738 1492 2807; x_wconf 82' lang='lat' dir='ltr'><strong>operationem.</strong></span> <span class='ocrx_word' id='word_1_201' title='bbox 1524 2735 1705 2791; x_wconf 85' lang='lat' dir='ltr'><strong>Unum</strong></span> <span class='ocrx_word' id='word_1_202' title='bbox 1740 2735 1887 2788; x_wconf 86' lang='lat' dir='ltr'><strong>enim</strong></span> <span class='ocrx_word' id='word_1_203' title='bbox 1928 2734 2098 2789; x_wconf 82' lang='lat' dir='ltr'><strong>Deum</strong></span> <span class='ocrx_word' id='word_1_204' title='bbox 2134 2734 2189 2788; x_wconf 84' lang='lat' dir='ltr'><strong>in</strong></span> 
     </span>
    </p>
   </div>
   <div class='ocr_carea' id='block_1_29' title="bbox 599 2827 2190 2901">
    <p class='ocr_par' dir='ltr' id='par_1_29' title="bbox 599 2827 2190 2901">
     <span class='ocr_line' id='line_1_29' title="bbox 599 2827 2190 2901; baseline -0.005 -13"><span class='ocrx_word' id='word_1_205' title='bbox 599 2839 777 2889; x_wconf 76' lang='lat' dir='ltr'><strong>tribus</strong></span> <span class='ocrx_word' id='word_1_206' title='bbox 804 2834 1050 2901; x_wconf 82' lang='lat' dir='ltr'><strong>personis</strong></span> <span class='ocrx_word' id='word_1_207' title='bbox 1094 2829 1446 2892; x_wconf 79' lang='lat' dir='ltr'><strong>conﬁtemur,</strong></span> <span class='ocrx_word' id='word_1_208' title='bbox 1468 2840 1632 2881; x_wconf 81' lang='lat' dir='ltr'><strong>unam</strong></span> <span class='ocrx_word' id='word_1_209' title='bbox 1669 2827 1958 2881; x_wconf 84' lang='lat' dir='ltr'><strong>habentem</strong></span> <span class='ocrx_word' id='word_1_210' title='bbox 1999 2840 2190 2881; x_wconf 84' lang='lat' dir='ltr'><strong>essen-</strong></span> 
     </span>
    </p>
   </div>
   <div class='ocr_carea' id='block_1_30' title="bbox 602 2917 2189 2994">
    <p class='ocr_par' dir='ltr' id='par_1_30' title="bbox 602 2917 2189 2994">
     <span class='ocr_line' id='line_1_30' title="bbox 602 2917 2189 2994; baseline -0.006 -14"><span class='ocrx_word' id='word_1_211' title='bbox 602 2932 754 2990; x_wconf 83' lang='lat' dir='ltr'><strong>tiam,</strong></span> <span class='ocrx_word' id='word_1_212' title='bbox 785 2936 836 2978; x_wconf 88' lang='lat' dir='ltr'><strong>et</strong></span> <span class='ocrx_word' id='word_1_213' title='bbox 874 2925 1195 2994; x_wconf 79' lang='lat' dir='ltr'><strong>potentiam,</strong></span> <span class='ocrx_word' id='word_1_214' title='bbox 1243 2930 1301 2974; x_wconf 91' lang='lat' dir='ltr'><strong>et</strong></span> <span class='ocrx_word' id='word_1_215' title='bbox 1358 2920 1761 2988; x_wconf 82' lang='lat' dir='ltr'><strong>operationem,</strong></span> <span class='ocrx_word' id='word_1_216' title='bbox 1803 2926 1861 2973; x_wconf 86' lang='lat' dir='ltr'><strong>et</strong></span> <span class='ocrx_word' id='word_1_217' title='bbox 1916 2917 2189 2987; x_wconf 75' lang='lat' dir='ltr'><strong>quaslibet</strong></span> 
     </span>
    </p>
   </div>
   <div class='ocr_carea' id='block_1_31' title="bbox 600 3011 2188 3084">
    <p class='ocr_par' dir='ltr' id='par_1_31' title="bbox 600 3011 2188 3084">
     <span class='ocr_line' id='line_1_31' title="bbox 600 3011 2188 3084; baseline -0.005 -11"><span class='ocrx_word' id='word_1_218' title='bbox 600 3020 735 3074; x_wconf 74' lang='lat' dir='ltr'><strong>alias</strong></span> <span class='ocrx_word' id='word_1_219' title='bbox 793 3018 1044 3071; x_wconf 74' lang='lat' dir='ltr'><strong>essentia:</strong></span> <span class='ocrx_word' id='word_1_220' title='bbox 1092 3015 1480 3084; x_wconf 80' lang='lat' dir='ltr'><strong>pmprietates,</strong></span> <span class='ocrx_word' id='word_1_221' title='bbox 1513 3026 1636 3083; x_wconf 68' lang='lat' dir='ltr'><strong>qua:</strong></span> <span class='ocrx_word' id='word_1_222' title='bbox 1673 3011 1962 3081; x_wconf 71' lang='lat' dir='ltr'><strong>congeries</strong></span> <span class='ocrx_word' id='word_1_223' title='bbox 1992 3023 2047 3067; x_wconf 89' lang='lat' dir='ltr'><strong>et</strong></span> <span class='ocrx_word' id='word_1_224' title='bbox 2077 3011 2188 3082; x_wconf 84' lang='lat' dir='ltr'><strong>ple-</strong></span> 
     </span>
    </p>
   </div>
   <div class='ocr_carea' id='block_1_32' title="bbox 598 3106 2187 3177">
    <p class='ocr_par' dir='ltr' id='par_1_32' title="bbox 598 3106 2187 3177">
     <span class='ocr_line' id='line_1_32' title="bbox 598 3106 2187 3177; baseline -0.006 -10"><span class='ocrx_word' id='word_1_225' title='bbox 598 3115 790 3168; x_wconf 75' lang='lat' dir='ltr'><strong>nitudo</strong></span> <span class='ocrx_word' id='word_1_226' title='bbox 822 3108 1129 3164; x_wconf 66' lang='lat' dir='ltr'><strong>divinitatis</strong></span> <span class='ocrx_word' id='word_1_227' title='bbox 1149 3109 1405 3163; x_wconf 83' lang='lat' dir='ltr'><strong>dicuntur</strong></span> <span class='ocrx_word' id='word_1_228' title='bbox 1430 3109 1484 3161; x_wconf 87' lang='lat' dir='ltr'><strong>in</strong></span> <span class='ocrx_word' id='word_1_229' title='bbox 1511 3106 1822 3177; x_wconf 77' lang='lat' dir='ltr'><strong>Scriptura,</strong></span> <span class='ocrx_word' id='word_1_230' title='bbox 1852 3106 1908 3160; x_wconf 88' lang='lat' dir='ltr'><strong>in</strong></span> <span class='ocrx_word' id='word_1_231' title='bbox 1939 3118 2187 3175; x_wconf 85' lang='lat' dir='ltr'><strong>unaqua-</strong></span> 
     </span>
    </p>
   </div>
   <div class='ocr_carea' id='block_1_33' title="bbox 603 3197 2187 3276">
    <p class='ocr_par' dir='ltr' id='par_1_33' title="bbox 603 3197 2187 3276">
     <span class='ocr_line' id='line_1_33' title="bbox 603 3197 2187 3276; baseline -0.004 -19"><span class='ocrx_word' id='word_1_232' title='bbox 603 3221 708 3276; x_wconf 78' lang='grc' dir='ltr'>ψιο</span> <span class='ocrx_word' id='word_1_233' title='bbox 735 3214 941 3260; x_wconf 55' lang='lat' dir='ltr'><strong>sanctae</strong></span> <span class='ocrx_word' id='word_1_234' title='bbox 974 3201 1266 3256; x_wconf 82' lang='lat' dir='ltr'><strong>Trinitatis</strong></span> <span class='ocrx_word' id='word_1_235' title='bbox 1319 3215 1684 3270; x_wconf 78' lang='lat' dir='ltr'><strong>personarum</strong></span> <span class='ocrx_word' id='word_1_236' title='bbox 1738 3197 2025 3267; x_wconf 64' lang='lat' dir='ltr'><strong>aqualiter</strong></span> <span class='ocrx_word' id='word_1_237' title='bbox 2066 3213 2187 3267; x_wconf 79' lang='lat' dir='ltr'><strong>spe-</strong></span> 
     </span>
    </p>
   </div>
   <div class='ocr_carea' id='block_1_34' title="bbox 607 3294 1545 3365">
    <p class='ocr_par' dir='ltr' id='par_1_34' title="bbox 607 3294 1545 3365">
     <span class='ocr_line' id='line_1_34' title="bbox 607 3294 1545 3365; baseline -0.01 -9"><span class='ocrx_word' id='word_1_238' title='bbox 607 3309 760 3356; x_wconf 75' lang='lat' dir='ltr'><strong>ctatae</strong></span> <span class='ocrx_word' id='word_1_239' title='bbox 789 3306 845 3352; x_wconf 90' lang='lat' dir='ltr'><strong>et</strong></span> <span class='ocrx_word' id='word_1_240' title='bbox 877 3310 909 3351; x_wconf 91' lang='lat' dir='ltr'><strong>a</strong></span> <span class='ocrx_word' id='word_1_241' title='bbox 932 3294 1202 3365; x_wconf 85' lang='lat' dir='ltr'><strong>theologis</strong></span> <span class='ocrx_word' id='word_1_242' title='bbox 1225 3294 1545 3348; x_wconf 77' lang='lat' dir='ltr'><strong>celebratae.</strong></span> 
     </span>
    </p>
   </div>
   <div class='ocr_carea' id='block_1_35' title="bbox 674 3385 2189 3459">
    <p class='ocr_par' dir='ltr' id='par_1_35' title="bbox 674 3385 2189 3459">
     <span class='ocr_line' id='line_1_35' title="bbox 674 3385 2189 3459; baseline -0.007 -11"><span class='ocrx_word' id='word_1_243' title='bbox 674 3392 801 3451; x_wconf 64' lang='lat' dir='ltr'><strong>iis.</strong></span> <span class='ocrx_word' id='word_1_244' title='bbox 826 3391 929 3459; x_wconf 83' lang='lat' dir='ltr'><strong>Qui</strong></span> <span class='ocrx_word' id='word_1_245' title='bbox 966 3390 1203 3446; x_wconf 78' lang='lat' dir='ltr'><strong>divinam</strong></span> <span class='ocrx_word' id='word_1_246' title='bbox 1231 3387 1372 3441; x_wconf 86' lang='lat' dir='ltr'><strong>hanc</strong></span> <span class='ocrx_word' id='word_1_247' title='bbox 1395 3387 1579 3442; x_wconf 84' lang='lat' dir='ltr'><strong>delent</strong></span> <span class='ocrx_word' id='word_1_248' title='bbox 1598 3385 1999 3455; x_wconf 83' lang='lat' dir='ltr'><strong>operationem,</strong></span> <span class='ocrx_word' id='word_1_249' title='bbox 2026 3388 2189 3439; x_wconf 86' lang='lat' dir='ltr'><strong>modo</strong></span> 
     </span>
    </p>
   </div>
   <div class='ocr_carea' id='block_1_36' title="bbox 598 3477 2192 3548">
    <p class='ocr_par' dir='ltr' id='par_1_36' title="bbox 598 3477 2192 3548">
     <span class='ocr_line' id='line_1_36' title="bbox 598 3477 2192 3548; baseline -0.007 -5"><span class='ocrx_word' id='word_1_250' title='bbox 598 3503 721 3542; x_wconf 85' lang='lat' dir='ltr'><strong>eam</strong></span> <span class='ocrx_word' id='word_1_251' title='bbox 754 3502 876 3541; x_wconf 86' lang='lat' dir='ltr'><strong>esse</strong></span> <span class='ocrx_word' id='word_1_252' title='bbox 902 3492 1167 3548; x_wconf 78' lang='lat' dir='ltr'><strong>creatam,</strong></span> <span class='ocrx_word' id='word_1_253' title='bbox 1196 3480 1358 3535; x_wconf 88' lang='lat' dir='ltr'><strong>modo</strong></span> <span class='ocrx_word' id='word_1_254' title='bbox 1389 3494 1420 3533; x_wconf 86' lang='lat' dir='ltr'><strong>a</strong></span> <span class='ocrx_word' id='word_1_255' title='bbox 1450 3480 1637 3534; x_wconf 86' lang='lat' dir='ltr'><strong>divina</strong></span> <span class='ocrx_word' id='word_1_256' title='bbox 1685 3478 1925 3533; x_wconf 79' lang='lat' dir='ltr'><strong>essentia</strong></span> <span class='ocrx_word' id='word_1_257' title='bbox 1965 3477 2192 3532; x_wconf 89' lang='lat' dir='ltr'><strong>minimo</strong></span> 
     </span>
    </p>
   </div>
   <div class='ocr_carea' id='block_1_37' title="bbox 600 3572 2192 3641">
    <p class='ocr_par' dir='ltr' id='par_1_37' title="bbox 600 3572 2192 3641">
     <span class='ocr_line' id='line_1_37' title="bbox 600 3572 2192 3641; baseline -0.007 -4"><span class='ocrx_word' id='word_1_258' title='bbox 600 3584 919 3637; x_wconf 83' lang='lat' dir='ltr'><strong>distinctam</strong></span> <span class='ocrx_word' id='word_1_259' title='bbox 957 3578 1223 3641; x_wconf 88' lang='lat' dir='ltr'><strong>dicentes,</strong></span> <span class='ocrx_word' id='word_1_260' title='bbox 1257 3573 1398 3628; x_wconf 89' lang='lat' dir='ltr'><strong>alias</strong></span> <span class='ocrx_word' id='word_1_261' title='bbox 1449 3572 1616 3626; x_wconf 85' lang='lat' dir='ltr'><strong>aliain</strong></span> <span class='ocrx_word' id='word_1_262' title='bbox 1673 3585 1868 3626; x_wconf 86' lang='lat' dir='ltr'><strong>rursus</strong></span> <span class='ocrx_word' id='word_1_263' title='bbox 1927 3572 2192 3626; x_wconf 87' lang='lat' dir='ltr'><strong>innovant</strong></span> 
     </span>
    </p>
   </div>
   <div class='ocr_carea' id='block_1_38' title="bbox 606 3663 2193 3743">
    <p class='ocr_par' dir='ltr' id='par_1_38' title="bbox 606 3663 2193 3743">
     <span class='ocr_line' id='line_1_38' title="bbox 606 3663 2193 3743; baseline -0.008 -16"><span class='ocrx_word' id='word_1_264' title='bbox 606 3672 967 3743; x_wconf 86' lang='lat' dir='ltr'><strong>impietatem,</strong></span> <span class='ocrx_word' id='word_1_265' title='bbox 996 3666 1243 3723; x_wconf 86' lang='lat' dir='ltr'><strong>docendo</strong></span> <span class='ocrx_word' id='word_1_266' title='bbox 1289 3680 1454 3720; x_wconf 91' lang='lat' dir='ltr'><strong>unam</strong></span> <span class='ocrx_word' id='word_1_267' title='bbox 1503 3678 1627 3719; x_wconf 85' lang='lat' dir='ltr'><strong>esse</strong></span> <span class='ocrx_word' id='word_1_268' title='bbox 1670 3663 1971 3720; x_wconf 84' lang='lat' dir='ltr'><strong>increalam</strong></span> <span class='ocrx_word' id='word_1_269' title='bbox 1998 3678 2193 3732; x_wconf 85' lang='lat' dir='ltr'><strong>opera-</strong></span> 
     </span>
    </p>
   </div>
   <div class='ocr_carea' id='block_1_39' title="bbox 604 3754 2191 3832">
    <p class='ocr_par' dir='ltr' id='par_1_39' title="bbox 604 3754 2191 3832">
     <span class='ocr_line' id='line_1_39' title="bbox 604 3754 2191 3832; baseline -0.007 -11"><span class='ocrx_word' id='word_1_270' title='bbox 604 3769 835 3828; x_wconf 87' lang='lat' dir='ltr'><strong>tionem,</strong></span> <span class='ocrx_word' id='word_1_271' title='bbox 864 3775 1058 3832; x_wconf 81' lang='lat' dir='ltr'><strong>ncmpe</strong></span> <span class='ocrx_word' id='word_1_272' title='bbox 1116 3759 1453 3829; x_wconf 72' lang='lat' dir='ltr'><strong>unigenitum</strong></span> <span class='ocrx_word' id='word_1_273' title='bbox 1487 3755 1669 3812; x_wconf 86' lang='lat' dir='ltr'><strong>Patris</strong></span> <span class='ocrx_word' id='word_1_274' title='bbox 1701 3754 1937 3822; x_wconf 87' lang='lat' dir='ltr'><strong>Filium;</strong></span> <span class='ocrx_word' id='word_1_275' title='bbox 1959 3765 2016 3810; x_wconf 89' lang='lat' dir='ltr'><strong>et</strong></span> <span class='ocrx_word' id='word_1_276' title='bbox 2053 3758 2191 3810; x_wconf 87' lang='lat' dir='ltr'><strong>hanc</strong></span> 
     </span>
    </p>
   </div>
   <div class='ocr_carea' id='block_1_40' title="bbox 605 3847 2193 3918">
    <p class='ocr_par' dir='ltr' id='par_1_40' title="bbox 605 3847 2193 3918">
     <span class='ocr_line' id='line_1_40' title="bbox 605 3847 2193 3918; baseline -0.007 -6"><span class='ocrx_word' id='word_1_277' title='bbox 605 3858 850 3913; x_wconf 70' lang='lat' dir='ltr'><strong>volentes</strong></span> <span class='ocrx_word' id='word_1_278' title='bbox 877 3853 1209 3910; x_wconf 85' lang='lat' dir='ltr'><strong>sententiam</strong></span> <span class='ocrx_word' id='word_1_279' title='bbox 1249 3852 1606 3913; x_wconf 82' lang='lat' dir='ltr'><strong>conllrmare,</strong></span> <span class='ocrx_word' id='word_1_280' title='bbox 1627 3847 1748 3905; x_wconf 60' lang='lat' dir='ltr'><strong>hac</strong></span> <span class='ocrx_word' id='word_1_281' title='bbox 1786 3848 2071 3918; x_wconf 77' lang='lat' dir='ltr'><strong>proferunt</strong></span> <span class='ocrx_word' id='word_1_282' title='bbox 2100 3863 2193 3902; x_wconf 84' lang='lat' dir='ltr'><strong>ve-</strong></span> 
     </span>
    </p>
   </div>
   <div class='ocr_carea' id='block_1_41' title="bbox 603 3941 2194 4019">
    <p class='ocr_par' dir='ltr' id='par_1_41' title="bbox 603 3941 2194 4019">
     <span class='ocr_line' id='line_1_41' title="bbox 603 3941 2194 4019; baseline -0.006 -13"><span class='ocrx_word' id='word_1_283' title='bbox 603 3951 865 4007; x_wconf 80' lang='lat' dir='ltr'><strong>nerabilis</strong></span> <span class='ocrx_word' id='word_1_284' title='bbox 892 3946 1079 4019; x_wconf 86' lang='lat' dir='ltr'><strong>Cyrilli</strong></span> <span class='ocrx_word' id='word_1_285' title='bbox 1130 3944 1341 4001; x_wconf 87' lang='lat' dir='ltr'><strong>verba:</strong></span> <span class='ocrx_word' id='word_1_286' title='bbox 1381 3961 1401 3996; x_wconf 82' lang='grc' dir='ltr'><strong>ι</strong></span> <span class='ocrx_word' id='word_1_287' title='bbox 1450 3942 1569 3999; x_wconf 80' lang='lat' dir='ltr'><strong>Vita</strong></span> <span class='ocrx_word' id='word_1_288' title='bbox 1618 3957 1782 4012; x_wconf 86' lang='lat' dir='ltr'><strong>quam</strong></span> <span class='ocrx_word' id='word_1_289' title='bbox 1832 3941 1995 3997; x_wconf 83' lang='lat' dir='ltr'><strong>liabet</strong></span> <span class='ocrx_word' id='word_1_290' title='bbox 2036 3943 2194 3997; x_wconf 84' lang='lat' dir='ltr'><strong>Pater</strong></span> 
     </span>
    </p>
   </div>
   <div class='ocr_carea' id='block_1_42' title="bbox 604 4035 2190 4111">
    <p class='ocr_par' dir='ltr' id='par_1_42' title="bbox 604 4035 2190 4111">
     <span class='ocr_line' id='line_1_42' title="bbox 604 4035 2190 4111; baseline -0.008 -11"><span class='ocrx_word' id='word_1_291' title='bbox 604 4047 657 4100; x_wconf 89' lang='lat' dir='ltr'><strong>in</strong></span> <span class='ocrx_word' id='word_1_292' title='bbox 697 4045 1018 4111; x_wconf 80' lang='lat' dir='ltr'><strong>semetipso,</strong></span> <span class='ocrx_word' id='word_1_293' title='bbox 1050 4055 1159 4095; x_wconf 87' lang='lat' dir='ltr'><strong>non</strong></span> <span class='ocrx_word' id='word_1_294' title='bbox 1212 4039 1360 4093; x_wconf 88' lang='lat' dir='ltr'><strong>aliud</strong></span> <span class='ocrx_word' id='word_1_295' title='bbox 1398 4047 1485 4093; x_wconf 88' lang='lat' dir='ltr'><strong>est</strong></span> <span class='ocrx_word' id='word_1_296' title='bbox 1533 4051 1699 4107; x_wconf 91' lang='lat' dir='ltr'><strong>quam</strong></span> <span class='ocrx_word' id='word_1_297' title='bbox 1750 4035 2046 4102; x_wconf 86' lang='lat' dir='ltr'><strong>Filius;et</strong></span> <span class='ocrx_word' id='word_1_298' title='bbox 2080 4036 2190 4091; x_wconf 90' lang='lat' dir='ltr'><strong>vita</strong></span> 
     </span>
    </p>
   </div>
   <div class='ocr_carea' id='block_1_43' title="bbox 600 4128 2191 4207">
    <p class='ocr_par' dir='ltr' id='par_1_43' title="bbox 600 4128 2191 4207">
     <span class='ocr_line' id='line_1_43' title="bbox 600 4128 2191 4207; baseline -0.003 -20"><span class='ocrx_word' id='word_1_299' title='bbox 600 4152 727 4207; x_wconf 73' lang='lat' dir='ltr'><strong>qua:</strong></span> <span class='ocrx_word' id='word_1_300' title='bbox 753 4147 837 4190; x_wconf 89' lang='lat' dir='ltr'><strong>est</strong></span> <span class='ocrx_word' id='word_1_301' title='bbox 862 4139 916 4189; x_wconf 91' lang='lat' dir='ltr'><strong>in</strong></span> <span class='ocrx_word' id='word_1_302' title='bbox 947 4132 1111 4199; x_wconf 85' lang='lat' dir='ltr'><strong>Filio,</strong></span> <span class='ocrx_word' id='word_1_303' title='bbox 1134 4147 1246 4187; x_wconf 89' lang='lat' dir='ltr'><strong>non</strong></span> <span class='ocrx_word' id='word_1_304' title='bbox 1287 4131 1432 4185; x_wconf 81' lang='lat' dir='ltr'><strong>aliud</strong></span> <span class='ocrx_word' id='word_1_305' title='bbox 1489 4146 1655 4198; x_wconf 85' lang='lat' dir='ltr'><strong>quam</strong></span> <span class='ocrx_word' id='word_1_306' title='bbox 1701 4131 1868 4185; x_wconf 86' lang='lat' dir='ltr'><strong>Pater</strong></span> <span class='ocrx_word' id='word_1_307' title='bbox 1895 4142 2001 4185; x_wconf 89' lang='lat' dir='ltr'><strong>est.</strong></span> <span class='ocrx_word' id='word_1_308' title='bbox 2036 4128 2191 4195; x_wconf 84' lang='lat' dir='ltr'><strong>Quod</strong></span> 
     </span>
    </p>
   </div>
   <div class='ocr_carea' id='block_1_44' title="bbox 574 4221 2185 4297">
    <p class='ocr_par' dir='ltr' id='par_1_44' title="bbox 574 4221 2185 4297">
     <span class='ocr_line' id='line_1_44' title="bbox 574 4221 2185 4297; baseline -0.004 -16"><span class='ocrx_word' id='word_1_309' title='bbox 574 4276 579 4281; x_wconf 82' lang='lat'><strong>,</strong></span> <span class='ocrx_word' id='word_1_310' title='bbox 605 4229 799 4297; x_wconf 84' lang='lat' dir='ltr'><strong>probat</strong></span> <span class='ocrx_word' id='word_1_311' title='bbox 831 4227 923 4296; x_wconf 86' lang='lat' dir='ltr'><strong>qui</strong></span> <span class='ocrx_word' id='word_1_312' title='bbox 951 4226 1125 4292; x_wconf 78' lang='lat' dir='ltr'><strong>dicit;</strong></span> <span class='ocrx_word' id='word_1_313' title='bbox 1162 4241 1182 4275; x_wconf 83' lang='lat' dir='ltr'><strong>t</strong></span> <span class='ocrx_word' id='word_1_314' title='bbox 1229 4221 1342 4291; x_wconf 82' lang='lat' dir='ltr'><strong>Ego</strong></span> <span class='ocrx_word' id='word_1_315' title='bbox 1374 4223 1426 4275; x_wconf 90' lang='lat' dir='ltr'><strong>in</strong></span> <span class='ocrx_word' id='word_1_316' title='bbox 1451 4221 1635 4285; x_wconf 86' lang='lat' dir='ltr'><strong>Patre,</strong></span> <span class='ocrx_word' id='word_1_317' title='bbox 1657 4232 1714 4277; x_wconf 89' lang='lat' dir='ltr'><strong>et</strong></span> <span class='ocrx_word' id='word_1_318' title='bbox 1742 4221 1904 4277; x_wconf 82' lang='lat' dir='ltr'><strong>Pater</strong></span> <span class='ocrx_word' id='word_1_319' title='bbox 1942 4223 1996 4278; x_wconf 90' lang='lat' dir='ltr'><strong>itt</strong></span> <span class='ocrx_word' id='word_1_320' title='bbox 2028 4237 2134 4277; x_wconf 89' lang='lat' dir='ltr'><strong>me.</strong></span> <span class='ocrx_word' id='word_1_321' title='bbox 2165 4239 2185 4274; x_wconf 71' lang='grc' dir='ltr'><strong>ι</strong></span> 
     </span>
    </p>
   </div>
   <div class='ocr_carea' id='block_1_45' title="bbox 602 4314 2191 4383">
    <p class='ocr_par' dir='ltr' id='par_1_45' title="bbox 602 4314 2191 4383">
     <span class='ocr_line' id='line_1_45' title="bbox 602 4314 2191 4383; baseline -0.004 -9"><span class='ocrx_word' id='word_1_322' title='bbox 602 4324 675 4374; x_wconf 78' lang='lat' dir='ltr'><strong>At</strong></span> <span class='ocrx_word' id='word_1_323' title='bbox 714 4334 812 4373; x_wconf 81' lang='lat' dir='ltr'><strong>nos</strong></span> <span class='ocrx_word' id='word_1_324' title='bbox 864 4318 1013 4371; x_wconf 85' lang='lat' dir='ltr'><strong>velut</strong></span> <span class='ocrx_word' id='word_1_325' title='bbox 1066 4318 1123 4370; x_wconf 91' lang='lat' dir='ltr'><strong>in</strong></span> <span class='ocrx_word' id='word_1_326' title='bbox 1169 4314 1515 4383; x_wconf 88' lang='lat' dir='ltr'><strong>compendio,</strong></span> <span class='ocrx_word' id='word_1_327' title='bbox 1542 4323 1809 4383; x_wconf 88' lang='lat' dir='ltr'><strong>quantum</strong></span> <span class='ocrx_word' id='word_1_328' title='bbox 1866 4316 2191 4383; x_wconf 85' lang='lat' dir='ltr'><strong>poterimus,</strong></span> 
     </span>
    </p>
   </div>
   <div class='ocr_carea' id='block_1_46' title="bbox 2316 616 3808 693">
    <p class='ocr_par' dir='ltr' id='par_1_46' title="bbox 2316 616 3808 693">
     <span class='ocr_line' id='line_1_46' title="bbox 2316 616 3808 693; baseline 0.005 -22"><span class='ocrx_word' id='word_1_329' title='bbox 2316 616 2543 687; x_wconf 78' lang='grc' dir='ltr'>μονάδα’</span> <span class='ocrx_word' id='word_1_330' title='bbox 2568 616 2850 681; x_wconf 77' lang='grc' dir='ltr'>δυσσεϐεῖς</span> <span class='ocrx_word' id='word_1_331' title='bbox 2888 618 2968 684; x_wconf 83' lang='grc' dir='ltr'>δὲ,</span> <span class='ocrx_word' id='word_1_332' title='bbox 3005 619 3087 672; x_wconf 83' lang='grc' dir='ltr'>ὅτι</span> <span class='ocrx_word' id='word_1_333' title='bbox 3115 618 3186 671; x_wconf 87' lang='grc' dir='ltr'><strong>δι’</strong></span> <span class='ocrx_word' id='word_1_334' title='bbox 3212 618 3456 689; x_wconf 82' lang='grc' dir='ltr'>ἀλλήλων</span> <span class='ocrx_word' id='word_1_335' title='bbox 3474 621 3718 693; x_wconf 79' lang='grc' dir='ltr'>ἀναιροῦσι</span> <span class='ocrx_word' id='word_1_336' title='bbox 3741 626 3808 678; x_wconf 77' lang='grc' dir='ltr'><strong>καὶ</strong></span> 
     </span>
    </p>
   </div>
   <div class='ocr_carea' id='block_1_47' title="bbox 2314 711 3810 790">
    <p class='ocr_par' dir='ltr' id='par_1_47' title="bbox 2314 711 3810 790">
     <span class='ocr_line' id='line_1_47' title="bbox 2314 711 3810 790; baseline 0.006 -26"><span class='ocrx_word' id='word_1_337' title='bbox 2314 711 2416 782; x_wconf 82' lang='grc' dir='ltr'>τὴν</span> <span class='ocrx_word' id='word_1_338' title='bbox 2448 712 2644 767; x_wconf 85' lang='grc' dir='ltr'>οὐσίαν</span> <span class='ocrx_word' id='word_1_339' title='bbox 2670 713 2768 767; x_wconf 73' lang='grc' dir='ltr'><strong>καὶ</strong></span> <span class='ocrx_word' id='word_1_340' title='bbox 2786 712 2886 783; x_wconf 79' lang='grc' dir='ltr'>τὴν</span> <span class='ocrx_word' id='word_1_341' title='bbox 2917 713 3222 783; x_wconf 70' lang='grc' dir='ltr'>ἐνέργειαν.</span> <span class='ocrx_word' id='word_1_342' title='bbox 3260 713 3334 768; x_wconf 79' lang='lat' dir='ltr'><em>T6</em></span> <span class='ocrx_word' id='word_1_343' title='bbox 3360 714 3466 787; x_wconf 82' lang='grc' dir='ltr'>γὰρ</span> <span class='ocrx_word' id='word_1_344' title='bbox 3497 717 3619 786; x_wconf 73' lang='grc' dir='ltr'>πρὸς</span> <span class='ocrx_word' id='word_1_345' title='bbox 3650 719 3810 790; x_wconf 71' lang='grc' dir='ltr'>ἕτερον,</span> 
     </span>
    </p>
   </div>
   <div class='ocr_carea' id='block_1_48' title="bbox 2313 806 3810 880">
    <p class='ocr_par' dir='ltr' id='par_1_48' title="bbox 2313 806 3810 880">
     <span class='ocr_line' id='line_1_48' title="bbox 2313 806 3810 880; baseline 0.003 -20"><span class='ocrx_word' id='word_1_346' title='bbox 2313 808 2418 862; x_wconf 77' lang='grc' dir='ltr'><strong>οὐκ</strong></span> <span class='ocrx_word' id='word_1_347' title='bbox 2445 807 2594 860; x_wconf 75' lang='grc' dir='ltr'>ἐστιν</span> <span class='ocrx_word' id='word_1_348' title='bbox 2622 806 2802 870; x_wconf 87' lang='grc' dir='ltr'>οὐσία,</span> <span class='ocrx_word' id='word_1_349' title='bbox 2830 807 2926 860; x_wconf 77' lang='grc' dir='ltr'><strong>καὶ</strong></span> <span class='ocrx_word' id='word_1_350' title='bbox 2949 806 3012 860; x_wconf 82' lang='grc' dir='ltr'>τὸ</span> <span class='ocrx_word' id='word_1_351' title='bbox 3041 806 3167 860; x_wconf 86' lang='grc' dir='ltr'>καθ’</span> <span class='ocrx_word' id='word_1_352' title='bbox 3194 807 3378 871; x_wconf 78' lang='grc' dir='ltr'>ἑαυτὸ,</span> <span class='ocrx_word' id='word_1_353' title='bbox 3415 809 3548 878; x_wconf 72' lang='grc' dir='ltr'>πρὸς</span> <span class='ocrx_word' id='word_1_354' title='bbox 3572 808 3727 880; x_wconf 72' lang='grc' dir='ltr'>ἕτερον</span> <span class='ocrx_word' id='word_1_355' title='bbox 3740 813 3810 865; x_wconf 73' lang='grc' dir='ltr'>οὖν</span> 
     </span>
    </p>
   </div>
   <div class='ocr_carea' id='block_1_49' title="bbox 2312 899 3814 973">
    <p class='ocr_par' dir='ltr' id='par_1_49' title="bbox 2312 899 3814 973">
     <span class='ocr_line' id='line_1_49' title="bbox 2312 899 3814 973; baseline 0.002 -18"><span class='ocrx_word' id='word_1_356' title='bbox 2312 899 2484 955; x_wconf 66' lang='grc' dir='ltr'>ἔστιν.</span> <span class='ocrx_word' id='word_1_357' title='bbox 2515 899 2579 953; x_wconf 78' lang='lat' dir='ltr'><strong>Ei</strong></span> <span class='ocrx_word' id='word_1_358' title='bbox 2606 899 2738 969; x_wconf 85' lang='grc' dir='ltr'>γοῦν</span> <span class='ocrx_word' id='word_1_359' title='bbox 2765 899 2942 954; x_wconf 89' lang='grc' dir='ltr'>ταῦτα</span> <span class='ocrx_word' id='word_1_360' title='bbox 2972 901 3140 971; x_wconf 78' lang='grc' dir='ltr'>μηδὲν</span> <span class='ocrx_word' id='word_1_361' title='bbox 3160 900 3502 973; x_wconf 70' lang='grc' dir='ltr'><strong>διαφέρωσιν</strong></span> <span class='ocrx_word' id='word_1_362' title='bbox 3522 903 3746 973; x_wconf 81' lang='grc' dir='ltr'>ἀλλήλων,</span> <span class='ocrx_word' id='word_1_363' title='bbox 3765 905 3814 958; x_wconf 80' lang='grc' dir='ltr'>δι’</span> 
     </span>
    </p>
   </div>
   <div class='ocr_carea' id='block_1_50' title="bbox 2314 991 3804 1066">
    <p class='ocr_par' dir='ltr' id='par_1_50' title="bbox 2314 991 3804 1066">
     <span class='ocr_line' id='line_1_50' title="bbox 2314 991 3804 1066; baseline 0 -18"><span class='ocrx_word' id='word_1_364' title='bbox 2314 993 2563 1066; x_wconf 82' lang='grc' dir='ltr'>ἀλλήλων</span> <span class='ocrx_word' id='word_1_365' title='bbox 2595 991 2949 1064; x_wconf 72' lang='grc' dir='ltr'><strong>ἀναιροῦνται</strong></span> <span class='ocrx_word' id='word_1_366' title='bbox 2976 1010 2990 1025; x_wconf 87' lang='grc'><strong>·</strong></span> <span class='ocrx_word' id='word_1_367' title='bbox 3021 994 3219 1063; x_wconf 81' lang='grc' dir='ltr'>μᾶλλον</span> <span class='ocrx_word' id='word_1_368' title='bbox 3249 994 3308 1047; x_wconf 73' lang='grc' dir='ltr'>δὲ</span> <span class='ocrx_word' id='word_1_369' title='bbox 3334 994 3458 1058; x_wconf 82' lang='grc' dir='ltr'>τοὺς</span> <span class='ocrx_word' id='word_1_370' title='bbox 3500 994 3650 1066; x_wconf 75' lang='grc' dir='ltr'>μηδὲν</span> <span class='ocrx_word' id='word_1_371' title='bbox 3679 995 3804 1063; x_wconf 78' lang='grc' dir='ltr'>διαφέ-</span> 
     </span>
    </p>
   </div>
   <div class='ocr_carea' id='block_1_51' title="bbox 2316 1082 3812 1156">
    <p class='ocr_par' dir='ltr' id='par_1_51' title="bbox 2316 1082 3812 1156">
     <span class='ocr_line' id='line_1_51' title="bbox 2316 1082 3812 1156; baseline 0 -19"><span class='ocrx_word' id='word_1_372' title='bbox 2316 1098 2432 1154; x_wconf 85' lang='grc' dir='ltr'>ρειν</span> <span class='ocrx_word' id='word_1_373' title='bbox 2463 1082 2639 1138; x_wconf 88' lang='grc' dir='ltr'>ταῦτα</span> <span class='ocrx_word' id='word_1_374' title='bbox 2663 1083 2943 1153; x_wconf 82' lang='grc' dir='ltr'>λέγοντας,</span> <span class='ocrx_word' id='word_1_375' title='bbox 2965 1084 3058 1139; x_wconf 87' lang='grc' dir='ltr'><strong>τοῦ</strong></span> <span class='ocrx_word' id='word_1_376' title='bbox 3102 1085 3409 1156; x_wconf 76' lang='grc' dir='ltr'><strong>καταλόγου</strong></span> <span class='ocrx_word' id='word_1_377' title='bbox 3458 1086 3562 1140; x_wconf 83' lang='grc' dir='ltr'><strong>τῶν</strong></span> <span class='ocrx_word' id='word_1_378' title='bbox 3607 1086 3812 1140; x_wconf 80' lang='grc' dir='ltr'>θεοσεῦῶν</span> 
     </span>
    </p>
   </div>
   <div class='ocr_carea' id='block_1_52' title="bbox 2315 1177 2642 1251">
    <p class='ocr_par' dir='ltr' id='par_1_52' title="bbox 2315 1177 2642 1251">
     <span class='ocr_line' id='line_1_52' title="bbox 2315 1177 2642 1251; baseline -0.003 -17"><span class='ocrx_word' id='word_1_379' title='bbox 2315 1177 2642 1251; x_wconf 76' lang='grc' dir='ltr'>ιξαίρουσιν.</span> 
     </span>
    </p>
   </div>
   <div class='ocr_carea' id='block_1_53' title="bbox 2372 1292 3804 1368">
    <p class='ocr_par' dir='ltr' id='par_1_53' title="bbox 2372 1292 3804 1368">
     <span class='ocr_line' id='line_1_53' title="bbox 2372 1292 3804 1368; baseline 0.002 -19"><span class='ocrx_word' id='word_1_380' title='bbox 2372 1293 2489 1368; x_wconf 82' lang='grc' dir='ltr'>ριδ’.</span> <span class='ocrx_word' id='word_1_381' title='bbox 2533 1294 2677 1350; x_wconf 85' lang='grc' dir='ltr'>Ἀλλ’</span> <span class='ocrx_word' id='word_1_382' title='bbox 2703 1294 2867 1366; x_wconf 74' lang='grc' dir='ltr'><strong>ἡμεῖς</strong></span> <span class='ocrx_word' id='word_1_383' title='bbox 2910 1292 3006 1348; x_wconf 73' lang='grc' dir='ltr'><strong>καὶ</strong></span> <span class='ocrx_word' id='word_1_384' title='bbox 3041 1292 3188 1364; x_wconf 69' lang='grc' dir='ltr'>ζωὴν</span> <span class='ocrx_word' id='word_1_385' title='bbox 3227 1293 3387 1366; x_wconf 79' lang='grc' dir='ltr'>ἡμῶν</span> <span class='ocrx_word' id='word_1_386' title='bbox 3428 1294 3545 1349; x_wconf 82' lang='grc' dir='ltr'>κατ’</span> <span class='ocrx_word' id='word_1_387' title='bbox 3591 1294 3741 1348; x_wconf 72' lang='grc' dir='ltr'>αἰτίαν</span> <span class='ocrx_word' id='word_1_388' title='bbox 3764 1313 3804 1352; x_wconf 78' lang='grc' dir='ltr'><strong>τε</strong></span> 
     </span>
    </p>
   </div>
   <div class='ocr_carea' id='block_1_54' title="bbox 2296 1381 3804 1458">
    <p class='ocr_par' dir='ltr' id='par_1_54' title="bbox 2296 1381 3804 1458">
     <span class='ocr_line' id='line_1_54' title="bbox 2296 1381 3804 1458; baseline -0.003 -16"><span class='ocrx_word' id='word_1_389' title='bbox 2296 1388 2393 1443; x_wconf 77' lang='grc' dir='ltr'><strong>καὶ</strong></span> <span class='ocrx_word' id='word_1_390' title='bbox 2419 1388 2729 1458; x_wconf 79' lang='grc' dir='ltr'><strong>ἐνέργειαν,</strong></span> <span class='ocrx_word' id='word_1_391' title='bbox 2757 1385 3132 1457; x_wconf 82' lang='grc' dir='ltr'>ὁμολογοῦμεν</span> <span class='ocrx_word' id='word_1_392' title='bbox 3160 1381 3300 1439; x_wconf 80' lang='grc' dir='ltr'>εῖναι</span> <span class='ocrx_word' id='word_1_393' title='bbox 3330 1383 3421 1438; x_wconf 78' lang='grc' dir='ltr'>τὸν</span> <span class='ocrx_word' id='word_1_394' title='bbox 3442 1384 3531 1439; x_wconf 90' lang='grc' dir='ltr'><strong>τοῦ</strong></span> <span class='ocrx_word' id='word_1_395' title='bbox 3559 1384 3677 1439; x_wconf 83' lang='grc' dir='ltr'><strong>Θεοῦ</strong></span> <span class='ocrx_word' id='word_1_396' title='bbox 3700 1386 3804 1450; x_wconf 67' lang='lat' dir='ltr'><strong>nn,</strong></span> 
     </span>
    </p>
   </div>
   <div class='ocr_carea' id='block_1_55' title="bbox 2296 1473 3806 1549">
    <p class='ocr_par' dir='ltr' id='par_1_55' title="bbox 2296 1473 3806 1549">
     <span class='ocr_line' id='line_1_55' title="bbox 2296 1473 3806 1549; baseline -0.004 -16"><span class='ocrx_word' id='word_1_397' title='bbox 2296 1478 2393 1533; x_wconf 78' lang='grc' dir='ltr'><strong>καὶ</strong></span> <span class='ocrx_word' id='word_1_398' title='bbox 2427 1478 2574 1549; x_wconf 78' lang='grc' dir='ltr'>ζωὴν</span> <span class='ocrx_word' id='word_1_399' title='bbox 2602 1473 2745 1531; x_wconf 77' lang='grc' dir='ltr'>εῖναι</span> <span class='ocrx_word' id='word_1_400' title='bbox 2771 1473 2963 1530; x_wconf 88' lang='grc' dir='ltr'>τοῦτον</span> <span class='ocrx_word' id='word_1_401' title='bbox 3017 1476 3182 1529; x_wconf 82' lang='grc' dir='ltr'>αὐτὸν</span> <span class='ocrx_word' id='word_1_402' title='bbox 3224 1476 3345 1531; x_wconf 77' lang='grc' dir='ltr'>καθ’</span> <span class='ocrx_word' id='word_1_403' title='bbox 3391 1475 3595 1538; x_wconf 71' lang='grc' dir='ltr'>ἑαυτὸν,</span> <span class='ocrx_word' id='word_1_404' title='bbox 3623 1477 3806 1546; x_wconf 79' lang='grc' dir='ltr'><strong>ἀσχέτως</strong></span> 
     </span>
    </p>
   </div>
   <div class='ocr_carea' id='block_1_56' title="bbox 2292 1567 3807 1638">
    <p class='ocr_par' dir='ltr' id='par_1_56' title="bbox 2292 1567 3807 1638">
     <span class='ocr_line' id='line_1_56' title="bbox 2292 1567 3807 1638; baseline -0.004 -13"><span class='ocrx_word' id='word_1_405' title='bbox 2292 1585 2357 1625; x_wconf 84' lang='grc' dir='ltr'>τε</span> <span class='ocrx_word' id='word_1_406' title='bbox 2386 1571 2482 1624; x_wconf 80' lang='grc' dir='ltr'><strong>καὶ</strong></span> <span class='ocrx_word' id='word_1_407' title='bbox 2515 1567 2935 1638; x_wconf 83' lang='grc' dir='ltr'>ἁπολελυμένως</span> <span class='ocrx_word' id='word_1_408' title='bbox 2962 1568 3164 1637; x_wconf 81' lang='grc' dir='ltr'><strong>πάντη,</strong></span> <span class='ocrx_word' id='word_1_409' title='bbox 3187 1569 3282 1622; x_wconf 72' lang='grc' dir='ltr'><strong>καὶ</strong></span> <span class='ocrx_word' id='word_1_410' title='bbox 3305 1569 3566 1629; x_wconf 77' lang='grc' dir='ltr'>ἀκτίστως</span> <span class='ocrx_word' id='word_1_411' title='bbox 3587 1567 3710 1638; x_wconf 69' lang='grc' dir='ltr'>ἔχειν</span> <span class='ocrx_word' id='word_1_412' title='bbox 3730 1567 3807 1620; x_wconf 73' lang='grc' dir='ltr'><strong>τοῦ</strong></span> 
     </span>
    </p>
   </div>
   <div class='ocr_carea' id='block_1_57' title="bbox 2293 1660 3808 1733">
    <p class='ocr_par' dir='ltr' id='par_1_57' title="bbox 2293 1660 3808 1733">
     <span class='ocr_line' id='line_1_57' title="bbox 2293 1660 3808 1733; baseline -0.003 -17"><span class='ocrx_word' id='word_1_413' title='bbox 2293 1678 2388 1716; x_wconf 88' lang='grc' dir='ltr'><strong>τον</strong></span> <span class='ocrx_word' id='word_1_414' title='bbox 2416 1661 2711 1733; x_wconf 74' lang='grc' dir='ltr'>ἀμφότερά</span> <span class='ocrx_word' id='word_1_415' title='bbox 2751 1678 2953 1732; x_wconf 84' lang='grc' dir='ltr'>φαμεν·</span> <span class='ocrx_word' id='word_1_416' title='bbox 2982 1660 3248 1723; x_wconf 82' lang='grc' dir='ltr'><strong>ὡσαύτως</strong></span> <span class='ocrx_word' id='word_1_417' title='bbox 3280 1662 3375 1714; x_wconf 75' lang='grc' dir='ltr'><strong>καὶ</strong></span> <span class='ocrx_word' id='word_1_418' title='bbox 3404 1661 3493 1713; x_wconf 70' lang='grc' dir='ltr'><strong>τδν</strong></span> <span class='ocrx_word' id='word_1_419' title='bbox 3531 1661 3721 1732; x_wconf 78' lang='grc' dir='ltr'><strong>Πατέρα</strong></span> <span class='ocrx_word' id='word_1_420' title='bbox 3746 1662 3808 1712; x_wconf 57' lang='grc' dir='ltr'><strong>καὶ</strong></span> 
     </span>
    </p>
   </div>
   <div class='ocr_carea' id='block_1_58' title="bbox 2290 1750 3808 1827">
    <p class='ocr_par' dir='ltr' id='par_1_58' title="bbox 2290 1750 3808 1827">
     <span class='ocr_line' id='line_1_58' title="bbox 2290 1750 3808 1827; baseline -0.003 -16"><span class='ocrx_word' id='word_1_421' title='bbox 2290 1757 2355 1811; x_wconf 79' lang='grc' dir='ltr'>τὸ</span> <span class='ocrx_word' id='word_1_422' title='bbox 2377 1753 2603 1827; x_wconf 78' lang='grc' dir='ltr'>Πνεῦμα</span> <span class='ocrx_word' id='word_1_423' title='bbox 2630 1755 2693 1808; x_wconf 83' lang='grc' dir='ltr'>τὸ</span> <span class='ocrx_word' id='word_1_424' title='bbox 2725 1755 2901 1824; x_wconf 77' lang='grc' dir='ltr'>ἅγιον.</span> <span class='ocrx_word' id='word_1_425' title='bbox 2930 1752 3140 1825; x_wconf 84' lang='grc' dir='ltr'>Οὐκοῦν</span> <span class='ocrx_word' id='word_1_426' title='bbox 3164 1755 3259 1807; x_wconf 75' lang='grc' dir='ltr'><strong>καὶ</strong></span> <span class='ocrx_word' id='word_1_427' title='bbox 3305 1757 3338 1825; x_wconf 75' lang='grc' dir='ltr'>ἡ</span> <span class='ocrx_word' id='word_1_428' title='bbox 3375 1754 3485 1825; x_wconf 80' lang='grc' dir='ltr'>ζωὴ</span> <span class='ocrx_word' id='word_1_429' title='bbox 3521 1754 3663 1825; x_wconf 76' lang='grc' dir='ltr'>ἡμῶν</span> <span class='ocrx_word' id='word_1_430' title='bbox 3689 1750 3808 1822; x_wconf 76' lang='grc' dir='ltr'>αῦτη.</span> 
     </span>
    </p>
   </div>
   <div class='ocr_carea' id='block_1_59' title="bbox 2298 1843 3811 1920">
    <p class='ocr_par' dir='ltr' id='par_1_59' title="bbox 2298 1843 3811 1920">
     <span class='ocr_line' id='line_1_59' title="bbox 2298 1843 3811 1920; baseline -0.003 -17"><span class='ocrx_word' id='word_1_431' title='bbox 2298 1849 2432 1920; x_wconf 88' lang='grc' dir='ltr'>παρ’</span> <span class='ocrx_word' id='word_1_432' title='bbox 2470 1843 2539 1920; x_wconf 86' lang='grc' dir='ltr'><strong>ἦς</strong></span> <span class='ocrx_word' id='word_1_433' title='bbox 2564 1847 2641 1912; x_wconf 86' lang='grc' dir='ltr'>ὡς</span> <span class='ocrx_word' id='word_1_434' title='bbox 2669 1848 2849 1911; x_wconf 76' lang='grc' dir='ltr'>αἰτίας</span> <span class='ocrx_word' id='word_1_435' title='bbox 2873 1846 2984 1901; x_wconf 90' lang='grc' dir='ltr'><strong>τῶν</strong></span> <span class='ocrx_word' id='word_1_436' title='bbox 3018 1846 3238 1913; x_wconf 77' lang='grc' dir='ltr'>ζώντων</span> <span class='ocrx_word' id='word_1_437' title='bbox 3268 1845 3680 1917; x_wconf 78' lang='grc' dir='ltr'>ζωοποιούμεθα.</span> <span class='ocrx_word' id='word_1_438' title='bbox 3700 1846 3811 1899; x_wconf 78' lang='grc' dir='ltr'>οὐδὲν</span> 
     </span>
    </p>
   </div>
   <div class='ocr_carea' id='block_1_60' title="bbox 2297 1931 3814 2008">
    <p class='ocr_par' dir='ltr' id='par_1_60' title="bbox 2297 1931 3814 2008">
     <span class='ocr_line' id='line_1_60' title="bbox 2297 1931 3814 2008; baseline -0.005 -17"><span class='ocrx_word' id='word_1_439' title='bbox 2297 1937 2427 1994; x_wconf 77' lang='grc' dir='ltr'>ἄλλο</span> <span class='ocrx_word' id='word_1_440' title='bbox 2453 1935 2607 2008; x_wconf 79' lang='grc' dir='ltr'>παρὰ</span> <span class='ocrx_word' id='word_1_441' title='bbox 2645 1936 2739 1989; x_wconf 83' lang='grc' dir='ltr'>τὸν</span> <span class='ocrx_word' id='word_1_442' title='bbox 2768 1935 2988 2006; x_wconf 82' lang='grc' dir='ltr'><strong>Πατέρα</strong></span> <span class='ocrx_word' id='word_1_443' title='bbox 3023 1935 3118 1988; x_wconf 74' lang='grc' dir='ltr'><strong>καὶ</strong></span> <span class='ocrx_word' id='word_1_444' title='bbox 3149 1934 3244 1988; x_wconf 78' lang='grc' dir='ltr'>τὸν</span> <span class='ocrx_word' id='word_1_445' title='bbox 3271 1935 3402 1988; x_wconf 79' lang='grc' dir='ltr'>Υἱδν</span> <span class='ocrx_word' id='word_1_446' title='bbox 3433 1933 3525 1988; x_wconf 79' lang='grc' dir='ltr'><strong>καὶ</strong></span> <span class='ocrx_word' id='word_1_447' title='bbox 3563 1936 3620 1986; x_wconf 76' lang='grc' dir='ltr'>τὸ</span> <span class='ocrx_word' id='word_1_448' title='bbox 3643 1931 3814 2001; x_wconf 76' lang='grc' dir='ltr'>Πνεῦμα</span> 
     </span>
    </p>
   </div>
   <div class='ocr_carea' id='block_1_61' title="bbox 2298 2025 3817 2098">
    <p class='ocr_par' dir='ltr' id='par_1_61' title="bbox 2298 2025 3817 2098">
     <span class='ocr_line' id='line_1_61' title="bbox 2298 2025 3817 2098; baseline -0.005 -15"><span class='ocrx_word' id='word_1_449' title='bbox 2298 2029 2361 2083; x_wconf 84' lang='grc' dir='ltr'><strong>τὺ</strong></span> <span class='ocrx_word' id='word_1_450' title='bbox 2416 2028 2572 2097; x_wconf 74' lang='grc' dir='ltr'>ἅγιόν</span> <span class='ocrx_word' id='word_1_451' title='bbox 2623 2028 2778 2081; x_wconf 70' lang='grc' dir='ltr'>ἐστι’</span> <span class='ocrx_word' id='word_1_452' title='bbox 2827 2026 2951 2081; x_wconf 84' lang='grc' dir='ltr'>κατ’</span> <span class='ocrx_word' id='word_1_453' title='bbox 3007 2026 3191 2080; x_wconf 77' lang='grc' dir='ltr'>αἰτίαν</span> <span class='ocrx_word' id='word_1_454' title='bbox 3235 2026 3346 2096; x_wconf 85' lang='grc' dir='ltr'><strong>γὰρ</strong></span> <span class='ocrx_word' id='word_1_455' title='bbox 3396 2028 3425 2081; x_wconf 90' lang='lat'><strong>6</strong></span> <span class='ocrx_word' id='word_1_456' title='bbox 3462 2025 3817 2098; x_wconf 80' lang='grc' dir='ltr'>τρισυπόστατος</span> 
     </span>
    </p>
   </div>
   <div class='ocr_carea' id='block_1_62' title="bbox 2300 2117 3814 2193">
    <p class='ocr_par' dir='ltr' id='par_1_62' title="bbox 2300 2117 3814 2193">
     <span class='ocr_line' id='line_1_62' title="bbox 2300 2117 3814 2193; baseline -0.005 -19"><span class='ocrx_word' id='word_1_457' title='bbox 2300 2120 2460 2193; x_wconf 81' lang='grc' dir='ltr'>ἡμῶν</span> <span class='ocrx_word' id='word_1_458' title='bbox 2484 2119 2642 2187; x_wconf 74' lang='grc' dir='ltr'>Θεὸς,</span> <span class='ocrx_word' id='word_1_459' title='bbox 2672 2118 2832 2190; x_wconf 80' lang='grc' dir='ltr'>ἡμῶν</span> <span class='ocrx_word' id='word_1_460' title='bbox 2876 2118 3096 2188; x_wconf 83' lang='grc' dir='ltr'>λέγεται</span> <span class='ocrx_word' id='word_1_461' title='bbox 3125 2119 3260 2190; x_wconf 81' lang='grc' dir='ltr'>ζωὴ,</span> <span class='ocrx_word' id='word_1_462' title='bbox 3301 2118 3401 2173; x_wconf 70' lang='grc' dir='ltr'><strong>καὶ</strong></span> <span class='ocrx_word' id='word_1_463' title='bbox 3454 2119 3502 2172; x_wconf 83' lang='grc' dir='ltr'>εί</span> <span class='ocrx_word' id='word_1_464' title='bbox 3539 2119 3608 2189; x_wconf 77' lang='grc' dir='ltr'>μὴ</span> <span class='ocrx_word' id='word_1_465' title='bbox 3634 2117 3736 2171; x_wconf 81' lang='grc' dir='ltr'>κατ’</span> <span class='ocrx_word' id='word_1_466' title='bbox 3754 2117 3814 2168; x_wconf 79' lang='grc' dir='ltr'><strong>αἱ·</strong></span> 
     </span>
    </p>
   </div>
   <div class='ocr_carea' id='block_1_63' title="bbox 2299 2205 3812 2281">
    <p class='ocr_par' dir='ltr' id='par_1_63' title="bbox 2299 2205 3812 2281">
     <span class='ocr_line' id='line_1_63' title="bbox 2299 2205 3812 2281; baseline -0.005 -17"><span class='ocrx_word' id='word_1_467' title='bbox 2299 2211 2444 2275; x_wconf 86' lang='grc' dir='ltr'>τίαν,</span> <span class='ocrx_word' id='word_1_468' title='bbox 2483 2209 2621 2281; x_wconf 84' lang='grc' dir='ltr'>μηδὲ</span> <span class='ocrx_word' id='word_1_469' title='bbox 2661 2207 2801 2280; x_wconf 84' lang='grc' dir='ltr'>πρὸς</span> <span class='ocrx_word' id='word_1_470' title='bbox 2823 2209 3034 2280; x_wconf 73' lang='grc' dir='ltr'>ἕτερον,</span> <span class='ocrx_word' id='word_1_471' title='bbox 3066 2209 3183 2263; x_wconf 82' lang='grc' dir='ltr'>ἀλλ’</span> <span class='ocrx_word' id='word_1_472' title='bbox 3207 2208 3454 2277; x_wconf 80' lang='grc' dir='ltr'><strong>ἀσχέτως</strong></span> <span class='ocrx_word' id='word_1_473' title='bbox 3485 2208 3575 2261; x_wconf 71' lang='grc' dir='ltr'><strong>καὶ</strong></span> <span class='ocrx_word' id='word_1_474' title='bbox 3594 2205 3700 2261; x_wconf 81' lang='grc' dir='ltr'><strong>καθ’</strong></span> <span class='ocrx_word' id='word_1_475' title='bbox 3720 2206 3812 2258; x_wconf 68' lang='lat' dir='ltr'><strong>ian-</strong></span> 
     </span>
    </p>
   </div>
   <div class='ocr_carea' id='block_1_64' title="bbox 2298 2296 3813 2374">
    <p class='ocr_par' dir='ltr' id='par_1_64' title="bbox 2298 2296 3813 2374">
     <span class='ocr_line' id='line_1_64' title="bbox 2298 2296 3813 2374; baseline -0.003 -19"><span class='ocrx_word' id='word_1_476' title='bbox 2298 2302 2397 2374; x_wconf 81' lang='grc' dir='ltr'>τὴν</span> <span class='ocrx_word' id='word_1_477' title='bbox 2423 2301 2823 2372; x_wconf 86' lang='grc' dir='ltr'>θεολογουμένη</span> <span class='ocrx_word' id='word_1_478' title='bbox 2856 2303 2888 2371; x_wconf 80' lang='grc' dir='ltr'>ἡ</span> <span class='ocrx_word' id='word_1_479' title='bbox 2910 2300 3031 2355; x_wconf 87' lang='grc' dir='ltr'>θεία</span> <span class='ocrx_word' id='word_1_480' title='bbox 3059 2300 3195 2371; x_wconf 75' lang='grc' dir='ltr'>ζωὴ,</span> <span class='ocrx_word' id='word_1_481' title='bbox 3220 2300 3374 2355; x_wconf 76' lang='grc' dir='ltr'>οὐδὲν</span> <span class='ocrx_word' id='word_1_482' title='bbox 3401 2301 3581 2371; x_wconf 70' lang='grc' dir='ltr'>ἕτερον</span> <span class='ocrx_word' id='word_1_483' title='bbox 3606 2297 3733 2370; x_wconf 76' lang='grc' dir='ltr'>παρὰ</span> <span class='ocrx_word' id='word_1_484' title='bbox 3751 2296 3813 2351; x_wconf 67' lang='grc' dir='ltr'>τὸν</span> 
     </span>
    </p>
   </div>
   <div class='ocr_carea' id='block_1_65' title="bbox 2298 2386 3814 2465">
    <p class='ocr_par' dir='ltr' id='par_1_65' title="bbox 2298 2386 3814 2465">
     <span class='ocr_line' id='line_1_65' title="bbox 2298 2386 3814 2465; baseline -0.007 -16"><span class='ocrx_word' id='word_1_485' title='bbox 2298 2393 2543 2464; x_wconf 80' lang='grc' dir='ltr'>Πατέρα,</span> <span class='ocrx_word' id='word_1_486' title='bbox 2584 2392 2723 2448; x_wconf 82' lang='grc' dir='ltr'><strong>ἀλλὰ</strong></span> <span class='ocrx_word' id='word_1_487' title='bbox 2751 2392 2816 2465; x_wconf 85' lang='grc' dir='ltr'>δὴ</span> <span class='ocrx_word' id='word_1_488' title='bbox 2866 2392 2962 2448; x_wconf 83' lang='grc' dir='ltr'><strong>καὶ</strong></span> <span class='ocrx_word' id='word_1_489' title='bbox 2995 2392 3089 2446; x_wconf 75' lang='grc' dir='ltr'>τὸν</span> <span class='ocrx_word' id='word_1_490' title='bbox 3118 2392 3267 2457; x_wconf 79' lang='grc' dir='ltr'>Υίδν,</span> <span class='ocrx_word' id='word_1_491' title='bbox 3311 2394 3411 2448; x_wconf 77' lang='grc' dir='ltr'><strong>καὶ</strong></span> <span class='ocrx_word' id='word_1_492' title='bbox 3459 2393 3520 2447; x_wconf 80' lang='grc' dir='ltr'><strong>τὸ</strong></span> <span class='ocrx_word' id='word_1_493' title='bbox 3564 2390 3755 2459; x_wconf 81' lang='grc' dir='ltr'>Πνεῦμα</span> <span class='ocrx_word' id='word_1_494' title='bbox 3774 2386 3814 2439; x_wconf 73' lang='grc' dir='ltr'><strong>τὸ</strong></span> 
     </span>
    </p>
   </div>
   <div class='ocr_carea' id='block_1_66' title="bbox 2300 2484 3814 2557">
    <p class='ocr_par' dir='ltr' id='par_1_66' title="bbox 2300 2484 3814 2557">
     <span class='ocr_line' id='line_1_66' title="bbox 2300 2484 3814 2557; baseline -0.003 -16"><span class='ocrx_word' id='word_1_495' title='bbox 2300 2487 2459 2557; x_wconf 76' lang='grc' dir='ltr'>ἆγιόν</span> <span class='ocrx_word' id='word_1_496' title='bbox 2496 2488 2665 2540; x_wconf 77' lang='grc' dir='ltr'>ἐστιν.</span> <span class='ocrx_word' id='word_1_497' title='bbox 2696 2484 2964 2555; x_wconf 81' lang='grc' dir='ltr'>Οὐδαμῶς</span> <span class='ocrx_word' id='word_1_498' title='bbox 3017 2484 3075 2538; x_wconf 74' lang='grc' dir='ltr'>δὲ</span> <span class='ocrx_word' id='word_1_499' title='bbox 3119 2485 3190 2539; x_wconf 78' lang='grc' dir='ltr'><strong>τὰ</strong></span> <span class='ocrx_word' id='word_1_500' title='bbox 3239 2485 3466 2540; x_wconf 80' lang='grc' dir='ltr'>τοιαῦτα</span> <span class='ocrx_word' id='word_1_501' title='bbox 3500 2484 3814 2556; x_wconf 76' lang='grc' dir='ltr'>προσίσταται.</span> 
     </span>
    </p>
   </div>
   <div class='ocr_carea' id='block_1_67' title="bbox 2302 2568 3815 2646">
    <p class='ocr_par' dir='ltr' id='par_1_67' title="bbox 2302 2568 3815 2646">
     <span class='ocr_line' id='line_1_67' title="bbox 2302 2568 3815 2646; baseline -0.004 -16"><span class='ocrx_word' id='word_1_502' title='bbox 2302 2580 2415 2640; x_wconf 84' lang='grc' dir='ltr'>τοῖς</span> <span class='ocrx_word' id='word_1_503' title='bbox 2438 2572 2854 2632; x_wconf 76' lang='grc' dir='ltr'>ἄκτιστονέϊναι</span> <span class='ocrx_word' id='word_1_504' title='bbox 2881 2575 2974 2629; x_wconf 80' lang='grc' dir='ltr'>τὸν</span> <span class='ocrx_word' id='word_1_505' title='bbox 2994 2575 3128 2628; x_wconf 82' lang='grc' dir='ltr'><strong>Θεὸν</strong></span> <span class='ocrx_word' id='word_1_506' title='bbox 3153 2573 3459 2641; x_wconf 72' lang='grc' dir='ltr'><strong>δοξάζουσι,</strong></span> <span class='ocrx_word' id='word_1_507' title='bbox 3497 2575 3567 2646; x_wconf 77' lang='grc' dir='ltr'>μὴ</span> <span class='ocrx_word' id='word_1_508' title='bbox 3600 2572 3720 2628; x_wconf 84' lang='grc' dir='ltr'>κατὰ</span> <span class='ocrx_word' id='word_1_509' title='bbox 3746 2568 3815 2638; x_wconf 81' lang='grc' dir='ltr'>τὴν</span> 
     </span>
    </p>
   </div>
   <div class='ocr_carea' id='block_1_68' title="bbox 2299 2658 3818 2738">
    <p class='ocr_par' dir='ltr' id='par_1_68' title="bbox 2299 2658 3818 2738">
     <span class='ocr_line' id='line_1_68' title="bbox 2299 2658 3818 2738; baseline -0.005 -16"><span class='ocrx_word' id='word_1_510' title='bbox 2299 2668 2490 2722; x_wconf 79' lang='grc' dir='ltr'>οὐσίαν</span> <span class='ocrx_word' id='word_1_511' title='bbox 2539 2667 2700 2738; x_wconf 87' lang='grc' dir='ltr'>μόνον</span> <span class='ocrx_word' id='word_1_512' title='bbox 2749 2667 2977 2731; x_wconf 74' lang='grc' dir='ltr'>καὶτὰς</span> <span class='ocrx_word' id='word_1_513' title='bbox 3029 2668 3383 2732; x_wconf 75' lang='grc' dir='ltr'>ὑποστάσεις,</span> <span class='ocrx_word' id='word_1_514' title='bbox 3433 2666 3565 2721; x_wconf 79' lang='grc' dir='ltr'>ἀλλὰ</span> <span class='ocrx_word' id='word_1_515' title='bbox 3603 2658 3818 2718; x_wconf 75' lang='grc' dir='ltr'><strong>καὶκατὰ</strong></span> 
     </span>
    </p>
   </div>
   <div class='ocr_carea' id='block_1_69' title="bbox 2298 2750 3819 2831">
    <p class='ocr_par' dir='ltr' id='par_1_69' title="bbox 2298 2750 3819 2831">
     <span class='ocr_line' id='line_1_69' title="bbox 2298 2750 3819 2831; baseline 0.004 -19"><span class='ocrx_word' id='word_1_516' title='bbox 2298 2761 2398 2829; x_wconf 79' lang='grc' dir='ltr'>τὴν</span> <span class='ocrx_word' id='word_1_517' title='bbox 2426 2760 2615 2829; x_wconf 82' lang='grc' dir='ltr'>κοινὴν</span> <span class='ocrx_word' id='word_1_518' title='bbox 2649 2760 2757 2813; x_wconf 87' lang='grc' dir='ltr'><strong>τῶν</strong></span> <span class='ocrx_word' id='word_1_519' title='bbox 2799 2759 2966 2831; x_wconf 83' lang='grc' dir='ltr'>τριῶν</span> <span class='ocrx_word' id='word_1_520' title='bbox 3018 2759 3167 2813; x_wconf 88' lang='grc' dir='ltr'>θείαν</span> <span class='ocrx_word' id='word_1_521' title='bbox 3227 2758 3528 2828; x_wconf 68' lang='grc' dir='ltr'>ἐνέργειαν.</span> <span class='ocrx_word' id='word_1_522' title='bbox 3584 2757 3702 2809; x_wconf 81' lang='grc' dir='ltr'>Ἕνα</span> <span class='ocrx_word' id='word_1_523' title='bbox 3740 2750 3819 2818; x_wconf 71' lang='grc' dir='ltr'>γὰρ</span> 
     </span>
    </p>
   </div>
   <div class='ocr_carea' id='block_1_70' title="bbox 2297 2846 3817 2924">
    <p class='ocr_par' dir='ltr' id='par_1_70' title="bbox 2297 2846 3817 2924">
     <span class='ocr_line' id='line_1_70' title="bbox 2297 2846 3817 2924; baseline -0.003 -19"><span class='ocrx_word' id='word_1_524' title='bbox 2297 2851 2433 2907; x_wconf 76' lang='grc' dir='ltr'><strong>Θεὸν</strong></span> <span class='ocrx_word' id='word_1_525' title='bbox 2463 2854 2522 2906; x_wconf 85' lang='grc' dir='ltr'>ὲν</span> <span class='ocrx_word' id='word_1_526' title='bbox 2551 2853 2731 2924; x_wconf 70' lang='grc' dir='ltr'>τρισὶν</span> <span class='ocrx_word' id='word_1_527' title='bbox 2760 2852 3094 2906; x_wconf 74' lang='grc' dir='ltr'><strong>ὑποστάσεσι</strong></span> <span class='ocrx_word' id='word_1_528' title='bbox 3122 2849 3505 2923; x_wconf 84' lang='grc' dir='ltr'>θεολογοῦμεν,</span> <span class='ocrx_word' id='word_1_529' title='bbox 3535 2850 3652 2921; x_wconf 85' lang='grc' dir='ltr'>μίαν</span> <span class='ocrx_word' id='word_1_530' title='bbox 3672 2846 3817 2917; x_wconf 73' lang='grc' dir='ltr'>ἔχοντα</span> 
     </span>
    </p>
   </div>
   <div class='ocr_carea' id='block_1_71' title="bbox 2300 2939 3817 3015">
    <p class='ocr_par' dir='ltr' id='par_1_71' title="bbox 2300 2939 3817 3015">
     <span class='ocr_line' id='line_1_71' title="bbox 2300 2939 3817 3015; baseline -0.004 -18"><span class='ocrx_word' id='word_1_531' title='bbox 2300 2944 2402 3015; x_wconf 83' lang='grc' dir='ltr'>τὴν</span> <span class='ocrx_word' id='word_1_532' title='bbox 2436 2944 2649 3008; x_wconf 77' lang='grc' dir='ltr'>οὐσίαν,</span> <span class='ocrx_word' id='word_1_533' title='bbox 2700 2944 2797 2997; x_wconf 78' lang='grc' dir='ltr'><strong>καὶ</strong></span> <span class='ocrx_word' id='word_1_534' title='bbox 2855 2942 2956 3012; x_wconf 79' lang='grc' dir='ltr'>τὴν</span> <span class='ocrx_word' id='word_1_535' title='bbox 3007 2942 3262 3013; x_wconf 86' lang='grc' dir='ltr'>δύναμιν,</span> <span class='ocrx_word' id='word_1_536' title='bbox 3304 2945 3401 2996; x_wconf 78' lang='grc' dir='ltr'><strong>καὶ</strong></span> <span class='ocrx_word' id='word_1_537' title='bbox 3444 2940 3540 3011; x_wconf 77' lang='grc' dir='ltr'>τὴν</span> <span class='ocrx_word' id='word_1_538' title='bbox 3578 2939 3817 3009; x_wconf 71' lang='grc' dir='ltr'>ἐνέργειαν,</span> 
     </span>
    </p>
   </div>
   <div class='ocr_carea' id='block_1_72' title="bbox 2300 3023 3821 3106">
    <p class='ocr_par' dir='ltr' id='par_1_72' title="bbox 2300 3023 3821 3106">
     <span class='ocr_line' id='line_1_72' title="bbox 2300 3023 3821 3106; baseline -0.006 -17"><span class='ocrx_word' id='word_1_539' title='bbox 2300 3035 2395 3089; x_wconf 81' lang='grc' dir='ltr'><strong>καὶ</strong></span> <span class='ocrx_word' id='word_1_540' title='bbox 2441 3036 2542 3089; x_wconf 84' lang='grc' dir='ltr'>ὅσα</span> <span class='ocrx_word' id='word_1_541' title='bbox 2593 3035 2729 3090; x_wconf 78' lang='grc' dir='ltr'>ἄλλα</span> <span class='ocrx_word' id='word_1_542' title='bbox 2783 3035 2913 3106; x_wconf 76' lang='grc' dir='ltr'>περὶ</span> <span class='ocrx_word' id='word_1_543' title='bbox 2954 3035 3054 3106; x_wconf 76' lang='grc' dir='ltr'>τὴν</span> <span class='ocrx_word' id='word_1_544' title='bbox 3109 3036 3297 3090; x_wconf 75' lang='grc' dir='ltr'>οὺσίαν</span> <span class='ocrx_word' id='word_1_545' title='bbox 3346 3034 3642 3105; x_wconf 79' lang='grc' dir='ltr'>θεωρεῖται,</span> <span class='ocrx_word' id='word_1_546' title='bbox 3688 3028 3718 3083; x_wconf 74' lang='grc' dir='ltr'>ἃ</span> <span class='ocrx_word' id='word_1_547' title='bbox 3750 3023 3821 3079; x_wconf 67' lang='grc' dir='ltr'><strong>καὶ</strong></span> 
     </span>
    </p>
   </div>
   <div class='ocr_carea' id='block_1_73' title="bbox 2298 3116 3822 3198">
    <p class='ocr_par' dir='ltr' id='par_1_73' title="bbox 2298 3116 3822 3198">
     <span class='ocr_line' id='line_1_73' title="bbox 2298 3116 3822 3198; baseline -0.005 -16"><span class='ocrx_word' id='word_1_548' title='bbox 2298 3127 2572 3198; x_wconf 75' lang='grc' dir='ltr'>ἄθροισμα</span> <span class='ocrx_word' id='word_1_549' title='bbox 2619 3127 2716 3182; x_wconf 80' lang='grc' dir='ltr'><strong>καὶ</strong></span> <span class='ocrx_word' id='word_1_550' title='bbox 2750 3128 3030 3198; x_wconf 79' lang='grc' dir='ltr'>πλήρωμα</span> <span class='ocrx_word' id='word_1_551' title='bbox 3064 3127 3285 3197; x_wconf 84' lang='grc' dir='ltr'>λέγεται</span> <span class='ocrx_word' id='word_1_552' title='bbox 3309 3128 3561 3197; x_wconf 82' lang='grc' dir='ltr'><strong>θεότητος</strong></span> <span class='ocrx_word' id='word_1_553' title='bbox 3608 3121 3726 3176; x_wconf 65' lang='grc' dir='ltr'>κατὰ</span> <span class='ocrx_word' id='word_1_554' title='bbox 3750 3116 3822 3186; x_wconf 75' lang='grc' dir='ltr'>τὴν</span> 
     </span>
    </p>
   </div>
   <div class='ocr_carea' id='block_1_74' title="bbox 2217 3213 3820 3308">
    <p class='ocr_par' dir='ltr' id='par_1_74' title="bbox 2217 3213 3820 3308">
     <span class='ocr_line' id='line_1_74' title="bbox 2217 3213 3820 3308; baseline -0.014 -24"><span class='ocrx_word' id='word_1_555' title='bbox 2217 3251 2259 3308; x_wconf 76' lang='lat' dir='ltr'>c</span> <span class='ocrx_word' id='word_1_556' title='bbox 2298 3221 2543 3292; x_wconf 80' lang='grc' dir='ltr'>Γραφήν,</span> <span class='ocrx_word' id='word_1_557' title='bbox 2578 3220 2705 3276; x_wconf 85' lang='grc' dir='ltr'>καθ’</span> <span class='ocrx_word' id='word_1_558' title='bbox 2736 3221 2975 3292; x_wconf 81' lang='grc' dir='ltr'>ἑκάστην</span> <span class='ocrx_word' id='word_1_559' title='bbox 3006 3220 3113 3273; x_wconf 85' lang='grc' dir='ltr'><strong>τῶν</strong></span> <span class='ocrx_word' id='word_1_560' title='bbox 3131 3220 3303 3288; x_wconf 81' lang='grc' dir='ltr'><strong>ἁγίων</strong></span> <span class='ocrx_word' id='word_1_561' title='bbox 3332 3219 3503 3293; x_wconf 82' lang='grc' dir='ltr'>τριῶν</span> <span class='ocrx_word' id='word_1_562' title='bbox 3533 3213 3820 3271; x_wconf 81' lang='grc' dir='ltr'>ὑποστάσεων</span> 
     </span>
    </p>
   </div>
   <div class='ocr_carea' id='block_1_75' title="bbox 2298 3311 3459 3385">
    <p class='ocr_par' dir='ltr' id='par_1_75' title="bbox 2298 3311 3459 3385">
     <span class='ocr_line' id='line_1_75' title="bbox 2298 3311 3459 3385; baseline 0.002 -20"><span class='ocrx_word' id='word_1_563' title='bbox 2298 3314 2499 3384; x_wconf 76' lang='grc' dir='ltr'>ἐπίσης</span> <span class='ocrx_word' id='word_1_564' title='bbox 2526 3313 2879 3385; x_wconf 81' lang='grc' dir='ltr'>θεωρούμενα</span> <span class='ocrx_word' id='word_1_565' title='bbox 2906 3314 3001 3368; x_wconf 82' lang='grc' dir='ltr'><strong>καὶ</strong></span> <span class='ocrx_word' id='word_1_566' title='bbox 3035 3311 3459 3383; x_wconf 83' lang='grc' dir='ltr'>θεολογούμενα.</span> 
     </span>
    </p>
   </div>
   <div class='ocr_carea' id='block_1_76' title="bbox 2373 3400 3822 3479">
    <p class='ocr_par' dir='ltr' id='par_1_76' title="bbox 2373 3400 3822 3479">
     <span class='ocr_line' id='line_1_76' title="bbox 2373 3400 3822 3479; baseline -0.003 -20"><span class='ocrx_word' id='word_1_567' title='bbox 2373 3413 2490 3477; x_wconf 85' lang='grc' dir='ltr'>ριε’.</span> <span class='ocrx_word' id='word_1_568' title='bbox 2531 3407 2595 3461; x_wconf 81' lang='lat' dir='ltr'><strong>Oi</strong></span> <span class='ocrx_word' id='word_1_569' title='bbox 2628 3406 2727 3479; x_wconf 78' lang='grc' dir='ltr'>τὴν</span> <span class='ocrx_word' id='word_1_570' title='bbox 2769 3406 2921 3460; x_wconf 88' lang='grc' dir='ltr'>θείαν</span> <span class='ocrx_word' id='word_1_571' title='bbox 2953 3405 3161 3477; x_wconf 86' lang='grc' dir='ltr'>ταύτην</span> <span class='ocrx_word' id='word_1_572' title='bbox 3219 3404 3539 3466; x_wconf 78' lang='grc' dir='ltr'>ἀθετοῦντες</span> <span class='ocrx_word' id='word_1_573' title='bbox 3576 3400 3822 3470; x_wconf 68' lang='grc' dir='ltr'>ἐνέργειαν.</span> 
     </span>
    </p>
   </div>
   <div class='ocr_carea' id='block_1_77' title="bbox 2298 3488 3823 3573">
    <p class='ocr_par' dir='ltr' id='par_1_77' title="bbox 2298 3488 3823 3573">
     <span class='ocr_line' id='line_1_77' title="bbox 2298 3488 3823 3573; baseline -0.006 -19"><span class='ocrx_word' id='word_1_574' title='bbox 2298 3500 2395 3554; x_wconf 71' lang='grc' dir='ltr'><strong>καὶ</strong></span> <span class='ocrx_word' id='word_1_575' title='bbox 2422 3499 2518 3554; x_wconf 89' lang='grc' dir='ltr'><strong>νῦν</strong></span> <span class='ocrx_word' id='word_1_576' title='bbox 2544 3500 2643 3573; x_wconf 77' lang='grc' dir='ltr'>μὲν</span> <span class='ocrx_word' id='word_1_577' title='bbox 2672 3498 2899 3570; x_wconf 76' lang='grc' dir='ltr'>κτιστὴν</span> <span class='ocrx_word' id='word_1_578' title='bbox 2928 3491 3070 3552; x_wconf 72' lang='grc' dir='ltr'>εἶναι</span> <span class='ocrx_word' id='word_1_579' title='bbox 3088 3497 3365 3568; x_wconf 79' lang='grc' dir='ltr'>λέγοντες.</span> <span class='ocrx_word' id='word_1_580' title='bbox 3395 3495 3491 3550; x_wconf 90' lang='grc' dir='ltr'><strong>νῦν</strong></span> <span class='ocrx_word' id='word_1_581' title='bbox 3520 3496 3575 3548; x_wconf 78' lang='grc' dir='ltr'>δὲ</span> <span class='ocrx_word' id='word_1_582' title='bbox 3597 3493 3683 3562; x_wconf 79' lang='grc' dir='ltr'>τῆς</span> <span class='ocrx_word' id='word_1_583' title='bbox 3708 3488 3823 3545; x_wconf 71' lang='grc' dir='ltr'>θείας</span> 
     </span>
    </p>
   </div>
   <div class='ocr_carea' id='block_1_78' title="bbox 2296 3578 3823 3663">
    <p class='ocr_par' dir='ltr' id='par_1_78' title="bbox 2296 3578 3823 3663">
     <span class='ocr_line' id='line_1_78' title="bbox 2296 3578 3823 3663; baseline -0.01 -17"><span class='ocrx_word' id='word_1_584' title='bbox 2296 3592 2485 3656; x_wconf 81' lang='grc' dir='ltr'>οὐσίας</span> <span class='ocrx_word' id='word_1_585' title='bbox 2524 3592 2791 3663; x_wconf 81' lang='grc' dir='ltr'>μηδαμῶς</span> <span class='ocrx_word' id='word_1_586' title='bbox 2836 3590 3226 3659; x_wconf 79' lang='grc' dir='ltr'>διαφέρουσαν,</span> <span class='ocrx_word' id='word_1_587' title='bbox 3257 3589 3440 3644; x_wconf 79' lang='grc' dir='ltr'>ἄλλοτ’</span> <span class='ocrx_word' id='word_1_588' title='bbox 3486 3585 3629 3648; x_wconf 71' lang='grc' dir='ltr'>αὖθις</span> <span class='ocrx_word' id='word_1_589' title='bbox 3672 3578 3823 3648; x_wconf 78' lang='grc' dir='ltr'>ἑτέραν</span> 
     </span>
    </p>
   </div>
   <div class='ocr_carea' id='block_1_79' title="bbox 2296 3667 3825 3754">
    <p class='ocr_par' dir='ltr' id='par_1_79' title="bbox 2296 3667 3825 3754">
     <span class='ocr_line' id='line_1_79' title="bbox 2296 3667 3825 3754; baseline -0.013 -16"><span class='ocrx_word' id='word_1_590' title='bbox 2296 3683 2746 3754; x_wconf 80' lang='grc' dir='ltr'>καινοτομοῦντες</span> <span class='ocrx_word' id='word_1_591' title='bbox 2807 3680 3150 3745; x_wconf 78' lang='grc' dir='ltr'>δυσσέϐειαν,</span> <span class='ocrx_word' id='word_1_592' title='bbox 3216 3680 3386 3751; x_wconf 83' lang='grc' dir='ltr'>μόνην</span> <span class='ocrx_word' id='word_1_593' title='bbox 3446 3679 3682 3733; x_wconf 75' lang='grc' dir='ltr'>ἄκτιστον</span> <span class='ocrx_word' id='word_1_594' title='bbox 3713 3667 3825 3735; x_wconf 77' lang='grc' dir='ltr'><strong>ἐνέρ-</strong></span> 
     </span>
    </p>
   </div>
   <div class='ocr_carea' id='block_1_80' title="bbox 2295 3758 3822 3847">
    <p class='ocr_par' dir='ltr' id='par_1_80' title="bbox 2295 3758 3822 3847">
     <span class='ocr_line' id='line_1_80' title="bbox 2295 3758 3822 3847; baseline -0.011 -18"><span class='ocrx_word' id='word_1_595' title='bbox 2295 3791 2476 3845; x_wconf 81' lang='grc' dir='ltr'>γειαν,</span> <span class='ocrx_word' id='word_1_596' title='bbox 2524 3775 2616 3828; x_wconf 67' lang='grc' dir='ltr'><strong>τὸν</strong></span> <span class='ocrx_word' id='word_1_597' title='bbox 2643 3774 2738 3828; x_wconf 90' lang='grc' dir='ltr'><strong>τοῦ</strong></span> <span class='ocrx_word' id='word_1_598' title='bbox 2772 3775 2987 3847; x_wconf 80' lang='grc' dir='ltr'>Πατρδς</span> <span class='ocrx_word' id='word_1_599' title='bbox 3015 3774 3297 3844; x_wconf 84' lang='grc' dir='ltr'>Μονογενῆ</span> <span class='ocrx_word' id='word_1_600' title='bbox 3329 3767 3721 3842; x_wconf 73' lang='grc' dir='ltr'>δογματίζουσι,</span> <span class='ocrx_word' id='word_1_601' title='bbox 3753 3758 3822 3813; x_wconf 71' lang='grc' dir='ltr'><strong>καὶ</strong></span> 
     </span>
    </p>
   </div>
   <div class='ocr_carea' id='block_1_81' title="bbox 2296 3854 3824 3937">
    <p class='ocr_par' dir='ltr' id='par_1_81' title="bbox 2296 3854 3824 3937">
     <span class='ocr_line' id='line_1_81' title="bbox 2296 3854 3824 3937; baseline -0.006 -19"><span class='ocrx_word' id='word_1_602' title='bbox 2296 3865 2504 3937; x_wconf 87' lang='grc' dir='ltr'>ταύτην</span> <span class='ocrx_word' id='word_1_603' title='bbox 2533 3864 2597 3935; x_wconf 78' lang='grc' dir='ltr'>δὴ</span> <span class='ocrx_word' id='word_1_604' title='bbox 2649 3864 2966 3936; x_wconf 81' lang='grc' dir='ltr'>βουλόμενοι</span> <span class='ocrx_word' id='word_1_605' title='bbox 3010 3865 3108 3935; x_wconf 81' lang='grc' dir='ltr'><strong>τὴν</strong></span> <span class='ocrx_word' id='word_1_606' title='bbox 3151 3863 3312 3930; x_wconf 84' lang='grc' dir='ltr'>δόξαν</span> <span class='ocrx_word' id='word_1_607' title='bbox 3347 3862 3617 3932; x_wconf 81' lang='grc' dir='ltr'>συνιστᾷν,</span> <span class='ocrx_word' id='word_1_608' title='bbox 3648 3854 3824 3911; x_wconf 73' lang='grc' dir='ltr'>κάκεῖνα</span> 
     </span>
    </p>
   </div>
   <div class='ocr_carea' id='block_1_82' title="bbox 2295 3942 3823 4029">
    <p class='ocr_par' dir='ltr' id='par_1_82' title="bbox 2295 3942 3823 4029">
     <span class='ocr_line' id='line_1_82' title="bbox 2295 3942 3823 4029; baseline -0.008 -19"><span class='ocrx_word' id='word_1_609' title='bbox 2295 3956 2389 4010; x_wconf 87' lang='grc' dir='ltr'><strong>τοῦ</strong></span> <span class='ocrx_word' id='word_1_610' title='bbox 2424 3957 2623 4011; x_wconf 86' lang='grc' dir='ltr'>σεπτοῦ</span> <span class='ocrx_word' id='word_1_611' title='bbox 2652 3957 2924 4029; x_wconf 84' lang='grc' dir='ltr'>Κυρίλλου</span> <span class='ocrx_word' id='word_1_612' title='bbox 2953 3956 3369 4027; x_wconf 68' lang='grc' dir='ltr'>προδόιλλονταν</span> <span class='ocrx_word' id='word_1_613' title='bbox 3395 3954 3514 4024; x_wconf 82' lang='grc' dir='ltr'><strong>Ζωὴ</strong></span> <span class='ocrx_word' id='word_1_614' title='bbox 3538 3952 3600 4022; x_wconf 79' lang='grc' dir='ltr'>ἢν</span> <span class='ocrx_word' id='word_1_615' title='bbox 3630 3950 3655 4002; x_wconf 97' lang='lat'><strong>6</strong></span> <span class='ocrx_word' id='word_1_616' title='bbox 3678 3942 3823 4010; x_wconf 70' lang='grc' dir='ltr'>Πατὴρ</span> 
     </span>
    </p>
   </div>
   <div class='ocr_carea' id='block_1_83' title="bbox 2296 4035 3824 4121">
    <p class='ocr_par' dir='ltr' id='par_1_83' title="bbox 2296 4035 3824 4121">
     <span class='ocr_line' id='line_1_83' title="bbox 2296 4035 3824 4121; baseline -0.013 -17"><span class='ocrx_word' id='word_1_617' title='bbox 2296 4048 2410 4121; x_wconf 74' lang='grc' dir='ltr'>ἔχει</span> <span class='ocrx_word' id='word_1_618' title='bbox 2444 4051 2503 4103; x_wconf 78' lang='grc' dir='ltr'><strong>έν</strong></span> <span class='ocrx_word' id='word_1_619' title='bbox 2536 4049 2736 4121; x_wconf 78' lang='grc' dir='ltr'>ἐαυτῷ,</span> <span class='ocrx_word' id='word_1_620' title='bbox 2764 4048 2863 4119; x_wconf 77' lang='grc' dir='ltr'>οὐχ</span> <span class='ocrx_word' id='word_1_621' title='bbox 2894 4048 3060 4120; x_wconf 81' lang='grc' dir='ltr'>ἑτέρα</span> <span class='ocrx_word' id='word_1_622' title='bbox 3095 4048 3182 4112; x_wconf 83' lang='grc' dir='ltr'><strong>τίς</strong></span> <span class='ocrx_word' id='word_1_623' title='bbox 3229 4050 3347 4101; x_wconf 78' lang='grc' dir='ltr'>ἐστι</span> <span class='ocrx_word' id='word_1_624' title='bbox 3408 4044 3557 4118; x_wconf 83' lang='grc' dir='ltr'>παρὰ</span> <span class='ocrx_word' id='word_1_625' title='bbox 3584 4043 3666 4115; x_wconf 77' lang='grc' dir='ltr'>τὸν</span> <span class='ocrx_word' id='word_1_626' title='bbox 3711 4035 3824 4093; x_wconf 77' lang='grc' dir='ltr'>Υίὸν,</span> 
     </span>
    </p>
   </div>
   <div class='ocr_carea' id='block_1_84' title="bbox 2295 4124 3821 4212">
    <p class='ocr_par' dir='ltr' id='par_1_84' title="bbox 2295 4124 3821 4212">
     <span class='ocr_line' id='line_1_84' title="bbox 2295 4124 3821 4212; baseline -0.01 -16"><span class='ocrx_word' id='word_1_627' title='bbox 2295 4142 2392 4195; x_wconf 74' lang='grc' dir='ltr'><strong>καὶ</strong></span> <span class='ocrx_word' id='word_1_628' title='bbox 2420 4142 2503 4196; x_wconf 84' lang='grc' dir='ltr'>ὄτι</span> <span class='ocrx_word' id='word_1_629' title='bbox 2534 4142 2567 4211; x_wconf 83' lang='grc' dir='ltr'><strong>ὴ</strong></span> <span class='ocrx_word' id='word_1_630' title='bbox 2596 4143 2654 4193; x_wconf 81' lang='grc' dir='ltr'>ὲν</span> <span class='ocrx_word' id='word_1_631' title='bbox 2685 4140 2799 4212; x_wconf 83' lang='grc' dir='ltr'><strong>Υίῷ</strong></span> <span class='ocrx_word' id='word_1_632' title='bbox 2828 4140 2963 4212; x_wconf 75' lang='grc' dir='ltr'>ζωὴ,</span> <span class='ocrx_word' id='word_1_633' title='bbox 3001 4139 3101 4210; x_wconf 83' lang='grc' dir='ltr'><strong>οὐχ</strong></span> <span class='ocrx_word' id='word_1_634' title='bbox 3131 4138 3294 4209; x_wconf 79' lang='grc' dir='ltr'>ἑτέρα</span> <span class='ocrx_word' id='word_1_635' title='bbox 3335 4138 3423 4202; x_wconf 86' lang='grc' dir='ltr'><strong>τίς</strong></span> <span class='ocrx_word' id='word_1_636' title='bbox 3455 4139 3567 4191; x_wconf 72' lang='grc' dir='ltr'>ἔστι</span> <span class='ocrx_word' id='word_1_637' title='bbox 3607 4128 3737 4199; x_wconf 79' lang='grc' dir='ltr'>παρὰ</span> <span class='ocrx_word' id='word_1_638' title='bbox 3755 4124 3821 4176; x_wconf 73' lang='grc' dir='ltr'><strong>τὸν</strong></span> 
     </span>
    </p>
   </div>
   <div class='ocr_carea' id='block_1_85' title="bbox 2298 4217 3823 4305">
    <p class='ocr_par' dir='ltr' id='par_1_85' title="bbox 2298 4217 3823 4305">
     <span class='ocr_line' id='line_1_85' title="bbox 2298 4217 3823 4305; baseline -0.007 -16"><span class='ocrx_word' id='word_1_639' title='bbox 2298 4234 2541 4305; x_wconf 79' lang='grc' dir='ltr'>Πατέρα.</span> <span class='ocrx_word' id='word_1_640' title='bbox 2572 4232 2686 4288; x_wconf 71' lang='grc' dir='ltr'><strong>Καὶ</strong></span> <span class='ocrx_word' id='word_1_641' title='bbox 2702 4232 2961 4305; x_wconf 79' lang='grc' dir='ltr'>ἀληθεύει</span> <span class='ocrx_word' id='word_1_642' title='bbox 2987 4234 3016 4286; x_wconf 89' lang='lat'><strong>6</strong></span> <span class='ocrx_word' id='word_1_643' title='bbox 3035 4232 3232 4300; x_wconf 83' lang='grc' dir='ltr'>λέγων,</span> <span class='ocrx_word' id='word_1_644' title='bbox 3269 4249 3290 4283; x_wconf 80' lang='lat' dir='ltr'><strong>t</strong></span> <span class='ocrx_word' id='word_1_645' title='bbox 3328 4231 3472 4299; x_wconf 85' lang='grc' dir='ltr'><strong>Ἐγὼ</strong></span> <span class='ocrx_word' id='word_1_646' title='bbox 3497 4229 3554 4282; x_wconf 82' lang='grc' dir='ltr'>ὲν</span> <span class='ocrx_word' id='word_1_647' title='bbox 3581 4225 3651 4295; x_wconf 83' lang='grc' dir='ltr'><strong>τῷ</strong></span> <span class='ocrx_word' id='word_1_648' title='bbox 3669 4217 3823 4289; x_wconf 67' lang='grc' dir='ltr'>Πατρὶν</span> 
     </span>
    </p>
   </div>
   <div class='ocr_carea' id='block_1_86' title="bbox 2297 4312 3824 4398">
    <p class='ocr_par' dir='ltr' id='par_1_86' title="bbox 2297 4312 3824 4398">
     <span class='ocr_line' id='line_1_86' title="bbox 2297 4312 3824 4398; baseline -0.01 -16"><span class='ocrx_word' id='word_1_649' title='bbox 2297 4329 2395 4382; x_wconf 79' lang='grc' dir='ltr'><strong>καὶ</strong></span> <span class='ocrx_word' id='word_1_650' title='bbox 2451 4329 2480 4382; x_wconf 92' lang='lat'><strong>6</strong></span> <span class='ocrx_word' id='word_1_651' title='bbox 2508 4326 2699 4398; x_wconf 78' lang='grc' dir='ltr'>Πατὴρ</span> <span class='ocrx_word' id='word_1_652' title='bbox 2741 4328 2799 4380; x_wconf 76' lang='grc' dir='ltr'>ὲν</span> <span class='ocrx_word' id='word_1_653' title='bbox 2856 4325 2998 4396; x_wconf 69' lang='grc' dir='ltr'>ἐμοὶ.</span> <span class='ocrx_word' id='word_1_654' title='bbox 3031 4342 3051 4378; x_wconf 75' lang='grc' dir='ltr'><strong>ι</strong></span> <span class='ocrx_word' id='word_1_655' title='bbox 3110 4324 3304 4395; x_wconf 80' lang='grc' dir='ltr'>Ἡμεῖς</span> <span class='ocrx_word' id='word_1_656' title='bbox 3350 4323 3495 4386; x_wconf 84' lang='grc' dir='ltr'>δ’ὡς</span> <span class='ocrx_word' id='word_1_657' title='bbox 3524 4322 3579 4374; x_wconf 79' lang='grc' dir='ltr'>ὲν</span> <span class='ocrx_word' id='word_1_658' title='bbox 3613 4312 3824 4380; x_wconf 77' lang='grc' dir='ltr'>ὲπιτόμῳ.</span> 
     </span>
    </p>
   </div>
   <div class='ocr_carea' id='block_1_87' title="bbox 546 4403 2196 4489">
    <p class='ocr_par' dir='ltr' id='par_1_87' title="bbox 546 4407 2196 4472">
     <span class='ocr_line' id='line_1_87' title="bbox 546 4407 2196 4472; baseline -0.004 -5"><span class='ocrx_word' id='word_1_659' title='bbox 546 4414 547 4417; x_wconf 64' lang='grc'><em>“</em></span> <span class='ocrx_word' id='word_1_660' title='bbox 596 4412 957 4467; x_wconf 84' lang='lat' dir='ltr'><strong>ostendemus</strong></span> <span class='ocrx_word' id='word_1_661' title='bbox 990 4410 1187 4462; x_wconf 87' lang='lat' dir='ltr'><strong>borum</strong></span> <span class='ocrx_word' id='word_1_662' title='bbox 1219 4407 1395 4461; x_wconf 90' lang='lat' dir='ltr'><strong>sancti</strong></span> <span class='ocrx_word' id='word_1_663' title='bbox 1430 4408 1729 4462; x_wconf 83' lang='lat' dir='ltr'><strong>verborum</strong></span> <span class='ocrx_word' id='word_1_664' title='bbox 1764 4409 2196 4472; x_wconf 84' lang='lat' dir='ltr'><strong>sententiani,et</strong></span> 
     </span>
    </p>
   </div>
   <div class='ocr_carea' id='block_1_88' title="bbox 2295 4403 3824 4489">
    <p class='ocr_par' dir='ltr' id='par_1_88' title="bbox 2295 4403 3824 4489">
     <span class='ocr_line' id='line_1_88' title="bbox 2295 4403 3824 4489; baseline -0.009 -14"><span class='ocrx_word' id='word_1_665' title='bbox 2295 4419 2441 4475; x_wconf 68' lang='grc' dir='ltr'>κατὰ</span> <span class='ocrx_word' id='word_1_666' title='bbox 2474 4418 2537 4471; x_wconf 76' lang='grc' dir='ltr'><strong>τὸ</strong></span> <span class='ocrx_word' id='word_1_667' title='bbox 2569 4416 2870 4489; x_wconf 73' lang='grc' dir='ltr'>ἐγχωροῦν,</span> <span class='ocrx_word' id='word_1_668' title='bbox 2903 4416 3256 4487; x_wconf 78' lang='grc' dir='ltr'>ὑποδείξομεν</span> <span class='ocrx_word' id='word_1_669' title='bbox 3283 4416 3385 4486; x_wconf 79' lang='grc' dir='ltr'>τὴν</span> <span class='ocrx_word' id='word_1_670' title='bbox 3439 4416 3500 4467; x_wconf 78' lang='grc' dir='ltr'>ὲν</span> <span class='ocrx_word' id='word_1_671' title='bbox 3532 4414 3639 4475; x_wconf 80' lang='grc' dir='ltr'>τοῖς</span> <span class='ocrx_word' id='word_1_672' title='bbox 3684 4403 3824 4481; x_wconf 71' lang='grc' dir='ltr'>ῥητοῖς</span> 
     </span>
    </p>
   </div>
   <div class='ocr_carea' id='block_1_89' title="bbox 594 4498 2197 4572">
    <p class='ocr_par' dir='ltr' id='par_1_89' title="bbox 594 4498 2197 4572">
     <span class='ocr_line' id='line_1_89' title="bbox 594 4498 2197 4572; baseline -0.004 -10"><span class='ocrx_word' id='word_1_673' title='bbox 594 4519 793 4562; x_wconf 72' lang='lat' dir='ltr'><strong>eorum</strong></span> <span class='ocrx_word' id='word_1_674' title='bbox 822 4502 913 4572; x_wconf 72' lang='lat' dir='ltr'><strong>qui</strong></span> <span class='ocrx_word' id='word_1_675' title='bbox 943 4500 1266 4555; x_wconf 79' lang='lat' dir='ltr'><strong>densissima</strong></span> <span class='ocrx_word' id='word_1_676' title='bbox 1308 4498 1485 4567; x_wconf 85' lang='lat' dir='ltr'><strong>operti</strong></span> <span class='ocrx_word' id='word_1_677' title='bbox 1518 4499 1750 4568; x_wconf 85' lang='lat' dir='ltr'><strong>caligine</strong></span> <span class='ocrx_word' id='word_1_678' title='bbox 1788 4499 1945 4554; x_wconf 85' lang='lat' dir='ltr'><strong>nobis</strong></span> <span class='ocrx_word' id='word_1_679' title='bbox 1979 4511 2197 4556; x_wconf 85' lang='lat' dir='ltr'><strong>contra-</strong></span> 
     </span>
    </p>
   </div>
   <div class='ocr_carea' id='block_1_90' title="bbox 2296 4491 3819 4579">
    <p class='ocr_par' dir='ltr' id='par_1_90' title="bbox 2296 4491 3819 4579">
     <span class='ocr_line' id='line_1_90' title="bbox 2296 4491 3819 4579; baseline -0.007 -14"><span class='ocrx_word' id='word_1_680' title='bbox 2296 4513 2509 4575; x_wconf 83' lang='grc' dir='ltr'>τούτοις</span> <span class='ocrx_word' id='word_1_681' title='bbox 2535 4508 2630 4565; x_wconf 89' lang='grc' dir='ltr'><strong>τοῦ</strong></span> <span class='ocrx_word' id='word_1_682' title='bbox 2670 4510 2829 4579; x_wconf 81' lang='grc' dir='ltr'>ἁγίου</span> <span class='ocrx_word' id='word_1_683' title='bbox 2868 4509 3132 4574; x_wconf 82' lang='grc' dir='ltr'>διάνοιαν,</span> <span class='ocrx_word' id='word_1_684' title='bbox 3168 4508 3265 4561; x_wconf 72' lang='grc' dir='ltr'><strong>καὶ</strong></span> <span class='ocrx_word' id='word_1_685' title='bbox 3285 4507 3349 4560; x_wconf 69' lang='grc' dir='ltr'>τὸ</span> <span class='ocrx_word' id='word_1_686' title='bbox 3386 4504 3638 4564; x_wconf 81' lang='grc' dir='ltr'>δυσσεσὲς</span> <span class='ocrx_word' id='word_1_687' title='bbox 3673 4491 3819 4555; x_wconf 57' lang='lat' dir='ltr'><strong>tanti</strong></span> 
     </span>
    </p>
   </div>
   <div class='ocr_carea' id='block_1_91' title="bbox 606 4586 2196 4678">
    <p class='ocr_par' dir='ltr' id='par_1_91' title="bbox 606 4590 2192 4662">
     <span class='ocr_line' id='line_1_91' title="bbox 606 4590 2192 4662; baseline -0.003 -10"><span class='ocrx_word' id='word_1_688' title='bbox 606 4599 813 4660; x_wconf 84' lang='lat' dir='ltr'><strong>dicunt,</strong></span> <span class='ocrx_word' id='word_1_689' title='bbox 863 4593 1194 4662; x_wconf 85' lang='lat' dir='ltr'><strong>impietatem</strong></span> <span class='ocrx_word' id='word_1_690' title='bbox 1238 4602 1571 4661; x_wconf 84' lang='lat' dir='ltr'><strong>retegemus.</strong></span> <span class='ocrx_word' id='word_1_691' title='bbox 1626 4591 1755 4646; x_wconf 80' lang='lat' dir='ltr'><strong>illos</strong></span> <span class='ocrx_word' id='word_1_692' title='bbox 1810 4590 1906 4660; x_wconf 85' lang='lat' dir='ltr'><strong>qui</strong></span> <span class='ocrx_word' id='word_1_693' title='bbox 1970 4590 2192 4662; x_wconf 88' lang='lat' dir='ltr'><strong>Filium,</strong></span> 
     </span>
    </p>
   </div>
   <div class='ocr_carea' id='block_1_92' title="bbox 2295 4586 3820 4678">
    <p class='ocr_par' dir='ltr' id='par_1_92' title="bbox 2298 4586 3820 4678">
     <span class='ocr_line' id='line_1_92' title="bbox 2298 4586 3820 4678; baseline -0.011 -19"><span class='ocrx_word' id='word_1_694' title='bbox 2298 4604 2612 4678; x_wconf 81' lang='grc' dir='ltr'>ἀδιακρίτου</span> <span class='ocrx_word' id='word_1_695' title='bbox 2646 4603 2813 4672; x_wconf 74' lang='grc' dir='ltr'>ζόφου</span> <span class='ocrx_word' id='word_1_696' title='bbox 2866 4603 3005 4676; x_wconf 76' lang='grc' dir='ltr'>πρὸς</span> <span class='ocrx_word' id='word_1_697' title='bbox 3039 4602 3189 4674; x_wconf 75' lang='grc' dir='ltr'>ἡμᾶς</span> <span class='ocrx_word' id='word_1_698' title='bbox 3223 4600 3614 4669; x_wconf 79' lang='grc' dir='ltr'>ἀντιλεγόντων</span> <span class='ocrx_word' id='word_1_699' title='bbox 3641 4586 3820 4678; x_wconf 43' lang='lat' dir='ltr'><strong>etiam:</strong></span> 
     </span>
    </p>
   </div>
   <div class='ocr_carea' id='block_1_93' title="bbox 598 4675 2196 4767">
    <p class='ocr_par' dir='ltr' id='par_1_93' title="bbox 598 4680 2196 4748">
     <span class='ocr_line' id='line_1_93' title="bbox 598 4680 2196 4748; baseline -0.001 -5"><span class='ocrx_word' id='word_1_700' title='bbox 598 4704 715 4743; x_wconf 79' lang='lat' dir='ltr'><strong>non</strong></span> <span class='ocrx_word' id='word_1_701' title='bbox 747 4687 906 4741; x_wconf 82' lang='lat' dir='ltr'><strong>modo</strong></span> <span class='ocrx_word' id='word_1_702' title='bbox 930 4682 1258 4739; x_wconf 79' lang='lat' dir='ltr'><strong>dissimilem</strong></span> <span class='ocrx_word' id='word_1_703' title='bbox 1273 4680 1476 4748; x_wconf 69' lang='lat' dir='ltr'><strong>Patris,</strong></span> <span class='ocrx_word' id='word_1_704' title='bbox 1499 4680 1596 4737; x_wconf 88' lang='lat' dir='ltr'><strong>sed</strong></span> <span class='ocrx_word' id='word_1_705' title='bbox 1619 4691 1672 4738; x_wconf 88' lang='lat' dir='ltr'><strong>et</strong></span> <span class='ocrx_word' id='word_1_706' title='bbox 1693 4683 1857 4735; x_wconf 83' lang='lat' dir='ltr'><strong>Patre</strong></span> <span class='ocrx_word' id='word_1_707' title='bbox 1879 4682 2196 4742; x_wconf 82' lang='lat' dir='ltr'><strong>inferiorem</strong></span> 
     </span>
    </p>
   </div>
   <div class='ocr_carea' id='block_1_94' title="bbox 2295 4675 3815 4767">
    <p class='ocr_par' dir='ltr' id='par_1_94' title="bbox 2298 4675 3815 4767">
     <span class='ocr_line' id='line_1_94' title="bbox 2298 4675 3815 4767; baseline -0.003 -17"><span class='ocrx_word' id='word_1_708' title='bbox 2298 4675 2479 4767; x_wconf 57' lang='grc' dir='ltr'>ξομενξ</span> <span class='ocrx_word' id='word_1_709' title='bbox 2532 4696 2661 4758; x_wconf 85' lang='grc' dir='ltr'><strong>Τοῖς</strong></span> <span class='ocrx_word' id='word_1_710' title='bbox 2721 4696 2831 4767; x_wconf 85' lang='grc' dir='ltr'><strong>γὰρ</strong></span> <span class='ocrx_word' id='word_1_711' title='bbox 2875 4675 2968 4750; x_wconf 74' lang='grc' dir='ltr'>τὸν</span> <span class='ocrx_word' id='word_1_712' title='bbox 3018 4695 3147 4748; x_wconf 83' lang='grc' dir='ltr'>Υίδν</span> <span class='ocrx_word' id='word_1_713' title='bbox 3182 4694 3281 4747; x_wconf 82' lang='grc' dir='ltr'><strong>οὐκ</strong></span> <span class='ocrx_word' id='word_1_714' title='bbox 3322 4694 3574 4763; x_wconf 72' lang='grc' dir='ltr'>ἀνόμοιον</span> <span class='ocrx_word' id='word_1_715' title='bbox 3609 4687 3744 4759; x_wconf 84' lang='grc' dir='ltr'>μόνον</span> <span class='ocrx_word' id='word_1_716' title='bbox 3768 4675 3815 4745; x_wconf 65' lang='grc' dir='ltr'><strong>τῷ</strong></span> 
     </span>
    </p>
   </div>
   <div class='ocr_carea' id='block_1_95' title="bbox 602 4774 2201 4843">
    <p class='ocr_par' dir='ltr' id='par_1_95' title="bbox 602 4774 2201 4843">
     <span class='ocr_line' id='line_1_95' title="bbox 602 4774 2201 4843; baseline -0.001 -10"><span class='ocrx_word' id='word_1_717' title='bbox 602 4780 750 4833; x_wconf 81' lang='lat' dir='ltr'><strong>male</strong></span> <span class='ocrx_word' id='word_1_718' title='bbox 804 4776 1084 4842; x_wconf 82' lang='lat' dir='ltr'><strong>dicebant,</strong></span> <span class='ocrx_word' id='word_1_719' title='bbox 1116 4784 1374 4843; x_wconf 86' lang='lat' dir='ltr'><strong>tanquam</strong></span> <span class='ocrx_word' id='word_1_720' title='bbox 1423 4774 1470 4828; x_wconf 84' lang='lat' dir='ltr'><strong>si</strong></span> <span class='ocrx_word' id='word_1_721' title='bbox 1524 4787 1634 4828; x_wconf 89' lang='lat' dir='ltr'><strong>non</strong></span> <span class='ocrx_word' id='word_1_722' title='bbox 1678 4774 2070 4841; x_wconf 78' lang='lat' dir='ltr'><strong>essentialiter,</strong></span> <span class='ocrx_word' id='word_1_723' title='bbox 2102 4779 2201 4832; x_wconf 88' lang='lat' dir='ltr'><strong>sed</strong></span> 
     </span>
    </p>
   </div>
   <div class='ocr_carea' id='block_1_96' title="bbox 610 4864 2202 4936">
    <p class='ocr_par' dir='ltr' id='par_1_96' title="bbox 610 4864 2202 4936">
     <span class='ocr_line' id='line_1_96' title="bbox 610 4864 2202 4936; baseline 0 -12"><span class='ocrx_word' id='word_1_724' title='bbox 610 4870 910 4925; x_wconf 87' lang='lat' dir='ltr'><strong>adventitie</strong></span> <span class='ocrx_word' id='word_1_725' title='bbox 939 4877 993 4922; x_wconf 90' lang='lat' dir='ltr'><strong>et</strong></span> <span class='ocrx_word' id='word_1_726' title='bbox 1037 4881 1148 4936; x_wconf 80' lang='lat' dir='ltr'><strong>.per</strong></span> <span class='ocrx_word' id='word_1_727' title='bbox 1209 4864 1687 4935; x_wconf 80' lang='lat' dir='ltr'><strong>participationem</strong></span> <span class='ocrx_word' id='word_1_728' title='bbox 1750 4875 1806 4919; x_wconf 88' lang='lat' dir='ltr'><strong>et</strong></span> <span class='ocrx_word' id='word_1_729' title='bbox 1861 4867 2202 4923; x_wconf 82' lang='lat' dir='ltr'><strong>additionem</strong></span> 
     </span>
    </p>
   </div>
   <div class='ocr_carea' id='block_1_97' title="bbox 606 4957 2201 5029">
    <p class='ocr_par' dir='ltr' id='par_1_97' title="bbox 606 4957 2201 5029">
     <span class='ocr_line' id='line_1_97' title="bbox 606 4957 2201 5029; baseline -0.002 -10"><span class='ocrx_word' id='word_1_730' title='bbox 606 4965 834 5019; x_wconf 81' lang='lat' dir='ltr'><strong>haberet</strong></span> <span class='ocrx_word' id='word_1_731' title='bbox 862 4963 1043 5016; x_wconf 82' lang='lat' dir='ltr'><strong>vivere</strong></span> <span class='ocrx_word' id='word_1_732' title='bbox 1062 4970 1121 5015; x_wconf 89' lang='lat' dir='ltr'><strong>et</strong></span> <span class='ocrx_word' id='word_1_733' title='bbox 1144 4961 1355 5026; x_wconf 72' lang='lat' dir='ltr'><strong>vitam;</strong></span> <span class='ocrx_word' id='word_1_734' title='bbox 1390 4977 1411 5010; x_wconf 75' lang='grc' dir='ltr'><strong>ι</strong></span> <span class='ocrx_word' id='word_1_735' title='bbox 1437 4968 1493 5013; x_wconf 91' lang='lat' dir='ltr'><strong>et</strong></span> <span class='ocrx_word' id='word_1_736' title='bbox 1541 4957 1702 5028; x_wconf 85' lang='lat' dir='ltr'><strong>quasi</strong></span> <span class='ocrx_word' id='word_1_737' title='bbox 1758 4957 2028 5029; x_wconf 84' lang='lat' dir='ltr'><strong>recipiens</strong></span> <span class='ocrx_word' id='word_1_738' title='bbox 2075 4975 2201 5016; x_wconf 86' lang='lat' dir='ltr'><strong>eam</strong></span> 
     </span>
    </p>
   </div>
   <div class='ocr_carea' id='block_1_98' title="bbox 608 5052 2203 5124">
    <p class='ocr_par' dir='ltr' id='par_1_98' title="bbox 608 5052 2203 5124">
     <span class='ocr_line' id='line_1_98' title="bbox 608 5052 2203 5124; baseline -0.004 -10"><span class='ocrx_word' id='word_1_739' title='bbox 608 5060 920 5115; x_wconf 77' lang='lat' dir='ltr'><strong>:lesumsret</strong></span> <span class='ocrx_word' id='word_1_740' title='bbox 948 5070 981 5109; x_wconf 87' lang='lat' dir='ltr'><strong>a</strong></span> <span class='ocrx_word' id='word_1_741' title='bbox 1008 5053 1199 5121; x_wconf 81' lang='lat' dir='ltr'><strong>Patre,</strong></span> <span class='ocrx_word' id='word_1_742' title='bbox 1240 5062 1403 5124; x_wconf 82' lang='lat' dir='ltr'><strong>prout</strong></span> <span class='ocrx_word' id='word_1_743' title='bbox 1440 5054 1706 5122; x_wconf 79' lang='lat' dir='ltr'><strong>scriptum</strong></span> <span class='ocrx_word' id='word_1_744' title='bbox 1748 5063 1837 5106; x_wconf 90' lang='lat' dir='ltr'><strong>est</strong></span> <span class='ocrx_word' id='word_1_745' title='bbox 1869 5066 1885 5104; x_wconf 89' lang='lat'><strong>:</strong></span> <span class='ocrx_word' id='word_1_746' title='bbox 1912 5052 1957 5083; x_wconf 69' lang='grc'><strong>⁸⁸</strong></span> <span class='ocrx_word' id='word_1_747' title='bbox 1993 5072 2014 5105; x_wconf 78' lang='grc' dir='ltr'><strong>ι</strong></span> <span class='ocrx_word' id='word_1_748' title='bbox 2048 5052 2203 5109; x_wconf 86' lang='lat' dir='ltr'><strong>Sicut</strong></span> 
     </span>
    </p>
   </div>
   <div class='ocr_carea' id='block_1_99' title="bbox 606 5148 2202 5221">
    <p class='ocr_par' dir='ltr' id='par_1_99' title="bbox 606 5148 2202 5221">
     <span class='ocr_line' id='line_1_99' title="bbox 606 5148 2202 5221; baseline -0.005 -8"><span class='ocrx_word' id='word_1_749' title='bbox 606 5157 770 5212; x_wconf 85' lang='lat' dir='ltr'><strong>Pater</strong></span> <span class='ocrx_word' id='word_1_750' title='bbox 801 5156 963 5211; x_wconf 82' lang='lat' dir='ltr'><strong>habet</strong></span> <span class='ocrx_word' id='word_1_751' title='bbox 994 5155 1158 5209; x_wconf 85' lang='lat' dir='ltr'><strong>vitam</strong></span> <span class='ocrx_word' id='word_1_752' title='bbox 1187 5153 1240 5207; x_wconf 90' lang='lat' dir='ltr'><strong>in</strong></span> <span class='ocrx_word' id='word_1_753' title='bbox 1290 5152 1608 5221; x_wconf 80' lang='lat' dir='ltr'><strong>semetipso,</strong></span> <span class='ocrx_word' id='word_1_754' title='bbox 1640 5149 1725 5203; x_wconf 87' lang='lat' dir='ltr'><strong>sic</strong></span> <span class='ocrx_word' id='word_1_755' title='bbox 1785 5148 1934 5204; x_wconf 88' lang='lat' dir='ltr'><strong>dedit</strong></span> <span class='ocrx_word' id='word_1_756' title='bbox 1962 5159 2019 5205; x_wconf 91' lang='lat' dir='ltr'><strong>et</strong></span> <span class='ocrx_word' id='word_1_757' title='bbox 2058 5148 2202 5205; x_wconf 75' lang='lat' dir='ltr'><strong>Filio</strong></span> 
     </span>
    </p>
   </div>
   <div class='ocr_carea' id='block_1_100' title="bbox 608 5239 2205 5312">
    <p class='ocr_par' dir='ltr' id='par_1_100' title="bbox 608 5239 2205 5312">
     <span class='ocr_line' id='line_1_100' title="bbox 608 5239 2205 5312; baseline -0.006 -8"><span class='ocrx_word' id='word_1_758' title='bbox 608 5249 990 5304; x_wconf 82' lang='lat' dir='ltr'><strong>baberevitam</strong></span> <span class='ocrx_word' id='word_1_759' title='bbox 1020 5244 1075 5301; x_wconf 90' lang='lat' dir='ltr'><strong>in</strong></span> <span class='ocrx_word' id='word_1_760' title='bbox 1104 5244 1496 5311; x_wconf 83' lang='lat' dir='ltr'><strong>semetipsum;</strong></span> <span class='ocrx_word' id='word_1_761' title='bbox 1527 5258 1547 5293; x_wconf 74' lang='grc' dir='ltr'><strong>ι</strong></span> <span class='ocrx_word' id='word_1_762' title='bbox 1570 5240 1690 5295; x_wconf 88' lang='lat' dir='ltr'><strong>illos</strong></span> <span class='ocrx_word' id='word_1_763' title='bbox 1718 5239 1887 5310; x_wconf 88' lang='lat' dir='ltr'><strong>igitur</strong></span> <span class='ocrx_word' id='word_1_764' title='bbox 1916 5243 2008 5312; x_wconf 89' lang='lat' dir='ltr'><strong>qui</strong></span> <span class='ocrx_word' id='word_1_765' title='bbox 2033 5255 2205 5299; x_wconf 86' lang='lat' dir='ltr'><strong>evan-</strong></span> 
     </span>
    </p>
   </div>
   <div class='ocr_carea' id='block_1_101' title="bbox 604 5334 2205 5411">
    <p class='ocr_par' dir='ltr' id='par_1_101' title="bbox 604 5334 2205 5411">
     <span class='ocr_line' id='line_1_101' title="bbox 604 5334 2205 5411; baseline -0.003 -15"><span class='ocrx_word' id='word_1_766' title='bbox 604 5344 836 5411; x_wconf 82' lang='lat' dir='ltr'><strong>gelicum</strong></span> <span class='ocrx_word' id='word_1_767' title='bbox 876 5341 983 5395; x_wconf 85' lang='lat' dir='ltr'><strong>hoc</strong></span> <span class='ocrx_word' id='word_1_768' title='bbox 1029 5337 1251 5392; x_wconf 69' lang='lat' dir='ltr'><strong>effatum</strong></span> <span class='ocrx_word' id='word_1_769' title='bbox 1316 5345 1424 5390; x_wconf 89' lang='lat' dir='ltr'><strong>tam</strong></span> <span class='ocrx_word' id='word_1_770' title='bbox 1477 5335 1647 5404; x_wconf 84' lang='lat' dir='ltr'><strong>impie</strong></span> <span class='ocrx_word' id='word_1_771' title='bbox 1688 5334 2085 5407; x_wconf 76' lang='lat' dir='ltr'><strong>intelligebant;</strong></span> <span class='ocrx_word' id='word_1_772' title='bbox 2119 5352 2205 5391; x_wconf 87' lang='lat' dir='ltr'><strong>rc-</strong></span> 
     </span>
    </p>
   </div>
   <div class='ocr_carea' id='block_1_102' title="bbox 588 5428 2203 5501">
    <p class='ocr_par' dir='ltr' id='par_1_102' title="bbox 588 5428 2203 5501">
     <span class='ocr_line' id='line_1_102' title="bbox 588 5428 2203 5501; baseline -0.003 -12"><span class='ocrx_word' id='word_1_773' title='bbox 588 5436 801 5491; x_wconf 74' lang='lat' dir='ltr'><strong>~felletts</strong></span> <span class='ocrx_word' id='word_1_774' title='bbox 824 5435 983 5489; x_wconf 82' lang='lat' dir='ltr'><strong>divus</strong></span> <span class='ocrx_word' id='word_1_775' title='bbox 1018 5429 1265 5501; x_wconf 68' lang='lat' dir='ltr'><strong>.Cyrillus</strong></span> <span class='ocrx_word' id='word_1_776' title='bbox 1296 5429 1373 5483; x_wconf 87' lang='lat' dir='ltr'><strong>ait</strong></span> <span class='ocrx_word' id='word_1_777' title='bbox 1402 5444 1419 5485; x_wconf 85' lang='lat'><strong>:</strong></span> <span class='ocrx_word' id='word_1_778' title='bbox 1447 5447 1477 5482; x_wconf 56' lang='grc' dir='ltr'>τι</span> <span class='ocrx_word' id='word_1_779' title='bbox 1512 5429 1653 5495; x_wconf 79' lang='lat' dir='ltr'><strong>Quia</strong></span> <span class='ocrx_word' id='word_1_780' title='bbox 1679 5430 1790 5483; x_wconf 89' lang='lat' dir='ltr'><strong>vita</strong></span> <span class='ocrx_word' id='word_1_781' title='bbox 1822 5428 1971 5484; x_wconf 80' lang='lat' dir='ltr'><strong>Deus</strong></span> <span class='ocrx_word' id='word_1_782' title='bbox 1997 5429 2203 5485; x_wconf 84' lang='lat' dir='ltr'><strong>dicitur</strong></span> 
     </span>
    </p>
   </div>
   <div class='ocr_carea' id='block_1_103' title="bbox 609 5523 2204 5595">
    <p class='ocr_par' dir='ltr' id='par_1_103' title="bbox 609 5523 2204 5595">
     <span class='ocr_line' id='line_1_103' title="bbox 609 5523 2204 5595; baseline -0.003 -11"><span class='ocrx_word' id='word_1_783' title='bbox 609 5526 1439 5594; x_wconf 45' lang='lat' dir='ltr'><strong>secundumoperationemrut</strong></span> <span class='ocrx_word' id='word_1_784' title='bbox 1488 5523 1768 5578; x_wconf 81' lang='lat' dir='ltr'><strong>viviﬁcans</strong></span> <span class='ocrx_word' id='word_1_785' title='bbox 1793 5524 2052 5592; x_wconf 85' lang='lat' dir='ltr'><strong>viventia,</strong></span> <span class='ocrx_word' id='word_1_786' title='bbox 2085 5526 2204 5595; x_wconf 90' lang='lat' dir='ltr'><strong>ipse</strong></span> 
     </span>
    </p>
   </div>
   <div class='ocr_carea' id='block_1_104' title="bbox 588 5616 2201 5685">
    <p class='ocr_par' dir='ltr' id='par_1_104' title="bbox 588 5616 2201 5685">
     <span class='ocr_line' id='line_1_104' title="bbox 588 5616 2201 5685; baseline -0.001 -11"><span class='ocrx_word' id='word_1_787' title='bbox 588 5624 755 5674; x_wconf 88' lang='lat' dir='ltr'><strong>—cnim</strong></span> <span class='ocrx_word' id='word_1_788' title='bbox 817 5628 903 5674; x_wconf 85' lang='lat' dir='ltr'><strong>est</strong></span> <span class='ocrx_word' id='word_1_789' title='bbox 962 5618 1074 5671; x_wconf 83' lang='lat' dir='ltr'><strong>vita</strong></span> <span class='ocrx_word' id='word_1_790' title='bbox 1126 5616 1455 5670; x_wconf 85' lang='lat' dir='ltr'><strong>naturaliter</strong></span> <span class='ocrx_word' id='word_1_791' title='bbox 1518 5616 1843 5685; x_wconf 85' lang='lat' dir='ltr'><strong>viventium,</strong></span> <span class='ocrx_word' id='word_1_792' title='bbox 1882 5628 1942 5672; x_wconf 93' lang='lat' dir='ltr'><strong>ut</strong></span> <span class='ocrx_word' id='word_1_793' title='bbox 1984 5630 2201 5672; x_wconf 79' lang='lat' dir='ltr'><strong>naturae</strong></span> 
     </span>
    </p>
   </div>
   <div class='ocr_carea' id='block_1_105' title="bbox 610 5709 2198 5785">
    <p class='ocr_par' dir='ltr' id='par_1_105' title="bbox 610 5709 2198 5785">
     <span class='ocr_line' id='line_1_105' title="bbox 610 5709 2198 5785; baseline 0 -19"><span class='ocrx_word' id='word_1_794' title='bbox 610 5725 848 5778; x_wconf 81' lang='lat' dir='ltr'><strong>creator,</strong></span> <span class='ocrx_word' id='word_1_795' title='bbox 882 5713 992 5765; x_wconf 87' lang='lat' dir='ltr'><strong>imo</strong></span> <span class='ocrx_word' id='word_1_796' title='bbox 1017 5719 1077 5764; x_wconf 82' lang='lat' dir='ltr'><strong>et</strong></span> <span class='ocrx_word' id='word_1_797' title='bbox 1113 5709 1297 5765; x_wconf 81' lang='lat' dir='ltr'><strong>divine</strong></span> <span class='ocrx_word' id='word_1_798' title='bbox 1322 5710 1642 5779; x_wconf 84' lang='lat' dir='ltr'><strong>viventium,</strong></span> <span class='ocrx_word' id='word_1_799' title='bbox 1680 5719 1741 5767; x_wconf 88' lang='lat' dir='ltr'><strong>ut</strong></span> <span class='ocrx_word' id='word_1_800' title='bbox 1767 5712 1958 5785; x_wconf 60' lang='lat' dir='ltr'><strong>gratiae</strong></span> <span class='ocrx_word' id='word_1_801' title='bbox 1997 5715 2198 5780; x_wconf 87' lang='lat' dir='ltr'><strong>dator;</strong></span> 
     </span>
    </p>
   </div>
   <div class='ocr_carea' id='block_1_106' title="bbox 675 5881 1203 5949">
    <p class='ocr_par' dir='ltr' id='par_1_106' title="bbox 675 5881 1203 5949">
     <span class='ocr_line' id='line_1_106' title="bbox 675 5881 1203 5949; baseline 0.004 -12"><span class='ocrx_word' id='word_1_802' title='bbox 675 5883 729 5915; x_wconf 74' lang='lat'>“</span> <span class='ocrx_word' id='word_1_803' title='bbox 750 5881 921 5938; x_wconf 77' lang='lat' dir='ltr'><strong>Joan.</strong></span> <span class='ocrx_word' id='word_1_804' title='bbox 962 5899 1017 5949; x_wconf 79' lang='grc' dir='ltr'><strong>ν,</strong></span> <span class='ocrx_word' id='word_1_805' title='bbox 1038 5883 1107 5939; x_wconf 65' lang='grc' dir='ltr'><strong>Ἠὶ</strong></span> <span class='ocrx_word' id='word_1_806' title='bbox 1130 5924 1148 5941; x_wconf 84' lang='lat'><em>.</em></span> <span class='ocrx_word' id='word_1_807' title='bbox 1198 5932 1203 5939; x_wconf 86' lang='lat'>.</span> 
     </span>
    </p>
   </div>
   <div class='ocr_carea' id='block_1_107' title="bbox 2295 4770 3820 4861">
    <p class='ocr_par' dir='ltr' id='par_1_107' title="bbox 2295 4770 3820 4861">
     <span class='ocr_line' id='line_1_107' title="bbox 2295 4770 3820 4861; baseline -0.005 -19"><span class='ocrx_word' id='word_1_808' title='bbox 2295 4788 2496 4861; x_wconf 72' lang='grc' dir='ltr'>Πατρὶ,</span> <span class='ocrx_word' id='word_1_809' title='bbox 2526 4787 2663 4842; x_wconf 82' lang='grc' dir='ltr'>ἀλλὰ</span> <span class='ocrx_word' id='word_1_810' title='bbox 2682 4790 2775 4841; x_wconf 74' lang='grc' dir='ltr'><strong>καὶ</strong></span> <span class='ocrx_word' id='word_1_811' title='bbox 2801 4788 2940 4859; x_wconf 79' lang='grc' dir='ltr'>μετὰ</span> <span class='ocrx_word' id='word_1_812' title='bbox 2970 4787 3062 4840; x_wconf 72' lang='grc' dir='ltr'><strong>τὸν</strong></span> <span class='ocrx_word' id='word_1_813' title='bbox 3082 4785 3307 4856; x_wconf 80' lang='grc' dir='ltr'>Πατέρα</span> <span class='ocrx_word' id='word_1_814' title='bbox 3330 4783 3553 4853; x_wconf 80' lang='grc' dir='ltr'>λέγουσι</span> <span class='ocrx_word' id='word_1_815' title='bbox 3577 4778 3752 4837; x_wconf 65' lang='grc' dir='ltr'>κακῶς,</span> 
     </span>
    </p>
   </div>
   <div class='ocr_carea' id='block_1_108' title="bbox 2295 4860 3817 4948">
    <p class='ocr_par' dir='ltr' id='par_1_108' title="bbox 2295 4860 3817 4948">
     <span class='ocr_line' id='line_1_108' title="bbox 2295 4860 3817 4948; baseline -0.003 -12"><span class='ocrx_word' id='word_1_816' title='bbox 2295 4880 2357 4936; x_wconf 81' lang='grc' dir='ltr'>οὐ</span> <span class='ocrx_word' id='word_1_817' title='bbox 2405 4881 2548 4935; x_wconf 84' lang='grc' dir='ltr'><strong>κατὰ</strong></span> <span class='ocrx_word' id='word_1_818' title='bbox 2594 4881 2781 4948; x_wconf 84' lang='grc' dir='ltr'>φύσιν,</span> <span class='ocrx_word' id='word_1_819' title='bbox 2813 4878 2930 4933; x_wconf 80' lang='grc' dir='ltr'>ἀλλ’</span> <span class='ocrx_word' id='word_1_820' title='bbox 2960 4878 3290 4932; x_wconf 72' lang='grc' dir='ltr'>επεεσακτον</span> <span class='ocrx_word' id='word_1_821' title='bbox 3339 4864 3608 4930; x_wconf 69' lang='grc' dir='ltr'><strong>καικατά</strong></span> <span class='ocrx_word' id='word_1_822' title='bbox 3641 4860 3817 4942; x_wconf 73' lang='grc' dir='ltr'>μετοχὴν</span> 
     </span>
    </p>
   </div>
   <div class='ocr_carea' id='block_1_109' title="bbox 2295 4952 3818 5046">
    <p class='ocr_par' dir='ltr' id='par_1_109' title="bbox 2295 4952 3818 5046">
     <span class='ocr_line' id='line_1_109' title="bbox 2295 4952 3818 5046; baseline -0.009 -18"><span class='ocrx_word' id='word_1_823' title='bbox 2295 4974 2391 5028; x_wconf 75' lang='grc' dir='ltr'><strong>καὶ</strong></span> <span class='ocrx_word' id='word_1_824' title='bbox 2414 4973 2738 5046; x_wconf 84' lang='grc' dir='ltr'>προσθήκην</span> <span class='ocrx_word' id='word_1_825' title='bbox 2773 4973 2968 5043; x_wconf 78' lang='grc' dir='ltr'>ἔχοντα</span> <span class='ocrx_word' id='word_1_826' title='bbox 2990 4972 3055 5026; x_wconf 78' lang='grc' dir='ltr'>τὸ</span> <span class='ocrx_word' id='word_1_827' title='bbox 3101 4971 3201 5043; x_wconf 79' lang='grc' dir='ltr'>ζῇν</span> <span class='ocrx_word' id='word_1_828' title='bbox 3230 4972 3324 5024; x_wconf 74' lang='grc' dir='ltr'><strong>καὶ</strong></span> <span class='ocrx_word' id='word_1_829' title='bbox 3351 4970 3452 5041; x_wconf 85' lang='grc' dir='ltr'>τὴν</span> <span class='ocrx_word' id='word_1_830' title='bbox 3486 4966 3645 5036; x_wconf 81' lang='grc' dir='ltr'>ζωὴν,</span> <span class='ocrx_word' id='word_1_831' title='bbox 3676 4958 3749 5014; x_wconf 75' lang='grc' dir='ltr'><strong>καὶ</strong></span> <span class='ocrx_word' id='word_1_832' title='bbox 3767 4952 3818 5011; x_wconf 73' lang='grc' dir='ltr'><strong>ὡς</strong></span> 
     </span>
    </p>
   </div>
   <div class='ocr_carea' id='block_1_110' title="bbox 2298 5046 3820 5138">
    <p class='ocr_par' dir='ltr' id='par_1_110' title="bbox 2298 5046 3820 5138">
     <span class='ocr_line' id='line_1_110' title="bbox 2298 5046 3820 5138; baseline -0.009 -17"><span class='ocrx_word' id='word_1_833' title='bbox 2298 5065 2650 5138; x_wconf 78' lang='grc' dir='ltr'>λαμϐάνοντα</span> <span class='ocrx_word' id='word_1_834' title='bbox 2703 5066 3001 5138; x_wconf 84' lang='grc' dir='ltr'>δεχόμενον</span> <span class='ocrx_word' id='word_1_835' title='bbox 3062 5063 3268 5135; x_wconf 88' lang='grc' dir='ltr'>ταύτην</span> <span class='ocrx_word' id='word_1_836' title='bbox 3315 5062 3467 5131; x_wconf 80' lang='grc' dir='ltr'>παρὰ</span> <span class='ocrx_word' id='word_1_837' title='bbox 3510 5061 3602 5113; x_wconf 89' lang='grc' dir='ltr'><strong>τοῦ</strong></span> <span class='ocrx_word' id='word_1_838' title='bbox 3643 5046 3820 5119; x_wconf 72' lang='grc' dir='ltr'>Πατρδῖο</span> 
     </span>
    </p>
   </div>
   <div class='ocr_carea' id='block_1_111' title="bbox 2303 5138 3822 5231">
    <p class='ocr_par' dir='ltr' id='par_1_111' title="bbox 2303 5138 3822 5231">
     <span class='ocr_line' id='line_1_111' title="bbox 2303 5138 3822 5231; baseline -0.003 -18"><span class='ocrx_word' id='word_1_839' title='bbox 2303 5159 2526 5213; x_wconf 80' lang='grc' dir='ltr'>κατὰτὸ</span> <span class='ocrx_word' id='word_1_840' title='bbox 2557 5159 2970 5231; x_wconf 85' lang='grc' dir='ltr'>γεγραμμένον,</span> <span class='ocrx_word' id='word_1_841' title='bbox 3006 5177 3023 5210; x_wconf 80' lang='grc' dir='ltr'><strong>ι</strong></span> <span class='ocrx_word' id='word_1_842' title='bbox 3063 5158 3275 5228; x_wconf 78' lang='grc' dir='ltr'>Ὠσπερ</span> <span class='ocrx_word' id='word_1_843' title='bbox 3308 5157 3336 5208; x_wconf 87' lang='lat'><strong>6</strong></span> <span class='ocrx_word' id='word_1_844' title='bbox 3372 5153 3561 5223; x_wconf 79' lang='grc' dir='ltr'>Πατὴρ</span> <span class='ocrx_word' id='word_1_845' title='bbox 3594 5149 3693 5221; x_wconf 72' lang='grc' dir='ltr'><strong>ἔχει</strong></span> <span class='ocrx_word' id='word_1_846' title='bbox 3715 5138 3822 5208; x_wconf 59' lang='grc' dir='ltr'><strong>ζωὴν</strong></span> 
     </span>
    </p>
   </div>
   <div class='ocr_carea' id='block_1_112' title="bbox 2301 5231 3824 5321">
    <p class='ocr_par' dir='ltr' id='par_1_112' title="bbox 2301 5231 3824 5321">
     <span class='ocr_line' id='line_1_112' title="bbox 2301 5231 3824 5321; baseline -0.012 -15"><span class='ocrx_word' id='word_1_847' title='bbox 2301 5254 2362 5307; x_wconf 79' lang='grc' dir='ltr'>ὲν</span> <span class='ocrx_word' id='word_1_848' title='bbox 2402 5251 2603 5321; x_wconf 80' lang='grc' dir='ltr'>ἑαυτῷ,</span> <span class='ocrx_word' id='word_1_849' title='bbox 2636 5251 2812 5315; x_wconf 79' lang='grc' dir='ltr'>οὕτως</span> <span class='ocrx_word' id='word_1_850' title='bbox 2844 5250 3014 5305; x_wconf 80' lang='grc' dir='ltr'>ἔδωκε</span> <span class='ocrx_word' id='word_1_851' title='bbox 3045 5249 3141 5317; x_wconf 65' lang='grc' dir='ltr'><strong>καὶ</strong></span> <span class='ocrx_word' id='word_1_852' title='bbox 3184 5248 3262 5320; x_wconf 83' lang='grc' dir='ltr'><strong>τῷ</strong></span> <span class='ocrx_word' id='word_1_853' title='bbox 3292 5247 3407 5319; x_wconf 83' lang='grc' dir='ltr'><strong>Υίῷ</strong></span> <span class='ocrx_word' id='word_1_854' title='bbox 3458 5245 3596 5315; x_wconf 79' lang='grc' dir='ltr'>ζωὴν</span> <span class='ocrx_word' id='word_1_855' title='bbox 3637 5241 3756 5310; x_wconf 76' lang='grc' dir='ltr'>ἔχειν</span> <span class='ocrx_word' id='word_1_856' title='bbox 3782 5231 3824 5282; x_wconf 70' lang='grc' dir='ltr'>ἐν</span> 
     </span>
    </p>
   </div>
   <div class='ocr_carea' id='block_1_113' title="bbox 2300 5324 3827 5415">
    <p class='ocr_par' dir='ltr' id='par_1_113' title="bbox 2300 5324 3827 5415">
     <span class='ocr_line' id='line_1_113' title="bbox 2300 5324 3827 5415; baseline -0.017 -15"><span class='ocrx_word' id='word_1_857' title='bbox 2300 5344 2522 5415; x_wconf 69' lang='grc' dir='ltr'>ἑαυτῴο</span> <span class='ocrx_word' id='word_1_858' title='bbox 2577 5363 2595 5397; x_wconf 79' lang='lat' dir='ltr'><strong>t</strong></span> <span class='ocrx_word' id='word_1_859' title='bbox 2642 5346 2758 5408; x_wconf 79' lang='grc' dir='ltr'>τοῖς</span> <span class='ocrx_word' id='word_1_860' title='bbox 2805 5339 2899 5398; x_wconf 83' lang='grc' dir='ltr'>οὖν</span> <span class='ocrx_word' id='word_1_861' title='bbox 2948 5344 3009 5397; x_wconf 77' lang='grc' dir='ltr'>τὸ</span> <span class='ocrx_word' id='word_1_862' title='bbox 3060 5340 3417 5411; x_wconf 80' lang='grc' dir='ltr'>εὐαγγελικὸν</span> <span class='ocrx_word' id='word_1_863' title='bbox 3464 5336 3617 5392; x_wconf 84' lang='grc' dir='ltr'>τοῦτο</span> <span class='ocrx_word' id='word_1_864' title='bbox 3657 5324 3827 5415; x_wconf 67' lang='grc' dir='ltr'>νοοῦσιν</span> 
     </span>
    </p>
   </div>
   <div class='ocr_carea' id='block_1_114' title="bbox 2295 5409 3826 5502">
    <p class='ocr_par' dir='ltr' id='par_1_114' title="bbox 2295 5409 3826 5502">
     <span class='ocr_line' id='line_1_114' title="bbox 2295 5409 3826 5502; baseline -0.011 -12"><span class='ocrx_word' id='word_1_865' title='bbox 2295 5409 2770 5501; x_wconf 59' lang='grc' dir='ltr'>οὕτωδυσσεὸῶς,</span> <span class='ocrx_word' id='word_1_866' title='bbox 2802 5434 3103 5502; x_wconf 77' lang='grc' dir='ltr'>ἀντιλέγων</span> <span class='ocrx_word' id='word_1_867' title='bbox 3137 5409 3183 5486; x_wconf 66' lang='grc' dir='ltr'>δ’</span> <span class='ocrx_word' id='word_1_868' title='bbox 3205 5409 3345 5494; x_wconf 87' lang='grc' dir='ltr'>θεῖος</span> <span class='ocrx_word' id='word_1_869' title='bbox 3385 5427 3671 5499; x_wconf 76' lang='grc' dir='ltr'>Κύριλλος¹</span> <span class='ocrx_word' id='word_1_870' title='bbox 3705 5409 3826 5470; x_wconf 71' lang='grc' dir='ltr'><strong>Ἐπεὶ</strong></span> 
     </span>
    </p>
   </div>
   <div class='ocr_carea' id='block_1_115' title="bbox 2295 5503 3825 5598">
    <p class='ocr_par' dir='ltr' id='par_1_115' title="bbox 2295 5503 3825 5598">
     <span class='ocr_line' id='line_1_115' title="bbox 2295 5503 3825 5598; baseline -0.014 -16"><span class='ocrx_word' id='word_1_871' title='bbox 2295 5526 2409 5597; x_wconf 82' lang='grc' dir='ltr'><strong>ζωὴ</strong></span> <span class='ocrx_word' id='word_1_872' title='bbox 2439 5527 2539 5598; x_wconf 78' lang='grc' dir='ltr'>μὲν</span> <span class='ocrx_word' id='word_1_873' title='bbox 2563 5529 2590 5580; x_wconf 87' lang='grc' dir='ltr'>ὁ</span> <span class='ocrx_word' id='word_1_874' title='bbox 2621 5528 2754 5591; x_wconf 73' lang='grc' dir='ltr'>Θεὸς</span> <span class='ocrx_word' id='word_1_875' title='bbox 2784 5526 2879 5580; x_wconf 76' lang='grc' dir='ltr'><strong>καὶ</strong></span> <span class='ocrx_word' id='word_1_876' title='bbox 2903 5525 3044 5580; x_wconf 81' lang='grc' dir='ltr'>κατὰ</span> <span class='ocrx_word' id='word_1_877' title='bbox 3071 5525 3170 5596; x_wconf 81' lang='grc' dir='ltr'>τὴν</span> <span class='ocrx_word' id='word_1_878' title='bbox 3212 5524 3496 5595; x_wconf 68' lang='grc' dir='ltr'>ἐνέργειαν</span> <span class='ocrx_word' id='word_1_879' title='bbox 3526 5518 3738 5586; x_wconf 79' lang='grc' dir='ltr'>λέγεται.</span> <span class='ocrx_word' id='word_1_880' title='bbox 3766 5503 3825 5598; x_wconf 63' lang='lat' dir='ltr'><strong>ti);</strong></span> 
     </span>
    </p>
   </div>
   <div class='ocr_carea' id='block_1_116' title="bbox 2295 5596 3822 5689">
    <p class='ocr_par' dir='ltr' id='par_1_116' title="bbox 2295 5596 3822 5689">
     <span class='ocr_line' id='line_1_116' title="bbox 2295 5596 3822 5689; baseline 0.007 -15"><span class='ocrx_word' id='word_1_881' title='bbox 2295 5596 2576 5686; x_wconf 72' lang='grc' dir='ltr'>ζωοττοιῶν</span> <span class='ocrx_word' id='word_1_882' title='bbox 2602 5622 2670 5675; x_wconf 76' lang='grc' dir='ltr'><strong>τὰ</strong></span> <span class='ocrx_word' id='word_1_883' title='bbox 2722 5621 2905 5686; x_wconf 82' lang='grc' dir='ltr'>ζῶντα</span> <span class='ocrx_word' id='word_1_884' title='bbox 2927 5637 2943 5651; x_wconf 89' lang='grc'><strong>·</strong></span> <span class='ocrx_word' id='word_1_885' title='bbox 2976 5621 3146 5682; x_wconf 74' lang='grc' dir='ltr'>αὐτὸς</span> <span class='ocrx_word' id='word_1_886' title='bbox 3181 5619 3290 5689; x_wconf 79' lang='grc' dir='ltr'>γάρ</span> <span class='ocrx_word' id='word_1_887' title='bbox 3336 5619 3491 5669; x_wconf 77' lang='grc' dir='ltr'>ἐστιν</span> <span class='ocrx_word' id='word_1_888' title='bbox 3533 5615 3563 5682; x_wconf 65' lang='grc' dir='ltr'>ἡ</span> <span class='ocrx_word' id='word_1_889' title='bbox 3607 5607 3707 5675; x_wconf 64' lang='grc' dir='ltr'><strong>ζωὴ</strong></span> <span class='ocrx_word' id='word_1_890' title='bbox 3740 5596 3822 5689; x_wconf 42' lang='lat' dir='ltr'><strong>“In</strong></span> 
     </span>
    </p>
   </div>
   <div class='ocr_carea' id='block_1_117' title="bbox 2296 5688 3820 5785">
    <p class='ocr_par' dir='ltr' id='par_1_117' title="bbox 2296 5688 3820 5785">
     <span class='ocr_line' id='line_1_117' title="bbox 2296 5688 3820 5785; baseline -0.008 -16"><span class='ocrx_word' id='word_1_891' title='bbox 2296 5714 2440 5770; x_wconf 74' lang='grc' dir='ltr'>κατὰ</span> <span class='ocrx_word' id='word_1_892' title='bbox 2468 5715 2630 5785; x_wconf 82' lang='grc' dir='ltr'>φύσιν</span> <span class='ocrx_word' id='word_1_893' title='bbox 2661 5715 2903 5783; x_wconf 78' lang='grc' dir='ltr'>ζώντων,</span> <span class='ocrx_word' id='word_1_894' title='bbox 2934 5713 3011 5778; x_wconf 81' lang='grc' dir='ltr'>ὡς</span> <span class='ocrx_word' id='word_1_895' title='bbox 3042 5712 3142 5784; x_wconf 83' lang='grc' dir='ltr'><strong>τῆς</strong></span> <span class='ocrx_word' id='word_1_896' title='bbox 3174 5710 3388 5782; x_wconf 77' lang='grc' dir='ltr'>φύσεως</span> <span class='ocrx_word' id='word_1_897' title='bbox 3441 5707 3671 5774; x_wconf 81' lang='grc' dir='ltr'>κτίστης,</span> <span class='ocrx_word' id='word_1_898' title='bbox 3719 5688 3820 5749; x_wconf 59' lang='grc' dir='ltr'><strong>ἀλλά</strong></span> 
     </span>
    </p>
   </div>
  </div>
