4020 6496
269 436 403 508 ῙΞΟΙ

1189 432 1460 497 CAPITA
1502 423 1844 496 PHYSICA,
1880 417 2402 486 THEOLOGICA»
2438 417 2580 477 ETC

3385 417 3521 480 liii?

256 548 354 598 καὶ
382 544 492 598 τῶν
536 542 696 606 θείως
732 541 974 608 ζώντων,
1008 536 1086 605 ὡς
1136 536 1374 611 χορηγὸς
1424 536 1528 608 τῆς
1584 536 1833 607 χάριτος*

1955 532 2151 587 dicitur
2173 534 2338 585 etiam
2386 530 2503 600 ipse
2539 530 2651 583 vita
2702 527 2754 583 in
2795 528 2999 599 seipse.
3034 543 3131 583 nec
3198 528 3420 587 relative
3463 534 3534 586 ad

257 636 475 703 λέγεται
501 633 559 687 δὲ
583 634 676 687 καὶ
707 632 823 703 ζωὴ
848 632 1013 694 αὐτὸς
1042 631 1166 685 καθ’
1197 630 1412 692 ἑαυτὸν,
1454 628 1515 682 οὐ
1566 629 1703 696 πρὸς
1723 626 1871 681 ἔτεα.

262 745 372 797 ρον,
398 724 515 779 ἀλλ’
543 723 760 793 άφέτως
791 738 852 775 τε
891 722 985 775 καὶ
1028 718 1447 790 ἅπολελυμένως
1496 718 1674 787 πάντη
1702 734 1715 747 ο
1750 718 1840 769 Θέ-

259 821 368 874 λων
396 819 425 872 6
452 818 597 881 θεῖος
628 814 896 885 Κύριλλος
917 815 1114 879 δεῖξαι,
1154 814 1237 866 ὅτι
1276 813 1399 867 καθ’
1431 811 1695 881 ἑκάτερον
1720 808 1845 863 τού-

259 928 370 965 των
394 909 547 963 οὐδὲν
585 910 613 962 6
637 907 764 970 Υἱὸς
792 906 1037 977 διαφέρει
1063 905 1159 959 τοῦ
1189 906 1423 976 Πατρὸς,
1449 906 1544 957 καὶ
1576 905 1660 957 ὄτι
1686 902 1842 970 παρὰ

260 1000 358 1055 τοῦ
392 1000 606 1070 Πατρὸς
639 998 893 1068 δέχεσθαί
933 1014 988 1050 τι
1032 996 1126 1050 τὸν
1160 996 1311 1061 Υίὸν,
1356 996 1416 1048 οὐ
1445 994 1583 1065 μετὰ
1612 994 1704 1047 τὸν
1730 994 1846 1047 Πα-

259 1094 400 1164 τέρα
430 1092 727 1155 δείκνυσιν,
762 1090 883 1143 οὐδὲ
936 1089 1114 1161 χρόνῳ
1158 1086 1550 1159 δευτερεύοντα
1582 1084 1705 1139 κατ’
1752 1084 1845 1136 οὑ-

265 1187 390 1239 σίαν
415 1185 507 1238 τὸν
523 1184 671 1246 Υίὺν,
696 1183 833 1254 πρὸς
865 1181 1084 1245 πολλοῖς
1114 1181 1325 1252 ἑτέροις
1347 1179 1444 1232 καὶ
1468 1177 1626 1231 τοῦτό
1657 1190 1841 1247 φησιν·

268 1277 385 1330 Οὐκ
413 1276 471 1329 ὲν
493 1274 570 1345 τῷ
600 1272 853 1345 δέχεσθαί
885 1289 938 1324 τι
968 1272 1029 1324 τὸ
1055 1269 1195 1324 εἶναι
1226 1270 1363 1339 ἔχει,
1394 1269 1511 1321 ἀλλ’
1534 1267 1609 1320 ὢν
1631 1266 1847 1337 δέχεταί

267 1386 345 1423 τι.
379 1369 490 1420 Καὶ
520 1366 910 1436 συμπεραίνων
936 1362 1376 1432 ἐνῆγεν-Οὐκοῦν
1395 1361 1457 1412 οὐ
1482 1361 1543 1412 τὸ
1576 1357 1761 1413 λαϐεῖν
1790 1374 1847 1412 τι

266 1460 424 1530 παρὰ
479 1457 575 1511 τοῦ
630 1458 862 1527 Πατρδς,
921 1456 1223 1522 ἀναγκάσει
1274 1455 1524 1524 δεύτερον
1569 1450 1709 1509 εἶναι
1771 1454 1849 1526 τῷ

263 1551 445 1622 χρόνῳ
479 1549 601 1603 κατ’
649 1551 837 1604 οὐσίαν
869 1550 962 1604 τὸν
996 1549 1127 1603 Υίόν
1156 1565 1170 1579 ⁸
1198 1548 1296 1618 τὴν
1345 1548 1491 1616 ζωὴν
1520 1547 1754 1602 ἐνταῦθα
1782 1550 1849 1620 ἢν

264 1640 384 1708 ἔχει
420 1642 449 1693 6
469 1638 678 1709 Πατὴρ,
712 1639 806 1691 καὶ
833 1638 901 1708 ἢν
934 1640 962 1691 6
985 1637 1116 1700 Υἱὸς
1140 1638 1291 1708 παρὰ
1321 1638 1532 1707 Πατρὺς
1558 1637 1847 1708 λαμϐάνει,

267 1731 346 1800 μὴ
371 1724 511 1785 εἶναι
541 1728 638 1799 τὴν
686 1729 874 1783 οὐσίαν
895 1728 1275 1800 ἐκδεχόμενος.

343 1819 476 1895 pic”.
518 1821 640 1875 Ἔτι
677 1821 891 1885 δεικνὺς
943 1823 972 1874 6
1020 1820 1163 1883 θεῖος
1215 1820 1504 1891 Κύριλλος,
1548 1821 1624 1884 ὡς
1677 1824 1727 1876 ει
1757 1824 1852 1885 καὶ

269 1913 408 1983 πρὸς
435 1914 504 1968 τὰ
547 1915 725 1979 ζῶντα
761 1914 981 1982 λέγεται
1024 1912 1138 1983 ζωὴ
1185 1913 1305 1966 κατ’
1350 1913 1641 1980 ἐνέργειαν
1683 1917 1711 1968 6
1755 1913 1850 1968 τοῦ

267 2004 406 2058 Θεοῦ
447 2006 595 2069 Υἱὸς,
628 2006 703 2069 ὡς
736 2005 1018 2068 ζωοποιῶν
1045 2004 1206 2070 αὐτὰ,
1243 2006 1338 2059 καὶ
1369 2005 1484 2076 ζωὴ
1517 2006 1852 2075 καλούμενος

268 2095 478 2159 αὐτῶν,
507 2095 628 2148 οὐδὲ
677 2096 819 2150 κατὰ
855 2097 1015 2149 τοῦτό
1051 2098 1203 2149 ἐστιν
1248 2097 1501 2166 ἀνόμοιος
1542 2096 1621 2168 τῷ
1656 2098 1851 2166 “arpi,

266 2185 410 2237 ἀλλὰ
439 2185 580 2239 κατὰ
614 2185 774 2254 φύσιν
796 2186 909 2257 ἔχει
934 2186 994 2239 τὸ
1024 2185 1138 2257 ζωὴ
1164 2187 1371 2240 τούτων
1392 2182 1559 2248 εἶναι,
1595 2188 1689 2240 καὶ
1717 2187 1854 2252 ζωο-

274 2278 459 2328 ποιεῖν
481 2276 622 2329 αὺτὰ
651 2277 795 2330 καθὰ
828 2276 921 2331 καὶ
961 2278 990 2330 6
1024 2277 1216 2346 Πατήρ
1237 2294 1252 2307 ο
1283 2276 1488 2347 γράφει
1522 2276 1727 2347 προϊών
1749 2291 1764 2305 ⁸
1792 2277 1855 2330 Ei

269 2367 352 2438 μὴ
380 2367 496 2439 ζωὴ
530 2368 672 2424 κατὰ
702 2369 865 2438 φύσιν
891 2370 1041 2422 ἐστὶν
1068 2369 1096 2421 6
1137 2368 1289 2431 Υίδς,
1332 2368 1448 2431 πῶς
1492 2368 1855 2440 ὲπαληθεύσει

267 2450 449 2526 λείων
475 2474 491 2490 ·
531 2477 550 2510 ι
584 2458 643 2512 '0
675 2459 947 2513 πιστεύων
980 2459 1059 2521 είς
1083 2459 1204 2528 ἐμὲ,
1235 2458 1347 2527 ἔχει
1374 2457 1519 2530 ζωὴν
1542 2458 1793 2518 αἰώνιον;
1831 2477 1850 2511 ι

267 2551 385 2603 Καὶ
420 2548 603 2602 πάλιν·
638 2566 658 2600 ι
690 2550 771 2602 Τὰ
799 2548 1050 2621 πρόϐατα
1088 2547 1157 2601 τὰ
1202 2549 1313 2617 ἐμὰ
1348 2550 1450 2618 τῆς
1492 2549 1633 2619 ἐμῆς
1665 2548 1857 2603 ἀκούει

270 2642 485 2711 φωνῆς,
540 2640 695 2710 κάγὼ
738 2640 933 2711 δίδωμι
981 2641 1168 2704 αὐτοῖς
1207 2640 1351 2710 ζωὴν
1392 2638 1630 2695 αἰώνιον.
1674 2660 1693 2693 ι
1747 2643 1858 2696 Καὶ

270 2733 418 2803 μετά
449 2746 609 2799 τινα,’
627 2732 703 2798 ὡς
742 2732 903 2802 φύσει
931 2731 1245 2806 προσοῦσαν
1275 2731 1425 2802 αὐτῷ
1446 2733 1545 2802 τὴν
1567 2732 1736 2804 ζωὴν,
1762 2733 1858 2787 καὶ

266 2823 548 2886 οὑσιωδῶς
569 2826 1007 2895 ἐνυπάρχουσαν,
1059 2824 1255 2879 δώσειν
1298 2828 1409 2890 τοῖς
1438 2826 1520 2890 είς
1566 2825 1732 2881 αὐτὸν
1766 2843 1859 2881 πι-

267 2915 560 2970 στεύουσιν
589 2918 1007 2987 ἐπαγγέλλεται.
1026 2917 1259 2981 Πῶςοοῦν
1283 2917 1557 2989 ἐνδέχεται
1576 2921 1737 2982 νοεῖν,
1758 2920 1859 2973 οὐκ

266 3006 471 3075 ἔχοντα
498 3007 591 3061 τὸν
611 3009 739 3063 Υίὸν
762 3009 1046 3080 εἰληφέναι
1068 3010 1274 3081 ταύτην
1307 3009 1458 3080 παρὰ
1478 3008 1573 3064 τοῦ
1607 3010 1855 3081 Πατρόςς

1944 623 2117 687 aliud,
2139 622 2237 677 sed
2266 621 2569 677 eminenter
2599 629 2654 675 et
2696 619 2947 675 absolute
2979 636 3225 689 prorsus.
3279 641 3296 672 ο
3334 621 3534 676 Volens

1942 716 2098 770 divus
2117 714 2352 783 Cyrillus
2374 714 2670 769 ostendere
2722 723 2953 784 utraque
2993 714 3093 769 hac
3129 717 3233 769 vita
3267 715 3400 770 nihil
3428 716 3534 771 dif-

1942 806 2088 861 ferre
2138 804 2334 860 Filium
2363 820 2390 858 a
2411 804 2595 871 Patre,
2624 814 2680 860 et
2709 820 2775 861 ex
2807 820 2871 860 eo
2898 808 3043 875 quod
3068 822 3096 860 a
3144 805 3305 863 Patre
3333 808 3535 876 aliquid

1942 898 2177 967 accipiat
2211 894 2403 962 Filius,
2433 912 2543 952 non
2569 898 2790 966 probari
2820 898 2951 953 hine
2981 897 3126 953 Patri
3177 900 3258 952 vel
3287 906 3537 967 tempore

1941 992 2296 1060 posteriorem
2374 988 2670 1044 secundum
2744 991 3040 1045 essentiam
3127 1006 3249 1046 esse
3310 990 3529 1058 Filium,

1941 1094 2136 1152 praeter
2165 1083 2330 1135 multa
2370 1082 2480 1136 alia
2504 1081 2612 1137 hoc
2668 1082 2800 1137 dicit
2833 1098 2849 1137 :
2883 1101 2903 1135 ι
2952 1083 3072 1139 Non
3108 1085 3162 1138 in
3217 1086 3537 1151 accipiendo

1939 1174 2146 1244 aliquid
2165 1174 2333 1230 sumit
2353 1174 2753 1241 exsistentiam,
2783 1174 2876 1230 sed
2885 1175 2997 1245 jam
3030 1178 3297 1231 cxsismns
3338 1178 3537 1246 accip;t

1942 1268 2169 1337 aliquid.
2207 1287 2227 1321 ι
2260 1267 2326 1323 Ει
2377 1267 2711 1323 concludens
2747 1268 2898 1324 addit
2931 1284 2947 1323 :
2987 1289 3006 1321 ι
3048 1270 3190 1338 Ergo
3226 1285 3333 1324 non
3397 1271 3530 1338 quia

1941 1361 2143 1431 accipit
2191 1360 2395 1431 aliquid
2441 1375 2473 1414 a
2527 1359 2713 1424 Patre,
2750 1365 3000 1432 sequitur
3046 1365 3360 1418 necessario
3415 1378 3537 1416 esse

1941 1450 2298 1522 posteriorem
2333 1461 2575 1517 tempore
2603 1454 2903 1507 secundum
2926 1456 3223 1509 essentiam
3258 1454 3477 1508 Filium.
3508 1473 3529 1507 ι

1943 1544 2120 1600 Vitam
2147 1543 2234 1598 hic
2261 1558 2424 1613 quam
2454 1542 2621 1600 habet
2649 1543 2809 1601 Pater
2838 1546 3059 1613 accivit,
3096 1562 3201 1601 non
3236 1546 3530 1603 essentiam

1941 1651 2068 1691 esse
2100 1634 2378 1706 intelligit.

2013 1794 2137 1851 116.
2168 1793 2360 1849 Adhuc
2403 1788 2699 1846 ostendens
2752 1788 2908 1842 divus
2961 1783 3222 1854 Cyrillus,
3282 1783 3533 1850 quamvis
3606 1807 3615 1810 υ

1822 1885 1906 1945 :8
1939 1889 2165 1945 relative
2199 1888 2265 1941 ad
2304 1884 2538 1939 viventia
2586 1882 2801 1935 dicatur
2831 1878 2939 1932 vita
2999 1875 3297 1930 secundum
3337 1887 3533 1941 Opera-

1944 1982 2151 2039 tionem
2188 1979 2363 2036 Filius
2401 1975 2521 2037 Dei.
2555 1984 2613 2027 ut
2652 1971 2933 2025 viviﬁcaris
2965 1985 3025 2023 ea
3073 1982 3375 2035 eorumque
3422 1967 3541 2018 vita,

1942 2086 2192 2139 vocatus,
2219 2087 2325 2125 non
2368 2070 2489 2125 ideo
2525 2069 2696 2139 ipsum
2728 2081 2847 2120 esse
2878 2062 3028 2117 Patri
3053 2061 3397 2126 dissimilem,
3438 2060 3533 2114 sed

1947 2167 2014 2222 ad
2034 2167 2200 2234 ipsius
2227 2172 2474 2218 naturam
2506 2159 2779 2230 pertinere
2804 2164 2862 2210 ut
2892 2155 2962 2234 sit
2993 2153 3105 2209 vita
3136 2167 3333 2208 eorum
3364 2165 3545 2220 eaque

1910 2268 1915 2275 ‘
1946 2222 2184 2313 viviiicet
2211 2255 2352 2311 sicut
2382 2265 2435 2307 et
2475 2251 2637 2309 Pater
2668 2222 2941 2315 ;subinde
2992 2245 3222 2302 scribit:
3260 2263 3278 2296 ι
3318 2242 3373 2297 Si
3432 2256 3539 2295 non

1950 2352 2058 2406 vita
2079 2351 2379 2404 secundum
2397 2356 2647 2400 naturam
2669 2351 2751 2399 est
2766 2340 2957 2403 Filius,
2980 2338 3257 2406 quomodo
3272 2335 3540 2390 veraciter

1948 2441 2078 2498 dicit
2113 2456 2129 2496 :
2155 2458 2175 2492 ι
2198 2439 2304 2505 Qui
2332 2437 2577 2493 creditin
2610 2448 2717 2500 me,
2736 2432 2901 2487 habet
2929 2432 3092 2486 vitam
3117 2437 3376 2483 aeternam
3408 2426 3491 2480 ην
3516 2444 3535 2479 ι

1948 2545 2006 2593 et
2062 2533 2261 2588 iterum
2291 2547 2307 2585 :
2342 2549 2361 2583 ι
2400 2531 2543 2584 Oves
2596 2542 2731 2581 meae
2764 2540 2952 2579 vocem
2986 2537 3161 2577 meam
3202 2521 3450 2582 audiunt,
3481 2528 3536 2573 et

1952 2641 2054 2696 ego
2080 2627 2245 2679 vitam
2264 2600 2523 2679 aeternam
2549 2621 2620 2675 do
2647 2619 2725 2673 eis
2752 2618 2815 2671 ".
2857 2635 2876 2670 ι
2913 2616 2976 2670 Ει
3000 2616 3162 2686 paulo
3184 2624 3329 2684 post,
3366 2613 3534 2667 vitam

1951 2734 2120 2793 quam
2144 2719 2306 2773 habet
2336 2712 2701 2770 essentialiter
2725 2712 2778 2765 in
2817 2723 2876 2764 se
2917 2717 3247 2772 manentem,
3275 2709 3535 2758 daturum

1952 2828 2013 2870 se
2043 2810 2392 2866 credentibus
2417 2808 2471 2861 in
2508 2808 2685 2876 ipsum
2722 2801 3036 2873 pollicetur.
3066 2799 3350 2865 Quomodo
3379 2797 3544 2867 igitur

1956 2909 2178 2980 intelligi
2214 2916 2396 2977 posset
2425 2920 2528 2959 non
2564 2904 2768 2958 habens
2804 2898 2972 2953 Filius
3029 2896 3309 2963 accepisse
3339 2893 3481 2947 illam
3515 2907 3544 2946 a

1954 3001 2118 3057 Patre
2146 3001 2170 3054 ‘i
2194 3019 2212 3051 ι
2241 2997 2382 3065 Ergo
2406 2997 2756 3052 erubescant,
2787 2990 2880 3060 (uti
2927 2989 3230 3052 dementer,
3263 2984 3548 3039 audientes

280 3096 765 3167 Ἐντρεπὲσθωσαν
818 3077 1019 3167 τοίνυν,
1061 3102 1111 3154 oi
1143 3077 1551 3170 φρενοϐλαόὦς,
1598 3077 1762 3171 ἡνίκα
1792 3103 1852 3155 ἂν

1957 3092 2279 3148 naturaliter
2305 3090 2486 3142 inesse
2522 3085 2632 3141 Deo
2667 3081 3047 3157 vitamnhanc
3074 3094 3199 3134 esse
3228 3077 3401 3148 ipsius
3451 3092 3540 3130 es-

268 3188 557 3242 ἀκούσωσι
580 3191 829 3261 φυσικῶς
866 3196 1149 3264 προσεῖναι
1187 3191 1265 3261 τῷ
1294 3193 1413 3263 Θεῴ
1442 3192 1609 3264 ζωὴν,
1638 3193 1737 3265 τὴν
1762 3196 1852 3248 αὒ-

1957 3187 2198 3242 sentiam
2227 3184 2450 3245 dicunt;
2476 3194 2584 3234 non
2607 3177 2752 3232 enim
2771 3189 2924 3229 suam
2952 3172 3244 3228 essentiam
3273 3170 3547 3225 credenti-

1958 3277 1970 3284 -
2163 3276 2214 3284 ..
2281 3276 2293 3284 .
2342 3282 2347 3284 .
2389 3272 2424 3284 ..
2472 3281 2479 3284 Α
2652 3277 2664 3284 .
3023 3263 3254 3284 D_,_,____

191 3265 211 3278 ’
265 3276 372 3330 τοῦ
402 3277 605 3350 ταύτην
631 3276 770 3333 εἶναι
798 3280 1049 3349 λέγοντες
1069 3281 1261 3336 οὐσίαν
1289 3300 1303 3313 ·
1336 3284 1397 3335 οὐ
1425 3283 1534 3353 γάρ
1564 3283 1663 3354 τὴν
1693 3263 1852 3337 αὐτοῦ

1955 3277 2058 3332 hus
2091 3276 2247 3331 nobis
2265 3276 2356 3330 dat
2385 3272 2550 3329 Pater
2577 3277 2670 3323 aut
2702 3265 2873 3321 Filius
2901 3275 2996 3318 aut
3023 3263 3257 3335 Spiritus
3301 3271 3552 3322 sanctus,

265 3370 466 3425 οὐσίαν
519 3373 630 3436 τοῖς
685 3376 899 3435 πιστοῖς
961 3376 1094 3446 ἡμῖν
1137 3374 1371 3445 παρέχει
1424 3379 1451 3429 6
1511 3376 1790 3447 Ιιατὴρ,ἦ
1831 3377 1860 3429 6

268 3461 407 3526 Υίὸς
447 3461 560 3531 me
594 3462 817 3535 Πνεῦμα
849 3465 909 3518 τὸ
930 3464 1085 3532 ἅγιον
1104 3482 1119 3496 ο
1155 3466 1335 3534 ἄπαγε
1366 3466 1465 3533 τῆς
1495 3466 1784 3530 ἀσεϐείαςι

357 3553 476 3622 ριζ.
506 3554 614 3608 Καὶ
650 3554 738 3609 διὰ
784 3555 894 3608 τῶν
935 3556 1061 3625 ἑξῆς
1105 3555 1150 3608 δ’
1194 3557 1292 3625 οὐχ
1324 3551 1489 3626 ἦττον
1520 3558 1633 3619 τοῖς
1660 3559 1729 3609 τὰ
1764 3556 1860 3611 τοῦ

271 3645 529 3698 ἐναντίου
559 3644 873 3717 φρονοῦσιν,
909 3646 1210 3714 ἀντιλέγων
1248 3649 1276 3700 6
1333 3647 1504 3716 μέγας
1556 3647 1858 3717 Κύριλλος,

276 3734 568 3807 προελθών
593 3754 761 3807 φησιν
788 3753 801 3768 ⁶
839 3738 897 3791 '0
931 3739 1059 3801 Υἱὸς
1094 3740 1158 3792 ἐκ
1186 3739 1280 3791 τοῦ
1327 3739 1561 3809 Πατρός,
1590 3742 1769 3793 πάντα
1794 3741 1862 3795 τὰ

268 3828 445 3884 αὑτοῦ
473 3829 616 3882 κατὰ
645 3829 807 3897 φύσιν
849 3831 1114 3900 ἐπάγεται
1146 3847 1159 3861 ·
1192 3831 1251 3883 ἓν
1294 3831 1353 3883 δὲ
1395 3832 1507 3886 τῶν
1544 3832 1860 3901 προσόντων

207 3925 214 3930 ’
264 3921 562 3992 τῷΠατρὶ
592 3922 687 3973 καὶ
718 3923 751 3991 ἡ
795 3922 932 3992 ζωή.
964 3921 1054 3993 Τῷ
1075 3922 1205 3991 γοῦν
1241 3926 1417 3977 εἰπεῖν
1445 3922 1504 3976 ἒν
1532 3923 1643 3978 τῶν
1682 3942 1857 3996 προσ-

263 4017 447 4070 όντων
501 4014 575 4085 τῷ
607 4015 819 4085 Πατρὶ,
874 4015 1043 4071 πολλὰ
1082 4011 1223 4070 εἶναι
1269 4016 1339 4070 τά
1377 4019 1652 4089 προσόντα
1683 4018 1861 4091 τούτῳ

267 4105 530 4176 φανερῶς
566 4106 873 4172 ἀπέδειξεν.
903 4107 965 4160 Ei
988 4108 1119 4176 γοῦν
1152 4110 1183 4179 ἡ
1209 4108 1324 4178 ζωὴ
1352 4108 1492 4179 αὕτη
1517 4111 1550 4179 ἡ
1579 4110 1738 4164 οὐσία
1763 4110 1859 4165 τοῦ

266 4198 415 4253 Θεοῦ
445 4201 582 4265 ἐστι,
636 4198 837 4263 πολλὰς
866 4201 1013 4252 κατὰ
1059 4202 1185 4263 τοὺς
1231 4199 1374 4254 οὕτω
1405 4202 1737 4272 φρονοῦντας
1771 4203 1861 4256 οὑ-

270 4291 405 4352 σίας
433 4289 546 4359 ἔχει
584 4292 614 4345 6
641 4289 795 4355 Θεός.
837 4292 982 4361 Πρός
1024 4309 1089 4361 γε
1128 4292 1236 4363 μὴν
1286 4296 1351 4365 τῇ
1406 4294 1719 4369 δυσσεϐείᾳ,
1766 4298 1864 4350 καὶ

267 4381 554 4452 ἀμαθείας
604 4383 914 4455 ὑπερϐολὴν
944 4384 1046 4437 οὐκ
1097 4383 1354 4448 ἐλλείπει,
1403 4387 1465 4439 τὸ
1509 4385 1688 4455 λέγειν
1721 4389 1783 4440 τὸ
1805 4387 1864 4441 ὃν

272 4477 379 4531 καὶ
407 4476 467 4529 τὺ
497 4478 700 4548 προσὸν
734 4477 952 4540 ταυτὸν,
991 4477 1040 4531 εί
1075 4476 1151 4550 μὴ
1178 4478 1287 4549 ἄρα
1323 4480 1464 4534 κατά
1493 4498 1565 4534 τι.
1602 4480 1787 4551 Πολλῷ
1818 4481 1863 4533 δ’

1956 3382 2126 3441 apage
2153 3368 2312 3423 istam
2349 3365 2680 3435 impietatem
2714 3360 2729 3413 Ι

2026 3530 2153 3584 117.
2184 3526 2252 3581 Et
2271 3521 2893 3592 subsequentisermone
2917 3517 3075 3571 'haud
3107 3516 3288 3570 minus
3334 3509 3551 3570 contra-

1971 3625 2051 3681 ria
2112 3620 2418 3679 sentientes
2469 3615 2726 3670 refellens
2782 3624 3011 3681 magnus
3065 3609 3321 3679 Cyrinus,
3370 3607 3546 3676 pergit

1976 3718 2165 3773 dicens
2198 3733 2212 3769 :
2251 3732 2270 3765 ι
2313 3710 2487 3766 Filius
2537 3723 2606 3764 ex
2653 3705 2813 3759 Patre
2858 3703 3038 3756 omnia
3094 3702 3217 3755 huic
3276 3701 3546 3754 naturalia

1960 3809 2162 3874 educit,
2209 3820 2378 3861 unum
2428 3812 2610 3856 autem
2661 3795 2993 3852 naturalium
3050 3793 3198 3846 Patri
3243 3801 3327 3847 est
3362 3792 3491 3844 vita.
3529 3810 3549 3842 ι

1967 3903 2202 3960 Dicendo
2251 3900 2417 3969 igitur
2465 3910 2631 3951 unum
2669 3892 3006 3947 naturalium
3044 3890 3214 3950 Patri,
3240 3888 3392 3955 plura
3437 3900 3556 3939 esse

1967 3998 2095 4052 huic
2118 3992 2385 4049 naturalia
2409 3992 2559 4043 clare
2588 3985 3008 4042 demonstravit.
3038 3982 3094 4035 Si
3138 3996 3268 4051 ergo
3301 3982 3413 4035 haec
3447 3980 3554 4033 vita

1965 4090 2201 4147 essentia
2229 4086 2321 4141 Dei
2354 4094 2461 4148 est,
2495 4089 2676 4152 plures
2702 4081 2757 4132 in
2798 4078 3012 4131 illorum
3045 4073 3315 4129 sententia
3366 4086 3557 4125 essen-

1966 4187 2072 4239 tias
2125 4181 2290 4237 habet
2349 4179 2511 4233 Deus.
2564 4174 2768 4228 Praeter
2818 4169 3176 4239 impietatem,
3230 4166 3554 4234 ignorantiae

1966 4262 2130 4333 etiam
2155 4288 2389 4331 excessu
2432 4287 2536 4326 non
2570 4277 2743 4332 caret,
2777 4265 2869 4336 qui
2913 4264 3047 4318 dicit
3074 4263 3213 4314 idem
3258 4273 3382 4314 esse
3412 4256 3556 4327 quod

1967 4381 2053 4425 est
2076 4380 2131 4423 et
2166 4366 2308 4436 quod
2341 4362 2592 4418 naturale
2624 4368 2733 4423 est,
2768 4356 2872 4411 uisi
2901 4355 3041 4410 forte
3077 4352 3377 4407 secundum
3404 4349 3558 4419 quid.

1973 4465 2038 4517 Et
2066 4461 2236 4516 multo
2260 4458 2439 4511 adhuc
2488 4452 2801 4509 dementius
2828 4448 3179 4504 contenditur
3203 4444 3422 4497 minime
3443 4444 3561 4495 dis-

270 4571 366 4625 ἔτι
401 4535 601 4637 μᾶλλον
624 4535 998 4642 ἀνοητότερον,
1022 4535 1164 4624 κατά
1193 4535 1360 4642 ιιηδὲν
1388 4573 1665 4643 διαφέρειν
1685 4535 1852 4643 λένεικ

1973 4557 2200 4611 tinctum
2227 4567 2349 4606 esse
2374 4548 2527 4618 quod
2564 4555 2648 4600 est
2685 4545 2753 4598 ab
2781 4543 2847 4597 iis
2878 4557 3000 4610 qua:
3033 4546 3161 4592 sunt
3191 4535 3484 4598 naturalia,
3509 4546 3563 4586 et

267 4662 340 4714 τὸ
372 4626 431 4713 ὃν
463 4661 557 4714 καὶ
579 4660 648 4713 τὰ
671 4626 964 4732 προσόντα,
984 4626 1155 4714 ταυτδ
1193 4626 1238 4715 ῦ¹
1255 4626 1265 4642 ι
1282 4663 1461 4715 εἰπεῖν
1491 4626 1564 4715 ⁶τό
1588 4626 1645 4716 ἓν
1671 4626 1771 4717 neti:

1978 4651 2119 4701 idem
2143 4659 2268 4701 esse
2302 4644 2502 4699 dicitur
2538 4654 2710 4695 unum
2739 4652 2801 4689 ac
2834 4636 2989 4704 plura
3025 4648 3039 4686 :
3074 4644 3197 4682 nam
3225 4626 3561 4695 impossibile

270 4752 459 4806 πλείω
480 4751 575 4804 τοῦ
602 4720 739 4810 ἐνός”
777 4720 1041 4817 ἀδύνατον
1060 4752 1168 4822 γὰρ
1200 4752 1379 4821 πάντη
1411 4769 1471 4805 τε
1521 4754 1614 4806 καὶ
1649 4754 1852 4818 πάντως

1972 4736 2195 4794 omnino
2219 4746 2274 4789 et
2303 4732 2597 4788 absurdum
2625 4741 2851 4799 prorsus
2879 4733 2984 4790 est,
3010 4720 3219 4789 aliquid
3243 4733 3364 4772 esse
3393 4734 3558 4772 unmn

269 4845 381 4901 καὶ
408 4844 717 4911 ἀλόγιστον,
747 4841 805 4896 ἓν
848 4838 988 4896 εἶναι
1028 4860 1082 4896 τι
1112 4843 1208 4897 καὶ
1244 4843 1414 4898 πλείω
1449 4846 1592 4899 κατὰ
1618 4847 1679 4899 τὸ
1711 4845 1865 4900 αὑτό.
1962 4841 2017 4887 οι
2052 4831 2209 4901 Plura
2242 4825 2343 4883 sub
2368 4826 2560 4880 εοάειη
2614 4826 2889 4890 κενεαυ-

360 4941 488 5006 ριην.
519 4904 591 4988 ’Ὁ
625 4904 723 5005 μὲν
758 4931 854 4987 οὖν
882 4935 1026 4996 θεῖος
1068 4933 1361 5004 Κύριλλος,
1398 4935 1493 4988 καὶ
1526 4936 1637 4989 ἀπὸ
1665 4935 1760 4990 τοῦ
1798 4939 1852 4990 ei

2038 4924 2157 4979 118.
2186 4921 2353 4975 Divus
2372 4933 2504 4989 ergo
2520 4915 2752 4986 Cyrillus
2779 4909 3009 4965 dicendo
3040 4925 3065 4963 ι
3087 4925 3106 4959 ι
3138 4904 3318 4961 Unum
3339 4916 3565 4960 natura-

273 5001 451 5093 πείν,
469 5026 567 5078 ’Ἑν
599 5001 710 5079 τῶν
737 5023 1049 5096 προσόντων
1079 5001 1364 5095 τῷνΠατρὶ
1385 5024 1479 5078 καὶ
1506 5025 1539 5095 ἡ
1567 5024 1702 5095 ζωὴ,
1731 5043 1852 5098 παρ,

1963 5019 2095 5074 lium
2139 5015 2291 5070 Patri
2330 5020 2415 5068 est
2463 5011 2595 5076 vita,
2628 5025 2647 5059 ι
2683 5003 2923 5060 ostendit
2943 5004 3108 5057 vitam
3129 5001 3218 5056 hic
3242 5016 3349 5055 non
3375 5013 3568 5054 essen-

271 5123 519 5192 ἐστησεν
562 5119 643 5171 ὅτι
679 5115 823 5188 ζωὴν
867 5114 1126 5180 ἐνταῦθα,
1168 5116 1230 5168 οὐ
1259 5115 1361 5184 τὴν
1394 5116 1586 5172 οὐσίαν
1614 5096 1852 5188 ὀνομάζει

1969 5115 2099 5169 tiam
2145 5112 2240 5167 Dei
2269 5108 2474 5167 vocari.
2497 5106 2610 5177 Age
2634 5113 2839 5167 tamen,
2859 5109 2912 5156 et
2928 5113 3187 5155 sermone
3209 5100 3383 5165 ipsum
3406 5096 3562 5150 indu-

269 5213 383 5269 τοῦ
409 5189 569 5264 Θεοῦ.
603 5212 739 5279 Φέρε
774 5209 820 5262 δ’
865 5209 1014 5280 ὅμως
1046 5209 1141 5262 καὶ
1171 5209 1266 5260 ἐπὶ
1309 5208 1506 5274 λέξεως
1533 5209 1696 5263 αὐτὸν
1735 5228 1852 5281 προι

1968 5224 2162 5265 cantus
2186 5205 2353 5261 multa
2396 5210 2775 5256 numerantem
2808 5190 3243 5264 lmjusmodiDeo
3272 5189 3561 5244 naturalia.

271 5305 629 5371 ενέγκωμεν,
650 5301 823 5354 πολλὰ
838 5298 1062 5354 τοιαῦτα
1082 5298 1309 5369 λέγοντα
1331 5300 1402 5354 τὰ
1436 5300 1515 5373 τῷ
1541 5301 1661 5372 Θεῷ
1688 5319 1852 5373 προσ·

1969 5303 2315 5371 Persequens
2332 5293 2653 5367 igituridem
2675 5298 3078 5361 argumentum,
3119 5305 3136 5336 ι
3165 5284 3352 5346 Multa,
3369 5283 3565 5350 inquit,

269 5401 437 5455 όντα.
487 5393 698 5464 Προϊὼν
749 5391 931 5447 τοίνυν
994 5391 1087 5444 ἐπὶ
1150 5392 1251 5462 τῆς
1301 5392 1472 5462 αὐτῆς
1537 5392 1852 5455 ὑποθέσεως

1971 5395 2151 5449 inesse
2180 5394 2437 5447 dicuntur
2475 5386 2621 5443 Patri
2652 5385 2943 5449 attributa,
2973 5381 3067 5436 sed
3100 5379 3183 5432 his
3232 5378 3409 5430 nudus
3457 5391 3564 5427 non

273 5489 489 5555 Πολλὰ,
523 5487 710 5558 φησιν,
758 5487 1043 5556 προσεῖναι
1089 5484 1306 5553 λέγεται
1338 5484 1416 5554 τῷ
1447 5485 1625 5554 Πατρὶ
1672 5485 1852 5540 πλεον·

1966 5496 2053 5543 est
2079 5484 2272 5541 Filius.
2305 5481 2628 5549 rQuomodo
2654 5477 2950 5531 multaltmc
2978 5473 3236 5529 attributa
3270 5468 3363 5524 Dei
3387 5469 3567 5523 divina

272 5587 602 5654 εκτήματα,
629 5580 746 5637 ἀλλ’
776 5581 838 5634 οὐ
866 5578 1073 5633 τούτων
1101 5579 1255 5632 ἔσται
1279 5578 1485 5649 γυμνὸς
1512 5580 1540 5632 6
1566 5578 1712 5642 Υἱός.
1746 5579 1852 5644 Πῶς

1966 5577 2150 5637 forent
2183 5574 2480 5632 essentia?
2536 5572 2740 5626 Veiens
2789 5580 2968 5623 autem
3032 5565 3276 5634 quaedam
3329 5560 3569 5614 indicare

272 5679 356 5735 ἂν
377 5678 465 5740 εἴη
491 5677 559 5729 τὰ
586 5673 759 5729 πολλὰ
791 5671 965 5728 ταῦτα
1001 5671 1098 5727 καὶ
1135 5669 1213 5739 τῷ
1245 5670 1365 5740 Θεῷ
1408 5672 1701 5744 προσόντα,
1752 5670 1852 5726 θείς

1970 5675 2188 5733 illorum
2209 5671 2386 5728 Patris
2409 5668 2821 5728 attributoruni,
2846 5664 2980 5716 citat
3000 5656 3222 5714 Paulum
3254 5656 3569 5711 dicentem:

364 5871 410 5906 "
468 5871 623 5927 Joan.
661 5884 713 5936 ν,
750 5869 818 5923 47
855 5885 868 5935 ;
948 5865 992 5898 ⁸³
1020 5863 1180 5920 Joan.
1208 5877 1262 5929 ι,
1291 5858 1378 5914 27.
