4020 6490
525 419 670 487 1203
1784 417 2181 481 GREGORII

533 555 550 587 I
586 533 906 599 immortali,
938 531 1224 599 invisibili,
1253 530 1357 588 soli
1385 531 1619 602 sapienti
1650 532 1758 589 Deo
1780 532 1827 566 “
1853 553 1867 589 :
1908 553 1928 586 ι
1965 532 2116 589 unde
2145 535 2189 592 Δ

537 628 713 694 magis
747 626 926 681 adhuc
991 624 1298 681 ostenditur
1331 624 1539 680 nullum
1572 625 1963 680 attributorum
2017 624 2109 680 Dei

514 719 808 774 essentiam
844 732 982 774 esse.
1009 717 1292 783 Quomodo
1322 718 1470 773 enim
1531 717 1940 783 immortalitas,
1965 716 2106 771 invi-

514 809 767 876 sibilitas,
799 819 854 864 et
874 810 1176 878 generatim
1219 811 1403 866 omnia
1448 811 1716 881 privativa
1737 821 1831 866 aut
1858 811 2110 882 negativo

514 905 685 967 dicta,
724 903 840 958 sive
884 902 1047 959 simul
1102 903 1220 958 sive
1281 903 1517 959 seorsim
1579 904 1820 960 essentia
1879 901 2111 960 iorem?

515 995 707 1052 Omnis
735 996 881 1051 enim
932 996 1174 1052 essentia
1199 996 1423 1053 nonnisi
1453 997 1560 1052 hoc
1579 996 1667 1051 vel
1700 995 1834 1052 illud
1858 1006 1961 1051 est.
1994 996 2112 1054 lmo

514 1089 559 1144 si
591 1104 716 1143 cum
747 1088 854 1144 illis
886 1087 1300 1160 c0njungantur
1325 1104 1447 1161 qua:
1476 1103 1509 1144 a
1550 1089 1823 1161 theologis
1852 1089 2112 1147 diduntur

514 1181 832 1236 aﬂirtnativa
885 1180 982 1237 Dei
1032 1182 1314 1248 attributa,
1350 1191 1500 1249 patet
1549 1183 1744 1238 horum
1776 1183 1925 1238 nullo
1951 1182 2102 1240 desi-

513 1274 668 1343 gnari
700 1275 999 1332 essentiam
1044 1274 1165 1342 Dei,
1196 1276 1448 1347 quamvis
1476 1276 1734 1332 omnibus
1783 1275 1977 1331 horum
2012 1292 2110 1333 no.

516 1368 775 1435 minibus,
795 1369 1015 1440 quando
1030 1383 1170 1440 opus
1191 1375 1296 1437 est,
1324 1378 1568 1436 utamur,
1594 1369 1660 1424 ad
1684 1368 2106 1439 signiﬁcandum

514 1462 814 1517 essentiam
849 1461 997 1518 illam
1022 1463 1174 1518 omni
1213 1462 1426 1519 nomini
1471 1463 1832 1533 superiorem.

2224 416 2318 480 PA
2328 417 2558 479 [ΑΜΕ
3640 412 3756 477 ιεοι

2230 540 2428 609 οὐσίας
2469 539 2654 594 Θέλων
2704 538 2763 595 δὲ
2795 540 2972 606 δεῖξαι
3022 541 3119 597 καί
3170 560 3294 599 τινα
3334 543 3450 601 τῶν
3496 552 3775 620 προσόντων

2206 634 2438 690 -τούτων
2498 634 2992 706 πλεονεκτημάτων
3032 635 3112 708 τῷ
3148 638 3345 712 lla-cpi,
3403 641 3673 712 προήγαγε
3698 647 3775 700 τὸν

2229 730 2440 804 Παῦλον
2467 729 2718 799 λέγοντα,
2735 728 3044 801 Ἀφθάρτῳ,
3060 731 3300 801 ἀοράτῳ,
3329 732 3475 804 μόνῳ
3501 736 3639 805 σοφῷ
3657 738 3773 809 Θεῷθ

2228 822 2352 877 ὅθεν
2382 821 2462 876 ἔτι
2483 821 2760 876 δείκνυται
2791 821 3014 893 μᾶλλον,
3043 821 3121 887 ὡς
3164 823 3320 879 οὐδὲν
3346 825 3456 879 τῶν
3499 830 3773 899 προσόντων

2226 917 2307 990 τῷ
2353 915 2474 989 Θεῷ
2498 915 2657 971 οὐσία
2701 915 2841 971 ἔστί.
2889 915 3013 981 Πῶς
3039 916 3149 988 γάρ
3187 916 3254 971 ἂν
3307 917 3391 989 εἴη
3424 918 3487 971 τὸ
3512 919 3770 996 ἄφθαρτον,

2228 1010 2326 1065 καὶ⁸
2357 1010 2418 1063 τὸ
2438 1008 2693 1081 ἀόρατον,
2726 1008 2821 1063 καὶ
2848 1008 3036 1074 άπλῶς
3066 1009 3245 1064 πάντα
3277 1008 3345 1063 τὰ
3367 1012 3768 1082 άφαιρεματικὰ,

2228 1103 2264 1175 ἢ
2297 1103 2393 1158 καὶ⁵
2413 1102 2483 1156 τὰ
2507 1101 2861 1171 ἀποφατικὰ,
2906 1100 3043 1172 ὁμοῦ
3102 1119 3182 1167 τε,
3237 1100 3272 1173 ἢ
3326 1104 3499 1174 χωρὶς
3554 1105 3768 1174 ἕκαστον,

2230 1195 2427 1263 οὐσίας
2458 1193 2687 1266 οὐδεμία
2716 1193 2827 1266 γὰρ
2857 1194 3039 1259 οὐσία,
3063 1193 3146 1247 ὅτι
3183 1195 3257 1265 μὴ
3286 1195 3401 1249 τόδε
3433 1193 3469 1268 ἢ
3498 1196 3618 1250 τάδε
3662 1199 3767 1251 ἐστί·

2229 1286 2444 1354 τούτοις
2489 1287 2547 1343 δὲ
2576 1288 2671 1341 καὶ
2714 1287 2784 1342 τὰ
2816 1287 3091 1358 προσόντα
3118 1286 3196 1358 τῷ
3233 1286 3375 1358 Θεῷ,
3425 1289 3772 1356 καταφατικῶς

2234 1378 2647 1450 συνταττόμενα
2674 1379 2824 1453 παρὰ
2851 1378 2962 1433 τῶν
2999 1376 3290 1448 θεολόγων,
3339 1378 3613 1433 δείκνυται
3640 1382 3770 1452 μηδὲν

2233 1473 2417 1528 αὐτῶν
2446 1473 2643 1544 δηλοῦν
2666 1473 2769 1544 τὴν
2791 1470 2981 1526 οὐσίαν
3008 1471 3104 1525 τοῦ
3140 1470 3298 1537 Θεοῦ,
3325 1474 3373 1525 εἰ
3410 1472 3504 1526 καὶ
3543 1473 3666 1525 πᾶσι
3688 1476 3773 1535 τοῖς

518 1549 726 1598 τούτων
774 1545 1060 1617 ὀνόμασιν,
1107 1547 1182 1611 ὡς
1213 1549 1572 1606 παντάπασιν
1607 1551 1905 1624 ἀνωνύμου
1954 1555 2056 1626 τῆς
2087 1555 2561 1631 ὐπερουσιότητος
2593 1560 2815 1637 ἐκείνης
2844 1562 3034 1637 οὐσης,
3067 1565 3158 1620 ἐπ’
3180 1565 3373 1634 αὐτῆς,
3407 1559 3551 1634 ἡνίκ’
3580 1560 3644 1616 ἂν
3667 1561 3763 1629 δέη,

519 1641 808 1712 χρώμεθα.

596 1740 720 1794 H9.
751 1737 1032 1794 Naturalia
1054 1738 1364 1794 necessario
1387 1737 1654 1809 quaeritur
1679 1737 1837 1809 cujus
1863 1738 1975 1793 sint
1997 1753 2017 1807 ;
2036 1745 2111 1804 et,

524 1833 571 1889 si
598 1833 798 1888 nullius
851 1833 984 1901 sint,
1014 1830 1281 1887 naturalia
1310 1847 1419 1887 non
1464 1840 1636 1898 sunt;
1668 1831 1713 1887 si
1768 1845 1901 1887 vero
1947 1833 2117 1888 unius

525 1927 806 1998 cujusdam
837 1927 948 1983 sint
976 1925 1418 1992 naturalia,cum
1460 1925 1563 1982 hoc
1612 1925 1853 1982 essentia
1885 1925 1978 1992 sit,
2023 1926 2126 1981 mi-
2161 1918 2206 1976 Β

528 2021 677 2076 nime
739 2028 920 2073 autem
975 2017 1120 2084 haec,
1144 2019 1302 2089 juxta
1339 2017 1708 2086 adversarios,
1743 2018 2001 2074 distincta
2042 2018 2119 2076 sit

528 2130 559 2168 a
592 2111 822 2184 singulis
845 2121 900 2167 et
925 2112 1087 2167 simul
1140 2113 1209 2169 ab
1235 2110 1491 2168 omnibus
1528 2111 1834 2180 attribulis,
1865 2114 2124 2170 attributa

530 2220 660 2261 vero
677 2207 784 2261 sint
804 2208 1138 2277 multa,ergo
1165 2219 1271 2260 una
1289 2203 1380 2259 illa
1399 2206 1641 2260 essentia
1687 2205 1795 2260 erit
1816 2205 2124 2276 multiplex,

529 2307 584 2352 et
613 2297 742 2352 illud
777 2298 1014 2352 essentia
1065 2296 1231 2350 unum
1276 2294 1386 2351 erit
1418 2297 1657 2351 essentia
1721 2297 2039 2365 plurimum,
2072 2306 2128 2353 et

533 2389 732 2444 multas
764 2387 991 2458 proinde
1013 2387 1239 2444 habebit
1267 2389 1561 2444 essentias.
1584 2387 1646 2443 Si
1675 2398 1854 2444 autem
1877 2401 1932 2446 et
1959 2404 2126 2444 unum

531 2491 616 2537 est
642 2490 699 2536 et
726 2478 927 2536 multas
952 2478 1117 2534 habet
1141 2478 1430 2545 essentias,
1450 2487 1534 2535 est
1556 2480 1869 2535 necessario
1901 2492 2129 2550 prorsus

530 2575 915 2644 compositum.
942 2572 988 2629 Α
1024 2581 1176 2627 tanta
1217 2572 1500 2643 impietate
1519 2579 1574 2628 et
1604 2571 1911 2644 ignorantia
1942 2572 2132 2628 ﬁdeles

531 2668 779 2724 eximens
813 2665 973 2722 divus
994 2663 1257 2737 Cyrillus,
1290 2664 1347 2719 in
1373 2665 1507 2736 ipsis
1533 2664 1835 2719 Thesauris
1865 2665 1943 2719 ait
1971 2681 1987 2719 :
2015 2684 2033 2717 ι
2071 2664 2129 2720 Si

532 2763 901 2834 quodcunque
954 2758 1099 2816 inest
1151 2759 1255 2815 soli
1293 2760 1421 2824 Deo,
1455 2759 1589 2814 illud
1624 2758 1698 2814 sit
1724 2759 1975 2829 profecto
2007 2757 2126 2824 ejus

532 2852 795 2919 essentia,
823 2865 893 2906 ex
921 2850 1108 2906 multis
1138 2849 1303 2920 igitur
1349 2857 1569 2905 constat
1617 2847 1875 2905 essentiis
1914 2864 1930 2904 :
1963 2849 2131 2903 multa

535 2953 662 2999 sunt
681 2943 830 2998 enim
858 2956 979 3012 quae
1005 2941 1082 2996 illi
1111 2941 1214 2996 soli
1248 2942 1574 2997 naturaliter
1609 2940 1818 3010 insunt,
1844 2942 1980 2998 nulli
2007 2957 2137 2999 vero

538 3037 630 3093 alii
663 3054 682 3103 ;
712 3050 950 3107 namque
980 3045 1067 3092 est
1112 3034 1226 3092 Rex
1260 3046 1314 3093 et
1343 3036 1605 3093 Dominus
1636 3046 1695 3093 et
1723 3036 2050 3092 immortalis
2080 3045 2137 3092 et

540 3129 854 3195 invisibilis,
882 3137 938 3184 et
964 3137 1166 3201 praeter
1193 3129 1309 3185 haec
1343 3130 1411 3184 de
1461 3143 1528 3184 eo
1553 3136 1809 3184 sexcenta
1840 3128 2033 3185 dicunt
2054 3129 2139 3185 di-

538 3225 679 3278 vinae
710 3221 1031 3292 Scriptum.
1056 3221 1113 3278 Si
1134 3222 1301 3293 igitur
1348 3221 1779 3293 unumquodque
1807 3220 2135 3278 naturalium

540 3317 661 3387 ejus
686 3316 755 3371 ad
784 3316 1079 3373 essentiam
1135 3315 1505 3385 adscribatur,
1551 3330 1731 3372 nonne
1775 3316 1880 3371 erit
1913 3330 2134 3385 compo-

539 3411 679 3464 situs
699 3406 1040 3480 etsituplex?
1066 3426 1085 3461 ι
1104 3408 1259 3475 Quod
1281 3416 1368 3465 est
1384 3408 1626 3479 cogitatu
1650 3406 2131 3463 absurdissimum.

2164 3273 2211 3335 ϐ

613 3671 741 3730 120.
772 3670 1065 3742 Postquam
1095 3671 1495 3727 demonstravit
1544 3672 1736 3729 multis
1796 3676 2135 3745 argumentis

543 3781 713 3839 sagax
757 3765 1074 3821 divinorum
1120 3765 1362 3839 Cyrillus
1409 3764 1630 3834 Filium,
1668 3782 1981 3838 quanquam
2026 3769 2138 3826 vita

544 3860 618 3914 sit
642 3869 698 3913 et
720 3859 889 3912 vitam
920 3857 1137 3913 dicatur
1164 3857 1368 3913 habere
1396 3859 1700 3914 secundum
1736 3861 2136 3931 operationem,

545 3952 673 4025 quia
703 3951 944 4007 vivillcat
996 3966 1097 4007 nos
1123 3961 1177 4007 et
1200 3950 1309 4007 vita
1343 3952 1650 4008 viventium
1708 3964 1814 4020 est,
1849 3970 1957 4010 non
2018 3969 2142 4011 esse

547 4046 601 4102 in
663 4046 765 4100 bnc
820 4034 1146 4100 dissimilem
1181 4042 1358 4114 Patri,
1421 4060 1546 4099 nam
1599 4054 1655 4101 et
1706 4047 1798 4102 hic
1851 4047 2139 4116 viviﬁcat;

549 4135 746 4192 deinde
770 4136 1062 4191 ostendere
1119 4135 1307 4191 volens
1336 4137 1587 4192 eumdem
1635 4137 1858 4207 Filium,
1892 4141 2144 4209 quamvis

554 4245 661 4285 non
698 4229 927 4284 relative
976 4229 1044 4283 ad
1075 4229 1245 4295 aliud,
1284 4231 1381 4286 sed
1430 4232 1860 4301 independeuter
1921 4249 2145 4304 prorsus

550 4335 605 4379 et
629 4323 878 4379 absolute
900 4323 1009 4378 vita
1032 4323 1105 4377 sit
1132 4332 1189 4378 et
1233 4328 1400 4379 vitam
1427 4324 1634 4380 habere
1689 4327 1930 4391 dicatur,
1961 4342 2031 4383 ne
2064 4329 2146 4384 sic

553 4418 767 4488 quidem
790 4431 913 4472 esse
928 4417 1074 4472 Patri
1101 4419 1210 4472 vita
1229 4418 1567 4487 dissimilem,
1589 4421 1714 4490 quia
1738 4425 1956 4492 quando
1978 4421 2145 4477 Deum

555 4527 660 4566 non
699 4512 861 4565 vitam
899 4522 1143 4567 nostram
1176 4521 1236 4567 ut
1294 4529 1394 4568 nos
1424 4513 1812 4581 viviﬁcantem,
1853 4517 1950 4571 sed
1996 4517 2148 4573 inde-

2307 1749 2432 1822 ριθ’.
2462 1748 2546 1805 Τὰ
2566 1749 2859 1821 προσόντα,
2885 1746 2946 1813 ἐξ
2975 1745 3223 1817 ἀνάγκης
3239 1744 3484 1817 ζητεῖται
3507 1744 3608 1798 τίνι
3632 1745 3773 1813 πρόσ-

2235 1858 2373 1904 εστι.
2409 1841 2504 1897 καὶ
2528 1842 2578 1895 εί
2604 1839 2815 1912 μηδενὶ,
2866 1839 2988 1894 οὐδὲ
3020 1840 3294 1910 προσόντα
3334 1838 3509 1902 ἐστὶν,
3563 1839 3609 1889 εί
3648 1835 3687 1889 δ’
3715 1832 3776 1888 ἑνί

2235 1951 2344 1989 τινι
2374 1933 2644 2005 πρόσεστι
2676 1932 2746 1986 τά
2773 1932 3067 2004 προσόντα,
3103 1929 3328 1984 τοῦτοᾶ
3365 1929 3520 1982 ἐστὶν
3558 1929 3590 1998 ἡ
3628 1926 3773 1989 οὐσία,

2240 2024 2408 2097 μηδὲν
2436 2022 2481 2077 δ’
2513 2020 2656 2093 αῦτη
2687 2022 2864 2092 πάντη
2899 2021 3020 2075 κατ’
3067 2019 3265 2083 αὐτοὺς
3294 2018 3561 2089 διαφέρει,
3584 2016 3775 2070 ἑκάστου

2237 2134 2297 2172 τε
2326 2117 2420 2170 καὶ
2450 2115 2584 2188 ὁμοῦ
2609 2116 2830 2171 πάντων
2854 2112 2964 2167 τῶν
2988 2114 3319 2186 προσόντων.
3347 2112 3435 2166 Τά
3463 2110 3518 2164 δὲ
3546 2108 3774 2181 προσόντα

2240 2210 2433 2276 πολλὰ,
2464 2211 2499 2281 ὴ
2551 2207 2650 2281 μία
2688 2208 2871 2280 εκείνη
2905 2207 3101 2261 πολλαὶ
3136 2206 3350 2259 ἔσονται
3403 2204 3598 2267 οὐσίαι,
3631 2199 3774 2255 καὶτὸ

2241 2302 2302 2356 ἓν
2334 2303 2511 2357 ἐκεῖνο
2543 2302 2669 2356 κατ’
2695 2300 2886 2355 οὐσίαν
2913 2298 3087 2353 πολλὰ
3119 2298 3275 2352 ἔσται
3305 2297 3454 2351 κατὰ
3483 2297 3577 2368 τὴν
3604 2293 3772 2355 οὐσίαν,

2244 2396 2339 2451 καὶ
2368 2395 2572 2460 πολλὰς
2597 2394 2792 2449 οὐκοῦν
2846 2393 3038 2457 οὐσίας
3078 2391 3211 2464 ἔχει.
3266 2391 3328 2445 El
3362 2390 3423 2444 δὲ
3474 2389 3564 2444 κα)⁵
3602 2387 3655 2441 ἓν
3687 2388 3773 2440 ἔστι

2243 2491 2337 2544 καὶ
2371 2489 2571 2553 πολλὰς
2597 2488 2787 2551 οὐσίας
2831 2485 2968 2558 ἔχει,
3021 2483 3275 2539 σύνθετόν
3308 2484 3427 2537 ἐστι
3468 2481 3601 2537 κατὰ
3633 2481 3773 2533 πᾶσαν

2243 2579 2511 2648 ἀνάγκην.
2544 2578 2765 2633 Τούτων
2815 2572 2910 2631 οῦν
2963 2574 3073 2628 τῶν
3098 2575 3191 2627 ἐπὶ
3234 2573 3490 2628 τοσοῦτον
3549 2567 3773 2625 δυσσεόῶν

2243 2671 2631 2741 ἀγνοημάτων,
2662 2670 2691 2723 ό
2740 2666 2884 2731 θεῖος
2939 2662 3213 2736 Κύριλλος
3262 2663 3639 2735 ἐξαιρούμενος
3678 2659 3775 2720 τούς

2246 2762 2627 2835 πειθομένους,
2670 2761 2729 2815 ὲν
2793 2760 2982 2823 αὐτοῖς
3014 2759 3127 2821 τοῖς
3159 2758 3470 2829 Θησαυροίς
3518 2770 3696 2826 φησιν·
3726 2749 3775 2803 Ei

2245 2857 2384 2928 ὅπερ
2408 2854 2477 2910 ἂν
2503 2855 2727 2926 ὑπάρχῃ
2761 2854 2912 2925 μόνῳ
2943 2851 3021 2924 τῷ
3043 2849 3185 2921 Θεῷ,
3218 2849 3378 2904 τοῦτο
3413 2848 3618 2910 πάντως
3641 2837 3776 2897 αὐτοῦ

2247 2948 2402 3003 ἔσται
2432 2949 2529 3003 atati.
2548 2948 2727 3010 οὐσία,
2747 2947 2811 2999 ὲκ
2840 2943 3052 2998 πολλῶν
3069 2944 3200 3016 ἡμῖν
3219 2943 3421 2998 οὐσιῶν
3453 2940 3773 3009 συγκείσεται·

2246 3040 2421 3096 πολλὰ
2474 3041 2585 3111 γάρ
2616 3041 2764 3093 ἐστιν
2797 3038 2833 3093 ά
2898 3037 3046 3108 μόνῳ
3107 3036 3208 3106 μὲν
3265 3036 3414 3107 αὐτῷ
3471 3033 3603 3089 κατά
3652 3029 3777 3099 φύσιν

2248 3134 2504 3206 ὐπάρχει,
2532 3118 2705 3204 ἑτέρῳ
2738 3131 2795 3186 δὲ
2818 3129 2927 3184 τῶν
2949 3130 3120 3184 ὄντων
3148 3128 3323 3183 οὐδενί
3350 3145 3365 3159 ·
3400 3126 3496 3181 καὶ
3521 3126 3620 3196 γάρ
3649 3123 3775 3175 Βασι-

2247 3228 2373 3290 λεὺς
2402 3228 2498 3281 καὶ
2521 3226 2728 3298 Κύριος
2762 3225 2859 3278 καὶ
2884 3222 3160 3293 ἄφθαρτος
3182 3222 3275 3275 καὶ
3293 3221 3540 3290 ἀόρατος,
3561 3215 3645 3271 καὶ
3673 3209 3778 3281 πρὸς

2248 3321 2461 3384 τούτοις
2494 3319 2663 3388 ἕτερα
2696 3317 2869 3390 μυρία
2903 3316 3032 3388 περὶ
3079 3315 3245 3370 αὐτοῦ
3301 3313 3547 3383 λέγουσιν
3585 3310 3634 3365 αἱ
3667 3307 3776 3360 θεῖαι

2249 3411 2488 3484 Γραφαί.
2531 3410 2591 3464 El
2622 3411 2804 3464 τοίνυν
2834 3408 3063 3463 ἕκαστον
3100 3408 3207 3462 τῶν
3238 3407 3389 3477 αὐτῷ
3430 3403 3710 3476 προσόντων
3735 3397 3777 3447 ἒν

2250 3503 2440 3566 οὐσίας
2473 3501 2627 3568 τάξει
2682 3502 2950 3563 κείσεται,
2997 3499 3114 3565 πῶς
3155 3499 3255 3553 οὐκ
3296 3498 3451 3552 ἔσται
3506 3493 3726 3551 σύνθετος
3758 3487 3789 3537 ὁ·

2250 3593 2490 3663 άπλοῦς;
2526 3593 2664 3663 ὅπερ
2690 3594 2840 3646 ἐστὶν
2870 3592 3071 3645 ἐννοεῖν
3107 3589 3474 3643 ἀτοπώτατον.

2328 3692 2431 3759 ρκ’.
2465 3686 2832 3757 Παραστήσας
2859 3685 2948 3739 διὰ
2997 3682 3206 3736 πολλῶν
3231 3683 3258 3735 ό
3284 3680 3446 3748 σοφὸς
3475 3676 3539 3732 τὰ
3565 3674 3668 3728 Θεία
3689 3666 3778 3720 Κύ-

2258 3779 2458 3852 ριλλος.
2485 3776 2561 3842 ὡς
2583 3777 2632 3831 εἶ
2662 3778 2756 3831 καὶ
2788 3777 2900 3847 ζωή
2936 3778 3074 3840 ἐστι,
3119 3776 3213 3828 καὶ
3262 3771 3408 3843 ζωὴν
3442 3771 3575 3841 ἔχειν
3603 3765 3779 3852 λέγεται

2256 3845 2378 3925 κατ’
2410 3868 2695 3941 ἐνέργειαν
2723 3870 2751 3921 ὁ
2782 3845 2935 3930 Υἱὸς,
2963 3867 3039 3929 ὡς
3066 3862 3347 3929 ζωοποιῶν
3381 3861 3547 3932 ἡμᾶς,
3589 3854 3671 3909 καὶ
3692 3845 3777 3914 ζωὴ

2257 3962 2368 4018 τῶν
2401 3960 2622 4027 ζώντων
2649 3960 2747 4026 ὣν,
2779 3959 2882 4013 οὐκ
2908 3957 3057 4012 ἐστιν
3084 3958 3341 4026 ἀνόμοιος
3380 3954 3473 4008 καὶ
3507 3948 3634 4005 κατὰ
3654 3941 3777 3997 τοῦτο

2254 4055 2333 4126 τῷ
2368 4054 2545 4124 Πατρί
2564 4070 2580 4087 ⁸
2601 4054 2695 4109 καὶ
2723 4046 2878 4116 οὗτος
2900 4051 3010 4122 γὰρ
3043 4050 3324 4114 ζωοποιεί’
3358 4046 3525 4101 θέλων
3549 4049 3777 4112 προσαποο

2254 4150 2448 4217 δεῖξαι,
2473 4149 2550 4211 ὡς
2584 4149 2635 4201 εἰ
2695 4148 2790 4200 καὶ
2828 4147 2902 4218 μὴ
2933 4143 3073 4216 πρὸς
3111 4142 3300 4209 ἕτερόν
3348 4157 3425 4201 τι,
3475 4135 3583 4194 ἀλλ’
3607 4129 3778 4218 capituli

2257 4215 2435 4312 πάντη
2467 4240 2563 4294 καὶ
2594 4215 3034 4307 ἀπολύτωςήζωὴ
3061 4237 3156 4289 καὶ
3190 4234 3336 4303 ζωὴν
3373 4233 3516 4302 ἔχειν
3558 4215 3777 4312 λέγετσιό

2256 4303 2567 4399 ’Μίδᾳ-ἀλλ’
2591 4329 2699 4385 οὐδ’
2733 4327 2909 4392 οὕτως
2931 4303 3186 4398 ἀνόμοιός
3217 4326 3333 4378 ἐστι
3362 4322 3440 4393 τῷ
3469 4316 3631 4412 [kept
3672 4303 3778 4412 κατὰ

2256 4424 2357 4496 τὴν
2382 4424 2551 4495 ζωὴν,
2583 4424 2882 4493 ἐπειδήπερ
2921 4418 3085 4492 ἡνίκα
3109 4420 3183 4490 μὴ
3215 4417 3359 4507 ζωὴν
3383 4414 3534 4507 ἡμῷν
3559 4410 3625 4470 ὡς
3665 4405 3776 4507 filii;

2260 4513 2632 4581 ζωοποιοῦντα
2660 4513 2753 4567 τὸν
2789 4512 2925 4567 Θεὸν
2948 4511 3205 4580 λέγομεν,
3252 4506 3368 4561 ἀλλ’
3408 4505 3608 4575 ἀφέτως
3643 4503 3774 4552 πάντη

559 4602 856 4674 pendenter
903 4618 1130 4675 prorsus
1156 4614 1211 4659 et
1259 4605 1511 4662 absolute
1564 4606 1819 4675 dicimus,
1854 4619 1983 4664 tunc
2026 4610 2136 4680 ejus

2260 4608 2357 4661 καὶ
2383 4605 2827 4676 ἀπολελυμένως,
2860 4603 3171 4674 τηνικαῦτα
3189 4601 3289 4671 τὴν
3319 4598 3509 4653 οὐσίαν
3536 4585 3681 4684 αὑτοῦ
3703 4597 3774 4634 κιο

557 4702 850 4753 essentiam
875 4708 1132 4755 vocamus
1154 4714 1185 4753 a
1211 4699 1448 4755 naturali
1482 4700 1599 4773 ejus
1639 4704 1978 4771 operatione,
2006 4703 2150 4759 sicut

556 4798 612 4845 et
641 4791 964 4860 sapientiam
999 4790 1411 4861 bonitatemque
1439 4804 1494 4846 et
1533 4800 1731 4846 caetera
1762 4794 1949 4847 omnia
1988 4811 2006 4862 ;
2045 4795 2148 4850 hoc

500 4903 517 4921 ο
559 4882 723 4954 igitur
770 4884 1058 4939 ostendere
1112 4883 1297 4939 volens
1344 4884 1478 4940 dicit
1517 4900 1580 4939 ιι
1620 4884 1756 4939 Cum
1787 4884 1869 4939 sic
1916 4887 2153 4943 dicimus

559 4976 770 5034 Patrem
804 4976 1009 5031 habere
1037 4978 1092 5031 in
1124 4977 1419 5047 semetipso
1481 4978 1673 5045 vitam,
1703 4986 1833 5033 tunc
1872 4980 2035 5034 vitam
2062 4995 2156 5050 ap-

561 5068 827 5138 pellamus
854 5067 1074 5133 Filium,
1108 5069 1200 5140 qui
1248 5079 1332 5126 est
1360 5070 1500 5127 alius
1529 5085 1694 5140 quam
1728 5069 1891 5127 Pater
1922 5085 2158 5141 persona

565 5173 798 5229 tantum,
828 5163 921 5217 sed
977 5176 1087 5218 non
1145 5163 1254 5218 vita
1288 5181 1303 5218 :
1338 5165 1481 5220 unde
1511 5164 1646 5220 nihil
1704 5169 2072 5234 compositum
2108 5177 2168 5222 et

557 5257 750 5326 duplex
780 5256 846 5313 de
865 5271 931 5312 eo
951 5258 1240 5327 cogitatur.
1267 5256 1477 5313 Etcum
1497 5258 1676 5314 adhuc
1696 5258 1931 5315 dicimus
1959 5259 2159 5315 Filium

558 5349 764 5405 habere
792 5349 844 5404 in
887 5351 1185 5419 semetipso
1214 5352 1405 5419 vitam,
1438 5352 1586 5406 illam
1625 5353 1837 5409 scilicet
1890 5369 2013 5423 quas
2069 5355 2165 5407 ab-

559 5444 738 5498 solute
784 5442 1127 5514 intelligitur,
1151 5443 1318 5498 vitam
1363 5445 1699 5514 appellamus
1739 5444 1956 5501 Patrem
1985 5465 2001 5502 :
2035 5465 2161 5502 nam

562 5537 669 5590 vita
695 5546 905 5592 estnon
928 5537 1155 5592 relative
1179 5537 1246 5590 ad
1274 5537 1443 5601 alittd,
1467 5542 1561 5593 sed
1585 5539 1837 5594 absolute
1866 5540 1917 5601 in
1948 5543 2160 5610 seipse,

561 5637 613 5682 ct
645 5631 750 5685 vita
778 5630 983 5683 suntin
1008 5629 1203 5698 seipsis
1253 5631 1488 5685 invicem
1524 5630 1684 5686 Pater
1741 5643 1794 5689 el
1837 5631 2029 5699 Filius,
2063 5635 2155 5689 hic

560 5722 703 5775 enim
736 5722 874 5778 dixit
908 5740 922 5777 :
962 5743 982 5775 ι
1023 5722 1135 5789 Ego
1171 5724 1222 5778 in
1258 5722 1441 5789 Patre,
1475 5735 1527 5780 et
1565 5725 1726 5782 Pater
1772 5728 1823 5782 itt
1853 5744 1958 5785 me.
2006 5746 2027 5781 ι
2064 5729 2156 5785 Sit:

639 5900 681 5931 ⁵³
740 5905 760 5961 ι
811 5904 1017 5972 Titn.t,
1054 5907 1146 5965 Π.

2260 4698 2461 4769 λοῦμεν
2491 4698 2601 4753 ἀπὸ
2634 4697 2734 4766 τῆς
2760 4696 2907 4751 κατά
2937 4695 3099 4766 φύσιν
3142 4691 3292 4763 αὐτῷ
3337 4685 3627 4762 προσούσης
3665 4678 3772 4769 iiii"

2261 4762 2440 4859 γείας,
2464 4790 2617 4844 ὥσπε
2628 4806 2661 4860 ρ
2688 4762 2805 4842 ’καὶ
2834 4762 3030 4856 σοφίαν
3059 4783 3157 4840 καὶ
3182 4762 3491 4853 ἀγαθότητα
3531 4773 3615 4830 καὶ
3653 4762 3773 4820 τᾶλλα

2262 4885 2463 4937 πάντα.
2491 4859 2665 4935 Τοῦτο
2690 4879 2868 4934 τοίνυν
2887 4878 3058 4933 θέλων
3079 4876 3358 4944 ἀποδεῖξαί
3380 4888 3554 4944 φησιν,
3570 4866 3634 4926 ὡς
3656 4859 3771 4910 Ὅταν

2262 4977 2437 5040 οὕτως
2477 4975 2751 5046 λέγωμεν,
2782 4973 2929 5044 ζωὴν
2956 4972 3103 5043 ἔχειν
3162 4973 3219 5024 ὲν
3258 4966 3437 5039 ἑαυτῷ
3476 4964 3560 5017 τὸν
3592 4950 3771 5046 HNP},

2264 5038 2568 5143 («HW—16$;
2617 5038 2898 5137 καλοῦμεν
3079 5064 3231 5132 Υίδν,
3261 5038 3445 5130 ἕτερον
3497 5054 3583 5139 τοῦ
3612 5038 3771 5143 Πατρδξ

2265 5127 2396 5221 {ivro
2423 5162 2568 5219 κατὰ
2601 5127 2923 5234 μόνην-τὴν
2985 5127 3308 5220 ὑπόστασιν,
3357 5127 3491 5209 am
3541 5134 3646 5213 οὐχὶ
3672 5127 3775 5234 κατέ

2265 5261 2367 5332 τὴν
2397 5259 2567 5331 ζωήν.
2601 5224 2739 5311 ’Διό
2766 5224 2891 5310 οὐδε
2923 5253 3174 5317 σύνθεσίς
3213 5269 3295 5315 τις
3337 5252 3429 5303 καὶ
3477 5237 3643 5332 διπλόη
3682 5224 3774 5332 περί

2262 5329 2428 5408 αὐτὸν
2454 5329 2680 5417 νοεῖται,
2723 5348 2821 5403 καὶ
2861 5347 2953 5402 ὅτε
2998 5343 3164 5400 πάλιν
3201 5342 3347 5412 ζωὴν
3375 5344 3429 5393 ἐν
3451 5331 3607 5398 ἐαυτῷ
3638 5329 3773 5417 vim”

2263 5451 2410 5521 ἔχειν
2431 5446 2523 5501 τὸν
2546 5414 2697 5508 Υίὺν,
2721 5443 2820 5514 τὴν
2839 5437 3263 5511 άπολελυμὲνως
3291 5432 3571 5528 νοουμένην

2433 5498 2713 5607 καλοῦμεν
2749 5498 2843 5588 {sv
2879 5498 3104 5634 Πάτερά
3135 5545 3150 5561 ·
3474 5498 3775 5634 ιῶἕ-ῗῗῆπέἰ

2263 5601 2476 5703 ἓτερον,
2506 5601 2625 5685 an;
2655 5626 2875 5696 άφέτως
2905 5601 3070 5690 αὐτός
3092 5619 3219 5677 καθ’
3255 5617 3444 5710 ἑαυτὸν
3470 5613 3496 5664 6
3516 5601 3757 5710 mihi:

2265 5684 2537 5792 dvlzlbgvtv
2562 5684 2817 5795 ἀλλήλοις
2839 5684 2982 5774 εἰσίν
3005 5734 3019 5749 ⁸
3051 5684 3215 5780 αὐτὸς
3236 5714 3345 5783 γὰρ
3373 5708 3591 5780 εἴρηκεν.
3617 5712 3634 5747 ι
3665 5684 3770 5749 Ἐἴθ’
