4020 6496
320 431 392 497 1?
432 430 463 489 5
1231 423 1512 486 CAPITA
1554 416 1906 490 PIiYSlCA,
1945 422 2460 494 THEOLOGICA,
2502 422 2664 483 ETC.
3457 417 3592 484 1906

315 552 375 602 εν
402 544 480 614 τῷ
512 542 710 614 Πατρὶ,
760 547 857 595 καὶ
891 542 921 595 6
965 541 1154 609 Πατὴρ
1188 540 1247 591 ἐν
1279 539 1425 609 ἐμοί.
1468 548 1499 587 ἰ
1542 535 1624 589 Τὰ
1668 531 1896 586 τοιαῦτα

2015 538 2162 605 gitur
2188 536 2348 592 divus
2377 534 2614 607 Cyrillus
2633 530 2873 587 ostendit
2903 529 3066 586 aliam
3105 531 3509 604 quodammodo
3536 544 3593 588 et

314 599 494 691 τοίνῦν
522 639 550 690 6
573 599 716 699 θείος
741 631 1031 704 Κύριλλος,
1060 599 1250 701 ρόν
1293 599 1411 693 ττως
1460 630 1555 682 καὶ
1582 630 1681 701 οὐχ
1709 628 1900 700 ἕτερον

2013 599 2104 681 inn
2135 627 2297 683 aliam
2331 599 2495 698 quam
2529 625 2744 681 Patrem
2775 637 2899 680 esse
2928 625 3094 678 vitam
3125 624 3319 694 quaein
3341 625 3459 693 ipso
3489 635 3592 688 est.

315 728 533 790 δεικνὺς
556 727 709 798 παρὰ
740 725 827 779 τὸν
851 724 1071 795 Πατέρα
1102 722 1202 793 τὴν
1240 723 1299 775 ὲν
1336 721 1488 789 αὐτῷ
1530 719 1698 792 ζωὴν,
1732 722 1902 823 ίγγονν

2013 719 2206 775 scilicet
2238 719 2457 774 Filium.
2490 718 2593 785 Qui
2628 732 2759 773 vero
2793 716 2995 771 dicunt'
3030 718 3177 773 hunc
3225 717 3375 771 nullo
3432 715 3595 771 modo

315 823 410 876 τὸν
437 820 589 875 Υίόν.
642 820 708 872 Oi
744 817 790 871 δ’
833 817 910 882 ὡς
944 816 1208 889 μηδαμῶς
1237 815 1427 884 ἕτερον
1467 815 1601 868 ὄντα
1640 815 1770 914 ’ἕταρ’
1799 814 1903 868 αὐ·-

2013 812 2167 866 ilinm
2201 826 2327 867 esse
2383 826 2550 881 quam
2585 810 2763 877 illum,
2791 819 2847 865 et
2875 811 3124 865 eamdem
3171 810 3397 864 omnino
3428 824 3591 879 quam

317 916 432 977 τδν,
464 914 561 967 xui.
591 912 691 983 τὴν
720 909 890 981 αὐτὴν
922 909 1065 965 κατὰ
1098 911 1280 964 πάντα
1310 907 1388 978 τῷ
1425 908 1602 979 Πατρὶ
1644 907 1903 975 λέγοντες

2013 905 2222 960 Patrem
2249 918 2374 960 esse
2396 904 2558 958 vitam
2587 917 2708 974 qua:
2744 902 2801 957 in
2830 900 2950 973 ipso
2982 910 3088 965 est,
3119 910 3179 956 ut
3208 902 3431 955 minime
3483 900 3596 956 dis-

317 1005 419 1078 τὴν
451 1007 510 1059 ὲν
530 1003 680 1075 αὐτῷ
701 1002 867 1075 ζωὴν,
888 1002 965 1065 ὼς
992 1000 1159 1073 μηδὲν
1179 1001 1566 1069 διαφέρουσαν,
1589 1000 1658 1054 τὰ
1678 999 1910 1054 τοιαῦτα

2013 997 2233 1051 tinctam
2268 1013 2283 1061 ;
2313 996 2406 1065 qui
2429 996 2599 1067 igitur
2629 995 2756 1050 talia
2785 995 3150 1061 contendunt,
3189 1005 3244 1050 et
3271 995 3413 1050 hanc
3441 1008 3596 1049 asse-

321 1096 775 1170 προσαλλόμενοι,
836 1095 933 1148 καὶ
990 1093 1206 1164 ταύτην
1256 1090 1398 1147 εἶναι
1440 1092 1909 1164 διαόεὸαιούμενοι

2013 1098 2128 1144 runt
2155 1104 2277 1146 esse
2308 1089 2487 1145 Patris
2544 1089 2899 1161 Unigenitum
2934 1108 2952 1157 ;
2990 1089 3064 1146 illi
3112 1103 3221 1143 non
3267 1086 3597 1143 venerabilis

319 1191 417 1244 τὸν
441 1187 541 1243 τοῦ
576 1186 794 1257 Πατρδς
818 1186 1126 1255 Μονογενῆ,
1156 1187 1219 1239 οὐ
1268 1188 1383 1250 τοῖς
1418 1187 1513 1240 τοῦ
1550 1182 1751 1240 σεπτοῦ
1788 1185 1905 1240 Κυ-

2013 1180 2211 1252 Byriili,
2244 1181 2341 1236 sed
2364 1178 2586 1236 Sabellii
2620 1181 2878 1236 doctrinae
2908 1194 3133 1251 prorsus
3164 1178 3479 1236 necessario
3501 1179 3596 1235 ad-

325 1284 531 1355 ρίλλου,
556 1281 691 1336 ἀλλὰ
716 1284 828 1343 τοῖς
853 1279 950 1332 τοῦ
990 1277 1281 1332 Σαϐελλίου
1329 1279 1473 1335 κατὰ
1518 1281 1701 1334 πᾶσαν
1730 1279 1930 1351 ἀνάγ-ι’
2008 1273 2234 1328 Mirem-

330 1392 435 1446 κην
465 1372 813 1425 συνίστανται
837 1371 1125 1439 δόγμασιν.
2083 1452 2172 1467 ,Μ
2245 1452 2277 1467 ,,
2339 1453 2354 1467 .
2409 1454 2439 1467 ..
2605 1450 2641 1467 ι,
2996 1464 3005 1467 _
3162 1454 3175 1467 .

405 1470 548 1537 ρκα’.
589 1463 750 1518 Ἀλλὰ
779 1464 874 1517 καὶ
912 1463 1004 1516 τὸν
1045 1462 1188 1515 θεῖον
1238 1459 1508 1532 Κύριλλον
1554 1460 1677 1515 καθ’
1713 1461 1910 1514 ἑαυτοῦ

2077 1452 2203 1507 ﬁt.
2244 1452 2355 1507 Sed
2389 1454 2573 1506 divum
2601 1450 2861 1525 Cyrillum
2884 1464 3073 1510 contra
3097 1454 3340 1525 seipsum
3368 1453 3601 1510 afferen-

333 1555 600 1628 προάγειν
625 1554 755 1616 τοὺς
790 1550 932 1606 κατὰ
970 1552 1077 1604 τῶν
1102 1550 1388 1619 ἐναντίων,
1417 1549 1534 1614 πῶς
1562 1550 1623 1605 οὐ
1673 1550 1777 1621 τῆς
1811 1568 1910 1623 με.

2013 1553 2086 1601 tes
2137 1546 2469 1610 adversarii,
2534 1558 2717 1601 nonne
2795 1545 3092 1601 maximam
3143 1558 3334 1602 contra
3387 1549 3602 1617 seipsos

335 1647 531 1715 γίστης
565 1642 868 1714 καταδίκης
891 1643 1076 1707 αὐτοῖς
1111 1640 1417 1713 πρόξενον;
1451 1639 1514 1695 τὸ
1534 1641 1650 1714 γὰρ
1680 1639 1777 1696 νῦν
1810 1640 1909 1714 μιν

2013 1636 2245 1693 inierunt
2267 1638 2671 1692 damnationem
2702 1638 2725 1692 7
2754 1635 2889 1692 Nam
2928 1639 3106 1694 dicere
3156 1638 3376 1709 quidem
3433 1642 3593 1694 modo

330 1737 513 1805 τοῦτο,
548 1738 644 1791 νῦν
666 1736 713 1793 δ’
743 1740 920 1793 ἐκεῖνο
943 1742 1159 1809 λέγειν,
1187 1743 1524 1815 ἀμφοτέρων
1566 1745 1741 1802 ὄντων
1777 1748 1909 1821 ἀλη-

2013 1744 2193 1795 unum,
2246 1730 2406 1785 modo
2457 1730 2714 1796 alterum,
2773 1733 2994 1802 quando
3051 1743 3589 1803 utrumqueiverutn

332 1828 462 1891 θῶν,
496 1828 701 1891 παντός
721 1831 838 1882 ἐστι
862 1829 1238 1899 θεολογοῦντος
1261 1834 1521 1902 εὐσεόὦς,
1543 1835 1624 1907 τῷ
1642 1837 1699 1892 δὲ
1719 1841 1910 1895 τάναν-

2013 1829 2117 1884 est,
2145 1826 2404 1888 competit
2437 1823 2528 1892 pio
2564 1824 2787 1879 cuilibet
2810 1825 3061 1894 theologo
3099 1843 3115 1893 ;
3151 1827 3247 1882 sed
3284 1828 3467 1881 dicere
3516 1829 3593 1883 si-

331 1919 424 1972 τία
457 1917 638 1988 λέγειν
688 1921 890 1991 ἑαυτῷ,
922 1922 1137 1987 οὐδενὸς
1189 1923 1300 1980 τῶν
1329 1924 1454 1980 νοῦν
1481 1906 1737 1998 ἐχόντων.
1786 1932 1909 1998 Πῶς

2013 1914 2173 1968 bimet
2221 1919 2520 1983 contraria,
2581 1918 2783 1972 nullius
2839 1929 2924 1973 est
2985 1919 3275 1987 sapientis.
3310 1918 3595 1986 Quomodo

333 2008 426 2064 οῦν
454 2012 485 2064 6
516 2011 698 2076 καλῶς
742 2012 916 2067 είπὼν
962 2015 1063 2087 τὴν
1088 2015 1237 2088 ζωὴν
1262 2017 1409 2089 ἔχειν
1448 2022 1592 2076 κατὰ
1626 2022 1790 2092 φύσιν
1820 2025 1913 2079 τὸν

332 2100 462 2155 Υἰδν
488 2100 556 2172 ἢν
583 2100 767 2157 δίδωσι
803 2105 916 2169 τοῖς
948 2107 1029 2169 είς
1071 2106 1234 2161 αὐτὸν
1279 2108 1636 2177 πιστεύουσι,
1680 2112 1914 2168 κάντεῦ-

331 2189 423 2242 θεν
452 2190 630 2255 δείξας
664 2193 745 2246 ὅτι
794 2195 870 2265 μὴ
899 2198 1062 2266 μόνον
1095 2198 1128 2269 ἡ
1158 2197 1316 2252 οὐσία
1345 2200 1438 2254 τοῦ
1459 2201 1617 2270 Θεοῦ,
1643 2205 1712 2275 ἢν
1737 2206 1913 2271 οὐδεὶς

327 2279 620 2352 λαμϐάνει,
651 2284 791 2339 ἀλλὰ
838 2288 932 2341 καὶ
963 2292 993 2358 ἡ
1032 2290 1176 2344 κατά
1227 2290 1391 2362 φύσιν
1437 2293 1688 2364 ἐνέργεια
1718 2296 1911 2350 τούτου

327 2374 548 2443 λέγεται
571 2376 713 2449 ζωὴ,
742 2380 810 2451 ἢν
841 2380 985 2434 κατὰ
1012 2384 1172 2453 χάριν
1201 2384 1395 2440 ἔλαϐον
1420 2388 1471 2440 ot
1493 2386 1637 2442 οὕτω
1663 2391 1797 2461 παρ’
1814 2392 1913 2445 αὐ-

327 2466 426 2520 τοῦ
456 2467 903 2539 ζωοπιηθέντες,
931 2476 1007 2538 ὡς
1035 2478 1130 2529 καὶ
1162 2474 1356 2542 σώζειν
1380 2477 1448 2532 δι’
1473 2479 1680 2533 ἑαυτῶν
1700 2522 1715 2547 ,
1750 2483 1915 2536 ταυτὶ)

330 2553 389 2607 δὲ
415 2555 591 2610 εἰπεῖν
612 2560 708 2612 καὶ
747 2560 1181 2629 ἀπαθανατίζειν
1211 2566 1353 2620 κατὰ
1403 2567 1643 2638 πνεῦμα,
1669 2572 1794 2635 τοὺς
1837 2572 1913 2643 μὴ

330 2646 475 2701 κατὰ
527 2647 747 2720 πνεῦμα
803 2651 1015 2718 ζῶντας
1068 2655 1379 2728 πρότερον;
1416 2657 1573 2715 Ἔστι
1606 2662 1652 2714 δ’
1691 2662 1785 2725 οὒς
1817 2663 1915 2718 καὶ

325 2737 438 2793 τῶν
460 2740 600 2794 κατά
625 2758 680 2795 τι
711 2744 895 2813 μέλος,
935 2747 968 2815 ἢ
1016 2746 1112 2802 καὶ
1154 2751 1296 2805 κατὰ
1332 2752 1441 2806 πᾶν
1495 2744 1658 2823 σῶμα
1705 2756 1915 2828 νεκρῶν

323 2833 634 2901 γεγονότων
660 2836 905 2909 ἀνιστᾷν.
939 2838 1062 2902 Πῶς
1093 2839 1162 2894 ἂν
1188 2837 1282 2896 οὖν
1313 2843 1342 2896 6
1393 2843 1574 2909 καλῶς
1610 2847 1787 2900 ταῦτα
1819 2851 1915 2903 καὶ

327 2920 521 2990 σαφῶς
570 2923 774 2989 δείξας,
831 2926 970 2996 πρὸς
1014 2927 1301 3001 ἀναίρεσιν
1359 2930 1552 2987 ἔπειτα
1607 2933 1708 3006 τῆς
1761 2935 1914 3002 θείας

321 3011 535 3085 ταύτης
557 3015 863 3087 ἐνεργείας,
901 3019 962 3072 τὸ
987 3019 1133 3090 ζωὴν
1163 3021 1448 3078 καλεῖσθαι
1471 3025 1573 3097 τὴν
1605 3027 1796 3082 οὐσίαν
1817 3029 1913 3084 τοῦ

324 3102 468 3157 Θεοῦ
502 3105 848 3177 προήνεγκες
878 3106 1133 3181 καθάπερ
1170 3112 1219 3164 οί
1256 3110 1353 3165 νῦν
1391 3113 1461 3166 τὰ
1489 3114 1686 3169 τούτου
1725 3115 1913 3188 βιαζό-

328 3210 504 3265 μενοι,
552 3197 756 3267 μᾶλλον
804 3197 862 3252 δὲ
915 3202 1381 3270 συκοφαντοῦντες
1413 3207 1660 3277 ἀνοήτως
1700 3210 1913 3282 ἰσχυρί-

324 3286 533 3351 ζονται.
1646 3314 1653 3319 ·

402 3377 542 3449 φιβ’.
580 3380 693 3452 Οὐχ
730 3383 759 3436 6
783 3384 879 3437 τοῦ
907 3383 1045 3439 Θεοῦ
1071 3387 1387 3462 Μονογενὴς
1441 3394 1624 3461 μόνον,
1654 3393 1792 3448 ἀλλὰ
1821 3399 1913 3450 καὶ

323 3470 388 3524 τὸ
448 3472 673 3544 Πνεῦμα
719 3474 780 3528 τὸ
833 3475 987 3544 ἅγιον
1059 3480 1309 3534 καλεῖται
1365 3484 1516 3553 παρὰ
1578 3483 1688 3538 τῶν
1742 3486 1913 3557 ἁγίων

332 3562 591 3634 ἐνέργειά
625 3581 685 3617 τε
719 3568 811 3618 καὶ
838 3566 1067 3636 δύναμις
1094 3585 1109 3600 ’
1141 3568 1258 3623 ἀλλ’
1284 3572 1361 3635 ὡς
1389 3572 1489 3637 τὰς
1524 3574 1697 3639 αὐτὰς
1728 3578 1885 3649 ἀπαρ

322 3655 609 3720 αλλάκτως
637 3658 714 3728 τῷ
748 3659 925 3730 Πατρὶ
963 3660 1229 3731 δυνάμεις
1252 3661 1446 3733 ἔχοντα
1482 3666 1576 3718 καὶ
1605 3667 1909 3739 ἐνεργείας,

322 3748 452 3799 ἐπεὶ
486 3748 579 3800 καὶ
608 3748 840 3819 δύναμις
900 3753 925 3803 6
958 3750 1093 3811 Θεὸς
1147 3752 1366 3821 λέγεται
1404 3755 1546 3808 κατὰ
1593 3757 1685 3810 τὸν
1736 3759 1911 3829 μέγαν

319 3839 625 3908 Διονύσιον,
658 3842 732 3904 ὠς
785 3845 966 3897 πᾶσαν
995 3844 1226 3915 δύναμιν
1245 3847 1300 3897 ἐν
1323 3846 1501 3918 ἐαυτῷ
1534 3848 1785 3920 προέχων
1817 3853 1912 3906 καὶ

322 3933 635 4004 ὑπερέχων.
658 3936 750 3987 Διὸ
779 3938 870 3988 καί
894 3938 1429 4009 συνυπακουόμενον,
1457 3940 1489 4010 ἢ
1517 3942 1611 3996 καὶ
1635 3959 1914 4012 συνεκφω-

322 4026 587 4096 νούμενον
617 4026 731 4099 ἔχει
750 4028 955 4083 τούτων
970 4031 1254 4104 ἑκάτερον,
1285 4033 1415 4087 ὅταν
1442 4033 1672 4104 δύναμις
1694 4036 1728 4107 ἢ
1755 4037 1912 4108 ὲνέρ⁴

321 4134 451 4186 γεια
481 4119 728 4173 καλεῖται
764 4122 824 4174 τὸ
881 4124 1242 4178 ὲνυπόστατον
1263 4142 1277 4156 ο
1340 4124 1593 4199 καθάπερ
1628 4128 1723 4183 καὶ
1778 4130 1807 4182 6
1840 4130 1912 4183 τὰ

323 4208 508 4262 πάντα
538 4210 713 4279 μέγας
746 4211 1052 4280 Βασίλειος,
1104 4214 1367 4287 Δύναμις,
1397 4220 1584 4288 φησὶν,
1610 4221 1908 4294 ἁγιαστικὴ

318 4299 389 4351 τὸ
423 4300 649 4372 Πνεῦμα
682 4311 744 4357 τὸ
766 4305 944 4372 ἅγιον,
981 4306 1253 4371 ἁνούσιος,
1296 4307 1658 4381 ὲνύπαρκτος,
1712 4315 1911 4369 ὲνυπό-

322 4406 544 4457 στατος.
580 4393 693 4457 Τὰς
721 4395 766 4448 δ’
799 4399 863 4448 ὲκ
894 4398 990 4450 τοῦ
1020 4396 1200 4461 πάσας
1228 4400 1510 4471 ἐνεργείας
1556 4403 1658 4456 οὐκ
1712 4405 1912 4459 ἐνυπο-

323 4488 563 4553 στάτους
600 4489 872 4562 ὑπάρχειν
935 4494 1040 4547 κᾶν
1093 4496 1209 4558 τοῖς
1262 4499 1394 4569 περὶ
1436 4497 1533 4552 τοῦ
1596 4499 1912 4572 Πνεύματος

2005 2003 2172 2070 igitur
2188 2008 2281 2076 qui
2308 2015 2455 2062 recte
2478 2009 2616 2062 dixit
2640 2008 2835 2064 Filium
2857 2010 3181 2065 naturaliter
3208 2011 3374 2064 vitam
3398 2011 3598 2066 habere

2005 2109 2171 2165 quam
2192 2097 2286 2151 dat
2312 2098 2670 2155 credentibus
2701 2101 2754 2155 in
2782 2102 3047 2172 seipsum,
3076 2112 3132 2155 et
3155 2103 3597 2159 exindedemouo

2005 2191 2200 2245 stravit
2233 2206 2337 2247 non
2368 2195 2544 2249 solum
2572 2195 2867 2250 essentiam
2919 2196 3037 2259 Dei,
3087 2210 3250 2265 quam
3304 2212 3466 2250 nemo
3514 2211 3599 2252 re-

2006 2283 2160 2353 cipit,
2192 2284 2288 2340 sed
2322 2285 2486 2341 etiam
2533 2286 2839 2342 naturalem
2872 2288 3030 2359 hujus
3064 2292 3436 2358 operationem
3491 2290 3601 2345 dici

2006 2376 2199 2442 vitam,
2230 2391 2394 2449 quam
2433 2379 2612 2450 gratia
2645 2380 2922 2451 recipiunt
2967 2383 3071 2437 viri
3106 2384 3188 2439 sic
3217 2399 3247 2437 a
3286 2384 3401 2439 Deo
3427 2384 3603 2437 viviti-

2005 2468 2143 2532 cati,
2167 2477 2230 2523 ut
2278 2483 2381 2539 per
2417 2472 2634 2539 seipsos
2680 2475 2911 2541 salvent,
2971 2489 3085 2540 seu,
3117 2477 3261 2547 quod
3290 2476 3427 2529 idem
3489 2489 3602 2544 est,

2008 2557 2349 2614 immortales
2373 2560 2732 2629 spirituaiiter
2759 2561 2963 2617 faciant
2985 2560 3078 2618 eos
3095 2564 3186 2633 qui
3214 2579 3321 2618 non
3346 2565 3603 2632 spiritua~

2007 2647 2135 2704 inter
2156 2649 2317 2719 prius
2338 2652 2606 2715 vixerant,
2640 2661 2697 2706 et
2729 2653 3021 2708 nonnullos
3049 2667 3236 2706 eorum
3272 2654 3365 2723 qui
3412 2655 3600 2724 aliquo

2010 2744 2253 2797 membro
2277 2743 2358 2798 vel
2389 2752 2499 2798 toto
2527 2738 2757 2813 oorpore
2786 2754 2943 2799 erant
2976 2745 3200 2809 mortui,
3236 2749 3607 2819 resuscitent;
3666 2769 3674 2777 -
3720 2740 3723 2741 ⁷

2009 2833 2288 2901 quomodo
2320 2835 2489 2905 igitur
2521 2838 2610 2906 qui
2639 2844 2788 2891 recte
2818 2836 2907 2890 illa
2929 2844 2986 2890 et
3013 2836 3158 2892 clare
3183 2840 3605 2904 demonstravit,

2007 2924 2100 2981 ille
2160 2935 2350 2997 postea
2404 2928 2644 2982 divinam
2679 2928 2819 2984 hanc
2875 2929 3251 2998 operationem
3289 2931 3609 2996 destructis,

2006 3019 2152 3087 quod
2190 3019 2298 3073 vita
2329 3030 2553 3074 vocatur
2585 3035 2688 3089 pro
2735 3021 2829 3077 Dei
2861 3023 3102 3078 essentia
3158 3024 3502 3095 protulisset,
3544 3034 3605 3078 ut

2010 3124 2153 3165 nunc
2177 3113 2344 3167 verba
2364 3113 2483 3182 ejus
2529 3113 2918 3186 detorquentes
2947 3129 3042 3171 seu
3069 3117 3248 3187 potius
3267 3120 3606 3171 calumnian-

2014 3211 2096 3259 tes
2129 3205 2305 3267 stulte
2353 3205 2628 3262 afﬁrmant
2657 3208 2681 3263 ?

2090 3380 2215 3434 122.
2269 3379 2386 3436 Non
2446 3378 2771 3452 Unigenitus
2822 3383 2917 3441 Dei
2956 3394 3191 3452 tantum,
3230 3396 3285 3440 at
3330 3389 3493 3444 etiam
3548 3396 3609 3445 et

2011 3471 2250 3540 Spiritus
2267 3481 2490 3527 sanctus
2514 3486 2739 3527 vocatur
2763 3492 2791 3527 a
2821 3476 3031 3533 sanctis
3057 3477 3301 3546 operatio
3318 3488 3373 3532 et
3394 3482 3602 3546 virtus;

2010 3563 2111 3616 sed
2134 3562 2213 3616 ita
2249 3570 2308 3614 ut
2340 3560 2823 3618 indiscritninatim
2865 3567 3085 3621 easdem
3129 3567 3325 3622 habeat
3348 3584 3414 3623 ac
3443 3568 3605 3624 Pater

2010 3654 2241 3709 virtutes
2265 3663 2320 3708 et
2341 3653 2711 3723 operationes,
2730 3657 2855 3724 quia
2873 3656 3016 3713 Deus
3036 3660 3153 3731 ipse
3173 3661 3346 3716 virtus
3376 3643 3598 3727 dicitur,

2009 3745 2155 3801 iuxta
2182 3761 2437 3816 magnum
2491 3747 2839 3820 Dionysium,
2869 3763 3056 3822 utpote
3081 3768 3298 3809 omnem
3332 3756 3385 3808 in
3417 3770 3479 3810 se
3508 3758 3604 3810 ha-

2012 3839 2145 3893 bens
2167 3850 2221 3894 et
2243 3842 2549 3896 emittenter
2569 3843 3151 3908 includensrirtutem.
3166 3847 3294 3902 ideo
3313 3858 3604 3920 utrumque

2009 3932 2229 3988 illorum
2261 3934 2425 3991 simul
2478 3935 2801 4006 intelligitur
2848 3946 2903 3993 et
2940 3937 3195 4004 edicitur,
3237 3944 3457 4012 quando
3488 3945 3604 4000 vir-

2011 4032 2158 4079 tutes
2195 4036 2288 4081 aut
2344 4029 2592 4098 operatio
2642 4043 2871 4086 vocatur
2896 4034 3040 4102 quod
3068 4044 3154 4089 est
3209 4037 3599 4107 substan'tiale,

2004 4118 2159 4173 sicut
2181 4120 2312 4175 dicit
2340 4136 2570 4191 ntagnus
2590 4125 2814 4181 omnino
2855 4125 3086 4181 Basilius
3117 4144 3131 4183 ε
3159 4145 3177 4181 ι
3212 4121 3446 4198 spiritus
3470 4146 3601 4186 san-

2013 4220 2135 4269 ctus
2162 4222 2218 4269 et
2273 4214 2449 4272 virtus
2500 4218 2916 4287 sanctiﬁcatrix,
2945 4225 3273 4287 essentialis,
3302 4225 3598 4289 inhaerens,

2011 4306 2411 4366 substantialis.
2464 4328 2482 4362 ι
2517 4309 2648 4367 Inde
2692 4315 3039 4383 operationes
3078 4332 3182 4369 non
3240 4333 3432 4376 omnes
3480 4333 3601 4375 esse

2012 4400 2397 4457 substantiales
2422 4416 2517 4473 per
2544 4406 2648 4460 hoc
2677 4409 2819 4475 quod
2849 4407 2980 4462 dicit
3000 4407 3069 4464 de
3118 4407 3322 4479 Spiritu
3378 4413 3602 4467 deumn-

2008 4492 2224 4556 Itravit,
2244 4508 2341 4562 per
2367 4495 2511 4562 quod
2535 4497 2705 4551 etiam
2724 4509 2872 4567 patet
2900 4514 2993 4556 eas
3026 4515 3063 4554 ε
3091 4505 3361 4557 creaturis
3386 4505 3600 4559 discer-

320 4580 671 4652 ἀπεφήνατο,
706 4582 777 4637 δι’
804 4576 867 4637 οὗ
911 4585 1004 4638 καὶ
1053 4585 1164 4640 τῶν
1197 4590 1517 4660 κτισμάτων
1549 4588 1707 4655 αὖθις
1754 4593 1910 4662 δῆλός

2014 4600 2147 4641 nens
2179 4601 2196 4649 ;
2219 4588 2597 4643 substantialis
2619 4593 2769 4645 enim
2790 4604 2919 4646 sunt
2945 4609 3066 4662 quae
3086 4599 3291 4650 suntex
3321 4597 3512 4665 spiritu
3536 4610 3594 4653 ut

322 4676 447 4727 ἐστι
471 4672 676 4738 ταύτας
710 4674 1021 4741 διαστείλας
1055 4695 1071 4711 ·
1106 4680 1455 4735 ὲνυπόστατα
1486 4682 1597 4754 γὰρ
1620 4685 1694 4738 τὰ
1724 4686 1789 4738 ἐκ
1815 4685 1910 4739 τοῦ

2013 4692 2274 4734 creatura:
2304 4698 2317 4734 :
2360 4682 2531 4737 factas
2562 4687 2705 4739 enim
2748 4686 3014 4739 essentias
3051 4686 3192 4742 Deus
3224 4692 3450 4743 creavit.

324 4764 645 4836 πνεύματος
666 4765 744 4831 ὡς
772 4767 1049 4839 κτίσματα
1077 4785 1092 4801 ’
1127 4774 1516 4844 πεποιωμένας
1540 4775 1648 4846 γὰρ
1675 4775 1865 4839 οὐσίας
1884 4777 1913 4828 6

320 4855 462 4920 Θεὸς
490 4856 944 4928 ἐδημιούργησεν.

400 4947 542 5020 ρκγ¹.
588 4950 653 5005 Ἡ
702 4951 1020 5023 ἁποφατικὴ
1087 4952 1337 5023 θεολογία
1389 4957 1490 5010 οὐκ
1547 4958 1909 5023 ἐναντιοῦται,

319 5040 450 5096 οὐδὲ
501 5043 718 5112 ἀναιρεί
756 5044 858 5113 τὴν
920 5046 1325 5118 καταφατικὴν,
1374 5048 1510 5102 ἀλλὰ
1564 5049 1805 5105 δείκνυσι
1843 5054 1912 5106 τὰ

320 5133 720 5203 καταφατικῶς
757 5136 850 5187 επὶ
876 5135 1011 5188 Θεοῦ
1038 5135 1330 5205 λεγόμενα,
1386 5139 1564 5212 ἀληθῆ
1606 5143 1706 5211 μὲν
1761 5140 1910 5197 εἶναι

323 5228 421 5279 καὶ
450 5225 690 5290 εὐσεϐῶς
721 5230 813 5280 ἐπὶ
839 5228 997 5290 Θεοῦ,
1024 5232 1087 5284 οὐ
1127 5231 1252 5284 καθ’
1279 5235 1427 5305 ἡμᾶς
1461 5234 1520 5288 δὲ
1565 5236 1723 5290 ταῦτ’
1767 5237 1912 5310 ἔχειν

320 5319 419 5373 τὸν
449 5318 609 5377 Θεόν.
636 5316 764 5375 Οἷον
788 5320 902 5394 ἔχει
938 5323 973 5376 6
1018 5323 1149 5389 Θεὸς
1184 5325 1284 5396 τὴν
1319 5328 1525 5396 γνῶσιν
1556 5329 1668 5384 τῶν
1707 5331 1907 5400 ὄντων,

324 5412 528 5483 ἔχομεν
564 5416 658 5467 καὶ
687 5416 850 5487 ἡμεῖς
874 5414 1021 5470 ἔστιν
1052 5410 1150 5483 ὧν,
1186 5419 1302 5473 ἀλλ’
1343 5421 1505 5491 ἡμεῖς
1561 5422 1665 5494 μὲν
1712 5422 1790 5487 ὡς
1822 5423 1910 5478 ὅν-

323 5519 438 5557 των
463 5519 525 5556 τε
572 5505 668 5558 καὶ
701 5509 1030 5578 γενομένων,
1067 5511 1097 5563 6
1145 5509 1203 5563 δὲ
1230 5511 1385 5577 Θεὸς,
1428 5514 1528 5585 οὐχ
1555 5514 1633 5580 ὡς
1666 5515 1840 5571 ὄντων
1873 5518 1906 5589 ἦ

324 5597 659 5667 γενομένων⁸
682 5599 947 5667 ἐγίνωσκε
970 5601 1080 5674 γὰρ
1111 5603 1261 5658 ταῦτ’
1285 5606 1447 5661 οὐδὲν
1464 5601 1626 5680 ἦττον
1658 5613 1753 5664 καὶ
1778 5614 1908 5683 πρὶν

324 5686 593 5755 γενέσεως
618 5688 819 5743 αὐτῶν.
891 5690 951 5745 Ὁ
977 5693 1107 5761 γοῦν
1158 5695 1333 5749 εἰπὼν
1381 5700 1512 5767 περὶ
1552 5699 1691 5754 Θεοῦ
1734 5701 1817 5755 ὄτι
1845 5704 1906 5757 οὐ

326 5778 588 5848 γινώσκει
614 5780 684 5834 τὰ
727 5776 922 5857 ὅνταῇ
973 5782 1124 5849 ὄντα,
1178 5786 1277 5840 οὐκ
1311 5790 1648 5844 ἐναντιοῦται
1701 5793 1778 5864 τῷ
1822 5793 1910 5850 λέ-

332 5874 580 5940 γοντιὸτι
604 5871 862 5943 γινώσκει
906 5875 935 5928 6
961 5874 1092 5941 Θεὸς
1130 5876 1199 5931 τὰ
1244 5878 1395 5946 ὄντα,
1433 5881 1528 5935 καὶ
1573 5882 1703 5939 ὄντα
1745 5885 1908 5952 γινώα-

2085 4952 2208 5006 123.
2237 4952 2494 5023 Negativa
2557 4955 2653 5010 Dei
2687 4957 2946 5012 attributa
2973 4958 3308 5015 :tﬂirtnativis
3328 4977 3433 5019 non
3462 4974 3592 5021 sunt

2021 5047 2312 5112 :ontraria,
2376 5062 2478 5102 nec
2527 5063 2588 5102 ea
2647 5050 2987 5118 destruunt;
3040 5054 3135 5108 sed
3190 5060 3485 5114 ostendunt
3529 5075 3619 5115 εει·

2011 5154 2134 5208 quae
2173 5139 2490 5197 aﬁirmative
2523 5143 2592 5197 de
2626 5142 2737 5196 Deo
2775 5143 3050 5213 dicuntur,
3102 5162 3229 5203 vere
3266 5150 3481 5218 quidem
3541 5163 3597 5207 et

2011 5235 2098 5299 pie
2114 5233 2223 5287 Deo
2243 5234 2485 5301 attribui,
2512 5248 2620 5289 non
2650 5252 2770 5289 esse
2803 5252 2932 5291 vero
2957 5240 3009 5293 in
3039 5238 3148 5294 Deo
3167 5242 3309 5296 sicut
3330 5241 3385 5296 in
3414 5244 3593 5298 nobis.

2016 5323 2176 5381 Verbi
2195 5327 2390 5396 gratia,
2429 5327 2594 5383 habet
2618 5327 2760 5384 Deus
2782 5331 3064 5386 scientiam
3095 5348 3301 5402 rerum,
3333 5335 3597 5394 habemus

2010 5429 2067 5473 et
2095 5433 2194 5475 nos
2228 5424 2588 5491 quorumdam
2644 5425 2928 5480 scientiam
2967 5443 2982 5492 ;
3018 5425 3114 5481 sed
3145 5441 3241 5480 nos
3290 5442 3353 5482 ea
3388 5444 3596 5499 cogno-

2009 5515 2213 5568 scimus
2231 5523 2291 5568 ut
2311 5515 2629 5572 exsistent‘a
2648 5528 2701 5571 et
2729 5517 2897 5585 facta,
2923 5518 3064 5573 Deus
3089 5534 3217 5572 vero
3246 5535 3355 5575 non
3373 5532 3436 5575 ut
3456 5522 3600 5577 exsi-

2012 5609 2213 5662 stentia
2246 5616 2300 5663 et
2329 5606 2473 5665 facta
2507 5651 2522 5674 ,
2547 5626 2674 5664 nam
2722 5627 2785 5664 ca
2839 5627 2943 5664 non
2994 5612 3171 5666 minus
3230 5615 3594 5683 cognoscebat

2011 5710 2303 5771 antequam
2333 5706 2678 5759 exsisterent.
2721 5704 2822 5770 Qui
2854 5718 2984 5775 ergo
3014 5705 3147 5759 dicit
3181 5704 3346 5760 Deum
3382 5721 3485 5761 non
3505 5721 3598 5762 co-

2010 5811 2273 5867 gnoscere
2324 5800 2472 5851 entia
2532 5807 2801 5864 quatenus
2858 5797 3003 5851 entia
3041 5838 3057 5864 ,
3100 5811 3207 5853 non
3272 5802 3597 5856 contradicit

2010 5888 2213 5944 dict-nti
2248 5889 2419 5944 Deum
2469 5903 2797 5958 cognoscere
2825 5889 2993 5956 entia,
3031 5899 3086 5947 ct
3123 5904 3449 5961 cognoscere
3477 5893 3599 5961 ipsa
