4020 6504
520 377 664 446 ῙΞΟἹ
1782 384 2162 446 GREGORII
2222 384 2556 447 PALAME
3633 405 3746 472 1208

516 502 578 546 ut
638 500 807 545 entia.
845 489 959 545 lmo
1020 500 1103 546 est
1147 492 1395 561 quaedam
1455 491 1778 548 al'ﬁrmativa
1835 495 2103 566 theologia

2178 531 2189 553 ι
2244 505 2363 542 σκει
2393 491 2552 588 αὐτά.
2575 493 2732 549 Ἔστι
2763 495 2821 550 δὲ
2843 499 2935 552 καὶ
2970 509 3320 583 καταφατικὴ
3365 512 3618 588 θεολογία,
3638 524 3765 580 δύνα-

517 582 782 652 negativa:
835 580 1122 650 theologia:
1171 581 1278 636 vim
1345 581 1553 638 habens
1588 599 1604 652 ς
1641 584 1788 641 sicut
1820 600 1945 640 cum
1988 563 2104 642 dicit

2244 598 2338 652 μιν
2390 585 2744 658 ἀποφατικῆς
2803 591 3084 665 θεολογίας
3117 563 3320 672 έχουσσῖ
3639 563 3735 674 ’ξιξ

516 639 714 741 aliqtiis
741 689 760 729 :
789 671 981 728 Omnis
1023 639 1272 728 "scientia
1313 673 1381 729 de
1416 639 1604 744 aliquo
1648 639 2103 745 objectodicitu'r,

2244 639 2258 652 ι
2438 639 2484 696 δ’
2513 639 2525 654 ι
2552 639 2740 696 θρῖα
2809 639 3084 665 ---πμ-,ν
3117 639 3315 672 quo»...
3403 639 3476 674 ως
3503 639 3620 670 υταν
3661 639 3765 696 stag

2241 693 2326 779 τις
2353 695 2367 709 ·
2403 681 2558 779 ίῖασα
2596 699 2798 751 γνωσις
2826 689 2970 742 κατά
2999 708 3145 758 τινος
3185 697 3538 772 ὑποκειμένου
3564 709 3763 779 λέγεται,

517 766 730 822 scilicet
767 766 834 820 de
866 779 932 820 co
961 767 1108 836 quod
1130 769 1478 838 cognoscitur
1507 768 1781 837 ;scientia
1806 778 1988 826 autem
2020 771 2104 828 Dei

2238 768 2480 870 δηλονότι
2511 774 2606 870 τοῦ
2638 782 3068 850 γινωσκομένου.
3113 786 3180 840 Ἦ
3208 789 3266 842 δὲ
3299 759 3397 846 τοῦ
3447 759 3762 870 Θεοῦ

516 862 662 915 circa
734 857 943 914 nullum
986 857 1262 927 objectum
1307 859 1528 915 dicitur.
1562 861 1745 931 Ipsum
1795 862 1942 918 enim
1984 863 2103 920 illuc

2239 864 2359 916 κατ’
2389 865 2604 963 οὐδενὸς
2649 843 3017 944 ὐποκειμένου
3046 878 3287 948 λέγεται.
3319 843 3582 963 deceive;

515 953 651 1008 dicit
678 952 850 1007 Deum
915 968 1024 1006 non
1066 966 1398 1024 cognoscere
1427 954 1573 1009 entia
1631 964 1903 1026 quatenus
1939 957 2102 1023 ential

2239 973 2429 1054 φησιν1
2560 963 2587 1015 ὁ
2625 962 2757 1026 Θεὸς
2795 937 2866 1018 οὐ.
2887 937 3150 1035 γινώσκεί
3183 975 3253 1028 τὰ
3281 937 3757 1054 breviare.

520 1054 577 1098 et
616 1043 908 1098 scientiam
953 1058 1135 1097 rerum
1167 1058 1274 1098 non
1300 1043 1522 1110 habere,
1555 1046 1697 1100 sicut
1724 1059 1826 1100 nos
1843 1043 2107 1101 videlicet.

2361 1051 2470 1106 τῶν
2494 1051 2665 1147 όντων
2691 1057 2893 1123 γνῶσιν
2921 1062 3022 1116 οὐκ
3072 1063 3209 1136 ἔχει,
3251 1068 3326 1132 ὡς
3352 1042 3512 1142 ἠμείς
3541 1077 3739 1147 δηλονότι

511 1137 713 1192 Eodem
755 1151 852 1206 per
891 1135 1222 1207 byberbolen
1278 1137 1439 1192 modo
1485 1136 1688 1192 dicitur
1736 1137 1903 1192 etiam
1941 1137 2098 1192 Deuu

2237 1141 2436 1195 Τοῦτον
2463 1143 2573 1216 γὰρ
2618 1122 2711 1200 τὸν
2747 1149 2973 1219 τρόπον,
3026 1122 3135 1208 καῖ
3264 1122 3338 1232 μί]

514 1246 622 1286 non
658 1245 798 1285 esse.
835 1229 939 1296 Qui
970 1239 1149 1284 autem
1182 1231 1287 1285 hoc
1313 1228 1970 1300 dicitadsigniﬁcaudum
2006 1244 2101 1283 nou

2394 1237 2669 1311 ὑπεροχὴν
2693 1240 2938 1311 λέγεται.
3016 1245 3073 1301 Ὀ
3108 1249 3166 1302 δὲ
3209 1228 3367 1307 τοῦτο
3411 1255 3594 1326 λέγων,
3627 1265 3692 1326 είς
3712 1266 3754 1318 τὸ

517 1327 657 1378 liene
692 1323 878 1378 dicere
905 1324 1118 1393 eosqui
1156 1321 1345 1376 dicunt
1387 1337 1508 1378 esse
1555 1321 1745 1390 Deum,
1773 1331 1922 1392 patet
1969 1324 2104 1378 enim

2232 1323 2402 1390 δεῖξαι
2463 1330 2538 1402 μὴ
2593 1333 2775 1398 καλῶς
2819 1336 2997 1405 λέγειν
3046 1341 3175 1405 τοὺς
3232 1321 3493 1412 λέγοντας⁷
3532 1321 3750 1409 εἶναιντὸν

512 1431 622 1470 non
664 1431 758 1486 per
817 1415 1173 1487 hyperbolem
1230 1416 1308 1470 uti
1354 1416 1606 1486 negativa
1665 1415 1962 1486 theologia,
2017 1416 2099 1471 sec‘

2231 1414 2386 1516 Θεὸν,
2418 1423 2649 1516 φανερός
2670 1422 2790 1516 εστι
2823 1424 2899 1497 μὴ
2946 1427 3068 1480 καθ’
3102 1429 3379 1506 ὑπεροχὴν
3428 1439 3683 1511 χρώμενος
3707 1449 3751 1516 τῇ

486 1519 612 1578 'per
657 1508 914 1579 ellipsim.
947 1507 1170 1578 perinde
1193 1523 1258 1564 ac
1306 1509 1351 1562 si
1374 1507 1560 1564 nullus
1611 1507 1720 1562 ullo
1754 1507 1916 1564 modo
1968 1523 2073 1564 esst

2231 1507 2542 1606 ἀπρφατικῇ
2577 1512 2843 1588 θεολογίᾳ,
2875 1519 3013 1572 ἀλλὰ
3039 1523 3158 1576 κατ’
3189 1503 3556 1596 etiamdie;
3573 1503 3752 1606 μηδαμῆ

512 1601 655 1657 Deus
693 1618 710 1659 :
745 1602 888 1672 quod
944 1611 1028 1656 est
1078 1601 1376 1671 impietatis
1427 1599 1774 1672 hyperbola;
1829 1611 1884 1658 et
1945 1603 2099 1679 quod1

2229 1601 2495 1674 μηδαμῶς
2529 1605 2685 1671 ὄντος
2709 1609 2803 1664 τοῦ
2861 1610 3020 1668 Θεοῦ.
3053 1614 3226 1671 Τοῦτο
3263 1619 3321 1673 δὲ
3355 1599 3600 1688 ἀσεϐείας
3629 1599 3753 1682 ’ἐστὶν

512 1695 654 1746 eheu
687 1693 701 1747 l
736 1691 948 1746 faciunt
978 1689 1071 1760 qui
1107 1693 1355 1762 negativa
1394 1688 1666 1759 theologia
1727 1688 1958 1743 inliciari
2016 1703 2099 1744 co-

2226 1698 2524 1769 ὑπερϐολή.
2548 1699 2636 1764 Ὃ,
2665 1698 2797 1768 φεῦί
2828 1701 3129 1772 πάσχουσιν
3155 1705 3307 1760 οίδιὰ
3328 1707 3428 1779 τῆς
3456 1711 3752 1784 ἀποφατικῆς

509 1795 714 1839 nantur
749 1785 1056 1838 increatam
1098 1783 1276 1838 inesse
1313 1781 1424 1838 Deo
1465 1792 1579 1836 tum
1639 1780 1962 1847 essentiam,
1998 1789 2096 1834 tua

2162 1861 2183 1874 ἱ
2219 1791 2498 1861 θεολογίας
2539 1791 2946 1864 ἐπιχειροῦντες
2999 1795 3282 1867 ἀναιρεῖν,
3321 1799 3397 1864 ὡς
3452 1780 3624 1874 ἔχει-ό
3649 1780 3749 1871 Θεδς

517 1879 919 1948 operationem.
953 1874 1065 1931 Nos
1096 1891 1225 1932 vero
1255 1891 1362 1932 non
1423 1875 1745 1930 alterutram
1793 1875 1968 1930 altera
2017 1874 2104 1929 de-

2160 1861 2184 1914 }
2217 1884 2310 1937 καὶ
2339 1883 2528 1936 οὐσίαν
2557 1847 2961 1956 καῖὲνέργειαν
2992 1847 3282 1944 ἄκαστον..
3313 1847 3511 1962 ’Πτμεῖς
3528 1897 3664 1970 δ’-ὠς

511 1979 817 2039 struentes,
859 1972 1042 2040 potius
1073 1971 1137 2024 de
1173 1978 1408 2040 utraque
1426 1970 1572 2039 piam
1605 1967 1839 2022 ﬁrmiter
1865 1977 2098 2024 tenemus

2215 1973 2306 2029 ὐπ’
2338 1974 2584 2047 ἀλλήλων
2628 1937 3057 2047 ἀναιρόυμένας,

508 2065 836 2121 doctrinam.

2196 2064 2593 2137 _§e61toduev0t
2623 2068 2825 2138 μᾶλλον
2885 2069 2975 2138 ὐφ’
3017 2070 3286 2145 ἑκατέρας
3330 2077 3411 2140 είς
3459 2078 3555 2150 τὴν
3582 2080 3741 2151 εὐσεὸῆ

2202 2153 2471 2212 ⁶διάνοιαν.

585 2247 712 2301 124.
745 2246 827 2301 Ad
866 2257 1092 2301 cunctas
1130 2245 1569 2300 adversariorum
1604 2245 1985 2299 cavillationes
2019 2246 2103 2297 di-

2292 2249 2423 2318 ρκδ¹.
2453 2251 2566 2315 Τὰς
2593 2251 2703 2306 τῶν
2731 2253 2988 2309 ἐναντίων
3017 2257 3334 2328 ἐρεσχελίας
3369 2260 3562 2328 πάσας,
3593 2262 3746 2323 τελέως

509 2341 765 2394 luendum
798 2347 853 2392 et
901 2337 1138 2406 amplam
1173 2337 1526 2409 retegendum
1571 2337 1921 2395 dementiam.
1959 2337 2096 2392 suill-

2214 2343 2487 2410 καθελεῖν,
2547 2344 2644 2398 καὶ
2699 2343 2910 2401 πλατὺν
2967 2345 3132 2419 λῆρον
3182 2351 3486 2420 ἀποδεῖξαι,
3539 2355 3746 2425 ἀποχρῶν

507 2433 660 2489 ciens
689 2439 820 2500 puto
855 2429 1020 2486 breve
1049 2430 1153 2485 hoc
1187 2428 1365 2484 Patris
1393 2428 1618 2485 eﬂatum
1653 2445 1669 2485 ι
1709 2446 1728 2479 ι
1771 2426 1902 2483 Siue
1954 2430 2094 2498 prin-

2207 2430 2348 2490 εἶναι
2398 2437 2626 2508 νομίζω,
2665 2438 2758 2491 καὶ
2787 2437 2964 2510 βραχὺ
3007 2441 3160 2510 ῥῆμα
3198 2443 3492 2515 Πατρικόν.
3529 2446 3745 2517 Ἀναρχον

508 2526 653 2594 cipio
698 2531 800 2590 est,
865 2523 1126 2592 inquit,et
1166 2523 1520 2593 principium,
1548 2532 1604 2577 et
1657 2523 1803 2591 quod
1849 2529 1935 2577 est
1974 2535 2095 2576 cum

2213 2530 2346 2600 γὰρ,
2385 2531 2540 2600 φησὶ,
2577 2530 2673 2583 καὶ
2729 2530 2894 2602 ἁρχὴ,
2937 2532 3033 2586 καὶ
3070 2534 3130 2587 τὸ
3170 2535 3310 2604 μετὰ
3351 2537 3450 2608 τῆς
3477 2540 3649 2608 ἀρχῆς.
3677 2533 3743 2602 Εἷς

512 2619 804 2692 principio.
849 2616 1000 2674 Unus
1022 2618 1168 2674 Deus
1196 2635 1212 2684 ;
1248 2619 1343 2674 sed
1389 2617 1739 2688 principium,
1769 2630 1835 2672 eo
1863 2615 2009 2686 quod
2035 2615 2099 2670 sit

2208 2621 2344 2684 Θεὸς
2373 2639 2384 2652 ’
2419 2621 2535 2675 ἀλλ’
2577 2623 2730 2695 οὐχὴ
2775 2623 2942 2695 ἁρχὴ,
2967 2624 3044 2695 τῷ
3083 2626 3224 2698 ἀρχὴ
3257 2623 3400 2683 εῖναι
3435 2629 3524 2683 τοῦ
3553 2632 3742 2701 ἀνάρχου

513 2715 873 2786 principium,
903 2728 1011 2767 non
1050 2712 1171 2768 ideo
1205 2722 1496 2782 separatur
1518 2711 1585 2764 ali
1611 2724 1677 2765 eo
1702 2709 1845 2780 quod
1879 2718 1962 2762 est
1987 2707 2100 2763 sine

2210 2713 2533 2782 διείργεται.
2575 2715 2649 2766 Οὐ
2683 2714 2792 2786 γὰρ
2820 2715 2982 2783 φύσις
3015 2717 3165 2789 αὐτῷ
3193 2721 3226 2792 ἡ
3256 2721 3400 2792 ἀρχή
3428 2738 3440 2752 ·
3472 2722 3641 2794 ῶσπερ
3661 2720 3742 2776 οὐδ’

509 2810 799 2881 principio.
832 2807 956 2862 Non
981 2808 1127 2862 enim
1159 2815 1351 2860 natura
1386 2805 1464 2860 illi
1491 2814 1576 2860 est
1605 2818 1725 2858 esse
1753 2802 2096 2873 principium,

2208 2805 2404 2875 ἐκείνῳ
2435 2807 2494 2858 τὸ
2533 2807 2790 2878 ἄναρχον.
2837 2808 2974 2879 Περὶ
3009 2809 3118 2880 γὰρ
3168 2811 3266 2884 τὴν
3317 2815 3496 2884 φύσιν,
3531 2817 3586 2869 οὐ
3613 2816 3743 2868 ταῦτα

507 2903 653 2958 sicut
687 2916 787 2956 nec
822 2900 950 2955 huic
978 2914 1104 2955 esse
1151 2899 1272 2954 sine
1307 2897 1597 2969 principio.
1642 2897 1768 2952 llaec
1800 2897 1944 2951 cnim
1977 2905 2094 2950 sunt

2210 2897 2391 2966 φύσις.
2424 2898 2488 2950 Τί
2519 2893 2611 2952 οὖν
2639 2915 2654 2964 ;
2689 2899 2771 2952 ὃτι
2807 2899 2882 2971 μὴ
2909 2901 3098 2970 φύσις,
3124 2902 3260 2957 ἀλλὰ
3283 2907 3416 2977 περὶ
3455 2907 3546 2978 τὴν
3572 2908 3740 2977 φύσινή

505 2999 656 3051 circa
722 3003 1000 3056 naturam,
1042 3007 1146 3047 nou
1203 3007 1336 3046 vero
1385 3001 1600 3046 natura.
1639 3008 1656 3042 ι
1683 2987 1838 3056 Quid
1885 2988 2092 3060 igitur?

2210 2988 2376 3060 ἀρχὴ,
2412 2991 2506 3043 καὶ
2533 2991 2596 3045 τὸ
2641 2991 2896 3064 ἄναρχον,
2939 2995 3134 3049 κτιστὰ
3171 2997 3322 3050 ταῦτ’
3355 3001 3468 3071 ἐρεῖ
3499 3018 3592 3065 τις,
3621 3001 3661 3053 εί
3686 3000 3741 3070 μὴ

505 3088 644 3143 Num
679 3086 805 3157 quia
839 3101 948 3140 non
975 3095 1194 3148 natura,
1225 3085 1320 3140 sed
1355 3084 1499 3138 circa
1535 3092 1790 3137 naturam
1824 3091 1952 3136 sunt
1979 3095 2092 3136 esse

2213 3083 2463 3152 μαίνοιτο
2491 3100 2508 3152 ;
2539 3085 2746 3139 τούτων
2770 3087 2826 3139 δὲ
2858 3087 3132 3143 ἀκτίστων
3160 3089 3352 3158 ὄντων,
3402 3094 3494 3147 καὶ
3529 3097 3586 3163 τῇ
3617 3093 3740 3161 φύσει

508 3180 835 3251 principium
867 3187 920 3235 et
953 3192 1078 3232 esse
1106 3177 1227 3232 sine
1279 3177 1571 3248 principio,
1610 3184 1796 3231 creata
1821 3175 1942 3230 ideo
1983 3175 2095 3230 haec

2149 3218 2174 3276 3
2208 3174 2304 3227 τοῦ
2339 3175 2475 3229 Θεοῦ
2516 3178 2852 3249 προσόντων,
2886 3181 3142 3246 σύνθετος
3172 3184 3326 3253 παρὰ
3361 3186 3513 3240 τοῦτο
3550 3187 3575 3238 ό
3601 3184 3736 3246 Θεόςς

509 3274 708 3344 aliquis
739 3271 962 3338 dixerit,
1001 3272 1108 3326 nisi
1142 3271 1335 3326 deliret
1367 3271 1390 3324 ί
1427 3270 1566 3337 Quia
1597 3281 1779 3324 autem
1833 3269 1948 3324 haec
1978 3276 2096 3323 sunt

2140 3269 2174 3276 ⁷
2210 3271 2482 3342 Οὐδαμῶς
2515 3287 2529 3302 ⁶
2553 3273 2614 3326 οὐ
2647 3273 2758 3345 γὰρ
2790 3275 3064 3348 διενήνοχε
3097 3279 3195 3350 τῆς
3217 3278 3369 3344 θείας
3394 3282 3592 3350 φύσεως
3614 3295 3628 3310 ο
3651 3277 3727 3331 ἀλλ

508 3369 752 3423 lucreata
795 3375 850 3420 et
885 3367 938 3420 in
981 3373 1175 3418 natura
1209 3363 1304 3418 Dei
1341 3363 1552 3428 insunt,
1582 3363 1988 3432 compositusne
2020 3359 2095 3414 id-

2209 3365 2258 3416 εί
2288 3365 2450 3434 φύσις
2489 3365 2692 3436 μᾶλλον
2723 3367 2808 3438 εἴη
2853 3369 2920 3423 τὰ
2974 3371 3218 3439 φυσικῶς
3249 3375 3515 3442 προσόντα
3539 3371 3606 3443 τῷ
3630 3369 3737 3440 Θεῷ,

506 3464 657 3518 circo
719 3461 868 3517 Deus
919 3460 1372 3528 ?Ncquaquam:
1412 3471 1594 3512 nonne
1647 3457 1789 3513 enim
1847 3455 2093 3511 distincta

2212 3457 2471 3512 σύνθετον
2501 3455 2642 3514 εἷναι
2677 3459 2741 3515 τὸ
2776 3461 2932 3515 Θεῖον
2966 3462 3103 3533 πρὸς
3152 3467 3265 3529 τοῖς
3296 3466 3476 3530 ἄλλοις
3517 3465 3737 3534 Πατράσιι

505 3561 636 3608 sunt
669 3567 698 3606 a
730 3563 922 3608 natura
954 3551 1198 3607 ?Verum
1230 3549 1277 3605 si
1323 3559 1548 3606 econtra
1574 3547 1717 3604 idem
1742 3557 1888 3604 esset
1908 3555 2092 3601 natura

2209 3551 2302 3603 καὶ
2331 3552 2358 3604 ὁ
2417 3551 2594 3621 μέγας
2643 3553 2731 3606 διὰ
2778 3554 2991 3608 πολλῶν
3035 3557 3284 3610 διδάσκει
3317 3557 3587 3628 Κύριλλος.
3618 3555 3675 3607 Σὺ
3698 3552 3738 3604 δέ

505 3662 669 3715 quam
690 3647 958 3700 naturalia
987 3645 1084 3700 Dei
1109 3645 1390 3710 attributa,
1417 3645 1780 3712 compositum
1825 3651 1956 3696 tunc
1981 3653 2092 3696 esse

2211 3661 2302 3714 μοι
2341 3644 2518 3698 δίελθε
2562 3647 2634 3700 τὰ
2693 3647 2787 3699 τοῦ
2844 3647 3082 3718 μεγάλου
3132 3649 3436 3716 Βασιλείου,
3474 3651 3559 3703 καὶ
3586 3649 3642 3700 τὰ
3667 3642 3739 3698 τοῦ

508 3739 677 3794 Deum
713 3748 910 3809 praeter
939 3739 1078 3793 alios
1114 3739 1308 3794 Patres
1334 3737 1522 3792 multis
1543 3735 1725 3791 verbis
1751 3749 1982 3806 magnus
2011 3735 2095 3788 de-

2207 3735 2438 3806 ἁδελφοῦ
2473 3738 2568 3792 καὶ
2598 3738 2804 3808 ἀδελφὰ
2852 3739 3180 3811 φρονοῦντος
3231 3742 3408 3814 τούτῳ
3464 3741 3589 3812 πρὸς
3613 3736 3737 3791 Εὐνό·

508 3841 785 3890 monstrat
819 3832 1081 3905 Cyrillus.
1113 3832 1194 3887 Tu
1233 3845 1364 3886 vero
1405 3845 1661 3902 percurre
1692 3844 1902 3886 mecum
1960 3828 2095 3884 scri-

2211 3847 2356 3899 μιον.
2392 3831 2541 3886 Ἐκεῖ
2560 3831 2669 3902 γὰρ
2694 3833 2956 3904 εὑρήσεις
2981 3835 3230 3906 ἐναργῶς
3258 3836 3503 3907 Εὐνομίῳ
3533 3831 3733 3905 συνᾴδον-

507 3937 596 4001 pta
630 3930 812 4000 magni
857 3927 1042 3983 Basilii
1104 3935 1161 3982 et
1190 3927 1434 3998 germani
1499 3925 1618 3996 ejus
1655 3940 1913 3992 germana
1976 3939 2094 3981 sen-

2207 3938 2306 3984 τας
2331 3923 2458 3986 τοὺς
2491 3924 2633 3978 κατὰ
2655 3923 2762 3978 τῶν
2801 3925 3062 3980 ἐναντίων
3091 3967 3108 3994 ,
3145 3929 3234 3981 καὶ
3267 3929 3380 3982 τῶν
3419 3927 3544 3997 πρὸς
3583 3922 3738 3983 αὐτοὺς

507 4024 693 4080 tientis
731 4033 923 4081 contra
946 4021 1298 4078 Eunomium.
1327 4021 1404 4078 lbi
1429 4022 1577 4078 enim
1608 4021 1848 4091 reperies
1875 4021 2094 4077 eviden-

1444 4022 1577 4078 anim
1608 4021 1848 4091 reperies
1875 4021 2099 4077 eviden-
2208 4015 2584 4086 ἀντιρρήσεων
2622 4016 2763 4082 ἔξεις
2795 4017 3031 4088 διαρκῶς

507 4131 588 4176 ter
613 4135 741 4177 cum
808 4117 1076 4173 Eunomia
1105 4117 1398 4173 concinere
1430 4115 1798 4181 adversarios,
1867 4123 1924 4170 et
1947 4113 2100 4170 suill-

506 4214 740 4268 cientem
774 4224 966 4265 eorum
1005 4207 1233 4264 habebis
1255 4205 1704 4264 confutationem.

579 4482 704 4539 125.
748 4481 978 4552 Propter
1025 4482 1397 4538 Eunomiauos
1432 4482 1764 4538 arbitrantes
1799 4496 1906 4536 non
1949 4497 2097 4536 eam-

2271 4484 2404 4558 ρκε¹.
2425 4485 2525 4538 Διὰ
2544 4485 2670 4548 τοὺς
2699 4481 3090 4552 Εὐνομιανοὺς,
3120 4475 3409 4540 δοκοῦντας
3448 4470 3519 4544 μὴ
3544 4467 3630 4537 τὴν
3653 4460 3726 4558 αὒς

504 4577 628 4633 deut
655 4589 777 4632 esse
804 4551 987 4633 Patris
1008 4586 1063 4630 et
1089 4574 1211 4630 Filii
1243 4575 1562 4645 essentiam,
1592 4577 1722 4646 quia
1753 4589 1920 4630 omne
1946 4575 2091 4645 quod

2141 4571 2170 4624 θ
2199 4551 2298 4651 τῆλ’
2354 4578 2570 4649 Πατρὸς
2621 4573 2763 4631 εἶναι
2804 4551 2902 4630 καὶ
2928 4572 3060 4627 Υίοῦ
3089 4571 3301 4636 οὐσίαν,
3343 4565 3526 4634 ἐπειδὴ
3557 4561 3648 4614 πᾶν
3685 4551 3728 4603 τὸ

504 4673 570 4728 de
590 4673 700 4728 Deo
720 4671 942 4738 dicitur,
971 4671 1270 4726 secundum
1291 4672 1585 4726 essentiam
1608 4669 1718 4726 dici
1746 4669 2087 4738 existimant,

2196 4673 2324 4744 περὶ
2351 4671 2486 4726 Θεοῦ
2521 4670 2836 4740 λεγόμενον,
2883 4666 3006 4722 κατ’
3037 4665 3225 4720 οὐσίαν
3251 4660 3502 4731 λέγεσθαι
3549 4654 3725 4744 οἴοντξιι.

504 4777 554 4818 «ιι
587 4763 820 4834 probare
841 4773 1134 4829 conantur,
1171 4777 1237 4818 eo
1269 4763 1416 4832 quod
1457 4776 1725 4834 generare
1757 4771 1811 4816 et
1834 4762 2090 4832 generari

2196 4766 2292 4820 καὶ
2319 4763 2744 4836 φιλονεικοῦσιν,
2773 4763 2848 4826 ῶς
2880 4761 3004 4817 ἐπεὶ
3041 4762 3102 4813 τὸ
3139 4759 3335 4828 γεννᾷν
3369 4754 3461 4810 xui.
3486 4740 3725 4836 γεννᾶσθαι

504 4856 614 4909 sint
661 4855 898 4922 diversa,
939 4855 1060 4910 ideo
1113 4865 1167 4908 et
1221 4856 1495 4910 essentias
1525 4867 1649 4909 esse
1699 4853 1980 4920 diversas;
2036 4862 2091 4908 et

2195 4831 2430 4928 διάφορά
2469 4859 2613 4922 ἑστι,
2646 4854 2736 4909 διὰ
2763 4853 2924 4907 τοῦτο
2963 4852 3056 4907 καὶ
3076 4850 3263 4914 οὐσίας
3293 4847 3570 4915 διαφόρους
3603 4831 3720 4928 egw“:

503 4962 726 5018 propter
763 4963 858 5004 eos
889 4949 984 5019 qui
1036 4961 1226 5004 contra
1280 4949 1469 5004 dicunt
1505 4963 1612 5003 non
1668 4948 1921 5002 eumdem
1967 4963 2090 5004 esse

2197 4921 2404 5004 xa‘tvbt'd
2438 4948 2566 5011 τοὺς
2601 4947 2988 5014 ἀντιλέγοντας
3031 4943 3106 5015 μὴ
3137 4943 3227 4996 τὸν
3259 4941 3417 4996 αὐτὸν
3445 4935 3568 4989 Θεὸν
3601 4921 3722 5019 eive!-

502 5017 672 5096 Deum
727 5043 822 5112 qui
883 5017 1047 5095 liabet
1094 5041 1337 5096 divinam
1392 5040 1691 5096 essentiam
1739 5049 1798 5094 et
1849 5041 2089 5095 divinam

2195 5043 2288 5096 τὸν
2317 5041 2512 5112 ἔχοντα
2546 5042 2642 5094 καὶ
2672 5044 2778 5110 τὴν
2817 5038 2966 5092 θείαν
3025 5037 3214 5091 οὐσίαν
3267 5033 3356 5088 καὶ
3396 5031 3488 5100 τὴν
3514 5024 3643 5078 θείαν
3667 5017 3726 5112 lv-

501 5135 902 5206 operationem,
965 5135 1091 5203 quia
1141 5149 1304 5191 omne
1360 5135 1509 5205 quod
1570 5133 1641 5189 de
1692 5133 1805 5188 Deo
1867 5135 2088 5202 dicitur,

2198 5107 2419 5204 épyst'c-w
2448 5149 2463 5165 °
2498 5129 2691 5204 ἐπειδὴ
2721 5107 2829 5186 πᾶν
2859 5129 2921 5184 τὸ
2953 5128 3085 5198 περὶ
3119 5127 3255 5181 Θεοῦ
3285 5124 3560 5194 λεγόμενον
3579 5107 3722 5206 οὐσίαν

500 5204 798 5284 essentiam
824 5242 944 5284 esse
972 5237 1190 5298 putant,
1213 5237 1263 5280 et
1285 5204 1519 5298 probare
1537 5236 1833 5294 conantur,
1859 5243 1924 5282 eo
1944 5228 2087 5297 quod

2197 5223 2339 5280 εἶναι
2361 5225 2590 5292 οἴονται,
2619 5225 2717 5278 καὶ
2739 5221 3142 5294 φιλονεικοῦσιν
3162 5219 3236 5281 ὡς
3265 5211 3489 5285 διαφορά
3515 5207 3587 5268 τίς
3614 5204 3724 5298 ἐστιν

501 5325 682 5393 aliqua
709 5325 780 5376 sit
814 5321 1098 5378 distinctio
1129 5323 1384 5376 essentia
1415 5331 1470 5376 et
1493 5321 1830 5390 Operatiouis
1862 5322 2083 5389 divinae,

2199 5320 2393 5383 οὐσίας
2426 5318 2524 5373 καὶ
2567 5317 2851 5388 ἐνεργείας
2894 5315 3068 5379 θείας,
3113 5311 3341 5373 πολλοὺς
3372 5307 3459 5360 καὶ
3490 5294 3725 5393 διαφέρωξῖ

505 5415 704 5469 multos
753 5414 876 5469 ideo
910 5429 976 5469 ac
1010 5413 1258 5469 diversos
1290 5429 1414 5468 esse
1439 5414 1571 5468 deos
1605 5415 1958 5469 :osteuditur
1981 5431 2088 5471 non

2201 5407 2343 5465 εἶναι
2372 5377 2544 5472 ⁷Θεούς
2571 5424 2585 5439 ·
2641 5377 2922 5461 δείκνυται
2971 5377 3061 5475 μὴ⁷
3080 5406 3189 5458 παν
3215 5403 3274 5456 τὸ
3299 5400 3421 5469 περὶ
3453 5389 3574 5447 Θεοῦ
3608 5377 3744 5444 leid"

503 5523 665 5560 omne
706 5507 849 5577 quod
900 5508 966 5561 de
1008 5506 1116 5561 Deo
1173 5506 1395 5571 dicitur,
1457 5508 1758 5561 secundum
1789 5507 2088 5562 essentiam

2206 5521 2369 5575 μενον
2394 5502 2514 5556 κατ’
2541 5476 2731 5554 οὐσίαν
2754 5498 3012 5569 λέγεσθαι
3037 5515 3050 5528 ·
3078 5496 3214 5552 ἀλλὰ
3249 5490 3493 5561 λέγεσθαι
3513 5481 3591 5577 καί
3623 5476 3724 5577 dvas

504 5603 632 5665 dici,
659 5601 752 5654 sed
771 5602 873 5655 dici
910 5601 1074 5655 etiam
1114 5601 1359 5667 relative,
1389 5600 1442 5655 id
1483 5609 1568 5655 est
1596 5609 1846 5668 respectu
1879 5601 1946 5655 ad
1991 5603 2091 5655 ali-

2205 5596 2450 5669 φορικῶς
2480 5615 2494 5630 σ
2533 5596 2781 5647 τουτέστι
2813 5591 2951 5664 πρός
2983 5609 3058 5652 τι,
3089 5591 3229 5660 ὅπερ
3267 5583 3421 5645 αὐτὸς
3449 5579 3540 5632 οὐκ
3568 5569 3722 5669 ἔστὲινῗ

502 5661 631 5760 quid
663 5696 805 5761 quod
838 5693 953 5761 ipse
979 5708 1088 5747 non
1129 5705 1234 5757 cst,
1279 5661 1428 5748 verbi
1467 5696 1650 5766 gratia
1680 5661 1844 5750 l’ater
1889 5697 2089 5750 dicitur

2201 5661 2391 5761 ῶσπερ
2419 5692 2448 5743 ό
2478 5689 2667 5760 Πατὴρ
2709 5661 2928 5755 λέγεται
2965 5685 3100 5756 πρὸς
3139 5683 3230 5736 τὸν
3254 5678 3396 5734 Υίόν.
3427 5672 3493 5726 Οὺ
3517 5666 3611 5766 *γάρ

501 5783 728 5836 relative
779 5783 843 5835 ad
883 5783 1106 5850 Filium,
1157 5800 1282 5838 nam
1320 5783 1482 5840 Pater
1514 5801 1620 5841 no“
1658 5797 1743 5842 est
1768 5786 1979 5852 Filius;
2035 5799 2088 5844 et

2205 5755 2396 5856 Πατὴρ
2424 5784 2452 5836 ὁ
2490 5755 2671 5848 Υἱός-ο
2710 5781 2803 5833 καὶ
2854 5755 3060 5849 Κύριος
3109 5775 3247 5848 πρὸς
3296 5773 3391 5842 τὴν
3432 5755 3724 5856 δουλεύονσῗξ

504 5869 767 5940 Dominus
797 5875 1096 5944 respective
1126 5875 1192 5930 ad
1229 5875 1530 5934 Sortientes
1561 5891 1861 5945 creaturas,
1897 5881 2074 5935 domi-

2209 5840 2389 5933 κτίσίύ
2423 5893 2436 5907 '
2471 5840 2717 5949 κυριεύει
2756 5875 2864 5946 γὰρ
2912 5840 3102 5944 δ’Θεὸς
3129 5840 3240 5926 τῶν
3287 5840 3538 5936 ὲν-χρόνφ
3575 5845 3650 5902 καὶ
3681 5840 3722 5890 ἐν
