4020 6500
390 418 527 483 ιεοι

1299 430 1574 491 CAPITA
1616 428 1964 501 PHYSICA,
1996 427 2517 502 THEOLOGICA,
2552 429 2719 495 ETC.

3503 433 3646 499 1210

374 550 555 613 αἰῶνι,
592 548 687 602 καὶ
744 550 927 605 αὐτῶν
968 550 1085 606 τῶν
1127 551 1381 608 αίώνωνο
1429 550 1491 607 eo
1546 550 1605 606 δὲ
1657 550 1955 623 κυριεύειν,

2065 558 2228 603 natur
2269 549 2415 605 enim
2468 548 2613 604 Deus
2670 550 2723 603 in
2775 547 3092 617 temporalia
3143 555 3199 601 et
3240 554 3440 602 aeterna
3489 562 3544 603 et
3588 550 3639 603 in

374 640 631 705 ἄκτιστός
656 642 811 695 ἐστιν
837 643 1086 713 ἐνέργεια
1107 644 1243 698 Θεοῦ
1266 644 1599 716 διαφέρουσα
1624 646 1725 715 τῆς
1748 643 1957 709 οὐσίας,

372 732 448 797 ὡς
478 734 617 806 πρὸς
645 734 836 807 ἔτερόν
860 753 914 791 τι
955 737 1250 809 λεγομένη,
1303 739 1442 809 ὅπερ
1470 739 1633 801 αὐτὸς
1660 739 1761 791 οὐκ
1785 736 1957 792 ἔστιν.

452 917 600 989 ρκς’.
633 921 696 974 Oi
729 921 1075 993 Εὑνομιανοὶ,
1109 926 1221 978 πᾶν
1257 924 1395 995 ὅπερ
1424 923 1517 977 ἐπὶ
1540 923 1677 977 Θεοῦ
1719 922 1962 993 λέγεται,

376 1010 568 1064 οὐσίαν
619 1007 762 1065 εἶναι
794 1013 1066 1083 λέγουσιν,
1122 1016 1209 1069 ἵνα
1263 1018 1366 1083 τὴν
1400 1017 1727 1087 ἀγεννησίαν
1774 1017 1964 1070 οὐσίαν

378 1098 522 1154 εἶναι
547 1102 917 1173 δογματίσωσι
946 1122 962 1140 ·
1019 1108 1115 1160 καὶ
1155 1108 1248 1161 τὸν
1297 1108 1428 1162 Υίδν
1483 1108 1735 1162 ἐντεῦθεν
1765 1108 1841 1172 ὡς
1866 1107 1963 1161 τοῦ

379 1195 594 1264 Πατρὸς
626 1197 976 1267 διαφέροντα,
1030 1203 1112 1263 εις
1174 1200 1403 1272 κτίσμα,
1454 1201 1516 1254 τό
1546 1218 1610 1270 γε
1654 1201 1735 1263 είς
1767 1200 1964 1265 αὐτοὺς

378 1277 537 1354 ἧκον,
576 1289 993 1343 κατασπάσωσι.
1030 1290 1204 1361 Καὶὴ
1267 1292 1543 1362 πρόφασις
1590 1292 1792 1357 αὐτοῖς,
1849 1293 1960 1357 ἵνα,

379 1377 533 1445 φασὶ,
592 1377 666 1448 μὴ
700 1379 793 1432 δύο
845 1381 1088 1449 γένοιντο
1114 1383 1262 1437 θεοί·
1291 1385 1320 1437 ὃ
1358 1403 1418 1439 τε
1472 1385 1691 1457 πρῶτος
1735 1387 1765 1439 δ
1804 1387 1964 1456 ἀγέν-

377 1482 561 1536 νητος,
595 1469 690 1522 καὶ
721 1472 749 1522 ὁ
789 1470 1124 1542 δευτερεύων
1176 1474 1368 1529 τούτου
1415 1477 1492 1541 ὼς
1538 1480 1802 1550 γεννητὸς
1853 1480 1962 1533 ὑπ-

379 1556 586 1628 άρχων.
619 1562 776 1615 Κατὰ
812 1565 1048 1634 μίμησιν
1081 1566 1290 1622 τούτων
1320 1570 1414 1623 καὶ
1463 1571 1513 1624 oi
1563 1571 1818 1638 ἐναντίοι,
1852 1574 1961 1628 πᾶν

377 1650 516 1721 ὅπερ
542 1652 633 1704 ἐπὶ
657 1652 794 1707 Θεοῦ
837 1655 1076 1725 λέγεται,
1126 1660 1319 1714 οὐσίαν
1371 1658 1512 1717 εἶναι
1548 1662 1800 1734 λέγουσιν
1826 1681 1843 1697 ⁶
1874 1665 1962 1721 ἵνα

378 1744 479 1814 τὴν
523 1745 597 1816 μὴ
651 1747 1051 1820 χωριζομένην,
1111 1752 1477 1825 διαφέρουσαν
1534 1756 1592 1809 δὲ
1639 1757 1742 1827 τῆς
1771 1756 1962 1822 οὐσίας

383 1833 477 1887 τοῦ
501 1834 636 1888 Θεοῦ
667 1837 949 1908 ἐνέργειαν
969 1842 1044 1905 ὡς
1067 1844 1125 1910 ἐξ
1147 1845 1364 1917 ἐκείνης
1382 1844 1569 1913 οὖσαν,
1593 1850 1962 1921 μετεχομινην

389 1925 573 1994 μέντοι
631 1927 784 1998 παρὰ
832 1931 940 1984 τῶν
994 1936 1316 2004 ποιημάτων
1353 1936 1578 2010 (Πάντα
1625 1940 1755 2012 γὰρ,
1802 1944 1959 2014 φησὶ,

389 2016 607 2086 μετέχει
638 2021 902 2090 προνοίας
933 2026 997 2078 ἐκ
1023 2029 1123 2097 τῆς
1156 2029 1441 2083 παναιτίου
1484 2030 1738 2103 θεότητος
1767 2032 1961 2088 ὲκϐλυ-

280 2157 287 2162 .
386 2107 670 2180 ζομὲνης),
697 2111 977 2180 δυσσεϐῶς
1021 2120 1099 2180 είς
1130 2121 1335 2192 κτίσμα
1381 2124 1796 2181 κατασπάσωσι.
1850 2127 1962 2183 Καὶ

381 2210 410 2283 ἢ
442 2209 716 2281 πρόφασις
750 2210 955 2274 αὐτοῖς,
982 2211 1093 2274 ἵνα,
1125 2213 1281 2279 φασι,
1316 2212 1390 2283 μὴ
1424 2212 1518 2268 δύο
1555 2216 1800 2284 γένοιντο
1833 2222 1955 2277 θεόν

372 2318 555 2375 τητεςα
583 2303 618 2372 ἦ
649 2320 710 2355 τε
762 2303 902 2373 ὑπὲρ
949 2303 1288 2374 ἐπωνυμίαν,
1321 2306 1414 2359 καὶ
1450 2307 1652 2373 αἰτίαν,
1693 2312 1788 2365 καὶ
1823 2314 1954 2384 μέθ-

370 2395 486 2464 εξιν
514 2396 951 2466 τρισυπόστατος
984 2396 1162 2461 οὐσία,
1203 2398 1297 2449 καὶ
1325 2399 1357 2468 η
1388 2398 1447 2464 ἐξ
1481 2400 1654 2471 αὐτῆς
1687 2419 1957 2478 προερχο-

374 2490 535 2560 μένη,
560 2489 898 2558 μετεχομένη
939 2487 996 2540 δὲ
1040 2488 1139 2541 καὶ
1167 2489 1543 2561 ὀνομαζομένη
1568 2492 1662 2546 τοῦ
1695 2495 1831 2547 Θεοῦ
1868 2498 1957 2549 έν-

372 2581 588 2650 ἑργεια.
631 2582 743 2632 Καὶ
774 2579 883 2649 γὰρ
922 2580 983 2632 οὐ
1039 2582 1337 2650 συνορῶσιν
1375 2582 1457 2635 ὃτι
1487 2584 1737 2655 καθάπερ
1764 2588 1793 2640 ό
1825 2587 1958 2652 Θεὸς

370 2672 466 2725 καὶ
489 2671 700 2742 Πατὴρ,
731 2670 922 2742 Πατὴρ
966 2670 1184 2739 λέγεται
1215 2673 1353 2745 πρὸς
1393 2674 1486 2727 τὸν
1521 2675 1652 2729 ῑδιον
1682 2676 1832 2743 Υίὸν,
1865 2680 1959 2732 καὶ

370 2762 642 2825 ἀκτίστως
693 2761 808 2832 ἔχει
837 2765 898 2815 τὸ
927 2764 1134 2831 Πατήρ
1179 2760 1341 2831 εἶναι,
1394 2767 1444 2819 εί
1491 2767 1588 2820 καὶ
1639 2768 1715 2839 μὴ
1766 2769 1957 2824 οὐσίαν

374 2854 635 2924 σημαίνει
672 2856 733 2908 τὸ
764 2855 955 2927 Πατήρ
983 2870 998 2885 ⁶
1051 2854 1195 2909 οὕτω
1228 2857 1325 2911 καὶ
1355 2857 1455 2928 τὴν
1489 2861 1772 2931 ἐνέργειαν
1804 2863 1958 2916 ἀκτί-

371 2962 514 3009 στως
548 2945 663 3017 ἔχει
712 2948 740 2999 ὁ
785 2946 956 3009 Θεὸς,
1009 2949 1057 2999 εί
1095 2947 1190 3001 καὶ
1241 2949 1494 3020 διαφέρει
1548 2951 1647 3020 τῆς
1693 2952 1884 3016 οὐσίας
1920 2955 1955 3024 ἡ

370 3038 643 3110 ὶνέργεια.
681 3039 790 3093 Καὶ
831 3040 919 3092 ὅτε
953 3039 1081 3109 μίαν
1135 3041 1368 3111 θεότητά
1417 3058 1618 3112 φαμεν,
1655 3044 1833 3099 πάντα
1858 3046 1958 3100 ὅσα

371 3130 519 3183 ἐστὶν
549 3131 577 3184 ὁ
609 3129 747 3193 Θεός
787 3147 991 3201 φαμεν,
1038 3130 1135 3184 καὶ
1187 3131 1288 3202 τὴν
1336 3133 1526 3187 οὐσίαν
1558 3136 1652 3196 καὶ
1680 3135 1779 3207 τὴν
1806 3137 1958 3209 ἐνέρ-

2062 641 2238 711 ipsam
2277 643 2641 696 aeternitatem
2664 655 2694 697 ‘:
2722 640 3028 697 dominatio
3054 650 3240 695 autem
3273 649 3360 695 est
3396 641 3638 695 increata

2062 733 2158 788 Dei
2207 734 2484 803 operatio,
2532 733 2793 789 distincta
2846 734 2923 788 ab
2961 732 3226 799 essentia,
3264 739 3449 803 utpote
3494 732 3639 788 dicta

2060 825 2296 880 relative
2329 826 2397 880 ad
2427 826 2573 880 aliud
2600 825 2743 895 quod
2778 826 2894 894 ipse
2926 841 3030 880 non
3054 835 3158 879 est.

2128 914 2254 971 126.
2306 916 2634 971 Eunomiani
2691 918 3063 986 quodcunque
3131 916 3201 972 de
3254 915 3366 970 Deo
3416 915 3640 977 dicitur,

2054 1009 2349 1062 essentiam
2378 1023 2506 1064 esse
2535 1008 2751 1075 dicunt,
2777 1016 2836 1063 ut
2865 1008 3162 1078 ingenitam
3195 1009 3486 1063 essentiam
3518 1021 3641 1061 esse
3660 1058 3677 1083 δ

2054 1102 2309 1164 doceant,
2346 1113 2402 1155 et
2424 1102 2553 1156 inde
2574 1100 2771 1156 Filium
2794 1108 3049 1171 tanquam
3080 1116 3110 1155 a
3131 1101 3293 1156 Patre
3315 1099 3636 1155 distinctum

2054 1189 2121 1243 ad
2145 1198 2480 1257 creaturam,
2519 1200 2583 1246 ut
2625 1191 2732 1247 sibi
2790 1191 2990 1260 placet,
3024 1191 3356 1259 deprimant.
3396 1189 3461 1243 Et
3500 1203 3642 1258 prae-

2055 1287 2239 1336 textus
2264 1283 2346 1336 eis
2376 1291 2463 1338 est
2491 1297 2579 1346 ne,
2614 1284 2791 1355 aiunt,
2824 1283 2933 1338 due
2956 1284 3066 1338 sint
3089 1285 3183 1347 dii,
3211 1296 3403 1351 nempe
3427 1283 3640 1351 primus

2051 1374 2141 1439 qui
2182 1372 2253 1428 sit
2284 1373 2584 1443 ingenitus,
2614 1383 2671 1430 et
2715 1379 2990 1431 secundus
3030 1375 3124 1444 qui
3175 1377 3275 1429 hoc
3308 1374 3379 1429 sit
3412 1372 3641 1427 inferior

2055 1473 2245 1534 utpote
2291 1467 2531 1536 genitus.
2600 1468 2740 1523 Istos
2781 1468 3065 1523 imitantes
3113 1467 3436 1530 adversarii,
3467 1465 3644 1535 quod-

2055 1571 2270 1627 cunque
2290 1558 2360 1614 de
2413 1544 2525 1614 Deo
2562 1560 2789 1627 dicitur,
2849 1562 3138 1616 essentiam
3168 1574 3293 1615 esse
3319 1560 3531 1623 dicunt,
3583 1557 3644 1610 ut

2054 1647 2220 1717 impie
2252 1649 2318 1705 ad
2350 1661 2630 1708 creaturas
2662 1652 2974 1723 deprimant
3005 1668 3116 1707 non
3166 1660 3495 1722 separatam,
3543 1649 3641 1704 sed

2054 1741 2375 1798 distinctam
2429 1745 2498 1799 ab
2534 1746 2772 1800 essentia
2820 1745 2916 1799 Dei
2958 1745 3358 1815 operationem,
3406 1758 3526 1812 quae
3571 1758 3639 1797 ex

2063 1832 2180 1889 Deo
2209 1844 2315 1900 est,
2347 1837 2708 1906 participatur
2764 1846 2947 1891 autem
2978 1851 3007 1889 a
3034 1836 3304 1892 creaturis
3342 1853 3355 1889 :
3392 1853 3412 1887 ι
3440 1833 3637 1889 Omnia

2051 1925 2219 1988 enim.
2252 1926 2476 1990 dicitur,
2527 1929 2857 1998 participant
2887 1928 3294 1998 providentiam
3341 1942 3372 1982 e
3420 1939 3641 1981 summo

2048 2015 2321 2086 principio
2359 2029 2694 2076 manantem.
2753 2038 2773 2070 ι
2835 2021 2901 2074 Ει
2952 2028 3247 2089 praetextas
3286 2019 3368 2074 eis
3415 2025 3501 2072 est
3547 2030 3639 2081 ne,

2049 2107 2228 2174 aiunt,
2278 2109 2387 2163 duo
2437 2110 2551 2165 sint
2606 2110 2942 2178 divinitates,
3009 2125 3205 2180 nempe
3242 2110 3385 2165 elata
3448 2121 3643 2176 supra,

2046 2214 2247 2253 nomen
2297 2200 2784 2272 cattsalitatemque
2819 2211 2874 2255 et
2902 2202 3459 2256 communicationem
3495 2199 3638 2253 trina

2047 2291 2302 2360 personis
2331 2292 2593 2358 essentia,
2643 2301 2698 2347 et
2735 2293 3045 2364 procedens
3077 2309 3147 2348 ex
3203 2297 3308 2349 hac
3338 2297 3645 2363 participa-

2052 2392 2216 2450 taqne
2239 2391 2297 2436 et
2331 2382 2610 2438 nominata
2641 2385 2737 2439 Dei
2767 2386 3039 2455 operatio.
3068 2386 3285 2441 Etenim
3314 2402 3418 2441 non
3446 2389 3649 2444 adver-

2050 2482 2195 2540 tunt,
2231 2475 2376 2529 sicut
2426 2474 2569 2531 Dens
2624 2476 2791 2531 Pater
2850 2478 3052 2532 dicitur
3087 2479 3258 2533 Pater
3293 2480 3520 2537 relative
3566 2482 3637 2537 ad

2048 2566 2326 2635 proprium
2369 2566 2591 2635 Filium,
2636 2578 2692 2623 et.
2745 2570 2988 2624 increata
3025 2578 3111 2625 est
3144 2571 3475 2641 paternitas,
3512 2571 3644 2627 licet

2045 2671 2157 2712 non
2198 2660 2491 2713 essentiam
2522 2660 2794 2731 signiticet
2825 2677 2928 2716 vox
2969 2660 3155 2726 Pater,
3192 2663 3264 2716 ita
3296 2664 3462 2717 etiam
3499 2678 3635 2734 ope-

2044 2749 2314 2805 rationem
2361 2752 2663 2808 increatam
2701 2753 2815 2808 Deo
2863 2754 3067 2820 inesse,
3105 2755 3236 2810 licet
3267 2755 3522 2809 distincta
3563 2757 3642 2811 sit

2044 2843 2114 2895 ab
2166 2844 2404 2899 essentia
2452 2846 2722 2910 operatio.
2784 2846 2851 2901 Et
2900 2862 3024 2902 cum
3075 2862 3241 2902 unam
3299 2847 3641 2903 divinitatem

2044 2935 2300 3000 dicimus,
2364 2937 2549 2991 omnia
2605 2937 2842 2994 dicimus
2893 2954 3017 3009 quae
3071 2939 3217 2996 Deus
3279 2950 3387 3005 est,
3443 2955 3640 3010 nempe

2042 3030 2341 3085 essentiam
2372 3039 2426 3085 et
2459 3031 2855 3101 operationem.
2885 3031 2972 3087 Illi
3004 3032 3175 3099 igitur
3203 3032 3444 3099 suntqui
3480 3032 3645 3103 impie

2046 3122 2353 3192 hipartiunt
2412 3138 2574 3178 unam
2637 3123 2730 3179 Dei
2789 3123 3131 3181 divinitatem
3180 3126 3238 3180 in
3293 3136 3535 3182 creatam
3588 3134 3646 3185 et

372 3236 553 3288 γειαν.
624 3220 856 3275 Ἐκεῖνοι
908 3220 1205 3294 τοιγαροῦν
1254 3224 1392 3277 είσιν
1438 3225 1487 3278 οί
1542 3225 2024 3300 διχοτομοῦντεςα
2055 3218 2378 3275 increatam-

369 3315 647 3381 δυσσεϐῶς
676 3317 776 3387 τὴν
812 3316 943 3389 μίαν
964 3317 1061 3371 τοῦ
1093 3317 1232 3373 Θεοῦ
1264 3318 1495 3391 θεότητα
1525 3321 1607 3384 τίς
1641 3323 1837 3378 κτιστὰ
1862 3326 1958 3379 κα)⁸

369 3406 625 3460 ἄκτιστα.

446 3498 586 3569 ρκζ’.
622 3497 980 3569 Συμϐεϐηκός
1007 3500 1124 3555 ἐστι
1157 3500 1218 3554 τὺ
1253 3515 1541 3573 γινομενον
1576 3504 1671 3557 καὶ
1700 3505 1957 3573 ἀπογινό-

373 3605 557 3660 μενον⁹
581 3588 675 3659 ἀφ’
705 3584 767 3644 οὗ
792 3591 974 3644 καὶτὰ
1001 3592 1283 3663 ἀχώριστοι
1310 3592 1698 3665 συμϐεϐηκότα
1726 3599 1959 3666 συνορῶ-

372 3697 496 3754 μεν.
532 3679 687 3734 Ἐστι
739 3682 798 3735 δέ
853 3700 970 3748 πως
1027 3682 1397 3755 συμϐεϐηκὸς,
1446 3686 1543 3739 καὶ
1589 3686 1652 3739 τὸ
1709 3688 1959 3756 φυσικῶς

372 3778 600 3847 προσὸν,
627 3777 702 3841 ὡς
732 3778 1033 3850 αὑξόμενόν
1069 3796 1129 3833 τε
1179 3783 1275 3834 καὶ
1305 3778 1625 3851 μειούμενον
1654 3796 1671 3813 ’
1707 3782 1959 3853 καθάπερ

370 3865 430 3919 ἐν
479 3868 547 3937 τῇ
589 3866 782 3937 λογικῇ
811 3866 957 3940 ψυχῇ
991 3869 1024 3939 ἡ
1054 3868 1275 3937 γνῶσις.
1321 3869 1462 3923 Ἀλλ’
1513 3870 1670 3925 οὐδὲν
1714 3873 1958 3927 τοιοῦτον

369 3957 430 4009 ἑν
450 3957 526 4026 τῷ
567 3956 707 4028 Θεῷ,
740 3958 823 4012 ὅτι
872 3958 935 4030 δὴ
971 3958 1321 4013 παντάπασιν
1355 3960 1735 4031 ἀμετάϐλητος
1765 3963 1913 4031 μένει
1940 3978 1953 3992 ·

370 4046 441 4100 δι’
469 4048 537 4118 ἢν
571 4048 775 4116 αἰτίαν,
812 4049 965 4102 οὐδὲν
1010 4047 1159 4120 αὐτῷ
1196 4052 1339 4103 κατὰ
1379 4050 1728 4121 συμϐεϐηκὸς
1758 4051 1955 4120 λέγοιτ’

369 4139 461 4194 ἄν.
491 4141 566 4194 Οὔ
598 4142 706 4211 μὴν
754 4144 863 4194 πᾶν
898 4124 1040 4212 δπερ
1076 4142 1170 4195 ἐπὶ
1209 4141 1346 4195 Θεοῦ
1376 4142 1611 4212 λέγεται,
1642 4144 1830 4199 οὐσίαν
1861 4161 1959 4215 ση-

372 4234 557 4304 μαίνει
588 4251 604 4267 ο
630 4234 855 4303 λέγεται
886 4234 996 4305 γὰρ
1043 4233 1138 4288 καὶ
1177 4234 1240 4288 τδ
1286 4235 1426 4307 πηρός
1454 4253 1507 4289 τι
1541 4251 1557 4267 ο
1587 4236 1725 4308 ὅπερ
1755 4239 1954 4307 ἀναφο-

372 4326 526 4395 ρικόν
551 4328 690 4393 ἐστι,
722 4328 816 4379 καὶ
846 4328 1126 4396 ἀναφορᾶς
1161 4327 1298 4398 πρὸς
1327 4326 1533 4398 ἕτερον,
1567 4327 1682 4381 ἀλλ’
1717 4328 1817 4382 οὑκ
1862 4329 1955 4382 οὐο

371 4414 494 4478 σίας
519 4413 838 4486 δηλωτικόν.
897 4414 1150 4468 Τοιοῦτόν
1203 4419 1319 4489 ἐστι
1370 4417 1523 4487 καὶὴ
1560 4416 1681 4471 θεία
1709 4419 1957 4489 ἐνέργεια

369 4506 467 4557 ἐπὶ
491 4505 625 4558 Θεοῦ
659 4520 674 4535 ·
706 4505 829 4558 οὕτε
853 4506 963 4578 γὰρ
991 4506 1149 4559 οὐσία
1188 4508 1356 4573 ἐστὶν,
1401 4507 1526 4561 οὔτε
1565 4510 1911 4582 συμϐεϐηκός
1934 4526 1950 4542 ο

2127 3484 2252 3541 127.
2299 3484 2569 3541 Accidens
2615 3493 2701 3540 est
2751 3483 2894 3554 quod
2930 3484 3154 3540 advenit
3188 3493 3245 3540 et
3301 3485 3438 3548 abit,
3483 3469 3643 3542 unde

2056 3576 2445 3647 lnseparabilia
2509 3574 2674 3631 etiam
2738 3575 3049 3632 accidentia
3101 3576 3489 3645 intelligimus.
3546 3577 3643 3633 Est

2057 3671 2225 3724 etiam
2278 3672 2517 3740 quodam
2574 3668 2734 3724 modo
2794 3668 3052 3726 accidens
3108 3671 3254 3739 quod
3312 3669 3642 3725 naturaliter

2053 3763 2249 3828 inest,‘
2269 3763 2398 3833 quia
2452 3772 2682 3832 augetur
2733 3771 2792 3817 et
2840 3762 3107 3817 minuitur
3151 3779 3166 3817 :
3203 3763 3345 3819 sicut
3374 3763 3426 3816 in
3458 3764 3641 3818 anima

2054 3853 2305 3908 rationali
2359 3855 2609 3911 scientia.
2669 3852 2776 3909 Sed
2813 3870 2921 3908 non
2959 3854 3091 3909 item
3150 3865 3234 3908 est
3271 3855 3325 3909 in
3377 3854 3515 3918 Deo,
3548 3855 3639 3923 qui

2052 3944 2276 4002 omnino
2325 3946 2680 4002 immutabilis
2726 3956 3007 4018 permanet
3057 3963 3074 4003 :
3112 3961 3276 4014 quam
3310 3947 3379 3999 ob
3414 3960 3638 4000 causam

2055 4040 2190 4096 nihil
2239 4040 2294 4095 in
2325 4055 2391 4096 eo
2420 4040 2677 4096 accidens
2712 4041 2817 4095 dici
2851 4048 3052 4110 potest.
3091 4038 3207 4093 Non
3248 4048 3429 4092 tamen
3465 4035 3641 4105 quod—

2053 4146 2275 4200 cunque
2322 4131 2390 4186 de
2424 4130 2534 4187 Deo
2579 4130 2805 4196 dicitur,
2835 4129 3135 4185 essentiam
3195 4130 3480 4197 designat;
3516 4144 3638 4181 nam

2053 4221 2250 4276 dicitur
2276 4222 2440 4277 etiam
2474 4221 2620 4288 quod
2646 4230 2732 4277 est
2763 4221 2830 4277 ad
2860 4219 3084 4289 aliquid,
3128 4229 3184 4274 et
3234 4220 3379 4288 quod
3413 4216 3641 4287 proinde

2054 4313 2342 4371 relativum
2400 4322 2507 4382 est,
2563 4324 2618 4370 et
2662 4314 2986 4370 relationem
3043 4314 3110 4367 ad
3157 4312 3326 4378 aliud,
3364 4327 3470 4366 non
3512 4326 3641 4366 vero

2053 4407 2350 4462 essentiam
2399 4406 2625 4463 indicat.
2671 4406 2996 4477 Huiusmodi
3047 4415 3134 4461 est
3194 4407 3246 4460 in
3301 4403 3413 4460 Deo
3456 4404 3640 4459 divina

2052 4498 2334 4568 operatio;
2378 4512 2502 4552 nam
2536 4513 2714 4568 neque
2734 4499 2976 4554 essentia
3012 4506 3117 4562 est,
3151 4512 3327 4567 neque
3358 4498 3639 4559 accidens,

365 4596 420 4650 εί
446 4597 540 4650 καὶ
573 4597 921 4670 συμϐεϐηκός
956 4597 1078 4662 πώς
1112 4601 1227 4653 ἐστι
1262 4601 1396 4671 παρ’
1433 4594 1508 4655 ὧν
1541 4604 1805 4667 καλεῖται,
1839 4602 1953 4656 θεο-

2057 4592 2302 4660 quamvis
2317 4589 2719 4659 quodammodo
2751 4589 3008 4644 accidens
3025 4603 3056 4642 a
3071 4587 3396 4656 quibusdam
3412 4599 3642 4641 vocetur

366 4689 545 4758 λόγων
569 4689 894 4744 δεικνύντων
919 4693 1078 4745 τοῦτο
1109 4692 1291 4764 μόνον,
1325 4695 1408 4747 ὅτι
1446 4695 1595 4749 ἐστιν
1621 4697 1679 4749 ὲν
1707 4698 1784 4765 τῷ
1808 4694 1950 4766 Θεῷ,

368 4783 465 4834 καί⁸
491 4781 648 4834 οὐσία
670 4782 773 4834 οὐκ
802 4781 972 4838 ἐστιν.

442 4879 588 4945 ρκη’.
645 4874 767 4926 Ἔτι
822 4875 856 4945 ή
912 4875 1034 4928 θεία
1083 4877 1356 4949 ἐνέργεια,
1397 4878 1447 4930 ει
1480 4878 1574 4931 καὶ
1608 4877 1956 4951 συμϐεϐηκός

368 4967 520 5018 ἐστιν
559 4967 707 5029 ὅπως
740 4965 980 5034 λέγεται,
1031 4966 1147 5021 ἀλλ’
1191 4969 1538 5039 ὲνθεωρεῖται
1576 4969 1655 5039 τῷ
1688 4970 1827 5036 Θεῷ,
1858 4971 1957 5025 καὶ

371 5056 623 5110 σύνθεσιν
655 5057 757 5109 οὐκ
786 5059 1026 5127 ἐμποιεῖ.
1065 5059 1175 5111 Καὶ
1209 5058 1510 5130 Γρηγόριος
1562 5062 1592 5113 ό
1639 5062 1739 5132 τῆς
1784 5060 1956 5116 θεολο-

366 5147 497 5216 γίας
536 5146 846 5217 ἐπώνυμος,
890 5147 1118 5218 γράφων
1165 5149 1296 5221 περὶ
1329 5147 1423 5202 τοῦ
1451 5150 1607 5219 ἁγίου
1639 5149 1955 5222 Πνεῦμοιτος

369 5240 520 5311 ἡμᾶς
549 5238 792 5292 διδάσκει
822 5255 836 5269 ·
885 5239 958 5292 Τὸ
1004 5238 1230 5310 Πνεῦμα
1274 5241 1402 5313 γὰρ,
1464 5242 1619 5314 φησι,
1670 5242 1730 5297 τὸ
1777 5244 1952 5314 ἅγιον,

370 5329 406 5403 ἢ
429 5330 537 5383 τῶν
558 5329 681 5384 καθ’
702 5331 864 5384 ἑαυτὸ
893 5331 1278 5401 ὑφεστηκότων
1314 5333 1482 5398 ἐστὶν,
1513 5334 1545 5405 ἢ
1570 5333 1678 5389 τῶν
1700 5337 1758 5388 ὲν
1785 5336 1957 5409 ἑτέρῳ

370 5421 768 5492 θεωρουμένων
792 5437 807 5453 ·
839 5415 915 5475 ὧν
948 5423 1010 5474 τὸ
1039 5421 1136 5492 μὲν
1168 5421 1356 5475 οὐσίαν
1406 5421 1665 5476 καλοῦσιν
1717 5426 1767 5476 οἱ
1825 5426 1956 5494 περὶ

369 5512 546 5565 ταῦτα
575 5511 760 5577 δεινοὶ,
785 5512 845 5565 τὸ
865 5512 922 5566 δὲ
948 5512 1316 5584 συμϐεϐηκός.
1340 5513 1402 5566 Ei
1422 5513 1554 5581 γοῦν
1584 5514 1954 5585 συμϐέϐηκεν,

369 5604 626 5674 ἐνέργεια
658 5605 806 5658 τοῦτ’
834 5604 901 5659 ἂν
945 5607 1033 5676 εἴη
1083 5606 1176 5660 τοῦ
1225 5606 1361 5660 Θεοῦ
1387 5623 1400 5637 ο
1433 5607 1484 5659 τί
1516 5608 1627 5677 γὰρ
1657 5607 1881 5678 ἓτερον;
1921 5608 1954 5681 ἦ

369 5697 517 5759 τίνος
551 5716 567 5764 ;
601 5698 774 5752 Τοῦτο
807 5700 915 5769 γάρ
944 5716 1062 5763 πως
1099 5699 1195 5753 καὶ
1241 5700 1435 5770 φεύγει
1474 5700 1723 5754 σύνθεσιν
1752 5718 1765 5732 ·
1797 5702 1955 5755 τοῦτο

370 5790 549 5858 λέγων
579 5790 848 5861 φανερῶς,
891 5791 966 5855 ὡς
994 5795 1042 5844 εἰ
1075 5793 1184 5846 τῶν
1214 5795 1271 5845 ὲν
1300 5792 1378 5862 τῷ
1407 5793 1526 5864 Θεῷ
1566 5792 1954 5864 θεωρουμένων

374 5885 532 5938 ἐστί·
574 5883 656 5937 διὸ
704 5884 799 5938 καὶ
833 5885 933 5939 οὐκ
988 5884 1165 5965 οὐσία,
1221 5884 1360 5939 ἀλλὰ
1413 5885 1759 5960 συμϐεϐηκός
1812 5889 1950 5946 ἐστι.

2054 4679 2345 4750 theoIOgis,
2392 4681 2808 4736 ostendentibus
2839 4680 2946 4734 hoc
3002 4687 3235 4746 tantum,
3279 4693 3473 4748 nempe
3517 4690 3640 4733 eam

2055 4771 2108 4827 in
2141 4771 2252 4828 Deo
2277 4788 2419 4839 esse,
2445 4788 2544 4830 nec
2565 4789 2687 4829 esse
2716 4774 3038 4829 essentiam.

2128 4867 2252 4922 1‘28.
2303 4866 2538 4938 Insuper
2581 4867 2765 4922 divina
2801 4866 3070 4936 operatio,
3103 4865 3356 4936 quamvis
3386 4864 3643 4920 accidens

2054 4958 2459 5028 quodammodo
2500 4959 2723 5024 dicitur,
2778 4957 3128 5013 considerata
3188 4966 3369 5011 tamen
3432 4955 3487 5010 in
3532 4954 3642 5009 Deo

2056 5050 2509 5121 compositionem
2555 5065 2662 5105 non
2701 5050 2852 5106 facit.
2888 5050 2945 5106 ιιι
2976 5050 3278 5122 Gregorius
3312 5053 3641 5121 cognomine

2056 5141 2364 5213 Tltenlogus
2400 5143 2467 5198 de
2489 5140 2697 5211 Spiritu
2747 5150 2942 5198 sancto
2985 5143 3234 5199 scribens
3282 5157 3380 5197 nos
3433 5144 3638 5197 docet:

2061 5255 2079 5289 ι
2121 5235 2363 5306 Spiritus
2411 5244 2658 5303 sanctus,
2716 5236 2916 5306 inquit,
2971 5234 3056 5291 vel
3101 5246 3189 5292 est
3220 5250 3317 5291 ens
3363 5235 3416 5289 in
3460 5235 3641 5304 Seipso

2055 5329 2385 5398 subsistens,
2412 5330 2496 5385 vel
2528 5345 2629 5385 ens
2655 5330 2708 5384 in
2742 5329 2853 5385 alio
2880 5331 3130 5388 residens
3164 5345 3180 5386 :
3214 5342 3444 5399 quorum
3473 5344 3637 5382 lllllllll

2055 5424 2387 5492 substantia,
2424 5423 2658 5479 alterum
2695 5440 2830 5481 vero
2885 5425 3140 5480 accidens
3186 5438 3215 5477 a
3253 5424 3523 5492 theologis
3551 5422 3640 5476 di-

2055 5518 2221 5573 citur.
2286 5517 2345 5573 Si
2399 5533 2531 5584 ergo
2586 5519 2677 5575 ille
2717 5520 2786 5574 sit
2829 5518 2960 5588 quid
3020 5518 3301 5581 accidens,
3350 5516 3455 5570 hoc
3493 5525 3641 5571 esset

2054 5610 2302 5679 operatio
2355 5609 2448 5666 Dei
2500 5627 2514 5666 :
2557 5612 2684 5681 quid
2737 5612 2882 5667 enim
2925 5611 3069 5665 aliud
3126 5621 3272 5664 esset
3321 5620 3416 5664 aut
3481 5611 3638 5680 cnjns

2055 5701 2242 5758 foret?
2272 5702 2387 5760 Hoc
2438 5705 2583 5760 enim
2634 5706 3034 5774 quodammodo
3093 5704 3230 5774 fugit
3280 5704 3638 5774 compositioe

2055 5811 2202 5851 nem.
2267 5816 2287 5849 ι
2336 5798 2504 5869 quue
2544 5800 2694 5854 clare
2745 5796 2880 5852 dicit
2928 5812 2997 5852 ιι
3049 5797 3107 5855 Si
3145 5798 3380 5867 qualitas
3418 5800 3468 5852 in
3527 5798 3639 5854 Deo

2057 5889 2299 5947 residens
2335 5891 2427 5957 sit,
2478 5889 2599 5947 ideo
2634 5905 2737 5946 nec
2769 5889 2840 5947 sit
2870 5889 3200 5958 substantia,
3235 5893 3327 5949 sed
3358 5891 3650 5957 accidens;
