4020 6464
549 354 677 422 1211

1802 360 1848 420 G
1864 360 2190 422 REGORII
2240 363 2328 422 PA
2341 363 2570 424 ιΑΜιΕ

3661 379 3768 438 i‘.-‘.l2

541 484 631 551 qui
677 482 904 552 spiritus
946 489 1192 547 vocatur,
1242 479 1384 535 nihil
1419 481 1564 534 aliud
1591 494 1714 536 esse
1745 487 1925 550 potest
1959 496 2106 549 quan

2220 485 2316 540 καὶ
2344 486 2569 556 Πνεῦμα
2598 488 2949 557 ὀνομάζεται,
2990 488 3146 543 οὐδὲν
3187 492 3374 562 ἕτερον
3405 495 3539 547 εἶναι
3560 498 3749 549 δυνατὸν

544 577 639 629 Dei
683 575 951 644 operatio.
991 592 1010 624 ι
1049 573 1167 627 Hoc
1183 573 1329 627 enim
1373 574 1614 628 ostendit
1642 574 1834 628 dicens
1871 590 1887 628 ι
1931 592 1950 626 ι
1982 574 2121 640 Quid

539 668 682 723 enim
715 668 858 722 aliud
901 668 1083 722 esset?
1112 666 1377 736 autcujus
1405 667 1587 723 esset?
1621 687 1639 719 ι
1672 669 1738 722 Et
1774 668 2127 735 praestituens

542 760 815 829 quomodo
857 759 992 813 nihil
1031 759 1204 826 aliud,
1247 775 1355 814 non
1391 760 1650 827 qualitas,
1681 774 1784 816 nec
1816 761 2122 829 quantitas,

541 871 639 909 uec
671 856 874 921 aliquid
913 853 1224 925 huiusmodi
1273 856 1513 910 residere
1545 855 1598 910 in
1638 856 1747 910 Deo
1785 853 1984 924 possit,
2031 853 2126 909 sed

539 949 784 1017 operatio
815 956 1044 1014 tantum,
1075 948 1263 1004 subdit
1292 964 1308 1004 :
1339 965 1358 1000 ι
1396 948 1512 1004 Hoc
1539 949 1684 1003 enim
1719 946 2127 1018 quodammodo

541 1043 675 1112 fugit
723 1044 1200 1112 compositionem.
1262 1061 1284 1096 ι
1329 1043 1618 1111 Quomodo
1664 1054 1846 1098 autem
1877 1043 2126 1112 operatio

542 1137 591 1187 in
631 1133 739 1188 Deo
782 1145 1023 1202 spectata
1068 1134 1204 1202 fugit
1253 1132 1745 1201 compositionem?
1783 1131 1922 1198 Quia
1971 1131 2125 1187 solus

537 1227 760 1279 amnino
788 1224 1179 1294 impassibilem
1211 1224 1376 1280 liabet
1400 1224 1800 1292 operationem,
1837 1230 1893 1276 et
1927 1236 2126 1277 secun-

537 1317 664 1369 dum
697 1333 817 1372 eam
847 1327 1106 1386 operatur
1135 1327 1368 1385 tantum,
1393 1316 1490 1372 sed
1517 1331 1624 1371 non
1653 1315 1876 1386 patitur,
1910 1330 2009 1370 nec
2041 1314 2125 1380 tit,

538 1427 637 1466 nec
673 1421 936 1466 mutatur.

608 1507 730 1561 129.
788 1506 1091 1561 lucreatam
1150 1517 1338 1562 autem
1392 1506 1742 1560 innotescere
1803 1503 1910 1559 sibi
1969 1503 2120 1558 illam

537 1599 909 1669 operationem
944 1598 1254 1670 Theologus
1283 1599 1448 1670 paulo
1481 1601 1739 1669 superius
1780 1599 1896 1668 ipse
1940 1597 2120 1665 docet,

535 1707 655 1746 eam
689 1705 718 1744 a
769 1701 1021 1746 creatura
1076 1692 1421 1763 distinguens
1459 1712 1472 1748 :
1510 1710 1530 1745 ι
1591 1682 1919 1748 Nostrorum
1951 1692 2118 1756 enim,

539 1784 736 1853 inquit,
787 1786 1073 1841 doctorum
1115 1786 1207 1840 alii
1259 1785 1522 1855 Spiritum
1556 1791 1890 1856 putaverunt
1927 1797 2123 1851 opera-

2218 582 2265 632 εί
2293 579 2369 651 μὴ
2390 581 2673 651 ἐνέργειαν
2721 579 2878 635 Θεοῦ.
2936 581 3108 635 Τοῦτο
3151 584 3260 654 γὰρ
3290 584 3545 654 ἐδήλωσεν
3565 587 3712 641 εἰπών
3737 606 3748 619 ’

2220 672 2286 724 Ti
2313 674 2422 743 γὰρ
2453 672 2641 742 ἐτερον
2673 689 2688 739 ;
2721 672 2752 744 ἢ
2800 673 2978 742 τίνος;
3010 677 3534 746 προκατασκευάζων
3562 679 3633 747 δέ,
3659 683 3755 746 πῶς

2217 763 2371 815 οὐδὲν
2415 762 2624 833 ἕτερον,
2670 763 2732 816 οὐ
2764 765 3114 837 ποιότητα,ἢ
3155 767 3448 836 ποσότητα,
3498 769 3531 841 ἦ
3577 787 3623 823 τι
3667 772 3756 824 τῶν

2220 853 2479 908 τοιούτων
2497 854 2883 926 ἐνθεωρείσθαι
2899 856 2977 927 τῷ
2993 857 3111 928 Θεῷ
3131 858 3375 927 δυνατὸν,
3387 860 3498 913 ἀλλ’
3517 862 3756 934 ἐνέργειαν

2221 946 2412 1016 μόνην,
2447 947 2700 1017 ἐπιφέρει
2724 963 2737 976 ο
2776 945 2947 1000 Τοῦτο
2975 948 3084 1019 γάρ
3123 965 3238 1014 πως
3271 951 3365 1004 καὶ
3393 951 3574 1019 φεύγει
3600 953 3757 1007 σύνθε-

2219 1053 2326 1091 σιν.
2354 1039 2476 1101 Πῶς
2503 1037 2559 1090 δὲ
2579 1041 2612 1109 ἡ
2645 1039 2897 1110 ἐνέργεια
2925 1040 3332 1112 ἐνθεωρουμένη
3361 1041 3437 1112 τῷ
3463 1043 3576 1114 Θεῷ
3598 1044 3755 1113 φεύγει

2215 1127 2318 1199 τὴν
2347 1127 2597 1182 σύνθεσιν
2631 1146 2647 1196 ;
2691 1128 2912 1200 Ἐπειδὴ
2946 1131 3106 1200 μόνος
3141 1130 3522 1203 ἀπαθεστάτην
3558 1135 3659 1204 ἔχει
3680 1138 3755 1207 τὴν

2219 1218 2525 1296 ἐνέργειαν,
2585 1219 2825 1290 ἐνεργῶν
2863 1222 3045 1291 μόνον,
3103 1221 3219 1276 ἀλλ’
3272 1223 3395 1293 οὐχὶ
3432 1225 3525 1276 καὶ
3566 1227 3756 1296 πάσχων

2218 1310 2342 1365 κατ’
2373 1311 2566 1382 αὐτὴν,
2594 1311 2718 1368 οὑδέ
2759 1313 3066 1382 γινόμενος,
3099 1315 3221 1368 οὑδέ
3259 1314 3648 1385 ἀλλοιούμενος.

2297 1511 2434 1584 ρκθ’.
2491 1510 2708 1565 Ὀτιδέ
2742 1511 2838 1564 καὶ⁵
2890 1511 3146 1565 ἄκτιστον
3200 1508 3364 1562 οὖσαν
3429 1503 3534 1561 οἶδε
3583 1507 3754 1577 ταύτην

2219 1605 2316 1676 τὴν
2350 1605 2633 1676 ἐνέργειαν
2671 1605 2700 1656 6
2747 1602 3032 1671 Θεολὸγος,
3085 1602 3342 1672 ἀνωτέρω
3391 1600 3582 1671 μικρὸν
3629 1599 3760 1660 αὐτὸς

2219 1699 2409 1767 ἔδειξε,
2453 1699 2591 1770 πρὸς
2633 1699 2697 1752 τὸ
2726 1697 2933 1768 κτίσμα
2963 1696 3168 1768 ταύτην
3201 1695 3634 1757 ἀντιδιαστείλας,
3663 1693 3760 1745 Τῶν

2220 1793 2342 1848 καθ’
2375 1793 2526 1863 ἡμᾶς
2553 1791 2684 1862 γὰρ,
2719 1791 2875 1861 φησὶ.
2935 1789 3137 1857 σοφῶν,
3194 1789 3242 1840 ot
3300 1786 3399 1857 μὲν
3443 1785 3698 1855 ἐνέργειαν
3714 1784 3761 1834 τὸ

537 1881 761 1948 tionem,
782 1879 1221 1947 aliicreaturam,
1254 1854 1347 1934 alii
1379 1854 1573 1934 Deum.
1615 1897 1633 1930 ι
1667 1877 1838 1934 Deum
1869 1878 1960 1933 hic
1992 1893 2106 1948 per-

2222 1854 2445 1954 Πνεῦμα
2477 1854 2858 1947 causam
2912 1880 2971 1934 δέ
3011 1854 3244 1952 -κτίσμα,
3291 1854 3342 1932 δε
3386 1880 3446 1933 δὲ
3482 1854 3622 1932 Θεόν.
3651 1876 3758 1929 θειν

533 1987 725 2026 sonam
771 1975 949 2043 ipsam
993 1973 1146 2028 dicit.
1191 1972 1237 2027 Α
1283 1981 1534 2027 creatura
1591 1979 1772 2025 autem
1802 1969 2118 2024 distinctam

530 2067 828 2123 ostendens
878 2065 1275 2138 operationem,
1309 2067 1450 2121 hanc
1497 2080 1604 2120 non
1637 2079 1762 2121 esse
1810 2073 2116 2119 creaturam

528 2161 677 2215 clare
701 2161 1069 2227 subostendit.
1102 2159 1209 2216 Sed
1249 2169 1305 2214 et
1360 2160 1522 2230 paulo
1578 2167 1723 2230 post,
1783 2169 1990 2214 momm
2021 2157 2117 2214 Dei

528 2264 688 2308 vocat
720 2253 867 2309 illam
920 2254 1298 2323 operationem
1333 2271 1348 2310 :
1401 2272 1419 2305 ι
1459 2251 1656 2309 Nonne
1707 2253 1990 2308 increatus
2030 2263 2117 2307 est

528 2345 623 2402 Dei
679 2346 897 2402 motus?
933 2365 953 2399 ι
1013 2345 1088 2403 De
1141 2362 1248 2416 qua
1277 2348 1445 2403 etiam
1489 2347 1860 2402 Damascenus
1917 2346 2112 2410 deiter,

526 2442 579 2494 in
611 2442 1069 2513 quinquagesimo
1098 2455 1244 2496 nono
1267 2441 1504 2512 capitulo
1532 2442 1724 2496 scribit
1757 2458 1771 2495 :
1805 2459 1824 2492 ι
1856 2441 2114 2510 Operatio

522 2544 606 2589 est
638 2535 854 2590 activus
885 2543 939 2590 et
965 2535 1280 2592 essentialis
1327 2546 1538 2590 natura:
1590 2547 1807 2600 mutus;
1859 2536 2113 2591 activitas

525 2635 709 2681 autem
741 2635 827 2682 est
859 2634 1076 2695 natura,
1101 2642 1168 2683 ex
1198 2641 1304 2697 qua
1343 2628 1593 2697 operatio
1630 2629 1915 2698 procedit;
1975 2643 2112 2698 opus

519 2735 650 2776 vero
695 2729 778 2776 est
822 2719 1160 2791 operationis
1208 2722 1467 2787 euectus;
1529 2736 1699 2793 agens
1754 2723 1973 2776 demum
2027 2729 2112 2776 est

519 2815 613 2885 qui
649 2816 820 2870 utitur
861 2817 1208 2887 operatione,
1242 2815 1457 2871 scilicet
1497 2829 1754 2886 persona.

589 3003 716 3061 l50.
737 3004 1076 3074 Adversarii,
1103 3020 1170 3060 ex
1197 3021 1261 3060 eo
1289 3009 1433 3076 quod
1459 3004 1766 3076 Theologus
1798 3006 1886 3062 hic
1911 3005 2058 3061 dicat
2088 3023 2104 3064 :

521 3114 542 3148 ι
585 3096 640 3152 Si
675 3106 859 3152 autem
899 3098 974 3152 sit
1030 3099 1302 3169 operatio,
1359 3109 1574 3171 agetur,
1605 3111 1662 3157 at
1712 3117 1823 3157 non
1855 3108 1998 3172 aget,
2047 3110 2103 3157 et

516 3190 679 3245 simul
741 3191 826 3262 agi
875 3191 1116 3259 desinet,
1157 3211 1177 3246 ι
1213 3204 1458 3250 creatam
1518 3195 1644 3251 inde
1679 3203 2015 3266 putaverunt
2049 3198 2175 3261 etc

513 3286 819 3342 docuerunt
852 3287 1092 3343 divinam
1130 3288 1276 3343 illam
1318 3290 1719 3360 operationem.
1773 3287 2104 3346 Nescierunt

515 3385 662 3439 enim
693 3385 858 3439 etiam
893 3385 1134 3440 increata
1162 3387 1269 3442 dici
1294 3402 1482 3458 opera,
1508 3385 1932 3456 proutostendit
1957 3385 2099 3441 idem

515 3478 822 3551 Tlieologus
855 3478 984 3534 alibi
1036 3481 1330 3536 scribens:
1382 3498 1401 3533 ι
1441 3479 1500 3534 Si
1544 3492 1724 3534 autem
1758 3477 1924 3535 Pater
1955 3490 2103 3535 esset

513 3588 711 3628 nomen
767 3572 1125 3642 operationis,
1183 3573 1299 3628 haec
1349 3584 1670 3638 Operaretur
1730 3575 2098 3629 consubstan-

513 3665 664 3720 tiale.
723 3684 741 3719 ι
796 3665 940 3721 Dicit
970 3681 1190 3737 quoque
1229 3666 1600 3724 Damascenus
1648 3667 1822 3722 deiI‘er
1875 3683 1891 3724 :
1948 3685 1966 3719 ι
2014 3667 2097 3723 Ad

513 3759 790 3813 dexteram
847 3756 1024 3815 Patris
1076 3758 1330 3814 Christus
1388 3760 1565 3826 sedet,
1624 3760 1807 3814 divine
1860 3775 2098 3830 operans

510 3848 886 3905 universormn
917 3851 1337 3921 providentiam,
1363 3868 1463 3908 nec
1490 3852 1579 3906 illa
1598 3867 1696 3906 vox
1723 3871 1742 3904 ‹
1778 3838 2088 3922 requievil,t

509 3945 640 4010 quin
702 3945 946 3998 iucreata
998 3945 1071 3998 sit
1120 3946 1370 4014 Operatio
1427 3945 1675 4014 impedit.
1725 3943 1860 3999 Nam
1902 3960 2091 4002 creare

506 4037 651 4093 Deus
712 4037 905 4108 incipit
969 4053 1034 4093 ac
1101 4039 1326 4103 desinit,
1387 4039 1529 4094 sicut
1597 4039 1732 4094 dicit
1796 4037 2013 4113 Moyses
2072 4058 2088 4096 :

509 4149 529 4183 ι
579 4129 866 4200 Requievit
914 4129 1055 4186 Deus
1095 4133 1163 4186 ab
1216 4131 1471 4188 universo
1525 4147 1692 4202 opere
1737 4135 1880 4203 quod
1913 4133 2093 4189 facere

504 4226 790 4294 inceperat
840 4225 906 4278 "l.
963 4243 982 4277 ι
1033 4223 1254 4281 Creatio
1315 4234 1497 4281 tamen
1557 4227 1648 4281 illa
1686 4243 1848 4298 quam
1895 4229 2092 4299 incipit

502 4320 644 4374 Deus
674 4329 729 4374 et
761 4319 1018 4385 absolvit,
1046 4329 1131 4374 est
1164 4321 1428 4376 naturalis
1456 4331 1514 4376 et
1540 4320 1785 4377 increata
1818 4322 1916 4378 Dei
1953 4338 2088 4394 ope-

503 4414 668 4470 ratio.
694 4431 715 4466 ι

569 4528 697 4583 151.
730 4525 896 4583 Divus
943 4534 1142 4582 iterum
1176 4525 1572 4594 Damascenus,
1621 4536 1913 4598 postquam
1947 4524 2086 4580 dixit

497 4625 875 4694 operationem
915 4635 1042 4676 esse
1086 4620 1327 4676 activum
1383 4631 1437 4674 et
1481 4621 1832 4675 essentialem
1872 4628 2086 4673 natura:

502 4731 731 4782 nmium,
765 4715 1063 4770 ostendere
1086 4715 1277 4769 volens
1305 4711 1643 4784 Theologum
1664 4712 1867 4766 dixisse
1894 4711 2090 4782 hujus-

502 4811 644 4862 modi
683 4808 1056 4878 Operationem
1096 4807 1182 4876 agi
1206 4806 1512 4872 etabsolvi,
1543 4804 1750 4860 addidit
1787 4821 1804 4859 :
1841 4822 1860 4856 ι
1897 4804 2089 4859 Scien-

501 4903 630 4956 dum
664 4910 750 4956 est
801 4901 1172 4971 operationem
1225 4915 1349 4955 esse
1386 4911 1619 4963 motum,
1667 4905 1719 4952 et
1775 4897 1859 4968 agi
1911 4898 2090 4962 potius

501 5007 662 5059 quam
688 5007 873 5061 agere,
906 5005 960 5045 ut
990 4992 1068 5046 ait
1097 4990 1407 5063 Tlteologus
1428 4991 1725 5063 Gregorius
1749 4991 1803 5045 in
1837 5007 2091 5046 sermone

502 5087 569 5140 de
603 5085 810 5155 Spiritu
847 5097 1078 5139 sancto:
1123 5105 1142 5137 ι
1177 5085 1232 5140 Si
1263 5094 1444 5140 autem
1480 5084 1731 5154 operatio
1767 5083 1858 5148 sit,
1896 5092 2092 5154 agetur

502 5179 732 5242 scilicet,
791 5189 847 5231 at
907 5194 1014 5232 non
1077 5189 1222 5249 aget,
1287 5187 1344 5233 et
1390 5177 1556 5233 simul
1611 5177 1696 5246 agi
1759 5177 1992 5231 desinet.
2065 5195 2085 5228 ι

504 5269 789 5325 lllaull‘este
822 5272 985 5339 igitur
1027 5271 1333 5326 adversarii
1375 5283 1620 5325 creatam
1657 5285 1778 5324 esse
1829 5269 2091 5324 docentes

503 5379 666 5430 quam
695 5366 782 5418 hic
823 5364 1120 5435 Gregorius
1150 5365 1465 5435 Theologus
1518 5365 1654 5419 dicit
1685 5366 2088 5434 Operationem,

505 5456 676 5520 ipsam
714 5461 1014 5511 naturalem
1065 5469 1120 5512 et
1152 5458 1501 5513 essentialem
1559 5456 1652 5512 Dei
1708 5459 2087 5527 operationem

502 5545 784 5605 dementer
832 5551 899 5602 ad
953 5560 1232 5604 creaturas
1291 5551 1607 5620 deprimunt
1660 5566 1674 5604 :
1721 5567 1882 5621 quant
1931 5567 2089 5605 sacer

506 5639 880 5698 Damascenus
927 5661 1033 5699 non
1095 5654 1270 5698 actam
1321 5646 1518 5709 solutn,
1575 5644 1668 5701 sed
1727 5655 1786 5702 et
1835 5659 2088 5717 agentem

575 5823 620 5859 ’⁵⁸
640 5827 938 5894 Gen.n,‘2.

2226 1974 2326 2046 μὲν
2357 1973 2448 2028 οῦν
2501 1974 2737 2028 ἐνταῦθα
2786 1973 2884 2044 τὴν
2913 1973 3209 2026 ὑπόστασιν
3235 1972 3406 2043 αὐτὴν
3437 1972 3594 2040 λέγει.
3646 1970 3759 2037 Πρὸς

2223 2067 2280 2120 δέ
2306 2065 2367 2118 τὸ
2390 2066 2597 2135 κτίσμα
2644 2065 3113 2136 ἀντιδιῃρημένην
3157 2063 3336 2130 δείξας
3367 2065 3468 2132 τὴν
3499 2063 3758 2131 ἐνέργειαν,

2232 2157 2307 2227 μὴ
2337 2150 2478 2210 εἶναι
2507 2155 2716 2227 κτίσμα
2747 2156 2932 2226 σαφῶς
2964 2154 3264 2220 ὑπέδειξεν.
3303 2154 3468 2208 Ἀλλὰ
3487 2154 3575 2206 καὶ
3600 2151 3758 2220 μικῷν

2213 2251 2443 2322 προῖὼν,
2497 2255 2713 2327 κίνησιν
2753 2257 2890 2311 Θεοῦ
2939 2261 3144 2328 ταύτην
3190 2255 3310 2313 εἷπε
3344 2260 3446 2330 τὴν
3490 2261 3756 2331 ἐνέργειαν.

2213 2344 2337 2406 Πῶς
2374 2346 2469 2400 οῦν
2497 2348 2599 2402 οὐκ
2637 2349 2893 2412 ἄκτιστος
2946 2351 2979 2420 ἡ
3026 2351 3120 2404 τοῦ
3171 2352 3306 2405 Θεοῦ
3356 2353 3607 2423 κίνησις;
3660 2353 3760 2423 περὶ

2211 2429 2281 2505 ἧς
2314 2437 2410 2492 καὶ
2441 2441 2804 2512 Δαμασκηνὸς
2860 2444 2888 2495 ό
2938 2442 3220 2513 θεοφόρος,
3271 2447 3330 2498 ἐν
3384 2446 3461 2498 νϐ’
3517 2444 3759 2513 κεφαλαίῳ

2209 2527 2438 2596 γράφων
2471 2571 2486 2595 ,
2534 2533 2815 2604 Ἐνέργεια
2872 2534 2972 2604 μέν
3024 2536 3162 2597 ἐστι,
3215 2537 3402 2605 φησὶν,
3449 2538 3482 2606 ἡ
3536 2533 3757 2606 δραστικὴ

2208 2619 2304 2670 καὶ
2339 2620 2606 2694 οὐσιὼδης
2655 2625 2754 2694 τῆς
2805 2625 3021 2693 φύσεως
3058 2626 3271 2693 κίνησις
3303 2643 3316 2656 ο
3355 2625 3686 2696 ἐνεργητικὸν
3711 2624 3754 2674 δέ

2209 2710 2458 2780 ἡφύσις,
2511 2714 2569 2781 ἐξ
2601 2709 2669 2783 ἧς
2708 2717 2740 2785 ἡ
2791 2717 3044 2788 ἐνέργεια
3097 2718 3345 2787 πρόεισιν
3375 2733 3387 2747 ·
3426 2719 3686 2786 ἐνέργημα
3713 2713 3757 2764 δὲ

2205 2803 2268 2855 τὸ
2297 2803 2398 2872 τῆς
2419 2806 2704 2874 ἐνεργείας
2726 2807 3075 2877 ἀποτέλεσμα
3099 2825 3115 2840 ο
3148 2807 3389 2878 ἐνεργῶν
3426 2808 3502 2872 δὲ,
3534 2809 3560 2859 ὀ
3589 2821 3756 2874 κεχρη-

2209 2895 2377 2964 μένος
2408 2899 2474 2968 τῇ
2509 2899 2780 2970 ἐνεργείᾳ,
2818 2900 2992 2970 ἡτοιή
3027 2899 3345 2963 ὑπόστασις.

2279 2989 2378 3058 ρλ’.
2397 2991 2458 3043 Οἱ
2481 2991 2736 3055 ἐναντίοι,
2768 2994 2832 3044 ἐκ
2852 2991 2945 3044 τοῦ
2965 2993 3054 3044 τὸν
3079 2992 3338 3059 Θεολόγον
3357 2990 3586 3045 ἐνταῦθα
3602 2989 3759 3059 φάναι,

2205 3077 2268 3132 Et
2322 3079 2381 3133 δέ
2448 3080 2701 3154 ἐνέργεια
2735 3080 3163 3152 ἐνεργηθήσεται
3208 3084 3302 3134 καὶ
3359 3084 3459 3134 οὐκ
3491 3079 3758 3149 ἐνεργήσει,

2204 3170 2301 3221 καὶ
2325 3168 2465 3239 ὁμοῦ
2500 3170 2561 3223 τὸ
2591 3169 2958 3242 ἐνεργηθῆναι
3016 3171 3308 3240 παύσεται,
3354 3170 3576 3242 κτιστὴν
3604 3167 3757 3222 ἐντεῦ-

2205 3262 2298 3315 Θεν
2345 3263 2655 3334 ὑπενόησαν
2688 3263 2782 3317 καὶ
2835 3264 3187 3334 ἀπεφήναντο
3247 3264 3348 3334 τὴν
3390 3265 3541 3318 θείαν
3590 3262 3758 3329 ταύτην

2201 3353 2509 3424 ἐνέργειαν.
2579 3355 2886 3426 Ἠγνόησαν
2933 3357 3044 3425 γὰρ
3069 3358 3151 3410 ὅτι
3189 3356 3251 3410 τὸ
3307 3356 3638 3431 ἐνεργεῖσθαι
3685 3353 3758 3406 καὶ

2203 3446 2297 3498 ἐπὶ
2322 3445 2433 3498 τῶν
2461 3446 2737 3500 ἀκτίστων
2766 3448 3014 3516 λέγεται,
3057 3448 3132 3512 ὡς
3171 3449 3268 3502 καὶ
3295 3451 3324 3502 6
3353 3449 3612 3516 Θεολόγος
3633 3442 3760 3506 οὗτος

2202 3533 2476 3588 δείκνυσιν
2507 3535 2746 3604 ἀλλαχοῦ
2789 3537 3016 3609 γράφων
3045 3554 3058 3568 °
3097 3540 3160 3592 Εἰ
3207 3539 3264 3592 δὲ
3295 3541 3572 3611 ἐνεργείας
3619 3539 3760 3606 ὄνομα

2201 3628 2229 3678 6
2253 3627 2464 3698 Πατὴρ,
2499 3629 2658 3681 τοῦτο
2706 3631 3012 3701 ἐνηργηκὺς
3045 3630 3110 3685 ἂν
3136 3631 3222 3702 εἴη
3246 3633 3310 3684 τὸ
3340 3628 3760 3700 ὁμοούσιονΛηῚσῈ

2200 3719 2255 3772 δέ
2289 3721 2384 3772 καὶ
2411 3721 2440 3772 6
2469 3723 2829 3792 Δαμασκηνὸς
2858 3725 2885 3776 ὁ
2907 3723 3167 3795 Θεοφόρος
3201 3740 3216 3755 ⁸
3268 3725 3356 3778 Ἐν
3383 3725 3529 3796 δεξιᾷ
3556 3723 3638 3774 τοῦ
3669 3723 3760 3773 ﬂa-

2207 3811 2335 3882 τρὸς
2369 3813 2396 3864 ὁ
2439 3813 2677 3884 Χριστὸς
2737 3815 2982 3880 ἐκάθισε,
3045 3815 3244 3880 Θεῖκῶς
3296 3818 3534 3888 ἐνεργῶν
3562 3813 3759 3883 τὴντῶν

2197 3903 2335 3957 ὅλων
2357 3905 2637 3975 πρόνοιαν.
2657 3907 2796 3960 Ἀλλ’
2823 3909 2945 3962 οὑδέ
2968 3909 3050 3974 τὸ,
3088 3909 3424 3972 κατέπαυσε,
3456 3907 3531 3976 τῷ
3551 3905 3758 3972 ἀκτίστῳ

2197 3994 2298 4064 τῆς
2327 3996 2616 4066 ἐνεργείας
2643 3998 3030 4067 προσίσταται.
3061 4000 3219 4054 Κατὰ
3248 4001 3358 4070 γὰρ
3391 3999 3452 4052 τὸ
3473 3997 3757 4068 δημιουγεῖν

2195 4085 2426 4157 ἄρχεται
2469 4091 2497 4140 6
2545 4089 2678 4152 Θεὸς
2731 4091 2828 4143 καὶ
2877 4090 3151 4144 παύεται’
3194 4091 3282 4154 ὡς
3335 4091 3434 4144 καὶ
3481 4091 3508 4140 ὁ
3553 4086 3756 4151 Μωῦσῆς

2197 4195 2387 4248 φησιν,
2418 4180 2499 4233 ότι
2545 4199 2562 4231 ι
2592 4183 2953 4239 Κατέπαυσεν
2977 4185 3004 4236 ό
3024 4183 3155 4247 Θεὸς
3177 4183 3286 4236 ἀπὸ
3316 4185 3533 4237 πάντων
3565 4182 3661 4236 τῶν
3679 4179 3754 4250 ἐρ-

2194 4284 2308 4338 γων
2359 4262 2433 4322 ὧν
2461 4269 2668 4339 ἤρξατο
2716 4273 2964 4341 ποιῆσαι.
3015 4291 3034 4323 ι
3076 4272 3149 4324 Τὸ
3205 4273 3388 4341 μέντοι
3440 4267 3754 4343 δημιουργεῖν

2192 4359 2351 4414 τοῦτο
2397 4361 2519 4414 καθ’
2551 4361 2579 4414 ὃ
2610 4363 2840 4432 ἄρχεται
2867 4363 2895 4414 6
2929 4363 3063 4427 Θεὸς
3120 4363 3216 4415 καὶ
3267 4363 3524 4428 παύεται,
3582 4353 3754 4429 φυσικὴ

2192 4453 2289 4508 καὶ
2310 4454 2572 4517 ἄκτιστός
2612 4457 2763 4508 ἐστιν
2798 4456 3050 4527 ἐνέργεια
3081 4455 3239 4510 Θεοῦ.

2267 4545 2400 4616 Ρλαὀ
2448 4545 2504 4600 Ὁ
2531 4548 2670 4610 θεῖος
2708 4547 2868 4612 αὖθις
2917 4548 3299 4620 Δαμασκηνὸς,
3333 4548 3473 4617 μετὰ
3501 4546 3558 4599 τὸ
3607 4541 3750 4596 εἰπεῖν

2189 4638 2273 4691 ὅτι
2320 4637 2578 4708 ἐνέργειὰ
2624 4641 2774 4692 ἐστιν
2822 4641 2854 4710 ἡ
2910 4640 3180 4710 δραστικὴ
3235 4639 3331 4693 καὶ
3379 4636 3636 4705 οὑσιὼδης
3673 4631 3750 4699 τῆς

2190 4731 2410 4800 φύσεως
2470 4733 2710 4803 κίνησις,
2766 4732 2936 4786 Θέλων
2990 4733 3183 4800 δεῖξαι,
3242 4731 3317 4795 ὡς
3377 4731 3474 4802 τὴν
3527 4728 3748 4792 τοιαύτην

2198 4824 2488 4896 ἐνέργειαν
2510 4826 2537 4878 6
2567 4825 2827 4893 Θεολόγος
2853 4823 3006 4878 εἶπεν
3043 4825 3383 4896 ἐνεργεῖσϐαί
3402 4841 3462 4876 τε
3496 4825 3584 4876 καὶ
3606 4818 3742 4871 παύε-

2198 4918 2342 4982 σΟαι,
2386 4918 2836 4990 προσεπήνεγκεν
2871 4935 2884 4948 ⁸
2932 4918 3150 4982 ’Ῑστέον,
3203 4917 3277 4980 ὡς
3328 4918 3361 4987 ἡ
3418 4915 3654 4986 ἐνέργεια
3678 4907 3743 4960 κί-

2196 5009 2352 5078 νησίς
2388 5010 2528 5076 ἐστι,
2555 5010 2652 5062 καὶ
2678 5011 2986 5081 ἐνεργεῖται
3014 5011 3214 5081 μᾶλλον
3244 5010 3276 5080 ἢ
3307 5010 3558 5080 ἐνεργεῖ,
3595 4999 3743 5059 καθὼς

2195 5118 2359 5171 φησιν
2397 5104 2424 5154 6
2453 5101 2714 5169 Θεολόγος
2754 5101 3076 5173 Γρηγόριος,
3122 5103 3178 5156 ἐν
3223 5101 3301 5172 τῷ
3330 5089 3461 5172 ’περὶ
3488 5099 3578 5153 τοῦ
3613 5093 3740 5162 ἁγίου

2196 5193 2513 5262 ΙΙνεύματος
2553 5192 2718 5264 λόγῳ.
2769 5195 2834 5248 Et
2867 5195 2921 5248 δὲ
2975 5195 3226 5266 ἐνέργειά
3274 5195 3439 5255 ἐστιν,
3475 5185 3740 5258 ἐνεργηθή⁹

2195 5303 2347 5339 σεται
2413 5285 2656 5357 δηλονότι
2718 5289 2812 5340 καὶ
2863 5271 2965 5341 οὑκ
3029 5290 3333 5360 ἐνεργήσει,
3389 5287 3482 5338 καὶ
3526 5281 3649 5354 ὁμοῦ
3691 5275 3739 5329 τὸ

2192 5379 2557 5449 ὲνεργηΟῆναι
2602 5380 2894 5436 παύσεται.
2946 5381 3180 5452 (ῐάνερὸν
3227 5377 3318 5434 οὖν
3348 5380 3422 5443 ὡς
3453 5381 3499 5431 et
3548 5378 3608 5429 τὰ
3651 5371 3740 5423 τῶν

2192 5473 2456 5524 ἐναντίων
2520 5474 2872 5543 φρονοῦντες,
2906 5475 3129 5547 κτιστὴν
3179 5470 3318 5528 εἶναι
3357 5467 3737 5542 δογματίζοντες

2191 5565 2257 5636 ἢν
2283 5565 2518 5618 ἐνταῦθα
2550 5566 2589 5617 Γ
2594 5567 2850 5636 ρηγόριος
2875 5570 2902 5620 ό
2925 5567 3186 5636 Θεολόγος
3220 5567 3440 5637 εἴρηκεν
3467 5565 3733 5633 ἐνέργειαν.

2190 5660 2360 5730 αὐτὴν
2387 5658 2486 5730 τὴν
2521 5661 2758 5732 φυσικὴν
2785 5662 2878 5714 καὶ
2910 5662 3141 5733 οῦσιὼδη
3177 5662 3270 5716 τοῦ
3299 5660 3428 5714 Θεοῦ
3462 5659 3733 5728 ἐνέργειαν,
