4020 6494
316 389 454 455 1913

1237 409 1510 471 CAPITA
1557 404 1911 469 PHYSICA.
1951 400 2468 469 'I‘HEOLOGICA,
2504 397 2646 456 ETC

3435 382 3574 447 1214

324 507 704 578 ςρενοϐλασῶς
755 509 834 572 είς
877 511 1082 579 κτίσμα
1123 513 1474 563 κατασπῶσιν
1505 526 1520 542 ο
1557 510 1624 581 ἢν
1671 510 1700 562 6
1752 508 1894 577 ἱερὸς

2031 513 2321 574 rstendens,
2375 511 2670 562 increatatn
2720 518 2845 558 esse
2899 495 3311 558 demonstravit,
3364 494 3415 545 in
3471 495 3575 544 hoc

320 600 701 668 Δαμασκηνὸς,
763 602 837 670 μὴ
896 602 1297 670 ἐνεργουμένην
1364 602 1544 669 μόνον,
1605 599 1745 653 ἀλλὰ
1801 597 1896 651 καὶ

320 690 650 760 ἐνεργοῦσαν
710 694 1011 764 ὑποφήνας,
1069 695 1322 748 ἅκτιστον
1371 694 1718 763 ὑπάρχουσαν
1758 707 1899 759 παρ-

2002 623 2106 661 non
2150 607 2441 660 dissonans
2483 618 2510 654 a
2546 600 2930 669 cognominato
2975 592 3274 662 Theologo,
3328 588 3472 641 sicut
3519 585 3576 638 in

2001 711 2256 755 sermone
2287 709 2406 748 meo
2431 695 2539 747 late
2567 693 2850 758 probatum
2885 698 2985 741 est.

318 781 550 845 έστησεν
581 822 596 846 ,
648 782 796 844 ὄπως
844 763 908 850 γε
964 784 1070 852 μὴν
1133 785 1190 836 οὐ
1243 784 1504 852 διαφωνεῖ
1544 785 1684 837 κατὰ
1735 786 1897 838 τοῦτο
1945 783 2080 852 πρὸς
2115 779 2206 832 τὸν
2232 780 2330 846 τῆς
2360 776 2640 842 θεολογίας
2669 772 2978 842 ἐπώνυμον,
3023 773 3081 822 ἐν
3157 768 3261 829 τοῖς
3303 765 3392 818 διὰ
3424 763 3560 817 πλά-

321 885 448 929 τους
483 884 573 936 μοι
597 866 774 934 λόγοις
800 865 1194 918 ἀποδέδεικται.

396 957 527 1029 ρλβ’.
568 959 648 1010 Τά
697 955 1036 1009 ὑποστατικά
1083 955 1372 1024 ἰδιώματα,
1417 953 1766 1024 άναφορικῶς
1798 954 1901 1006 κάν

321 1053 400 1123 τῷ
428 1051 546 1121 Θεῷ
575 1049 924 1120 προσάλληλα
949 1050 1189 1117 λέγεται.
1221 1050 1331 1102 Καὶ
1352 1047 1701 1117 διαφέρουσιν
1733 1047 1902 1116 anq-

323 1146 431 1199 λων
461 1146 517 1198 αἱ
545 1145 898 1206 ὑποστάσεις,
929 1144 1044 1196 ἀλλ’
1079 1144 1140 1196 οὐ
1170 1143 1290 1196 κατ’
1321 1143 1528 1197 οὐσίαν.
1570 1143 1724 1194 Ἐστι
1751 1143 1793 1194 δ’
1827 1144 1902 1205 ὡς

324 1238 421 1291 καὶ
454 1238 592 1308 πρὸς
640 1239 739 1307 τὴν
788 1237 964 1290 κτίσιν
1012 1235 1361 1308 ἁναφορικῶς
1401 1238 1430 1289 6
1479 1235 1613 1298 Θεὸς
1662 1234 1898 1303 λέγεται.

325 1330 398 1379 Οὐ
457 1328 564 1396 γάρ
618 1326 806 1399 ὥσπερ
857 1325 1076 1393 λέγεται
1133 1326 1475 1396 προαιώνιος,
1539 1326 1901 1396 προάναρχος,

327 1419 522 1487 μέγας,
563 1418 792 1484 ἀγαθὸς,
849 1417 1050 1487 Θεὸςή
1103 1417 1344 1485 παναγία
1395 1415 1587 1486 Τριὰς,
1637 1415 1780 1468 οὕτω
1808 1415 1902 1466 δύ-

325 1527 483 1563 ναται
541 1510 797 1577 λέγεσθαι
851 1511 945 1562 καὶ
985 1511 1176 1580 Πατήρ
1207 1527 1222 1540 ’
1271 1510 1333 1562 οὑ
1373 1509 1483 1580 γὰρ
1533 1507 1770 1579 ἑκάστη·
1796 1509 1904 1561 τῶν

327 1601 705 1666 ὑποστάσεων,
736 1601 872 1653 ἀλλὰ
899 1600 999 1670 μία
1021 1600 1130 1653 τῶν
1163 1599 1328 1670 τριῶν
1363 1600 1597 1669 ὑπάρχει
1626 1601 1653 1651 6
1678 1600 1867 1668 Πατήρ
1887 1615 1899 1628 ³

327 1693 386 1756 ἐξ
419 1686 479 1743 οὗ
515 1691 608 1743 καὶ
635 1692 715 1752 εἰς
749 1689 808 1742 ὃν
846 1691 1107 1760 ἀνάγεται
1137 1692 1203 1743 τὰ
1232 1691 1381 1760 ἑξῆς.
1413 1692 1553 1760 Πρὸς
1589 1691 1772 1759 μέντοι
1805 1692 1903 1760 τὴν

327 1783 527 1843 κτίσιν,
569 1781 658 1834 διά
698 1781 758 1834 τὸ
791 1782 849 1833 ἓν
883 1781 1043 1852 ἔργον
1074 1779 1213 1835 εῖναι
1237 1783 1346 1836 τῶν
1366 1782 1558 1848 τριῶν,
1587 1784 1651 1834 ὲκ
1679 1782 1903 1850 μηδαμῆ

332 1875 596 1945 μηδαμῶς
642 1876 793 1936 ὄντος
837 1841 1132 1946 προάχθὲν,
1182 1875 1275 1927 καὶ
1331 1841 1419 1927 διά
1463 1841 1571 1928 τῶν
1622 1841 1754 1928 υἱῶν
1802 1841 1907 1925 uati;
1939 1841 1979 1893 Β

329 1968 428 2035 τῆς
481 1966 893 2037 χορηγουμένης
945 1967 1128 2034 κοινῆς
1183 1966 1291 2018 τῶν
1345 1967 1512 2036 τριῶν
1559 1967 1779 2036 χάριτος
1827 1965 1907 2026 είς

329 2058 565 2125 ποίησιν,
593 2057 778 2128 Πατὴρ
807 2058 1004 2126 λέγοιτ’
1030 2058 1095 2111 ἂν
1120 2060 1214 2111 καὶ
1239 2062 1272 2129 ἡ
1301 2059 1490 2129 Τριάς.
1525 2059 1618 2124 Τὸ,
1649 2076 1667 2108 ι
1703 2057 1906 2126 Κύριος

330 2151 358 2202 6
395 2149 525 2210 Θεός
568 2165 684 2213 σου,
720 2149 922 2219 Κύριος
974 2145 1052 2213 εἷς
1087 2152 1234 2203 ἐστιν
1268 2167 1280 2180 ·
1327 2171 1344 2203 ι
1386 2153 1478 2203 καὶ
1526 2151 1606 2212 τὸ,
1661 2171 1680 2201 ι
1720 2148 1908 2216 Πατὴρ

332 2241 490 2307 ἡμῶν
518 2234 595 2300 εἷς
639 2242 666 2293 6
696 2243 750 2292 έν
782 2243 894 2302 τοῖς
935 2241 1206 2310 οὐρανοῖς,
1236 2260 1254 2291 ι
1300 2241 1397 2294 ’ένα
1431 2241 1633 2306 Κύριον
1662 2242 1755 2292 καὶ
1777 2237 1911 2291 Θεὸν

339 2338 500 2412 ἡμῶν
546 2338 648 2409 τὴν
695 2338 855 2406 ἁγίαν
889 2337 1094 2405 Τριάδα
1127 2335 1286 2406 φησὶ,
1323 2334 1419 2388 καὶ
1457 2333 1522 2404 δὴ
1553 2333 1647 2388 καὶ
1701 2333 1922 2403 Πατέρα

338 2433 521 2503 ἡμῶν,
570 2432 657 2485 διὰ
704 2431 804 2499 τῆς
844 2428 1006 2483 αὑτοῦ
1056 2429 1272 2500 χάριτος
1308 2428 1456 2498 ημᾶς
1515 2425 1920 2494 άναγεννῶντα,

339 2524 560 2590 λέγεται
593 2522 964 2592 ἀναφορικῶς,
993 2520 1247 2592 καθάπερ
1271 2521 1484 2588 ἔφημεν
1513 2535 1527 2548 ·
1559 2517 1654 2570 καὶ
1681 2518 1710 2568 6
1737 2515 1924 2584 Πατὴρ

346 2617 528 2686 μόνος,
565 2615 701 2685 πρὸς
750 2616 840 2668 τὸν
892 2611 1176 2682 ὁμοούσιον
1229 2611 1358 2664 Υίὸν
1419 2611 1632 2678 Πατήρ.
1680 2608 1738 2660 Ὀ
1767 2608 1925 2669 αὐτὸς

341 2710 400 2762 δὲ
422 2709 638 2770 λέγεται
666 2708 761 2760 καὶ
794 2706 938 2776 ἁρχὴ
965 2705 1099 2775 πρὸς
1116 2706 1207 2758 τὸν
1230 2705 1356 2757 Υίόν
1375 2721 1436 2756 τε
1466 2703 1562 2756 καὶ
1587 2702 1650 2754 τὸ
1680 2701 1922 2770 Πνεῦμα.

343 2800 580 2868 Λέγεται
615 2799 672 2852 δὲ
728 2800 824 2851 καὶ
881 2801 1014 2868 πρὸς
1060 2797 1164 2866 τὴν
1211 2796 1388 2850 κτίσιν
1446 2797 1475 2848 6
1521 2795 1712 2866 Πατὴρ
1760 2794 1924 2866 ἁρχὴ,

343 2893 460 2946 ἀλλ’
492 2892 568 2955 ὡς
597 2893 823 2962 κτίστης
856 2893 950 2945 κεν.)⁸
980 2889 1258 2959 Δεσπότης
1291 2889 1512 2942 πάντων
1541 2889 1652 2942 τῶν
1697 2889 1932 2958 κτισμά-

343 3003 455 3040 των
512 2987 682 3040 Ὅταν
733 2980 826 3040 οὖν
872 2983 1047 3038 ταῦτα
1094 3001 1135 3034 π
1173 2984 1202 3035 δ
1325 2983 1336 3000 ‘
1515 2984 1527 3000 '
1865 2981 1875 3000 ‘

463 3028 476 3042 .
1143 3000 1172 3054 ρ
1205 3001 1233 3045 ς
1286 2999 1387 3052 την
1440 2999 1617 3035 κτισιν
1669 2983 1698 3034 ό
1741 2981 1931 3050 Πατηρ

345 3085 602 3152 λέγηται,
628 3079 771 3149 ἀρχή
821 3079 940 3130 ἐστι
993 3077 1086 3129 καὶ
1147 3077 1176 3128 6
1229 3076 1378 3138 Υἱὸς,
1427 3075 1525 3128 καὶ
1561 3073 1662 3126 οὐκ
1695 3073 1802 3126 εἰσὶ
1837 3073 1931 3126 δύο

2072 945 2196 1001 132.
2229 944 2546 999 Personalia
2569 944 2829 998 idiomata
2851 943 3013 996 etiam
3040 943 3097 994 in
3125 942 3233 997 Deo
3259 942 3486 996 relative
3512 941 3580 993 ad

2001 1056 2060 1095 se
2096 1040 2328 1094 invicem
2361 1039 2630 1092 dicuntur.
2666 1035 2730 1090 Et
2755 1037 3028 1090 distinctae
3048 1045 3174 1090 sunt
3203 1051 3230 1089 a
3265 1050 3324 1088 se
3345 1035 3600 1086 invicem.

2005 1147 2273 1202 personae,
2298 1146 2405 1184 non
2430 1141 2606 1184 tamen
2628 1134 2924 1184 secundum
2945 1127 3581 1195 essentiant.Aliqtt:mdo

2003 1224 2167 1278 etiam
2197 1222 2422 1276 relative
2452 1226 2518 1276 ad
2549 1231 2854 1275 creaturam
2882 1219 3022 1274 Deus
3044 1220 3260 1273 dicitur.
3296 1216 3408 1273 Non
3433 1219 3581 1272 enim

2006 1316 2348 1370 sanctissima
2381 1313 2645 1380 Trinitas,
2679 1323 2736 1366 ttt
2767 1313 3252 1375 dicituraaternus,
3285 1312 3405 1365 sine
3435 1312 3588 1380 prin-

2007 1409 2170 1480 cipio,
2193 1422 2422 1478 magnus
2451 1407 2734 1475 b0nusque
2755 1406 2916 1468 Deus,
2950 1405 3032 1458 sic
3054 1405 3156 1458 dici
3178 1414 3357 1471 posset
3391 1402 3586 1460 Pater:

2009 1519 2113 1556 non
2143 1502 2289 1556 enim
2341 1515 2678 1570 unaquaeque
2713 1512 3104 1567 personarum,
3141 1499 3236 1552 sed
3290 1510 3396 1548 una
3424 1497 3587 1549 trium

2012 1596 2171 1648 Pater
2210 1605 2315 1661 est,
2345 1609 2376 1648 a
2405 1609 2516 1663 quo
2549 1602 2679 1647 sunt
2717 1601 2774 1645 et
2803 1593 2866 1645 ad
2897 1605 3060 1660 quem
3098 1587 3411 1643 referuntur
3444 1588 3585 1641 alite.

2009 1686 2257 1741 Relative
2290 1696 2470 1740 tamen
2495 1684 2561 1738 ad
2585 1693 2914 1750 creaturam,
2949 1683 3082 1749 quia
3111 1691 3197 1735 est
3223 1695 3388 1733 unum
3423 1682 3588 1733 trium

2010 1793 2150 1848 Opus
2179 1793 2245 1833 ex
2280 1793 2429 1833 mero
2463 1777 2632 1832 nihilo
2681 1776 3027 1845 productunt,
3062 1791 3090 1828 a
3141 1774 3268 1828 liliis
3317 1773 3591 1827 communi

2014 1870 2178 1925 trium
2221 1870 2399 1940 gratia
2450 1871 2517 1922 ad
2548 1869 2820 1923 actionem
2867 1867 3084 1921 donatis
3128 1863 3370 1920 Trinitas
3407 1863 3590 1917 vocari

2013 1966 2178 2018 etiam
2228 1969 2412 2031 posset
2448 1960 2627 2015 Pater.
2662 1959 2800 2013 lllnd
2832 1958 2978 2012 enim
3023 1973 3041 2013 ;
3076 1974 3094 2007 ι
3134 1955 3399 2010 Dominus
3451 1955 3594 2008 Deus

2018 2065 2144 2108 tuus
2176 2053 2438 2108 Dominus
2469 2067 2608 2106 unus
2639 2061 2725 2105 est
2752 2051 2845 2116 "',
2900 2070 2920 2104 ι
2958 2061 3012 2104 et
3039 2050 3168 2104 illud
3199 2065 3214 2102 :
3263 2066 3281 2099 ι
3316 2045 3469 2101 Unus
3510 2055 3596 2100 est

2015 2147 2176 2201 Pater
2202 2155 2390 2201 noster
2423 2144 2516 2213 qui
2536 2154 2616 2199 est
2647 2144 2700 2198 in
2732 2144 2884 2198 caelis
2898 2142 2966 2208 ιθ,
2999 2160 3016 2193 ι
3042 2157 3206 2195 unum
3230 2138 3514 2192 Dominum
3541 2147 3596 2192 et

2016 2239 2188 2294 Deum
2237 2247 2486 2294 nostrum
2517 2252 2642 2292 esse
2684 2236 2928 2290 indicant
2961 2229 3212 2288 sanctant'
3243 2230 3594 2295 Trinitatem,

2015 2341 2074 2389 et
2108 2331 2274 2386 etiam
2328 2331 2542 2384 Patrem
2591 2338 2834 2383 nostrum
2882 2341 2978 2382 sua
3019 2325 3196 2396 gratia
3242 2338 3339 2376 nos
3376 2337 3600 2389 regene-

2020 2432 2230 2478 rautem
2270 2421 2497 2476 relative
2527 2420 2733 2482 vocari,
2775 2418 2922 2472 sicut
2951 2416 3194 2469 diximus
3233 2427 3248 2466 :
3295 2412 3399 2467 Sed
3435 2411 3597 2465 Pater

2020 2515 2170 2571 solus
2240 2514 2470 2568 relative
2540 2516 2608 2566 ad
2667 2508 3194 2564 consubstantialem
3260 2505 3452 2558 Filium
3513 2512 3598 2558 est

2019 2608 2200 2662 Pater.
2226 2608 2372 2661 Idem
2407 2619 2625 2674 quoque
2656 2601 2986 2673 principium
3027 2599 3232 2654 dicitur
3265 2597 3490 2652 relative
3533 2597 3600 2649 ad

2021 2703 2216 2756 Filium
2250 2709 2304 2754 et
2323 2699 2586 2766 Spiritum
2622 2704 2893 2750 sanctum.
2927 2691 3138 2746 Dicitur
3163 2691 3329 2745 etiam
3377 2688 3605 2745 relative

2020 2793 2088 2849 ad
2107 2803 2392 2849 creaturas
2409 2791 2574 2846 Pater
2598 2787 2945 2859 principium,
2975 2787 3068 2842 sed
3093 2795 3351 2854 tanquam
3379 2783 3603 2838 Creator

2022 2896 2077 2942 et
2149 2885 2412 2938 Dominus
2469 2881 2648 2937 omnis
2711 2889 2995 2934 creatura).
3063 2876 3198 2931 Cum
3261 2886 3440 2931 autem
3519 2875 3602 2930 sic

2022 2989 2250 3034 vocatur
2283 2977 2445 3031 Pater
2477 2974 2780 3044 respective
2820 2973 2888 3026 ad
2933 2981 3240 3034 creaturas,
3273 2969 3600 3039 principium

2023 3084 2244 3141 quoque
2268 3069 2437 3124 Filius
2464 3076 2574 3132 est,
2615 3074 2670 3116 et
2699 3079 2809 3120 non
2843 3072 2973 3118 sunt
3002 3063 3109 3116 duo
3162 3059 3453 3130 principia,
3506 3057 3602 3111 sed

345 3149 537 3247 ἀργαὶ,
570 3173 707 3226 ἀλλὰ
736 3171 833 3242 μία
861 3188 873 3200 ·
917 3173 1013 3224 καὶ
1050 3171 1162 3240 γὰρ
1183 3167 1534 3238 ἀναφορικῶς
1568 3166 1788 3234 λέγεται
1835 3165 1926 3218 καὶ

2031 3179 2233 3227 unum;
2271 3176 2394 3217 nam
2434 3161 2556 3232 ipse
2591 3158 2762 3212 Filius
2786 3157 2988 3211 dicitur
3023 3153 3355 3224 principium
3385 3149 3611 3205 relative

345 3269 374 3320 6
407 3266 533 3328 Υἱὸς
561 3263 724 3334 ἀρχὴ,
757 3263 831 3325 ὡς
863 3262 1001 3330 πρὸς
1033 3261 1132 3332 τὴν
1163 3260 1362 3320 κτίσιν,
1386 3258 1578 3330 ὥσπερ
1604 3261 1698 3311 καὶ
1727 3258 1932 3310 Δεσπό-

2023 3259 2092 3314 ad
2144 3265 2346 3316 creata.
2411 3257 2555 3310 sicut
2593 3261 2647 3307 et
2690 3249 2962 3302 Dominus
3011 3246 3078 3300 ad
3106 3245 3422 3300 servientia.
3469 3242 3612 3311 Ergo

343 3374 447 3424 της
491 3355 626 3424 πρὸς
687 3353 755 3406 τά
805 3352 986 3406 δοῦλα.
1025 3350 1236 3404 Οὐκοῦν
1286 3353 1314 3404 6
1352 3350 1541 3420 Πατὴρ
1585 3350 1682 3402 καὶ
1733 3349 1763 3401 6
1807 3348 1926 3410 Υἱὸς

2031 3350 2186 3404 Pater
2215 3360 2269 3403 et
2296 3346 2466 3401 Filius
2497 3361 2620 3399 cum
2646 3343 2848 3411 Spiritu
2884 3338 3188 3408 respective
3215 3335 3284 3390 ad
3303 3347 3608 3389 creaturam

350 3447 491 3516 μετὰ
520 3446 615 3499 τοῦ
644 3445 984 3512 Πνεῦματος,
1023 3442 1099 3506 ὡς
1147 3441 1285 3512 πρὸς
1321 3442 1421 3512 τὴν
1452 3441 1629 3494 κτίσιν
1659 3441 1756 3510 μία
1789 3441 1926 3511 ἀρχή

2031 3457 2196 3496 unum
2228 3450 2358 3496 sunt
2388 3438 2744 3508 principium,
2775 3442 2831 3490 et
2865 3450 3009 3488 unus
3058 3431 3339 3492 Demintts,
3381 3438 3436 3482 et
3469 3441 3611 3481 unus

346 3544 465 3593 ἐστι
524 3538 617 3590 καὶ
667 3530 745 3600 εἷς
794 3537 1094 3606 Δεσπότης,
1151 3538 1247 3587 καὶ
1284 3528 1365 3597 εἷς
1418 3534 1664 3602 κτίστης,
1707 3534 1802 3587 καὶ
1852 3527 1926 3594 εἷς

2031 3538 2279 3602 Creator,
2335 3547 2389 3591 et
2437 3550 2576 3589 unus
2614 3535 2757 3588 Deus
2801 3540 2858 3586 et
2887 3529 3068 3592 Pater,
3119 3536 3174 3583 et
3224 3525 3504 3596 providus,
3549 3533 3605 3577 et

346 3633 480 3693 Θεός
539 3647 600 3684 τε
651 3631 746 3683 καὶ
787 3629 999 3698 Πατὴρ,
1047 3627 1142 3681 καὶ
1189 3625 1529 3698 προμηθεὺς,
1574 3628 1667 3678 καὶ
1714 3625 1926 3694 ἔφορος1

2031 3639 2234 3694 custos,
2264 3642 2320 3684 et
2354 3640 2554 3682 caetera
2600 3623 2802 3679 omnia.
2842 3621 2907 3677 Et
2942 3623 3132 3675 horum
3188 3617 3614 3685 unumquodque

347 3727 445 3778 καὶ
494 3723 663 3777 τᾶλλα
721 3723 921 3776 πάντα.
977 3722 1088 3774 Καὶ
1114 3719 1224 3772 τῶν
1248 3719 1506 3772 τοιούτων
1555 3718 1786 3772 ἕκαστον
1835 3719 1926 3771 οὐκ

2031 3737 2138 3774 non
2166 3730 2250 3775 est
2272 3720 2550 3774 essentia:
2592 3729 2700 3770 non
2731 3714 2878 3769 enim
2911 3709 3137 3764 relative
3179 3708 3248 3762 ad
3282 3706 3427 3760 aliud
3469 3707 3615 3761 dice-

349 3821 498 3871 ἒστιν
533 3816 688 3870 οὐσία
717 3831 730 3845 ⁸
770 3816 830 3868 οὑ
882 3814 989 3884 γὰρ
1039 3811 1104 3865 ἂν
1155 3812 1293 3882 πρὸς
1349 3810 1536 3882 ἕτερον
1587 3809 1935 3882 άναφορικῶς

349 3911 589 3979 ἐλέγετο,
613 3909 769 3978 εἴπερ
794 3903 862 3978 ἦν
898 3905 1062 3959 αὐτοῦ
1091 3906 1270 3958 οὐσία.

427 4001 564 4071 ρλγ’.
597 4000 804 4063 Θέσεις,
866 3999 958 4050 καὶ
993 3998 1157 4064 ἕξεις,
1217 3997 1312 4050 καὶ
1345 3996 1522 4058 τόποι,
1584 3997 1679 4049 καὶ
1730 3997 1935 4067 χρόνοι,

351 4095 447 4148 καὶ
474 4094 594 4146 εἴτι
617 4092 880 4153 τοιοῦτον,
914 4092 973 4144 οὐ
1001 4091 1202 4161 κυρίως
1233 4092 1327 4143 ἐπὶ
1345 4089 1482 4143 Θεοῦ
1502 4089 1771 4157 λέγονται,
1802 4089 1937 4142 ἀλλὰ

355 4184 764 4256 μεταφορικῶς.
805 4185 876 4235 Τὸ
908 4183 964 4236 δὲ
1007 4185 1178 4235 ποιεῖν
1211 4183 1306 4235 καὶ
1335 4185 1601 4253 ἐνεργεῖν,
1636 4183 1730 4235 ἐπὶ
1773 4182 1936 4252 μόνου

350 4278 446 4334 τοῦ
472 4278 608 4332 Θεοῦ
632 4277 977 4348 ἀληθέστατα
1008 4277 1072 4330 ἂν
1099 4276 1310 4344 λέγοιτο
1347 4293 1358 4305 ο
1404 4276 1569 4346 μόνος
1614 4275 1722 4347 γὰρ
1747 4278 1775 4328 ὁ
1808 4277 1937 4339 Θεὸς

354 4375 540 4425 ποιεῖ·
592 4372 752 4434 αὐτὸς
800 4371 857 4423 δὲ
905 4371 965 4422 οὐ
1020 4369 1231 4438 γίνεται
1270 4369 1394 4422 οὐδὲ
1444 4369 1667 4439 πάσχει,
1703 4371 1827 4424 ὅσον
1861 4373 1940 4434 εἰς

351 4465 454 4534 τὴν
508 4463 675 4517 αὐτοῦ
732 4463 923 4515 οὐσίαν
972 4462 1205 4531 ἀνήκει·
1243 4462 1339 4515 καὶ
1393 4461 1551 4532 μόνος
1585 4462 1672 4517 διὰ
1726 4464 1943 4517 πάντων

2033 3822 2207 3879 retur,
2237 3813 2282 3868 si
2309 3819 2455 3867 esset
2489 3809 2635 3865 illius
2671 3805 2938 3862 essentia.

2105 3995 2230 4049 155.
2265 3993 2432 4057 Situs,
2463 3989 2702 4053 habitus,
2733 3987 2872 4049 loca,
2905 3993 3171 4052 tempora,
3210 3989 3264 4036 et
3295 3980 3398 4034 alia
3429 3979 3622 4048 hujus-

2035 4088 2208 4152 modi,
2233 4101 2341 4139 non
2382 4082 2602 4152 proprie
2630 4082 2697 4134 de
2728 4079 2838 4133 Deo
2887 4079 3158 4142 dicuntur,
3209 4073 3302 4128 sed
3337 4075 3622 4140 metapho-

2039 4181 2171 4234 rice.
2200 4177 2406 4233 Facere
2426 4186 2604 4228 autem
2635 4183 2690 4225 et
2708 4168 2926 4239 o-pet'ari
2959 4170 3026 4222 de
3053 4166 3172 4221 solo
3200 4165 3308 4219 Deo
3338 4162 3625 4217 veriSsinte

2039 4274 2317 4326 dicuntur.
2354 4268 2517 4322 Solus
2548 4264 2694 4320 enim
2730 4264 2876 4317 Deus
2928 4260 3081 4325 facit,
3129 4260 3246 4327 ipse
3285 4267 3466 4310 autem
3515 4269 3622 4306 non

2045 4367 2105 4420 lit
2169 4378 2344 4432 neque
2401 4362 2624 4431 patitur,
2650 4359 2707 4412 in
2739 4365 3002 4423 quantum
3048 4353 3167 4423 ejus
3221 4349 3474 4404 essentne
3520 4363 3625 4400 non

2043 4456 2323 4517 convenit,
2358 4462 2413 4507 et
2457 4452 2606 4506 solus
2639 4465 2735 4519 per
2764 4448 2947 4501 omnia
2996 4441 3426 4511 unumquodque
3472 4437 3625 4500 facit,

352 4533 589 4611 ἕκαστον
625 4559 803 4609 ποιεῖ·
834 4556 927 4608 καὶ
953 4555 1110 4624 μόνος
1145 4557 1208 4607 ὲκ
1233 4553 1456 4625 μηδαμῆ
1487 4555 1750 4625 μηδαμῶς
1775 4555 1926 4609 όντωε

2045 4561 2098 4604 et
2122 4547 2273 4604 solus
2301 4562 2364 4600 ex
2394 4544 2568 4598 nihilo
2603 4542 2756 4602 facit,
2787 4538 3218 4605 omnipotentem
3264 4533 3472 4584 habens
3501 4543 3630 4596 ope-

355 4655 520 4716 ποιεῖ,
572 4650 981 4720 παντοδύναμον
1043 4649 1180 4719 ἔχων
1225 4649 1325 4721 τὴν
1365 4651 1670 4721 ἐνέργειαν,
1725 4649 1846 4702 καθ’
1878 4649 1944 4720 ἣν

357 4742 622 4814 καὶπρὸς
681 4743 779 4811 τὴν
827 4740 1004 4794 κτίσιν
1057 4739 1405 4809 ἀναφορικῶς
1454 4739 1705 4808 λέγεται,
1747 4739 1840 4791 καὶ
1885 4739 1945 4790 τὸ

356 4834 588 4904 δυνάμει
624 4834 778 4903 ἔχει·
817 4832 1042 4884 δύναται
1089 4831 1198 4900 γὰρ
1245 4832 1409 4892 αὐτὸς
1465 4831 1545 4892 είς
1596 4832 1695 4897 τὴν
1746 4828 1942 4883 ἑαυτοῦ

360 4925 526 4996 φύσιν
548 4943 602 4978 τι
630 4925 821 4978 παθεῖν
849 4923 1004 4976 οὐδὲν
1030 4923 1263 4991 οὐδαμῆ.
1287 4921 1519 4975 Δύναται
1541 4921 1594 4974 δὲ
1630 4920 1945 4991 πσοσθεῖναι

359 5023 469 5082 τοῖς
529 5019 830 5088 ποιήμασιν
876 5020 924 5070 εἰ
981 5014 1264 5085 βούλοιτο·
1300 5014 1361 5067 τὸ
1414 5015 1514 5084 μὲν
1579 5017 1688 5085 γὰρ
1717 5013 1943 5076 δυνάμει

363 5112 558 5166 παθεῖν
597 5111 762 5181 ἔχειν,
802 5111 896 5163 καὶ
932 5107 1264 5179 προσλαϐεῖν
1292 5125 1345 5160 τι
1379 5109 1499 5160 κατ’
1541 5108 1752 5175 οὐσίαν,
1783 5107 1944 5162 ἀσθε-

361 5206 512 5266 νείας
533 5204 646 5257 ὲστί
682 5220 696 5233 ·
729 5203 790 5256 τὸ
831 5202 887 5255 δὲ
927 5201 1155 5271 δυνάμει
1183 5202 1359 5253 ποιεῖν
1385 5200 1552 5270 ἔχειν,
1598 5202 1693 5254 καὶ
1723 5218 1948 5272 προστι-

362 5298 515 5353 θέναι
532 5300 644 5359 τοῖς
683 5297 988 5365 ποιήμασιν
1017 5294 1176 5346 ὁπότε
1215 5293 1480 5364 βούλοιτο,
1513 5293 1849 5366 θεοπρεποῦς
1883 5311 1946 5348 τε

363 5392 458 5444 καὶ
485 5388 998 5460 παντοκρατορικῆς
1033 5385 1234 5456 ἰσχύος.

439 5481 569 5552 ρλδ’.
604 5479 830 5532 Πάντων
859 5481 966 5533 τῶν
1003 5477 1174 5532 ὄντων
1205 5480 1284 5543 είς
1325 5479 1458 5533 δέκα
1513 5480 1948 5550 συγκεφαλαιου-

368 5575 570 5644 μένων,
627 5574 814 5628 οὐσίαν
862 5573 1025 5641 λέγω,
1055 5575 1242 5640 ποσὸν,
1290 5573 1464 5638 ποιὸν,
1517 5576 1656 5646 πρὸς
1691 5594 1770 5641 τι,
1825 5576 1947 5640 ποῦ,

367 5667 526 5733 ποτὲ,
581 5669 780 5731 ποιεῖν,
844 5666 1110 5737 πάσχειν,
1163 5666 1342 5738 ἔχειν,
1398 5668 1634 5738 κεῖσθαι,
1689 5668 1786 5723 καὶ
1842 5669 1951 5722 τῶν

445 5856 511 5889 δι’
545 5853 701 5908 Deut.
734 5869 811 5921 vt,
845 5853 895 5906 4.
975 5847 1018 5883 ³⁸
1050 5848 1240 5902 Matth.
1283 5861 1440 5907 χλιιι,
1483 5849 1525 5900 ‘J.

2047 4641 2342 4695 rationem.
2371 4638 2438 4691 Et
2482 4636 2624 4689 itane
2675 4632 2842 4686 etiam
2897 4627 3126 4682 relative
3178 4627 3244 4677 ad
3292 4621 3625 4676 creationem

2049 4734 2249 4789 dicitur
2292 4731 2498 4786 habere
2548 4729 2606 4780 in
2656 4723 2891 4794 potentia
2939 4736 2954 4750 '
2987 4717 3240 4790 quamvis
3295 4715 3440 4768 enim
3493 4712 3626 4765 nilni

2053 4841 2277 4897 prorsus
2309 4825 2362 4878 in
2399 4830 2594 4891 suapte
2622 4829 2815 4872 natura
2845 4813 2961 4886 pati
3005 4811 3198 4882 possit,
3235 4817 3416 4879 potest
3447 4815 3627 4858 tamen

2051 4933 2252 4988 augere
2303 4917 2662 4972 creationem,
2719 4909 2764 4962 si
2824 4905 2974 4961 velit.
3029 4901 3166 4958 Nam
3221 4914 3382 4972 posse
3423 4897 3534 4967 pati
3577 4904 3634 4949 et

2055 5013 2300 5080 recipere
2333 5014 2684 5076 augmentum
2717 5004 2769 5056 in
2802 5015 2899 5055 sua
2926 4996 3182 5061 essentia,
3211 4996 3425 5065 signum
3461 4992 3634 5058 impo-

2051 5103 2242 5159 tentiae
2288 5111 2403 5166 est;
2443 5113 2601 5170 posse
2645 5103 2824 5149 autent
2867 5106 3028 5163 agere
3055 5098 3112 5145 et
3157 5090 3295 5143 facta
3330 5087 3395 5139 ad
3441 5094 3632 5137 nutum

2052 5214 2273 5269 augere,
2301 5195 2540 5251 divinam
2573 5203 2629 5247 et
2657 5189 3086 5259 omnipotentem
3114 5185 3267 5239 decet
3290 5185 3632 5249 potestatem.

2126 5477 2250 5533 13L
2273 5471 2473 5529 Omnia
2509 5468 2662 5522 entia
2697 5463 3034 5519 reducuntur
3081 5459 3146 5510 ad
3189 5455 3376 5510 decem
3425 5459 3640 5517 catego-
3718 5469 3723 5474 -

2059 5577 2188 5638 rias,
2233 5584 2356 5638 qua:
2388 5571 2518 5621 sunt
2562 5558 2895 5623 substantia,
2933 5551 3236 5624 quantitas,
3266 5544 3525 5616 qualitas,
3554 5555 3640 5596 re-

2059 5635 2215 5731 latio,
2247 5635 2426 5724 iocus,
2458 5664 2696 5727 tempus,
2726 5649 2895 5715 actio,
2937 5645 3148 5717 passio,
3194 5640 3440 5705 habitus,
3475 5635 3646 5701 situs,
