4020 6528
482 394 622 455 1915

1742 400 1788 458 G
1801 402 1846 460 Η
1860 400 1957 460 EG
1968 400 2098 459 ORI
2118 400 2136 458 l
2182 399 2370 460 PALA
2382 403 2432 460 Μ
2447 405 2503 459 .‘l’

3596 401 3710 468 1216

479 518 537 563 et
593 508 974 564 insubstantite
1016 517 1232 564 caetera;
1286 525 1484 567 omnes
1529 513 1970 570 considerantur.
2001 515 2068 568 At

2180 503 2380 576 ἐφεξῆς
2411 505 2480 576 τῇ
2505 504 2664 577 οὐσίᾳ
2688 505 3169 578 ἐνθεωρουμένων,
3192 510 3220 562 6
3243 509 3375 576 Θεὸς
3395 513 3550 569 οὐσία
3575 518 3723 591 ὑπερ-

483 601 631 657 Deus
661 602 970 657 substantia
1002 603 1553 673 supersubstantialis
1580 618 1686 667 est,
1711 609 1764 661 in
1794 623 1901 677 qua
1933 624 2068 662 con-

483 690 804 745 siderantur
861 698 1073 745 tantum
1132 693 1326 748 relatio
1355 703 1410 750 et
1449 697 1617 760 actio,
1651 696 1854 751 nullam
1907 697 1960 750 in
2005 712 2068 751 ea

485 785 762 838 lacientes
827 785 1286 854 compositionem
1347 799 1443 843 aut
1513 792 1891 845 mulationem.
1947 791 2072 860 Agit

482 878 626 930 enim
652 878 838 931 omnia
875 876 1039 945 Deus,
1071 879 1205 934 nihil
1239 880 1355 948 ipse
1387 881 1442 936 in
1480 884 1784 938 substantia
1833 887 2067 952 patiens.

486 970 582 1022 Est
638 970 800 1022 etiam
863 971 1096 1026 Creator
1141 973 1365 1028 relative
1409 974 1476 1029 ad
1533 985 1868 1040 creaturam,
1905 986 2071 1048 atque

489 1062 814 1131 principium
870 1073 929 1118 et
981 1063 1266 1132 Dominus,
1319 1076 1590 1135 quatenus
1626 1069 1742 1122 haec
1800 1068 1870 1124 ab
1938 1070 2059 1140 ipso

491 1167 682 1210 exorta
719 1165 802 1210 est
837 1173 900 1211 ac
927 1157 1222 1227 dependet.
1262 1159 1359 1214 Est
1408 1175 1628 1229 quoque
1656 1162 1821 1216 Pater
1862 1174 2068 1228 noster,

485 1249 659 1316 gratia
695 1264 793 1304 nos
829 1266 1184 1320 regenerans.
1222 1251 1316 1306 Est
1349 1252 1527 1307 adhuc
1555 1252 1716 1307 Pater
1747 1254 1971 1309 relative
2002 1256 2070 1309 ad

480 1351 748 1396 a:ternnm
804 1341 1026 1407 Filium,
1052 1354 1107 1397 et
1148 1343 1318 1398 Filius
1360 1345 1589 1400 relative
1621 1349 1686 1398 ad
1735 1346 1976 1412 Patrem,
2016 1357 2072 1402 et

494 1434 798 1498 procedens
833 1447 862 1485 a
896 1431 1057 1486 Patre
1096 1433 1361 1502 Spiritus,
1394 1437 1486 1504 qui
1523 1446 1607 1492 est
1647 1453 1772 1492 cum
1817 1437 1979 1494 Patre
2015 1450 2072 1494 et

486 1522 624 1577 Filio
643 1536 948 1580 coaeternus
989 1535 1044 1580 et
1062 1525 1224 1580 unius
1241 1527 1594 1596 ejusdemque
1612 1529 1948 1585 substantiae.
1968 1529 2072 1598 Qui

487 1631 618 1669 vero
650 1617 836 1670 dicunt
874 1618 1040 1672 Deum
1062 1634 1183 1673 esse
1218 1635 1424 1675 meram
1465 1621 1842 1689 substantiam,
1870 1624 1924 1678 in
1963 1639 2072 1694 qua

495 1709 676 1765 nullus
717 1711 906 1766 modus
943 1713 1204 1779 resideat,
1237 1715 1316 1768 sic
1349 1715 1621 1770 actionem
1664 1717 2070 1785 operationem-

493 1821 600 1872 qne
619 1812 672 1859 et
697 1805 1015 1861 relationem
1040 1807 1152 1862 Deo
1177 1808 1451 1866 auferunt.
1480 1810 1535 1864 Si
1564 1821 1746 1867 autem
1771 1812 1870 1867 bas
1894 1813 2074 1868 inesse

489 1897 601 1952 Deo
637 1909 857 1967 negant,
885 1900 1019 1954 nihil
1052 1901 1184 1971 agit,
1215 1903 1364 1967 facit,
1395 1913 1490 1958 aut
1521 1915 1806 1974 operatur,
1847 1919 1948 1960 nec
1987 1915 2073 1961 est

491 1993 844 2064 principium,
873 1993 1104 2050 Creator
1147 2006 1242 2050 aut
1274 1994 1561 2061 Dominus,
1602 2011 1705 2052 nec
1746 1994 1910 2054 Pater
1973 2013 2074 2054 no-

483 2098 600 2142 ster
634 2096 716 2142 est
751 2090 1051 2144 secundum
1079 2091 1331 2160 gratiam.
1352 2088 1637 2156 Quomodo
1669 2091 1814 2144 enim
1838 2091 1956 2147 haec
1988 2106 2077 2146 es-

487 2187 595 2238 set,
628 2177 681 2232 in
717 2178 1024 2234 substantia
1073 2195 1170 2234 sua
1211 2181 1401 2235 modos
1434 2179 1718 2235 relationis
1746 2189 1803 2236 et
1841 2183 2074 2236 actionis

487 2285 599 2324 non
631 2270 884 2326 habens?
911 2270 1174 2326 Aufertur
1211 2273 1377 2326 etiam
1423 2287 1779 2342 personarum
1834 2275 2078 2329 diversa-

497 2377 616 2414 rum
653 2361 918 2430 Trinitas,
958 2363 1001 2415 si
1023 2362 1166 2418 absit
1190 2377 1221 2418 a
1252 2363 1346 2418 Dei
1368 2364 1675 2419 substantia
1715 2365 1907 2422 modus
1937 2366 2075 2420 rela-

500 2453 688 2510 tionis.
723 2453 826 2520 Qui
860 2465 1041 2509 autem
1073 2471 1175 2510 nec
1208 2458 1386 2510 trinus
1419 2459 1669 2527 personis
1699 2473 1799 2512 nec
1828 2458 2072 2512 omnium

487 2543 755 2599 Dominus
781 2554 885 2611 est,
924 2560 1030 2600 non
1081 2555 1165 2601 est
1202 2545 1370 2603 Deus.
1412 2546 1572 2602 Athei
1607 2562 1744 2619 ergo
1799 2558 1930 2605 sunt
1981 2551 2072 2619 qui

487 2639 567 2692 sic
593 2637 936 2697 adversariis.
956 2640 1328 2694 consentiunt.

557 2801 687 2858 155.
715 2801 888 2858 Habet
916 2801 1063 2859 Deus
1098 2803 1263 2860 etiam
1295 2805 1440 2876 quod
1469 2821 1575 2863 non
1619 2814 1705 2863 est
1732 2807 2070 2865 substantia.

482 2895 600 2951 Non
634 2905 816 2951 tamen
874 2898 1005 2966 quia
1055 2898 1159 2954 hoc
1192 2914 1299 2954 non
1330 2908 1416 2955 est
1450 2901 1782 2966 substantia,
1820 2901 1946 2957 ideo
1989 2909 2078 2956 est

487 2989 744 3044 accidens
778 3007 790 3044 :
833 2989 987 3057 Quod
1009 2990 1154 3045 enim
1181 2991 1329 3047 haud
1367 2993 1545 3048 solum
1578 3009 1687 3050 non
1711 2995 1938 3059 recedit,
1976 2993 2074 3049 sed

489 3095 590 3135 nec
644 3091 1002 3152 augmentum
1051 3091 1150 3138 aut
1193 3083 1637 3141 imminutionem
1687 3100 2077 3154 quamcunque

487 3171 684 3241 recipit
714 3183 809 3227 aut
852 3173 1080 3242 patitur,
1117 3174 1344 3231 minime
1394 3178 1744 3232 annumerari
1774 3187 1956 3247 potest
1979 3191 2075 3231 ac-

483 3267 817 3322 cidentibus.
851 3265 959 3322 Sed
986 3283 1052 3322 ex
1081 3281 1150 3323 eo
1181 3271 1328 3339 quod
1387 3285 1566 3340 neque
1613 3272 1868 3327 accidens
1895 3285 2077 3341 neque
2100 3257 2145 3319 C

485 3359 798 3416 substantia
852 3360 944 3426 sit,
974 3376 1085 3416 non
1135 3361 1261 3416 ideo
1296 3377 1508 3418 merum
1537 3374 1623 3419 est
1687 3363 1938 3432 nihilum,
1975 3364 2072 3419 sed

495 3458 712 3514 exsistit
745 3467 799 3514 et
830 3459 1119 3515 verissime
1150 3461 1390 3516 exsistit.
1415 3462 1580 3531 Atqui
1639 3476 1744 3517 non
1797 3471 1887 3518 est
1929 3463 2075 3516 acci-

484 3550 642 3616 dens,
666 3550 796 3620 quia
831 3549 1056 3606 omnino
1099 3551 1442 3606 immutabile
1487 3560 1616 3610 est:
1669 3567 1776 3607 nec
1810 3561 1896 3607 est
1940 3555 2072 3607 sub-

492 3643 768 3712 sistentia,
805 3644 934 3712 quia
988 3659 1096 3699 non
1152 3653 1236 3699 est
1264 3660 1360 3699 ens
1403 3645 1456 3699 in
1494 3661 1555 3701 se
1584 3646 1911 3702 subsistens.
1946 3645 2074 3700 ldeo

494 3739 755 3795 accidens
812 3740 1162 3809 aliquatenus
1228 3755 1259 3794 a
1319 3742 1604 3798 nonnullis
1660 3741 1792 3797 illud
1848 3750 2076 3795 vocatur

493 3831 780 3904 theologis,
807 3834 900 3903 qui
949 3835 1238 3889 ostendere
1285 3843 1496 3889 tantum
1557 3835 1750 3890 volunt
1786 3836 1916 3888 illud
1963 3851 2072 3889 non

489 3940 614 3980 esse
685 3927 1078 3982 substantiam.
1143 3927 1286 3993 Quid
1353 3927 1545 3983 enim?
1601 3930 1729 3997 quia
1787 3927 2077 3998 personale

485 4018 743 4088 quodque
789 4021 1116 4076 attributum
1163 4028 1218 4076 et
1265 4035 1628 4090 personarum
1691 4036 2072 4092 unaquaque,

485 4127 589 4170 nec
636 4113 949 4168 substantia
999 4124 1083 4169 est
1115 4129 1218 4168 nec
1259 4115 1518 4170 accidens
1547 4115 1604 4168 in
1637 4112 1766 4179 Deo,
1795 4130 1925 4170 num
1997 4113 2076 4168 id-

493 4206 641 4262 circo
673 4221 882 4261 merum
905 4213 989 4260 est
1021 4206 1254 4260 nihilum
1275 4205 1298 4258 ?
1319 4205 1497 4261 Absit.
1526 4203 1660 4259 ltem
1700 4205 1862 4276 igitur
1886 4203 2071 4258 divina

495 4301 586 4355 Dei
613 4300 862 4369 operatio
903 4315 1003 4355 nec
1032 4301 1344 4354 substantia
1397 4315 1497 4353 nec
1532 4299 1790 4354 accidens
1833 4307 1941 4365 est,
1976 4312 2076 4353 nec

488 4403 670 4447 tamen
697 4407 917 4447 merum
949 4402 1032 4448 est
1060 4391 1310 4447 nihilum.
1340 4390 1406 4445 Et
1435 4401 1498 4446 ut
1539 4394 1718 4448 dicam
1748 4392 1897 4462 quod
1951 4405 2075 4444 om-

488 4500 588 4542 nes
621 4484 920 4539 admittunt
945 4482 1207 4551 theologi,
1239 4483 1283 4538 si
1312 4483 1601 4539 voluntate
1632 4483 1746 4553 agit
1782 4483 1952 4547 Deus,
1971 4496 2075 4536 nec

2177 594 2361 659 ούσιός
2395 598 2544 682 ἐστιν
2578 613 2592 627 ο
2628 592 2660 670 ᾖ
2709 597 3058 668 ἐνθεωρεῖται
3109 601 3269 670 μόνα,
3321 604 3385 658 τὸ
3440 609 3569 678 πρός
3597 610 3644 662 τί
3675 629 3725 665 τε

2181 689 2273 740 καὶ
2319 689 2380 740 τὸ
2406 690 2603 753 ποιεῖν,
2633 689 2892 759 οὐδεμίαν
2925 692 3259 761 ἐμποιοῦντα
3287 695 3460 767 ταύτῃ
3507 699 3725 756 σύνθεσιν

2180 779 2553 852 ἢάλλοίωσιν.
2615 785 2766 835 Ποιεῖ
2816 789 2926 853 γὰρ
2980 786 3050 838 τὰ
3105 787 3285 841 πάντα
3331 790 3360 842 6
3410 789 3559 858 Θεὸς,
3588 794 3726 863 μηδὲν

2180 874 2343 936 αὐτὸς
2383 874 2608 943 πάσχων
2654 873 2777 926 κατ’
2825 875 3034 929 οὐσίαν,
3088 877 3244 929 Ἐστι
3288 877 3344 930 δὲ
3390 880 3482 931 καὶ
3533 882 3725 950 κτίστης

2181 965 2319 1034 πρὸς
2385 962 2483 1034 τὴν
2541 963 2740 1029 κτίσιν,
2790 966 2886 1018 καὶ
2939 969 3083 1038 ἀρχὴ
3136 970 3230 1023 καὶ
3281 971 3551 1040 Δεσπότης
3587 975 3726 1045 αὐτῆς

2180 1059 2493 1129 ἠργμένης,
2527 1060 2623 1112 καὶ
2644 1059 2814 1130 αὐτῆς
2835 1060 3222 1133 δουλευούσης.
3261 1063 3420 1118 Ἀλλὰ
3455 1067 3548 1118 καὶ
3573 1067 3728 1138 Πατὴρ

2181 1151 2340 1221 ἡμῶν
2371 1153 2543 1214 ἐστιν,
2572 1153 2883 1220 ἁναγεννῶν
2909 1154 3060 1222 ἡμᾶς
3085 1157 3150 1225 τῇ
3187 1155 3369 1226 χάριτι
3395 1174 3409 1189 ο
3441 1156 3553 1210 ἔστι
3579 1158 3628 1210 δὲ
3655 1162 3728 1213 καὶ

2185 1243 2372 1314 Πατὴρ
2404 1242 2541 1313 πρὸς
2571 1243 2665 1295 τὸν
2695 1243 2961 1314 μηδαμῶς
2995 1246 3268 1315 ἠργμένον
3307 1249 3571 1317 χρονικῶς
3609 1247 3728 1317 Υἰὸν,

2184 1335 2278 1388 καὶ⁹
2306 1335 2432 1396 Υίὸ;
2461 1335 2597 1405 πρὸς
2640 1336 2733 1389 τὸν
2780 1337 3004 1406 Πατέρα
3030 1354 3043 1367 ·
3087 1341 3180 1392 καὶ
3224 1341 3520 1410 πρόϐλημα
3553 1343 3729 1414 Πατρὶς

2181 1431 2242 1482 τὸ
2275 1429 2520 1499 Πνεῦμα,
2554 1431 2823 1483 συναΐδιον
2853 1431 3028 1502 Πατρί
3061 1450 3120 1485 τε
3155 1433 3248 1485 καὶ
3289 1432 3425 1504 Υἱῷ,
3469 1437 3594 1502 μιᾶς
3627 1438 3730 1491 ὄντα

2185 1516 2411 1592 καὶθτῆς
2445 1524 2616 1594 αὐτῆς
2648 1524 2862 1588 οὐσίας.
2908 1527 2972 1578 Ol
3006 1526 3062 1578 δὲ
3109 1526 3362 1594 λέγοντες
3408 1529 3590 1583 οὐσίαν
3616 1527 3728 1584 εἶναι

2185 1619 2346 1685 μόνον
2372 1616 2462 1668 τὸν
2488 1615 2644 1680 Θεὸν,
2692 1615 2858 1686 μηδὲν
2889 1614 3120 1685 ἔχουσαν
3150 1617 3602 1688 ἐνοεωρούμενον,
3631 1621 3730 1673 οὐδὲ

2181 1710 2243 1762 τὸ
2265 1713 2440 1762 ποιεῖν
2479 1708 2576 1762 καὶ
2626 1709 2896 1780 ἐνεργεῖν,
2954 1711 3076 1763 οὐδὲ
3129 1710 3188 1763 τὸ
3237 1714 3377 1780 πρός
3414 1730 3465 1765 τι
3499 1713 3632 1783 ἔχειν
3658 1715 3729 1767 τὸν

2182 1803 2316 1857 Θεὸν
2357 1803 2886 1866 κατασκευάζουσιν.
2943 1803 3005 1855 Ei
3069 1803 3127 1856 δὲ
3194 1803 3268 1875 μὴ
3323 1806 3494 1859 ταῦτα
3541 1807 3640 1876 ἔχει
3683 1808 3728 1859 ὃν

2184 1897 2340 1951 αὐτοὶ
2368 1897 2652 1967 νομίζουσι
2679 1896 2834 1962 Θεὸν,
2859 1896 2980 1951 οὐδὲ
3004 1898 3276 1969 ’ἐνέργειά
3309 1901 3480 1967 ἐστιν,
3515 1901 3624 1954 οὐδὲ
3650 1900 3726 1968 δη-

2187 1990 2466 2062 μιουργὸς,
2501 1991 2621 2043 οὐδὲ
2651 1988 2932 2062 ἐνέργειαν
2969 1990 3081 2060 ἔχει
3115 2007 3128 2020 “
3155 1992 3270 2044 ἀλλ’
3321 1994 3444 2045 οὺδέ
3492 1994 3622 2064 ἀρχὴ
3653 1995 3726 2046 καὶ

2184 2082 2410 2150 κτίστης
2433 2083 2527 2134 καὶ
2563 2080 2838 2151 Δεσπότης
2876 2099 2888 2112 ·
2931 2082 3051 2134 οὐδὲ
3076 2080 3263 2153 Πατὴρ
3297 2083 3454 2153 ἡμῶν
3483 2085 3592 2136 ἐστι
3614 2085 3727 2137 κατὰ

2183 2173 2366 2246 χάριν.
2402 2173 2526 2236 Πῶς
2560 2173 2671 2242 γὰρ
2701 2173 2766 2227 ἂν
2797 2174 2882 2243 εἴη
2906 2173 3098 2236 ταῦτα,
3137 2174 3212 2245 μὴ
3250 2173 3649 2244 ἐνθεωρούμενα
3673 2177 3722 2245 τῇ

2183 2265 2308 2318 καθ’
2341 2264 2535 2318 ἐαυτὸν
2564 2264 2744 2335 οὐσίᾳ,
2781 2264 2918 2336 ἔχων
2948 2265 3008 2318 τὸ
3061 2266 3195 2336 πρός
3229 2265 3282 2318 τί
3308 2284 3369 2319 τε
3422 2269 3511 2320 καὶ
3545 2270 3722 2333 ποιεῖν;

2185 2360 2593 2428 συναναιρεῖται
2615 2357 2672 2410 δὲ
2699 2359 2796 2410 καὶ
2821 2359 2881 2411 τὸ
2908 2362 3338 2430 τρισυπόστατον
3364 2362 3460 2432 τῆς
3487 2360 3724 2427 θεότητος,

2183 2452 2236 2508 εἰ
2271 2450 2346 2522 μὴ
2378 2452 2446 2521 τῇ
2468 2450 2562 2504 τοῦ
2593 2449 2728 2503 Θεοῦ
2748 2451 2908 2522 οὐσίᾳ
2937 2452 3375 2524 ἐνθεωρούμενόν
3397 2454 3509 2505 ἐστι
3539 2453 3595 2506 τὸ
3615 2453 3724 2520 πρός

2171 2557 2248 2595 τι.
2283 2541 2344 2594 '0
2372 2539 2431 2594 δὲ
2473 2541 2547 2610 μὴ
2574 2539 3029 2610 τρισυπόστατος,
3055 2539 3173 2592 οὐδὲ
3201 2540 3298 2592 τοῦ
3333 2544 3529 2604 παντὸς
3557 2542 3724 2594 Δεστό-

2172 2651 2273 2704 της
2295 2633 2418 2686 οὐδὲ
2441 2632 2598 2696 Θεός.
2632 2632 2821 2686 Ἀθεοι
2843 2631 3135 2704 τοιγαροῦν
3188 2635 3331 2686 είσιν
3365 2635 3416 2687 οἱ
3455 2633 3587 2688 οὕτω
3612 2631 3724 2687 κατὰ

2173 2724 2302 2788 τοὺς
2324 2724 2603 2787 ἐναντίους
2634 2724 2982 2794 φρονοῦντες.

2249 2817 2377 2888 ρλε’.
2417 2817 2572 2888 Ἔχει
2597 2820 2624 2870 6
2652 2817 2808 2885 Θεὸς,
2839 2819 2937 2872 καὶ
2979 2819 3010 2872 ὃ
3051 2821 3123 2891 μή
3158 2820 3310 2874 ἐστιν
3345 2822 3518 2876 οὐσία.
3545 2822 3610 2875 Οὐ
3641 2819 3724 2890 μὴν

2172 2911 2256 2964 ὅτι
2276 2911 2436 2964 τοῦτο
2465 2911 2564 2964 οὐκ
2595 2910 2744 2966 ἐστιν
2770 2911 2953 2978 οὐσία,
3001 2913 3352 2985 συμϐεϐηκός
3383 2917 3495 2978 ἐστι
3523 2931 3539 2946 ο
3564 2913 3724 2982 τὸγὰρ

2178 3005 2255 3074 μὴ
2303 3004 2464 3075 μόνον
2511 3005 2613 3059 οὐκ
2670 3006 3092 3076 ἀπογινόμενον,
3124 3007 3239 3062 ἀλλ’
3288 3007 3402 3062 οὐδ’
3456 3008 3660 3078 αὔξησιν
3697 3005 3722 3074 ἢ

2179 3097 2406 3169 μείωσιν
2455 3097 2748 3169 ἡντιναοῦν
2787 3099 3196 3170 ἐπιδεχόμενον,
3251 3101 3284 3171 ἢ
3338 3101 3606 3172 ἐμποιοῦν,
3646 3099 3724 3151 οὐκ

2175 3190 2290 3244 ἐσθ’
2320 3193 2470 3255 ὅπως
2501 3191 2567 3246 ἂν
2594 3192 2983 3263 συναριθμοίτο
3013 3194 3126 3257 τοῖς
3153 3193 3571 3265 συμϐεϐηκόσιν.
3610 3188 3723 3243 Ἀλλ’

2173 3286 2271 3355 οὐχ
2314 3286 2396 3338 ὅτι
2451 3287 2591 3357 μήτε
2619 3285 2976 3359 συμϐεϐηκός
3007 3288 3125 3340 ἐστι
3161 3286 3344 3350 τοῦτο,
3401 3288 3531 3357 μήτε
3575 3281 3720 3344 οὐσία,

2171 3379 2282 3432 τῶν
2315 3379 2540 3450 μηδαμῆ
2585 3379 2855 3451 μηδαμῶς
2903 3381 3074 3434 ὄντων
3130 3380 3278 3433 ἐστίν
3307 3397 3322 3412 ο
3381 3380 3493 3436 ἀλλ’
3523 3371 3723 3431 ἐστικαὶ

2173 3471 2249 3535 ὡς
2279 3471 2499 3542 ἀληθῶς
2532 3475 2705 3527 ἐστιν.
2743 3473 2818 3526 Ut’)
2855 3473 3206 3543 συμϐεϐηκὸς
3245 3472 3304 3527 δέ
3361 3475 3525 3536 ἐστιν,
3571 3465 3722 3534 ἐπειδὴ

2173 3567 2523 3620 παντάπασιν
2551 3566 2932 3637 ἀμετάϐλητόν
2967 3567 3136 3620 ἐστιν.
3192 3565 3334 3620 Ἀλλ’
3393 3565 3509 3620 οὐδὲ
3557 3561 3722 3615 οὖσὶα”

2172 3662 2270 3715 καὶ
2289 3660 2400 3733 γὰρ
2438 3662 2498 3715 οὑ
2547 3663 2654 3714 τῶν
2699 3661 2824 3714 καθ’
2871 3662 3031 3715 ἑαυτὸ
3062 3662 3449 3731 ὑφεστηκότων
3476 3659 3625 3712 ἐστίν.
3651 3653 3724 3706 Διὸ

2174 3752 2271 3808 καὶ
2295 3753 2645 3825 συμϐεϐηκός
2682 3753 2799 3817 πώς
2838 3755 2952 3806 ἐστι
3000 3756 3130 3825 παρ’
3187 3749 3262 3808 ὧν
3314 3753 3568 3821 θεολόγων
3590 3746 3724 3801 τοῦτο

2175 3847 2434 3917 λέγεται·
2488 3849 2648 3902 τοῦτο
2700 3847 3028 3902 δεικνύντων
3083 3847 3267 3918 μόνον,
3324 3849 3405 3901 ὅτι
3462 3845 3555 3898 οὒκ
3601 3841 3722 3894 ἔστιν

2173 3938 2351 3995 οὐσία.
2391 3939 2457 3993 Τί
2490 3939 2620 4011 γὰρ,
2677 3941 2801 3993 ἐπεὶ
2827 3941 2922 3994 καὶ
2950 3940 3058 3995 τῶν
3083 3941 3465 3995 ὑποστατικῶν
3507 3937 3719 3994 ἕκαστονν

2173 4033 2410 4089 καὶτῶν
2451 4034 2807 4088 ὑποστάσεων
2852 4033 3080 4104 ἑκάστη,
3129 4037 3211 4087 ὅτι
3258 4035 3399 4104 μήτε
3430 4030 3577 4086 οὐσία
3605 4024 3718 4086 ἐστὶν

2176 4129 2314 4199 μήτε
2346 4127 2695 4199 συμϐεϐηκὸς
2729 4127 2824 4182 ἐπὶ
2846 4127 3004 4192 Θεοῦ,
3037 4127 3124 4180 διὰ
3155 4127 3313 4180 τοῦτο
3351 4125 3457 4179 τῶν
3495 4116 3718 4192 μηδαμῶς

2171 4219 2342 4274 ὄντων
2397 4221 2593 4283 ἐστίνς
2639 4222 2882 4289 Ἀπαγε.
2937 4222 3043 4273 Τὸν
3075 4221 3238 4273 αὐτὸν
3275 4219 3370 4272 οῦν
3415 4217 3602 4286 τρόπον
3643 4208 3717 4261 καὶ

2172 4319 2205 4388 ἡ
2239 4317 2359 4371 θεία
2390 4316 2486 4370 τοῦ
2513 4316 2649 4370 Θεοῦ
2684 4316 2961 4388 ἐνέργεια,
3012 4315 3137 4369 οὒτε
3176 4314 3357 4378 οὐσία,
3397 4312 3516 4366 οὔτε
3555 4301 3722 4374 συμὸε·

2172 4410 2342 4480 δηκός
2376 4413 2494 4464 ἐστι
2517 4427 2530 4441 ⁶
2577 4411 2670 4465 καὶ
2705 4410 2812 4464 τῶν
2857 4409 3126 4481 μηδαμῶς
3154 4411 3326 4462 ὄντων
3353 4403 3598 4460 οὐκέστι.
3634 4393 3718 4449 Καὶ

2172 4501 2240 4554 ἵν’
2292 4501 2434 4555 εἴπω
2468 4502 2527 4556 τὸ
2553 4504 2687 4556 πᾶσι
2716 4506 2830 4567 τοῖς
2875 4503 3148 4570 θεολόγοις
3203 4499 3487 4555 συνδοκοῦν
3515 4513 3530 4528 ο
3583 4494 3637 4546 Εἰ
3674 4487 3720 4539 τὸ

488 4593 638 4635 mera
658 4588 870 4644 natura,
915 4578 1022 4633 alia
1081 4579 1244 4647 igitur
1298 4589 1382 4633 est
1428 4579 1682 4633 voluntas
1739 4591 1904 4647 quam
1963 4591 2066 4630 na-

2176 4595 2464 4666 βούλεσθαι
2517 4598 2664 4649 ποιεῖ
2688 4599 2716 4649 6
2739 4562 2894 4659 Θεὸς,
2923 4562 3052 4650 ἀλλ’¹
3077 4562 3177 4665 οῦχ
3203 4595 3390 4658 ἁπλῶς
3413 4591 3486 4662 τῷ
3518 4583 3718 4656 πεφυκέ-

487 4683 636 4728 tura.
677 4672 736 4728 Si
763 4682 946 4726 autem
986 4671 1174 4728 divina
1207 4672 1462 4726 voluntas
1499 4671 1608 4726 alia
1658 4679 1742 4725 est
1771 4684 1936 4739 quam
1975 4684 2072 4722 na-

487 4777 612 4820 tura
649 4766 857 4830 divina,
886 4780 987 4821 nec
1035 4775 1216 4819 tamen
1275 4775 1358 4821 est
1405 4762 1736 4828 substantia,
1765 4777 1891 4816 num
1950 4760 2074 4816 ideo

487 4859 806 4916 nullatenus
833 4857 1088 4914 exsistit?
1141 4857 1620 4928 Haudquaquam;
1669 4859 1767 4910 sed
1817 4854 2068 4921 exsistit,

487 4954 614 5025 quia
648 4955 793 5009 Deus
821 4968 934 5008 non
967 4953 1331 5008 substantiam
1369 4953 1570 5017 solum,
1592 4950 1689 5006 sed
1723 4960 1779 5005 et
1819 4948 2073 5004 volunta-

486 5058 595 5102 tem
627 5046 794 5100 habet
829 5058 938 5114 qua
971 5045 1104 5115 agit,
1137 5044 1254 5098 sive
1284 5044 1541 5097 accidens
1590 5043 1733 5097 forte
1772 5041 1915 5096 hanc
1966 5041 2072 5096 ali-

489 5138 617 5208 quis
650 5151 853 5195 vocare
883 5136 1013 5191 velit
1043 5145 1317 5204 quatenus
1349 5151 1455 5190 non
1478 5143 1564 5191 est
1598 5135 1928 5198 substantia,
1957 5135 2072 5190 sive

498 5241 603 5280 non
653 5226 909 5281 accidens
972 5235 1244 5294 quatenus
1295 5225 1497 5279 nullam
1541 5224 1675 5279 facit
1721 5225 2074 5292 compositio-

488 5335 608 5375 nem
641 5329 732 5374 aut
759 5319 1134 5375 mutationem.
1158 5317 1507 5389 llabetigitur
1535 5317 1700 5384 Deus,
1732 5328 1786 5375 et
1817 5318 1963 5389 quod
1989 5328 2073 5375 est

494 5413 824 5480 substantia,
856 5421 910 5468 et
940 5413 1084 5480 quod
1120 5428 1226 5467 non
1255 5422 1338 5466 est
1375 5413 1702 5476 substantia,
1726 5412 1977 5480 quamvis
2017 5413 2071 5467 id

489 5523 595 5561 non
629 5517 852 5562 vocetur
877 5508 1158 5572 accidens,
1190 5506 1432 5562 divinam
1487 5507 1700 5566 scilicet
1733 5505 2070 5561 voluntatem

487 5610 542 5652 et
569 5601 976 5668 operationem.

560 5693 687 5748 1'56.
718 5693 987 5759 Essentia,
1012 5693 1058 5747 si
1081 5708 1187 5747 non
1211 5692 1584 5762 Operationem
1608 5691 1807 5749 habeat
1833 5707 1863 5749 a
1889 5693 2072 5762 seipsa

491 5785 829 5848 distinctam,
858 5788 1082 5840 mimine
1118 5797 1201 5840 est
1233 5787 1561 5854 subsistens,
1593 5789 1684 5842 sed
1720 5804 1870 5844 mera
1913 5789 2072 5844 intel-

489 5877 662 5936 lectus
687 5881 826 5936 idea.
865 5881 1000 5934 Nam
1036 5882 1202 5935 homo
1236 5882 1288 5935 in
1333 5898 1517 5951 genere
1558 5885 1737 5942 dictus
1781 5902 1886 5942 non
1921 5885 2071 5956 cogi-

2171 4706 2279 4750 ναι,
2311 4689 2442 4742 ἄλλο
2471 4689 2581 4761 ἄρα
2610 4690 2670 4743 τὸ
2703 4689 3018 4758 βούλεσθαι,
3065 4690 3161 4742 καὶ
3191 4689 3380 4758 ἕτερον
3415 4686 3474 4738 τὸ
3513 4676 3718 4747 πεφυκέ-

2171 4801 2282 4836 ναι.
2326 4783 2386 4836 Εί
2445 4783 2503 4836 δὲ
2550 4781 2709 4835 τοῦτο
2765 4783 2860 4835 καὶ
2919 4784 2952 4853 ὴ
3011 4782 3132 4834 θεία
3190 4780 3350 4852 βουλὴ
3389 4778 3485 4845 τῆς
3541 4772 3718 4842 φύσεωνς

2170 4874 2358 4945 ἓ’θεράν
2382 4875 2531 4929 ἐστιν
2558 4876 2651 4927 ἐπὶ
2677 4873 2836 4935 Θεοῦ,
2866 4876 2956 4926 καὶ
2979 4875 3078 4927 οὐκ
3115 4873 3261 4926 ἔστιν
3291 4871 3463 4933 οὐσία,
3491 4865 3570 4919 διὰ
3591 4859 3716 4915 τοῦτο

2170 4967 2423 5039 οὐδαμῶς
2447 4969 2597 5020 ἐστιν
2625 4985 2640 5034 ;
2672 4967 2954 5037 Οὐμενοῦν
2981 4984 2994 4998 ·
3049 4967 3162 5020 ἀλλ’
3195 4967 3330 5028 ἐστι,
3372 4965 3462 5017 καὶ
3490 4958 3574 5013 τοῦ
3607 4948 3713 5006 Θεοῦ

2173 5059 2269 5113 τοῦ
2310 5060 2384 5131 μὴ
2425 5059 2616 5114 οὐσίαν
2644 5077 2827 5132 μονον,
2867 5059 3003 5112 ἀλλὰ
3037 5059 3132 5112 καὶ
3163 5057 3360 5127 βουλὴν
3397 5055 3593 5125 ἔχοντος
3619 5039 3712 5095 καθ’

2173 5152 2242 5222 ἣν
2292 5153 2461 5216 ποιεῖ,
2509 5149 2614 5204 κᾶν
2672 5149 3022 5221 συμϐεϐηκός
3062 5166 3180 5211 πως
3213 5148 3415 5217 ταύτην
3464 5157 3541 5203 τις
3586 5132 3710 5198 ἐθέλῃ

2175 5245 2361 5298 καλεῖν
2390 5244 2468 5306 ὡς
2520 5245 2595 5314 μὴ
2649 5245 2840 5296 οὐσίαν
2895 5237 3084 5307 οὖσαν,
3149 5242 3251 5294 κᾶν
3291 5241 3362 5310 μὴ
3395 5224 3708 5304 συμδεδηκδῖν

2171 5338 2248 5404 ὡς
2317 5337 2592 5409 μηδεμίαν
2645 5335 2984 5406 ἐμποιοῦσαν
3039 5335 3309 5398 σύνθεσιν,
3360 5334 3390 5402 ἢ
3451 5324 3706 5382 ἀλλοίωσιν.

2179 5430 2335 5499 Ἔχει
2383 5429 2494 5499 ἄρα
2544 5429 2572 5480 ὁ
2622 5427 2755 5489 Θεὸς
2805 5428 2899 5480 καὶ
2945 5427 2973 5478 ὃ
3007 5425 3187 5489 οὐσία,
3220 5424 3313 5477 καὶ
3366 5421 3393 5474 ὃ
3449 5419 3516 5489 μὴ
3563 5408 3705 5467 οὐσίαν

2174 5523 2276 5576 κᾶν
2311 5523 2360 5575 εἰ
2406 5521 2481 5592 μὴ
2514 5521 2863 5592 συμϐεϐηκὸς
2899 5523 3136 5588 καλοῖτο,
3187 5519 3284 5590 τὴν
3338 5515 3480 5570 θείαν
3508 5502 3705 5579 δηλονότι

2178 5616 2373 5688 βουλὴν
2409 5616 2502 5669 καὶ
2539 5615 2842 5687 ἐνέργειαν.

2247 5709 2389 5782 ρλς¹.
2443 5708 2509 5761 Ἡ
2552 5707 2710 5760 οὐσία
2739 5708 2784 5758 εξ
2822 5705 2896 5776 μὴ
2930 5706 3209 5776 ἐνέργειαν
3250 5705 3358 5775 ἔχει
3394 5697 3703 5782 διαφέρουςαν

2175 5803 2398 5872 ἑαυτῆς,
2469 5801 2842 5863 ἀνυπόστατος
2894 5801 3048 5852 ἔσται
3099 5800 3318 5861 τελέως,
3375 5795 3463 5847 καὶ
3512 5777 3702 5840 διανοίας

2179 5898 2315 5968 μόνη
2348 5895 2633 5967 θεώρημα.
2678 5894 2735 5948 ’0
2758 5896 2867 5966 γὰρ
2893 5895 3119 5949 καθόλου
3145 5893 3424 5965 λεγόμενος
3445 5883 3698 5950 ἄνθρωπος»
