4020 6512
374 445 507 515 1217

1282 447 1555 507 CAPlTA
1616 445 1967 517 PHYSICA,
2004 442 2513 511 THEOLOGICA,
2557 444 2722 505 ETC.

3501 441 3635 506 1‘213

369 560 429 611 οὐ
458 557 772 622 διανοεῖται,
799 554 861 610 οὐ
896 555 1131 624 δοξάζει,
1159 555 1259 627 οὐχ
1284 558 1407 629 ὁρᾷ,
1440 559 1538 611 οὐκ
1576 557 1948 630 ὀσφραίνεται,

2056 566 2156 625 tat,
2191 574 2299 614 non
2372 559 2654 625 opinatur,
2685 572 2793 613 non
2824 558 2994 622 videt,
3044 570 3152 611 non
3208 555 3491 623 odoratur,
3524 572 3633 611 non

367 650 428 702 οὐ
450 648 623 709 λαλεῖ,
665 648 765 701 οὐκ
815 647 1030 711 ἀκούει,
1080 648 1142 701 οὐ
1178 649 1495 717 περιπατεῖ,
1548 648 1648 700 οὐκ
1698 649 1953 711 ἀναπνεῖ,

367 740 470 792 οὐκ
503 738 695 803 ἐσθίει,
735 739 827 791 καὶ
874 739 1061 801 ἁπλῶς
1112 740 1310 805 εἰπεῖν,
1359 741 1461 792 οὐκ
1517 738 1628 809 ἔχει
1672 739 1954 809 ἐνέργειαν

366 831 732 900 διαφέρουσαν
759 831 856 901 τῆς
888 832 1093 898 οὐσίας,
1136 832 1232 885 καὶ
1282 831 1570 884 δεικνῦσαν
1623 830 1706 884 ὅτι
1731 832 1789 885 ἐν
1818 832 1955 885 ὑπο.

370 922 556 974 στάσει
608 922 725 974 ἐστί
760 937 772 950 ·
813 922 893 975 διὸ
925 923 1019 975 καὶ
1067 923 1266 987 τελέως
1312 922 1684 986 ἀνυπόστατός
1732 923 1882 977 ἐστιν
1923 924 1952 977 ὁ

363 1014 597 1067 καθόλου
623 1014 934 1085 ἅνθρωπος.
964 1015 1047 1068 "0
1077 1016 1135 1068 δέ
1181 1015 1463 1087 ἐνέργειαν
1520 1016 1761 1086 ἔμφυτον
1810 1014 1951 1087 ἔχων

361 1107 728 1175 διαφέρουσαν
756 1109 856 1177 τῆς
882 1107 1090 1173 οὐσίας,
1124 1108 1434 1179 ἄνθρωπος,
1469 1109 1620 1178 μίαν,
1645 1108 1677 1177 ἢ
1708 1108 1949 1173 πλείους,

363 1198 397 1269 ἢ
432 1199 615 1259 πάσας
657 1198 895 1269 οἵασπερ
933 1199 1165 1270 ἔφημεν,
1202 1200 1467 1264 ἐξαύτῶν
1496 1201 1826 1270 γνωρίζεται
1870 1200 1953 1253 ὅτι

362 1290 422 1341 ἐν
444 1290 742 1343 ὑποστάσει
777 1292 914 1354 ἐστὶ,
945 1294 1041 1345 καὶ
1092 1293 1193 1347 οὐκ
1221 1295 1597 1357 ἀνυπόστατός
1624 1298 1771 1346 ἐστιν
1802 1297 1830 1346 ὀ
1855 1294 1952 1347 ἄν·

364 1379 602 1449 θρωπος.
622 1381 775 1432 Ἐπεὶ
798 1381 852 1433 δὲ
878 1383 936 1435 αἱ
961 1383 1205 1437 τοιαῦται
1236 1386 1531 1454 ἐνέργειαι,
1560 1386 1662 1438 οὐκ
1701 1385 1788 1453 ἐφ’
1812 1385 1951 1447 ἐνὸς,

362 1472 395 1541 ἢ
430 1472 545 1535 δύο,
581 1473 613 1541 ἢ
646 1474 834 1543 τριῶν,
867 1475 982 1528 ἀλλ’
1029 1477 1123 1530 ἐπὶ
1150 1477 1412 1530 πλειόνων
1444 1479 1523 1549 τῷ
1561 1478 1783 1549 ἀριθμῷ
1820 1479 1955 1532 θεω-

364 1564 605 1633 ροῦνται,
644 1566 921 1621 δείκνυται
974 1566 1118 1625 εἶναι
1167 1572 1258 1626 τὸν
1305 1570 1591 1643 ἄνθρωπον
1628 1574 1685 1625 ἐν
1714 1571 1954 1626 ὑποστά-

362 1677 479 1713 σεσι
516 1660 757 1732 μυρίαις.

438 1753 571 1823 ρλζ’.
619 1753 677 1807 '0
709 1755 839 1818 Θεὸς
885 1755 1026 1809 κατὰ
1071 1758 1171 1827 τὴν
1220 1757 1309 1811 διὰ
1358 1760 1458 1831 τῆς
1509 1759 1675 1813 αὐτοῦ
1727 1759 1954 1831 χάριτος

365 1846 669 1916 ἡμετέραν,
726 1848 827 1918 τῆς
856 1850 1023 1903 αὐτοῦ
1054 1851 1197 1919 λέγω
1262 1852 1595 1924 Ἐκκλησίας
1647 1852 1950 1917 εὐσεϐείας,

2050 655 2317 724 loquitur,
2353 670 2460 708 non
2514 654 2689 720 audit,
2729 669 2835 707 non
2896 653 3162 715 ambulat,
3214 668 3319 706 non
3374 653 3631 723 respirat,

2052 762 2157 801 non
2186 748 2447 809 comedit,
2480 756 2533 800 et
2572 764 2683 803 uno
2709 748 2896 813 verbo,
2918 761 3023 801 non
3060 747 3223 801 habet
3256 747 3634 816 operationem

2053 842 2120 893 ab
2161 842 2398 896 essentia
2429 840 2767 906 distinctam,
2804 856 2911 909 qua
2940 841 3211 895 indicetur
3256 841 3393 894 hanc
3419 854 3541 895 esse
3580 840 3634 892 in

2050 934 2402 987 subsistentia
2437 951 2449 985 :
2492 935 2613 989 ideo
2646 933 2869 986 minime
2900 932 3204 987 subsistens
3231 940 3315 986 est
3372 934 3532 985 homo
3576 929 3633 984 in

2059 1041 2263 1095 genere.
2304 1024 2408 1080 Sed
2458 1026 2621 1079 homo
2659 1024 2963 1078 naturalem
3010 1024 3219 1077 habens
3257 1024 3629 1091 operationem

2052 1120 2120 1172 ab
2148 1120 2385 1174 essentia
2420 1120 2755 1178 distinctam,
2778 1117 2893 1171 sive
2921 1132 3111 1177 unam,
3144 1116 3261 1169 sive
3290 1114 3496 1183 plures,
3517 1115 3631 1169 sive

2051 1225 2242 1265 omnes
2289 1225 2646 1280 quascunque
2698 1211 2955 1274 diximus,
3012 1225 3078 1264 ex
3138 1209 3226 1264 his
3284 1209 3634 1277 cegnoscitur

2051 1316 2176 1356 esse
2206 1303 2260 1356 in
2297 1292 2644 1366 exsistentia,
2670 1316 2771 1355 nec
2815 1316 2934 1355 esse
2964 1301 3128 1355 homo
3165 1316 3268 1355 non
3306 1301 3631 1354 subsistens.

2052 1393 2188 1459 Quia
2223 1404 2402 1449 autem
2447 1394 2759 1465 hujusmodi
2792 1394 3159 1463 operationes,
3192 1408 3300 1446 non
3353 1407 3484 1456 una,
3520 1407 3629 1444 non

2052 1490 2184 1554 duo,
2215 1504 2319 1543 non
2355 1497 2485 1553 tres,
2520 1490 2613 1543 sed
2650 1488 2895 1558 plurimae
2924 1495 3304 1549 numerantur,
3340 1484 3464 1539 inde
3487 1491 3633 1552 patet

2054 1581 2324 1636 hominem
2362 1581 2417 1635 in
2453 1581 2915 1635 numerosissimis
2943 1579 3208 1634 exsistere
3235 1575 3631 1632 subsistentiis.

2127 1761 2253 1815 157.
2293 1776 2456 1827 deus,
2485 1762 2639 1830 juxta
2685 1762 2827 1830 piam
2861 1762 3162 1816 doctrinam
3196 1759 3367 1830 gratia
3407 1775 3504 1813 sua
3534 1772 3632 1811 no.

2053 1853 2157 1916 bis,
2191 1854 2243 1907 id
2270 1864 2349 1909 est
2394 1869 2504 1908 sua:
2525 1850 2779 1908 Ecclesia:
2823 1852 3028 1917 datam,
3056 1854 3428 1922 operationem
3470 1861 3633 1903 natu-

369 1913 653 2009 ἐνέργειαν
688 1913 930 2011 έμερυτον
960 1943 1100 2013 ἔχων
1120 1913 1397 2015 δεικτικὴν
1426 1913 1643 2010 ἑαυτοῦ,
1684 1947 1780 1998 καὶ
1811 1913 1948 1997 κατά

2059 1946 2230 2000 ralem
2281 1945 2486 2002 habens
2540 1960 2651 2000 suae
2701 1947 3038 2001 exsistentiaa
3070 1945 3302 1998 indicem
3338 1943 3568 2011 ideoque
3602 1956 3634 1994 a

365 2031 528 2084 τοῦτο
560 2033 927 2104 διαφέρουσαν
966 2036 1067 2105 τῆς
1097 2038 1286 2101 οὐσίας
1320 2037 1506 2092 αὐτοῦ.
1532 2038 1643 2091 Καὶ
1670 2037 1782 2109 γὰρ
1813 2054 1954 2108 προ-

366 2122 629 2192 γινώσκει
667 2143 724 2178 τε
770 2128 866 2180 καὶ
894 2132 1202 2199 προνοεῖται
1243 2131 1354 2184 τῶν
1385 2131 1816 2204 ὑποδεεστέρων,
1859 2130 1954 2184 καὶ

365 2215 696 2289 δημιουργεῖ
724 2220 921 2285 ταῦτα,
958 2222 1052 2275 καὶ
1099 2227 1374 2294 συντηρεῖ,
1424 2224 1521 2277 καὶ
1554 2224 1826 2289 δεσπόζει,
1858 2222 1953 2277 καὶ

370 2308 768 2377 μετασκευάζει
800 2312 922 2364 κατ’
960 2313 1171 2368 οἰκείαν
1206 2315 1459 2386 βούλησιν
1486 2316 1563 2379 ὡς
1589 2313 1728 2369 οἶδεν
1766 2316 1950 2379 αυτὸς,

364 2402 424 2453 ἐν
445 2403 745 2457 ὑποστάσει
769 2404 1045 2459 δείκνυται
1061 2406 1158 2473 ὢν,
1179 2409 1296 2462 ἀλλ’
1316 2410 1418 2463 οὐκ
1448 2409 1606 2462 οὐσία
1628 2411 1788 2479 μόνον
1819 2410 1951 2463 ἀνυ-

365 2494 655 2557 πόστατος.
691 2496 848 2550 Ἐπεὶ
878 2497 936 2550 δὲ
961 2500 1018 2552 αί
1052 2498 1298 2552 τοιαῦται
1326 2502 1497 2553 πᾶσαι
1539 2502 1953 2571 ἐνέργειαι.οὐκ

364 2580 456 2651 ἐφ’
483 2580 627 2646 ἐνὸς,
654 2580 772 2634 ἀλλ’
799 2580 857 2632 ἐν
880 2580 1062 2651 τρισὶν
1090 2579 1457 2634 ὑποστάσεσιν
1480 2579 1741 2648 ὑπάρχων
1773 2582 1801 2632 ὁ
1826 2579 1958 2643 Θεὸς

365 2672 498 2742 ἡμῖν
533 2672 887 2742 γνωρίζεται.
942 2671 1006 2724 Οί
1051 2670 1111 2723 δὲ
1172 2670 1561 2741 ἀντικείμενοι,
1596 2668 1845 2737 λέγοντες
1880 2667 1955 2738 μὴ

365 2765 511 2834 ἔχειν
538 2763 634 2818 τδν
662 2763 796 2817 Θεὸν
826 2764 1110 2834 ἐνέργειαν
1134 2761 1376 2833 ἔμφυτον
1411 2760 1687 2832 δεικτικὴν
1731 2758 1954 2824 ἐαυτοῦ,

364 2858 632 2910 καὶκατὰ
657 2856 818 2909 τοῦτο
843 2856 1215 2927 διαφέρουσαν
1262 2855 1363 2925 τῆς
1396 2855 1583 2917 οὐσίας
1631 2853 1822 2919 αὐτοῦ,
1856 2854 1957 2907 οὐκ

366 2950 428 3002 ἐν
450 2949 749 3003 ὑποστάσει
771 2948 1024 3014 λέγουσιν
1057 2943 1197 3000 εῖναι
1222 2946 1316 3001 τὸν
1347 2946 1501 3010 Θεὸν,
1537 2946 1628 2998 καὶ
1652 2944 1955 2999 ἀνυπόστα-

365 3057 459 3094 τον
481 3040 683 3104 τελέως
715 3039 933 3093 ποιοῦσι
960 3040 1052 3092 τὸν
1085 3039 1519 3111 τρισυπόστατον
1556 3037 1761 3108 Κύριον
1787 3054 1801 3069 ο
1826 3053 1956 3090 τοσ-

364 3131 521 3184 οῦτον
573 3129 1009 3199 ὑπερϐάλλοντες
1054 3128 1346 3199 κακοδοξίᾳ
1405 3127 1496 3180 τὸν
1541 3126 1711 3180 Λίϐυν
1756 3125 1959 3181 mea-

364 3222 502 3288 λιον,
535 3225 659 3277 ὅσον
686 3223 848 3277 πλέον
877 3225 959 3286 είς
1006 3223 1205 3276 κακίαν
1262 3222 1378 3292 ἔχει
1436 3221 1535 3292 τῆς
1577 3219 1947 3285 δυσσεϐείαςή

362 3317 611 3371 ἀσέϐεια.

438 3408 574 3478 ρλη’.
604 3407 725 3461 Τῶν
781 3408 952 3480 τριῶν
1004 3406 1165 3460 θείων
1220 3406 1596 3472 ὐποστάσεων,
1630 3406 1690 3460 οὐ
1750 3404 1850 3476 μία
1879 3404 1956 3467 ὡς

359 3501 523 3571 ὁμοία
559 3502 594 3571 ἡ
650 3501 923 3569 ἐνέργεια,
988 3500 1242 3571 καθάπερ
1295 3501 1381 3568 ἐφ’
1430 3499 1609 3570 ἡμῶν,
1657 3497 1795 3551 ἀλλὰ
1854 3496 1953 3566 μία

358 3592 530 3655 ὅντως
560 3594 654 3645 καὶ
679 3592 758 3663 τῷ
812 3592 1053 3663 ἀριθμῷ.
1108 3592 1287 3662 ’Ὀπερ
1340 3593 1388 3644 οἱ
1443 3592 1512 3643 τά
1550 3590 1659 3643 τῶν
1698 3590 1956 3642 ἐναντίων

358 3686 686 3756 φρονοῦντες
747 3687 931 3754 λέγειν
993 3685 1055 3738 οὐ
1111 3684 1410 3739 δύνανται·
1480 3683 1606 3736 ἐιιιιελ⁸
1653 3683 1727 3754 μὴ
1768 3683 1955 3751 κοινὴν

358 3777 500 3833 εἶναι
531 3778 641 3831 τῶν
666 3776 835 3848 τριῶν
875 3779 1132 3831 ἄκτιστον
1158 3777 1443 3847 ἐνέργειαν
1475 3793 1666 3845 φασιν,
1695 3776 1828 3829 ἀλλὰ
1858 3773 1954 3827 καὶ

355 3874 603 3943 ἀλλήλων
627 3872 725 3936 τὰς
748 3872 1076 3936 ὑποστάσεις
1103 3873 1387 3943 ἐνεργείας
1412 3867 1551 3926 εἶναι
1578 3872 1848 3940 λέγουσιν,
1876 3872 1952 3934 ὡς

358 3965 436 4037 μὴ
470 3966 658 4035 κοινῆς
686 3963 854 4036 οὑσης
885 3966 1004 4019 κατ’
1037 3964 1237 4029 αὐτοὺς
1272 3964 1423 4028 θείας
1447 3964 1729 4034 ἐνεργείας
1764 3981 1778 3995 ο
1810 3964 1952 4018 ὥστε

354 4058 466 4111 οὐδ’
503 4057 675 4121 οὑτως
706 4058 890 4128 ἔχουσι
915 4057 1094 4125 λέγειν
1123 4059 1252 4127 μίαν
1286 4058 1393 4111 τῶν
1426 4058 1593 4129 τριῶν
1627 4060 1942 4131 ἐνέργειανο

353 4149 493 4203 ἀλλὰ
532 4152 628 4201 καὶ
663 4150 852 4203 ἄλλοτε
891 4149 1060 4215 ἄλλην
1108 4148 1284 4209 οὕτως
1333 4149 1704 4220 ἀναιροῦντες,
1744 4149 1951 4204 ἀνυπό-

353 4257 549 4294 στατον
583 4241 877 4295 κάντεῦθεν
900 4240 1116 4294 ποιοῦσι
1144 4242 1237 4295 τὸν
1264 4241 1693 4313 τρισυπόστατον
1722 4242 1877 4298 Θεόν.

430 4330 559 4403 ρλθ’.
594 4335 655 4386 Οί
696 4334 791 4404 τὴν
829 4332 1121 4397 κακόδοξον
1161 4332 1370 4403 πλάνην
1407 4334 1547 4387 κατὰ
1587 4333 1766 4405 ψυχὴν
1805 4351 1953 4388 νενο-

353 4427 610 4494 σηκότες,
644 4427 871 4495 κτιστὴν
915 4427 1167 4496 λέγοντες
1194 4427 1294 4500 τὴν
1332 4430 1699 4501 διαφέρουσαν
1728 4434 1828 4501 τῆς
1854 4430 1949 4486 τοῦ

350 4519 491 4573 Θεοῦ
523 4521 712 4585 οὐσίας
738 4521 1044 4591 ἐνέργειαν,
1106 4524 1343 4586 κτιστῶς
1391 4523 1537 4593 ἔχειν
1569 4524 1662 4578 καὶ
1690 4523 1751 4577 τὸ
1783 4524 1950 4594 δημι-

348 4614 570 4681 ουργεῖν
608 4611 702 4663 τὸν
730 4613 862 4665 Θεὸν
891 4612 1406 4681 δοξάζουσι,·ταυτὸ
1442 4614 1487 4669 δ’
1523 4617 1696 4669 εἰπεῖν
1729 4615 1827 4685 τὴν
1855 4615 1950 4685 δη-

355 4702 688 4773 μιουργικὴν
715 4701 947 4774 δύναμιν
1000 4704 1168 4757 αὐτοῦ
1196 4723 1209 4736 ·
1254 4708 1315 4759 οὐ
1364 4706 1473 4777 γὰρ
1523 4706 1672 4761 ἔστιν
1702 4707 1947 4777 ἐνεργεῖν

352 4793 450 4846 καὶ
474 4793 836 4866 δημιουργεῖν
880 4797 1052 4869 χωρὶς
1082 4798 1363 4868 ἐνεργείας
1389 4815 1403 4829 ο
1450 4800 1639 4870 ῶσπερ
1673 4799 1795 4852 οὐδὲ
1843 4800 1947 4853 ὑπ-

352 4885 543 4955 άρχειν
598 4887 767 4958 χωρὶς
812 4888 1121 4956 ὑπάρξεως.
1189 4890 1278 4954 Ὠς
1333 4889 1425 4944 οῦν
1474 4892 1575 4946 οὐκ
1626 4891 1705 4946 ένι
1736 4891 1828 4945 τὸν
1860 4891 1947 4946 λέ-

350 4993 519 5046 γοντα
557 4979 657 5049 τὴν
715 4982 811 5033 τοῦ
868 4980 1003 5034 Θεοῦ
1067 4981 1301 5053 ὕπαρξιν
1359 4982 1605 5053 κτιστὴν,
1670 4984 1946 5048 άκτίστως

349 5066 500 5139 ἔχειν
523 5070 688 5123 αὐτὸν
716 5071 776 5123 τὺ
810 5066 949 5126 εἶναι
980 5072 1211 5135 οἴεσθαι,
1241 5070 1411 5136 οὕτως
1438 5073 1539 5126 οὐκ
1567 5074 1682 5126 ἔστι
1716 5074 1809 5127 τὸν
1857 5074 1947 5127 λέ-

350 5170 519 5230 γοντα
544 5161 642 5232 τὴν
682 5162 776 5216 τοῦ
818 5162 961 5215 Θεοῦ
999 5162 1281 5234 ἐνέργειαν
1323 5163 1568 5235 κτιστὴν,
1610 5163 1672 5217 τὸ
1701 5167 1945 5235 ἐνεργεῖν

349 5271 412 5308 τε
442 5255 537 5307 καὶ
576 5256 932 5326 δημιουργεῖν
966 5257 1131 5310 αὐτὸν
1167 5256 1441 5316 ἁκτίστως
1466 5256 1613 5327 ἔχειν
1643 5258 1866 5312 οἴεσθαι.

430 5354 540 5417 pp}.
600 5348 890 5419 Κτίσματα
927 5349 1021 5403 τοῦ
1054 5350 1189 5402 Θεοῦ
1239 5351 1334 5402 καὶ
1385 5352 1492 5402 eici.
1543 5352 1638 5404 καὶ
1697 5351 1948 5420 λέγονται

356 5441 509 5509 παρὰ
532 5440 640 5494 τῶν
663 5442 905 5505 εὐσεϐῶς
931 5442 1293 5513 φρονούντων,
1319 5444 1418 5513 οὐχ
1447 5446 1480 5512 ἡ
1505 5443 1599 5497 τοῦ
1627 5443 1763 5498 Θεοῦ
1794 5446 1948 5517 ἐνέρι

352 5549 480 5601 γεια
542 5534 686 5587 κατὰ
724 5536 851 5598 τοὺς
906 5535 1015 5588 τῶν
1055 5538 1316 5590 ἐναντίων
1366 5536 1587 5607 λήρους,
1630 5538 1812 5607 ἄπαγε
1851 5540 1950 5609 τῆς

356 5624 656 5689 άσεὸείαςί
697 5626 833 5679 ἀλλὰ
861 5626 959 5697 τῆς
1009 5628 1157 5690 θείας
1214 5627 1493 5699 ἐνεργείας
1531 5628 1952 5699 ἀποτελέσματα

351 5718 469 5771 ἐστι
504 5721 572 5771 τὰ
596 5720 897 5790 κτίσματα.
959 5718 1023 5773 El
1052 5720 1163 5791 γάρ
1196 5722 1265 5775 τὰ
1306 5721 1582 5792 κτίσματα
1608 5722 1641 5791 ἡ
1671 5721 1946 5793 ἐνέργεια,

352 5809 386 5880 ἢ
414 5809 645 5864 ἄκτιστα
682 5810 855 5866 ταῦτά
898 5813 1046 5867 ἐστιν
1102 5812 1167 5885 (ὣ
1210 5814 1306 5884 τῆς
1332 5813 1634 5885 παρανοίας
1654 5813 1717 5884 ί),
1746 5813 1821 5877 ὡς
1851 5817 1947 5868 καὶ

353 5903 486 5975 πρὶν
514 5903 803 5975 κτισθῆναι
836 5907 985 5972 ὄντα,
1024 5906 1056 5977 ἢ
1090 5908 1198 5978 πρὸ
1244 5906 1355 5962 τῶν
1398 5907 1715 5978 κτισμάτων
1750 5907 1816 5980 (ὦ
1844 5911 1943 5979 τῆς

2059 2051 2158 2092 sua
2193 2038 2429 2091 essentia
2463 2038 2775 2092 distinctam
2809 2038 3031 2105 (etenim
3062 2037 3280 2106 praescit
3310 2044 3365 2090 et
3391 2034 3636 2105 providet

2055 2126 2338 2193 inferiora,
2379 2136 2436 2183 et
2477 2127 2632 2192 facit,
2665 2137 2719 2183 et
2757 2137 3066 2193 conservat,
3098 2138 3154 2182 et
3183 2126 3343 2197 regit,
3377 2135 3431 2180 et
3460 2134 3637 2179 mutat

2052 2220 2120 2274 ad
2156 2221 2436 2290 proprium
2470 2228 2660 2274 nutum
2710 2230 2769 2274 ut
2792 2220 2896 2274 sibi
2944 2220 3207 2290 videtur),
3242 2219 3366 2273 inde
3397 2217 3640 2271 ostendi-

2054 2320 2146 2367 tur
2166 2325 2287 2367 esse
2314 2312 2366 2365 in
2401 2312 2728 2379 substantia,
2766 2313 2910 2367 haud
2952 2327 3078 2366 vero
3108 2311 3344 2368 essentia
3375 2325 3478 2364 non
3515 2309 3640 2362 sub-

2054 2401 2274 2457 sistens.
2307 2403 2470 2473 Atqui
2499 2417 2690 2458 omnes
2719 2404 3028 2473 bujusmodi
3054 2404 3422 2472 Operationes,
3452 2416 3556 2455 non
3585 2414 3635 2451 in

2054 2504 2183 2558 una,
2232 2494 2325 2547 sed
2371 2494 2424 2547 in
2459 2494 2635 2550 tribus
2672 2496 3039 2550 subsistentiis
3065 2496 3275 2549 habens
3313 2494 3455 2548 Deus
3483 2492 3638 2546 nobis

2055 2585 2366 2642 innotescit.
2414 2587 2725 2642 Adversarii
2785 2602 2915 2642 vero
2969 2588 3213 2641 dicentes
3264 2600 3372 2639 non
3432 2584 3639 2638 habere

2054 2678 2222 2734 Deum
2255 2681 2627 2749 operationem
2662 2681 2964 2735 naturalem
3001 2694 3113 2734 sua:
3133 2678 3466 2733 exsisteutize
3497 2677 3639 2729 indi-

2054 2785 2196 2837 cem,
2231 2772 2461 2841 ideoque
2490 2789 2519 2826 a
2545 2788 2643 2828 sua
2678 2773 2917 2828 essentia
2976 2772 3316 2835 distinctam,
3344 2771 3397 2824 in
3451 2770 3633 2823 subsi-

2057 2868 2258 2920 stentia
2277 2881 2400 2921 esse
2434 2866 2604 2920 Deum
2637 2875 2877 2936 negant;
2910 2877 2963 2920 et
2990 2865 3219 2918 minime
3251 2862 3635 2917 subsistentem

2054 2962 2394 3016 contendunt
2445 2964 2648 3015 trinum
2715 2958 3083 3015 subsistentiis
3150 2957 3458 3019 Dominum,
3487 2963 3637 3007 tanto

2054 3060 2377 3120 superantes
2430 3067 2597 3121 prava
2654 3050 2904 3107 doctrina
2958 3050 3216 3119 Libycum
3283 3045 3580 3101 Sabelliuin
3614 3082 3634 3113 ,

2055 3156 2263 3215 quanto
2294 3147 2525 3216 nequior
2547 3153 2632 3201 est
2664 3144 2803 3199 mala
2836 3142 3042 3213 pietate
3072 3141 3342 3210 impietas.

2036 3420 2041 3425 ’
2129 3421 2255 3476 138.
2284 3420 2471 3474 Trium
2504 3418 2811 3472 divinarum
2852 3426 3213 3485 personarum
3249 3409 3494 3479 operatio
3529 3421 3634 3461 una

2052 3525 2160 3579 est,
2190 3515 2332 3568 haud
2351 3512 2568 3582 quidem
2602 3509 2820 3573 similis,
2847 3517 2901 3561 ut
2942 3508 3080 3574 apud
3119 3520 3238 3570 nos,
3260 3505 3353 3556 sed
3379 3515 3505 3555 vere
3528 3514 3633 3553 una

2050 3619 2302 3661 numero.
2335 3603 2487 3670 Quod
2526 3599 2824 3656 adversarii
2865 3599 3046 3653 dicere
3081 3611 3185 3649 non
3219 3601 3467 3663 possunt,
3504 3592 3632 3661 quia

2053 3698 2227 3753 tribus
2251 3709 2600 3751 communem
2629 3707 2753 3748 esse
2780 3692 3082 3746 increatam
3116 3688 3490 3757 operationem
3534 3697 3632 3738 ue-

2048 3795 2198 3861 gant,
2224 3796 2279 3842 et
2318 3799 2587 3856 personae,
2627 3783 2780 3853 juxta
2809 3796 2923 3845 eos,
2959 3789 3084 3836 sunt
3117 3779 3202 3832 sui
3244 3777 3471 3831 invicem
3498 3789 3633 3844 ope-

2049 3880 2312 3941 rationes,
2344 3876 2488 3930 haud
2521 3889 2653 3929 vero
2684 3871 2996 3927 communis
3029 3877 3116 3925 est
3144 3868 3327 3923 divina
3362 3865 3629 3935 operatio;

2047 3978 2104 4025 et
2136 3970 2209 4024 ita
2244 3969 2427 4024 dicere
2471 3973 2746 4035 nequeunt
2778 3978 2940 4016 uuam
2982 3976 3107 4017 esse
3160 3961 3323 4014 trium
3357 3958 3631 4027 Operatio-

2059 4077 2210 4126 nem,
2241 4060 2335 4116 sed
2363 4059 2525 4113 aliam
2574 4057 2679 4112 alia
2713 4057 2793 4111 sic
2815 4055 3178 4113 destruentes.
3210 4051 3336 4105 inde
3367 4065 3472 4103 non
3503 4047 3631 4104 sub-

2048 4154 2333 4209 sistentem
2377 4152 2585 4207 faciunt
2617 4150 2819 4205 trinum
2844 4144 3217 4202 subsistentiis
3240 4143 3431 4197 Deum.

2122 4341 2249 4397 l39.
2296 4339 2506 4407 Quibus
2568 4335 2827 4391 haeretico
2879 4347 3067 4389 errore
3114 4332 3292 4385 anima
3362 4336 3627 4400 aegrotat,

2046 4444 2288 4491 creatam
2323 4433 2402 4486 illi
2426 4432 2675 4487 dicentes
2697 4429 3013 4484 distinctam
3044 4440 3073 4478 a
3107 4426 3199 4480 Dei
3231 4423 3471 4478 essentia
3500 4436 3633 4489 Ope-

2046 4527 2341 4593 rationem,
2368 4534 2612 4582 creatum
2644 4536 2857 4592 quoque
2894 4522 2945 4573 in
2990 4519 3098 4571 Deo
3132 4525 3419 4570 autumant
3449 4523 3630 4569 aetum

1979 4612 2023 4666 Ῑ)
2048 4619 2298 4680 creandi,
2331 4633 2429 4673 seu
2482 4615 2625 4685 quod
2672 4615 2815 4667 idem
2854 4621 2959 4675 est,
3003 4610 3325 4664 ereatricem
3365 4606 3483 4677 ejus
3532 4622 3630 4674 po-

2048 4711 2277 4765 tentiam
2309 4726 2323 4764 :
2350 4722 2461 4761 non
2491 4706 2636 4760 enim
2666 4702 2884 4772 operari
2909 4707 3005 4754 aut
3040 4713 3231 4753 creare
3262 4698 3471 4765 absque
3495 4711 3622 4766 ope-

2046 4801 2260 4854 ratione
2296 4804 2493 4867 potest,
2518 4797 2660 4850 sicut
2697 4807 2798 4848 nec
2831 4793 3095 4846 exsistere
3130 4786 3332 4857 absque
3361 4785 3630 4841 exsisten-

2050 4889 2142 4942 tia.
2178 4889 2250 4943 Ut
2288 4888 2455 4954 igitur
2499 4884 2590 4953 qui
2625 4892 2864 4938 creatam
2922 4880 3055 4935 dicit
3101 4877 3195 4930 Dei
3227 4877 3627 4943 exsistentiam,

2045 4991 2239 5049 putare
2298 4978 2492 5047 nequit
2545 4976 2847 5031 increatum
2883 4972 2937 5027 in
2977 4987 3041 5026 eo
3081 4987 3201 5027 esse
3238 4980 3417 5026 actum
3480 4969 3630 5024 exsi-

2046 5071 2229 5127 steudi
2272 5071 2577 5134 exsistere;
2614 5068 2687 5122 ita
2711 5067 2807 5136 qui
2842 5074 3109 5121 eretatam
3136 5064 3267 5120 dicit
3306 5063 3398 5118 Dei
3434 5076 3631 5131 opera-

2045 5165 2272 5229 tionem,
2300 5172 2493 5231 putare
2526 5161 2714 5231 nequit
2747 5160 3048 5215 increatum
3079 5159 3131 5213 in
3170 5172 3236 5213 eo
3283 5170 3405 5212 esse
3442 5164 3625 5210 actum

2042 5257 2314 5337 Operandi
2352 5266 2407 5310 et
2426 5254 2675 5311 creandi.

2116 5351 2241 5406 140.
2275 5349 2555 5406 Creatura:
2590 5350 2684 5405 Dei
2725 5363 2829 5405 nec
2868 5359 2995 5403 sunt
3024 5361 3125 5403 nec
3171 5344 3429 5400 dicuntur
3470 5356 3499 5395 a
3537 5340 3630 5411 pie

2041 5445 2437 5509 sentientibus,
2473 5444 2721 5513 operatio
2750 5444 2871 5504 Dei.
2910 5452 2970 5496 ut
3021 5437 3319 5495 adversarii
3372 5435 3630 5499 delirant,

2052 5538 2189 5605 proh
2234 5536 2518 5607 impietas!
2543 5536 2637 5591 sed
2661 5536 2857 5589 divinae
2881 5531 3220 5603 Operationis
3248 5527 3478 5583 eti‘ectus
3503 5534 3632 5581 sunt

2047 5637 2338 5683 creaturae.
2370 5626 2426 5683 Si
2460 5627 2605 5683 enim
2631 5636 2892 5682 creatura:
2921 5633 3110 5680 essent
3136 5621 3400 5691 operatio,
3431 5618 3516 5674 vel
3552 5620 3629 5672 in-

2041 5730 2241 5776 ereatae
2296 5730 2484 5777 essent
2521 5723 2605 5791 (ο
2645 5718 3046 5782 absurditasl),
3092 5718 3163 5772 ita
3222 5724 3283 5770 ut
3331 5723 3626 5782 antequam

2041 5822 2365 5870 crearentur
2397 5816 2780 5879 exstitissent;
2807 5812 2888 5867 vel
2913 5821 3041 5866 ante
3064 5810 3396 5865 creationem
3427 5807 3481 5875 (ο
3516 5806 3624 5858 im-

2042 5902 2275 5971 pietas!)
2313 5918 2419 5958 non
2459 5903 2736 5959 habuisset
2783 5900 2921 5957 Deus
2971 5899 3377 5971 operationem,
3402 5894 3494 5969 qui
3536 5906 3625 5951 ta-
