4020 6518
367 419 511 484 1219
560 499 568 506 ,

1625 419 2016 483 GREGOBII
2076 419 2406 482 PALAME
2475 464 2479 469 -

3513 410 3646 478 1220

373 553 498 591 men
532 544 618 592 est
650 534 719 591 ab
735 544 944 592 aeterno
963 549 1136 606 agens
1155 544 1214 590 et
1235 536 1609 603 omnipotens.
1646 536 1766 592 Non
1797 538 1966 608 igitur

2089 534 2390 599 ἰυσσεδείας
2412 534 2462 605 ί)
2489 533 2592 588 οὐκ
2621 528 2772 603 εἶχεν
2804 529 2833 584 6
2853 527 2987 592 Θεὸς
3008 527 3316 598 ἐνέργειαν.
3356 527 3518 582 Ἀλλὰ
3543 531 3649 599 μὴν

374 643 503 685 sunt
525 639 796 688 creaturae
839 631 1085 698 operatio
1119 630 1234 696 Dei,
1290 630 1386 685 sed
1412 645 1580 700 opera
1614 641 1670 686 et
1707 630 1962 697 ell'ectus,

2071 627 2132 695 ἐξ
2157 628 2328 682 ἀϊδίου
2359 627 2599 698 ἐνεργής
2623 626 2745 680 ἐστι
2779 626 2874 678 καὶ
2924 622 3358 694 παντοδύναμος,
3393 621 3586 677 οὐκοῦν
3614 625 3648 692 il

373 741 700 796 quocunque
728 727 950 780 nomine
1002 737 1292 782 vocentur.
1331 725 1588 794 Operatio
1648 735 1833 779 autem
1872 724 1961 780 Dei

2089 723 2166 776 τοῦ
2192 721 2331 775 Θεοῦ
2361 721 2638 788 ἐνέργεια,
2672 717 2812 772 ἀλλὰ
2835 717 2904 772 τὰ
2928 716 3320 787 ἐνεργηθέντα,
3347 717 3440 770 καὶ
3456 717 3655 770 ἀποτε-

373 818 614 872 increata
648 830 732 873 est
758 831 815 874 et
845 830 1119 875 coaeterna
1154 818 1288 885 Deo,
1317 819 1475 888 iuxta
1514 818 1820 888 theologos.

2073 815 2362 876 λεσθέντα,
2395 814 2549 874 ὅπως
2599 809 2667 866 ἂν
2710 811 2811 865 καὶ
2838 806 3221 880 ὀνομάζοιντο,
3273 807 3484 863 ἐστιτὰ
3533 810 3653 862 κτί-

372 933 574 988 σματα.
624 917 686 970 'H
721 919 778 970 δέ
818 918 914 970 τοῦ
942 917 1081 972 Θεοῦ
1114 918 1370 984 ἐνέργεια
1401 917 1668 982 ἄκτιστός
1693 915 1931 970 ἐστικαὶ
1964 913 2240 976 συναῖδιος
2267 911 2413 976 Θεῷ,
2436 912 2581 966 κατὰ
2605 912 2731 974 τοὺς
2761 909 3067 976 θεολόγους.

453 997 575 1051 Ml.
604 995 724 1050 Non
754 1009 819 1047 ex
849 993 1088 1048 essentia
1113 993 1389 1063 operatio,
1419 994 1515 1048 sed
1539 1008 1604 1048 ex
1638 993 1964 1062 operatione

391 1088 628 1142 essentia
661 1087 1006 1155 dignoscitur
1035 1100 1181 1153 esse,
1210 1101 1317 1138 non
1353 1096 1535 1140 tamen
1571 1085 1700 1155 quid
1744 1086 1836 1141 sit.
1870 1083 1976 1138 Ita-

379 1196 485 1249 que
510 1181 657 1237 Deus
693 1195 802 1233 non
838 1195 903 1232 ex
947 1195 1044 1233 sua
1099 1181 1364 1241 essentia,
1399 1176 1495 1231 sed
1538 1192 1606 1231 ex
1649 1193 1744 1232 sua
1788 1177 1975 1245 provi-

385 1275 593 1335 dentia,
665 1273 819 1340 juxta
871 1272 1154 1341 theologos
1185 1309 1199 1335 ,
1248 1269 1599 1341 cognoscitur
1657 1283 1801 1324 esse.
1851 1269 1975 1324 Ideo

385 1368 555 1422 etiam
593 1367 854 1421 distincta
886 1373 970 1420 est
1003 1365 1072 1418 ab
1095 1365 1331 1418 essentia
1367 1364 1638 1434 Operatio,
1661 1365 1788 1433 quia
1827 1362 1972 1432 quod

382 1460 585 1514 indicat
647 1469 731 1514 est
773 1459 1045 1528 operatio,
1072 1458 1219 1526 quod
1274 1474 1407 1513 vero
1448 1474 1510 1512 ea
1569 1459 1870 1521 iudicatur,
1893 1467 1978 1514 est

381 1554 644 1608 essentia.
684 1556 755 1608 At
801 1553 1075 1607 haeretica
1123 1551 1424 1621 impietatis
1475 1551 1693 1620 patroni
1748 1552 1979 1606 suadere

384 1646 668 1710 studentes
728 1663 836 1699 non
893 1646 1209 1699 distinctam
1261 1660 1383 1698 esse
1418 1659 1448 1697 a
1492 1644 1672 1698 divina
1733 1644 1978 1698 essentia

391 1740 632 1794 divinam
679 1742 1078 1808 operationem,
1106 1739 1364 1795 indicium
1419 1738 1512 1793 Dei
1559 1737 1860 1792 auferendo
1897 1737 1980 1790 iu-

386 1833 586 1885 ducere
633 1848 734 1886 nus
767 1833 964 1886 volunt
997 1845 1056 1886 ut
1088 1847 1194 1887 non
1221 1845 1622 1902 cognoscamus
1645 1829 1814 1885 Deum
1835 1843 1974 1884 esse.

2153 998 2300 1065 ρμαν.
2327 991 2444 1046 Οὐκ
2473 992 2538 1045 ἐκ
2567 992 2668 1064 τῆς
2691 991 2884 1055 οὐσίας
2939 993 2974 1065 ἠ
3023 993 3304 1065 ἐνέργεια,
3333 992 3449 1048 ἀλλ’
3476 995 3541 1048 ἐκ
3565 995 3662 1065 τῆς

2077 1084 2362 1155 ἐνεργείας
2408 1087 2442 1155 ἡ
2487 1084 2644 1138 οὐσία
2673 1085 3004 1157 γνωρίζεται
3049 1087 3133 1140 ὅτι
3172 1086 3313 1151 ἐστι,
3344 1086 3463 1141 ἀλλ’
3509 1087 3571 1140 οὐ
3612 1089 3667 1141 τί

2075 1179 2216 1230 ἐστι.
2247 1179 2339 1230 Διὸ
2370 1178 2465 1232 καὶ
2494 1179 2523 1232 6
2555 1177 2710 1242 Θεὸς,
2741 1179 2844 1232 οὐκ
2866 1181 2932 1232 ὲκ
2953 1181 3054 1251 τῆς
3081 1179 3288 1245 οὐσίας,
3325 1179 3438 1234 ἀλλ’
3479 1181 3542 1234 ἐκ
3568 1183 3664 1252 τῆς

2077 1271 2337 1340 προνοίας
2398 1271 2567 1324 αὐτοῦ
2624 1271 2980 1340 γινώσκεται,
3036 1272 3178 1327 κατὰ
3202 1272 3328 1337 τοὺς
3365 1272 3662 1342 θεολόγους,

2074 1364 2158 1418 ὅτι
2187 1362 2330 1416 ἐστι.
2363 1364 2626 1436 Διαφέρει
2672 1365 2730 1419 δέ
2781 1367 2876 1420 καὶ
2909 1365 3052 1420 κατὰ
3096 1367 3256 1420 τοῦτο
3287 1367 3385 1434 τῆς
3413 1367 3598 1431 οὐσίας
3626 1371 3662 1438 ἡ

2076 1454 2348 1524 ἐνέργεια,
2400 1455 2483 1508 ὅτι
2530 1457 2592 1509 τὸ
2647 1456 2748 1527 μὲν
2786 1459 3245 1534 γνωρίζονηέστὶν
3289 1460 3323 1530 ὴ
3376 1459 3660 1528 ἐνέργεια·

2076 1547 2138 1602 τὸ
2175 1548 2235 1601 δὲ
2266 1547 2334 1604 δι’
2389 1549 2562 1619 αὐτῆς
2605 1550 3011 1622 γνωριζόμενον
3068 1552 3151 1606 ὅτι
3203 1552 3371 1616 ἐστιν,
3425 1553 3453 1623 ί]
3509 1553 3665 1606 οὐσία

2076 1639 2249 1694 ἐστίν.
2292 1640 2356 1692 Oi
2414 1640 2472 1693 δὲ
2526 1641 2630 1711 τῆς
2683 1643 2978 1710 κακοδόξου
3024 1645 3343 1707 δυσσεϐείας
3380 1647 3665 1716 συνήγοροι

2079 1731 2404 1796 σπεύδοντες
2426 1734 2640 1787 πείθειν
2671 1735 2838 1806 μηδὲν
2870 1736 3151 1806 διαφέρειν
3181 1737 3280 1808 τῆς
3302 1736 3448 1800 θείας
3480 1737 3664 1801 οὐσίας

2077 1824 2177 1894 τὴν
2228 1823 2380 1878 θείαν
2413 1826 2718 1897 ἐνέργειαν,
2752 1828 2912 1884 τοῦτο
2947 1829 3269 1884 σπεύδουσιν
3298 1831 3443 1901 ἡμᾶς
3491 1847 3664 1884 κατα-

387 1924 486 1988 Qui
518 1933 698 1978 autem
741 1926 846 1979 hoc
892 1925 1090 1990 nescit,
1121 1926 1360 1980 maxime
1399 1925 1642 1979 omnium
1687 1925 1882 1979 atlieus
1922 1932 1980 1979 et

2089 1921 2266 1969 πεῖσαι
2292 1916 2352 1974 τὸ
2378 1921 2742 1988 γνωριστικὸν
2761 1921 3134 1993 ἀναιροῦντες,
3171 1922 3246 1993 μὴ
3272 1922 3558 1991 γινώσκειν
3583 1924 3663 1976 ὅτι

388 2015 619 2071 insanus
648 2026 754 2071 est.

2079 2009 2225 2062 ἐστιν
2247 2013 2276 2064 6
2313 2010 2447 2074 Θεός
2479 2026 2494 2042 ⁶
2528 2012 2604 2074 ὡς
2638 2014 2772 2083 μηδέ
2810 2015 3007 2070 ἐκεῖνοι
3037 2017 3256 2080 πάντως
3282 2015 3658 2085 γινώσκοντες.

397 2099 454 2150 '0
492 2098 550 2152 δὲ
595 2097 670 2172 μὴ
704 2101 866 2156 τοῦτο
888 2100 1197 2170 γινώσκων,
1233 2098 1546 2159 ἀθεώτατός
1577 2113 1637 2148 τε
1663 2097 1761 2148 καὶ
1783 2092 2194 2164 ἀφρονέστατος
2215 2095 2436 2153 πάντων
2477 2097 2545 2150 ἂν
2574 2096 2686 2166 εἴη.

475 2191 600 2248 142.
630 2192 765 2250 Cum
812 2206 996 2250 autem
1051 2197 1238 2253 dicunt
1266 2197 1357 2252 isti
1394 2198 1504 2254 Deo
1557 2199 1738 2255 inesse
1765 2199 1985 2268 quidem

399 2287 806 2354 operationem,
841 2290 936 2345 sed
969 2291 1038 2345 ab
1085 2291 1324 2346 essentia
1379 2293 1602 2348 minime
1645 2292 1984 2358 distinctam,

398 2379 749 2436 dissimulare
776 2394 1048 2439 conantur
1082 2401 1237 2441 suam
1274 2385 1634 2454 impietatem,
1662 2392 1717 2441 et
1743 2386 1988 2454 captiose

395 2471 679 2527 auditores
748 2475 1001 2545 decipere
1055 2488 1110 2533 et
1161 2477 1374 2534 fallere.
1407 2478 1499 2533 Sic
1555 2479 1717 2533 etiam
1751 2477 1990 2550 Libycus

399 2564 488 2620 ille
522 2567 791 2623 Sabellitts
821 2570 1033 2626 dicebat
1061 2572 1257 2626 Filium
1296 2586 1422 2626 esse
1448 2587 1479 2626 a
1503 2572 1612 2626 Deo
1629 2573 1792 2628 Patre
1809 2574 1989 2627 nulla-

401 2668 558 2715 tenus
633 2664 981 2719 distinctum.
1055 2663 1126 2721 Ut
1195 2666 1364 2735 igitur
1411 2667 1502 2722 ille
1555 2667 1988 2723 convincebatur

396 2755 622 2809 Patrem
685 2755 868 2812 dicere
944 2757 1063 2814 sine
1124 2757 1267 2815 Filio
1327 2761 1669 2830 persoualem
1703 2761 1990 2831 utriusque

395 2845 807 2904 distinctionem
857 2853 1149 2920 negando;
1184 2854 1255 2908 ita
1306 2854 1393 2908 isti
1427 2869 1592 2918 nunc,
1618 2855 1841 2916 minime
1873 2855 1987 2909 dis-

395 2941 621 2996 tinctam
653 2945 954 2999 asserendo
986 2962 1015 2998 a
1057 2945 1240 3000 divina
1283 2950 1528 3002 essentia
1578 2949 1820 3003 divinam
1858 2963 1989 3017 ope-

396 3035 690 3102 rationem,
716 3037 923 3092 nullam
957 3037 1067 3094 Deo
1092 3043 1465 3109 operationem
1498 3042 1800 3096 attribuerc
1855 3056 1987 3096 con-

403 3128 720 3182 vincuntur.
748 3128 804 3183 Si
846 3130 992 3184 enim
1027 3133 1109 3186 lim
1141 3148 1246 3187 non
1275 3133 1388 3187 sint
1409 3135 1705 3203 distinctae,
1748 3150 1911 3208 agere
1933 3144 1990 3191 et

2166 2201 2316 2274 ρμβ’.
2347 2203 2518 2258 ’Ὀταν
2542 2203 2600 2256 δέ
2645 2202 2880 2270 λέγωσιν
2925 2196 3071 2258 οὐτοι
3102 2201 3177 2266 ὡς
3206 2203 3321 2273 ἔχει
3355 2203 3450 2274 μὲν
3483 2206 3510 2256 6
3543 2204 3670 2267 Θεὸς

2093 2295 2402 2360 ἐνεργειαν,
2452 2297 2588 2349 ἀλλὰ
2634 2297 2732 2364 τῆς
2787 2295 2976 2357 οὐσίας
3026 2296 3289 2364 μηδαμῶς
3336 2296 3474 2348 κατὰ
3509 2298 3670 2364 μηδὲν

2093 2389 2486 2460 διαφέρουσαν,
2539 2384 2859 2451 συσκιάζειν
2906 2385 3206 2457 πειρῶνται
3261 2383 3358 2438 καὶ
3411 2381 3553 2436 οὕτω
3579 2381 3678 2453 τὴν

2093 2484 2304 2536 οἰκείαν
2332 2480 2674 2546 δυσσέϐειαν,
2703 2479 2802 2535 καὶ
2843 2479 3172 2548 σοφιστικῶς
3219 2478 3348 2540 τούς
3380 2476 3677 2537 ἀκούοντας

2093 2575 2544 2649 παρακρούεσθαι
2570 2577 2664 2629 καὶ
2701 2574 2941 2645 ἀπατᾷν.
2979 2572 3142 2628 Οὐτω
3193 2571 3301 2642 γὰρ
3326 2573 3419 2624 καὶ
3449 2572 3479 2622 6
3509 2571 3675 2632 Λίευς

2092 2669 2299 2732 ἐκεῖνος
2327 2667 2616 2730 Σαδέλλιος
2650 2665 2805 2734 έλεγε
2851 2667 2946 2720 καὶ
2973 2665 3104 2718 Υίὸν
3144 2663 3288 2735 ἔχειν
3339 2661 3431 2715 τὸν
3461 2662 3673 2728 Πατέρα

2094 2763 2190 2816 κοιλ¹
2224 2762 2378 2826 Θεὸν,
2413 2761 2582 2832 μηδὲν
2610 2759 2781 2814 αὐτοῦ
2827 2760 3176 2831 διαφέροντα.
3230 2756 3319 2820 Ὣς
3351 2756 3444 2810 οὐν
3471 2760 3675 2818 sum;

2093 2855 2360 2926 ἠλέγχετο
2389 2854 2612 2924 Πατέρα
2650 2854 2828 2922 λέγων
2861 2853 2990 2906 Υίοῦ
3027 2850 3220 2922 χωρὶς,
3261 2851 3359 2919 τὴν
3387 2845 3503 2902 καθ’
3539 2845 3672 2897 ὑπό-⁹

2095 2967 2286 3003 στασιν
2329 2949 2509 3003 αὐτῶν
2561 2947 2827 3018 διαφορὰν
2877 2947 3210 3017 ἀρνούμενος
3238 2961 3253 2976 ·
3309 2942 3481 3004 οὕτως
3525 2934 3674 2993 οὗτοι

2093 3042 2213 3106 νῦν,
2254 3043 2376 3096 κατ’
2409 3042 2565 3096 οὐδὲν
2596 3026 2881 3112 διαφέρειν
2907 3040 3160 3109 λέγοντες
3185 3037 3286 3108 τῆς
3311 3037 3463 3100 θείας
3489 3035 3674 3099 οὐσίας

2051 3207 2055 3212 ι
2092 3137 2194 3205 τὴν
2226 3133 2378 3188 θείαν
2410 3134 2718 3203 ἐνέργειαν,
2754 3132 2856 3185 οὐκ
2887 3131 3033 3202 ἔχειν
3065 3131 3203 3194 ὅλως
3243 3129 3332 3183 τὸν
3359 3128 3490 3182 Θεὸν
3521 3127 3676 3198 ἐνέρ-

401 3221 619 3290 operari
651 3223 840 3291 nequit
881 3222 1023 3278 Dens
1049 3240 1064 3288 ;
1095 3241 1199 3280 non
1226 3226 1372 3280 enim
1410 3237 1592 3296 potest
1623 3228 1839 3298 operari
1867 3228 1985 3282 sine

2092 3247 2249 3300 γειαν
2277 3229 2676 3299 ἀπελέγχονται
2710 3225 3059 3297 φρονοῦντες.
3088 3225 3150 3276 Ei
3177 3224 3285 3294 γὰρ
3313 3221 3476 3292 μηδὲν
3504 3220 3675 3274 ταῦτα

398 3313 738 3380 Operatione,
764 3313 917 3382 juxta
964 3318 1264 3388 theologos,
1299 3320 1444 3374 sicut
1487 3337 1615 3388 nec,
1641 3322 1799 3390 juxta
1855 3337 1987 3379 eos-

397 3405 547 3474 dem,
605 3409 873 3464 exsistere
919 3409 1039 3465 sine
1063 3412 1414 3466 exsistentia.
1475 3411 1705 3484 Insuper
1749 3417 1988 3475 divinam

405 3502 782 3570 operationem
839 3502 1157 3557 diSIinctam
1223 3518 1348 3560 esse
1395 3519 1426 3558 a
1496 3507 1681 3562 divina
1720 3512 1986 3579 essentia,

397 3596 598 3651 abhinc
663 3597 828 3650 etiam
879 3607 1027 3666 patet
1092 3598 1230 3653 bene
1285 3600 1675 3658 sentientibus.
1729 3603 1991 3674 Operatio

395 3686 541 3739 aliud
595 3696 860 3756 operatur
905 3687 1048 3756 quod
1109 3688 1231 3759 ipse
1289 3704 1531 3760 operans
1590 3709 1697 3748 non
1751 3707 1858 3751 est.
1897 3697 1991 3753 Sic

405 3790 667 3850 operatur
689 3789 742 3833 et
787 3779 918 3835 facit
951 3779 1094 3835 Deus
1119 3791 1423 3850 creaturas,
1450 3785 1566 3854 ipse
1604 3801 1731 3842 vero
1771 3789 1992 3844 increa-

398 3881 488 3926 tus
509 3881 610 3926 est.
652 3873 715 3926 Et
740 3874 933 3929 relatio
989 3889 1208 3944 semper
1245 3877 1311 3931 ad
1361 3877 1509 3933 aliud
1555 3879 1793 3938 dicitur:
1821 3881 1992 3938 Filius

395 3967 542 4019 enim
573 3967 774 4021 dicitur
807 3969 873 4022 ad
905 3971 1164 4036 Patrem;
1194 3980 1348 4039 pater
1376 3983 1559 4028 autem
1608 3989 1885 4045 nunquam
1905 3986 1992 4034 est

397 4060 571 4127 patris
612 4059 798 4126 lilius;
832 4061 976 4116 sicut
1030 4062 1197 4134 igitur
1236 4063 1577 4130 impossibile
1620 4077 1710 4123 est
1765 4069 1991 4124 relatio-

397 4168 520 4207 nem
553 4170 656 4208 non
695 4156 1006 4210 distinctam
1037 4172 1162 4213 esse
1194 4160 1262 4215 ab
1324 4161 1585 4227 essentia,
1615 4171 1675 4217 et
1730 4177 1836 4218 non
1869 4177 1994 4219 esse

397 4246 620 4300 modum
675 4247 1025 4314 substantiae,
1083 4251 1181 4306 sed
1249 4251 1425 4321 ipsam
1477 4253 1879 4322 substantiam;
1916 4258 1991 4314 ita

398 4337 626 4392 minime
673 4339 933 4404 possibile
963 4350 1045 4396 est
1081 4343 1457 4412 operationem
1499 4360 1608 4400 non
1641 4362 1766 4403 esse
1806 4346 1875 4402 ab
1900 4363 1993 4404 es-

395 4428 570 4480 sentia
613 4427 953 4496 distinctam,
988 4434 1082 4487 sed
1107 4435 1402 4490 essentiam
1433 4451 1581 4506 esse,
1618 4439 1748 4495 licet
1778 4439 1993 4497 dissert-

398 4522 540 4576 tiant
569 4524 898 4580 adversarii.

475 4704 598 4759 H5.
631 4705 860 4778 Magnus
889 4707 1126 4764 Basilius
1153 4712 1208 4766 in
1249 4711 1606 4783 syllogisticis
1631 4715 1907 4786 capitibus
1927 4719 1992 4775 de

345 4851 363 4861 ό
401 4791 513 4849 Deo
546 4811 857 4853 sermonem
911 4801 1120 4857 faciens
1165 4804 1302 4859 dicit
1345 4823 1360 4860 :
1395 4823 1414 4858 ‹
1440 4805 1703 4876 Operatio
1749 4825 1855 4864 non
1907 4821 1992 4867 est

396 4899 676 4958 operator,
712 4907 814 4949 nec
846 4909 1026 4963 Opus;
1066 4912 1174 4951 non
1204 4897 1371 4968 igitur
1412 4899 1482 4955 ab
1531 4903 1778 4958 essentia
1820 4905 1992 4958 indis-

402 4995 556 5036 creta
601 4995 687 5040 est
739 4989 1012 5057 operatio.
1039 5009 1058 5042 ι
1089 4987 1156 5044 Et
1206 4992 1363 5047 divus
1408 4993 1666 5065 Cyrillus,
1695 4999 1760 5051 de
1797 4995 1906 5052 Deo
1937 5005 1992 5050 et

399 5075 526 5144 ipse
579 5077 880 5144 disserens,
915 5081 967 5135 id
1029 5082 1190 5138 docet
1237 5101 1252 5139 :
1313 5085 1569 5143 «Facere
1631 5087 1848 5157 quidem
1907 5098 1991 5146 est

397 5170 735 5238 operationis
765 5189 779 5238 ;
817 5183 1026 5230 uatum
1055 5191 1208 5244 vero,
1245 5193 1508 5248 generare
1538 5198 1552 5246 ;
1581 5189 1772 5235 natura
1806 5188 1989 5236 autem

397 5269 455 5312 et
501 5263 746 5331 operatio
781 5280 888 5320 non
909 5278 1038 5322 sunt
1065 5268 1228 5324 idem.
1257 5289 1275 5322 ι
1307 5269 1374 5323 Ει
1399 5271 1573 5327 deiler
1599 5273 1987 5331 Damascenus:

405 5368 425 5402 ι
450 5351 601 5423 Opus
628 5356 836 5413 divina:
862 5360 1181 5425 voluntatis.
1218 5365 1446 5420 creatio.
1480 5383 1500 5418 ι
1536 5363 1600 5418 Ει
1631 5366 1759 5420 alibi
1797 5381 1990 5423 sursus

408 5443 554 5500 idem
582 5448 729 5504 clare
763 5452 898 5507 dicit
937 5470 954 5511 :
1004 5474 1023 5506 ι
1048 5455 1207 5509 Aliud
1243 5466 1328 5512 est
1366 5457 1615 5528 operatio
1658 5473 1820 5528 quam
1857 5475 1989 5529 ope-

404 5551 555 5594 rans.
581 5541 844 5612 Operatio
871 5547 1015 5602 enim
1050 5557 1134 5603 est
1168 5551 1478 5606 essentialis
1511 5560 1721 5607 natura;
1764 5561 1986 5619 motus;

403 5645 638 5700 cperans
669 5651 820 5701 vero,
859 5650 1073 5703 natura,
1104 5656 1172 5696 ex
1217 5657 1324 5711 qua
1371 5643 1618 5712 operatio
1671 5647 1934 5714 procedit.
1964 5665 1984 5700 ι

404 5719 782 5794 Multipliciter
805 5727 979 5798 igitur
1002 5733 1262 5788 distincta
1295 5743 1378 5790 est
1415 5735 1484 5792 ab
1531 5737 1768 5793 essentia
1800 5737 1986 5794 divina

400 5815 675 5881 operatio,
703 5816 860 5885 juxta
898 5819 1200 5876 deilormes
1222 5832 1430 5891 patres.

2091 3324 2421 3394 διενήνοχεν,
2452 3323 2575 3376 οὐδὲ
2603 3323 2777 3375 ποιεῖν
2805 3321 2900 3374 καὶ
2939 3321 3183 3389 ἐνεργεῖν
3223 3317 3336 3387 ἔχει
3366 3319 3392 3369 6
3417 3317 3565 3379 Θεός.
3597 3320 3671 3372 Οὐ

2092 3415 2202 3486 γὰρ
2236 3416 2384 3469 ἔστιν
2414 3417 2659 3485 ἐνεργεῖν
2699 3413 2870 3485 χωρὶς
2905 3411 3210 3482 ἐνεργείας,
3240 3411 3382 3467 κατὰ
3404 3413 3530 3475 τοὺς
3559 3412 3680 3465 θεο-

2091 3509 2286 3578 λόγους
2319 3525 2334 3540 ⁸
2363 3509 2576 3580 ὥσπερ,
2621 3508 2742 3561 κατ’
2796 3506 3018 3570 αὐτοὺς,
3077 3500 3233 3568 αὖθις
3261 3503 3379 3558 οὐδέ
3410 3503 3674 3573 ὑπάρχειν

2090 3603 2262 3674 χωρὶς
2297 3599 2606 3672 ὑπάρξεως.
2643 3601 2767 3654 Ὀτι
2802 3600 2860 3653 δὲ
2897 3601 2930 3671 ἡ
2969 3599 3088 3652 θεία
3119 3598 3374 3669 ἐνέργεια
3401 3597 3496 3667 τῆς
3526 3596 3677 3660 θείας

2092 3696 2284 3760 οὐσίας
2315 3696 2585 3766 διαφέρει,
2613 3693 2774 3766 δῆλον
2797 3694 2863 3748 ἂν
2886 3694 2973 3763 εἴη
2995 3691 3290 3746 κάντεῦθεν
3313 3693 3423 3754 τοῖς
3452 3685 3510 3743 εὖ
3541 3705 3676 3759 φρο-

2093 3791 2280 3845 νοῦσιν
2307 3806 2324 3822 ο
2360 3793 2393 3861 ὴ
2428 3790 2484 3843 δέ
2514 3789 2771 3859 ἐνέργεια
2795 3787 2985 3857 ἕτερον
3017 3787 3252 3856 ἐνεργεῖ,
3283 3785 3420 3854 ὅπερ
3462 3785 3489 3836 6
3527 3784 3677 3853 ἐνερ-

2091 3883 2208 3952 γῶν
2235 3884 2336 3937 οὐκ
2363 3882 2534 3936 ἔστιν.
2573 3882 2824 3951 Ἐνεργεῖ
2849 3879 2960 3951 γὰρ
3011 3879 3103 3933 καὶ
3150 3880 3295 3932 ποιεῖ
3344 3879 3373 3931 6
3429 3876 3558 3939 Θεὸς
3605 3875 3676 3929 τὰ

2092 3977 2392 4048 κτίσματα,
2421 3977 2585 4038 αὐτὸς
2627 3975 2684 4028 δέ
2735 3973 2989 4036 ἄκτιστός
3029 3973 3163 4025 ἐστι.
3205 3971 3316 4025 Καὶ
3352 3969 3413 4023 τὸ
3454 3967 3589 4038 πρὸς
3623 3985 3674 4022 τι

2091 4067 2172 4131 δὲ,
2198 4067 2336 4137 πρὸς
2365 4069 2556 4138 ἕτερον
2587 4066 2677 4119 ἀεὶ
2711 4065 2952 4134 λέγεται.
2989 4063 3117 4126 Tib;
3156 4064 3266 4133 γὰρ
3296 4061 3510 4130 λέγεται
3543 4060 3674 4129 πρὸς

2089 4161 2182 4215 τὸν
2204 4161 2445 4232 Πατέρα.
2485 4160 2676 4230 Πατὴρ
2731 4158 2789 4213 δέ
2808 4157 2905 4212 τοῦ
2947 4155 3159 4228 Πατρός
3183 4156 3336 4208 ἐστιν
3370 4154 3498 4216 Υίὸς
3530 4153 3677 4206 οὐδέ⁹

2091 4269 2246 4308 ποτε.
2291 4253 2380 4317 Ὦς
2425 4249 2519 4306 οὖν
2549 4254 2613 4307 τὸ
2645 4251 2782 4324 πρὸς
2813 4269 2868 4306 τι
2910 4251 3023 4306 τῶν
3058 4249 3334 4303 ἀδυνάτων
3370 4247 3535 4318 μηδὲν
3564 4245 3674 4298 διαο

2091 4349 2282 4420 φέρειν
2312 4348 2412 4415 τῆς
2452 4348 2666 4415 οὐσίας,
2736 4345 2871 4418 μηδέ
2926 4342 3320 4414 ἐνθεωρεῖσθαι
3379 4341 3445 4411 τῇ
3499 4338 3674 4408 οὐσίᾳ,

2090 4441 2208 4495 ἀλλ’
2247 4441 2440 4496 οὐσίαν
2485 4436 2648 4504 εῖναι,
2687 4439 2862 4503 οὓτως
2900 4433 3024 4491 οὐδὲ
3077 4436 3177 4507 τὴν
3221 4435 3502 4506 ἐνέργειαν
3542 4430 3677 4493 δλως

2090 4535 2212 4588 ἐστὶ.
2239 4533 2471 4588 δυνατὸν
2506 4532 2582 4604 μὴ
2629 4531 2914 4603 διαφέρειν
2959 4530 3064 4600 τῆς
3099 4528 3309 4592 οὐσίας,
3340 4525 3456 4581 ἀλλ’
3491 4523 3679 4577 οὐσίαν

2021 4619 2067 4678 1)
2089 4623 2252 4692 εἶναι,
2283 4627 2387 4680 κᾶν
2422 4627 2472 4680 oi
2507 4627 2740 4680 ἐναντίοι
2771 4624 3219 4695 ἁπαρέσκωνται.

2163 4721 2314 4796 ρμγ’.
2363 4723 2422 4776 '0
2458 4722 2635 4792 μέγας
2666 4720 2950 4782 Βασίλειος
2988 4718 3047 4770 ἐν
3091 4716 3207 4779 τοῖς
3254 4710 3682 4782 συλλογιστικοῖς

2090 4817 2258 4872 αὐτοῦ
2289 4815 2611 4886 κεφαλαίοις
2649 4813 2778 4884 περὶ
2813 4811 2951 4864 Θεοῦ
2997 4810 3091 4862 τὸν
3122 4809 3280 4877 λόγον
3326 4804 3672 4875 ποιούμενος,

2090 4910 2280 4982 φησιν,
2313 4911 2388 4972 ὼς
2425 4911 2458 4976 ἠ
2491 4907 2747 4978 ἐνέργεια
2794 4901 2919 4957 οὐτε
2957 4903 2986 4956 6
3021 4902 3261 4972 ἐνεργῶν
3288 4901 3438 4952 ἐστιν
3465 4896 3588 4952 οὐτε
3617 4895 3680 4948 τὸ

2087 4999 2386 5072 ἐνεργηθέν
2417 5014 2430 5027 °
2463 4999 2565 5052 οὐκ
2593 4997 2703 5066 ἄρα
2760 4993 2862 5065 τῆς
2909 4991 3099 5054 οὐσίας
3143 4987 3432 5057 ἀδιάφορος
3461 4987 3610 5038 ἐστιν
3641 4984 3674 5053 ἡ

2089 5096 2367 5165 ἐνέργεια.
2409 5092 2467 5145 '0
2488 5091 2546 5144 δὲ
2571 5090 2716 5153 θεῖος
2754 5087 3045 5158 Κύριλλος,
3079 5083 3209 5156 περὶ
3237 5081 3372 5135 Θεοῦ
3402 5079 3495 5134 καὶ
3517 5078 3678 5141 αὐτὸς

2086 5191 2177 5245 τὸν
2207 5189 2368 5258 λόγον
2413 5187 2759 5258 ποιούμενος,
2785 5184 2858 5238 Τὸ
2894 5183 2995 5253 μὲν
3022 5183 3194 5235 ποιεῖν
3223 5176 3501 5249 ἐνεργείας
3531 5174 3670 5238 ἐστὶ,

2089 5285 2367 5351 θεολογεῖ·
2399 5281 2618 5352 φύσεως
2657 5279 2713 5332 δὲ
2770 5279 2832 5332 τὸ
2887 5277 3128 5348 γεννᾷνὲ
3174 5273 3338 5343 φύσις
3370 5271 3424 5324 δὲ
3471 5272 3564 5322 καὶ
3595 5270 3677 5318 ἐν-

2091 5379 2284 5448 έργεια
2335 5376 2395 5428 οὐ
2432 5375 2652 5429 ταύτόν.
2684 5371 3046 5441 Δαμασκηνὸς
3083 5369 3111 5422 6
3149 5366 3427 5439 θεοφόρος,
3479 5363 3676 5434 Ἔργον

2094 5472 2194 5543 μὲν
2217 5470 2364 5533 θείας
2395 5467 2691 5540 θελήσεως,
2717 5468 2750 5537 ἡ
2787 5465 2984 5528 κτίσις.
3013 5463 3122 5517 Καὶ
3144 5459 3378 5532 ἀλλαχοῦ
3411 5459 3469 5512 δὲ
3494 5455 3675 5527 σαφῶς

2091 5565 2258 5619 πάλιν
2302 5563 2331 5616 6
2370 5562 2556 5628 αὐτὸς,
2601 5559 2792 5622 Ἀλλο,
2840 5559 3027 5629 φησιν,
3065 5556 3215 5609 ἐστὶν
3269 5555 3536 5625 ἐνέργεια,
3585 5549 3677 5603 καὶ

2087 5657 2222 5713 ἄλλο
2241 5653 2620 5727 ἐνεργητικόν.
2669 5653 2959 5724 Ἐνέργεια
3016 5649 3119 5722 μὲν
3167 5649 3276 5721 γάρ
3324 5649 3472 5701 ἐστιν
3518 5647 3551 5715 ἡ
3582 5644 3676 5697 οὐ·

2085 5751 2290 5821 σιὼδης
2306 5749 2407 5821 τῆς
2442 5747 2660 5815 φύσεως
2694 5748 2929 5817 κίνησις,
2965 5743 3320 5816 ἐνεργητικὸν
3345 5739 3407 5795 δὲ
3435 5742 3466 5810 ἡ
3495 5739 3674 5808 φύσις,

2087 5842 2145 5908 ἐξ
2175 5835 2246 5911 ἦς
2277 5841 2312 5910 ἡ
2347 5839 2605 5910 ἐνέργεια
2650 5838 2888 5908 πρόεισι.
2939 5834 3232 5905 [Ιολλαχῶς
3266 5834 3369 5902 ἄρα
3404 5831 3501 5899 τῆς
3529 5829 3675 5892 θείας

2086 5931 2279 5994 οὐσίας
2327 5931 2361 6000 ἡ
2424 5929 2678 6000 ἐνέργεια
2737 5929 3009 5998 διαφέρει,
3066 5926 3206 5981 κατὰ
3243 5925 3370 5988 τούς
3427 5921 3676 5982 θεοειδεῖς

2089 6025 2362 6090 Πατέρας.
