4020 6476
242 4895 244 4897 ’
353 4884 518 4951 φῶς·

354 442 378 506 1
393 438 480 508 221

1255 434 1530 495 CAPITA
1571 431 1916 500 PHYSICA.
1956 427 2476 498 THEOLOGICA,
2517 425 2681 486 ETC.

3465 416 3601 482 19.92

408 552 550 628 ρμδ’.
599 553 666 608 Ἥ
699 551 859 608 οὐσία
889 549 984 604 τοῦ
1022 547 1161 603 Θεοῦ
1215 548 1566 603 παντάπασίν
1602 549 1751 601 ἐστιν
1775 545 1916 600 ἀνώ-

2096 543 2220 597 tu.
2252 539 2502 596 Essentia
2545 537 2640 592 Dei
2688 535 3000 590 nullatenus
3047 532 3352 600 nuncupari
3397 544 3598 602 potest,

334 669 396 703 νυ
406 665 524 720 μος,
557 647 680 700 ἐπεὶ
700 647 794 700 καί
820 646 999 715 πάντη
1022 643 1172 697 ἐστὶν
1192 643 1567 714 ἀπερινόητοςο
1596 640 1922 711 ὀνομάζεται

331 739 426 796 οὖν
466 743 531 794 ἐκ
567 737 758 794 πασῶν
795 736 906 790 τῶν
935 735 1156 790 οἰκείων
1193 734 1513 805 ἐνεργειῶν,
1555 733 1783 804 μηδενὸς
1808 734 1924 787 ἐκεῖ

331 835 442 888 τῶν
466 832 751 903 ὀνομάτων
783 830 920 902 πρὸς
944 829 1134 900 ἕτερον
1164 828 1310 882 κατὰ
1345 829 1444 899 τὴν
1490 829 1768 899 σημασίαν
1808 829 1925 883 δια-

333 930 616 1000 φέροντος.
655 927 746 991 Ἐξ
768 925 1002 979 ἑκάστου
1025 923 1134 994 γὰρ
1159 923 1254 979 καὶ
1283 924 1502 977 πάντων
1529 923 1682 976 οὐδὲν
1711 923 1798 975 Ere
1809 939 1922 992 ρον,

331 1022 365 1092 ἢ
410 1022 473 1074 τὸ
531 1020 762 1089 κρύφιον
816 1019 994 1072 ἐκεῖνο
1053 1015 1321 1087 μηδαμῶς
1378 1016 1785 1086 γινωσκόμενον
1813 1017 1842 1069 ὃ
1872 1015 1924 1069 τί

333 1113 470 1168 ποτε
502 1114 621 1165 ἐστι
661 1111 912 1165 καλεῖται
954 1110 1047 1162 ἐπὶ
1089 1109 1147 1162 δὲ
1194 1107 1301 1161 τῶν
1341 1108 1660 1179 ἐνεργειῶν,
1694 1109 1925 1165 ἕκαστον

332 1208 440 1260 τῶν
473 1205 756 1277 ὀνομάτων
789 1205 1047 1274 διάφορον
1087 1202 1200 1272 ἔχει
1230 1202 1527 1272 σημασίαν.
1563 1202 1661 1266 Τίς
1692 1203 1801 1273 γὰρ
1820 1203 1922 1257 οὐκ

332 1295 475 1352 οἶδεν
499 1299 582 1352 ὅτι
615 1297 992 1366 διενηνόχασιν
1014 1297 1262 1368 ἀλλήλων
1289 1299 1348 1350 τὸ
1378 1297 1606 1362 κτίζειν,
1633 1297 1694 1351 τὸ
1722 1298 1918 1353 δεσπό-

333 1386 474 1452 ζειν,
503 1387 565 1440 τὸ
601 1387 831 1457 κρίνειν,
867 1387 928 1438 τὸ
957 1386 1330 1456 προνοεῖσθαι,
1363 1387 1424 1440 τὸ
1451 1387 1541 1440 διὰ
1577 1387 1676 1459 τῆς
1712 1389 1923 1455 οἰκείας

333 1479 557 1550 χάριτος
582 1479 675 1532 τὸν
701 1477 837 1532 Θεὸν
863 1479 1012 1548 ἡμᾶς
1033 1478 1327 1544 υίοθετείν;
1357 1480 1421 1532 Ol.
1440 1475 1534 1532 οῦν
1554 1481 1652 1542 τὰς
1683 1482 1921 1548 φυσικὰς

333 1571 486 1634 θείας
546 1570 750 1634 ταύτας
786 1571 1088 1641 ἐνεργείας,
1129 1570 1206 1634 ὡς
1263 1569 1510 1642 ἀλλήλων
1559 1588 1622 1624 τε
1674 1574 1772 1626 καὶ
1819 1571 1922 1643 τῆς

333 1665 486 1728 θείας
548 1665 764 1735 φύσεως
812 1665 1176 1734 διαφερούσας
1239 1665 1492 1733 λέγοντες
1551 1667 1827 1733 κτιστὰς,
1866 1668 1920 1722 τί

331 1757 464 1812 ἄλλο
498 1757 532 1826 ἦ
581 1757 674 1811 τὸν
726 1757 860 1810 Θεὸν
909 1758 988 1820 είς
1043 1757 1249 1828 κτίσμα
1280 1759 1606 1812 κατασπῶσι
1634 1776 1648 1825 ;
1681 1760 1764 1812 Τὰ
1810 1759 1920 1829 γὰρ

2023 652 2148 694 cum
2187 635 2261 692 sit
2307 633 2533 689 omnino
2563 628 3041 699 incomprehensa.
3075 626 3402 682 Nominatur
3437 628 3603 693 igitur

2022 744 2087 784 ex
2127 727 2382 782 omnibus
2417 724 2533 780 suis
2566 721 2980 792 operationibus
3006 736 3023 788 ;
3047 729 3101 774 et
3137 720 3343 774 nullum
3388 719 3460 773 ibi
3503 734 3602 772 no-

2025 821 2232 876 minum
2268 819 2337 874 ab
2361 819 2469 872 alio
2493 815 2892 888 signiﬁcatione
2923 812 3130 868 dili'ert.
3189 812 3431 881 Singulis
3456 811 3600 865 enim

2025 922 2080 968 et
2109 912 2368 966 omnibus
2405 910 2541 964 nihil
2572 907 2716 962 aliud
2751 915 2976 960 vocatur
3025 919 3186 973 quant
3217 901 3602 958 absconditum

2024 1004 2158 1059 illud
2187 1003 2409 1058 minime
2438 1011 2624 1055 nottnu
2649 999 2774 1068 quid
2803 1003 2894 1053 sit.
2931 998 3005 1052 De
3034 995 3438 1066 operationibus
3472 1008 3605 1049 vero
3655 1021 3664 1031 -

2024 1095 2248 1150 nomina
2292 1093 2505 1164 singula
2546 1093 2816 1146 diversam
2856 1089 3056 1143 habent
3095 1088 3548 1159 signiﬁcationem
3587 1103 3602 1148 ;

2027 1187 2150 1257 quis
2197 1187 2341 1242 enim
2371 1184 2548 1240 nescit
2575 1199 2603 1238 a
2626 1198 2686 1238 se
2734 1182 2967 1236 invicem
2998 1181 3257 1235 distincta
3291 1194 3411 1233 esse
3444 1194 3603 1233 crea-

2028 1280 2252 1343 tionem,
2329 1276 2657 1338 dominium,
2701 1273 2990 1341 judicium,
3064 1271 3486 1341 providentiam,
3551 1279 3608 1323 et

2026 1380 2267 1426 nostram
2301 1382 2366 1424 ex
2391 1369 2564 1439 gratia
2603 1367 2697 1422 Dei
2726 1363 3114 1435 adoptiOnem?
3145 1363 3248 1430 Qui
3280 1379 3408 1432 ergo
3441 1370 3607 1415 natu-

2026 1461 2169 1516 rales
2204 1459 2325 1515 illas
2375 1460 2466 1513 Dei
2493 1459 2864 1529 operationes,
2895 1465 3082 1525 utpote
3111 1459 3179 1512 ab
3209 1456 3444 1511 invicem
3485 1466 3539 1508 et
3576 1469 3606 1505 a
3674 1474 3683 1483 -

2035 1565 2231 1611 natura
2297 1555 2478 1609 divina
2528 1552 2840 1615 distinctas,
2893 1551 3082 1605 dicunt
3145 1558 3384 1612 creatas,
3422 1561 3608 1602 nonne

2026 1650 2197 1705 Deum
2244 1649 2311 1703 ad
2368 1655 2681 1702 creaturam
2735 1641 3092 1714 deprimunt?
3129 1639 3266 1695 Nam
3318 1651 3523 1702 creata,
3553 1649 3606 1692 et

2028 1741 2354 1809 gubernata,
2387 1749 2444 1794 et
2487 1737 2752 1808 judicata,
2784 1745 2839 1790 et
2870 1733 3172 1804 generatim
3208 1732 3390 1787 omnia
3423 1731 3608 1801 hujus-

333 1823 659 1919 κτιζόμενα,
713 1851 783 1903 τὰ
844 1823 1242 1920 δεσποζόμενα,
1309 1850 1380 1902 τὰ
1443 1823 1771 1922 κρινόμενα,
1822 1823 1921 1905 Qui.

2040 1830 2172 1884 modi
2222 1837 2354 1884 sunt
2417 1835 2722 1894 creaturae;
2768 1841 2873 1880 non
2925 1839 3053 1880 vero
3104 1825 3219 1892 ipse
3241 1823 3502 1887 ,Creator,
3549 1827 3608 1875 et

335 1901 524 2006 ἁπλῶς
558 1943 739 1997 πάντα
773 1942 841 1996 τὰ
875 1901 1124 2009 τοιαῦτα,
1187 1901 1304 1996 ἐστι
1348 1943 1418 1997 τὰ

2040 1925 2313 1988 Dominus,
2356 1933 2409 1977 et
2437 1921 2633 1987 Judex,
2659 1935 2759 1974 nec
2799 1920 2978 1988 ipsum
3008 1917 3294 1988 judicium.
3325 1925 3379 1970 et
3425 1914 3608 1967 domi-

335 2037 435 2105 οὺχ
458 2037 486 2086 6
524 2035 788 2105 Κτίστης,
826 2035 922 2087 καὶ
952 2036 980 2087 6
1031 2035 1330 2104 Δεσπότης,
1385 2037 1481 2088 καὶ
1533 2036 1730 2106 κριτής
1754 2053 1770 2068 ·
1813 2035 1924 2089 οὐδ’

337 2127 471 2182 αὐτὸ
515 2128 578 2180 τὸ
629 2128 862 2197 κρίνειν,
915 2128 1010 2180 καὶ
1035 2125 1343 2190 δεσπόζειν,
1403 2127 1500 2181 καὶ
1549 2127 1922 2199 δημιουργεῖν,

339 2218 482 2291 ἅπερ
523 2237 771 2290 φυσικῶς
801 2220 1149 2289 ἐνθεωρεῖται
1179 2202 1372 2289 τούτῳ.

415 2316 558 2383 ρμεθ.
623 2309 688 2363 Ἦ
742 2310 902 2363 οὐσία
950 2311 1044 2364 τοῦ
1106 2309 1279 2378 Θεοῦ,
1345 2313 1600 2385 καθάπερ
1649 2313 1934 2386 ἀνώνυμός

342 2406 462 2457 ἐστι
511 2403 882 2468 παντάπασιν,
927 2401 1004 2466 ὡς
1035 2400 1395 2475 ύπερώνυμος
1425 2405 1569 2459 κατὰ
1625 2407 1754 2469 τοὺς
1813 2406 1934 2460 θεο-

343 2497 565 2564 λόγους,
616 2494 790 2556 οὕτως
819 2496 914 2548 καὶ
942 2495 1248 2565 ἀμέθεκτος
1297 2496 1374 2559 ῶς
1404 2496 1546 2568 ὑπὲρ
1582 2497 1802 2568 μέθεξιν
1829 2500 1934 2554 ὑπ-

342 2589 502 2658 άρχει
559 2588 678 2641 κατ’
711 2587 948 2650 αὐτούς·
989 2587 1038 2640 οἰ
1095 2582 1188 2640 οὖν
1236 2584 1589 2651 ἀπειθοῦντες
1637 2579 1789 2641 οὗτοι
1841 2587 1937 2642 νῦν

341 2685 409 2751 τῇ
447 2682 536 2734 διὰ
569 2680 679 2734 τῶν
705 2680 879 2750 ἁγίων
930 2679 1088 2750 ἡμῶν
1147 2679 1410 2751 Πατέρων
1464 2681 1560 2733 τοῦ
1615 2680 1937 2750 Πνεύματος

341 2774 688 2845 διδασκαλίᾳ,
749 2774 845 2828 καὶ
919 2772 1294 2844 λοιδοροῦντες
1355 2773 1508 2844 ἡμᾶς
1557 2773 1688 2836 τοὺς
1749 2772 1936 2838 αὐτοῖς

341 2865 765 2936 ὁμολογοῦντας,
801 2864 1032 2928 πολλοὺς
1077 2863 1326 2933 γίνεσθαί
1368 2881 1502 2933 φασι
1542 2864 1717 2928 θεοὺς,
1748 2865 1783 2932 ἢ
1816 2863 1939 2918 σύν-

342 2959 499 3013 θετον
557 2959 650 3012 τὸν
701 2959 820 3026 ἕνα,
869 2958 1030 3028 εἰπερ
1077 2958 1111 3028 ἡ
1161 2956 1282 3012 θεία
1337 2959 1588 3029 ἐνέργεια
1640 2957 1740 3028 τῆς
1791 2957 1938 3022 θείας

341 3051 531 3114 οὐσίας
584 3051 855 3123 διαφέρει,
908 3049 1006 3104 καὶ
1075 3050 1126 3102 εἰ
1175 3049 1314 3113 ὅλως
1366 3049 1716 3120 ἐνθεωρεϊταί
1771 3067 1826 3103 τι
1871 3051 1936 3119 τῇ

340 3144 438 3198 τοῦ
467 3143 604 3196 Θεοῦ
651 3143 833 3214 οὐσίᾳ.
881 3140 1167 3210 Ἀγνοοῦσι
1192 3142 1326 3212 γὰρ,
1351 3141 1424 3205 ὡς
1455 3141 1578 3212 ούχί
1611 3141 1672 3194 τὸ
1696 3141 1940 3212 ἐνεργεῖν

343 3237 442 3290 καὶ
499 3237 531 3306 ἡ
583 3235 859 3307 ἐνέργεια,
894 3235 1032 3288 ἀλλὰ
1071 3237 1130 3288 τὸ
1159 3237 1390 3306 πάσχειν
1421 3233 1520 3288 καὶ
1568 3233 1740 3298 πάθος
1794 3235 2004 3314 ποιεῖς

340 3328 442 3401 τὴν
469 3326 742 3382 σύνθεσιν.
777 3329 837 3380 '0
867 3327 923 3380 δὲ
951 3327 1085 3392 Θεὸς
1139 3327 1374 3397 ἐνεργεῖ,
1427 3325 1598 3397 μηδὲν
1644 3325 1807 3388 αὐτὸς
1840 3325 1944 3379 πά-

345 3438 514 3491 σχων,
550 3420 685 3492 μηδέ
728 3419 1116 3489 ἀλλοιούμενος
1150 3435 1164 3449 ⁶
1207 3419 1307 3472 οῦκ
1348 3418 1459 3489 ἄρα
1500 3417 1752 3480 σύνθετος
1787 3416 1941 3471 ἔσται

342 3515 436 3568 διὰ
463 3516 564 3585 τὴν
601 3514 908 3584 ἐνέργειαν.
939 3513 1050 3566 Καὶ
1079 3513 1142 3566 τὸ
1193 3514 1329 3581 πρὸς
1371 3512 1426 3563 τί
1465 3511 1523 3565 δὲ
1575 3514 1603 3563 6
1655 3509 1787 3574 Θεὸς
1844 3509 1939 3562 καὶ

345 3607 483 3678 πρὸς
514 3606 614 3677 τὴν
653 3609 830 3659 κτίσιν
882 3604 1018 3676 ἔχει,
1068 3605 1145 3669 ὡς
1211 3604 1354 3675 ἁρχὴ
1397 3604 1498 3657 καὶ
1551 3595 1828 3673 Δεσπότης
1865 3601 1942 3655 ῶν

344 3702 538 3772 αὐτῆς,
609 3698 725 3773 ἀλλ’
775 3698 836 3752 οὐ
895 3698 1315 3770 συναριθμεῖται
1368 3699 1482 3761 τοῖς
1508 3698 1758 3767 γεγονόσι
1791 3695 1944 3768 παρὰ

343 3793 525 3848 τοῦτο.
578 3791 774 3846 Πολλοί
831 3791 890 3845 δὲ
945 3791 1110 3845 πάλιν
1160 3789 1278 3854 πῶς
1331 3788 1543 3843 ἔσονται
1598 3790 1712 3843 θεοὶ
1749 3788 1839 3841 διὰ
1880 3788 1944 3842 τὸ

345 3886 490 3958 ἔχειν
537 3883 630 3938 τὸν
682 3883 816 3937 Θεὸν
853 3885 1159 3954 ἐνέργειαν,
1211 3883 1370 3952 εἴπερ
1427 3882 1546 3944 ἐνός
1599 3881 1718 3934 ἐστι
1778 3877 1938 3946 Θεοῦ,

349 3977 554 4046 μᾶλλον
613 3975 669 4028 δὲ
724 3977 753 4028 ὁ
796 3974 958 4038 αὑτός
984 3978 1105 4027 ἐστι
1136 3974 1291 4039 Θεὸς,
1326 3975 1359 4046 ἡ
1391 3973 1510 4026 θεία
1547 3972 1726 4038 οὐσία,
1767 3971 1862 4025 καὶ
1909 3971 1944 4041 ἠ

347 4068 472 4122 θεία
510 4068 782 4137 ἐνέργεια.
824 4067 1011 4137 Σαφὴς
1060 4065 1156 4121 οῦν
1203 4067 1372 4130 ὅντως
1428 4064 1587 4118 τοῦτο
1631 4065 1795 4138 λῆρος
1843 4065 1941 4136 τῆς

346 4155 531 4209 αὐτῶν
563 4154 1014 4226 φρενοϐλαϐείας.

422 4249 580 4321 ρμς’.
614 4248 799 4303 Εἰπὼν
821 4251 850 4303 6
870 4249 1072 4319 Κύριος
1101 4247 1238 4320 πρὸς
1257 4247 1385 4311 τοὺς
1409 4245 1645 4309 οἰκείους
1672 4243 1943 4316 μαθητὰς,

342 4342 432 4394 ὅτι
463 4361 481 4392 t
515 4341 636 4396 Είσί
667 4357 813 4404 τινες
841 4340 951 4394 τῶν
981 4332 1085 4394 ὦδε
1121 4339 1456 4406 δστηκότων,
1510 4336 1562 4389 οἳ
1604 4336 1666 4389 οὐ
1700 4335 1774 4406 μὴ
1815 4334 1945 4404 γεύ-

349 4446 552 4482 σωνται
588 4430 842 4494 θανάτου,
883 4429 987 4491 ἓως
1053 4427 1134 4482 ἂν·
1175 4427 1328 4480 ἴδωσι
1382 4427 1482 4498 τὴν
1537 4426 1815 4496 βασιλείαν
1850 4425 1946 4480 τοῦ

344 4519 488 4574 Θεοῦ
555 4520 878 4591 ἐληλυθυῖαν
938 4522 997 4573 ἐν
1047 4521 1301 4592 δυνάμει,
1337 4540 1355 4572 ι
1425 4519 1546 4590 μεθ’
1602 4520 1816 4591 ἡμέρας
1864 4518 1944 4588 ἒξ,

2026 2015 2200 2082 nium,
2233 2024 2287 2070 et
2312 2013 2541 2081 creatio,
2561 2028 2684 2083 qua:
2707 2019 2834 2068 sunt
2855 2009 3132 2065 naturales
3163 2007 3334 2078 ipsius
3361 2005 3530 2061 modi.

2105 2283 2227 2338 ΜΒ.
2261 2280 2513 2337 Essentia
2554 2277 2672 2345 Dei,
2717 2277 2873 2333 sicut.
2919 2276 3221 2346 nuncupari
3272 2289 3382 2329 non
3436 2282 3613 2343 poteSt

2029 2377 2158 2446 quia
2184 2382 2268 2430 est
2303 2387 2472 2444 supra
2510 2385 2705 2426 nomen
2737 2371 2890 2438 juxta
2929 2368 3228 2436 theologos,
3258 2367 3333 2420 ita
3365 2380 3466 2420 nec
3491 2380 3615 2434 par-

2032 2467 2274 2539 ticipari,
2350 2466 2481 2534 quia
2555 2473 2641 2518 est
2697 2477 2863 2531 supra
2931 2459 3404 2530 participationem
3457 2458 3610 2528 juxta

2027 2561 2272 2615 eosdem.
2331 2557 2412 2612 llli
2463 2569 2593 2623 ergo
2649 2555 2740 2623 qui
2784 2568 2926 2608 nunc
2963 2552 3285 2607 inobediunt
3318 2549 3532 2604 traditae
3582 2564 3610 2600 a

2031 2650 2237 2707 sanctis
2260 2648 2518 2704 Patribus
2561 2646 2765 2702 nostris
2799 2644 3038 2716 Spiritus
3069 2643 3354 2706 doctrinae,
3400 2655 3614 2709 nosque

2030 2741 2118 2797 bis
2151 2749 2549 2796 consentaneas
2609 2737 2942 2803 obtrectaut,
2977 2735 3169 2790 dicunt
3220 2734 3422 2788 multos
3487 2732 3603 2786 ﬁeri

2034 2833 2190 2897 deos.
2220 2832 2307 2888 vel
2338 2847 2504 2886 unum
2534 2830 2920 2900 compositum,
2950 2828 2996 2883 si
3014 2827 3201 2883 divina
3233 2825 3478 2896 operatio
3501 2826 3615 2880 dir

2033 2929 2200 2983 tincta
2234 2926 2308 2981 sit
2365 2939 2396 2978 a
2431 2923 2615 2978 divina
2641 2921 2901 2985 essentia,
2937 2929 2994 2976 et
3044 2919 3088 2974 si
3142 2919 3268 2989 quis
3315 2918 3510 2972 modus
3563 2917 3618 2970 in

2033 3019 2339 3076 substantia
2377 3016 2467 3071 Dei
2499 3016 2760 3072 resideat.
2793 3015 3052 3084 Ignorant
3079 3014 3224 3068 enim
3254 3029 3358 3069 non
3391 3013 3448 3066 in
3491 3026 3622 3080 ope-

2035 3115 2209 3169 rando
2247 3121 2301 3168 et
2332 3113 2389 3166 in
2424 3109 2770 3180 operatione,
2811 3107 2905 3162 sed
2941 3108 2993 3160 in
3032 3104 3294 3176 patiendo
3321 3114 3376 3159 et
3407 3105 3462 3158 in
3495 3118 3622 3174 pas-

2040 3211 2200 3262 sione
2233 3206 2348 3260 lieri
2385 3201 2866 3272 compositionem.
2901 3200 2973 3254 At
3003 3196 3150 3254 Deus
3188 3205 3470 3268 operatur,
3513 3212 3619 3248 non

2044 3301 2162 3372 ipse
2192 3299 2429 3368 patiens,
2461 3311 2565 3350 nec
2621 3303 2859 3349 mutatus
2892 3308 2908 3349 :
2938 3307 3043 3345 non
3093 3290 3257 3360 igitur
3283 3287 3624 3357 compositus

2041 3393 2147 3444 erit
2170 3395 2392 3457 propter
2416 3384 2815 3453 operationem.
2841 3381 2910 3436 Et
2941 3381 3266 3436 relationem
3291 3378 3452 3432 habet
3479 3377 3624 3431 Deus

2041 3481 2108 3534 ad
2143 3488 2476 3543 creaturam,
2529 3485 2717 3544 utpote
2760 3473 2922 3542 hujus
2967 3472 3295 3543 principium
3343 3477 3398 3524 et
3444 3468 3624 3524 Domi-

2041 3584 2161 3632 nus,
2197 3567 2291 3623 sed
2329 3582 2437 3622 non
2495 3566 2620 3620 ideo
2649 3563 2916 3620 creaturis
2951 3573 3367 3616 annumeratur.
3403 3560 3619 3623 Adhuc,

2039 3661 2314 3733 quomodo
2346 3659 2502 3714 multi
2535 3667 2695 3714 erunt
2721 3657 2798 3712 dii
2851 3671 2917 3711 ex
2961 3668 3028 3710 eo
3072 3655 3217 3724 quod
3267 3654 3430 3709 habet
3481 3653 3624 3707 Deus

2039 3756 2438 3825 Operationem,
2474 3750 2740 3820 siquidem
2776 3748 2938 3804 unius
2977 3753 3108 3802 sunt
3151 3745 3265 3808 Dei,
3307 3760 3404 3802 seu
3439 3745 3624 3815 potius

2040 3856 2183 3904 tinus
2211 3855 2340 3904 sunt
2366 3845 2530 3910 Deus,
2555 3842 2743 3898 divina
2771 3840 3006 3897 essentia
3039 3848 3094 3894 et
3115 3838 3296 3894 divina
3339 3837 3626 3907 operatio?

2037 3941 2358 4001 Clarissime
2385 3940 2554 4012 igitur
2579 3938 2634 3994 in
2667 3937 2772 3993 hoc
2803 3933 3042 3990 delirant
3068 3931 3156 3987 isti
3188 3931 3492 3988 dementes.

2114 4221 2242 4278 NG.
2269 4211 2568 4292 Postquam
2602 4221 2820 4276 dixerat
2845 4217 3108 4272 Dominus
3141 4215 3256 4271 suis
3292 4211 3576 4286 discipulis
3608 4227 3628 4270 :

2049 4335 2067 4369 ι
2102 4316 2243 4374 Sunt
2266 4317 2487 4387 quidam
2523 4316 2591 4369 de
2619 4314 2712 4368 hic
2742 4312 3038 4376 stantibus,
3071 4309 3163 4380 qui
3191 4324 3299 4364 non
3333 4309 3631 4380 gustabunt

2043 4424 2297 4477 mortem,
2339 4412 2514 4467 donec
2537 4409 2761 4465 videant
2789 4421 3016 4476 regnum
3056 4403 3154 4460 Dei
3178 4403 3408 4459 veniens
3439 4403 3492 4456 in
3520 4402 3627 4456 vir-

2045 4517 2158 4562 tute
2173 4506 2246 4573 ‘7;
2273 4514 2395 4576 post
2420 4503 2537 4559 dies
2556 4516 2649 4558 sex
2671 4514 2955 4557 assumens
2976 4496 3216 4559 Petrum,
3247 4504 3301 4549 et
3327 4493 3620 4557 Joannem,

351 4586 692 4681 παραλαϐῶν
713 4612 805 4664 τὸν
834 4613 1066 4683 Πέτρον,
1095 4586 1200 4666 καὶ.
1240 4586 1522 4676 Ἰάκωῦον,
1556 4586 1656 4664 καί
1691 4586 1939 4682 is)an

2041 4611 2095 4656 et
2127 4599 2432 4656 ascendens
2467 4599 2519 4652 in
2555 4605 2794 4652 montem
2827 4593 3067 4656 Thabor,
3104 4588 3441 4657 resplenduit
3478 4586 3628 4641 sicut

349 4703 451 4754 καὶ
481 4704 560 4765 εἰς
603 4703 663 4755 τὸ
708 4703 993 4774 Θαῦώριον
1039 4703 1165 4775 ὅρος
1211 4702 1454 4758 ἀνελθὼν
1502 4702 1746 4773 ἔλαμψεν
1805 4701 1881 4766 ὡς
1918 4703 1948 4754 6

347 4793 506 4862 ἣλιος
535 4809 547 4824 ⁸
581 4795 678 4848 καὶ
715 4794 786 4848 τὰ
836 4795 1030 4862 ἱμάτια
1073 4793 1240 4847 αὑτοῦ
1293 4795 1513 4862 ἐγένετο
1568 4792 1738 4845 λευκὰ
1776 4791 1853 4856 ὡς
1885 4792 1948 4846 τὸ

569 4886 630 4938 ού
695 4889 806 4957 γὰρ
861 4885 1127 4957 ἠδύναντο
1193 4887 1392 4939 ἐκεῖνοι
1456 4885 1677 4956 βλέπειν
1741 4884 1944 4938 πλέον’

358 4981 563 5050 μᾶλλον
589 4980 648 5034 δὲ
676 4981 770 5034 καὶ
799 4981 938 5052 πρὸς
971 4981 1069 5053 τὴν
1107 4982 1318 5052 λάμψιν
1364 4982 1571 5054 ταύτην
1603 4983 1705 5035 οῦκ
1734 4981 1949 5052 ἰσχύον-

353 5091 446 5136 τες
483 5073 776 5141 ἀτενίζειν,
809 5078 1038 5147 πρηνεῖς
1089 5075 1169 5136 εἰς
1221 5076 1325 5144 γῆν
1373 5075 1697 5130 κατέπεσον.
1756 5075 1964 5145 Ὅμως

356 5167 526 5236 είδον,
565 5170 709 5223 κατὰ
745 5169 844 5241 τὴν
878 5167 1212 5237 ἐπαγγελίαν
1245 5167 1340 5221 τοῦ
1391 5168 1662 5240 Σωτῆρος,
1709 5168 1808 5240 τὴν
1862 5169 1954 5240 βα-

360 5263 569 5317 σιλείαν
594 5263 688 5316 τοῦ
718 5263 878 5330 Θεοῦ,
933 5264 994 5316 τὸ
1051 5263 1232 5316 θεῖκὸν
1288 5263 1465 5315 ἐκεῖνο
1516 5264 1612 5316 καὶ
1641 5263 1954 5336 ἀπόρρητον

361 5356 518 5425 φῶςο
573 5355 602 5409 δ
653 5356 950 5426 Γρηγόριος
1005 5355 1105 5424 μὲν
1135 5355 1231 5409 καὶ
1269 5353 1555 5417 Βασίλειος
1609 5355 1657 5407 οἱ
1703 5356 1952 5426 μεγάλοι,

362 5449 596 5518 θεότητα
664 5446 1160 5517 προσαγορεύουσι,
1213 5445 1360 5512 Φῶς,
1387 5445 1658 5513 λέγοντες,
1703 5447 1735 5516 ή
1771 5463 1955 5518 παρα-

361 5543 644 5613 δειχθεῖσα
675 5541 865 5613 θεότης
908 5544 1001 5594 ἐπὶ
1039 5541 1135 5594 τοῦ
1178 5540 1338 5611 ὅρους
1373 5543 1484 5606 τοῖς
1524 5539 1824 5613 μαθηταῖς,
1863 5542 1956 5594 καὶ

367 5635 562 5697 κάλλος
592 5634 685 5687 τοῦ
721 5635 891 5697 ὄντως
924 5632 1174 5701 δυνατοῦ,
1209 5637 1242 5704 ἡ
1294 5635 1461 5705 νοητὴ
1488 5634 1653 5687 αὑτοῦ
1686 5635 1781 5688 καὶ
1820 5633 1955 5686 θεω-

369 5730 512 5804 ρητὴ
543 5728 758 5797 θεότης.
796 5728 856 5783 '0
903 5728 1015 5799 γὰρ
1064 5729 1238 5799 μέγας
1285 5727 1563 5792 Βασίλειος
1609 5729 1705 5782 καὶ
1760 5725 1957 5789 κάλλος

435 5927 479 5962 ⁸⁷
512 5929 678 5984 Marc.
715 5944 828 5991 vin,
873 5929 958 5982 39.
997 5945 1012 5976 ι

2043 4695 2149 4759 sol,
2205 4701 2259 4748 et
2313 4690 2639 4747 vestimenta
2685 4686 2807 4756 ejus
2849 4682 2988 4738 facta
3029 4690 3159 4737 sunt
3205 4680 3436 4735 candida
3487 4679 3634 4733 sicut

2043 4785 2178 4852 lux;
2237 4792 2293 4838 et
2346 4798 2452 4838 non
2510 4787 2766 4851 poterant
2818 4775 2910 4830 ille
2944 4774 3219 4844 respicere
3251 4769 3506 4840 amplius,
3537 4771 3634 4823 sed

2046 4881 2227 4949 potius
2269 4877 2453 4931 lumen
2495 4873 2628 4928 illud
2671 4885 2782 4926 non
2825 4868 3066 4924 valentes
3103 4864 3331 4930 intueri,
3369 4864 3526 4934 proni
3579 4865 3636 4916 in

2045 4981 2249 5027 terram
2267 4970 2608 5023 ceciderunt.
2643 4961 2819 5018 Simul
2843 4961 3119 5022 viderunt,
3139 4959 3292 5029 juxta
3319 4954 3636 5027 promissio-

2047 5079 2176 5120 nem
2212 5059 2534 5122 Salvatoris,
2571 5070 2799 5128 regnum
2825 5052 2945 5119 Dei,
2969 5051 3217 5107 divinum
3249 5062 3448 5118 nempe
3499 5046 3634 5101 illud

2051 5168 2106 5214 et
2139 5153 2411 5211 inclfabile
2438 5152 2640 5216 lumen,
2677 5147 2822 5218 quod
2855 5149 3034 5218 magni
3068 5145 3367 5215 Gregorius
3396 5148 3452 5195 et
3486 5138 3637 5194 Basi-

2051 5250 2157 5306 ‘lus
2186 5247 2526 5304 divinitatem
2562 5241 2862 5311 appellant,
2893 5240 3184 5295 dicentes:
3223 5253 3244 5287 ί
3284 5235 3490 5288 Lumen
3543 5243 3630 5286 est

2053 5344 2309 5399 divinitas
2327 5337 2615 5408 discipulis
2639 5336 2695 5390 in
2724 5342 2910 5390 monte
2933 5329 3300 5392 manifestata,
3316 5336 3370 5381 et
3392 5324 3636 5396 pulchri—

2051 5439 2184 5492 tudo
2233 5430 2661 5503 Omnipotentis,
2711 5424 3067 5497 intelligibilis
3124 5421 3247 5493 ejus
3296 5419 3638 5488 visibilisqne

2050 5529 2332 5584 divinitas.
2371 5543 2390 5578 ι
2425 5523 2655 5594 Magnus
2681 5521 2827 5578 enim
2857 5518 3092 5574 Basilius
3121 5518 3298 5570 lucem
3351 5512 3502 5566 illam
3550 5508 3636 5564 di-

2052 5621 2129 5678 cit
2153 5634 2277 5676 esse
2316 5616 2776 5690 pulchritudinem
2811 5613 2929 5678 Dei,
2958 5611 3093 5664 solis
3131 5607 3337 5664 sanctis
3365 5604 3636 5659 visibilem

2054 5716 2111 5770 in
2142 5714 2346 5769 virtute
2381 5709 2552 5766 divini
2581 5707 2837 5779 Spiritus.
2868 5704 3049 5775 Itaque
3098 5702 3286 5764 subdit
3337 5714 3354 5757 :
3390 5715 3412 5751 t
3477 5697 3610 5753 Vide
