4020 6518
365 420 512 489 1ἓ23

1629 415 2024 479 GREGORII
2086 417 2416 478 PALAMA!

3520 417 3657 486 ιεὲι

363 541 494 589 runt
512 539 696 586 autem
725 528 844 598 ejus
869 527 1336 597 pulchritudinem
1368 529 1569 586 Petrus
1593 539 1650 585 et
1680 530 1776 585 lilii
1807 530 1951 586 toni-

2086 526 2204 582 Ivat
2254 527 2348 582 τοῦ
2409 525 2546 581 Θεοῦ
2598 543 2734 599 φησι
2763 525 2828 581 τὸ
2872 525 2987 598 φῶς
3039 526 3238 594 έκεῖνο,
3301 528 3482 600 μόνοις
3538 535 3648 597 τοῖς

362 626 471 679 trui
507 625 560 679 in
599 631 808 687 monte,
839 634 1002 689 supra
1059 621 1192 676 solis
1239 621 1402 692 jubar
1452 620 1852 690 Splentleutem,
1899 629 1958 674 et

362 716 636 788 primitias
663 715 784 783 ejus
812 712 1123 782 prmsentiie
1152 713 1327 768 oculis
1353 727 1690 782 praesumere
1738 726 1958 766 merue-

364 819 516 866 runt.
576 828 594 860 ι
647 807 716 862 Ει
766 806 1141 862 Damascenus
1202 807 1507 877 theologus,
1567 821 1691 862 cum
1746 803 1962 860 Joanne

365 904 784 975 Chrysostomo,
814 901 1125 955 naturalem
1169 900 1476 955 divinitatis
1507 899 1720 954 radium
1774 898 1958 952 lumen

332 998 498 1051 -illud
529 1004 885 1051 vocaverunt.
925 993 1084 1048 Prior
1113 993 1264 1048 enim
1291 993 1533 1048 scribit:
1573 1011 1591 1045 ι
1634 992 1718 1046 Ab
1751 1000 1961 1046 aeterno

365 1089 536 1144 Filius
565 1105 630 1142 ex
666 1089 830 1143 Patre
860 1088 1100 1158 genitus,
1143 1087 1444 1141 naturalem
1489 1085 1558 1140 ab
1597 1094 1806 1140 aeterno
1862 1085 1964 1140 ha-

365 1184 452 1235 bet
488 1181 702 1236 radium
739 1180 1042 1236 divinitatis
1070 1196 1085 1247 ;
1115 1191 1172 1235 et
1197 1178 1504 1234 divinitatis
1535 1179 1730 1257 gleria,
1786 1178 1960 1247 gloria

365 1275 620 1343 corporis
655 1272 738 1327 lit.
772 1292 791 1325 ι
828 1272 893 1326 Ει
918 1274 1102 1344 lingua
1134 1288 1304 1327 aurea
1340 1289 1354 1327 :
1393 1291 1412 1324 ι
1446 1271 1729 1342 Fulgidior
1755 1273 1958 1338 seipse,

365 1367 572 1437 inquit,
642 1366 910 1422 Dominus
975 1368 1029 1421 in
1067 1376 1256 1422 monte
1318 1366 1597 1438 apparuit,
1677 1365 1966 1422 divinitate

369 1464 556 1518 radios
582 1477 712 1517 suos
733 1460 1140 1516 manifestaute.
1181 1478 1203 1515 ι

2062 622 2241 690 ἁγίοις
2272 621 2551 692 θεωρητὸν
2577 621 2635 673 ὲν
2666 622 2733 692 τῇ
2765 620 2992 691 δυνάμει
3025 621 3118 674 τοῦ
3143 619 3289 674 θείου
3317 622 3646 693 Πνεῦματος.

2061 714 2154 765 Διὸ
2209 712 2304 766 καί
2360 729 2496 782 φησι
2560 712 2724 765 πάλιν
2759 727 2772 741 ·
2809 709 2965 765 Εἰδον
3022 713 3080 766 δὲ
3134 715 3300 767 αὑτοῦ
3351 716 3412 768 τὸ
3461 717 3651 781 κάλλος
3695 776 3702 780 ,

2063 804 2272 876 Πέτρος
2302 805 2397 857 καὶ
2425 805 2476 855 οἰ
2527 804 2634 857 υἰοί
2682 803 2782 874 τῆς
2837 803 3068 875 βροντῆς
3119 807 3176 858 ἐν
3207 806 3285 877 τῷ
3312 806 3450 876 ὄρει,
3482 809 3645 881 ὑπερ-

2062 895 2278 968 λάμπον
2300 899 2398 966 τὴν
2421 897 2515 949 τοῦ
2537 896 2690 965 ἡλίου
2722 895 3086 969 λαμπρότητα
3109 915 3124 930 ο
3151 899 3246 951 καί
3276 901 3343 952 τὰ
3395 901 3649 971 προοίμια

2064 990 2165 1062 τῆς
2198 988 2368 1044 αὐτοῦ
2397 990 2700 1062 παρουσίας
2759 991 3060 1060 ὀφθαλμοῖς
3091 990 3278 1045 λαϐεῖν
3307 994 3648 1065 κατηξιώθη-

2067 1100 2185 1139 σαν.
2205 1084 2262 1137 ’0
2284 1084 2340 1136 δὲ
2371 1083 2728 1153 Δαμασκηνὸς
2741 1082 3012 1152 θεολόγος,
3038 1085 3178 1152 μετὰ
3205 1082 3299 1136 τοῦ
3325 1088 3528 1156 χρυσοῦ
3549 1086 3647 1157 τὴν

2064 1177 2312 1246 γλῶτταν
2352 1177 2624 1244 Ἰωάννου,
2672 1176 2910 1247 φυσικὴν
2959 1177 3155 1230 ἀκτῖνα
3195 1178 3292 1249 τῆς
3317 1178 3566 1251 θεότητος
3592 1180 3649 1233 τὸ

2067 1271 2185 1341 φῶς
2216 1272 2396 1324 ἐκεῖνο
2425 1269 2883 1340 προσηγόρευσαν
2917 1285 2932 1300 ⁸
2986 1269 3015 1322 ὁ
3071 1269 3170 1340 μὲν
3222 1271 3446 1341 γράφων
3471 1285 3486 1304 ο
3535 1271 3651 1327 Ἀν-

2068 1364 2252 1437 άρχως
2307 1365 2337 1416 ὁ
2372 1363 2499 1427 Υἱὸς
2559 1365 2625 1416 ὲκ
2676 1361 2772 1415 τοῦ
2801 1360 3016 1432 Πατρὸς
3066 1362 3372 1433 γεννηθεὶς,
3424 1363 3523 1434 τὴν
3553 1382 3651 1434 φυ-

2069 1459 2234 1530 σικὴν
2259 1459 2458 1514 ἀκτῖνα
2491 1457 2728 1528 ἄναρχον
2776 1455 3043 1526 κέκτηται
3094 1456 3194 1526 τῆς
3243 1457 3493 1528 θεότητος
3521 1476 3536 1490 ·
3560 1458 3655 1512 καὶ

373 1550 408 1621 ἠ
442 1549 543 1620 τῆς
571 1551 828 1619 θεότητος
859 1549 1013 1616 δόξα,
1051 1551 1187 1616 δόξα
1231 1546 1328 1608 τοῦ
1368 1554 1625 1624 σώματος
1654 1554 1869 1624 γίνεται
1890 1572 1904 1588 ο
1949 1575 1977 1609 υ
2007 1554 2063 1609 δὲ
2101 1553 2539 1627 χρυσορρήμων,
2575 1551 3006 1622 Λαμπρότερος,
3058 1548 3249 1619 φησὶν,
3277 1548 3472 1604 ἑαυτοῦ
3505 1549 3661 1620 ἐφαί-

372 1663 500 1701 νετο
528 1646 554 1702 ὁ
582 1645 792 1717 Κύριος
825 1648 920 1702 ὲπί
947 1647 1042 1703 τοῦ
1070 1648 1255 1721 ὅρους,
1279 1654 1380 1721 τῆς
1406 1651 1664 1723 θεότητος
1700 1651 2120 1726 παραδειεάσης
2149 1652 2253 1718 τὰς
2282 1655 2512 1716 ἀκτῖνας
2532 1649 2724 1720 αὐτῆς.

454 1731 580 1784 147.
607 1729 740 1783 lllud
765 1731 1012 1782 divinum
1051 1743 1106 1783 et
1139 1727 1415 1783 ittrﬂ'abile
1446 1731 1652 1792 lumen,
1697 1729 1788 1782 Dei
1841 1728 1982 1782 divi-

380 1820 614 1874 nitatem
647 1828 702 1872 et
733 1836 985 1889 regnum,
1021 1820 1487 1890 pulchritudinem
1517 1831 1574 1875 et
1630 1820 1978 1890 splendorem

377 1911 579 1964 divinae
627 1923 860 1978 natura},
920 1921 1238 1968 sanctorum
1301 1911 1357 1966 in
1424 1911 1972 1982 incomprehensibili

377 2005 690 2058 aeternitate
716 2006 984 2061 visionem
1017 2016 1074 2060 et
1113 2005 1457 2071 felicitatem,
1491 2005 1797 2060 naturalem
1833 2005 1976 2061 divi-

379 2100 567 2151 uitatis
601 2100 814 2153 radium
839 2110 895 2154 et
917 2100 1170 2169 gloriam,
1208 2101 1534 2169 phantasma
1571 2107 1626 2153 et
1655 2110 1971 2154 creaturam

376 2205 500 2244 esse
533 2191 806 2245 blaterant
839 2193 1104 2257 haeretici,
1139 2201 1193 2246 et
1224 2207 1319 2246 eos
1340 2192 1434 2262 qui
1490 2191 1736 2260 ipsorum
1798 2191 1976 2246 instar

378 2280 432 2334 in
458 2281 699 2334 divinam
731 2283 906 2336 lucem
936 2283 1016 2336 sic
1038 2282 1425 2353 blasphemare
1448 2297 1558 2337 non
1583 2282 1728 2348 ausi,
1763 2283 1979 2337 increa-

379 2381 466 2429 tas
495 2375 771 2433 aestimant
807 2373 900 2430 Dei
935 2359 1224 2431 essentiam
1277 2385 1332 2431 et
1369 2376 1768 2446 Operationem,
1819 2375 1974 2446 poly-

379 2468 541 2523 theos
572 2470 907 2524 calumniose
943 2469 1450 2525 circumclamitant
1491 2487 1506 2536 ;
1542 2485 1734 2524 verum
1773 2469 1974 2524 erube-

377 2575 554 2618 scant.
585 2564 844 2630 Quamvis
876 2565 1021 2618 enim
1052 2564 1296 2619 iucreata
1325 2565 1398 2619 sit
1435 2564 1617 2619 divina
1671 2563 1785 2630 lux,
1834 2577 1974 2617 unus

381 2653 539 2710 nobis
566 2664 649 2709 est
675 2653 820 2710 Deus
849 2656 902 2709 in
937 2672 1043 2711 una
1073 2657 1385 2720 divinitate,
1419 2656 1569 2726 quia,
1613 2664 1673 2711 ut
1721 2659 1976 2725 superius

377 2748 571 2802 crebro
589 2752 1023 2803 demonstratum
1047 2759 1151 2814 est,
1172 2753 1332 2806 unius
1353 2749 1450 2805 Dei
1471 2759 1621 2818 sunt,
1647 2759 1704 2806 et
1727 2750 1971 2805 increata

379 2843 643 2905 essentia,
671 2851 726 2896 et
757 2843 997 2898 increata
1023 2845 1296 2914 Operatio,
1323 2844 1508 2900 divina
1541 2843 1758 2899 scilicet
1800 2841 1976 2913 gratia

379 2947 433 2988 et
461 2935 550 2989 lux
579 2937 693 2992 illa.

454 3204 580 3260 N8.
607 3203 813 3260 Nefarii
840 3221 971 3276 ergo
1007 3205 1275 3273 baaretiei,
1306 3206 1398 3276 qui
1427 3214 1552 3276 post
1581 3205 1853 3277 synodum
1873 3221 1972 3261 au-
2003 3249 2049 3308 α

382 3301 572 3355 daeter
605 3303 862 3354 dixerunt
891 3300 1138 3355 divinum
1165 3299 1299 3355 illud
1329 3301 1516 3356 lumen
1542 3317 1571 3355 a
1607 3300 1896 3358 Salvatore
1924 3305 1979 3359 in

382 3393 604 3449 Thabor
630 3392 893 3449 emissum
929 3408 1029 3464 pro
1058 3394 1447 3464 phantasmate
1477 3409 1543 3449 ac
1569 3405 1824 3451 creatura
1874 3396 1978 3452 ha-

383 3490 617 3545 bendum
655 3504 802 3554 esse,
835 3497 891 3543 et
920 3491 971 3544 id
1000 3489 1249 3544 stabilire
1287 3489 1468 3544 conati
1505 3497 1655 3554 sunt,
1696 3497 1751 3545 et
1779 3504 1808 3542 a
1834 3489 1976 3545 mul-

391 3586 460 3638 tis
507 3584 733 3638 refutati
772 3584 920 3639 haud
969 3593 1324 3640 mutaverunt
1361 3585 1719 3649 sententiam,
1783 3583 1980 3640 deﬁni-

383 3679 534 3734 tione
569 3681 772 3750 scripta
807 3688 864 3733 et
901 3682 1254 3735 anathemate
1290 3682 1540 3750 percussi
1575 3687 1726 3736 sunt.
1753 3679 1891 3735 Nam
1921 3681 1976 3736 in

381 3771 812 3828 incarnationem
840 3773 934 3828 Dei
967 3775 1378 3844 hlaspbemant,
1409 3784 1466 3830 et
1485 3785 1730 3831 creatam
1777 3774 1975 3832 insane

383 3867 575 3922 dicunt
609 3867 697 3922 Dei
727 3867 1094 3934 divinitatem,
1139 3877 1195 3922 et
1231 3867 1300 3922 ad
1327 3879 1665 3932 creaturam,
1702 3877 1975 3937 quantum
2027 3907 2032 3910 -

380 3969 633 4031 possunt,
661 3961 833 4030 ipsum
859 3962 1181 4030 deprimunt
1204 3961 1422 4016 Patrem
1447 3970 1504 4016 et
1526 3959 1726 4016 Filium
1757 3969 1814 4015 et
1848 3959 1975 4028 Spi-

383 4061 547 4111 ritqu
578 4067 850 4112 sanctum.
888 4054 1005 4111 Una
1042 4059 1186 4112 enim
1219 4067 1275 4110 et
1303 4055 1493 4111 eadem
1522 4065 1608 4111 est
1635 4056 1808 4110 tribus
1837 4055 1975 4110 divi-

383 4152 546 4204 nitas.
581 4149 638 4204 Si
665 4161 844 4206 autem
876 4152 1175 4205 increatam
1211 4150 1299 4204 isti
1329 4161 1383 4205 et
1420 4149 1754 4204 adorandam
1783 4150 1976 4205 dicunt

273 4271 278 4274 -
381 4241 744 4308 divinitatem,
775 4242 914 4297 duas
943 4243 1233 4296 manifeste
1255 4249 1568 4312 agnoscunt
1593 4241 1688 4297 Dei
1718 4241 1977 4298 divinita-

383 4343 491 4401 tes,
523 4351 686 4390 unam
720 4346 984 4401 creatam,
1024 4345 1080 4390 et
1111 4336 1340 4389 alteram
1377 4335 1701 4390 increatam.
1734 4333 1828 4391 Sic
1881 4349 1975 4390 sa-

382 4438 575 4498 tagunt
603 4437 832 4486 cunctos
861 4439 1076 4485 veteres
1109 4428 1399 4484 haereticos
1450 4428 1736 4499 impietate
1783 4442 1976 4499 super-

381 4524 552 4596 gredi.

454 4789 577 4846 M9.
615 4789 767 4844 Alias
793 4788 1044 4845 haeresim
1098 4802 1255 4843 suam
1318 4786 1505 4843 velare
1564 4792 1857 4853 conantes,
1918 4795 1975 4842 et

389 4884 694 4940 increatam
729 4884 917 4939 dicunt
963 4883 1138 4938 lucem
1167 4884 1217 4937 in
1274 4881 1497 4937 Thabor
1537 4881 1972 4946 manilestatam,

381 4990 436 5035 et
475 4979 772 5034 essentiam
797 4992 919 5033 esse
947 4977 1061 5042 Dei,
1097 4977 1469 5048 multipliciter
1492 4985 1548 5030 et
1574 4978 1628 5030 in
1682 4975 1785 5032 hoc
1820 4976 1970 5032 blas-

385 5073 728 5144 phemantes.
759 5070 896 5136 Quia
933 5071 1078 5125 enim
1121 5071 1190 5126 ab
1233 5069 1500 5141 apostolis
1551 5070 1732 5124 visum
1789 5079 1872 5125 est
1895 5070 1978 5125 lu-

385 5183 510 5223 rnen
541 5166 698 5231 illud,
743 5166 1014 5222 visibilem
1075 5175 1476 5238 consequenter
1525 5181 1646 5222 esse
1687 5175 1977 5222 autumant

381 5261 475 5317 Dei
497 5260 818 5316 essentiam.
876 5256 1074 5313 Verum
1114 5259 1342 5314 audiant
1382 5259 1652 5313 dicentem
1685 5272 1699 5308 :
1743 5275 1762 5309 ι
1802 5255 1977 5312 Nemo

381 5356 536 5411 stetit
568 5355 623 5408 in
653 5353 1032 5419 subsistentia,
1102 5352 1198 5422 qui
1257 5349 1555 5407 essentiam
1621 5347 1714 5404 Dei
1773 5358 1829 5404 et
1880 5349 1978 5404 Dei

384 5461 636 5503 naturam
675 5457 766 5503 aut
793 5447 997 5502 viderit
1053 5454 1151 5500 aut
1216 5443 1582 5500 enarraverit.
1643 5441 1755 5498 Nec
1798 5442 1975 5498 solum

382 5544 560 5599 nullus
604 5542 907 5608 hominum,
969 5541 1064 5596 sed
1100 5552 1200 5594 nec
1257 5537 1597 5608 angelorum.
1674 5536 1791 5606 Ipsa
1830 5537 1976 5591 enim

385 5651 478 5692 sex
512 5637 615 5692 alis
643 5648 836 5691 ornata
895 5634 1172 5704 seraphim
1223 5633 1296 5688 ob
1354 5646 1642 5687 excessum
1687 5631 1980 5688 emicantis

386 5744 450 5784 ex
478 5747 541 5784 ea
566 5727 992 5793 coruscationis,
1027 5726 1221 5782 faciem
1253 5727 1452 5796 pennis
1483 5722 1912 5795 circumtegunt.
1952 5741 1972 5777 ι

384 5821 523 5887 Quia
561 5823 732 5890 igitur
765 5822 896 5875 nulli
932 5835 1177 5890 unquam
1211 5820 1325 5875 visa
1350 5827 1436 5874 est
1483 5817 1981 5888 supersubstantia-

387 5913 453 5971 lis
483 5914 718 5973 essentia
781 5913 898 5980 Dei,
961 5915 1180 5985 quando
1238 5913 1380 5970 hanc
1427 5927 1552 5970 esse
1597 5911 1785 5969 lumen
1843 5907 1977 5964 illud

2177 1731 2321 1802 ρμξ.
2358 1732 2530 1783 Τοῦτο
2560 1731 2623 1784 τὸ
2679 1730 2862 1786 θεῖκὸν
2918 1747 3014 1785 κα.
3069 1731 3382 1804 ἀπόρρητον
3413 1735 3545 1805 φῶς,
3584 1739 3682 1810 τὴν

2095 1822 2192 1876 τοῦ
2223 1821 2358 1876 Θεοῦ
2390 1823 2620 1892 θεότητα
2657 1823 2753 1876 καὶ
2800 1822 3104 1893 βασιλείαν,
3143 1825 3204 1878 τὸ
3234 1826 3427 1889 κάλλος
3457 1829 3549 1882 καὶ
3579 1833 3682 1898 τὴν

2098 1915 2459 1988 λαμπρότητα
2490 1916 2590 1986 τῆς
2620 1915 2772 1979 Θείας
2799 1915 3036 1987 φύσεως,
3076 1916 3175 1989 τὴν
3211 1918 3271 1973 ἐν
3299 1919 3376 1990 τῷ
3401 1923 3677 1994 ἀκαταλή-

2099 2026 2220 2080 πτῳ
2244 2010 2405 2063 αἰῶνι
2433 2009 2542 2062 τῶν
2597 2009 2769 2078 ἁγίων
2823 2009 3018 2079 ὅρασιν
3066 2011 3160 2064 καὶ
3210 2012 3526 2082 ἀπόλαυσιν,
3573 2018 3672 2087 τὴν

2096 2100 2333 2172 φυσικὴν
2391 2102 2587 2157 ἀκτῖνα
2631 2104 2726 2156 καί⁵
2772 2103 2931 2169 δόξαν
2977 2103 3075 2175 τῆς
3135 2103 3418 2174 θεότητος,
3481 2109 3672 2180 φάσμα

2095 2195 2190 2251 καὶ
2241 2197 2450 2266 κτίσμα
2496 2197 2548 2250 οῖ
2606 2196 3085 2266 γλωσσαλγοῦντες
3141 2200 3410 2267 αἰρετικοὶ
3457 2200 3672 2270 λέγουσι

2095 2286 2189 2340 καὶ
2243 2284 2372 2350 τοὺς
2406 2283 2482 2356 μὴ
2521 2281 2888 2354 ἀνεχομένους
2937 2283 3061 2336 κατ’
3110 2283 3307 2349 αὐτοὺς
3350 2287 3428 2349 εἰς
3448 2285 3506 2338 τὸ
3534 2287 3674 2340 θεῖον

2093 2378 2211 2447 φῶς
2263 2377 2422 2432 τοῦτο
2469 2376 2835 2448 βλασφημεῖν,
2873 2375 2990 2429 ἀλλ’
3042 2375 3296 2431 ἄκτιστον
3346 2376 3483 2433 εἶναι
3541 2395 3676 2449 φρο-

2091 2469 2320 2532 νοῦντας
2379 2470 2470 2522 τὸν
2523 2467 2657 2520 Θεὸν
2686 2467 2808 2522 κατ’
2835 2466 3045 2532 οὐσίαν,
3079 2467 3177 2522 καὶ
3206 2468 3324 2522 κατ’
3378 2471 3674 2539 ἐνέργειαν,

2091 2562 2174 2615 ὅτι
2203 2560 2387 2625 θεῖτας
2438 2556 2578 2614 εἰναι
2621 2559 3089 2629 συκοφαντοῦντες
3161 2561 3668 2632 περιαγγέλλουσιν.

2105 2653 2246 2708 Ἀλλ’
2301 2653 2772 2724 αἰσχυνέσθωσαν.
2812 2652 3094 2708 Ἀκτίστου
3119 2653 3228 2726 γὰρ
3271 2655 3364 2708 καὶ
3407 2654 3501 2709 τοῦ
3530 2655 3672 2708 θείου

2091 2747 2270 2815 φωτὸς
2300 2745 2476 2810 ὄντος,
2536 2740 2619 2808 εἷς
2661 2747 2793 2814 ἡμῖν
2824 2745 2957 2809 Θεός
3005 2748 3154 2800 ἐστιν
3191 2747 3249 2800 ὲν
3291 2749 3391 2818 μιᾷ
3419 2746 3630 2818 θεότητι
3653 2764 3672 2781 ο

2090 2841 2166 2903 ῶς
2200 2839 2319 2902 ἑνὸς
2351 2837 2508 2904 Θεοῦ,
2537 2837 2793 2908 καθάπερ
2815 2838 3074 2911 ἀνωτέρω
3091 2839 3373 2912 πολλαχῶς
3388 2842 3673 2910 δέδεικται,

2091 2929 2185 2984 καὶ
2231 2932 2330 3001 τῆς
2388 2929 2646 2983 ἀκτίστου
2685 2930 2874 2993 οὐσίας
2900 2929 3089 3002 οὔσης,
3123 2932 3218 2987 καί.
3268 2933 3367 3002 τῆς
3418 2934 3674 2989 άκτίστου

2090 3025 2378 3095 ἐνεργείας
2411 3039 2426 3054 ⁸
2468 3022 2670 3094 δηλαδὴ
2697 3026 2797 3096 τῆς
2821 3024 2971 3089 Θείας
2996 3025 3218 3098 χάριτος
3242 3027 3336 3081 καὶ
3361 3027 3676 3100 ὲλλάμψεως

2089 3118 2314 3188 ταύτης.

2164 3207 2312 3280 ρμη’.
2345 3209 2544 3278 Φάσμα
2585 3207 2878 3280 τοιγαροῦν
2909 3211 3007 3264 καὶ
3060 3211 3268 3284 κτίσμα
3317 3213 3530 3284 φρονεῖν
3583 3214 3674 3269 ἐπὶ

2088 3304 2188 3372 τῆς
2220 3301 2442 3355 συνόδου
2474 3302 2767 3375 τολμηρῶς
2793 3304 3066 3370 εἰπόντες,
3115 3307 3213 3359 καὶ
3249 3307 3674 3373 κατασκευάζειν

2090 3391 2447 3464 πειραθέντες
2474 3394 2522 3446 οἰ
2548 3393 2890 3464 κακόφρονες
2925 3397 3214 3468 αἱρετικοί,
3248 3399 3308 3452 τὸ
3332 3399 3548 3471 λάμψαν
3571 3403 3676 3454 ἀπὸ

2089 3483 2184 3536 τοῦ
2218 3483 2478 3554 Σωτῆρος
2497 3485 2556 3540 ἐν
2591 3485 2791 3559 Θαϐὼρ
2826 3488 3008 3542 θεῖκδν
3037 3489 3214 3545 ὲκεῖνο
3259 3493 3394 3562 φῶς,
3451 3495 3541 3548 καὶ
3589 3495 3677 3550 διὰ

2090 3576 2304 3630 πολλῶν
2327 3577 2764 3650 ἐξελεγχθέντες,
2801 3581 2997 3653 καὶμὴ
3039 3586 3518 3654 μεταπεισθέντες,
3571 3588 3676 3657 ἀφ-

2088 3671 2307 3743 ορισμῷ
2365 3672 2629 3744 ἐγγράφῳ
2678 3675 2770 3728 καὶ
2809 3675 3114 3746 ἀναθέματι
3166 3678 3673 3752 καθυπεϐλήθησαν.

2089 3765 2190 3828 Et;
2219 3781 2279 3818 τε
2307 3765 2417 3835 γὰρ
2452 3765 2550 3837 τὴν
2581 3765 2669 3820 διὰ
2701 3771 2904 3838 σαρκὸς
2933 3769 3249 3842 οἰκονομίαν
3303 3771 3676 3842 βλασφημοῦσι

2087 3855 2182 3909 τοῦ
2223 3855 2383 3920 Θεοῦ,
2434 3859 2529 3911 καὶ
2586 3860 2818 3930 κτιστὴν
2865 3855 3002 3915 εἶναι
3045 3863 3426 3934 φρενοϐλαϐῶς
3461 3865 3674 3936 λέγουσι

2084 3949 2185 4019 τὴν
2233 3949 2328 4002 τοῦ
2381 3949 2518 4004 Θεοῦ
2573 3949 2827 4022 θεότητα,
2863 3954 2957 4008 καὶ
2982 3956 3062 4019 εἰς
3095 3957 3325 4026 κτίσμα,
3378 3959 3438 4012 τό
3483 3976 3544 4029 γε
3595 3962 3674 4025 εἰς

2085 4043 2288 4106 αὐτοὺς
2309 4036 2468 4114 ἧκον,
2513 4045 2898 4113 κατασπῶσιν,
2954 4048 3119 4101 αὑτὸν
3157 4049 3250 4103 τὸν
3309 4051 3548 4121 Πατέρα,
3580 4054 3673 4105 καὶ

2085 4133 2175 4188 τὸν
2220 4135 2370 4200 Υἰὸν,
2423 4136 2519 4190 καί
2574 4137 2635 4190 τὸ
2676 4138 2902 4209 Πνεῦμα
2936 4139 2996 4193 τὸ
3050 4141 3227 4210 ἆγιον.
3276 4142 3390 4196 Μία
3435 4144 3538 4216 γὰρ
3581 4145 3672 4197 καὶ

2086 4230 2120 4300 ἡ
2152 4229 2292 4300 αὐτή
2325 4230 2476 4284 ἐστιν
2518 4230 2770 4302 ἡθεότης
2793 4232 2904 4287 τῶν
2939 4233 3128 4306 τριῶν.
3173 4235 3238 4289 Εἰ
3283 4236 3340 4289 δὲ
3384 4237 3477 4291 καὶ
3525 4237 3672 4292 ἄκτι-

2087 4337 2212 4373 στον
2245 4317 2397 4376 οὗτοι
2451 4323 2635 4377 σέϐειν
2692 4323 2914 4394 λέγουσι
2971 4324 3221 4397 θεότητα,
3287 4327 3381 4381 δύο
3432 4328 3673 4400 φανερῶς

2087 4413 2272 4468 λοιπὸν
2337 4401 2488 4471 οῦτοι
2541 4415 2792 4486 λέγουσιν
2858 4411 3001 4472 εἶναι
3056 4418 3150 4472 τοῦ
3199 4417 3335 4472 Θεοῦ
3394 4420 3672 4492 θεότητας,

2088 4510 2220 4578 μίαν
2246 4511 2492 4581 κτιστὴν,
2531 4512 2625 4565 καὶ
2676 4510 2846 4581 ἄλλην
2899 4513 3180 4568 ἄκτιστον.
3238 4513 3396 4568 Οὕτω
3446 4514 3675 4583 φιλονει-

2007 4620 2052 4676 n
2085 4600 2243 4654 κοῦσι
2284 4601 2498 4666 πάντας
2543 4603 2672 4666 τοὺς
2711 4603 2777 4656 ὲκ
2834 4603 3069 4657 παλαιοῦ
3122 4603 3450 4672 κακοδόξους
3503 4606 3676 4678 ὑπερ-

2082 4690 2246 4762 ϐῆναι
2283 4696 2349 4765 τῇ
2383 4694 2692 4767 δυσσεϐείᾳ.

2156 4785 2302 4858 ρμθ’.
2337 4789 2561 4843 Ἀλλοτε
2623 4789 2680 4844 δὲ
2727 4790 2826 4862 τὴν
2860 4790 3069 4844 οἰκείαν
3099 4793 3425 4860 κακοδοξίαν
3452 4795 3676 4850 συσκιά-

2082 4877 2196 4943 ζειν
2227 4881 2636 4953 μηχανώμενοι,
2661 4883 2757 4937 καὶ
2781 4884 3039 4940 ἄκτιστον
3075 4885 3293 4955 λέγουσι
3312 4887 3373 4941 τὸ
3401 4888 3459 4941 ὲν
3487 4887 3676 4942 Θαϐω-

2081 4973 2187 5045 ρίῳ
2214 4973 2440 5046 λάμψαν
2471 4976 2610 5045 φῶς,
2646 4976 2742 5030 καὶ
2801 4977 2992 5030 οὐσίαν
3043 4972 3185 5031 εἰναι
3235 4978 3328 5033 τοῦ
3355 4979 3512 5045 Θεοῦ,
3546 4981 3676 5034 πολ-

2079 5065 2302 5130 λαπλῶς
2347 5068 2456 5121 κάν
2499 5067 2676 5140 τούτῳ
2715 5067 3186 5141 βλασφημοῦντες.
3231 5070 3382 5124 Ἐπεὶ
3430 5070 3540 5143 γὰρ
3573 5073 3674 5126 ὑπὸ

2079 5161 2190 5214 τῶν
2249 5161 2567 5216 ἀποστόλων
2623 5163 2866 5234 ἑώραται
2921 5163 2983 5216 τὸ
3039 5163 3155 5232 φῶς
3207 5166 3404 5230 ἐκεῖνο,
3471 5167 3672 5238 ὁρατὴν

2078 5252 2270 5308 λοιπὸν
2293 5249 2434 5308 εἷναι
2480 5255 2670 5320 κακῶς
2701 5255 2960 5328 φρονοῦσι
3011 5257 3111 5326 τὴν
3151 5257 3342 5312 οὐσίαν
3371 5258 3464 5312 τοῦ
3491 5257 3625 5313 Θεοῦ
3651 5297 3669 5313 .

2095 5347 2237 5413 Ἀλλ’
2273 5347 2628 5402 ἁκουέτωσαν
2659 5349 2754 5402 τοῦ
2783 5348 3057 5418 λέγοντοςυ
3083 5351 3271 5416 Οὐδεὶς
3297 5352 3425 5424 ἔστη
3454 5353 3512 5406 έν
3541 5354 3670 5408 ὕπο-

2084 5440 2344 5510 στήματι.
2383 5440 2482 5495 καὶ
2509 5440 2698 5495 οὐσίαν
2752 5441 2913 5510 Θεοῦ,
2943 5443 3040 5497 καὶ
3080 5443 3216 5498 Θεοῦ
3247 5444 3406 5514 φύσιν
3440 5446 3472 5518 ἢ
3508 5441 3665 5521 εἶδεν,

2083 5529 2116 5600 ἢ
2169 5531 2555 5602 ὲξηγόρευσεν.
2615 5535 2728 5588 Καὶ
2786 5534 2862 5606 μὴ
2905 5536 3069 5607 μόνον
3123 5538 3299 5602 οὐδεὶς
3345 5539 3663 5611 ἀνθρώπων,

2083 5623 2198 5678 ἀλλ’
2215 5625 2338 5679 οὐδὲ
2365 5626 2472 5681 τῶν
2495 5626 2746 5696 ἀγγέλων
2766 5642 2780 5657 ’
2807 5630 2900 5682 καὶ
2921 5629 3064 5683 αὐτὰ
3091 5631 3200 5702 γὰρ
3232 5629 3301 5684 τὰ
3330 5631 3668 5703 ἐξαπτέρυγα

2083 5718 2358 5790 Σεραφίμ,
2416 5720 2511 5773 καὶ
2556 5721 2693 5792 πρὸς
2737 5720 2911 5794 αὐτὴν
2939 5723 3042 5796 τὴν
3061 5723 3364 5796 ὑπερϐολὴν
3399 5728 3497 5796 τῆς
3527 5727 3666 5779 ὲκεί-

2083 5811 2177 5867 θεν
2253 5813 2683 5884 ὲκπεμπομένης
2738 5814 3083 5886 ὲλλάμψεως,
3126 5820 3247 5883 ταῖς
3300 5817 3523 5888 πτέρυξι
3569 5835 3665 5870 πε-

2085 5904 2412 5981 ρικαλύπτει
2439 5906 2538 5972 τὰς
2563 5904 2736 5970 ὄψεις.
2789 5907 2943 5961 Ἐπεὶ
2984 5907 3113 5978 γοῦν
3149 5909 3357 5965 οὐδέσιν
3394 5910 3513 5965 οὐδέ
3539 5927 3661 5964 ποτε
