4020 6492
485 437 506 500 1
518 437 620 500 227

1729 434 2121 496 GREGORII
2168 436 2500 500 PALAth

3589 439 3702 506 1223

481 567 662 608 autem
701 553 836 606 bon-t
866 553 918 604 in
949 565 1063 606 navi)
1097 549 1304 615 luturo,
1337 560 1465 605 sunt
1517 553 1773 623 mysteria
1831 567 2066 621 evange-

2177 554 2356 624 μόνοις
2381 551 2436 603 ἐν
2468 545 2746 617 11νεύματι
2775 543 3160 615 προορώμενοι.
3195 543 3273 595 Τὰ
3304 543 3346 596 δ’
3371 544 3708 614 ἐπηγγελμένα

487 647 606 698 lit-:e
640 646 782 704 rilze.
811 643 894 697 bis
917 657 1055 712 quos
1091 643 1318 712 spiritus
1354 643 1560 709 visione
1589 644 1866 714 dignatur,
1897 652 1950 696 et
1980 641 2066 696 itis

481 738 550 791 ad
586 750 922 800 mensuram,
956 733 1111 803 quasi
1167 734 1222 788 in
1279 733 1526 804 pignoris
1602 743 1778 804 parte,
1830 735 1953 790 data
2011 744 2067 788 et

481 829 730 896 praevisa.
759 826 861 879 Sed
886 826 1346 895 quemadmodum
1374 827 1418 881 si
1439 827 1562 889 quis
1584 837 1707 881 tUnc
1730 826 2062 891 Juilazorum,

482 931 589 971 non
621 933 741 970 cum
771 917 1071 984 gratiarum
1106 917 1322 971 actione
1347 917 1578 971 audiens
1603 917 1900 987 prOphetas
1930 932 2060 984 pro-

480 1008 659 1062 fantes
695 1008 930 1062 Verbum
958 1017 1012 1062 ct
1037 1007 1300 1077 Spiritum
1333 1009 1424 1062 Dei
1466 1019 1786 1078 aeternaque
1811 1025 1874 1062 ac
1921 1024 2063 1062 sem-

481 1099 717 1169 piterna,
746 1113 917 1152 aures
948 1099 1312 1166 cohibuisset,
1356 1099 1545 1154 audire
1570 1104 1720 1155 visus
1749 1115 1906 1156 voces
1939 1100 2055 1168 pie-

481 1193 574 1245 tati
605 1193 818 1257 vetitas,
849 1200 902 1244 et
939 1193 1053 1245 voci
1091 1205 1118 1243 a
1147 1190 1246 1261 piis
1278 1193 1532 1245 admissa:
1578 1193 1906 1260 contrarias,
1940 1193 2058 1247 voci

481 1298 678 1353 nempe
739 1283 994 1338 dicenti:
1040 1302 1057 1334 ι
1100 1280 1359 1336 Dominus
1418 1281 1562 1336 Deus
1620 1293 1745 1338 tuus
1801 1282 2064 1338 Dominus

479 1390 621 1428 unus
647 1387 729 1429 est
759 1375 808 1407 ⁸⁸
851 1393 869 1426 ι
927 1375 1066 1429 idem
1102 1374 1282 1429 forsan
1335 1388 1389 1432 et
1420 1392 1560 1432 ltllltc
1594 1377 1642 1430 ei
1680 1377 1951 1432 accideret
1972 1376 2060 1446 qui

479 1481 584 1516 non
614 1481 735 1516 cum
772 1469 973 1535 pietate
1001 1467 1216 1520 audiret
1247 1478 1371 1519 nota
1401 1467 1532 1521 solis
1581 1469 1784 1523 virtute
1841 1470 2064 1524 mundis

479 1559 738 1626 mysteria
770 1560 1026 1628 Spiritus.
1095 1559 1161 1612 Et
1211 1563 1358 1615 sicut
1418 1562 1596 1616 adhuc
1651 1563 2062 1632 prtedictiouum

418 1627 432 1655 ⁵
479 1651 897 1706 illarumexitus
927 1669 1164 1707 consona
1205 1655 1494 1709 evidentiae
1527 1655 1899 1710 mattifes'avit
1963 1671 2064 1710 an-

480 1745 628 1812 tiqua
666 1746 949 1812 mysteria,
982 1755 1037 1799 et
1104 1748 1378 1800 credimus
1425 1761 1570 1800 nunc
1628 1747 1680 1800 in
1734 1745 1952 1801 Patrem
2009 1757 2066 1800 et

479 1836 672 1890 Filium
700 1849 752 1891 et
781 1838 1042 1909 Spiritum
1067 1850 1338 1905 sanctum,
1397 1841 1738 1894 divinitatem
1815 1842 2064 1910 personis

480 1930 699 1994 trinam,
735 1945 900 1983 unam
935 1940 990 1986 et
1012 1933 1316 2000 simplicem
1340 1943 1592 1985 naturam
1623 1933 2063 2001 incompositam,

484 2022 813 2085 itu-reatum.
871 2025 1227 2091 invisiltilem,
1301 2025 1954 2094 int-omprehensihilem;
1989 2026 2060 2077 ita

479 2124 536 2166 et
567 2116 730 2168 tuturi
768 2116 952 2170 saeculi
1010 2116 1288 2184 mysteria,
1360 2115 1410 2168 in
1470 2115 1703 2186 pr0pt-iis
1732 2117 2064 2183 tetnporibus

483 2206 848 2269 manifestata,
878 2223 973 2277 per
1000 2207 1330 2263 inellabilem
1349 2208 1510 2262 unius
1536 2207 1630 2262 Dei
1661 2209 1713 2262 in
1735 2211 1909 2263 tribus
1935 2225 2064 2278 per-

481 2301 632 2353 sOnis
686 2300 944 2368 perfectis
1010 2303 1423 2365 revelationcm,
1457 2316 1696 2356 consona
1737 2304 1886 2357 oumi
1948 2305 2064 2356 evi-

483 2392 683 2448 dentia:
713 2394 1094 2448 ostendentur.
1127 2395 1358 2462 Oportet
1391 2404 1572 2448 tamen
1601 2395 1652 2448 id
1687 2395 1851 2474 etiam
1880 2404 2063 2450 atten-

479 2487 612 2538 dere
640 2501 655 2537 :
692 2496 768 2550 ut,
796 2487 1050 2554 quamvis
1080 2487 1379 2543 novissime
1409 2487 1659 2542 terminis
1694 2495 1855 2543 terra:
1909 2503 2068 2543 reve-

481 2574 585 2626 lata
602 2573 675 2627 sit
693 2574 892 2628 divinat
909 2591 997 2628 um
1019 2590 1374 2643 personarum
1395 2576 1640 2634 Trinitas
1663 2577 1872 2632 ratione
1933 2576 2070 2633 Uui-

482 2670 606 2720 tatis
635 2667 858 2720 minime
877 2667 1481 2739 destructa,pr0phetis
1507 2680 1683 2724 tamen
1732 2672 1838 2726 illis
1901 2673 2066 2726 etiam

479 2768 606 2813 ante
627 2775 807 2813 rerum
835 2773 1091 2814 eventum
1115 2762 1358 2830 perfecte
1388 2767 1824 2833 cognoscebantur
1847 2765 2070 2820 iisdem-

479 2865 585 2916 que
602 2851 951 2905 credentibus
974 2854 1085 2921 jam
1111 2863 1240 2906 ttmc
1252 2855 1694 2923 acceptissimum
1715 2864 1855 2923 erat,
1877 2858 2067 2912 eodem

482 2943 640 2996 modo
666 2946 828 2997 etiam
858 2960 1000 2998 nunc
1026 2947 1234 2999 scimus
1284 2958 1338 2998 et
1397 2950 1727 3002 conlitemur
1783 2965 2067 3005 sermones

481 3041 597 3091 sive
621 3045 810 3105 aperte
833 3037 1161 3105 praedicatos
1185 3039 1609 3108 mysticediguis
1638 3041 1689 3094 iu
1720 3042 1912 3110 spiritu
1933 3057 2068 3110 prie-

485 3139 863 3185 monstratos:
897 3131 986 3183 alii
1029 3131 1246 3200 quidem
1297 3135 1634 3200 experientia
1689 3135 1889 3200 edocti,
1943 3137 2068 3204 qui-

499 3240 716 3290 cunque
756 3240 931 3276 rerum
973 3225 1300 3291 possessioni
1360 3227 1752 3295 hominumque
1797 3227 1986 3297 gloria-
2012 3239 2066 3284 et

485 3314 645 3368 l'tedzs
678 3318 924 3382 corporis
948 3315 1321 3386 voluptatibus
1348 3317 1414 3369 ad
1449 3321 1882 3387 amplectendam
1901 3335 2065 3374 evan-

483 3409 709 3476 gelicum
735 3389 898 3461 vitam
923 3424 1026 3462 non
1074 3409 1249 3463 solum
1277 3409 1754 3476 renuntiaverunt,
1781 3414 1873 3464 sed
1901 3413 2065 3465 etiam

482 3501 626 3556 hanc
657 3502 1188 3555 abrenuntiatiouem
1208 3501 1516 3557 obedientia
1544 3506 1839 3558 coaetaneis
1863 3505 2068 3561 Christi

485 3591 970 3654 continuaverunt,
1001 3593 1103 3646 sibi
1138 3591 1283 3646 enim
1314 3603 1370 3646 et
1405 3594 1512 3648 Deo
1550 3610 1648 3662 per
1677 3596 1916 3665 quietem
1949 3597 2069 3651 sine

486 3686 1157 3748 sollicitudinevacantes,
1190 3696 1246 3739 et
1304 3686 1421 3756 jugi
1474 3690 1729 3743 oratione
1781 3705 1946 3759 supra
2009 3705 2070 3746 se

486 3777 928 3840 ascendentes.et
964 3781 1384 3849 conjunctiDeo
1408 3797 1502 3851 per
1520 3783 1806 3852 mysticam
1837 3795 1893 3839 et
1924 3786 2069 3839 inin-

488 3870 826 3939 telltgihtletn
891 3888 1015 3926 cum
1075 3892 1140 3928 eo
1203 3877 1484 3941 unionem,
1551 3891 1670 3945 quae
1715 3888 1845 3932 sunt
1901 3895 2067 3950 supra

489 3979 730 4020 mentem
777 3969 919 4022 docti
981 3978 1148 4036 sunt;
1195 3969 1286 4022 alii
1347 3985 1473 4024 vero
1532 3971 1726 4026 initiati
1787 3981 1913 4028 sunt
1973 3989 2071 4030 sua

487 4073 615 4129 erga
645 4060 744 4112 bos
773 4059 1142 4127 veneratione,
1179 4061 1284 4116 lide
1316 4077 1381 4116 ac
1405 4065 1725 4120 dilectione.
1787 4067 1880 4122 Sic
1906 4067 2073 4136 igitur

489 4162 542 4204 et
576 4167 697 4216 nos,
735 4153 1016 4208 audientes
1045 4168 1300 4222 magnum
1344 4154 1662 4227 Dionysium
1719 4157 1773 4211 in
1833 4161 2071 4216 secunda

410 4269 453 4314 γ.
486 4244 553 4296 ad
585 4242 775 4298 Caium
805 4245 1030 4314 epistola
1057 4249 1323 4302 dicentem
1352 4265 1365 4302 :
1399 4267 1417 4300 ι
1447 4249 1704 4304 Deilicum
1745 4251 1838 4307 Dei
1871 4253 2072 4309 donum

415 4336 610 4406 [esse
641 4336 986 4392 divinitatem
1022 4349 1075 4394 et
1133 4341 1352 4395 deitatis
1403 4345 1755 4414 principium,
1829 4355 1885 4401 et
1945 4347 2074 4402 Iuni

413 4455 420 4480 -.
491 4433 716 4496 fontem,
754 4441 807 4486 et
841 4435 1056 4487 dantem
1083 4433 1223 4487 hanc
1245 4437 1474 4504 gratiam
1496 4437 1677 4507 dignis
1704 4438 1872 4494 Deum
1904 4456 2072 4511 supra

412 4519 434 4550 *δ
491 4527 630 4578 hanc
661 4525 1005 4579 divinitatem
1033 4540 1157 4581 esse
1188 4527 1489 4581 credimus.
1529 4545 1546 4580 ι
1602 4527 2070 4598 Multiplicitatem

2173 648 2285 708 τοῖς
2327 643 2508 711 ἁγίοις
2550 637 2733 708 ἀγαθὰ
2779 637 2924 691 κατὰ
2966 637 3059 689 τὸν
3113 638 3283 690 αἰῶνα
3332 637 3421 690 τὸν
3468 641 3710 708 μέλλοντα,

2171 736 2271 806 τῆς
2299 735 2440 788 κατὰ
2468 734 2529 786 τὸ
2575 729 2910 800 Εὐαγγέλιον
2955 728 3234 791 πολιτείας
3285 731 3400 782 ἐστὶ
3448 735 3713 802 μυστήρια,

2171 831 2284 891 τοῖς
2315 825 2404 879 διὰ
2433 824 2525 877 τοῦ
2548 817 2869 892 Πνεύματος
2900 822 3035 892 όρᾷν
3063 820 3510 891 ἠξιωμένοις,καὶ
3538 824 3714 889 τούτοις

2174 919 2435 991 μετρίως,
2466 917 2542 980 ὡς
2572 918 2629 969 ἐν
2667 913 2988 986 ἁρραϐὦνος
3028 913 3211 984 μέρει,
3268 913 3514 984 διδόμενά
3552 933 3603 968 τε
3640 919 3714 969 καὶ

2171 1009 2555 1082 προορώμενα.
2609 1005 2749 1060 Ἀλλ’
2779 1005 2970 1077 ὥσπερ
2994 1006 3147 1067 εἴτις
3180 1007 3300 1058 τότε
3325 1008 3431 1060 τῶν
3457 1007 3717 1074 Ἰουδαίων,

2174 1105 2250 1176 μὴ
2285 1103 2403 1174 μετ’
2443 1098 2794 1173 εὐχαριστίας
2834 1099 3050 1153 ἁκούων
3089 1097 3199 1150 τῶν
3237 1100 3529 1168 προφητῶν
3558 1099 3717 1165 λεγόν.

2171 1214 2280 1250 των
2308 1195 2491 1265 λόγον,
2508 1196 2602 1250 xai.
2625 1193 2848 1264 Πνεῦμα
2871 1190 3032 1258 Θεοῦ,
3051 1191 3299 1245 συναῖδιά
3317 1209 3375 1245 τε
3398 1192 3490 1245 καὶ
3515 1195 3716 1264 προαιιζο

2170 1305 2281 1354 νια,
2323 1287 2586 1358 συνέσχεν
2617 1284 2684 1338 ἂν
2749 1285 2818 1338 τὰ
2869 1278 3004 1347 ὦτα,
3061 1283 3235 1336 δοκῶν
3279 1285 3718 1354 ἀπηγορευμένων

2170 1381 2395 1438 ἀκούειν
2427 1385 2492 1452 τῆ
2528 1379 2787 1450 εὐσεϐείᾳ
2816 1377 3034 1448 φωνῶν,
3071 1378 3164 1430 καὶ
3191 1377 3290 1446 τῆς
3331 1376 3720 1447 άνωμολογημέο

2170 1462 2273 1546 γης
2300 1475 2414 1536 τοῖς
2437 1471 2692 1525 εὐσεϐέσι
2725 1470 2908 1540 φωνῆς
2938 1467 3195 1521 ἐναντίων
3226 1483 3240 1498 ·
3276 1465 3519 1535 δηλονότι
3539 1469 3629 1537 τῆς
3651 1467 3720 1517 is.

2174 1565 2384 1635 γούσης
2406 1582 2420 1596 ο
2460 1584 2478 1615 ι
2506 1563 2709 1634 Κύριος
2765 1563 2794 1614 ὁ
2821 1561 2954 1623 Θεός
2991 1577 3108 1621 σου,
3151 1558 3357 1628 Κύριος
3391 1552 3470 1620 εἷς
3513 1558 3718 1610 ἐστιν·ι

2171 1658 2316 1714 οὕτω
2345 1659 2439 1710 καὶ
2470 1656 2565 1709 νῦν
2599 1657 2742 1725 τάχα
2771 1653 2838 1708 ἂν
2875 1652 3020 1724 πάθῃ
3059 1669 3163 1715 τις,
3195 1651 3290 1721 ιμὴ
3323 1651 3441 1720 μετ’
3474 1649 3723 1711 εὐλαϐείας

2173 1752 2390 1806 ἀκούων
2429 1749 2538 1803 τῶν
2590 1749 2774 1819 μόνοις
2803 1745 3170 1815 ἐγνωσμένων
3205 1746 3318 1807 τοῖς
3340 1743 3410 1796 δι’
3437 1743 3623 1814 ἀρετὴν
3649 1759 3723 1794 κε-

2177 1843 2545 1916 καθαρμέγοις
2586 1838 2902 1911 μυστηρίων
2925 1837 3018 1890 τοῦ
3045 1835 3386 1905 Πνεύματος.
3423 1833 3726 1902 ’Δλλ’ὦσπερ

2173 1933 2329 2001 αὖθις
2359 1939 2392 2007 ἡ
2427 1936 2536 1988 τῶν
2569 1933 2929 2004 προρρήσεων
2958 1929 3184 1982 ἐκείνων
3213 1928 3461 1992 ἔκϐασις,
3491 1927 3723 1997 σύμφωνα

2172 2032 2286 2092 τοῖς
2349 2029 2604 2098 φανεροῖς
2635 2022 2872 2087 ἀνέδειξε
2914 2023 2983 2075 τὰ
3010 2022 3130 2074 τότε
3189 2021 3488 2091 μυστήρια,
3524 2020 3610 2072 καὶ
3647 2033 3722 2068 πι·

2175 2123 2442 2191 στεύομεν
2482 2121 2578 2173 νῦν
2609 2121 2687 2181 είς
2715 2117 2958 2186 Πατέρα,
2983 2117 3075 2168 καὶ⁷
3098 2113 3246 2178 Υίὸν,
3278 2114 3376 2165 xai.
3409 2111 3558 2179 ἆγιον
3583 2106 3721 2162 11νεῦ-

2175 2234 2272 2286 μα,
2300 2215 2542 2285 Θεότητα
2561 2212 3017 2284 τρισυπόστατον,
3045 2207 3174 2278 μίαν
3187 2207 3355 2282 φύσιν
3374 2206 3563 2276 ἁπλῆν,
3586 2202 3720 2256 ἀσύν-

2173 2308 2346 2370 θετον,
2380 2307 2658 2370 ἄκτιστον,
2678 2303 2932 2375 ἀόρατον,
2953 2303 3062 2354 ἀπε
3069 2301 3341 2371 ρινόητον·
3372 2297 3512 2352 οὕτω
3535 2296 3620 2351 καὶ
3645 2293 3721 2348 τοῦ

2175 2400 2463 2470 μέλλοντος
2493 2397 2712 2461 αἰῶνος,
2746 2398 2803 2449 ἐν
2830 2396 3041 2466 καιροῖς
3072 2392 3222 2456 ἰδίοις
3253 2389 3716 2459 ἀποκαλυφθίντος.

2173 2492 2319 2546 κατὰ
2371 2490 2470 2557 τὴν
2523 2488 2805 2558 ἄφραστον
2837 2483 3104 2553 ἐκφανσιν
3133 2481 3228 2535 τοῦ
3262 2483 3322 2534 ἐν
3357 2481 3501 2552 τρισὶ
3524 2478 3722 2538 τελείαις

2173 2583 2536 2639 ὑποστάσεσιν
2567 2582 2686 2643 ἐνδς
2718 2578 2879 2644 Θεοῦ,
2917 2577 3188 2647 σύμφωνα
3224 2577 3342 2639 τοῖς
3395 2575 3552 2628 πᾶσιν
3581 2575 3721 2640 ἐκφα-

2172 2678 2395 2747 νήσεται
2422 2675 2537 2736 τοῖς
2576 2673 2832 2742 φανεροῖς
2859 2669 2925 2723 τὰ
2957 2670 3253 2740 μυστήρια.
3292 2669 3388 2720 Δεῖ
3433 2667 3603 2738 μέντοι
3640 2663 3722 2716 κᾶν

2174 2770 2322 2822 κεῖκο
2343 2766 2568 2818 σκοπεῖν
2591 2779 2606 2792 ’
2634 2761 2710 2826 ὡς
2740 2762 2790 2814 εἰ
2826 2761 2921 2814 καὶ
2958 2761 3069 2823 τοῖς
3104 2758 3308 2830 πέρασι
3360 2758 3456 2826 τῆς
3479 2756 3574 2824 γῆς
3596 2754 3718 2806 ὓστε·

2177 2877 2268 2931 ρον
2327 2856 2564 2926 ἐξεφάνη
2606 2854 2669 2907 τὸ
2715 2851 3150 2922 τρισυπόστατον
3204 2848 3308 2918 τῆς
3357 2847 3627 2918 Θεότηιος,
3663 2841 3725 2910 τῷ

2173 2952 2319 3021 λόγῳ
2348 2951 2448 3019 τῆς
2476 2945 2800 3018 μοναρχίας,
2834 2941 3108 3014 μηδαμῶς
3155 2941 3578 3012 λυμαινόμενον,
3617 2935 3726 2989 ἀλλὰ

2174 3049 2285 3108 τοῖς
2321 3043 2635 3114 προφήταις
2668 3039 2924 3100 ἐκείνοις,
2955 3037 3051 3090 καὶ
3080 3035 3188 3106 πρὸ
3214 3037 3312 3104 τῆς
3360 3033 3621 3094 ἐκϐάσεως
3639 3029 3725 3083 τῶν

2175 3135 2542 3209 πραγμάτοιν,
2595 3131 2844 3203 ἀκριϐῶς
2883 3127 3238 3197 ἐγινώσκετο.
3277 3126 3379 3180 καὶ
3420 3127 3528 3189 τοῖς
3571 3123 3726 3181 αὐτοῖς

2173 3226 2474 3297 τηνικαῦτα
2519 3224 2889 3294 πειθομένοις,
2922 3218 3342 3290 εὐπαράδεκτον
3369 3212 3469 3288 ἦν*
3505 3215 3587 3268 τὸν
3635 3213 3724 3263 ίσον

2174 3325 2283 3392 ἄρα
2309 3320 2537 3392 τρόπον,
2577 3317 2699 3370 οὐδὲ
2757 3314 2855 3368 νῦν
2904 3314 3031 3377 τοὺς
3085 3311 3280 3380 λόγους
3329 3311 3430 3382 τῆς
3474 3305 3724 3380 ὁμολογίας

2175 3414 2500 3483 ἀγνοοῦμεν,
2517 3411 2625 3463 τῶν
2648 3427 2706 3463 τε
2730 3407 3017 3480 παρρησία
3052 3406 3499 3476 κηρυττομένων,
3529 3401 3613 3454 καὶ
3639 3397 3726 3449 τῶν

2181 3505 2459 3578 μυστικῶς
2502 3507 2559 3557 ἐν
2586 3502 2867 3573 Πνεύματι
2905 3503 3016 3563 τοῖς
3067 3498 3242 3564 ἀξίοις
3295 3494 3726 3568 προφαινομένων

2179 3600 2228 3650 oi.
2261 3598 2361 3668 μὲν
2391 3597 2530 3666 αὐτῇ
2561 3598 2628 3666 τῇ
2682 3593 2851 3664 πείρᾳ
2888 3589 3258 3664 μεμυημένοι,
3294 3589 3413 3643 ὅσοι
3461 3591 3525 3657 τῇ
3548 3602 3603 3638 τε
3642 3589 3732 3636 τῶν

2179 3690 2481 3761 χρημάτων
2513 3689 2730 3758 κτήσει,
2774 3685 2871 3740 xati.
2891 3687 2958 3757 τῇ
2994 3685 3104 3738 τῶν
3144 3681 3455 3752 ἀνθρώπων
3489 3679 3626 3750 δόξῃ,
3655 3676 3732 3729 καὶ

2183 3787 2302 3847 ταῖς
2327 3784 2600 3853 σωμάτων
2629 3782 2690 3833 οὐ
2719 3779 2914 3842 καλαῖς
2945 3779 3184 3849 ἡδοναῖς,
3214 3778 3304 3832 διά
3333 3778 3432 3847 τὴν
3472 3771 3732 3842 Εὐαγγελι-

2182 3880 2286 3948 κήν
2323 3879 2670 3942 ἀπετάξαντο
2712 3874 2879 3945 ζωὴν,
2916 3875 2978 3927 οὐ
3041 3873 3202 3943 μόνον
3224 3873 3302 3939 δὲ,
3353 3871 3488 3927 ἀλλὰ
3533 3869 3619 3922 καὶ
3654 3865 3733 3934 τὴν

2182 3971 2467 4042 ἁποταγὴν
2491 3969 2719 4038 ταύτην,
2777 3968 2866 4022 διὰ
2920 3967 3019 4038 τῆς
3077 3968 3214 4036 πρὸς
3244 3968 3372 4030 τοὺς
3424 3967 3481 4018 ἐν
3511 3966 3574 4035 τῇ
3620 3960 3732 4014 κατὰ

2183 4067 2417 4140 Χριστὸν
2443 4063 3043 4136 ἡλικίᾳπροσήκοντας
3076 4061 3420 4114 ἐϐεϐαίωσαν
3451 4054 3727 4123 ὑποταγῆς·

2185 4163 2400 4225 ἑαυτοῖς
2424 4161 2555 4231 γὰρ,
2591 4158 2687 4212 καὶ
2713 4157 2791 4229 τῷ
2821 4153 2940 4227 Θεῷ
2958 4154 3025 4208 δι’
3051 4154 3280 4226 ἡσυχίας
3319 4150 3730 4225 ἀπεριμερίμνως

2185 4255 2572 4328 σχολάταντες,
2613 4251 2710 4305 καὶ
2747 4250 2837 4303 διὰ
2891 4246 3206 4318 προσευχῆς
3245 4244 3588 4317 εἰλικρινοῦς,
3618 4239 3733 4306 ὑπὲρ

2187 4351 2414 4411 ἑαυτοὺς
2443 4348 2747 4418 γενόμενοι,
2788 4343 2882 4398 καὶ
2930 4341 3216 4410 γεγονότες
3250 4343 3309 4393 ὲν
3359 4338 3497 4411 Θεῷ,
3530 4336 3613 4390 διὰ
3652 4332 3730 4400 τῆς

2183 4441 2321 4511 πρὸς
2352 4440 2517 4494 αὑτὸν
2556 4438 2828 4510 μυστικῆς
2875 4437 3018 4507 ὑπὲρ
3047 4435 3172 4489 νών
3219 4433 3489 4500 ἐνώσεως,
3534 4431 3597 4484 τὰ
3624 4427 3737 4495 ὑπὲρ

2180 4534 2307 4588 νοῦν
2329 4531 2674 4603 ἐμυήθησαν·
2694 4531 2743 4582 οἱ
2767 4529 2847 4592 δέ,
2880 4531 2946 4600 τῇ
2981 4527 3116 4598 πρὸς
3141 4527 3269 4588 τοὺς
3297 4525 3569 4587 τοιούτους
3604 4519 3736 4580 αἰδοῖ,

491 4623 632 4673 enim
666 4618 808 4674 Deus
837 4635 945 4674 ttun
979 4623 1205 4690 patitur,
1239 4636 1338 4676 nec
1362 4619 1501 4676 duas
1561 4622 1641 4677 sic
1683 4624 1884 4692 aliquis
1942 4627 2067 4681 dicit

2181 4627 2276 4681 καὶ
2311 4624 2515 4689 πίστει,
2545 4624 2640 4677 καὶ
2662 4623 2886 4693 στοργῇ.
2921 4619 3079 4675 Οὕτω
3115 4619 3298 4672 τοίνυν
3336 4617 3432 4672 καὶ
3462 4617 3632 4686 ἡμεῖς,
3662 4606 3736 4661 τοῦ

426 4747 436 4778 ξ
489 4713 828 4767 divinitates.
861 4713 932 4767 At
975 4713 1120 4768 hanc
1159 4713 1410 4769 deiﬁcam
1477 4716 1572 4771 Dei
1623 4721 1854 4788 gratiam
1914 4721 2076 4775 divus

487 4804 759 4860 Maximus
789 4809 855 4859 de
886 4805 1281 4863 Melchisedech
1313 4811 1563 4864 scribens
1594 4810 1897 4864 increatam
1951 4829 2073 4867 esse

489 4904 846 4966 demonstrat,
880 4909 934 4952 et
963 4913 1181 4966 semper
1208 4905 1504 4970 procedere
1561 4916 1592 4956 a
1654 4917 1875 4973 semper
1926 4907 2077 4960 exsi-

489 5001 667 5044 Stente
693 4989 801 5044 Deo
832 5005 850 5056 ;
882 5001 938 5044 et
965 4989 1091 5044 alibi
1120 5006 1263 5061 saepe
1286 4993 1467 5047 lumen
1498 4993 1628 5048 illud
1666 5006 1821 5050 vocat
1844 5016 1864 5047 ι
1904 4998 2076 5055 lucem

489 5084 786 5152 ingenitam
813 5086 1367 5156 substantialemque,
1392 5097 1446 5142 et
1483 5090 1681 5156 dignis,
1705 5091 1925 5157 quando
1949 5092 2080 5147 facti

488 5185 615 5230 sunt
649 5177 814 5247 digni,
854 5177 1282 5244 manifestatam,
1320 5181 1416 5235 sed
1443 5196 1548 5236 non
1577 5191 1706 5234 tunc
1742 5183 1964 5249 factam;
2025 5195 2080 5239 et

486 5267 663 5324 lucem
696 5269 980 5325 ineﬂ‘ahilis
1002 5273 1214 5340 gloria},
1243 5281 1294 5326 et
1321 5275 1634 5341 angelorum
1666 5276 2012 5332 munditiam.
2053 5296 2072 5329 ο

490 5363 714 5432 Magnus
741 5375 921 5418 autem
972 5363 1248 5420 Macarius
1305 5367 1436 5418 illud
1504 5378 1830 5435 nuncupatt
1895 5371 2078 5422 imor-

489 5457 757 5524 pul'ulilltll
792 5473 999 5522 escam,
1026 5469 1079 5512 et
1114 5458 1345 5527 gloriam
1371 5472 1578 5512 tratum:
1633 5459 1854 5523 divin-.0,
1887 5471 1943 5514 et
1990 5460 2076 5514 lu—

494 5553 599 5600 tuti
632 5551 810 5604 saeculi
842 5550 1332 5620 pulchritudinem,
1367 5551 1544 5618 ignem
1581 5551 1845 5605 divimum
1876 5571 1936 5605 ac
1978 5571 2074 5608 su-

492 5649 892 5714 peicualestem,
925 5646 1103 5697 lumen
1131 5641 1401 5697 ittellahile
1426 5653 1480 5698 et
1532 5644 1917 5710 intellectuale,
1990 5663 2072 5699 ar-

497 5743 648 5793 rham
683 5739 919 5810 Spiritus
943 5743 1140 5804 sancti,
1170 5740 1438 5792 lmtilicum
1475 5739 1782 5793 sanctitatis
1817 5741 2019 5794 oleum.
2048 5759 2066 5791 ι

606 5923 651 5958 ⁵⁸
719 5926 884 5981 Marc.
923 5942 1020 5994 xit,
1059 5927 1141 5980 ιο.

2183 4719 2424 4792 μεγάλου
2446 4717 2725 4771 Διονυσίου
2751 4716 2999 4783 λέγοντος
3026 4713 3338 4775 ἀκούοντες,
3367 4712 3426 4763 ἐν
3449 4712 3516 4782 τῇ
3543 4709 3736 4773 δευτέρᾳ

2180 4813 2316 4884 πρὸς
2352 4813 2512 4866 Γάῖον
2550 4810 2812 4882 ἐπιστολῇ
2836 4826 2848 4838 ·
2889 4810 2964 4862 Τὸ
2993 4807 3090 4860 τοῦ
3129 4806 3264 4860 Θεοῦ
3297 4805 3542 4860 θεοποιδν
3570 4800 3732 4868 δῶρον.

2181 4907 2436 4978 θεότητα,
2480 4907 2577 4959 καὶ
2608 4905 2872 4976 θεαρχίαν
2911 4903 3005 4957 xai.
3033 4900 3395 4971 ἀγαθαρχίαν.
3429 4899 3519 4950 καὶ
3553 4894 3634 4947 τὸν
3657 4887 3732 4956 τὴν

2179 5003 2341 5072 Χάριν
2359 4999 2562 5069 ταύτην
2585 5001 2695 5061 τοῖς
2719 4996 2893 5063 ἀξίοις
2917 4995 3224 5066 παρέχοντα
3241 4993 3392 5058 Θεὸν,
3411 4990 3546 5060 ὑπὲρ
3563 4984 3732 5081 ταύτην

2177 5093 2278 5164 τὴν
2304 5092 2538 5160 θεότητα
2567 5086 2708 5143 εἶναι
2735 5087 3065 5158 πειθόμεθα.
3094 5079 3580 5150 Πολυπλασιασμδν
3597 5074 3687 5144 γὰρ
3705 5074 3727 5118 ὁ

2179 5186 2316 5250 Θεὸς
2347 5185 2408 5238 οὐ
2440 5186 2672 5256 πάσχει,
2725 5182 2848 5236 οὐδὲ
2878 5181 2973 5236 δύο
3001 5181 3150 5250 λέγει
3181 5196 3264 5241 τις
3302 5175 3445 5230 οὕτω
3488 5173 3729 5237 Oed-cum.

2192 5279 2356 5334 ’Λλλά
2405 5280 2504 5350 τὴν
2534 5277 2782 5330 θεοποιδν
2814 5275 3019 5344 ταύτην
3048 5274 3210 5344 χάριν
3236 5269 3330 5324 τοῦ
3371 5265 3524 5328 Θεοῦ,
3552 5266 3578 5315 ό
3615 5258 3731 5350 θεῖος

2179 5373 2432 5441 Μάξιμος
2461 5344 2595 5440 ἰπερὶ
2629 5369 2724 5424 τοῦ
2760 5367 3098 5438 Μελχισεδὲκ
3130 5364 3378 5436 γράφων,
3403 5363 3637 5414 ἄκτιστον
3665 5344 3728 5400 εἰ·

2188 5485 2277 5520 ναι
2311 5465 2697 5533 ἀποφαίνεται,
2740 5463 2837 5516 καὶ
2890 5461 2977 5514 ἀεὶ
3026 5459 3192 5512 οὖσαν
3232 5459 3294 5510 ἐκ
3346 5455 3438 5508 τοῦ
3476 5451 3557 5506 ἀεὶ
3604 5445 3726 5533 ὅντιξς

2180 5559 2343 5624 Θεοῦ,
2376 5527 2616 5629 ἀλλαχοῦ
2643 5527 2699 5610 δέ
2719 5553 3015 5626 πολλαχοῦ,
3043 5549 3338 5621 ἀγέννητόν
3361 5563 3418 5600 τε
3449 5544 3537 5598 καὶ
3563 5527 3725 5590 ἐνυπόο

2185 5671 2382 5708 στατον
2405 5653 2519 5724 φῶς
2541 5655 2652 5715 τοῖς
2676 5650 2870 5717 ἀξίοις,
2900 5646 3041 5717 ἡνίκ’
3071 5645 3137 5700 ἂν
3152 5644 3394 5714 γένοιντο
3416 5637 3725 5732 dimidii”?

2181 5746 2474 5818 ρούμενον,
2513 5745 2624 5798 ἀλλ’
2649 5744 2708 5797 οὐ
2738 5743 2857 5796 τότε
2889 5741 3197 5812 γινόμενον.
3232 5733 3399 5789 Τοῦτο
3421 5729 3478 5782 τὸ
3507 5729 3612 5794 φῶς
3651 5729 3725 5768 ου’
3774 5751 3780 5760 ·
