4020 6500
389 422 531 489 12-9

1582 426 2150 500 HAGIORITICUS
2169 432 2453 506 TOMUS.

3522 452 3661 517 120

386 559 500 603 τος,
529 536 624 595 καὶ
659 542 774 610 φῶς
827 543 1219 617 ὑπεραρρήτου
1266 546 1446 618 δόξης,
1498 551 1589 601 καὶ
1634 551 1885 618 ἀγγέλων
1941 554 2294 627 καθαρότητα
2342 557 2597 624 ὀνομάζει
2628 572 2642 588 ο
2676 558 2702 611 ὁ
2740 558 2794 612 δὲ
2833 560 3010 632 μέγας
3064 561 3377 630 Μακάριος,
3431 577 3524 617 καὶ
3551 564 3660 615 τῶν

388 636 701 703 ἀσωμάτων
732 637 963 707 τροφὴν,
996 640 1091 691 καὶ
1119 639 1220 710 τῆς
1247 635 1404 702 θείας
1442 643 1663 710 φύσεως
1691 645 1878 712 δόξαν,
1916 650 2010 703 καὶ
2039 650 2133 704 τοῦ
2167 653 2459 722 μέλλοντος
2487 655 2685 718 αίῶνος
2720 657 3011 723 καλλονὴν,
3043 657 3155 728 πῦρ
3201 656 3346 710 θεῖον
3373 659 3468 711 καὶ
3499 661 3611 711 tm
3636 688 3662 699 —

391 730 599 796 ράνιον,
628 729 744 795 φῶς
777 729 1045 802 ἄρρητον,
1078 732 1173 785 καὶ
1202 734 1413 803 νοερὶν,
1447 735 1746 808 ἀρραϐῶνα
1772 740 2092 812 Πνεῦματος
2124 747 2308 812 άγίου,
2348 747 2672 808 ἀγιαστικδν
2708 746 3085 814 ἀγαλλιάσεως
3112 750 3312 804 ἔλαιον.

430 830 654 905 ηὐστις
709 823 826 893 οὖν,
866 845 993 891 τους
1025 829 1125 897 τὴν
1154 827 1402 883 θεοποιὸν
1431 827 1649 897 ταύτην
1684 827 1844 897 χάριν
1878 827 1974 880 τοῦ

387 921 551 986 Θεοῦ,
582 921 864 985 ἄκτιστον,
886 921 982 975 καὶ
1011 920 1336 991 ἀγέννητον,
1373 920 1469 974 καὶ
1483 919 1851 973 ὲνυπόστατον
1888 917 1978 972 λέ-

389 1027 607 1081 γοντας,
633 1014 749 1077 τοῖς
794 1013 1197 1077 Μασσαλιανοῖς
1264 1014 1544 1068 συντάττει
1598 1014 1695 1067 καὶ¹
1721 1012 1973 1077 Διθεῖτας

312 1097 323 1101 ’
390 1105 570 1172 καλεῖ,
597 1103 758 1176 εἴπερ
774 1105 882 1177 ἄρα
903 1106 990 1170 τίς
1020 1108 1196 1171 ἐστιν,
1220 1098 1375 1170 οὗτος
1414 1108 1548 1161 ίστω
1577 1109 1691 1170 τοῖς
1715 1105 1808 1159 τοῦ
1839 1106 1976 1164 Θεοῦ

389 1198 568 1261 ἁγίοις
595 1199 996 1269 ἀντικείμενος,
1032 1202 1130 1254 καὶ
1152 1200 1247 1253 τοῦ
1269 1201 1476 1271 κλήρου
1492 1201 1601 1254 τῶν
1624 1200 1973 1270 σωζομένων,

388 1291 438 1341 εί
470 1290 544 1360 μὴ
579 1290 1011 1362 μεταμεληθείη,
1062 1292 1256 1345 ἑαυτὸν
1300 1290 1603 1355 ἐκϐάλλων,
1670 1293 1765 1345 καὶ
1813 1291 1977 1355 αὐτὸς

387 1382 675 1435 ἐκπίπτων
695 1382 792 1436 τοῦ
821 1383 941 1447 ἑνὸς
974 1384 1069 1437 καὶ
1087 1384 1250 1454 μόνου
1269 1384 1379 1438 τῶν
1411 1385 1581 1453 ἀγίων
1606 1386 1769 1454 φύσει
1794 1385 1930 1439 Θεοῦ
1956 1402 1971 1417 ⁸

386 1474 536 1534 ὅστις
566 1474 624 1528 δὲ
684 1476 987 1538 πιστεύων,
1035 1477 1133 1529 καὶ⁹
1171 1477 1515 1547 πειθόμενος,
1551 1479 1644 1532 καὶ
1689 1477 1972 1550 συμφθεγο

388 1568 621 1637 γόμενος
654 1570 765 1630 τοῖς
798 1568 996 1636 ἁγίοις,
1027 1570 1119 1622 καὶ
1145 1570 1220 1640 μὴ
1251 1571 1725 1642 προφασιζόμενος
1760 1574 1975 1643 προφά-

388 1674 503 1720 σεις
535 1657 594 1711 ἐν
621 1657 943 1730 ἁμαρτίαις,
980 1660 1041 1713 τὸ
1095 1661 1195 1731 μὲν
1229 1661 1482 1732 φανερῶς
1535 1662 1829 1735 λεγόμενον
1855 1667 1974 1721 ὀὐκ

383 1750 723 1812 ἀποσείεται,
755 1749 834 1814 ὡς
882 1752 1115 1817 ἀγνοῶν,
1162 1754 1351 1821 ἀγνοεῖ
1402 1754 1460 1808 δὲ
1498 1756 1589 1809 τὸν
1616 1758 1821 1828 τρόπον
1876 1761 1975 1813 τοῦ

388 1840 719 1912 μυστηρίου,
780 1842 857 1913 μὴ
913 1842 1234 1909 ἁπαξιούτω
1267 1846 1477 1915 ζητεῖν,
1532 1849 1628 1902 καὶ
1678 1850 1974 1920 μανθάνειν

384 1933 537 2001 παρά
568 1932 677 1986 τῶν
726 1933 967 1989 εἰδότων.
1024 1935 1245 1990 Είσεται
1293 1937 1424 2009 γάρ,
1459 1937 1535 2001 ὡς
1573 1940 1728 1995 οὐδὲν
1770 1941 1971 1996 ἀνακόο

383 2022 576 2077 λουθον
615 2026 731 2089 τοῖς
760 2023 930 2090 θείοις
980 2025 1161 2095 λόγοις
1196 2029 1293 2082 καὶ
1351 2032 1667 2102 πράγμασι,
1689 2033 1787 2087 καὶ
1816 2033 1970 2089 ταῦτ’

382 2116 618 2170 ἐπὶτῶν
666 2116 1140 2187 ἀναγκαιοτάτων,
1178 2121 1273 2175 καὶ
1335 2116 1413 2177 ὧν
1444 2122 1575 2178 ἄνευ
1625 2126 1778 2181 οὐδὲν
1809 2128 1969 2182 οὐδα-

386 2209 503 2278 μῶς
542 2208 610 2262 ἂν
666 2210 921 2283 συσταίη,
962 2210 1086 2266 οὔτε
1120 2217 1420 2287 μυστήριον
1462 2219 1602 2283 ὅλως
1641 2200 1970 2292 θεοπρεπὲς.

456 2298 646 2366 Ὅστις
697 2303 833 2375 μόνῃ
873 2306 939 2376 τῇ
996 2308 1232 2377 μιμήσει
1262 2326 1323 2362 τε
1375 2312 1470 2365 καὶ
1532 2313 1741 2384 σχέσει,
1799 2320 1969 2389 χωρὶς

379 2393 480 2463 τῆς
502 2393 752 2448 θεοποιοῦ
780 2397 1004 2467 χάριτος
1042 2398 1136 2451 τοῦ
1186 2401 1527 2472 Πνεῦματος,
1574 2407 1673 2476 τὴν
1705 2412 1844 2478 πρὸς
1875 2408 1969 2464 τὸν

378 2484 517 2538 Θεον
550 2485 765 2541 τελείαν
816 2488 1013 2542 ἕνωσιν
1060 2491 1425 2559 ἀποφαίνεται
1475 2495 1769 2563 τελεῖσθαι,
1823 2500 1968 2557 κατὰ

282 2644 303 2656 .
379 2579 506 2641 τοὺς
528 2577 787 2648 ὁμοήθεις
826 2581 922 2633 καὶ
966 2583 1369 2652 ἀγαπωμένους
1427 2586 1521 2641 ὑπ’
1571 2588 1840 2662 ἀλλήλων,
1869 2596 1967 2648 καὶ

378 2669 480 2739 τὴν
504 2671 750 2724 θεοποιὸν
774 2672 932 2745 χάριν
959 2674 1054 2727 τοῦ
1082 2675 1242 2741 Θεοῦ,
1274 2677 1389 2743 ἕξιν
1430 2681 1532 2751 τῆς
1579 2682 1806 2757 λογικῆς
1862 2687 1967 2756 φύε

383 2777 541 2826 σεως,
587 2762 675 2815 διὰ
703 2764 870 2835 μόνης
901 2767 1190 2838 μιμήσεως
1220 2773 1684 2844 προσγινομένην,
1721 2775 1841 2830 ἀλλ’
1864 2777 1966 2832 οὐκ

380 2853 650 2926 ελλαμψιν
687 2858 946 2927 ὑπερφυᾶ
981 2861 1077 2913 καὶ
1122 2861 1464 2936 ἀπόρρητον,
1505 2868 1600 2921 καὶ
1627 2869 1781 2924 θείαν
1814 2873 1965 2943 ἐνέρ-

382 2960 562 3010 γειαν,
584 2944 873 3018 ὁρωμένην
923 2950 1171 3021 ἀοράτως
1189 2955 1299 3016 τοῖς
1316 2953 1660 3026 ἠξιωμένοις,
1691 2960 1785 3012 καὶ
1811 2977 1966 3014 νοουδ

384 3036 555 3107 μένην
591 3038 993 3109 ἀπεριειοήτως,
1021 3034 1177 3107 οὗτος
1214 3043 1369 3110 ίστω,
1397 3049 1464 3117 τῇ
1490 3063 1600 3101 των
1644 3050 1968 3106 Μασσαλια-

383 3129 512 3192 νῶν,
549 3129 625 3193 ὡς
676 3132 778 3185 οὐκ
832 3127 1000 3201 οἶδεν,
1052 3135 1239 3207 ἀπάτῃ
1283 3139 1620 3209 περιπεσών.
1651 3143 1816 3197 Φύσει
1857 3146 1969 3216 γὰρ

382 3221 536 3273 ἔσται
569 3223 709 3275 κατὰ
742 3225 921 3278 πᾶσαν
942 3227 1191 3299 ἀνάγκην
1211 3229 1346 3293 Θεὸς
1367 3232 1395 3284 ὁ
1420 3231 1735 3305 θεούμενος,
1753 3240 1967 3293 είκατά

383 3315 622 3383 φυσικὴν
649 3314 879 3387 δύναμιν
911 3320 943 3388 ἡ
968 3318 1163 3383 θέωσις
1193 3320 1373 3389 ἔσται,
1415 3326 1511 3378 καὶ
1539 3329 1654 3390 τοῖς
1691 3327 1839 3397 ὅροις
1867 3333 1969 3402 τῆς

383 3400 601 3469 φύσεως
622 3404 1201 3475 ὲμπεριλαμῆάνεσθαι
1245 3410 1485 3481 πέφυκε.
1521 3415 1613 3485 Μὴ
1652 3417 1837 3471 τοίνυν
1873 3400 1968 3475 οῦ-

382 3511 474 3557 τος
506 3493 606 3564 τὴν
642 3497 853 3550 οἰκείαν
887 3501 1251 3571 περιτροπήν,
1287 3505 1402 3567 τοῖς
1429 3506 1692 3574 ἀσφαλῶς
1737 3510 1969 3565 ἑστῶσιν

381 3586 733 3659 ἐπιχειρείτω
764 3590 1227 3661 προστρίψασθαι,
1276 3596 1374 3648 καὶ
1413 3597 1606 3667 μῶμον
1653 3604 1766 3664 τοῖς
1809 3603 1963 3673 άμωυ

387 3677 583 3746 μήτοις
622 3677 722 3747 τὴν
768 3680 954 3732 πίστιν
1005 3684 1327 3752 ἐπενεγκεῖν
1354 3701 1370 3716 °
1400 3687 1538 3741 ἀλλὰ
1588 3690 1650 3743 τὸ
1707 3692 1965 3765 φρόνημα

384 3768 779 3841 καταθέμενος,
813 3773 1135 3842 μανθανέτω
1177 3778 1329 3847 παρὰ
1359 3779 1469 3833 τῶν
1521 3786 1966 3857 πεπειραμένων,

386 3862 421 3932 ἢ
452 3863 561 3915 τῶν
599 3864 695 3916 ἀπ’
718 3865 945 3919 ἐκείνων
991 3868 1414 3941 δεδιδαγμένων,
1457 3873 1533 3940 ὡς
1570 3876 1801 3948 άσχετός
1849 3881 1968 3935 ἐστι

388 3955 736 4045 παντάπασιν
769 3961 803 4029 ἡ
842 3961 940 4031 τῆς
969 3962 1238 4036 Θεότητος
1270 3967 1449 4037 χάρις,
1495 3970 1598 4024 οὐκ
1645 3970 1844 4045 ἔχουσα
1872 3974 1969 4044 τὴν

383 4044 600 4098 οἱανοῦν
623 4047 880 4121 δεκτικὴν
901 4051 1102 4122 ἑαυτῆς
1135 4056 1195 4109 ἐν
1245 4060 1314 4129 τῇ
1345 4060 1510 4128 φύσει
1537 4044 1775 4131 δύναμιν
1794 4080 1809 4095 ·
1843 4066 1966 4117 ἐπεὶ

383 4136 486 4226 οῦκ
510 4134 592 4188 ἔτι
618 4138 782 4226 χάρις
836 4142 1015 4226 εστὶν,
1057 4144 1195 4226 ἀλλά
1249 4151 1349 4220 τῆς
1387 4153 1527 4206 κατά
1580 4154 1683 4224 τὴν
1728 4155 1965 4226 φυσικὴν

383 4220 618 4291 δύναμιν
650 4221 934 4290 ἐνεργείας
975 4223 1308 4293 φανέρωσις.
1350 4226 1460 4280 Καὶ
1502 4220 1975 4297 οὐδεπαράδοξον

387 4308 543 4363 ἐσται
579 4310 640 4363 τὸ
665 4311 982 4383 γενόμενον,
1018 4314 1233 4368 είκατά
1265 4315 1520 4388 δεκτικὴν
1564 4318 1806 4390 δύναμιν
1835 4324 1973 4374 θεώ-

388 4417 528 4464 σεως
561 4402 595 4472 ἡ
622 4400 820 4466 θέωσις
849 4402 938 4472 εἴη
961 4420 973 4433 ·
1009 4404 1226 4472 φύσεως
1275 4406 1388 4478 γάρ
1430 4408 1497 4462 ἂν
1519 4409 1750 4475 εἰκότως
1788 4411 1975 4482 ἔργον,

387 4490 507 4545 ἀλλ’
533 4492 594 4545 οὐ
622 4492 760 4546 Θεοῦ
788 4494 961 4564 δῶρον
996 4496 1024 4566 ἡ
1052 4495 1249 4561 θέωσις
1281 4497 1389 4569 εἴη,
1421 4499 1519 4554 καὶ
1557 4500 1845 4573 δυνήσεται
1883 4504 1978 4558 καὶ

388 4583 549 4653 φύσει
580 4583 714 4647 Θεὸς
753 4584 1048 4651 ότοιοῦτος
1089 4583 1253 4653 εἶναι,
1296 4591 1393 4644 καὶ
1446 4594 1656 4663 κυρίως
1698 4611 1974 4663 προσαγο-

389 4675 668 4746 ρεύεσθαι.
689 4677 825 4731 Οὐδὲ
846 4678 954 4750 γάρ
973 4679 1102 4733 ἄλλο
1129 4698 1183 4734 τι
1213 4682 1553 4753 καθέστηκεν
1583 4686 1616 4755 ή
1652 4686 1791 4739 κατὰ
1814 4687 1977 4754 φύσιν

385 4769 497 4821 τῶν
527 4770 698 4824 ὄντων
727 4772 960 4827 ἑκάστου
993 4774 1247 4846 δύναμις,
1302 4776 1336 4845 ἢ
1374 4777 1593 4846 φῦσεως
1641 4779 1777 4849 πρὸς
1824 4778 1974 4850 ἐνέρ-

384 4878 544 4929 γειαν
586 4864 945 4933 ἀπαράϐατος
1003 4865 1238 4937 κίνησις.
1306 4868 1430 4932 Πῶς
1455 4869 1512 4921 δὲ
1538 4872 1633 4924 καὶ
1696 4870 1976 4943 ἐξίστησιν

386 4952 584 5005 ἑαυτοῦ
620 4955 713 5007 τὸν
761 4954 1077 5026 θεοῦμενον,
1109 4961 1139 5025 ἡ
1174 4958 1373 5023 θέωσις
1403 4980 1417 5027 ;
1479 4962 1540 5014 Et
1566 4961 1647 5015 ἔτι
1670 4968 1782 5026 τοῖς
1826 4966 1973 5036 ὅροις

381 5044 485 5115 τῆς
511 5047 725 5113 φύσεως
760 5049 900 5118 αὐτὴ
938 5049 1348 5121 περιείληπται,
1414 5054 1651 5108 συνιδεῖν
1691 5057 1791 5109 οὐκ
1842 5056 1971 5127 ἔχω.

403 5137 580 5210 ’Υπὲρ
618 5140 782 5208 φύσιν
806 5142 1008 5203 τοίνυν,
1034 5143 1129 5196 καὶ
1164 5144 1388 5215 ἀρετὴν,
1431 5146 1524 5198 καὶ
1550 5147 1779 5215 γνῶσιν,
1813 5151 1845 5219 ή
1875 5150 1974 5221 τῆς

384 5230 643 5294 θεώσεως
666 5233 848 5302 χάρις,
896 5235 989 5286 καὶ
1039 5235 1284 5304 ἀπείρως
1336 5236 1406 5289 τά
1445 5238 1674 5291 τοιαῦτα
1730 5240 1968 5307 ἅπαντα,

384 5319 480 5371 καὶ
508 5321 599 5372 τὸν
639 5321 793 5388 ἆγιον
851 5322 1105 5392 Μάξιμον
1156 5322 1362 5394 ταύτης
1401 5327 1610 5380 ἀποδεῖ.
1644 5328 1843 5400 ’Δρετὴ
1872 5332 1972 5400 μὲν

383 5413 495 5482 γὰρ
525 5414 699 5477 πᾶσα,
736 5415 832 5467 καὶ
870 5417 903 5484 ἠ
939 5415 1027 5484 ἐφ’
1064 5417 1198 5486 ἡμῖν
1222 5417 1314 5471 τοῦ
1358 5417 1495 5472 Θεοῦ
1544 5420 1777 5492 μίμησις
1834 5423 1974 5494 πρὸς

381 5504 485 5572 τὴν
523 5504 675 5557 θείαν
722 5505 919 5559 ἕνωσιν
956 5508 1258 5580 ἐπιτήδειον
1302 5514 1535 5567 ποιεῖται
1564 5515 1657 5566 τὸν
1696 5517 1970 5586 κεκτημέ-

382 5608 478 5643 νον
497 5606 511 5619 ·
538 5595 571 5663 ἡ
599 5592 655 5645 δὲ
687 5595 849 5666 χάρις
874 5596 1047 5669 αὐτὴν
1090 5599 1463 5672 τελεσιουργεί
1514 5605 1615 5674 τὴν
1657 5605 1972 5675 ἀπόρρητον

382 5680 583 5735 ἕνωσιν
615 5701 629 5716 ’
671 5685 742 5736 δι’
780 5686 950 5756 αὐτῆς
984 5689 1091 5759 γάρ
1120 5690 1238 5755 ὅλος
1266 5692 1367 5762 μὲν
1414 5692 1559 5757 ὅλοις
1601 5698 1715 5759 τοῖς
1752 5696 1974 5763 άξίοιςὸ

382 5770 518 5834 Θεὸς
554 5776 876 5844 περιχωρεῖο
907 5777 1017 5849 ὅλῳ
1053 5780 1109 5832 δὲ
1142 5780 1251 5833 ὅλοι
1288 5784 1687 5854 περιχωροῦσιν
1709 5786 1905 5853 όλικιῖις
1925 5792 1971 5843 οί

383 5862 537 5929 ἆγιοέ
556 5866 631 5934 τῷ
653 5866 796 5937 Θεῷ,
819 5868 938 5924 ὅλον
957 5870 1449 5944 ἀντιλαμϐάνοντες
1477 5878 1687 5931 ἑαυτῶν
1714 5879 1969 5935 τὸνθεόν·

1647 5948 1681 5967 ρ

2143 833 2466 900 Quicunque
2513 833 2675 902 igitur
2709 836 2952 888 dicentes
2983 838 3122 888 hanc
3152 833 3249 889 Dei
3275 835 3504 906 gratiam
3529 849 3652 891 esse

2065 924 2360 978 inci-catam
2399 925 2810 995 iugenitamque
2852 938 2906 979 et
2950 927 3395 994 substantialcm,
3443 929 3649 984 Massa-

2059 1016 2221 1070 lianis
2253 1019 2579 1072 adnumerat
2614 1027 2669 1071 et
2705 1017 2971 1074 dualistas
3004 1032 3183 1085 vocat,
3219 1023 3262 1073 si
3296 1021 3423 1090 quis
3460 1038 3656 1090 nempe

2060 1114 2151 1169 sit,
2187 1108 2288 1163 iste
2318 1108 2456 1163 sciat
2486 1125 2545 1165 se
2583 1114 2794 1166 sanctis
2843 1110 2936 1164 Dei
2969 1113 3270 1175 adversari,
3310 1124 3365 1166 et
3432 1113 3502 1167 ab
3538 1115 3655 1168 cle-

2061 1212 2271 1254 ctorum
2295 1209 2467 1264 sorte,
2501 1199 2547 1254 si
2588 1218 2691 1253 nou
2728 1200 3030 1268 resipiscat,
3054 1201 3295 1271 seipsnm
3342 1201 3563 1271 ejicere,
3599 1214 3658 1256 et

2061 1294 2318 1347 excidere
2371 1293 2441 1347 ab
2475 1308 2583 1346 uno
2617 1293 2848 1360 soloque
2891 1303 3084 1349 sancto
3125 1307 3316 1347 natura
3357 1295 3488 1349 Deo.
3524 1295 3657 1361 Qui-

2059 1399 2277 1452 cunque
2326 1396 2505 1437 autem
2551 1384 2803 1450 credens,
2834 1393 2889 1439 et
2941 1383 3231 1447 obediens,
3261 1394 3316 1439 et
3344 1398 3657 1439 consonans

2061 1477 2287 1542 sanctis,
2359 1492 2473 1531 nec-
2510 1478 2922 1546 peccaruiuosos
2980 1488 3285 1546 praetexens
3340 1488 3658 1547 pnetextus,

2063 1570 2210 1627 clare
2243 1568 2467 1638 quidem
2502 1569 2711 1624 dictum
2749 1584 2857 1624 non
2891 1568 3071 1639 rejicit
3105 1581 3163 1623 ut
3196 1570 3476 1639 ignorans,
3511 1571 3660 1638 igno-

2064 1671 2149 1713 rat
2185 1673 2313 1713 vero
2345 1660 2561 1712 modum
2601 1659 2869 1728 mysterii,
2909 1674 3015 1714 neu
3048 1660 3377 1729 dediguetur
3405 1676 3659 1729 qumrere

2065 1767 2130 1806 ac
2150 1751 2366 1808 discere
2384 1765 2417 1805 α
2433 1752 2750 1805 scientibus.
2772 1751 2925 1806 Sciet
2943 1751 3091 1805 enim
3108 1752 3244 1804 nihil
3273 1752 3660 1805 inetiam-uiuus

1994 1817 2038 1873 Β
2068 1858 2189 1900 esse
2215 1844 2416 1899 divinis
2441 1845 2788 1899 sermonibus
2815 1852 2868 1898 et
2894 1843 3078 1908 rebus,
3110 1851 3168 1898 et
3193 1843 3359 1896 etiam
3394 1845 3447 1896 in
3484 1847 3659 1896 ιιιοιὶ-

2072 1951 2157 1991 me
2196 1935 2527 1991 necessariis
2581 1943 2637 1991 ct
2676 1937 2801 1990 sine
2835 1936 3031 2005 quibus
3070 1936 3203 1988 nihil
3237 1951 3460 2003 prorsus
3526 1955 3661 1986 cutt-

2066 2038 2257 2091 staret,
2289 2042 2389 2083 nec
2419 2027 2589 2082 ullum
2619 2029 2935 2093 mysterium
2972 2027 3081 2081 Deo
3117 2043 3447 2087 congruens.

2138 2275 2463 2347 Quicunque
2514 2276 2821 2334 imitatione
2851 2290 3056 2336 tantum
3089 2294 3141 2336 et
3167 2281 3376 2342 habitu,
3396 2283 3515 2336 sine
3545 2280 3661 2335 dci-

2068 2368 2167 2423 lica
2191 2369 2426 2438 Spiritus
2441 2372 2636 2441 gratia.
2663 2373 2956 2441 perfectam
2975 2390 3099 2428 eum
3118 2373 3226 2428 Deo
3247 2377 3506 2429 unionem
3544 2376 3660 2429 ﬁeri

2067 2463 2283 2528 asserit,
2313 2461 2457 2517 sicut
2487 2462 2631 2518 inter
2657 2477 2755 2518 eos
2783 2466 2874 2533 qui
2905 2476 3032 2520 sunt
3064 2468 3309 2522 moribus
3347 2468 3662 2523 consimiles

2066 2562 2121 2608 et
2151 2554 2252 2627 sibi
2282 2554 2523 2610 invicem
2554 2555 2760 2622 dilecti,
2785 2564 2841 2612 et
2861 2558 3112 2612 deilicam
3155 2557 3247 2613 Dei
3282 2559 3510 2627 gratiam
3537 2574 3664 2615 esse

2069 2645 2312 2700 habitum
2356 2647 2635 2702 rationalis
2670 2658 2884 2703 natura:
2918 2649 3035 2704 sola
3077 2649 3382 2706 imitatione
3414 2652 3654 2722 acquisi-

2071 2746 2209 2801 tum,
2245 2739 2342 2811 sed
2377 2753 2486 2793 non
2543 2739 2884 2795 ineﬂ‘abilem
2932 2743 3510 2813 stupet-naturalemque
3544 2744 3662 2798 illn-

2069 2830 2424 2885 minutionem
2476 2846 2541 2886 ac
2581 2832 2819 2887 divinam
2861 2834 3256 2901 operationem,
3305 2836 3663 2891 invisibiliter

2070 2924 2238 2978 visam
2273 2939 2303 2977 a
2350 2924 2531 2991 dignis
2579 2932 2635 2979 et
2681 2924 3135 2994 incompreheuse
3166 2927 3525 2991 intellectam,
3566 2930 3658 2986 hic

2069 3016 2210 3071 sciat
2262 3015 2716 3071 Massalianorum
2767 3032 2828 3073 se
2878 3017 3108 3072 inscium
3156 3020 3330 3074 errori
3380 3020 3657 3077 incidisse.

2069 3102 2272 3162 Natura
2300 3107 2446 3162 enim
2483 3104 2627 3162 Dens
2657 3108 2762 3162 erit
2786 3110 3097 3164 necessario
3130 3126 3352 3177 prorsus
3384 3113 3474 3180 qui
3503 3115 3552 3167 dt
3572 3112 3659 3168 ili-

1996 3217 2044 3276 c
2080 3210 2264 3268 catur,
2298 3202 2343 3255 si
2380 3202 2652 3258 deiﬁcatio
2678 3217 2843 3272 penes
2873 3205 3175 3260 naturalem
3210 3208 3464 3262 virtutem
3505 3211 3578 3262 sit
3607 3220 3663 3263 et

2074 3293 2217 3347 intra
2248 3303 2456 3348 natura!
2490 3294 2689 3349 limites
2731 3298 2900 3371 possit
2939 3299 3350 3366 comprehendi.
3386 3284 3468 3356 Ne
3500 3301 3660 3371 igitur

2072 3385 2399 3441 hiccesuum
2427 3401 2667 3441 errorem
2707 3397 2821 3442 tuto
2845 3367 3118 3445 siautibus
3149 3391 3462 3461 imprimere
3492 3408 3661 3448 cene-

2075 3485 2186 3539 tur,
2215 3479 2639 3546 et'exprohrimu
2696 3477 3270 3547 irreprehensibilibus
3295 3484 3397 3537 {ide
3418 3484 3658 3556 inferre;

2071 3572 2163 3622 sed
2208 3585 2337 3622 suos
2374 3571 2650 3636 deponens
2695 3586 2914 3631 sensus.
2946 3572 3123 3628 discat
3153 3576 3222 3629 ab
3271 3581 3513 3645 expertis
3565 3589 3660 3631 aut

2070 3663 2138 3714 ab
2170 3660 2254 3713 his
2286 3676 2424 3729 quos
2454 3662 2774 3725 docuerunt,
2809 3663 3113 3718 absolutam
3150 3681 3378 3736 prorsus
3410 3683 3535 3723 esse
3574 3669 3659 3722 dio

2071 3752 2312 3806 vinitatis
2336 3753 2588 3821 gratiam,
2620 3769 2715 3807 nec
2741 3755 3016 3809 ullatenus
3035 3772 3195 3824 posse
3221 3758 3428 3812 viribus
3447 3771 3660 3814 natuita

2076 3845 2215 3911 capi,
2257 3842 2385 3910 quia
2414 3857 2574 3897 secus
2594 3844 2707 3911 jam
2745 3863 2847 3896 non
2876 3846 3048 3915 gratia
3076 3857 3242 3913 esset,
3269 3850 3362 3904 sed
3396 3850 3660 3904 naturalis

2071 3936 2324 4004 petentiae
2353 3935 2599 4002 Operatio
2635 3935 3000 3991 tnanifestata.
3032 3935 3097 3992 Et
3127 3938 3265 3992 nihil
3306 3948 3439 3995 tunc
3483 3942 3659 3995 admi-

2073 4025 2240 4080 rabile
2272 4025 2444 4090 lieret,
2475 4028 2519 4081 si
2547 4028 2698 4096 juxta
2724 4043 2981 4098 capacem
3007 4029 3373 4087 deiﬁcationis
3404 4034 3659 4090 virtutem

2071 4119 2343 4174 deilicatio
2385 4120 2523 4175 foret
2558 4136 2572 4177 :
2611 4131 2819 4175 natura:
2847 4122 2990 4176 enim
3025 4124 3244 4192 proprie
3267 4140 3423 4193 opus,
3455 4136 3509 4180 et
3554 4143 3659 4180 nou

2074 4207 2166 4264 llei
2222 4209 2424 4265 donum
2457 4222 2601 4267 esset
2629 4211 2921 4277 deillcatio,
2948 4223 3003 4268 et
3029 4214 3314 4269 deilicatus
3345 4227 3526 4286 posset
3565 4232 3662 4273 ui-

2071 4309 2193 4356 tura
2232 4301 2375 4356 Deus
2411 4303 2525 4356 ﬁeri
2559 4312 2613 4356 et
2658 4305 2882 4373 proprie
2929 4306 3134 4362 vocari.
3167 4304 3302 4360 Nam
3336 4309 3472 4363 nihil
3508 4312 3655 4363 aliud

2068 4402 2155 4448 est
2204 4395 2473 4448 naturalis
2499 4395 2925 4465 uniuscujusque
2956 4412 3139 4452 rermn
3183 4404 3447 4469 potentia,
3496 4418 3659 4472 quam

2072 4497 2279 4540 natura?
2302 4489 2370 4541 ad
2402 4491 2774 4553 operationem
2807 4489 3177 4546 ittatttovihdis
3206 4504 3406 4547 motus.
3436 4495 3501 4548 Et
3528 4511 3662 4562 quo-

2058 4579 2235 4645 ‘modo
2269 4579 2613 4634 deiﬁcatione
2657 4596 2817 4645 supra
2856 4584 3094 4648 seipsqu
3136 4585 3381 4638 elevatur
3438 4589 3662 4641 dcitit-a-

2072 4670 2196 4724 tus?
2230 4668 2285 4724 Si
2328 4672 2431 4726 hoc
2471 4673 2611 4725 intra
2659 4681 2867 4724 naturae
2902 4674 3100 4729 limites
3142 4679 3657 4751 Comprehendatuc,

2070 4762 2120 4815 id
2155 4762 2461 4833 intelligere
2501 4778 2612 4816 nou
2644 4764 2820 4817 valeo.
2855 4762 3034 4831 Supra
3070 4774 3318 4819 naturam
3357 4767 3521 4836 igitur
3553 4752 3660 4826 viri-

2069 4863 2351 4924 tutemqne
2384 4869 2448 4908 ac
2496 4855 2790 4909 scientiam
2837 4862 2920 4909 est
2965 4856 3329 4912 deilicationts
3356 4860 3555 4928 gratia,
3604 4874 3660 4915 et

2068 4948 2281 5002 inlinite
2303 4949 2485 5001 omnia
2519 4947 3030 5018 hujusmodi,ju1ta
3059 4959 3306 5004 sanetum
3340 4951 3656 5020 Maximum,

2067 5042 2135 5094 ab
2165 5041 2265 5095 hoc
2290 5041 2516 5096 distant.
2544 5038 2728 5094 Virtus
2765 5041 2986 5111 quidem
3014 5043 3194 5097 omnis
3219 5053 3277 5098 et
3314 5060 3413 5114 pro
3449 5047 3657 5101 viribus

2068 5130 2306 5186 imitatio
2355 5129 2447 5185 Dei
2499 5141 2684 5200 aptum
2719 5135 2786 5188 ad
2835 5134 3077 5190 divinam
3135 5138 3390 5191 unionem
3448 5137 3656 5193 faciunt

2065 5224 2157 5293 qui
2200 5240 2295 5279 eas
2346 5229 2576 5293 adeptus
2606 5235 2708 5288 est,
2759 5227 2937 5296 gratia
2994 5238 3173 5283 autem
3224 5229 3393 5298 ipsnm
3441 5232 3655 5299 periit-it

2067 5316 2394 5370 ineffabilem
2428 5319 2705 5383 unionem,
2742 5334 2841 5388 per
2867 5335 2992 5374 eum
3022 5321 3168 5375 enim
3215 5331 3357 5374 totus
3401 5323 3654 5377 omnibus

2064 5400 2246 5479 dignis
2277 5409 2516 5463 illabitur
2555 5411 2714 5476 Deus,
2737 5421 2792 5466 et
2826 5413 2923 5467 toti
2954 5427 3144 5466 munes
3170 5412 3375 5482 integre
3409 5413 3648 5469 insident

2063 5503 2234 5555 sancti
2269 5499 2400 5566 Deo,
2428 5501 2529 5555 toti
2551 5501 2601 5556 in
2629 5500 2800 5557 Deutn
2837 5504 3206 5565 trausmutati,
3230 5514 3283 5556 et
3304 5518 3417 5556 suae
3434 5505 3502 5557 ad
3524 5520 3656 5558 eum

2065 5594 2406 5648 ascensionis
2433 5596 2587 5665 quasi
2635 5596 2878 5650 bravium
2917 5598 3193 5649 consecuti
3241 5598 3417 5662 ipsum
3453 5596 3651 5667 Deum,

2063 5686 2153 5753 qui
2204 5685 2346 5740 sicut
2397 5688 2575 5741 animo
2631 5689 2869 5758 corpori,
2905 5688 3036 5756 ipsis
3073 5696 3329 5756 lauqumn
3385 5686 3650 5749 membris

2061 5780 2540 5848 circumfunditur,
2592 5797 2796 5848 eosque
2860 5783 2912 5837 in
2970 5783 3150 5849 seipse
3190 5782 3447 5848 dignatur
3502 5780 3650 5835 acci-

2060 5888 2208 5941 pere.
