4020 6474
300 429 441 495 1233

1475 436 2047 527 mmomncus
2085 432 2365 493 renus.

3411 416 3541 491 123i

278 548 377 595 καί
403 543 580 596 πάλιν·
628 541 691 594 Ἡ
722 541 1020 612 ἁγαθὸτης,
1058 542 1150 595 καὶ
1202 544 1308 596 πᾶν
1337 544 1390 596 εἴ
1421 562 1468 596 τι
1525 546 1859 617 ἀγαθότητος

1979 565 2166 602 rursus
2201 568 2214 603 ;
2250 568 2268 599 ι
2299 546 2541 612 Bonitas,
2587 551 2640 596 ct
2663 539 2927 613 quidquid
2961 539 3015 593 iu
3046 535 3307 593 bonitatis
3339 537 3547 590 ratione

276 634 677 704 ἐμπεριέχεται
728 632 911 702 λόγῳ·
968 635 1063 685 καὶ
1124 633 1312 697 ἁπλῶς
1375 635 1527 689 πᾶσα
1570 636 1705 706 ζωὴ,
1766 640 1861 691 καὶ

279 726 580 789 ἀθανασία,
609 725 706 777 καὶ
751 725 1012 794 ἁπλότης,
1046 727 1142 779 καὶ
1180 726 1434 796 ἀτρεψία,
1465 728 1561 780 καὶ
1612 730 1861 799 ἀπειρία,

279 821 377 871 καὶ
404 819 506 872 ὅσα
534 816 665 888 περὶ
720 818 811 871 τὸν
842 818 973 869 Θεον
1037 818 1312 882 ούσιωδῶς
1364 819 1674 889 θεωρεῖται,
1726 821 1864 893 ἔργα

279 911 417 962 Θεοῦ
441 912 570 975 εἱσι,
611 912 705 963 καὶ
733 910 834 964 οὐκ
859 912 1112 979 ἡργμένα
1148 913 1437 980 χρονικῶς.
1480 913 1553 967 Οὐ
1589 914 1698 984 γάρ
1734 932 1864 968 ποτε

280 1003 658 1074 πρεσϐύτερον
685 1003 886 1073 ἀρετῆς
918 1004 974 1056 τὸ
996 1005 1095 1056 οὐκ
1126 999 1215 1075 ἦν,
1245 1005 1365 1058 ούδέ
1402 1024 1546 1067 τινος
1567 1006 1727 1060 ἄλλου
1756 1009 1864 1061 τῶν

282 1094 594 1167 εἰρημένων
630 1095 732 1149 κᾶν
760 1098 829 1148 τὰ
873 1098 1169 1167 μετέχοντα
1200 1098 1383 1152 αὐτῶν
1428 1098 1548 1151 κατ’
1577 1099 1738 1164 αὐτὰ,
1760 1095 1865 1171 ἦρ·-

282 1208 413 1242 κται
438 1189 533 1242 τοῦ
564 1184 705 1243 εἶναι
732 1190 1021 1261 χρονικῶς.
1048 1191 1317 1260 Ἀναρχος
1349 1191 1458 1262 γὰρ
1491 1193 1643 1246 πᾶσα
1673 1194 1862 1264 ἀρετὴ,

287 1283 365 1353 μὴ
392 1283 591 1352 ἔχουσα
644 1284 737 1335 τὸν
764 1284 958 1352 χρόνον
983 1283 1191 1352 ἑαυτῆς
1222 1284 1618 1354 πρεσϐύτερον,
1646 1280 1734 1339 οἶα
1773 1287 1866 1339 τὸν

279 1377 421 1428 θεὸν
451 1375 647 1445 ἔχουσα
678 1376 770 1429 τοῦ
804 1373 943 1429 εἶναι
978 1375 1288 1445 μονῶτατον
1330 1377 1516 1439 ἀῖδίως
1539 1379 1864 1448 γεννήτορα.

284 1470 516 1522 Πάντων
546 1468 721 1523 δέτῶν
743 1469 913 1522 ὄντων
945 1471 1038 1521 καὶ
1067 1468 1413 1539 μετεχόντων
1433 1470 1529 1523 καὶ
1560 1470 1864 1540 μεθεκτῶν,

284 1561 581 1630 ἀπειράκις
598 1559 843 1630 ἀπείρως
870 1560 897 1612 ὁ
932 1559 1061 1622 Θεὸς
1080 1560 1509 1632 ύπερεξῄρηται.
1531 1562 1865 1617 Μανθανέτω

283 1654 465 1707 τοίνυν
496 1654 561 1705 ἐκ
581 1653 808 1715 τούτων,
858 1652 933 1714 ὡς
966 1652 1025 1705 ού
1081 1653 1260 1706 πάντα
1289 1652 1356 1705 τά
1405 1654 1750 1723 ὑφεστηκότα
1803 1657 1867 1709 ἐκ

279 1744 424 1797 θεοῦ
462 1782 477 1807 ,
505 1745 597 1796 καὶ
632 1743 739 1796 ὑπὸ
777 1745 970 1815 χρόνον
991 1743 1117 1798 είσί.
1149 1745 1258 1798 Καὶ
1287 1744 1396 1814 γὰρ
1421 1744 1567 1798 ἐστιν
1596 1744 1633 1799 ὃ.
1663 1745 1866 1802 τούτων

286 1841 502 1912 ἀναρχά
532 1843 669 1901 ἐστι,
702 1841 796 1894 καὶ
818 1841 897 1911 τῷ
921 1841 1064 1910 λόγῳ
1086 1841 1184 1909 τῆς
1215 1840 1385 1911 μόνης
1416 1840 1657 1911 ἀνάρχου
1682 1839 1864 1910 φύσει,

1967 638 2467 707 comprehenditur,
2492 645 2548 691 et
2593 633 2895 707 generatim
2942 630 3126 719 omnis
3186 628 3319 693 vita,
3359 636 3417 682 et
3443 627 3549 697 im:

1969 731 2294 794 mortalitas,
2318 739 2374 785 et
2412 729 2758 797 simplicitas.
2782 736 2839 780 et
2870 721 3306 786 immutabilitas,
3344 726 3401 775 et
3443 722 3547 774 im-

1968 824 2251 887 mensitas,
2270 833 2322 879 et
2339 823 2593 892 quaelibet
2612 817 2925 875 essentialia
2962 816 3052 871 Dei
3081 816 3358 881 attributa,
3378 826 3544 883 opera

1968 913 2060 967 Dei
2105 922 2252 978 sunt,
2277 913 2375 967 etsi
2418 925 2522 965 non
2556 904 3236 978 temporalitert-tnperint.
3261 903 3547 973 Nunquam

1966 1005 2243 1060 enimnon
2271 1003 2596 1058 exsistcutia
2612 1000 2888 1069 praecessit
2906 998 3159 1054 virtutem
3203 1005 3294 1049 aut
3313 994 3547 1062 aliquam

1971 1098 2132 1151 aliam
2158 1095 2505 1165 prmfatarum
2532 1095 2876 1165 quaiitatum,
2901 1091 3147 1161 quamvis
3166 1085 3545 1158 participantia

1968 1203 2062 1242 eas
2099 1202 2223 1241 cum
2244 1187 2324 1242 eis
2341 1201 2462 1242 esse
2487 1184 2856 1254 temporaiiter
2907 1184 3191 1249 coeperint.
3251 1178 3387 1232 Nam
3427 1179 3547 1229 sine

1966 1277 2237 1350 principio
2290 1286 2372 1334 est
2414 1276 2591 1334 omnis
2640 1276 2835 1340 virtus,
2896 1288 3001 1328 non
3064 1270 3270 1326 habens
3333 1276 3548 1335 tempus

1967 1372 2145 1439 seipsa
2162 1369 2424 1432 anterius,
2444 1377 2628 1437 utpote
2650 1365 2825 1421 solum
2852 1365 3019 1419 Deum
3045 1362 3251 1418 habens
3273 1376 3386 1415 sua:
3405 1360 3549 1423 exsi-

1966 1463 2179 1517 stentite
2196 1462 2264 1516 ab
2278 1471 2482 1516 κιαι·ηο
2500 1459 2828 1531 genitorem.
2843 1455 3108 1512 Omnibus
3126 1465 3303 1507 autem
3328 1452 3520 1519 partici
3537 1482 3552 1497 ο

1966 1552 2226 1622 pautibus
2285 1561 2338 1605 et
2368 1549 2706 1620 participatis
2761 1547 3030 1600 immense
3060 1554 3117 1600 et
3175 1541 3380 1596 inﬁnite
3410 1541 3549 1593 Deus

1966 1644 2358 1714 supereminet.
2392 1660 2412 1694 ι
2445 1632 2824 1707 Discat'igitur
2854 1654 2917 1692 cx
2960 1637 3043 1691 bis
3075 1650 3183 1691 non
3222 1634 3401 1689 omnia
3425 1648 3548 1703 quae
3604 1640 3613 1647 '

1969 1736 2081 1792 Deo
2099 1724 2356 1804 subsunt,
2404 1734 2633 1805 tempori
2699 1732 3005 1802 subiacere.
3041 1729 3253 1786 Etenim
3286 1727 3545 1783 nonnulla

1971 1830 2163 1886 horum
2215 1830 2336 1885 sine
2360 1828 2628 1901 principio
2656 1836 2801 1892 sunt,
2827 1828 2959 1896 quin
2990 1824 3104 1880 sola
3136 1823 3256 1879 sine
3280 1822 3547 1892 principio

288 1932 383 1981 καὶ
400 1906 410 1912 ’
425 1906 716 1999 τριαδικῆς
733 1906 982 1997 μονάδος,
997 1906 1095 1983 καὶ
1111 1906 1204 2001 τῆς
1216 1906 1351 1983 κατ’.
1364 1906 1537 2001 αὐτὴν
1553 1906 1859 2001 ῦπερῇφυοῦς

1967 1921 2268 1977 secundum
2302 1930 2552 1974 naturam
2584 1919 2848 1982 essentia,
2874 1928 2929 1972 et
2962 1918 3099 1971 trina
3135 1915 3384 1987 personis
3414 1914 3547 1970 Uni-

285 2020 614 2089 ἁπλότητος,
646 2021 850 2089 ἥκιστα
899 2019 1224 2090 λυμαίνεται
1254 2037 1268 2051 ο
1298 2021 1389 2073 τὸν
1419 2022 1581 2073 αὐτὸν
1602 2021 1712 2091 γὰρ
1737 2022 1861 2092 τρό-

288 2128 390 2162 πον
419 2112 511 2162 καὶ
533 2112 560 2162 ὁ
598 2109 719 2172 νοῦς
769 2110 890 2164 κατ’
940 2111 1189 2179 ἀμυδρὰν
1229 2111 1414 2163 εἰκόνα
1436 2112 1536 2179 τῆς
1585 2111 1865 2181 ὑπερϐαλ-

286 2201 485 2269 λούσης
507 2200 724 2270 ὲκείνης
747 2202 1033 2273 ἀμερείας,
1069 2203 1320 2273 οὐδαμῶς
1346 2202 1435 2258 διὰ
1461 2203 1558 2268 τὰς
1592 2204 1868 2275 ἐμφύτους

284 2292 481 2347 ἑαυτοῦ
510 2295 743 2363 νοήσεις,
778 2294 1030 2357 σύνθετός
1063 2296 1232 2348 ἐστιν.

360 2386 551 2448 Ὅστις
590 2387 689 2447 τὰς
713 2385 1184 2455 ἐνσημαινομὲνας
1209 2382 1286 2454 τῷ
1317 2383 1531 2455 σώματι
1565 2402 1866 2456 πνευματι-

287 2475 392 2538 κὰς
424 2476 715 2539 διαθέσεις,
739 2475 849 2529 ἀπὸ
878 2475 986 2529 τῶν
1043 2477 1101 2529 ἐν
1129 2477 1193 2546 τῇ
1229 2475 1373 2547 ψυχῇ
1399 2474 1509 2528 τῶν
1557 2477 1700 2530 κατὰ
1732 2476 1867 2529 Θεὸν

284 2568 706 2637 προκοπτόντων
777 2566 1138 2637 χαρισμάτων
1225 2567 1316 2619 τοῦ
1381 2566 1738 2635 Πνεύματος,
1801 2570 1862 2620 ού

282 2659 680 2731 παραδέχεται,
737 2659 832 2713 καὶ
886 2660 987 2729 τὴν
1043 2657 1139 2712 τοῦ
1206 2658 1514 2729 παθητικοῦ
1572 2660 1691 2712 καθ’
1752 2660 1863 2725 ἕξιν

285 2751 562 2822 νέκρωσιν
615 2750 890 2805 ἀπάθειάν
946 2767 1134 2821 φησιν,
1188 2749 1323 2804 ἀλλὰ
1376 2749 1453 2820 μὴ
1496 2749 1595 2821 τὴν
1648 2750 1741 2803 ἐπὶ
1794 2750 1863 2803 τὰ

280 2844 523 2914 κρείττω
588 2842 712 2896 καθ’
760 2842 875 2907 ἕξιν
907 2842 1211 2913 ἐνέργειαν,
1247 2842 1443 2906 ὀλικῶς
1471 2843 1865 2913 ἀπεστραμμέο

280 2953 377 2990 νου
408 2935 477 2989 τὰ
516 2935 751 3005 πονηρὰ,
781 2935 875 2988 καὶ
925 2935 1378 3004 ἐπεστραμμένου
1428 2935 1566 3005 πρὸς
1592 2936 1663 2988 τά
1700 2934 1861 2997 καλὰ,

274 3030 359 3092 ὡς
380 3028 484 3091 τὰς
516 3027 761 3098 πονηρὰς
796 3026 939 3091 ἔξεις
971 3027 1433 3095 ἀποκτισαμένου,
1462 3027 1554 3080 καὶ
1581 3029 1704 3090 ταῖς
1733 3029 1863 3094 ἁγα-

275 3122 406 3184 θαίς
438 3120 862 3190 πλουτήσαντος.
892 3112 1048 3183 οὗτος
1079 3118 1387 3180 ἀκολούθως
1425 3121 1492 3189 τῇ
1524 3118 1750 3191 τοιαύτῃ
1774 3118 1847 3170 δο-

283 3212 373 3283 ξη,
399 3212 493 3264 καὶ
515 3210 613 3283 τὴν
646 3212 706 3264 ἐν
764 3210 844 3281 τῷ
871 3208 1139 3281 ἀφθάρτῳ
1193 3209 1306 3263 τῶν
1335 3208 1506 3263 ὅντων
1543 3210 1699 3262 αῑῶνι
1726 3210 1862 3279 μετά

278 3304 537 3374 σώματος
593 3303 951 3357 ἀπαναίνεται
998 3303 1310 3371 διαγωγήνο
1353 3304 1402 3355 εί
1427 3301 1536 3371 γὰρ
1579 3303 1859 3373 συμμεθὲ-

277 3397 363 3463 ξει
400 3397 522 3450 τότε
550 3397 619 3465 τῇ
647 3386 882 3466 ψυχῇ’τδ
910 3394 1073 3464 σῶμα
1101 3394 1211 3448 τῶν
1242 3396 1570 3466 ἀπορρήτων
1611 3395 1856 3463 ἀγαθῶν,

280 3493 378 3546 καὶ⁸
407 3492 505 3546 νῦν
536 3491 713 3558 δήπου
761 3490 1118 3561 συμμεθέξει,
1151 3493 1292 3544 κατὰ
1320 3491 1383 3543 τὸ
1429 3490 1726 3562 ἐγχωροῦν,
1762 3491 1860 3561 τῆς

280 3582 695 3654 χορηγουμένης
753 3580 1035 3651 μυστικῶς
1087 3582 1180 3634 καὶ
1236 3582 1565 3652 ἀπορρήτως
1603 3580 1710 3635 ὑπὸ
1763 3579 1858 3633 τοῦ

276 3672 420 3727 θεοῦ
480 3673 702 3744 χάριτος
751 3671 830 3743 τῷ
866 3671 1267 3742 κεκαθαρμένη)
1322 3672 1419 3742 νῷ,
1459 3673 1554 3726 καὶ
1606 3672 1738 3726 αὐτὸ
1790 3673 1860 3728 τὰ

280 3767 405 3819 θεῖα
432 3766 702 3831 πείσεται,
736 3764 1085 3835 καταλλήλως
1140 3764 1340 3835 ἐαυτῷ,
1393 3766 1865 3836 μετασκευασθέν-

275 3874 401 3921 ⁴τος,
424 3857 519 3910 καὶ
541 3856 917 3923 ἀγιασθέντος,
940 3856 1055 3909 ἀλλ’
1084 3857 1145 3909 οὐ
1187 3855 1310 3910 καθ’
1351 3856 1462 3921 ἕξιν
1490 3873 1544 3909 νε
1555 3856 1859 3926 κρωθέντος

278 3948 381 4005 τοῦ
412 3946 515 4017 τῆς
563 3947 743 4019 ψυχῆς
798 3946 1126 4018 παθητικοῦ.
1156 3949 1268 4003 Καὶ
1296 3947 1364 4003 δι’
1401 3948 1621 4011 ἐαυτοῦ,
1672 3947 1857 4004 κοινοῦ

276 4042 537 4114 σώματος
575 4058 634 4094 τε
688 4042 783 4095 καὶ
807 4039 986 4111 ψυχῆς
1018 4041 1378 4110 ὑπάρχοντος,
1412 4040 1514 4102 τὰς
1544 4038 1641 4092 τοῦ
1673 4040 1860 4110 σώμα-

273 4152 373 4199 τος
427 4133 754 4202 ἀγιάζοντος
808 4131 1080 4195 διαθέσεις
1112 4149 1172 4184 τε
1224 4132 1319 4185 καὶ⁵
1357 4130 1656 4203 ἐνεργείας.
1710 4131 1863 4185 Ἐπεὶ

271 4226 388 4297 γὰρ
436 4224 547 4277 τῶν
605 4221 1045 4293 ἀπηλλαγμένων
1085 4221 1196 4277 τῶν
1222 4221 1320 4275 τοῦ
1355 4219 1473 4292 βίου
1542 4222 1725 4275 καλῶν
1771 4220 1861 4274 διὰ

271 4316 378 4385 τὴν
402 4314 593 4367 ἐλπίδα
616 4314 726 4367 τῶν
776 4313 1081 4381 μελλόντων
1123 4312 1366 4380 ἀγαθῶν,
1393 4312 1537 4367 κατὰ
1564 4312 1656 4367 τὸν
1705 4311 1862 4380 ἀγιον

273 4406 558 4476 Διαδοχον,
589 4407 619 4459 ὁ
645 4422 770 4468 νους
790 4407 1076 4476 εὐρώστως
1104 4404 1194 4458 διὰ
1237 4405 1338 4475 τὴν
1377 4404 1714 4476 ἀμεριμνίαν
1770 4421 1861 4457 κι-

276 4492 562 4563 νούμενος,
593 4494 693 4563 τῆς
718 4492 870 4555 θείας
892 4493 1131 4564 ἀρρήτου
1166 4491 1275 4564 [ton
1306 4491 1586 4565 ἀρρήτων]
1623 4492 1848 4563 χρησταί·

1964 2024 2070 2081 tas,
2106 2026 2157 2069 et
2188 2012 2619 2084 superuaturalls
2665 2011 2786 2081 ejus
2818 2009 3163 2081 simplicitas,
3199 2007 3367 2063 ullum
3420 2006 3548 2060 inde

1962 2108 2193 2163 subeant
2220 2107 2601 2162 dettimentum
2633 2120 2653 2161 ς
2675 2104 2864 2159 eodem
2907 2104 3052 2158 enim
3078 2102 3238 2158 modo
3269 2114 3443 2161 meus,
3477 2097 3544 2150 ad

1962 2199 2256 2271 Imaginem
2290 2197 2778 2270 snperexcellentis
2807 2196 2957 2250 illius
2998 2193 3419 2256 iudividuitatis,
3441 2191 3545 2243 mi-

1961 2294 2110 2349 nime
2136 2294 2204 2348 ob
2249 2292 2524 2346 naturales
2559 2305 2691 2346 suas
2725 2289 3090 2360 cngitatiottes
3126 2286 3186 2341 ﬁt
3216 2284 3539 2355 composita.

2030 2386 2351 2455 Quicunque
2373 2386 2711 2456 signiﬁcatas
2762 2398 2992 2453 corpore
3019 2380 3330 2452 spirituales
3360 2378 3543 2446 dispo-

1969 2483 2220 2543 sitiones,
2251 2479 2319 2532 ab
2341 2478 2531 2532 inuitis
2549 2477 2747 2531 animae
2769 2473 3167 2546 proﬁcientium
3198 2472 3252 2526 in
3279 2472 3388 2525 Deo
3411 2469 3543 2524 cba-

1963 2571 2284 2629 t'ismatibus
2320 2570 2579 2640 Spiritus.
2623 2583 2732 2623 non
2771 2570 3053 2637 approbat,
3087 2575 3139 2619 et
3176 2563 3388 2618 habitus
3414 2578 3544 2616 con-

1948 2664 2292 2735 cupiscibilis
2332 2662 2805 2719 mortiﬁcationem
2855 2671 3010 2716 vocat
3070 2659 3371 2727 apathiam,
3401 2657 3542 2710 hami

1961 2773 2088 2813 vero
2112 2757 2449 2812 melioratatn
2471 2755 2846 2825 Operatimtem
2868 2752 3028 2822 hujus
3057 2751 3295 2814 habitus,
3320 2750 3544 2804 omnino

1960 2849 2265 2907 aversantis
2296 2848 2434 2904 mala
2472 2858 2525 2903 ct
2556 2846 2807 2904 conversi
2856 2846 2923 2899 ad
2960 2846 3123 2907 bona,
3166 2851 3351 2912 utpote
3386 2841 3544 2895 malis

1964 2939 2240 2994 Itabitibus
2293 2937 2512 3008 spoliati
2549 2944 2604 2992 et
2639 2938 2797 2991 bonis
2832 2935 3188 3002 locupletati,-
3217 2934 3305 2987 bic
3342 2949 3541 2988 conse-

1959 3039 2189 3100 quenter
2224 3029 2311 3084 isti
2361 3028 2646 3085 sententia:
2700 3042 2800 3085 nos
2849 3028 2902 3082 in
2956 3026 3137 3082 iuturo
3185 3028 3385 3081 saeculo
3420 3041 3542 3083 cum

1961 3121 2279 3190 corporibus
2314 3130 2475 3192 negat
2503 3121 2743 3177 victuros
2783 3135 2800 3176 ε
2836 3120 2881 3174 si
2915 3121 3060 3173 cuitu
3093 3130 3221 3173 tunc
3252 3120 3542 3189 participa-

1966 3225 2144 3270 turunt
2173 3222 2258 3268 est
2280 3228 2403 3267 cum
2429 3213 2610 3267 anima
2634 3227 2834 3282 corpus
2861 3211 3153 3266 ineffabilia
3186 3211 3350 3276 bona,
3377 3212 3541 3266 etiam

1967 3321 2116 3359 nunc
2163 3303 2410 3376 profecto
2465 3303 2963 3372 comparticipabit,
3022 3317 3125 3372 qua
3181 3301 3293 3357 ﬁeri
3339 3312 3542 3370 potest,

1962 3396 2144 3451 datam
2172 3397 2398 3467 mystice
2421 3406 2476 3452 et
2505 3396 2849 3451 ineﬁ'abiliter
2869 3411 2897 3448 a
2928 3396 3035 3451 Deo
3060 3393 3543 3465 puriﬁcataemcuti

1964 3489 2219 3557 gratiam,
2251 3500 2305 3544 et
2338 3490 2512 3559 ipsum
2548 3490 2731 3543 dixina
2776 3503 2923 3543 more
2960 3488 3063 3543 sibi
3095 3504 3339 3557 congruo
3369 3490 3543 3558 patiev

1967 3593 2075 3646 tttr,
2107 3591 2463 3636 transmutata
2494 3591 2547 3636 et
2585 3582 2943 3648 sanctiﬁcata,
2981 3596 3087 3635 non
3134 3592 3313 3638 tamen
3344 3597 3543 3638 secun-

1966 3671 2091 3725 dum
2126 3670 2372 3725 habitum
2422 3682 2611 3724 enecta
2670 3672 2720 3723 vi
2755 3672 2950 3725 anintze
2989 3671 3436 3739 coucupiscibili;
3485 3682 3540 3727 et

1966 3779 2064 3832 per
2097 3764 2353 3829 seipsmu,
2390 3765 2591 3833 ηιιίιιρυ
2621 3779 2740 3834 qum
2770 3763 3075 3818 communis
3103 3765 3313 3833 corpori
3346 3775 3399 3818 ct
3422 3766 3542 3819 ani-

1968 3869 2067 3908 ma:
2100 3854 2190 3920 sit,
2223 3856 2601 3910 sanctiﬁcante
2632 3857 2880 3923 corporis
2907 3855 3292 3925 dispositiones
3323 3867 3378 3911 et
3405 3870 3542 3925 ope-

1967 3947 2226 4003 rationes.
2263 3946 2401 4014 Quia
2441 3949 2584 4003 enim
2626 3947 2870 4003 liberatis
2907 3962 2936 4002 a
2966 3947 3090 4002 vita:
3126 3947 3283 4004 bonis
3321 3961 3540 4018 propter

1965 4054 2116 4110 spem
2166 4040 2471 4095 futurorum
2519 4041 2808 4105 honorum,
2838 4038 2994 4108 juxta
3039 4048 3285 4096 sanctum
3339 4040 3536 4095 Diado~

1966 4134 2149 4195 cltum,
2189 4148 2342 4187 mens
2372 4132 2586 4187 fortiter
2617 4131 2687 4187 ob
2724 4134 3071 4188 securitatem
3120 4142 3262 4188 mota
3298 4134 3536 4189 divinam

1967 4224 2294 4279 itteﬁ‘abilem
2328 4225 2650 4281 suavitatem
2676 4223 2793 4294 ipsa
2823 4233 3025 4295 gustat,
3051 4225 3264 4293 corpori
3294 4240 3532 4295 quoque,

1967 4336 2064 4389 pro
2098 4333 2354 4372 mensura
2386 4317 2466 4371 sui
2499 4317 2796 4386 proiectus,
2826 4330 2979 4370 suam
3008 4317 3377 4372 communicat
3407 4333 3537 4372 sua-

1966 4412 2213 4466 vitatem.
2259 4411 2435 4481 Atque
2486 4408 2796 4479 hujusmodi
2835 4407 3020 4464 laetitia
3070 4420 3199 4465 tunc
3244 4413 3438 4465 animat
3484 4421 3541 4466 et

1966 4501 2183 4572 corpori
2212 4501 2408 4568 inorta,
2439 4502 2670 4574 hymnus
2694 4511 2777 4559 est
2817 4500 3074 4557 iudubius
3110 4502 3536 4571 incorruptibilis

271 4600 441 4653 τητος
478 4583 641 4663 αὐτὸς
677 4583 1094 4649 ἐπαισθάνεται,
1122 4585 1219 4639 καὶ
1249 4584 1328 4655 τῷ
1354 4581 1591 4656 σώματι,
1636 4585 1779 4641 κατά
1805 4585 1865 4638 τὸ
1891 4609 1935 4663 υ
1963 4593 2102 4649 vita.

264 4665 474 4734 μέτρον
505 4662 606 4732 τῆς
643 4663 844 4717 ἐαυτοῦ
885 4664 1201 4733 προκοπῆς,
1237 4665 1337 4734 τῆς
1371 4664 1583 4726 οίκειας
1613 4662 1987 4735 χρηστότητος
2020 4667 2402 4736 μεταδίδωσιν.
2445 4669 2513 4722 Ἥ
2534 4669 2590 4725 δὲ
2621 4670 2844 4742 τοιαύτη
2882 4668 3211 4740 ἐγγινομένη
3241 4673 3386 4745 χαρά
3409 4674 3532 4731 τότε

256 4759 329 4827 τῇ
364 4757 511 4827 ψυχῇ
548 4755 644 4810 καὶ
664 4755 748 4826 τῷ
786 4757 1025 4826 σώματι,
1061 4757 1374 4827 ὑπόμνησίς
1401 4758 1552 4810 ἐστιν
1586 4756 1835 4826 ἀπλανὴς
1863 4758 2272 4833 τῆςσάφθάρτου
2318 4762 2588 4832 βιότητος.

352 4846 550 4898 ’Δλλου
585 4847 685 4916 μὲν
711 4847 886 4915 φωτὸς
909 4848 938 4898 ὁ
960 4848 1105 4914 νοῦς,
1136 4851 1326 4921 ἐτέρου
1353 4851 1408 4904 δὲ
1427 4852 1460 4920 ἡ
1477 4852 1726 4922 αἴσθησις
1759 4854 1850 4904 ἀν-

265 4936 707 5005 τιλαμὸἀνεσθαι
726 4939 991 5007 πέφυκεν.
1009 4937 1070 4992 Ἢ
1095 4940 1194 5009 μὲν
1225 4942 1331 5010 γὰρ
1362 4941 1643 5011 αίσθητοῦ,
1674 4946 1769 4996 καὶ⁵
1789 4944 1857 4997 τά

266 5027 509 5094 αἰσθητά
589 5027 827 5100 αἰσθητὰ
847 5028 1157 5094 δεικνύντος
1178 5043 1198 5062 ο
1230 5031 1385 5086 τοῦδε
1415 5032 1508 5088 νοῦ
1538 5032 1655 5102 φῶς
1684 5036 1852 5099 ἐστιν,

266 5120 302 5189 η
337 5118 394 5169 ἐν
425 5122 663 5193 νοήμασι
688 5120 915 5190 κειμένη
964 5120 1164 5188 γνῶσις
1190 5137 1204 5154 ο
1238 5123 1300 5176 οὺ
1328 5123 1421 5177 τοῦ
1467 5124 1635 5178 αὐτοῦ
1671 5124 1851 5181 τοίνυν

266 5207 470 5277 φωτὸς,
502 5209 624 5280 δψις
663 5228 721 5263 τε
747 5212 841 5265 καὶ
886 5212 1010 5278 νοῦς
1055 5212 1558 5284 ἀντιλαμϐάνεσθαι
1604 5217 1852 5286 πεφύκαο

268 5319 379 5366 σιν,
406 5301 543 5355 ἀλλὰ
582 5303 778 5375 μέχρις
799 5305 866 5358 ἂν
895 5304 1016 5360 κατ’
1045 5306 1257 5361 οἰκείαν
1310 5309 1497 5377 φύσιν,
1533 5310 1632 5363 καὶ
1658 5311 1718 5362 ἐν
1737 5311 1853 5374 τοῖς

269 5391 413 5446 κατά
440 5391 606 5461 φύσιν
635 5397 837 5465 ἐνεργῇ
870 5396 1133 5469 ἑκάτερον
1163 5398 1364 5453 αὐτῶν.
1396 5399 1567 5453 Ὅταν
1603 5400 1660 5455 δέ
1690 5418 1854 5455 πνευ-

270 5484 517 5554 ματικῆς
553 5485 648 5541 καὶ
671 5486 985 5557 ὑπερφυοῦς
1017 5487 1398 5558 εύμοιρήσωσι
1424 5489 1643 5560 χάριτός
1676 5507 1738 5543 τε
1760 5490 1852 5544 καὶ

263 5575 577 5646 δυνάμεως,
605 5578 861 5648 αἰσθήσει
890 5595 952 5632 τε
983 5578 1080 5633 καὶ
1099 5578 1198 5651 νῷ,
1250 5584 1319 5633 τὰ
1361 5580 1504 5650 ὑπὲρ
1541 5583 1725 5636 πᾶσαν
1760 5579 1850 5636 αϊ-

268 5669 467 5739 σοησιν
505 5672 601 5724 καὶ
629 5671 804 5724 πάντα
834 5669 960 5725 νοῦν
988 5672 1037 5725 οἱ
1089 5669 1489 5742 κατηξιωμένοι
1542 5672 1848 5743 βλέπουσιν,

276 5764 369 5814 ἵνα
398 5763 539 5815 κατά
571 5762 662 5815 τὸν
705 5763 966 5832 Θεολόγον
997 5764 1240 5835 εἴπωμεν
1312 5764 1485 5833 μέγαν
1529 5765 1848 5837 Γρηγόριον,

258 5855 344 5918 ὡς
366 5849 475 5908 οἶδε
510 5854 668 5925 μόνος
699 5856 726 5908 ὸ
751 5856 905 5921 Θεϊς,
932 5857 1025 5912 καὶ
1046 5859 1097 5911 οι
1114 5857 1177 5910 τὰ
1202 5856 1423 5911 τοιαῦτα
1447 5857 1847 5929 ἐνεργούμενοι.

2036 4847 2273 4902 Alteram
2308 4848 2480 4902 lucem
2524 4862 2701 4915 meus,
2756 4847 2979 4903 alteram
3022 4863 3214 4906 sensus
3254 4852 3535 4923 petcipere

1968 4939 2125 4994 valet.
2152 4937 2253 4992 Hic
2281 4938 2424 4993 enim
2458 4939 2763 4994 sensibiiem
2791 4947 2845 4994 et
2881 4940 3182 5010 sensibilia,
3214 4959 3319 5012 qua
3360 4946 3536 5001 sensi-

1966 5030 2120 5097 bilia,
2151 5031 2571 5098 nstettdentetn;
2615 5031 2811 5086 utentis
2855 5042 3033 5086 autem
3080 5032 3168 5088 lux
3212 5045 3298 5091 est
3330 5037 3433 5091 sita
3479 5039 3531 5091 in

1968 5117 2388 5185 cogitationibus
2420 5119 2676 5186 cognitio.
2710 5118 2827 5176 Non
2856 5122 3104 5177 eamdem
3152 5123 3320 5190 igitur
3352 5125 3528 5181 lucem

1964 5214 2111 5267 visus
2148 5221 2203 5266 et
2242 5225 2392 5268 mens
2421 5212 2698 5281 percipere
2734 5212 2932 5280 valent,
2976 5217 3069 5271 sed
3120 5226 3328 5271 tantum
3367 5220 3536 5275 donec

1963 5305 2262 5358 secundum
2286 5304 2557 5375 propriam
2580 5314 2830 5359 naturam
2851 5307 2903 5360 in
2926 5308 3262 5363 naturalibus
3282 5322 3532 5377 Operatur

1962 5406 2249 5467 utrumque
2274 5400 2490 5452 borum.
2513 5395 2741 5463 Quando
2761 5414 2891 5454 vero
2914 5400 3249 5468 spiritualem
3272 5409 3326 5453 ct
3349 5417 3531 5470 super-

1962 5491 2269 5543 naturalem
2312 5488 2490 5543 sortiti
2526 5499 2656 5545 sunt
2685 5494 2911 5561 gratiam
2948 5507 3010 5546 ac
3055 5492 3330 5555 virtutem,
3367 5509 3530 5549 sensu

1961 5592 2014 5637 et
2046 5591 2229 5638 mente
2269 5598 2333 5637 ea
2379 5597 2503 5652 qum
2549 5593 2676 5638 sunt
2706 5599 2868 5653 supra
2902 5586 3115 5638 omnem
3153 5599 3371 5639 sensum
3417 5600 3542 5639 om-

1961 5690 2191 5743 nemque
2237 5686 2497 5741 mcntem,
2532 5677 2716 5732 vident
2759 5675 2900 5746 digni
2941 5675 3022 5747 (ut
3068 5674 3224 5745 juxta
3281 5693 3530 5747 magnum

1962 5773 2249 5836 loquamur
2281 5770 2600 5839 Gregorium
2636 5768 3018 5839 Tltcologuut),
3062 5779 3226 5840 prout
3252 5769 3399 5826 solus
3430 5773 3531 5828 scit

1962 5862 2103 5917 Deus
2135 5873 2186 5916 cl
2218 5863 2412 5933 quibus
2448 5863 2752 5931 huiusmodi
2792 5873 2872 5919 cst
2909 5865 3178 5934 Operatio.
