4020 6510
263 370 394 434 ιὲιι

1306 375 1583 434 CAPITA
1631 374 1774 432 PER
1824 371 2252 432 ACROSTICH
2267 373 2284 430 ί
2298 371 2480 431 DEM.

3321 407 3332 412 -
3379 366 3517 428 1342

323 493 394 558 ς’.
419 493 660 560 Δύναμιν
690 491 784 543 καὶ
811 489 1024 556 σοφίαν,
1059 486 1231 556 ὀλίγοι
1284 487 1572 555 ἀμφότερα
1606 486 1667 536 ὲκ
1693 481 1826 533 Θεοῦ

2012 489 2066 540 6.
2120 485 2520 542 Νηιιεὶεειιιιιυι*
2560 483 2718 553 pauci
2774 497 2804 536 a
2851 482 2964 536 Deo
2985 480 3241 536 virtutem
3269 481 3428 534 simul
3461 491 3516 534 et

249 585 640 654 λιεμόάνουσιν.
686 583 748 634 Ἡ
773 582 869 651 μὲν
904 580 1012 650 γάρ
1044 582 1159 630 ἐστι
1193 577 1302 629 τῶν
1339 578 1500 629 θείων
1527 573 1826 644 μεθεκτικὴ

253 673 493 739 ἀγαθῶν·
513 677 546 742 ὴ
561 673 639 733 δὲ,
657 670 979 738 ὲκφαντική.
995 667 1448 736 Μεταλαμδάνειν
1469 666 1527 718 δὲ
1545 665 1636 718 καὶ
1654 680 1824 732 μετα-

251 766 476 828 διδόναι,
512 764 658 817 θεῖον
679 763 753 825 ὼς
781 760 996 829 ἀληθῶς
1020 760 1127 829 χρῆ
1137 777 1212 827 μα
1238 758 1332 810 καὶ
1355 757 1496 826 ὑπὲρ
1520 756 1828 824 ἄνθρωπον.

328 859 397 919 ζ’.
448 855 740 925 Ἰερατείον
777 851 1030 921 ἀληθινὸν
1083 851 1176 902 καὶ
1225 849 1334 918 πρὸ
1385 849 1483 916 τῆς
1533 845 1833 916 μελλούσης

254 946 518 1016 βιώσεως,
563 947 597 1015 ἡ
649 944 820 1014 χωρὶς
875 941 1156 1012 λογισμῶν
1202 940 1400 1010 καρδία
1453 937 1832 1008 ἐνεργουμένη

250 1038 330 1107 τῷ
354 1036 654 1106 Πνεύματι.
692 1034 877 1089 Πάντα
913 1032 1024 1102 γὰρ
1057 1032 1176 1082 ἐκεῖ
1215 1029 1457 1084 τελεῖται
1488 1029 1579 1080 καὶ
1616 1026 1836 1092 λέγεται

255 1125 682 1196 πνευματικῶς·
721 1123 817 1176 καὶ
849 1122 878 1172 6
911 1119 986 1190 μὴ
1042 1118 1385 1188 κτησάμενος
1423 1115 1582 1167 τοῦτο
1627 1112 1722 1164 ἀπ’
1753 1112 1835 1163 ὲν-

254 1218 471 1281 τεῦοεν,
499 1218 648 1279 λίθος
678 1216 796 1268 ἐστὶ
839 1213 930 1266 διὰ
976 1210 1143 1273 ἄλλας
1179 1209 1399 1280 ἀρετὰς,
1429 1209 1509 1270 εἰς
1551 1203 1839 1273 οἰκοδομὴν

254 1311 566 1381 ἐπιτήδειος
589 1307 682 1360 τοῦ
712 1305 862 1359 θείου
889 1302 1041 1368 ναοῦ,
1075 1304 1169 1360 καὶ
1199 1301 1259 1354 οὐ
1304 1298 1452 1362 ναὸς,
1488 1297 1583 1352 καὶ
1630 1297 1839 1364 ἱερουρ-

255 1405 355 1471 γδς
375 1403 470 1457 τοῦ
496 1402 602 1458 Πνε
612 1399 640 1451 ὑ
648 1415 838 1468 ματος.

329 1493 400 1562 η’.
441 1491 750 1560 Ἀφθαρτος
812 1491 840 1542 6
901 1486 1182 1556 ἄνθρωπος
1235 1482 1478 1551 ἐπλάσθη
1521 1481 1689 1551 χωρὶς
1743 1497 1838 1550 χυ-

265 1586 392 1657 μοῦ,
428 1578 538 1646 οἷος
573 1582 670 1636 καὶ
695 1580 1100 1649 ἀναστήσεται·
1145 1576 1246 1628 οὐκ
1303 1573 1570 1643 ἄτρεπτος
1611 1571 1687 1634 δὲ,
1719 1570 1841 1623 οὐδὲ

260 1679 427 1736 πάλιν
453 1673 719 1745 τρεπτόςο
752 1671 985 1740 δύναμιν
1026 1667 1165 1738 ἔχων
1190 1664 1483 1735 θελητικῆς
1517 1662 1685 1728 ἕξεως
1711 1679 1844 1731 τρα-

262 1773 452 1841 πῆναι.
486 1768 520 1837 ἢ
571 1765 658 1820 οὔ.
696 1764 992 1833 Ἀτρειζίίαν
1019 1762 1130 1830 γὰρ
1177 1757 1417 1825 παντελῆ
1450 1756 1511 1810 οὐ
1540 1757 1681 1810 ποιεῖ
1711 1755 1843 1825 πρὸς

263 1827 363 1932 τὴν
393 1827 557 1932 φύσιν
588 1862 620 1928 ἡ
650 1827 911 1928 θέλησιςλ
939 1827 1110 1921 αὖτη-
1140 1853 1248 1921 γὰρ
1297 1848 1547 1920 βραΰεῐόν
1597 1850 1713 1902 ἐστι
1743 1845 1843 1915 τῆς
1871 1827 1909 1878 Β

268 1949 572 2020 μελλούσης
607 1946 883 2017 ἀτρέπτου
913 1943 1184 2004 θεώσεως.

344 2035 410 2092 θ’.
435 2035 615 2104 Φθορά
645 2034 775 2104 γὰρ,
818 2031 1020 2102 σαρκὸς
1072 2029 1310 2097 γένεσις.
1351 2029 1582 2080 Ἑσθίειν
1610 2027 1688 2091 δὲ,
1748 2029 1844 2075 και

262 2125 719 2196 περιττωματείι),
766 2120 860 2173 καὶ
919 2119 1180 2189 γαυριᾷν,
1233 2117 1328 2170 καὶ
1382 2114 1703 2186 κοιμᾶσθαι,
1750 2113 1844 2182 θη-

267 2219 402 2287 ρίων
430 2217 526 2270 καὶ
553 2213 767 2284 κτηνῶν
793 2212 1020 2284 φυσικαὶ
1055 2209 1316 2278 ἰδιότητες
1343 2224 1357 2240 ·
1392 2207 1508 2261 ἀνθ’
1541 2201 1614 2260 ὧν
1640 2205 1728 2258 διὰ
1748 2206 1847 2273 τὴν

263 2305 691 2380 παρακοὴντοῖς
745 2306 1002 2368 κτήνεσιν
1054 2298 1440 2369 ὁμοιωθέντες,
1495 2297 1604 2348 τῶν
1633 2295 1851 2348 οἰκείων

263 2402 363 2455 καὶ
424 2397 718 2452 θεοσδότων
753 2393 974 2462 ἀγαθῶν
1039 2391 1513 2458 ἐκπεπτώκαμεν·
1555 2385 1849 2456 κτηνώδεις

268 2501 336 2547 ἐκ
368 2491 634 2556 λογικῶν,
667 2489 761 2544 καὶ
789 2485 1078 2558 θηριώδεις
1108 2483 1394 2551 γεγονότες
1423 2484 1485 2537 ἐκ
1511 2480 1692 2534 θείων.

343 2583 394 2636 ι’.
425 2584 484 2634 '0
507 2580 833 2649 παράδεισος
862 2573 1038 2631 διττός
1094 2574 1266 2635 ἐστιν,
1316 2569 1574 2635 αἰσθητὸς
1602 2567 1694 2618 καὶ
1727 2581 1852 2632 νοη-

261 2675 358 2738 τός
385 2691 400 2704 ·
440 2673 606 2741 ἤγουν
636 2669 664 2720 6
697 2669 755 2720 ὲν
791 2666 974 2740 Ἑδὲμ,
999 2664 1094 2716 καὶ
1146 2664 1174 2715 6
1226 2663 1326 2729 τῆς
1371 2658 1615 2728 χάριτος.
1669 2656 1856 2708 Ἔστιν

265 2763 363 2821 οὖν
389 2769 416 2819 6
449 2765 547 2834 τῆς
589 2762 772 2830 Ἐδὲμ,
799 2759 961 2819 τόπος
996 2755 1200 2826 ὑψηλὸς
1223 2755 1367 2811 λίαν,
1405 2751 1480 2814 ὡς
1505 2747 1646 2802 εἶναι
1679 2748 1856 2818 τρίτον

266 2863 380 2922 ἓως
445 2853 702 2926 οὐρανοῦ,
761 2849 945 2911 καθὼς
1001 2847 1056 2900 οἱ
1123 2845 1513 2915 ίστορήσαντες
1572 2840 1857 2909 φάσκουσι,

271 2950 551 3011 παντοίοις
605 2947 793 3014 φυτοῖς
852 2938 1238 3000 εὐωδεστάτοις
1296 2933 1706 3004 πεφυτευμένος
1759 2930 1859 2981 ὑπὸ

267 3042 430 3095 Θεοῦ.
465 3038 602 3094 Οὔτε
626 3036 718 3090 οὖν
751 3033 972 3094 τελείως
1017 3031 1164 3082 ἐστιν
1198 3027 1496 3096 ἄφθαρτος,
1538 3022 1660 3075 οὔτε
1685 3022 1857 3083 πάντη

275 3133 540 3202 φθαρτὸς.
567 3128 748 3182 Μέσον
782 3122 988 3193 φθορᾶς
1019 3120 1115 3173 καὶ
1143 3116 1450 3188 ἀφθαρσίας
1473 3112 1837 3181 πεποιημένος

270 3226 352 3287 ὡς
367 3218 506 3275 εἶναι
525 3219 634 3284 ἀεὶ,
653 3218 745 3270 καὶ
767 3217 1082 3281 κάτακομος
1101 3212 1210 3272 τοῖς
1232 3209 1488 3278 καρποῖς,
1512 3203 1606 3258 καὶ⁵
1631 3201 1829 3258 ἀνθοῦν

277 3329 350 3366 τα
387 3309 547 3378 ἄνθη,
604 3305 701 3359 καὶ
740 3303 988 3371 ὄμφακα,
1021 3301 1118 3354 καὶ
1165 3299 1350 3369 ὣριμα
1396 3297 1534 3366 ἔχων
1573 3291 1839 3366 διηνεκῶς

271 3405 570 3474 Σηπόμενα
603 3399 714 3470 γὰρ
742 3397 809 3451 τὰ
843 3396 1035 3466 δένδρα
1067 3393 1160 3449 καὶ
1205 3394 1253 3447 οί
1279 3393 1476 3445 τέλειοι
1505 3388 1729 3460 καρποὶ,
1760 3387 1855 3441 καὶ

272 3499 356 3559 είς
380 3496 488 3564 γῆν
514 3491 890 3563 ῥιπτούμενοι,
914 3485 1042 3558 χοῦς
1093 3484 1302 3552 εὐώδης
1334 3481 1597 3550 γίνονται,
1647 3479 1755 3531 καῖ
1799 3478 1855 3529 οὗ

273 3587 489 3658 φθορὰν
516 3583 752 3648 ὖζουσιν,
791 3581 868 3644 ὡς
896 3579 965 3632 τὰ
1008 3575 1102 3629 τοῦ
1155 3575 1363 3643 κόσμου
1395 3574 1556 3641 φυτά.
1609 3569 1779 3624 Τοῦτο
1809 3569 1861 3620 δὲ

274 3680 494 3749 γίνεται
525 3678 590 3728 ὲκ
640 3660 840 3742 πολλῆς
884 3668 1198 3739 περιουσίας
1225 3665 1318 3719 καὶ
1344 3661 1617 3732 ἁγιασμοῦ
1647 3662 1746 3731 τῆς
1774 3659 1863 3710 ἀεὶ

275 3765 759 3840 περιπολαζούσης
809 3765 990 3816 ἐκεῖσε
1024 3760 1266 3832 χάριτος.
1309 3755 1474 3808 Ὅθεν
1523 3752 1867 3824 διερχόμενος

280 3864 350 3936 μέ
361 3879 449 3914 σον
469 3860 496 3912 6
512 3858 702 3912 τοῦτον
730 3851 1093 3925 προσταχθεὶς
1120 3849 1367 3920 ἀρδεύειν
1387 3845 1653 3916 διηνεκῶς
1672 3844 1867 3896 Ὠκεα-

276 3933 370 4015 νδς
395 3949 656 4018 ποταμὸς,
688 3949 716 4000 6
749 3943 1183 4013 ἐκπορευόμενος
1217 3939 1276 4004 ἐξ
1298 3937 1486 4002 αὐτοῦ,
1507 3935 1599 3990 καὶ
1631 3934 1710 3994 είς
1741 3933 1866 3985 τέσ-

281 4059 461 4114 σαρας
493 4040 671 4113 ἀρχὰς
726 4035 1100 4108 μεριζόμενος,
1125 4031 1217 4089 τὸν
1243 4029 1370 4102 χοῦν
1400 4027 1570 4080 τεκαὶ
1599 4025 1666 4078 τὰ
1697 4023 1871 4114 (ptinet

277 4151 308 4186 τ
320 4135 352 4186 ἐι
366 4113 732 4192 πεπτωκότα,
754 4127 866 4189 τοῖς
891 4122 1134 4198 Ἰνδικοῖς
1147 4122 1240 4175 καὶ
1257 4118 1502 4188 Αἰθίοψιν
1521 4113 1861 4186 καταρρέων,

281 4222 536 4294 ἐπιφέρει
568 4220 663 4275 καὶ
701 4218 884 4271 δίδωσι
905 4233 918 4247 ο
966 4215 1062 4268 καὶ
1109 4211 1389 4282 δεδεμένος
1421 4208 1531 4282 [ἷσ.
1564 4203 1869 4277 ἡνωμένος]

284 4317 388 4380 ὢν,
430 4314 519 4368 ἀεὶ
553 4311 684 4384 περὶ
716 4310 817 4372 τὰς
843 4306 1086 4378 ἀρούρας
1135 4303 1317 4357 αὐτῶν
1345 4298 1674 4372 πλημμυροῖ
1702 4297 1731 4350 6
1759 4296 1876 4348 Φει-

288 4407 402 4463 σὼν
451 4405 588 4477 ὁμοῦ
618 4404 713 4456 καὶ
738 4404 765 4460 6
796 4400 964 4460 Γεὼν,
992 4397 1095 4460 ἕως
1130 4397 1195 4450 ἂν
1223 4395 1387 4448 πάλιν
1419 4389 1873 4464 ὲπιμερισθῶσιν,

286 4505 316 4554 6
352 4502 449 4569 μὲν
503 4497 600 4570 τὴν
647 4493 915 4561 Λιϐυκὴν,
949 4492 978 4542 6
1018 4489 1075 4543 δὲ
1116 4488 1215 4557 τὴν
1261 4485 1641 4554 Αἰγυπτιακὴν
1682 4480 1869 4553 χώραν
1902 4509 1946 4568 ο

289 4596 313 4645 ὲ
329 4591 527 4657 πάρδον
535 4608 591 4642 τε
599 4608 645 4652 ς.

383 4702 468 4758 ια’.
489 4700 740 4767 Ῥευστὴ,
761 4694 960 4752 είτ“οὖν
982 4693 1194 4765 φθαρτὴ
1212 4691 1454 4762 ήκτίσις,
1471 4687 1655 4758 φασὶν,
1670 4688 1728 4738 οὐ
1753 4703 1854 4738 κατ

299 4794 614 4864 εσκευάσθη
659 4795 954 4862 πρότερον·
989 4787 1218 4855 ὕστερον
1257 4783 1336 4846 δὲ,
1370 4779 1730 4850 διαφθαρεῖσα
1784 4776 1878 4829 καὶ

300 4887 637 4950 ὑποταγείσα
653 4885 721 4954 τῇ
748 4879 1090 4949 ματαιότητι,
1127 4873 1268 4928 κατὰ
1308 4873 1404 4943 τὴν
1433 4868 1681 4940 Γραφὴν,
1716 4867 1886 4934 ἧγουν

283 4975 374 5046 τῷ
402 4973 698 5044 ὰνθρώπιιν
720 4971 819 5041 οὐχ
847 4969 1050 5024 ἑκοῦσα
1078 4968 1158 5030 δὲ,
1175 4967 1312 5021 ἀλλὰ
1335 4967 1411 5038 μὴ
1441 4963 1766 5036 βουλομένη,
1791 4961 1879 5012 διὰ

285 5072 385 5124 τὸν
409 5066 756 5132 ὑποτάξαντα
777 5062 863 5122 ἐπ’
891 5060 1068 5114 ἐλπίδι
1093 5061 1190 5132 τῆς
1218 5055 1615 5117 ἁνακαινίσεως
1636 5052 1732 5108 τοῦ
1749 5050 1882 5119 φθα-

289 5165 484 5240 ρέντος
528 5159 723 5228 ’Λδάμ.
765 5152 1146 5216 Ἀνακαινίσας
1171 5152 1226 5204 δὲ
1255 5149 1469 5214 τοῦτον,
1498 5147 1594 5202 καὶ
1625 5145 1883 5216 ἁγιάσας,

289 5236 398 5308 κᾶν
413 5250 652 5321 φθαρτὸν
687 5249 830 5320 φέρῃ
849 5247 1009 5314 σῶμα
1021 5243 1109 5298 διὰ
1130 5244 1227 5314 τὴν
1247 5241 1585 5312 πρόσκαιρον
1602 5237 1771 5309 ζωὴν,
1791 5236 1887 5288 καὶ

289 5343 468 5412 αὐτὴν
498 5339 831 5405 ἀνεκαίνισε,
869 5338 1036 5408 μήπω
1063 5335 1268 5408 φθορᾶς
1309 5330 1648 5394 ἀπαλλάξας.
1673 5327 1886 5398 Φθορᾶς

293 5440 352 5494 δὲ
381 5435 706 5506 ἀπαλλαγὴν
726 5436 825 5504 τῆς
859 5434 1113 5493 κτίσεως,
1142 5433 1193 5483 οἱ
1229 5430 1326 5500 μὲν
1357 5428 1454 5500 τὴν
1500 5425 1595 5479 ἐπὶ
1619 5425 1680 5478 τὸ
1708 5427 1890 5497 κρεῖτ-

298 5553 391 5586 τον
421 5531 747 5591 ἀλλοίωσιν,
801 5529 851 5582 οι
905 5527 964 5578 δὲ
1004 5527 1103 5593 τὴν
1141 5522 1382 5592 παντελῆ
1444 5519 1738 5591 μετάθεσιν
1781 5517 1890 5570 τῶν

297 5623 579 5694 αἰσθητῶν
607 5622 859 5688 λέγουσιν
886 5612 1048 5672 εἶναι.
1073 5616 1234 5677 ’Έθος
1252 5615 1362 5684 γὰρ
1390 5616 1454 5683 τῇ
1476 5613 1666 5681 Γραφῇ
1702 5607 1889 5670 ἁπλῶς

409 5781 424 5811 ⁸
450 5779 608 5834 Rom.
637 5798 755 5849 vui,
784 5787 872 5838 2t).

1939 579 2282 646 Sapientiam.
2321 577 2408 629 Illa
2435 578 2579 628 cnim
2632 575 2812 628 divina
2848 575 2986 627 bona
3015 571 3361 641 participat;
3401 570 3517 624 hare

1938 670 2336 722 communicat.
2372 667 2710 737 Participare
2745 678 2924 718 autem
2958 675 3013 718 et
3071 663 3503 722 communicare.

1939 777 2026 815 res
2060 774 2144 814 est
2171 776 2302 814 vere
2327 761 2512 814 divina
2548 769 2602 813 et
2631 775 2792 827 supra
2827 760 3126 815 hominem.

2008 855 2062 907 7.
2099 855 2194 907 Est
2231 867 2417 906 verum
2447 851 2776 911 sacrarium,
2803 851 2966 906 etiam
2996 865 3125 907 ante
3149 856 3314 908 vitam
3359 856 3513 910 futu-

1939 961 2079 1007 ram,
2109 961 2204 998 cor
2242 945 2360 997 sine
2390 944 2816 1011 cogitationibus
2862 961 2891 998 a
2932 946 3139 1012 Spiritu
3187 948 3429 1001 ductum.
3459 949 3513 999 In

1937 1051 2003 1090 eo
2029 1036 2173 1090 enim
2245 1037 2424 1088 omnia
2481 1035 2835 1102 spirituaiiter
2874 1045 3109 1104 aguntur
3138 1046 3192 1089 ει
3223 1037 3502 1091 dicuntur.

1940 1125 2044 1192 Qui
2101 1143 2233 1183 vero
2290 1130 2416 1182 illud
2481 1130 2590 1198 jam
2634 1146 2778 1184 nunc
2803 1148 2905 1184 non
2936 1131 3115 1193 habet,
3140 1131 3274 1198 lapis
3298 1133 3515 1198 quidem

1937 1231 2019 1274 est
2058 1231 2219 1289 aptus
2262 1222 2328 1274 ad
2379 1221 2548 1275 divini
2585 1221 2765 1290 templi
2817 1222 3254 1289 aedificationem,
3288 1231 3345 1276 at
3397 1237 3504 1276 non

1940 1313 2196 1380 templum
2231 1322 2284 1364 et
2312 1313 2613 1366 sacrarium
2655 1311 2919 1381 Spiritus.

2009 1495 2062 1548 8.
2091 1494 2220 1548 Sine
2265 1493 2494 1547 humore
2529 1493 2955 1562 incorruptibilis
2983 1504 3199 1549 creatus
3221 1504 3305 1548 est
3328 1494 3518 1558 homo,

1937 1587 2111 1654 qualis
2145 1595 2196 1639 et
2231 1601 2494 1656 resurget,
2534 1586 2671 1640 haud
2711 1601 2838 1640 vero
2885 1587 3242 1641 immutabilis
3293 1594 3344 1640 ει
3380 1587 3517 1641 irre-

1938 1678 2262 1739 tcactabilis,
2313 1678 2422 1730 vim
2472 1677 2678 1731 habens
2732 1677 3060 1731 voluntatem
3115 1677 3380 1739 mutandi,
3432 1679 3516 1731 vel

1941 1785 2068 1822 non.
2102 1768 2346 1822 Perfecta
2380 1769 2525 1822 enim
2556 1768 2856 1822 voluntatis
2889 1767 3259 1822 inﬂexibilitas
3301 1783 3409 1822 non
3436 1779 3521 1822 est

1940 1865 2138 1917 donum
2184 1875 2410 1926 natura),
2434 1865 2526 1918 sed
2570 1863 2748 1915 initura
2771 1873 2852 1916 est
2875 1862 3248 1918 inamissibilis
3271 1863 3516 1916 bravium

1941 1955 2326 2009 dciticationis.
3402 1944 3409 1951 ’

2014 2046 2069 2102 9.
2098 2046 2580 2102 Verumenimvero
2602 2045 2971 2115 corruptibilis
2995 2054 3077 2099 est
3099 2053 3291 2098 natura
3317 2044 3519 2098 carnis.

1952 2138 2284 2194 Manducare
2325 2147 2530 2204 autem,
2562 2152 2869 2203 exscreare,
2916 2138 3284 2192 intumescere
3313 2151 3375 2189 ac
3401 2137 3524 2189 dor-

1951 2232 2104 2294 mire,
2128 2240 2250 2283 sunt
2274 2231 2549 2284 naturales
2577 2230 2872 2284 bestiarum
2904 2237 2958 2282 et
2977 2229 3245 2295 pecndntn
3273 2228 3520 2295 proprie—

1950 2330 2090 2374 tates
2125 2337 2141 2374 :
2175 2335 2270 2387 per
2303 2335 2438 2388 quas
2468 2331 2691 2388 propter
2742 2320 3167 2374 inobctlientiam
3198 2320 3526 2372 animalibus

1948 2412 2305 2474 assimilitati,
2341 2427 2370 2464 a
2405 2413 2561 2465 bonis
2595 2411 2854 2466 divinitus
2891 2411 3076 2464 inditis
3104 2410 3423 2473 excidimus,
3459 2425 3523 2461 ex

1953 2504 2309 2558 rationalibus
2347 2503 2491 2556 bruti
2523 2512 2579 2556 et
2608 2518 2673 2555 ex
2705 2502 2904 2556 divinis
2935 2503 3195 2555 animales
3227 2499 3378 2556 facti.

2024 2594 2111 2648 l0.
2145 2595 2314 2674 Adest
2343 2591 2541 2660 duplex
2593 2593 2904 2660 paradisus,
2949 2590 3228 2646 sensibilis
3279 2602 3334 2644 et
3361 2589 3523 2658 spiri-

1955 2685 2120 2738 tnalis
2157 2701 2172 2738 :
2206 2685 2415 2738 scilicet
2438 2685 2528 2753 qui
2567 2692 2650 2738 est
2677 2683 2730 2736 in
2762 2681 2931 2748 Eden,
2965 2692 3018 2734 ει
3043 2681 3132 2751 qui
3169 2690 3249 2735 est
3273 2695 3301 2733 a
3329 2679 3527 2748 gratia.

1949 2776 2049 2840 Qui
2082 2786 2163 2828 cst
2195 2776 2246 2828 in
2301 2775 2473 2835 Etlen,
2504 2775 2654 2827 locus
2707 2784 2790 2828 est
2817 2773 3066 2826 excelsus
3122 2771 3302 2835 valde,
3340 2783 3515 2838 usque

1955 2866 2021 2920 ad
2055 2867 2272 2920 tertium
2311 2865 2512 2920 coelum
2560 2863 2884 2925 ascendens,
2929 2873 2989 2916 ut
3022 2863 3174 2916 aiunt
3213 2863 3528 2930 scriptores,

1956 2956 2260 3024 omnigenis
2309 2955 2599 3012 arboribus
2657 2951 3108 3022 ﬂagrantissimis
3156 2966 3185 3003 a
3239 2950 3347 3003 Deo
3373 2949 3529 3018 pian-

1958 3056 2127 3106 tatus.
2161 3046 2278 3103 Non
2323 3058 2407 3100 est
2437 3045 2604 3114 igitur
2655 3042 2899 3114 perfecte
2930 3040 3380 3107 incorruptibilis,
3429 3053 3533 3092 nec

1957 3140 2180 3193 omnino
2231 3137 2624 3206 corruptibilis.
2684 3133 2899 3189 Medius
2933 3132 3340 3200 corruptionem
3389 3131 3534 3186 inter

1963 3241 2018 3287 et
2044 3231 2524 3301 incorruptionem,
2575 3238 2662 3288 est
2710 3241 2928 3293 semper
2979 3235 3032 3282 et
3075 3225 3341 3281 fructibus
3373 3223 3534 3276 luxu-

1960 3323 2128 3387 rians,
2159 3333 2214 3378 et
2259 3337 2498 3378 vernans
2526 3321 2774 3385 ﬂoribus,
2819 3318 2986 3372 cruda
3014 3327 3068 3374 et
3095 3326 3308 3370 atnra
3334 3316 3538 3384 iugiter

1959 3415 2161 3471 ferens.
2206 3414 2591 3468 Putrescentes
2643 3413 2785 3464 enim
2825 3413 3072 3470 arbores,
3127 3417 3292 3474 atque
3327 3405 3537 3459 fructus

1963 3508 2288 3559 maturiores
2331 3513 2385 3558 ct
2426 3504 2478 3556 in
2510 3514 2710 3555 terram
2741 3501 2960 3570 dcjecti,
2999 3498 3176 3568 pulvis
3206 3499 3336 3550 ﬁunt
3368 3498 3534 3549 bene-

1962 3597 2138 3662 ulens,
2184 3611 2282 3649 nec
2313 3595 2715 3662 corruptionem
2772 3592 2967 3656 fetent,
3024 3598 3080 3644 ut
3133 3587 3293 3656 huius
3351 3585 3539 3642 Inundi

1968 3690 2182 3758 piantur.
2208 3686 2324 3742 Hoc
2348 3695 2525 3742 autem
2550 3684 2802 3753 provenit
2820 3698 2883 3735 ex
2921 3682 3196 3735 uberrima
3223 3675 3537 3733 sanctitatis

1963 3780 2136 3851 gratia
2189 3779 2302 3832 illic
2346 3777 2610 3846 perpetim
2655 3772 3093 3842 sttpcrrﬂluente.
3164 3769 3290 3824 Ideo
3329 3766 3542 3824 medius

1967 3870 2285 3927 interﬂuens
2313 3872 2379 3924 ad
2413 3869 2752 3937 irrigandum
2775 3866 2982 3935 jngiter
3022 3861 3333 3931 paradisum
3367 3858 3544 3914 aumis

1965 3963 2209 4024 Oceanus
2237 3977 2302 4018 ex
2321 3975 2495 4030 eoque
2513 3959 2871 4028 cgrediens,et
2889 3954 3135 4011 dividens
3149 3967 3209 4007 se
3233 3953 3285 4004 in
3310 3957 3545 4018 quatuor

1967 4059 2170 4127 capita,
2193 4057 2411 4109 lnnnum
2430 4062 2485 4106 et
2508 4051 2725 4105 frondes
2753 4047 3000 4117 delapsas
3050 4043 3197 4098 Indis
3234 4057 3296 4097 ac
3332 4039 3548 4096 Ethio—

1968 4151 2126 4220 pibus
2178 4161 2341 4206 cursu
2401 4146 2620 4199 advehit
2671 4151 2726 4197 et
2774 4139 2979 4205 tradit,
3031 4149 3264 4207 quorum
3320 4144 3546 4201 campos

1970 4255 2183 4312 semper
2218 4238 2488 4296 inundant
2535 4251 2642 4294 una
2693 4233 2968 4304 conjuncti
3001 4231 3202 4285 Phison
3239 4237 3295 4285 et
3328 4227 3546 4288 Gebon,

1974 4335 2144 4390 donec
2193 4333 2386 4386 iterum
2427 4327 2688 4398 separati,
2723 4325 2981 4397 Libycam
3039 4338 3180 4380 unus
3245 4321 3548 4390 regionem,

1976 4426 2352 4497 {Egyptiacam
2381 4422 2518 4476 alter
2549 4420 2778 4475 alluant.

2055 4692 2141 4744 ll.
2179 4690 2438 4746 Relertur
2472 4702 2572 4742 nec
2617 4685 2757 4739 ﬂuxa
2797 4697 2898 4738 nec
2948 4675 3318 4748 corruptibilis
3345 4672 3556 4728 consti-

1983 4792 2096 4839 tuta
2134 4799 2255 4839 esse
2303 4781 2557 4851 primitus
2600 4790 2892 4840 creatura;
2927 4773 3020 4828 sed
3073 4769 3268 4826 deinde
3298 4774 3556 4830 corrupta

1982 4885 2065 4930 est
2115 4884 2171 4930 et
2195 4873 2435 4940 subjecta
2490 4869 2737 4931 vanitati,
2773 4877 2830 4921 ut
2871 4866 2942 4918 ait
2974 4863 3298 4929 Scriptura,
3335 4859 3386 4911 id
3441 4865 3546 4919 est,

1987 4968 2218 5032 homini,
2259 4966 2401 5020 bam]
2441 4963 2658 5032 quidem
2690 4968 2910 5029 sponte,
2935 4957 3028 5010 sed
3052 4970 3156 5010 non
3192 4951 3400 5010 volens,
3433 4962 3564 5017 pro-

1989 5070 2105 5128 pter
2127 5073 2249 5115 eum
2299 5057 2390 5126 qui
2431 5053 2664 5123 subiecit
2687 5066 2805 5105 eam
2835 5049 2889 5104 in
2917 5062 3013 5117 spe
3038 5041 3409 5102 renovationis
3442 5052 3566 5093 cor.

1990 5153 2130 5222 rupti
2164 5153 2334 5205 Adam
2353 5151 2392 5204 ‘.
2421 5147 2532 5204 lluc
2561 5153 2742 5199 autem
2783 5151 3089 5197 rcstaurato
3116 5146 3171 5193 et
3201 5133 3564 5196 sanctiﬁcata,

1991 5244 2243 5315 quamvis
2275 5243 2327 5297 in
2373 5239 2656 5310 temporali
2701 5237 2809 5289 vita
2841 5248 3040 5303 corpus
3074 5232 3250 5286 adhuc
3275 5227 3410 5281 ferat
3445 5238 3567 5276 cor-

1994 5337 2275 5406 ruptibilc,
2329 5334 2414 5388 illa
2453 5333 2616 5386 etiam
2657 5330 2956 5384 instaurata
2988 5335 3092 5387 est,
3143 5321 3238 5378 sed
3275 5315 3511 5372 nondum
3537 5327 3570 5365 a

1994 5428 2350 5499 corruptione
2380 5424 2632 5479 liberata.
2664 5421 2820 5475 Tunc
2844 5433 3024 5473 autem
3060 5423 3364 5469 creaturam
3388 5425 3418 5463 a
3448 5421 3571 5461 cur-

1998 5524 2252 5592 rUptiunc
2284 5521 2572 5572 liberatam
2607 5517 2814 5577 dicunt,
2841 5512 2931 5566 alii
2963 5523 3083 5562 cum
3113 5507 3166 5561 in
3212 5504 3407 5559 melius
3439 5518 3573 5557 con—

1943 5601 1946 5605 .
1998 5632 2176 5679 versa.
2209 5613 2297 5667 alii
2329 5626 2451 5666 cum
2482 5607 2722 5680 pcrlcctc
2756 5623 2783 5657 a
2824 5601 3175 5659 sensibilibtts
3207 5598 3439 5655 alienata
3464 5603 3572 5650 est.

2327 5685 2353 5704 Ι
