4020 6462
483 355 618 415 1211

1760 343 2148 407 GREGOIUI
2194 340 2527 403 SINAITAB

3623 336 3758 403 l2“

485 473 637 528 δηιιιι
666 485 812 523 emm
858 467 1139 534 Scriptura
1192 465 1259 520 de
1301 467 1466 519 rebus
1503 466 1612 518 buc
1644 480 1816 533 usque
1846 463 2078 520 (Ιίιῖἰοίιί-

2199 465 2330 532 περὶ
2357 464 2469 518 τῶν
2520 463 2657 528 τέως
2700 463 2925 536 ἀπόρων
2956 465 3132 520 ποιεῖν
3181 467 3277 538 τὴν
3343 467 3650 538 κατάφασιν
3687 473 3772 524 καὶ

486 565 588 619 bus
627 561 970 628 simpliciter,
1007 569 1057 610 at
1091 573 1199 611 non
1238 557 1514 612 Subtiliter
1552 558 1852 612 allirmare.

562 656 651 709 ιε.
693 654 729 706 Ii
785 654 877 720 qui
925 653 1159 718 gratiam
1196 651 1466 719 recipiunt
1501 650 1656 720 quasi
1701 650 2080 719 concipientes

485 759 541 803 ct
572 755 917 816 pra-gnantes
967 744 1035 797 tle
1068 743 1276 810 Spiritu
1327 745 1553 807 Sancto,
1581 743 1667 797 vel
1716 743 1960 812 peccatis
1995 743 2080 796 di-

485 841 668 892 vinant
706 838 970 906 abj'ciuut
1004 853 1216 900 semen,
1260 836 1342 891 vel
1391 835 1500 890 Deo
1540 838 1835 891 viduantur
1873 837 1954 890 ob
1987 850 2079 890 co-

487 931 667 1000 pulam
698 946 822 984 cum
857 930 1084 984 inimico
1115 930 1262 984 intus
1291 931 1515 983 latente.
1547 928 1610 982 Et
1640 931 1812 1000 gratia
1853 930 2077 999 quidem

484 1023 794 1079 excidimus
811 1039 908 1094 per
927 1024 1232 1092 passiones,
1249 1026 1477 1076 omnino
1493 1031 1676 1076 autem
1703 1021 1968 1076 orbamur
1985 1037 2082 1090 per

485 1126 836 1184 peccaturum
885 1116 1155 1171 habitum.
1210 1116 1408 1170 Anima
1453 1117 1600 1170 enim
1629 1115 1990 1184 cupiditatum
2029 1123 2082 1168 et

491 1216 839 1276 peccatorum
890 1221 1108 1268 amans,
1153 1206 1330 1274 gratia
1379 1206 1603 1274 delapsa
1659 1206 1985 1276 privataque
2017 1221 2082 1261 ac

487 1298 731 1362 viduata,
753 1300 1098 1368 passionum,
1130 1307 1188 1352 ut
1211 1313 1319 1354 non
1338 1299 1536 1364 dicam,
1558 1300 1864 1354 daemonum
1885 1297 2087 1355 domus

486 1403 754 1449 estnunc
800 1404 854 1447 et
900 1391 954 1446 in
995 1391 1201 1448 l'uturo.

567 1575 653 1628 15.
684 1571 741 1627 1η
773 1572 1017 1628 animum
1051 1571 1293 1627 latitiam
1322 1584 1374 1626 et
1405 1573 1881 1626 mansuetudinem
1907 1569 2087 1624 infun-

491 1667 594 1728 dit,
623 1676 680 1720 nt
709 1666 998 1731 fortitudo,
1023 1665 1105 1721 sic
1127 1675 1181 1720 et
1204 1665 1585 1721 misericordia
1615 1680 1630 1718 :
1661 1679 1767 1718 una
1797 1674 2085 1730 externos,

494 1763 740 1814 internus
787 1759 952 1812 altera
985 1759 1140 1823 quasi
1185 1757 1374 1814 hostes
1405 1771 1722 1812 conterens.

2197 556 2578 627 ἀπεριέργως.

2253 643 2362 715 ιβ’.
2382 646 2560 715 Οίτὴν
2571 645 2735 716 χάριν
2761 643 3045 715 δεχόμενοι
3066 645 3140 711 ὼς
3157 647 3352 717 οἱπερὶ
3371 647 3470 718 τὴν
3499 648 3777 718 σύλληψιν,

2198 737 2292 790 καὶ
2314 736 2756 808 ὲγκυμονοῦντες
2781 736 2862 808 τῷ
2890 739 3194 808 Πνεύματι,
3218 739 3252 809 ἢ
3279 741 3368 794 διὰ
3390 743 3698 812 πτωμάτων
3719 745 3777 797 τὸ

2199 831 2344 884 θεῖον
2395 831 2766 886 ἀποϐάλλουσι
2814 833 3059 904 σπέρμα,
3096 834 3128 906 ἢ
3163 835 3488 907 χηρεύοντες
3534 840 3598 892 ἐκ
3643 841 3775 894 θεοῦ

2195 925 2264 994 τῇ
2290 921 2386 976 τοῦ
2423 922 2624 994 ἐχθροῦ
2654 925 2936 996 κοινωνίᾳ,
2985 925 3410 997 ἐνδομυχοῦντος
3441 929 3643 992 αὐτοῖς.
3669 933 3774 986 Καὶ

2193 1015 2228 1086 ἠ
2259 1014 2359 1083 μὲν
2389 1015 2633 1087 ἀποϐολὴ
2681 1016 2778 1087 τῆς
2815 1017 3039 1088 χάριτος
3077 1017 3146 1070 δι’
3183 1020 3469 1088 ἐνεργείας
3498 1022 3705 1088 παθῶν,
3741 1026 3773 1093 ή

2195 1105 2255 1158 δὲ
2305 1107 2574 1178 παντελὴς
2625 1109 2884 1179 στέρησις
2933 1096 3033 1163 διά
3079 1110 3180 1180 τὴν
3223 1111 3334 1165 τῶν
3367 1113 3776 1185 ἁμαρτημάτων

2195 1194 2404 1264 γίνεται
2437 1197 2680 1276 πρᾶξινέ
2719 1198 2869 1271 ψυχὴ
2918 1203 3025 1272 γὰρ
3081 1201 3412 1276 φιλοπαθης.
3471 1207 3565 1260 καὶ
3625 1207 3775 1275 φιλά-

2199 1304 2432 1358 μαρτος,
2462 1275 2841 1363 ὑστερημένη,
2873 1293 2968 1345 καὶ
3017 1275 3432 1369 ἀποϐαλλομένη
3489 1298 3588 1369 τὴν
3621 1299 3776 1371 χάριν

2195 1379 2293 1434 καὶ
2325 1381 2664 1451 χηρεύουσα,
2690 1382 2904 1449 παθῶν,
2937 1384 3026 1437 ἵνα
3061 1385 3137 1456 μὴ
3167 1386 3327 1449 εἴπω,
3367 1389 3636 1461 δαιμόνων
3675 1410 3773 1448 κα-

2194 1476 2549 1547 τοικητήριον
2582 1477 2758 1544 ἔσται,
2787 1477 2883 1533 νῦν
2918 1479 3009 1532 καὶ
3041 1481 3100 1532 ἐν
3134 1480 3212 1552 τῷ
3237 1483 3505 1551 μέλλοντι.

2272 1575 2361 1637 ιγ’.
2405 1569 2612 1641 Ἱλαρδν
2667 1572 2763 1625 καὶ
2813 1573 3023 1646 ἥμερον
3047 1575 3108 1628 ού
3145 1578 3291 1629 ποιεῖ
3318 1577 3410 1632 τὸν
3433 1577 3604 1649 θυμὸν
3635 1582 3708 1646 ὠς
3739 1586 3773 1654 ἡ

2198 1661 2442 1730 ἀνδρεία,
2469 1663 2564 1716 καὶ
2585 1663 2647 1717 τὸ
2675 1663 2842 1727 ἔλεος·
2870 1667 2904 1736 ἠ
2940 1666 3039 1737 μὲν
3069 1669 3194 1732 τοὺς
3217 1667 3342 1736 ἔξω,
3374 1671 3408 1742 ἠ
3437 1668 3492 1724 δὲ
3516 1673 3642 1737 τοὺς
3669 1674 3780 1729 ἔσω

2196 1752 2452 1823 καθάπερ
2482 1753 2760 1818 ἑλεπόλεις
2792 1757 3182 1826 συντρίϐουσα.

565 1851 652 1904 ll.
690 1852 762 1905 De
816 1852 1103 1920 praeceptis
1140 1851 1296 1905 multi
1340 1861 1622 1915 curantes,
1661 1849 1920 1906 videntur
1952 1865 2080 1920 pro-

2269 1846 2352 1901 ιδ’.
2409 1846 2603 1900 Πολλοὶ
2652 1849 2751 1910 τὰς
2813 1848 3032 1914 ἐντολάς
3074 1851 3480 1922 ἐργαζόμενοι,
3535 1856 3780 1912 δοκοῦσιν

493 1943 668 2013 gredi,
702 1942 794 2009 qui
841 1945 1083 1998 nondum
1134 1945 1326 1998 urbem
1359 1943 1594 2014 ingressi
1635 1941 1770 1998 foris
1805 1950 2028 1996 manent
2064 1955 2080 1994 :

495 2041 677 2094 txitus
705 2040 855 2094 enim
887 2037 1158 2108 regiarum
1203 2038 1441 2100 viarum,
1481 2036 1533 2091 id
1568 2045 1653 2090 est
1692 2035 1869 2090 vicina
1909 2035 2085 2091 virtue

498 2133 642 2186 tibus
685 2133 816 2186 vitia
866 2131 1025 2184 inscii
1071 2139 1445 2197 capessentes,
1501 2129 1906 2183 inconsiderate
1955 2144 2084 2198 pro-

499 2226 711 2278 cedunt.
753 2224 964 2292 Quippe
1001 2225 1278 2287 mandata,
1308 2223 1454 2276 haud
1483 2222 1643 2276 modo
1673 2237 1773 2276 nec
1810 2220 2084 2276 defectum

2192 1935 2404 1991 ὁδεύειν
2435 1937 2488 1991 οἳ
2525 1939 2623 1991 καὶ
2672 1941 2840 2008 μήπω
2893 1939 2993 2011 τὴν
3024 1942 3179 1996 πόλιν
3229 1943 3555 2013 φθάσαντες,
3580 1949 3776 2014 ἔξωθεν

2197 2029 2442 2099 μένουσιο
2495 2030 2596 2094 τὰς
2621 2031 2731 2102 γάρ
2759 2030 3030 2098 διεξόδους
3057 2034 3174 2090 τῶν
3209 2034 3501 2106 βασιλικῶν
3528 2041 3774 2109 εύθειῶν,

2195 2122 2448 2174 τουτέστι
2479 2121 2580 2186 τὰς
2628 2123 2963 2196 ἁγχιθύρους
3014 2127 3124 2180 τῶν
3153 2129 3368 2199 ἀρετῶν
3391 2133 3586 2198 κακίας
3616 2133 3773 2204 λελη-

2192 2211 2364 2278 θότως
2401 2214 2657 2285 ἄραντες,
2694 2217 2942 2288 ἀνοήτως
2972 2219 3313 2290 πορεύονται·
3349 2223 3473 2276 οὔτε
3535 2227 3643 2297 γὰρ
3690 2229 3771 2281 ἔλ-

499 2336 599 2371 i.cc
623 2333 917 2371 excessum.
937 2315 1150 2380 volunt,
1177 2316 1271 2370 sed
1297 2315 1462 2369 etiam
1489 2314 1650 2369 linem
1685 2313 1794 2369 Deo
1822 2316 2085 2384 placitum

2195 2304 2390 2376 λειψιν,
2415 2305 2542 2359 οὕτε
2585 2308 2915 2382 ὑπερϐολὴν,
2946 2311 3085 2365 ἀλλὰ
3111 2314 3204 2367 καὶ
3227 2315 3428 2369 σκοπὸν
3461 2315 3766 2388 θεάρεστον,

497 2423 550 2462 rt
601 2409 932 2463 voluntatem
970 2410 1253 2478 requirunt
1280 2410 1381 2464 soli
1424 2407 1534 2464 Deo
1569 2409 1869 2476 intentam;
1904 2423 2086 2472 secus,

498 2501 674 2553 immis
697 2511 779 2554 est
810 2501 982 2565 labor,
1013 2517 1109 2555 uec
1143 2509 1301 2555 recta;
1328 2499 1488 2565 ﬁunt,
1517 2499 1672 2570 juxta
1719 2501 2086 2570 Scripturam,

2192 2395 2289 2448 καὶ
2333 2396 2392 2449 τὸ
2449 2398 2592 2451 θεῖον
2647 2400 2807 2470 μόνον
2849 2399 3111 2473 ζητοῦσαι
3169 2407 3226 2460 αἱ
3285 2408 3498 2461 ἐντολαὶ
3561 2411 3766 2468 δέονται

2192 2486 2426 2558 θέλημα,
2461 2490 2586 2543 εἰδὲ
2615 2491 2712 2564 μὴ,
2743 2494 2920 2563 μάτην
2941 2495 2968 2548 ὁ
2999 2498 3201 2560 σκοπὸς
3230 2497 3319 2570 [ἐν
3339 2501 3476 2556 ἄλλ.
3506 2504 3533 2555 ὁ
3559 2503 3767 2576 κόπος].

500 2593 599 2646 ιὶειε
632 2592 850 2647 Domini
881 2611 895 2648 :
937 2593 1140 2648 etenim
1173 2594 1226 2648 in
1259 2593 1405 2648 omni
1438 2609 1604 2664 opere
1630 2593 1752 2650 linis
1785 2593 2088 2664 requiritur

2195 2579 2412 2643 εὐθείας
2465 2584 2606 2638 κατά
2655 2584 2757 2656 τὴν
2813 2587 3038 2660 Γραφὴν
3071 2589 3146 2660 μὴ
3191 2594 3366 2645 ποιεῖν
3422 2595 3518 2656 τὰς
3555 2596 3769 2667 τρίϐους

498 2687 709 2754 operis.

574 2868 661 2923 15.
706 2869 846 2940 Ergo
899 2871 950 2923 in
989 2869 1098 2933 via,
1138 2871 1190 2924 id
1219 2880 1324 2935 est,
1371 2871 1424 2926 in
1468 2881 1867 2942 praeceptorum
1901 2871 2092 2927 obsero

500 2961 706 3027 vantia,
756 2963 942 3017 animo
981 2979 1166 3032 qumre
1216 2962 1530 3019 Dominum.
1565 2965 1703 3019 Cum
1743 2965 1888 3019 enim
1920 2965 2090 3019 Joan-

503 3069 624 3108 l'etlt
661 3053 856 3108 audias
889 3055 1218 3108 clamantem
1273 3056 1796 3126 praecipientemque
1835 3057 2092 3113 Omnibus

503 3156 562 3199 ut
592 3144 707 3198 vias
740 3157 954 3211 parcnt,
985 3157 1040 3200 et
1077 3162 1253 3202 rectas
1286 3147 1470 3204 facere
1521 3153 1750 3206 semitas
1778 3151 2088 3216 iubentem,

2187 2671 2286 2725 τοῦ
2316 2672 2454 2727 Θεοῦ
2481 2688 2498 2705 ⁶
2553 2677 2719 2730 παντὶ
2770 2678 2875 2747 γὰρ
2914 2679 3062 2752 ἔργῳ
3097 2684 3126 2736 ὁ
3155 2685 3356 2748 σκοπὸς
3399 2685 3642 2756 ζητεῖται
3675 2689 3767 2742 τοῦ

2191 2764 2542 2836 πράγματος.

2267 2855 2350 2914 ιε’.
2387 2860 2476 2914 Ἑν
2495 2860 2618 2930 ὁδῷ,
2647 2865 2899 2918 τουτέστι
2932 2864 3002 2920 δι’
3031 2865 3266 2920 ἐντολῶν
3291 2869 3349 2921 ἐν
3387 2868 3583 2940 καρδίᾳ
3614 2871 3767 2941 ζήτει

2189 2950 2283 3006 τὸν
2309 2953 2537 3025 Κύριον.
2562 2955 2731 3008 Ὅταν
2761 2956 2870 3029 γάρ
2896 2957 3137 3031 ἀκούσῃς
3169 2959 3262 3012 τὸν
3279 2961 3525 3032 Ἰωάννην
3541 2963 3767 3033 βοῶντα,

2191 3045 2288 3099 καὶ
2342 3049 2756 3118 προστάσσοντα
2821 3052 2955 3104 πᾶσι
3001 3051 3102 3115 τὰς
3150 3052 3306 3117 ὁδοὺς
3337 3054 3640 3124 ἑτοιμάσαι,
3676 3057 3769 3110 καὶ

2193 3139 2291 3202 τὰς
2317 3140 2541 3210 τρίϐους
2590 3141 2809 3207 εὐθείας
2864 3145 3039 3197 ποιεῖν
3068 3144 3379 3211 κελεύοντα,
3402 3147 3498 3210 τάς
3528 3148 3764 3212 ἐντολάς,

504 3239 758 3293 mandata
812 3240 1096 3308 cordaquc
1145 3251 1200 3295 et
1249 3256 1413 3311 opera
1463 3243 1758 3313 inti-“Ege:
1813 3259 1938 3299 nam
1972 3245 2088 3301 ﬁcri

2195 3231 2288 3284 καὶ
2337 3230 2440 3294 τὰς
2502 3233 2755 3304 καρδίας,
2825 3235 3044 3300 καὶτὰς
3097 3237 3326 3308 πράξεις
3350 3235 3486 3292 εἶναι
3518 3241 3764 3310 νόμισον·

502 3329 696 3402 nequit
722 3339 870 3386 recta
904 3339 1296 3402 praeceptorum
1341 3334 1448 3400 via,
1480 3335 1584 3390 nisi
1617 3350 1712 3394 cor
1747 3336 1819 3392 sit
1851 3347 2088 3393 rectum.

575 3607 664 3662 16.
698 3606 1032 3678 Prophetico
1065 3611 1119 3664 in
1167 3624 1330 3665 sensu
1367 3612 1575 3680 virgam
1605 3621 1662 3668 et
1707 3612 1983 3676 baculum,
2025 3615 2092 3670 de

502 3701 701 3767 quibus
753 3701 1038 3771 Scriptura
1095 3703 1356 3774 loquitur,
1404 3705 1670 3774 judicium
1700 3716 1754 3760 et
1801 3707 2090 3776 providen-

505 3796 638 3848 tiam
670 3794 952 3865 intellige,
987 3795 1040 3849 in
1072 3797 1262 3850 morali
1302 3813 1454 3865 vero,
1475 3798 1838 3868 psalmodiam
1877 3809 1932 3854 et
1965 3815 2094 3855 ora-

505 3891 726 3945 tionem.
763 3889 1008 3949 Mulctati
1048 3891 1196 3947 enim
1239 3906 1266 3945 a
1298 3890 1530 3947 Domino
1561 3895 1713 3964 virga
1760 3894 2091 3965 disciplina‘,

504 3983 571 4036 ad
606 3984 1026 4039 conversionem
1083 3985 1412 4054 corripimur
1439 4003 1454 4053 ;
1481 3987 1874 4057 'rorripientes
1905 4002 2091 4044 autem

505 4076 857 4131 adversarios
920 4086 1141 4132 nostros
1176 4077 1374 4133 baculo
1426 4079 1687 4149 patientis
1748 4081 2089 4148 psalmodize,

489 4149 758 4216 'oratione
783 4163 1062 4220 fulcimur.
1119 4164 1398 4223 Tenentes
1425 4168 1592 4239 igitur
1627 4171 1680 4225 in
1712 4172 1968 4229 manibus
1996 4173 2096 4228 ba-

503 4251 688 4310 rulun't
706 4270 761 4312 et
786 4258 992 4326 virgam
1019 4259 1386 4329 spiritualium
1411 4277 1660 4332 operum,
1677 4282 1749 4322 ne
1773 4269 2096 4324 desinamus

502 4349 786 4418 corrigere
814 4361 868 4405 et
901 4354 1124 4423 corrigi,
1157 4355 1331 4411 donec
1361 4372 1526 4425 penes
1557 4361 1956 4426 providentiam
1997 4363 2094 4420 toti

505 4442 703 4505 simus,
742 4441 1007 4512 judicium
1044 4445 1216 4517 elapsi
1249 4463 1490 4518 praesens
1519 4464 1574 4507 et
1607 4453 1872 4510 futurum.

578 4721 667 4776 17.
711 4719 904 4778 Refert
939 4722 1417 4791 generalissimum
1451 4724 1724 4795 praeferre
1757 4731 2093 4798 mandatum,

503 4813 645 4882 quod
660 4815 751 4869 Dei
776 4815 1097 4871 memoriam
1123 4818 1369 4886 praecipit
1391 4819 1476 4874 bis
1495 4820 1675 4874 verbis
1695 4837 1740 4876 ει
1767 4820 2096 4878 Recorderis

510 4906 725 4960 Domini
762 4906 858 4962 Dei
889 4910 964 4962 tui
995 4911 1142 4964 omni
1185 4922 1434 4982 tempore
1466 4914 1543 4967 ’.ι
1600 4913 1705 4969 Per
1753 4931 1916 4984 quam
1945 4917 2092 4971 enim

2192 3323 2456 3377 ἀδύνατον
2515 3325 2626 3395 γὰρ
2686 3327 2806 3380 ὀδδν
2861 3328 3082 3382 εὐθείαν
3120 3331 3229 3383 τῶν
3267 3331 3496 3384 ἐντολῶν
3524 3332 3764 3403 ποιῆσαι,

2193 3415 2288 3467 καὶ
2345 3417 2546 3486 πρᾶξιν
2597 3418 2912 3483 ἀνεύθυνον,
2942 3421 2992 3474 εί
3021 3421 3098 3492 μὴ
3143 3423 3454 3496 καρδιακὴν
3498 3426 3767 3497 εὐθύτητα

2193 3505 2286 3579 [ἐν
2306 3508 2450 3564 ἄλλ.
2485 3511 2758 3584 καρδιακῇ
2787 3513 3087 3588 εὐθύτητι].

2269 3609 2364 3667 ις’.
2410 3604 2634 3659 Ῥάϐδον
2697 3607 2790 3660 καὶ
2849 3606 3173 3679 βακτηρίαν,
3236 3611 3364 3664 ὅταν
3410 3611 3646 3686 ἀκούσῃς
3666 3617 3767 3686 τῆς

2195 3695 2421 3768 Γραφῆς
2453 3696 2742 3770 λεγούσης,
2775 3700 2918 3755 κατά
2956 3703 3055 3772 μὲν
3107 3703 3200 3756 τὸν
3231 3707 3564 3776 προφητικὸν
3592 3707 3764 3775 λόγον,

2193 3789 2296 3859 τὴν
2323 3791 2527 3862 κρίσιν,
2553 3794 2648 3847 καὶ
2688 3795 2788 3863 τὴν
2819 3796 3082 3865 πρόνοιαν
3112 3791 3252 3851 εἶναι
3273 3799 3512 3868 νόμισον,
3540 3802 3679 3854 κατά
3707 3802 3764 3854 δὲ

2192 3881 2285 3936 τὸν
2332 3884 2524 3952 ὴθικδν
2565 3885 2742 3952 λόγον,
2773 3887 2872 3958 τὴν
2921 3886 3265 3960 ψαλμῳδίαν,
3301 3893 3395 3946 καὶ
3425 3895 3763 3964 προσευχήν·

2195 3975 2509 4046 κρινόμενοι
2541 3976 2652 4048 γὰρ
2702 3977 2807 4031 ὑπὸ
2848 3978 3052 4048 Κυρίου
3070 3983 3135 4054 τῇ
3168 3982 3348 4055 ῥάϐδῳ
3376 3983 3476 4053 τῆς
3503 3985 3765 4051 παιδείας,

2193 4069 2332 4142 πρὸς
2375 4070 2712 4142 ἐπιστροφὴν
2770 4072 3156 4144 παιδευόμεθασ
3192 4075 3536 4141 παιδεύοντες
3557 4077 3612 4130 δὲ
3642 4079 3766 4141 τοὺς

2194 4161 2665 4232 ἐπανισταμένους
2706 4165 2840 4234 ἡμῖν
2864 4166 2932 4236 τῇ
2965 4164 3144 4235 ῥάϐδῳ
3184 4165 3286 4236 τῆς
3351 4167 3607 4238 ἀνδρικῆς
3629 4168 3765 4238 ψαλ-

2195 4254 2422 4326 μῳδίας,
2455 4259 2520 4327 τῇ
2577 4259 2856 4330 προσευχῇ
2911 4258 3306 4328 στηριζόμεθα.
3371 4261 3624 4332 Ἔχοντες
3673 4263 3766 4317 οῦν

2193 4345 2290 4415 τὴν
2310 4346 2505 4417 ῥάϐδον
2527 4348 2620 4401 καὶ
2651 4349 2749 4419 τὴν
2774 4348 3080 4420 βακτηρίαν
3111 4351 3169 4402 ὲν
3189 4351 3333 4423 χειρὶ
3358 4353 3606 4424 πράξεως
3630 4354 3764 4420 νοὸς,

2199 4439 2275 4510 μὴ
2307 4439 2648 4512 παυσώμεθα
2710 4444 3058 4513 παιδεύοντες
3090 4446 3186 4500 καὶ
3211 4447 3583 4514 παιδεύεσθαι,
3613 4450 3767 4520 ἄχρις

2123 4533 2264 4626 Dav
2294 4535 2400 4589 ὑπὸ
2437 4534 2540 4608 τὴν
2593 4535 2854 4608 πρόνοιαν
2901 4537 3101 4602 ὁλικῶς
3135 4539 3443 4609 γενώμεθα,
3465 4539 3561 4612 τὴν
3591 4542 3768 4614 κρίσιν

2197 4629 2550 4699 ἐκφυγόντες,
2582 4629 2681 4701 τὴν
2709 4631 2804 4684 νῦν
2843 4632 2937 4685 καὶ
2967 4632 3080 4703 τὴν.
3099 4633 3422 4702 μέλλουσαν.

2272 4722 2357 4788 ιζ’.
2399 4724 2563 4778 Ἴδιον
2580 4724 2687 4777 τῶν
2707 4725 2960 4788 ἐντολῶν,
2981 4726 3039 4778 τὸ
3067 4727 3340 4798 προτιμᾷν
3367 4728 3453 4780 ἀεὶ
3492 4727 3588 4797 τὴν
3617 4745 3764 4797 περι⁹

2201 4816 2428 4887 εκτικὴν
2468 4816 2711 4887 ἐντολὴν,
2743 4818 2844 4889 τὴν
2877 4819 2974 4872 τοῦ
3005 4819 3143 4873 Θεοῦ
3177 4821 3421 4888 μνήμην,
3452 4818 3550 4888 τὴν
3585 4819 3763 4885 λέγον.

2205 4924 2327 4973 σαν,
2367 4907 2656 4980 Μνήσθητι
2694 4909 2900 4979 Κυρίου
2944 4909 3040 4965 τοῦ
3068 4910 3202 4964 Θεοῦ
3230 4927 3323 4964 σου
3357 4909 3668 4972 διαπαντὸς·
3697 4909 3765 4962 δι’

508 4997 784 5064 interitus,
845 5015 942 5069 per
999 5004 1139 5058 hanc
1191 5017 1242 5060 et
1279 5007 1428 5062 salus
1485 5007 1599 5062 ﬁeri
1629 5015 1829 5076 potest.
1883 5009 2088 5066 Oblivio

2201 4995 2270 5076 ἧς
2299 5001 2401 5073 γὰρ
2464 5000 2764 5067 ἀπώλοντο,
2824 5001 2913 5055 διά
2967 4996 3297 5071 ταύτης’καλ⁸
3323 5001 3658 5073 φυλαχθῆναι
3685 5001 3770 5053 δύ-

508 5093 652 5146 enim
687 5093 757 5149 ab
804 5095 964 5150 initio
1021 5101 1339 5154 ummoriam
1411 5099 1504 5153 Dei
1562 5101 1781 5166 delevit,
1841 5103 2097 5159 mandata

506 5186 852 5256 ublitterans,
873 5199 927 5244 et
951 5191 1030 5245 sic
1067 5192 1344 5248 hominem
1379 5195 1603 5250 omnino
1632 5196 1836 5250 nudum
1873 5198 2098 5256 detexit.

586 5368 671 5424 l8.
701 5368 956 5427 [Eubulus
1000 5374 1220 5428 virtutis
1253 5374 1466 5431 duobus
1510 5375 1799 5447 prmceptis
1853 5380 1920 5434 ad
1990 5383 2096 5451 pri-

514 5465 717 5518 etinam
751 5465 896 5518 redit
937 5466 1283 5538 dignitatem,
1317 5470 1528 5544 scilicet
1546 5470 1855 5529 obedientia
1884 5483 1940 5528 et
1974 5476 2072 5544 abs

2209 5109 2397 5147 νανται
2450 5093 2604 5164 Λήθη
2629 5092 2740 5165 γὰρ
2768 5093 2865 5165 τὴν
2895 5093 3045 5149 θιίαν
3074 5093 3134 5160 ἐξ
3164 5095 3339 5166 ἀρχῆς
3371 5095 3591 5166 μνήμην
3619 5091 3768 5146 ἀπώ-

2201 5202 2350 5268 λεσε,
2397 5201 2498 5266 τὰς
2551 5198 2775 5261 ἐντολάς
2822 5194 3242 5266 ἀμαυρώσασαλ
3279 5192 3373 5245 καὶ
3401 5187 3544 5243 οὕτω
3579 5186 3778 5258 γυμνὸν

2203 5297 2268 5350 ἐκ
2299 5295 2504 5358 παντὸς
2538 5291 2828 5363 ἄνθρωπον
2860 5287 3087 5353 ἔδειξεν.

2277 5396 2368 5460 ιη’.
2405 5388 2493 5442 Ἑν
2541 5386 2694 5440 δυσὶν
2752 5383 2992 5444 ἐντολαῖς
3011 5381 3061 5434 οἱ
3088 5377 3387 5449 ἀγωνισταὶ
3430 5375 3587 5429 πάλιν
3643 5370 3778 5442 πρὸς

2209 5485 2268 5537 τὸ
2304 5483 2534 5552 ἀρχαῖον
2581 5479 2800 5549 ἀξίωμα
2857 5477 3132 5548 ἔρχονται,
3164 5471 3231 5525 δι’
3267 5469 3509 5536 ὑπακοῆς
3542 5465 3635 5518 καὶ
3683 5479 3780 5532 νη-

512 5555 764 5622 tiuentia,
799 5573 924 5612 cum
953 5574 1016 5614 ex
1057 5560 1252 5614 barum
1286 5563 1583 5618 contrariis
1624 5577 1787 5619 omne
1812 5565 2015 5620 malutn
2052 5538 2088 5622 ii

2212 5573 2414 5635 στείας*
2449 5572 2514 5624 ἐκ
2546 5569 2655 5640 γὰρ
2709 5568 2820 5621 τῶν
2853 5566 3112 5620 ἐναντίων
3135 5563 3338 5616 τούτων
3370 5563 3401 5630 ἡ
3437 5558 3597 5612 κακία
3633 5558 3780 5610 πᾶσα

517 5650 827 5706 mortalium
875 5669 1046 5723 genus
1082 5653 1328 5710 irrucrit.
1362 5656 1428 5713 Et
1481 5659 1572 5728 qui
1609 5673 1708 5729 per
1740 5657 2107 5718 obedientiam

593 5833 610 5862 ³
642 5832 799 5888 Dcut.
825 5849 941 5901 vui,
980 5834 1065 5892 18.

2212 5665 2285 5732 τῷ
2327 5666 2473 5732 γένει
2527 5662 2632 5716 τῶν
2684 5660 2890 5731 βροτῶν
2951 5655 3259 5728 ἐπεισῆλθε.
3321 5655 3426 5707 Καὶ
3475 5652 3520 5702 οἱ
3571 5648 3669 5719 μὲν
3716 5647 3782 5701 δι’
