4020 6498
346 440 484 498 12ιό
1386 451 1652 512 CAPITA
1696 453 1845 512 PER
1892 451 2543 517 ACROSTICHIDEM.
3455 450 3593 512 13-55

321 574 569 645 ὑπακοῆς
601 576 700 638 τὰς
750 577 969 644 ἐντολὰς
1017 584 1401 650 φυλάττοντες,
1460 584 1596 654 πρὸς
1636 586 1729 638 τὸν
1768 585 1904 639 Θεὸν

2023 576 2252 628 nandata
2286 587 2504 631 servm"
2537 574 2706 630 citius
2739 575 2809 629 ad
2856 572 3023 629 Deum
3073 573 3322 639 adeunt;
3357 573 3446 641 qui
3499 590 3594 640 per

314 668 712 739 ἐπανέρχονται
737 672 1146 744 συντομώτερον
1170 691 1184 705 ’
1216 676 1268 727 οί
1296 675 1353 729 δὲ
1384 676 1472 730 διά
1496 670 1750 747 νηστείας
1804 680 1904 734 καὶ

2021 662 2399 717 abstinentiam
2425 671 2479 716 et
2510 662 2838 725 oralionem,
2877 661 3106 716 tardius.
3147 662 3466 715 Obedientia
3504 660 3590 713 in-

315 761 652 831 προσευχῆς,
712 762 1066 836 βραδύτερον.
1124 767 1238 819 Καὶ
1285 768 1448 840 ἡμὲν
1502 768 1719 840 ὑπακοὴ
1787 773 1903 835 τοῖς

2021 754 2365 821 εἰρίοιιιίὺιιε,
2402 754 2736 807 abstinentia
2775 751 2969 807 mediis
2997 752 3365 820 gnostieisque
3401 759 3457 804 et
3482 750 3591 803 for-

315 851 645 921 ἁρχομένοις
696 855 974 925 ἁρμόδιος,
1033 859 1068 928 ἡ
1096 858 1153 912 δὲ
1188 861 1411 929 νηστεία
1426 863 1539 926 τοῖς
1564 861 1773 931 μέσοις,
1809 863 1905 916 καὶ

2021 843 2158 898 libus
2201 845 2486 913 competit.
2512 844 2647 897 Nam
2674 859 2892 898 servare
2917 859 3014 913 per
3039 849 3303 910 praecepta
3331 842 3593 895 obedien-

316 945 668 1009 γνωστικοῖς,
720 946 817 1000 καὶ
851 948 1145 1018 ἀνδρείοις.
1178 951 1253 1004 Τὸ
1283 951 1392 1023 γὰρ
1420 954 1661 1024 τηρῆσαι
1687 955 1787 1026 τὴν
1814 955 1906 1009 διὰ

2021 934 2143 990 tiam
2166 935 2272 988 Deo
2290 950 2497 1001 veram,
2525 950 2690 1005 penes
2711 934 3070 1004 paucissimos
3092 942 3195 997 est,
3212 943 3268 988 et
3287 931 3421 1001 ipsis
3439 932 3591 986 forti-

313 1030 427 1084 τῶν
457 1032 692 1087 ἐντολῶν
740 1035 987 1106 ὑπακοὴν
1020 1038 1098 1109 τῷ
1124 1038 1244 1111 Θεῷ
1268 1041 1581 1108 ἀνόθευτον,
1607 1042 1730 1098 λίαν
1743 1024 1906 1099 ἐστὶν

2021 1025 2118 1081 bus
2137 1024 2536 1080 dillicillimum.

314 1122 543 1192 ὀλίγοις,
570 1128 666 1178 καὶ
696 1126 881 1191 αὐτοῖς
901 1131 1012 1193 τοῖς
1037 1131 1305 1201 ἀνδρείοις
1331 1133 1658 1205 ἐπίμοχθον.
1764 1168 1777 1185 ι

394 1212 484 1270 ιθ’.
513 1216 700 1286 Νόμος
728 1218 824 1272 τοῦ
845 1220 1161 1291 Πνεύματος
1189 1225 1287 1293 τῆς
1313 1224 1458 1296 ζωῆς
1483 1227 1623 1292 ἐστι,
1652 1227 1793 1282 κατά
1814 1229 1909 1284 τὸν

328 1308 677 1373 ’Δπόστολον,
703 1314 733 1364 ὁ
753 1313 813 1366 ἐν
836 1313 1036 1387 καρδὲᾳ
1063 1316 1305 1386 ἐνεργῶν
1344 1318 1442 1370 καὶ
1486 1318 1664 1373 λαλῶν
1683 1336 1695 1350 ’
1717 1319 1906 1391 ὥσπερ

314 1400 527 1455 καὶτοῦ
555 1401 906 1474 γράμματος,
930 1406 959 1458 ό
981 1407 1040 1458 ἐν
1079 1407 1246 1484 σαρκὶ
1294 1408 1692 1480 ἐνεργούμενος
1714 1426 1729 1441 ⁶
1763 1412 1907 1469 ἐκεῖ.

314 1510 406 1556 νος
430 1493 530 1564 μὲν
561 1495 673 1566 γάρ
734 1496 1014 1568 ἐλευθεροῖ
1044 1497 1139 1551 τὸν
1180 1499 1309 1554 νοῦν
1328 1503 1399 1575 ⁸ἐκ
1424 1500 1518 1554 τοῦ
1588 1503 1755 1574 νόμου
1802 1505 1907 1575 τῆς

313 1586 593 1655 ἁμαρτιας
646 1589 742 1642 καὶ
796 1589 893 1643 τοῦ
953 1590 1185 1644 θανάτου
1210 1608 1224 1622 ⁸
1284 1585 1441 1657 οὗτος
1498 1594 1557 1647 δέ
1603 1595 1907 1666 λεληθότως

313 1679 611 1749 Φαρισαῖον
666 1680 982 1753 ἐργάζεται,
1030 1683 1371 1752 σωματικῶς
1421 1684 1514 1739 τὸν
1537 1685 1702 1755 νόμον
1734 1688 1906 1743 ποιῶν

314 1766 413 1819 καὶ
440 1765 601 1830 νοῶν,
626 1769 723 1822 καὶ
775 1770 912 1839 πρὸς
932 1769 996 1822 τὸ
1030 1769 1292 1840 θεαθῆναι
1322 1771 1423 1836 τάς
1471 1773 1696 1840 ἐντολάς
1735 1777 1905 1847 ἐργα-

315 1857 569 1928 ζόμενος.

2084 1230 2176 1283 l9.
2206 1230 2458 1285 Custodit
2505 1230 2676 1299 legem
2725 1227 2965 1300 Spiritus
3004 1227 3148 1292 vitae,
3209 1225 3276 1281 de
3309 1240 3413 1293 qua
3445 1224 3594 1294 Apo-

2010 1322 2205 1388 stolus,
2237 1323 2328 1377 ille
2368 1323 2463 1392 qui
2493 1324 2659 1377 corde
2693 1322 2805 1397 agit
2838 1330 2895 1377 et
2934 1321 3209 1391 loquitur;
3243 1320 3379 1374 sicut
3415 1318 3589 1388 legem

2011 1412 2228 1478 litterat,
2260 1412 2353 1482 qui
2381 1428 2546 1466 carne
2592 1422 2874 1481 operatur.
2910 1412 3003 1466 ille
3058 1420 3295 1465 mentem
3330 1410 3523 1464 liberat
3553 1424 3585 1463 ιι

2009 1504 2126 1572 lege
2152 1504 2353 1573 peccati
2390 1514 2445 1558 et
2478 1505 2667 1559 mortis
2693 1519 2711 1571 ;
2754 1505 2863 1568 hic,
2906 1502 3214 1557 Pharisa‘us
3238 1502 3444 1555 inscius
3470 1501 3592 1553 imi—

2012 1606 2152 1662 tans,
2204 1595 2503 1650 carnaliter
2536 1595 2709 1665 legem
2754 1593 2886 1651 facit
2926 1606 2983 1650 et
3025 1594 3302 1665 intelligit,
3332 1604 3390 1648 et
3421 1602 3482 1648 ut
3507 1592 3591 1647 vi-

2007 1685 2201 1740 deatur
2240 1687 2491 1740 utandata
2530 1688 2788 1741 observat

387 1954 455 2003 κ’.
471 1950 583 2019 Τὴν
601 1950 791 2005 πασῶν
807 1952 916 2006 τῶν
937 1954 1167 2008 ἐντολῶν
1192 1957 1446 2023 σύνθεσιν
1464 1960 1904 2030 συναρμολογου-

2079 1967 2169 2020 9.0.
2203 1965 2468 2035 Equidem
2519 1965 2760 2018 omnium
2809 1964 3187 2018 mandatorum
3235 1975 3502 2031 compago
3533 1960 3586 2015 in

319 2040 506 2109 μένην,
544 2041 637 2093 καὶ
678 2041 1161 2113 συμόιὸαζομένην
1184 2045 1243 2098 ἐν
1282 2047 1579 2118 πνεύματι,
1613 2049 1905 2121 ἄνθρωπον

317 2125 458 2182 εἶναι
508 2129 730 2198 λέγουσι
768 2132 1002 2199 τέλειον,
1033 2133 1067 2205 ἢ
1102 2135 1272 2206 ἀτελῆ
1321 2138 1464 2191 κατά
1495 2138 1593 2209 τὴν
1620 2140 1907 2209 προκοπὴν

316 2220 626 2289 γινόμενον,
692 2224 788 2277 καὶ
816 2225 912 2288 τάς
962 2226 1206 2291 ἐντολὰς,
1241 2228 1319 2292 ὡς
1349 2229 1509 2298 σῶμα
1529 2246 1543 2261 ⁸
1573 2229 1671 2294 τάς
1696 2231 1742 2283 δ’
1774 2232 1905 2301 ἀρε·

315 2307 535 2370 τὰς,ὠς
580 2312 885 2383 ποιοτήτων
942 2313 1107 2380 ἔξεις,
1169 2317 1327 2370 ὀστᾶ·
1391 2318 1491 2389 τὴν
1530 2319 1588 2373 δὲ
1614 2320 1797 2391 χάριν,
1829 2321 1905 2384 ὡς

315 2397 494 2470 ψυχὴν
534 2399 737 2466 ζῶσαν,
775 2406 869 2457 καὶ
917 2408 1271 2479 κινουμένην,
1319 2410 1414 2464 καὶ
1458 2411 1791 2481 ἐνεργοῦσαν
1827 2412 1907 2478 ὡς

320 2491 484 2561 σῶμα
517 2494 614 2555 τάς
638 2494 749 2547 τῶν
774 2495 1004 2549 ἐντολῶν
1043 2499 1349 2569 ἐνεργείας.
1396 2501 1654 2570 Ἀμέλεια
1678 2503 1788 2574 γάρ
1809 2504 1905 2558 καὶ

321 2583 528 2654 σπουδὴ
585 2586 723 2656 πρὸς
786 2587 885 2651 τὰς
944 2589 1365 2660 μεθηλικιὼσεις
1404 2594 1662 2666 Χριστοῦ,
1685 2598 1903 2669 νήπιον,

319 2673 353 2744 ἢ
377 2675 583 2730 τέλειον
615 2677 879 2747 δείκνυσι,
912 2679 1008 2735 νῦν
1039 2699 1100 2735 τε
1124 2683 1219 2737 καὶ
1244 2684 1302 2738 ἐν
1326 2683 1401 2753 τῷ
1427 2684 1698 2752 μέλλοντι.

390 2806 498 2858 καθ.
542 2801 602 2856 '0
624 2802 686 2857 τὸ
712 2802 875 2874 σῶμα
901 2805 1010 2860 τῶν
1042 2807 1275 2861 ἐντολῶν
1317 2806 1552 2874 αὐξάναι
1599 2810 1789 2881 θέλων,
1847 2814 1909 2869 τὸ

320 2892 537 2963 λογικὸν
596 2895 694 2948 καὶ
750 2895 938 2951 ἄδολον
1000 2898 1145 2966 γάλα
1202 2898 1304 2970 τῆς
1358 2901 1635 2973 μητρικῆς
1685 2904 1908 2975 χάριτος

319 2984 610 3040 ἐπιποθείν
662 2988 1039 3052 σπουὼζέτωο
1076 2990 1289 3044 ἐκεῖθεν
1312 2990 1423 3062 γάρ
1449 2992 1909 3064 γαλουχοτροφεί-

319 3100 414 3137 ται
443 3085 554 3148 πᾶς
580 3087 608 3138 ό
641 3085 738 3155 τὴν
771 3086 830 3138 ἐν
866 3085 1090 3157 Χριστῷ
1129 3086 1333 3158 ζητῶν,
1359 3088 1455 3143 καὶ
1479 3088 1652 3143 θέλων
1674 3088 1907 3160 αὔξησιν

320 3176 645 3249 αὐξηθῆναι.
678 3178 825 3232 Γάλα
856 3179 958 3250 μὲν
989 3181 1126 3251 πρὸς
1157 3181 1388 3253 αὔξησιν
1417 3184 1451 3255 ἡ
1482 3182 1648 3252 σοφία
1701 3186 1763 3237 ἐκ
1797 3183 1905 3239 τῶν

2010 2058 2207 2128 spiritu
2267 2058 2590 2113 concinnata
2623 2066 2679 2111 et
2738 2066 3015 2125 coaptata,
3076 2065 3423 2123 comparatur
3469 2056 3590 2107 viro

2011 2150 2253 2221 perfecto
2291 2148 2576 2204 crescendi
2610 2148 2843 2216 amplius
2896 2148 3165 2216 incapaci.
3214 2145 3280 2200 Et
3331 2151 3587 2198 mandata

2009 2252 2139 2298 sunt
2185 2243 2328 2296 velut
2363 2256 2595 2309 corpus;
2635 2241 2861 2295 virtutes
2907 2252 3087 2293 autem
3135 2254 3231 2293 seu
3282 2238 3405 2291 boni
3437 2236 3590 2290 babi-

2011 2343 2119 2402 tus,
2151 2350 2274 2390 ossa
2308 2354 2321 2400 ;
2362 2334 2536 2403 gratia
2587 2335 2828 2399 demum,
2879 2334 3037 2401 quasi
3074 2332 3253 2385 anima
3294 2329 3580 2399 praeceptis

2010 2438 2072 2480 ut
2107 2427 2324 2495 corpori
2359 2426 2524 2480 vitam
2584 2434 2904 2493 motumque
2954 2432 3011 2480 et
3072 2432 3256 2476 actum
3291 2422 3603 2489 inspirans.

2010 2521 2082 2576 Ex
2121 2519 2331 2574 incuria
2362 2517 2508 2572 enim
2534 2516 2615 2571 vel
2644 2516 2923 2586 diligentia
2954 2514 3234 2569 crescendi
3262 2514 3314 2566 in
3348 2513 3594 2576 Christo,

2011 2611 2219 2681 parvuli
2248 2612 2334 2665 vel
2364 2608 2586 2679 perfecti
2608 2608 2948 2663 ostendimur
3002 2620 3148 2660 nunc
3205 2616 3261 2659 et
3296 2606 3348 2658 in
3387 2603 3568 2657 [utin-0

2082 2809 2177 2864 2|.
2217 2808 2619 2877 Przeceptorum
2649 2821 2846 2875 corpus
2871 2806 2965 2875 qui
3013 2818 3213 2875 augere
3247 2803 3381 2868 vult,
3423 2803 3595 2856 totiu-

2013 2902 2194 2956 nabile
2229 2903 2354 2958 sine
2387 2901 2513 2957 dolo
2560 2898 2647 2955 lac
2686 2899 2917 2953 nutricis
2964 2898 3155 2968 gratia:
3205 2896 3594 2963 concupiscere

2011 2994 2238 3050 lestinet
2275 3011 2289 3048 :
2333 2992 2459 3046 inde
2489 2991 2633 3045 enim
2680 2990 2910 3043 laetatur
2964 2987 3501 3057 quicunque,studet
3531 3000 3595 3042 ac

2012 3085 2208 3156 quaerit
2259 3094 2608 3154 augmentum
2645 3083 2851 3137 facere.
2904 3080 3041 3135 Nam
3087 3079 3178 3132 illa
3229 3079 3385 3146 quasi
3423 3077 3506 3131 lae
3534 3077 3589 3129 in

2013 3177 2194 3234 cibum
2233 3185 2287 3231 et
2318 3178 2557 3231 calorem
2610 3191 2678 3230 ex
2712 3175 2972 3229 uberibus
3018 3170 3346 3241 sapientiam
3401 3169 3590 3234 stillat,

322 3271 493 3342 αὐτῆς
523 3272 744 3342 μαστῶν
794 3272 891 3344 τὴν
924 3273 1136 3344 θέρμην
1177 3275 1394 3328 stam;-
1434 3275 1558 3347 μέλι
1611 3276 1670 3330 δέ
1699 3277 1908 3349 τροφῆς

2021 3270 2246 3340 etquasi
2281 3270 2385 3324 utel
2414 3271 2469 3324 in
2528 3268 2901 3340 purgatricetn
2931 3279 3112 3321 escam
3146 3264 3408 3334 perlectis
3440 3279 3590 3315 suam

320 3363 434 3424 τοῖς
459 3363 711 3428 τελείοις,
736 3364 835 3434 τὴν
854 3365 1055 3436 ἑαυτῆς
1078 3366 1420 3438 εὐφροσύνην
1436 3368 1574 3437 πρὸς
1605 3370 1904 3440 κάθαρσινο

322 3451 485 3519 Μέλι,
521 3455 678 3525 φησι,
723 3455 819 3508 καὶ
866 3455 1012 3524 γάλα
1054 3448 1161 3511 ὑπὸ
1188 3457 1291 3528 τὴν
1318 3458 1575 3526 γλῶσσάν
1601 3476 1718 3515 σου.
1762 3461 1908 3516 Γάλα

326 3546 427 3616 μὲν
474 3546 575 3617 τὴν
637 3547 942 3619 θρεπτικὴν
993 3549 1090 3602 καὶ
1138 3550 1461 3620 αὐξητικὴν,
1526 3551 1652 3618 μέλι
1699 3552 1758 3605 δὲ
1807 3552 1906 3623 τὴν

324 3637 666 3708 καθαρτικὴν
708 3638 803 3691 τοῦ
832 3638 1141 3710 πνεύματος
1166 3639 1397 3710 δύναμιν
1421 3644 1450 3693 ό
1489 3640 1744 3709 Σολομὼν
1772 3641 1907 3713 ἔφη.

324 3746 438 3782 σεν.
481 3726 543 3781 ’0
591 3729 650 3782 δὲ
716 3730 894 3798 μέγας
959 3728 1284 3793 Ἀπόστολος
1336 3731 1437 3800 τὴν
1483 3732 1753 3802 διαφοράν
1796 3731 1907 3786 τῶν

321 3822 613 3891 ἐνεργειῶν
663 3823 1056 3890 αἰνιττόμενος,
1092 3822 1301 3891 ἔλεγεν
1340 3842 1359 3875 ι
1399 3824 1487 3887 Ὠς
1511 3826 1737 3896 νηπίους
1769 3825 1911 3892 γάλα

314 3913 463 3981 ὑμᾶς
485 3913 733 3976 ἐπότισα,
768 3915 858 3966 καὶ
887 3915 950 3966 οὑ
991 3913 1207 3984 βρῶμα.
1245 3934 1267 3967 ι

389 4024 493 4096 κβί.
553 4022 760 4091 Λόγους
799 4019 1051 4083 ἐντολῶν,
1083 4020 1112 4073 ό
1148 4018 1321 4090 χωρὶς
1353 4015 1588 4072 ἐντολῶν
1609 4013 1908 4085 ἐπιζητῶν,

316 4118 415 4172 καὶ
434 4116 525 4170 διὰ
557 4114 871 4187 μαθήσεως,
905 4112 940 4185 ἢ
967 4110 1331 4179 ἀναγνώσεως
1394 4107 1678 4163 ἐπιποθῶν
1729 4106 1912 4178 εὑρεῖν

317 4209 503 4278 ὅμοιός
543 4209 660 4259 ἐστι
690 4205 764 4276 τῷ
794 4206 954 4259 σκιὰν
1011 4202 1133 4256 ἀντὶ
1186 4200 1448 4270 ἀληθείας
1479 4197 1908 4268 φανταζομένῳ·

318 4301 371 4354 οἱ
425 4299 574 4366 λόγοι
631 4294 740 4364 γὰρ
778 4295 879 4364 τῆς
926 4290 1187 4362 ἀληθείας
1232 4291 1292 4342 ἐν
1345 4290 1460 4352 τοῖς
1501 4287 1604 4357 τῆς
1652 4286 1914 4356 ἀληθείας

326 4391 573 4462 μετόχοις
622 4389 965 4458 μετέχονται,
992 4383 1125 4438 οίδέ
1179 4382 1281 4453 τῆς
1325 4380 1590 4451 ἀληθείας
1650 4378 1912 4450 ἀμέτοχοι

324 4485 421 4540 καὶ
477 4482 710 4553 ἀμύητοι
738 4522 753 4546 ,
802 4478 996 4547 λόγους
1046 4474 1456 4548 ἐπιζητοῦντες,
1525 4472 1653 4536 τοὺς
1695 4475 1760 4525 ἐκ
1815 4472 1914 4540 τῆς

328 4575 709 4649 μωρανθείσης
767 4572 961 4641 σοφίας
1017 4569 1357 4642 εὑρίσκουσι,
1400 4566 1493 4631 οὓς
1526 4567 1620 4620 κα)⁵
1651 4564 1916 4636 ψυχικοὺς

2016 3366 2110 3419 dat
2156 3364 2508 3431 sapientiam,
2559 3361 2705 3417 sicut
2739 3359 3002 3428 scriptmn
3035 3367 3117 3413 est
3152 3374 3169 3413 :
3212 3375 3232 3409 ι
3281 3356 3382 3425 Mel
3434 3364 3488 3408 et
3506 3353 3594 3409 lac

2014 3454 2117 3509 sub
2153 3455 2333 3524 lingua
2369 3466 2480 3508 tua.
2514 3472 2533 3505 ι
2560 3451 2628 3506 Et
2673 3451 2894 3521 quidem
2930 3451 3073 3505 lacte
3110 3449 3391 3503 nutritiam
3416 3458 3470 3500 et
3498 3463 3594 3501 au-

2014 3546 2270 3609 ctrieem,
2329 3545 2489 3601 melle
2543 3558 2673 3609 vero
2728 3543 3009 3615 puriﬁcam
3075 3540 3311 3611 Spiritus
3340 3539 3591 3594 virtutem

2015 3638 2272 3693 Salomon
2294 3636 2644 3706 signiﬁcavit.
2678 3637 2904 3705 Magnus
2932 3642 3116 3689 autem
3154 3632 3443 3701 Apostolus
3463 3645 3595 3700 ope-

2013 3729 2288 3781 rationunt
2356 3727 2731 3781 diversitatem
2784 3727 3037 3790 iuuucns,
3081 3726 3208 3780 ait:
3252 3743 3267 3775 ι
3311 3722 3588 3792 Tanquam

2015 3817 2256 3889 parvulis
2287 3818 2373 3873 lae
2403 3819 2553 3874 vobis
2585 3831 2769 3888 petum
2813 3817 2961 3880 dedi,
2992 3832 3100 3872 nou
3128 3829 3307 3871 escam
3347 3815 3389 3868 ³.
3427 3834 3446 3866 ι

2084 4023 2177 4078 22.
2228 4023 2407 4078 Trans
2456 4024 2708 4077 mandata
2742 4021 2832 4088 qui
2885 4036 3166 4076 sermones
3215 4021 3593 4075 mandatorum

2016 4116 2281 4185 quaeritet
2296 4130 2391 4184 per
2409 4115 2695 4169 scientiam
2714 4123 2804 4167 aut
2821 4113 3108 4168 lectionem
3130 4112 3371 4165 invenire
3388 4112 3592 4176 studet,

2017 4207 2214 4262 similis
2235 4214 2317 4261 est
2339 4206 2457 4278 ejus
2473 4205 2569 4275 qui
2608 4205 2856 4259 ntnbram
2885 4220 2984 4273 pro
3006 4203 3236 4258 veritate
3264 4205 3592 4258 somniatur.

2020 4300 2314 4357 Sermones
2356 4301 2504 4357 enim
2537 4302 2799 4356 veritates
2844 4299 3010 4355 habet
3040 4298 3288 4354 veritatis
3336 4310 3594 4364 compos;

2019 4394 2266 4449 veritatis
2322 4404 2503 4448 autem
2533 4403 2789 4463 expertes
2821 4402 2878 4448 et
2922 4391 3133 4462 ignari,
3172 4406 3450 4446 sermones
3480 4389 3597 4458 ejus

2020 4483 2367 4557 inquirendo,
2398 4499 2679 4539 sermones
2714 4484 2897 4538 stulta:
2947 4484 3231 4551 sapientiae
3276 4481 3596 4549 reperiunt:

2019 4591 2159 4645 quos
2196 4574 2486 4644 Apostolus
2513 4574 2776 4627 animales
2806 4573 3042 4635 vocavit,
3088 4572 3338 4641 spiritum
3366 4585 3473 4624 non
3501 4569 3596 4622 Ita-

325 4669 588 4723 ἐκάλεσεν
617 4667 645 4719 ό
678 4663 1023 4731 Ἀπόστολος,
1090 4659 1310 4731 πνεῦμα
1341 4658 1417 4731 μὴ
1442 4657 1689 4729 ἔχοντας,
1714 4656 1820 4711 κᾶν
1849 4657 1911 4726 τῇ

2025 4666 2238 4732 bentes,
2278 4667 2405 4722 licet
2438 4666 2669 4722 veritate
2694 4664 3032 4733 superbiant.

326 4758 559 4831 ἀληθείᾳ
578 4756 975 4828 σεμνύνωνται.
1077 4810 1080 4814 ,
1374 4804 1379 4807 ,
1560 4792 1569 4797 .

403 4855 509 4922 κγ’.
534 4854 749 4922 Ὥσπερ
778 4851 808 4903 ό
846 4846 1103 4917 αἰσθητὸς
1159 4842 1441 4913 ὀφθαλμὸς
1492 4844 1573 4905 είς
1595 4838 1658 4893 τὸ
1685 4838 1921 4909 γράμμα

330 4947 533 5016 ἀφορᾷ,
583 4944 676 4997 καὶ
707 4944 772 4995 ἐκ
806 4937 901 4994 τοῦ
925 4937 1257 5009 γράμματος
1283 4933 1559 5004 λαμϐάνει
1590 4930 1657 4984 τά
1687 4929 1922 5000 αἰσθητά

331 5042 603 5107 νοήματα,
644 5028 1018 5094 οὖτωςόνοῢς
1076 5028 1205 5081 ὅταν
1259 5024 1530 5095 καθαρθῇ,
1595 5022 1692 5076 καὶ
1736 5023 1817 5083 εἰς
1861 5020 1923 5075 τὺ

338 5134 567 5201 ἀρχαῖον
637 5123 908 5193 ἐπανέλθῃ
964 5120 1204 5189 ἀξίωμα,
1262 5119 1343 5180 εἰς
1370 5116 1505 5169 Θεὸν
1570 5115 1695 5186 ὁρᾷ,
1739 5116 1834 5166 καὶ
1863 5113 1926 5178 ἐξ

344 5222 511 5278 αὑτοῦ
572 5218 841 5289 λαμΰάνει
861 5214 929 5267 τὰ
959 5212 1080 5266 θεῖα
1108 5209 1359 5280 νοήματα
1379 5224 1393 5239 ·
1427 5208 1522 5261 καὶ
1550 5206 1674 5262 ἀντὶ
1701 5206 1801 5275 μὲν
1841 5205 1924 5276 βί-

347 5318 477 5369 ϐλου
515 5317 625 5383 ἔχει
657 5312 719 5364 τὸ
751 5308 987 5378 πνεῦμα,
1016 5305 1139 5361 ἀντὶ
1159 5304 1215 5359 δὲ
1251 5303 1521 5371 καλάμου,
1548 5300 1646 5371 τὴν
1687 5299 1931 5353 διάνοιαν

351 5410 448 5462 καὶ
485 5408 585 5474 τὴν
616 5404 889 5472 γλῶσσαν·
935 5400 1001 5452 Ἢ
1048 5397 1271 5469 γλῶσσά
1301 5413 1428 5467 μου,
1470 5395 1628 5465 φησὶ,
1661 5392 1905 5462 κάλαμος

344 5507 408 5558 τὸ
437 5505 554 5573 φῶς
584 5505 662 5570 δέ,
714 5505 837 5558 ἀντὶ
896 5506 1123 5576 μέλανος
1150 5523 1164 5537 ν
1218 5507 1516 5576 ἐμϐάπτων
1556 5506 1649 5561 οὖν
1686 5508 1786 5576 τὴν
1812 5510 1927 5564 διά-

345 5612 496 5650 νοιαν
523 5599 581 5648 ἐν
610 5596 689 5667 τῷ
741 5599 904 5666 φωτὶ,
968 5601 1063 5652 καὶ
1121 5598 1236 5669 φῶς
1294 5599 1598 5665 ἀποτελῶν,
1631 5602 1926 5674 διαγράφει

346 5691 473 5752 τοὺς
540 5689 732 5759 λόγους
766 5693 823 5743 ἐν
873 5692 1144 5762 πιεύματι
1197 5696 1255 5746 ἐν
1298 5696 1414 5757 Li;
1466 5696 1576 5751 τῶν
1616 5696 1926 5751 ἀκουόντων

422 5863 485 5917 ³1
514 5865 637 5918 Cor.
671 5880 749 5930 ut,
773 5867 825 5925 2.
908 5868 923 5896 δ
954 5865 1074 5923 Psal
1114 5881 1256 5932 xciv,
1289 5867 1341 5924 Ξ.

2014 4890 2017 4893 ν
2097 4861 2190 4916 25.
2218 4861 2520 4931 lnspiriens
2541 4859 2839 4914 materialis
2865 4858 3053 4914 oculus
3073 4859 3310 4913 litteram
3328 4872 3394 4912 ex
3419 4858 3598 4913 littera

2027 4957 2312 5010 sensuales
2343 4955 2579 5008 desumit
2601 4954 2957 5022 cogitationes
2991 4968 3007 5005 :
3044 4953 3282 5020 itemque
3316 4950 3599 5019 purilieala

2025 5063 2184 5103 meus
2229 5058 2281 5101 et
2314 5047 2558 5116 ptistitta:
2589 5046 2839 5099 restituta
2878 5043 3152 5113 dignitati,
3190 5045 3353 5098 Deum
3389 5045 3601 5098 intuens

2023 5156 2085 5196 ex
2111 5156 2178 5195 eo
2198 5141 2560 5208 cogitationes
2580 5138 2780 5207 accipit
2810 5136 3026 5191 divinas
3050 5150 3069 5204 ;
3093 5146 3147 5191 et
3165 5153 3263 5207 pro
3282 5137 3418 5191 libro
3439 5137 3599 5191 liabet

2023 5233 2300 5302 spiritum,
2335 5246 2432 5299 pro
2464 5231 2674 5282 calamo
2730 5229 3065 5284 intellectum
3091 5238 3143 5281 et
3170 5229 3432 5297 linguam,
3459 5228 3600 5280 sicut

2025 5325 2287 5392 scriptum
2307 5332 2390 5375 est
2416 5337 2431 5374 ι
2458 5338 2476 5372 ι
2507 5320 2711 5388 Lingua
2743 5336 2859 5373 mea
2879 5321 3123 5374 calamus
3138 5321 3181 5381 ⁸,
3208 5337 3228 5369 ι
3248 5329 3303 5371 et
3335 5333 3433 5382 pro
3453 5327 3598 5371 atra-

2028 5427 2212 5469 mento
2268 5416 2470 5468 lumen.
2534 5413 2872 5466 Intellectum
2922 5412 3085 5480 igitur
3162 5410 3491 5479 immergens
3541 5413 3596 5465 in

2026 5507 2253 5571 lumine,
2279 5519 2336 5561 et
2380 5507 2618 5560 Incidunt
2651 5506 2916 5573 elliriens,
2948 5518 3231 5559 sermones
3260 5505 3451 5557 scribit
3484 5504 3599 5571 spi-

2024 5602 2250 5655 rituales
2282 5601 2335 5653 in
2370 5600 2518 5668 puris
2548 5598 2883 5654 audientium
2911 5596 3189 5651 cordibus.
3219 5594 3371 5649 'l‘uue
3430 5612 3600 5664 agno-

2022 5693 2128 5748 scit
2162 5693 2306 5765 quod
2353 5692 2559 5748 dictum
2591 5701 2697 5758 est,
2735 5691 3005 5759 quomodo
3051 5689 3234 5743 ﬁdeles
3278 5687 3440 5744 lutut‘i
3492 5691 3601 5746 sint
