4020 6488
270 440 294 505 1
306 441 410 505 253

1316 446 1588 509 CAPITA
1637 450 1789 510 PER
1828 451 2488 527 ACROSTICHIDEM.

3388 472 3521 538 125i.

255 568 484 639 ἀστέρος
547 569 793 638 διαφέρει
824 568 885 621 ὲν
915 566 1062 639 δόξῃ,
1098 565 1282 630 καθώς
1314 583 1480 637 φησιν
1506 567 1534 619 ὁ
1576 567 1837 620 Ἀποστο-

1953 576 2128 632 ιΙὶΙῘνιι
2167 580 2435 649 claritate,
2490 592 2547 637 ut
2577 583 2652 637 ait
2703 583 3049 654 Apostolus“,
3086 586 3209 642 licet
3251 601 3438 642 Omnes
3467 591 3520 643 in

260 662 376 725 λος,
442 661 498 714 εἰ
553 660 651 714 καὶ
698 661 902 724 πᾶντες
944 663 1003 713 ἐν
1055 659 1139 713 ἐνὶ
1171 658 1303 729 θείῳ
1339 657 1677 731 στερεώματι
1701 661 1811 730 λάμ

255 769 475 807 πουσιν.

332 848 436 912 με’.
499 840 782 909 Ἀγγέλοις
832 841 1139 911 ὁμοδίαιτος
1188 843 1403 911 γίνεται
1440 842 1618 913 βραχύ
1641 859 1719 907 τι,
1753 844 1845 894 καὶ

254 932 578 1003 ἀσώματος,
599 934 675 998 ὡς
701 934 981 1007 ἄφθαρτος
1008 937 1036 988 ὁ
1057 935 1148 989 τὸν
1176 936 1277 1006 μὲν
1305 934 1435 988 νοῦν
1470 935 1560 989 διά
1590 934 1837 1006 δακρύωι

256 1028 528 1098 καθάρας,
593 1027 695 1098 τὴν
745 1029 805 1082 δὲ
851 1028 1051 1099 ψυχὴν,
1105 1030 1423 1101 ἀναστήσας
1464 1028 1719 1083 ἐντεῦθεν
1765 1029 1844 1099 τῷ

258 1120 565 1190 πνεύματι,
597 1121 696 1190 τὴν
724 1122 784 1176 δὲ
848 1122 1028 1193 σάρκα
1043 1122 1122 1193 τῷ
1156 1122 1302 1193 λόγῳ
1332 1121 1625 1190 φωτοειδές
1667 1139 1727 1175 τε
1751 1123 1846 1182 καὶ

256 1214 489 1282 πύρινον
540 1211 768 1283 ἄγαλμα
824 1213 975 1278 θείας
1028 1214 1369 1285 ὼραιᾶτητος
1424 1213 1797 1283 ποιησάμενος
1826 1252 1842 1276 ,

253 1302 353 1356 τὸν
385 1302 549 1371 φύσει
603 1303 831 1374 πήλινον
859 1304 1157 1377 ἀνδριάντα
1186 1304 1412 1361 ἑαυτοῦ·
1444 1306 1603 1377 εἰπερ
1632 1307 1846 1376 ἀφθαρ-

258 1394 351 1447 σία
412 1394 531 1447 ἐστὶ
598 1397 889 1466 σωμάτων,
944 1398 1137 1469 χυμῶν
1162 1397 1408 1468 ἔκλειψις
1458 1399 1554 1452 καὶ
1595 1400 1845 1469 παχυτή-

253 1505 386 1545 των.

331 1587 452 1652 μςθ.
499 1583 692 1653 Γήῖνον
722 1582 879 1637 ἔσται
910 1582 972 1636 τὸ
1006 1582 1168 1654 σῶμα
1197 1582 1298 1653 τῆς
1320 1582 1652 1654 ἀφθαρσίας,
1674 1583 1846 1653 χωρὶς

255 1674 450 1743 χυμῶν
502 1677 598 1726 καὶ⁵
649 1673 963 1745 παχύτητος
985 1715 1001 1740 ,
1057 1676 1527 1745 μεταποιούμενον
1586 1676 1843 1747 ἀρῤήτως

257 1770 368 1822 ἀπὸ
398 1768 494 1823 τοῦ
545 1770 778 1842 ψυχικοῦ
826 1773 908 1834 εἰς
939 1773 1100 1843 σῶμα
1139 1754 1528 1843 πνευματικὸν,
1562 1774 1636 1837 ὡς
1703 1770 1845 1826 εἶναι

263 1862 360 1914 καὶ
379 1861 586 1931 χοῖκὸν,
613 1863 710 1917 καὶ
735 1864 987 1934 οὐράνιον
1024 1867 1091 1936 τῇ
1116 1865 1216 1936 τῆς
1240 1865 1505 1930 θεοειδίας
1529 1866 1841 1936 λεπτότητι’

260 1947 375 2006 οἷον
409 1954 520 2024 γάρ
558 1955 807 2026 ἐπλάσθη
852 1958 911 2022 ἐξ
955 1959 1154 2027 ἀρχῆς,
1206 1958 1448 2012 τοιοῦτον
1481 1960 1576 2011 καὶ
1610 1960 1846 2027 ἀναστή-

259 2059 445 2102 σεται..
488 2044 576 2098 ἳνα
663 2046 992 2117 σύμμορφον
1032 2049 1135 2119 τῆς
1196 2051 1403 2113 εἰκόνος
1451 2051 1549 2104 τοῦ
1591 2051 1706 2104 υἰοῦ
1748 2049 1844 2103 τοῦ

257 2131 574 2203 ἀνθρώπου,
614 2135 756 2190 κατά
779 2138 880 2209 τὴν
934 2139 1232 2213 ὁλόκληρον
1284 2142 1383 2211 τῆς
1427 2140 1674 2205 θεώσεως
1714 2141 1846 2211 μέθ-

254 2226 393 2291 εξιν.

332 2318 444 2386 με’.
506 2318 585 2388 Γῆ
665 2319 892 2392 πραέων
954 2321 1107 2375 ἐστὶν
1169 2323 1204 2392 ἡ
1282 2322 1529 2392 βασιλεία
1588 2324 1699 2377 τῶν
1754 2325 1847 2379 οὒ-

251 2409 581 2482 ρανῶν,ἢὴ
630 2411 928 2485 θεανδρικὴ
986 2414 1081 2468 τοῦ
1134 2414 1255 2469 υἰοῦ
1307 2415 1443 2483 ἕξις,
1506 2419 1585 2480 εἰς
1645 2418 1713 2488 ἢν
1748 2418 1841 2488 βε-

253 2503 514 2573 ϐήκαμεν
542 2544 558 2571 ,
607 2505 641 2575 ἢ
689 2506 1071 2578 ὲπιϐαίνομεν,
1126 2508 1227 2578 τὴν
1265 2508 1324 2562 ἐν
1349 2511 1532 2581 χάριτι
1588 2511 1844 2581 γέννησιν

251 2593 359 2663 τῆς
416 2594 715 2660 υἱοθεσίας,
771 2596 867 2651 καὶ
893 2596 993 2669 τὴν
1026 2598 1117 2653 διὰ
1152 2598 1253 2668 τῆς
1283 2601 1636 2665 ἀναστάσεως
1660 2603 1840 2656 καινός

251 2701 396 2756 τητα
426 2686 736 2757 εἰληφότες·
786 2689 822 2760 ἢ
856 2690 1040 2755 πάλιν,
1071 2690 1144 2762 γῆ
1172 2692 1306 2760 ἀγία
1336 2693 1485 2746 ἐστὶν
1512 2696 1546 2763 ἡ
1578 2695 1841 2748 θεωθείσα

252 2776 442 2846 φύσις,
488 2777 523 2849 ἢ
569 2779 735 2851 τυχὸν
797 2782 893 2835 καὶ
956 2782 1293 2853 καθαρθείσα
1346 2786 1422 2853 γῆ
1476 2785 1640 2856 αὕτη,
1704 2788 1842 2857 πρὸς

245 2872 489 2941 γεηροὺς
557 2871 681 2926 κατ’
726 2874 888 2942 ἀξίαν
951 2876 1315 2950 τοιούτουςοῆ
1364 2879 1486 2933 κατ’
1516 2879 1685 2950 ἀλλην
1719 2880 1843 2934 ἐπί-

249 2981 410 3018 νοιαν
439 2982 455 2997 ·
513 2965 585 3037 γῆ
646 2968 1276 3041 κατακληρονομουμένη
1332 2972 1450 3025 ἐστὶ
1505 2975 1617 3037 τοῖς
1673 2972 1844 3037 ὄντως

247 3057 434 3125 ἁγίοις
481 3060 515 3130 ἡ
562 3060 879 3131 ἀκύμαντος
924 3063 1026 3133 τῆς
1079 3064 1222 3134 ὑπὲρ
1271 3066 1399 3117 νοῦν
1448 3067 1675 3135 εἰρήνης
1720 3065 1842 3119 θεία

1945 687 2056 727 uno
2089 671 2327 743 fulgeant
2353 676 2536 730 divino
2572 676 2934 732 firmamento.

2022 852 2116 908 45.
2153 853 2393 911 Mutatur
2416 856 2531 911 fere
2556 856 2608 911 in
2646 858 2895 926 angelum
2933 859 3314 928 incorporeum
3347 868 3401 914 et
3433 860 3519 913 iu-

1943 946 2401 1032 corruptibilem,
2483 950 2577 1020 qui
2636 959 2870 1006 mentem
2934 951 3186 1022 lacrymis
3241 967 3520 1023 purgans,

1947 1045 2297 1112 animamque
2322 1043 2434 1111 jam
2471 1059 2617 1097 nunc
2645 1044 2866 1115 spiritu,
2903 1057 3123 1100 carnem
3148 1059 3281 1099 vero
3307 1047 3516 1099 ratione

1944 1136 2184 1207 erigens,
2210 1137 2261 1190 in
2303 1135 2641 1207 splendidam
2676 1139 2998 1208 igneamque
3044 1137 3245 1193 divinat,
3275 1136 3521 1206 pulchri-

1946 1229 2153 1285 tudinis
2213 1229 2508 1299 imaginem
2546 1231 2813 1285 convertit
2863 1245 3018 1286 suam
3078 1229 3382 1284 naturalem
3435 1231 3519 1282 lu-

1948 1331 2198 1393 teamque
2261 1323 2491 1378 formam
2529 1340 2548 1378 :
2575 1324 2839 1392 siquidem
2886 1323 3220 1391 incorruptio
3271 1323 3519 1392 corporis
3568 1311 3583 1327 ⁸

1945 1424 2028 1470 est
2060 1415 2309 1472 defectus
2336 1416 2627 1471 bumorum
2682 1425 2735 1469 et
2758 1415 3165 1471 crassitudinis.

2018 1599 2114 1656 46.
2172 1598 2602 1669 Incorruptionis
2665 1613 2862 1670 corpus
2913 1600 3018 1654 erit
3063 1608 3364 1662 terrenum,
3427 1597 3523 1653 sed

1944 1696 2150 1761 absque
2223 1693 2543 1746 lmmoribus
2600 1701 2656 1748 et
2709 1693 3100 1753 crassitudine,
3173 1688 3523 1745 inelfabilitcr

1948 1787 2393 1842 transformatntu
2426 1786 2494 1840 ab
2542 1785 2760 1839 animali
2794 1784 2847 1838 in
2881 1785 3134 1854 spiritale
3175 1797 3372 1849 corpus
3400 1797 3418 1836 :
3449 1782 3521 1835 ita

1951 1892 2010 1935 ιιι
2041 1883 2111 1937 sit
2147 1890 2406 1936 terrestre
2440 1880 2605 1934 simul
2638 1895 2698 1934 ac
2727 1879 2974 1942 cmleste,
2998 1886 3053 1930 et
3084 1875 3389 1929 subtilitate
3416 1874 3526 1929 Deo

1956 1973 2155 2028 simile.
2198 1971 2371 2038 Quale
2419 1973 2562 2024 enim
2627 1971 2877 2038 primitus
2938 1977 3181 2022 creatum
3240 1973 3353 2032 est,
3416 1963 3524 2017 talo

1954 2074 2222 2134 resurget,
2292 2073 2350 2117 ul
2408 2061 2777 2129 Conliguretur
2814 2060 3037 2131 imagini
3106 2056 3227 2112 Filii
3266 2055 3523 2119 hominis,

1953 2154 2160 2212 deiﬁca:
2194 2155 2414 2211 omnino
2454 2168 2681 2210 consors
2706 2152 2913 2224 glorim.

2023 2337 2114 2393 47.
2147 2337 2348 2391 Sancta
2381 2334 2592 2390 milium
2623 2343 2768 2388 terra
2824 2341 2908 2388 est
2960 2345 3184 2400 regnum
3235 2329 3525 2389 caelorum,

1953 2444 2045 2484 seu
2081 2429 2272 2483 dcilica
2303 2428 2491 2484 liliatio
2519 2442 2680 2496 quam
2711 2427 2889 2493 adepti
2914 2425 2993 2478 vel
3031 2423 3278 2492 adepturi
3311 2434 3523 2480 sumus,

1952 2522 2125 2590 gratia
2160 2519 2471 2587 regenerati
2521 2527 2575 2573 et
2609 2518 2875 2585 adoptati.
2899 2526 2953 2570 et
3007 2513 3406 2568 resurrectione
3441 2512 3527 2565 in-

1952 2615 2203 2671 stanrati.
2227 2612 2318 2665 Vel
2338 2611 2515 2664 adhuc
2538 2618 2680 2664 terra
2711 2618 2897 2662 sancta
2920 2614 3005 2659 est
3034 2614 3220 2658 natura
3251 2603 3525 2665 deilicata,

1953 2717 2046 2761 aut
2105 2708 2286 2760 forsan
2345 2713 2489 2758 terra
2558 2701 2673 2756 hate
2718 2698 3002 2770 pttrilicata
3065 2713 3162 2766 pro
3224 2695 3423 2749 incolis
3459 2696 3526 2747 ad

1955 2808 2158 2853 tantam
2203 2797 2519 2866 dignitatem
2572 2792 2861 2862 promotis.
2897 2787 2993 2844 Vel
3029 2789 3135 2843 alio
3164 2803 3347 2853 sensu,
3382 2794 3525 2840 terra

1953 2907 2079 2945 vere
2148 2891 2355 2943 sanctis
2437 2893 2755 2946 reservata,
2813 2892 2902 2938 est
2957 2877 3529 2948 incomprehensibilis

1952 2984 2222 3041 securitas
2251 2993 2306 3037 et
2337 2981 2523 3034 divina
2559 2995 2684 3047 pas.
2713 2976 2767 3031 in
2802 2991 2905 3043 qua
2948 2975 3215 3044 iustorum
3248 2970 3530 3042 generatio

1952 3076 2331 3134 collocabitur.
2361 3073 2510 3126 nullo
2545 3083 2813 3123 creaturae
2844 3067 3078 3120 tumultu
3136 3063 3530 3127 perturbemda,

250 3150 497 3222 γαλήνη,
530 3148 614 3212 εἰς
645 3146 715 3219 ἢν
745 3145 781 3217 ή
820 3143 991 3216 γενεά
1017 3142 1130 3197 τῶν
1153 3140 1358 3197 εὐθέων
1383 3145 1890 3213 κατῳκισθήσεται,
1924 3145 2154 3216 μηδενὸς
2180 3146 2289 3197 τῶν
2317 3148 2377 3199 ὲν
2406 3149 2521 3212 τοῖς
2554 3143 2676 3201 οὖσι
2716 3146 3205 3223 περηιὸομδοῦντος,
3240 3145 3274 3217 ἢ
3305 3148 3521 3201 σαίνον-

253 3266 353 3312 τος
378 3246 601 3310 αὐτούς.

325 3323 440 3394 pq’.
483 3322 852 3391 Ἐπαγγελίας
904 3322 979 3392 γῆ
1012 3322 1249 3394 ἔστιν,ή
1300 3320 1564 3388 ἀπάθεια,
1602 3320 1725 3374 καθ’
1769 3319 1837 3392 ἢν

242 3414 547 3479 ἀναϐλύζει
598 3415 720 3485 μέλι
780 3415 875 3468 καὶ
924 3414 1091 3483 γάλα,
1125 3417 1160 3487 ἡ
1202 3415 1515 3487 εὐφροσύνη
1551 3415 1647 3470 τοῦ
1673 3413 1833 3469 πνεύ-

247 3527 449 3580 ματος.

328 3600 437 3670 μθν.
502 3599 678 3667 Λόγον
708 3599 757 3652 οἱ
796 3597 945 3667 ἅγιοι
976 3599 1034 3651 ἐν
1083 3597 1340 3669 ἀλλήλοις
1369 3598 1429 3653 ἐν
1473 3598 1554 3670 τῷ
1590 3599 1839 3670 μέλλοντι

245 3691 586 3762 φθέγγονται
608 3690 883 3757 μυστικῶς
910 3690 1002 3744 τὸν
1048 3689 1378 3754 ἐνδιάθετον,
1409 3691 1468 3743 ὲν
1506 3691 1648 3760 ἁγίῳ
1670 3690 1809 3744 Πνεύ

250 3800 393 3856 μοιτι
428 3780 678 3849 ἐκφωνού
687 3799 871 3850 μενον.

324 3881 388 3930 ν’.
429 3874 558 3928 Ἐὰν
614 3875 689 3945 μὴ
731 3874 950 3946 γνῶμεν
986 3874 1132 3938 οἴους
1161 3876 1313 3945 ἡμᾶς
1337 3875 1596 3946 ἐποίησεν
1626 3876 1656 3929 ὁ
1685 3875 1840 3943 Θεὸς,

245 3968 356 4022 οὐκ
378 3966 802 4037 ὲπιγνωσὸμεθα
823 3967 968 4031 οἴους
991 3966 1247 4037 ἐποίησεν
1277 3969 1310 4037 ἡ
1341 3966 1608 4039 ἁμαρτία.

326 4068 432 4116 να’.
488 4056 629 4115 Ἶσοι
680 4061 822 4114 κατά
868 4060 968 4132 τὴν
1023 4060 1242 4131 ἡλικίαν
1294 4061 1433 4114 εἰσιν
1454 4062 1513 4115 ὲν
1545 4062 1841 4132 πνεύματι,

253 4161 376 4214 ὅσοι
406 4157 467 4210 τὸ
495 4158 774 4228 πλήρωμα
823 4156 924 4226 τῆς
953 4155 1049 4209 τοῦ
1101 4152 1340 4226 Χριστοῦ
1377 4153 1720 4226 τελειότητος
1746 4157 1844 4210 ἀπ’

249 4249 510 4306 ἐντεῦθεν
531 4249 838 4319 εἰλήφασιν.

332 4341 432 4411 νβ’.
466 4335 571 4392 ’Ὧν
596 4339 644 4392 οἰ
679 4338 854 4398 πόνοι,
884 4334 1092 4389 τούτων
1121 4337 1177 4389 αἰ
1210 4336 1457 4407 ἀμοιϐαίο
1485 4336 1547 4390 τὸ
1574 4335 1739 4391 ποσὸν
1760 4336 1842 4402 δὲ,

253 4433 383 4505 ἦτὸ
437 4433 626 4494 ποιδν,
684 4428 932 4482 τουτέστι
984 4427 1045 4480 τὸ
1097 4429 1296 4498 μέτρον
1350 4430 1533 4484 ὁποῖόν
1587 4430 1758 4492 ἐστιν,
1807 4430 1842 4500 ἡ

251 4523 435 4590 τάξις,
492 4521 1003 4593 καὶήκατάστασις
1057 4520 1239 4573 ἐκεῖσε
1287 4519 1375 4575 διὰ
1435 4520 1538 4593 τῆς
1609 4523 1846 4594 μετοχῆς

251 4617 519 4671 δείκνυσι.

332 4709 437 4776 νγ’.
468 4706 632 4769 Νόες,
689 4704 974 4758 τουτέστιν
1021 4704 1321 4774 ἰσάγγελοι,
1382 4707 1570 4776 φησιν,
1629 4706 1846 4762 ἔσονται

252 4802 308 4855 οἰ
340 4800 448 4853 υἰοὶ
495 4798 596 4869 τῆς
639 4797 992 4860 ἀναστάσεως
1029 4796 1123 4850 τοῦ
1169 4795 1430 4867 Χριστοῦ,
1461 4801 1528 4870 τῇ
1561 4797 1845 4873 ἀφθαρσίᾳ

254 4893 355 4947 καὶ
380 4888 576 4944 θεώσει
606 4890 655 4942 οἰ
687 4888 854 4957 ἅγιοι.

333 4982 430 5037 νδ’.
479 4983 569 5035 Ἐν
613 4979 694 5051 τῷ
757 4979 1008 5052 μέλλοντι
1049 4978 1100 5033 οἰ
1147 4978 1371 5049 ἄγγελοι
1417 4980 1512 5034 καὶ
1576 4983 1625 5036 οἰ
1673 4982 1844 5052 ἅγιοι,

260 5076 423 5146 φασὶ,
464 5073 871 5143 προκόπτοντες
908 5073 967 5125 ἐν
995 5073 1062 5144 τῇ
1112 5071 1221 5127 τῶν
1278 5075 1637 5144 χαρισμάτων
1682 5094 1847 5148 προσ-

256 5171 411 5239 θήκῃ
438 5167 700 5220 οὐδέποτε
742 5164 1022 5234 λήξουσιν,
1049 5164 1082 5235 ἢ
1112 5165 1425 5231 ἐνδώσουσι,
1484 5166 1592 5219 τῶν
1619 5168 1846 5237 ἀγαθῶν

256 5261 476 5329 ὲςρετῶς
528 5260 780 5330 ἔχοντες
815 5259 1012 5328 ὕφεσιν
1060 5259 1193 5329 γὰρ,
1231 5258 1265 5328 ἤ
1305 5258 1529 5328 μείωσιν
1584 5260 1694 5314 ἀπὸ
1745 5261 1847 5332 τῆς

252 5355 467 5426 ἀρετῆς
498 5354 592 5407 ἐπὶ
617 5352 819 5408 κακίαν
850 5354 1060 5413 ἐκεῖνος
1081 5357 1183 5405 οὐκ
1209 5351 1323 5422 ἔχει
1344 5353 1371 5405 ὁ
1400 5352 1559 5406 αἰών.

328 5443 658 5498 νε’.Τέ)-ειον
681 5442 849 5512 ἀνδρα
874 5445 1098 5512 νόμισον
1117 5436 1258 5496 εἶναι
1274 5442 1494 5509 νῦν,τὸν
1518 5445 1618 5516 τὴν
1650 5447 1849 5518 ὁμοίω-

252 5555 347 5591 σιν
368 5535 477 5589 τῶν
505 5534 600 5588 τοῦ
623 5534 866 5605 Χριστοῦ
901 5535 1350 5608 μεθηλικιώσεων
1375 5538 1656 5609 εἰληφότα,
1687 5542 1761 5606 ὡς
1788 5543 1847 5595 ὲν

248 5625 562 5699 ἀρῤαόῶνι,
588 5625 682 5679 τὸν
710 5624 769 5678 δὲ
800 5627 859 5678 ὲν
912 5624 991 5697 τῷ
1046 5627 1297 5700 μέλλοντι
1328 5630 1535 5685 τέλειον
1568 5631 1849 5689 δείκνυσιν

250 5723 290 5791 ἡ
327 5721 426 5786 τῆς
441 5715 717 5779 σθεώσεως
741 5715 995 5788 δύναμις.

376 5860 548 5921 lCor.
579 5878 670 5931 xv,
702 5865 794 5921 ιι.

2014 3336 2105 3393 ιιι.
2160 3333 2359 3389 Sancta
2409 3322 2788 3401 promissionis
2844 3330 2991 3378 terra
3055 3326 3141 3375 est
3193 3316 3509 3392 passionum

1939 3431 2287 3495 immunitas,
2322 3429 2377 3482 in
2399 3441 2503 3497 qua
2533 3423 2694 3478 melle
2721 3419 2950 3475 et'lacte
2994 3424 3169 3472 scatet
3220 3410 3510 3483 prudentia

1940 3533 2198 3672 εβῗέῗηῖξι
2246 3611 2389 3666 cado
2434 3606 2607 3663 sancti
2644 3604 2790 3659 inter
2837 3615 2898 3656 se
2928 3597 3187 3671 mysticos
3232 3610 3301 3650 ex
3343 3592 3515 3648 abun-

1941 3707 2123 3764 dautia
2180 3702 2362 3759 cordis
2396 3711 2678 3757 sermones
2711 3695 2936 3759 habent,
2967 3692 3023 3746 in
3058 3687 3263 3761 Spiritu
3323 3693 3513 3742 sancto

1941 3802 2312 3866 colloquentes

2013 3892 2102 3947 50.
2131 3890 2186 3943 Si
2217 3886 2524 3942 nesciamus
2551 3880 2740 3950 quales
2768 3892 2868 3934 nos
2902 3874 3089 3932 fecerit
3114 3873 3278 3938 Deus,
3307 3868 3529 3925 nescie-

1944 4000 2064 4038 mns
2100 3983 2291 4051 quales
2320 3994 2419 4033 nos
2448 3976 2638 4031 fecerit
2662 3980 2969 4043 peccatum.

2014 4077 2102 4130 5i.
2136 4073 2460 4130 Eﬂlciuutur
2478 4067 2713 4135 a'qnales
2734 4074 2893 4119 aetate
2928 4061 2982 4115 in
3015 4058 3238 4126 spiritu,
3265 4056 3517 4126 quicum-

1941 4185 2048 4239 que
2078 4165 2467 4238 plenitudinem
2512 4155 2867 4232 perfectionis
2907 4152 3112 4210 Christi
3141 4164 3286 4204 nunc
3333 4144 3512 4216 adepti

1944 4270 2098 4318 sunt.

2021 4355 2112 4410 52.
2143 4351 2246 4406 Tot
2276 4347 2492 4418 pra'mia
2524 4350 2657 4416 quot
2706 4341 2923 4396 labores
2961 4354 2977 4395 :
3016 4335 3292 4407 quantitas
3339 4338 3517 4385 autem

1947 4458 2002 4506 et
2024 4446 2280 4516 qualitas,
2322 4440 2375 4496 id
2428 4447 2533 4504 est,
2578 4450 2830 4490 mensura
2886 4442 3136 4502 quaenam
3168 4425 3259 4490 sit,
3287 4424 3423 4478 ordo
3462 4426 3519 4476 et

1953 4550 2129 4596 status
2163 4532 2406 4591 cmlestis
2441 4525 2806 4601 possessionis
2836 4522 3097 4578 ostendit.

2024 4707 2113 4763 5‘5.
2144 4707 2317 4761 Erunt
2363 4704 2612 4774 spiritus.
2671 4701 2726 4757 id
2776 4711 2881 4764 est,
2927 4699 3133 4769 angelis
3177 4697 3405 4760 similes,
3464 4707 3522 4752 ιιι

1948 4800 2207 4868 Scriptum
2238 4806 2344 4860 est,
2374 4796 2467 4850 lilii
2496 4791 2912 4850 resurrectionis
2941 4790 3170 4854 Christi,
3212 4805 3306 4845 seu
3340 4791 3522 4845 incor-

1945 4891 2238 4963 ruptibiles
2263 4889 2602 4955 deificatiqne
2631 4885 2826 4940 sancti.

2021 4983 2112 5038 54.
2144 4982 2298 5037 Tunc.
2333 4981 2384 5034 iu
2441 4978 2623 5033 futuro
2677 4974 2885 5028 sarculo
2915 4973 3092 5043 angeli
3144 4984 3197 5029 et
3233 4975 3426 5041 sancti,
3467 4984 3529 5030 ut

1951 5076 2173 5139 dicitur,
2206 5074 2470 5142 prolicere
2500 5069 2554 5142 in
2585 5066 2885 5138 gratiarum
2920 5076 3216 5134 augmento
3248 5085 3352 5123 non
3382 5069 3528 5123 desi-

1952 5176 2087 5222 nent
2118 5175 2211 5219 aut
2265 5163 2582 5223 cessabunt,
2635 5175 2736 5216 nec
2783 5176 2814 5216 a
2868 5161 3012 5215 bono
3066 5160 3357 5225 deﬁcient;
3400 5174 3525 5212 nam

1953 5260 2165 5330 lapsum
2209 5266 2302 5311 aut
2348 5255 2758 5309 dccrcmentnm
2789 5267 2817 5306 a
2862 5264 3013 5307 recto
3048 5251 3101 5305 in
3135 5252 3373 5307 deterius
3438 5251 3526 5304 illa

1954 5354 2068 5408 vita
2095 5365 2202 5404 non
2240 5349 2463 5414 patitur.

2024 5442 2113 5498 55.
2164 5439 2411 5508 lntellige
2451 5435 2753 5506 perfectum
2803 5451 2947 5492 nunc
2997 5450 3118 5490 csse
3170 5436 3371 5499 virum,
3430 5435 3525 5502 qui

1949 5531 2358 5586 similitudinem
2431 5529 2892 5594 incrementorum
2956 5527 3155 5582 Cbristi
3211 5526 3364 5594 quasi
3442 5529 3527 5595 pi-

1948 5636 2086 5690 guns
2113 5624 2344 5689 adeptus
2372 5628 2488 5683 est;
2519 5618 2570 5671 iu
2591 5616 2776 5673 futuro
2790 5624 2968 5672 autem
3003 5614 3204 5671 smculo
3222 5613 3524 5682 perfectum

1949 5711 2130 5771 reddit
2156 5710 2333 5768 virtus
2361 5708 2580 5768 deifica.
