4020 6484
306 387 331 452 l
344 387 442 452 257

1356 377 1627 441 CAPITA
1664 380 1814 440 PER
1857 357 2506 437 ACROSTICHIDEM.

3420 345 3557 405 12’8

296 500 449 563 νοῦς,
486 497 568 560 είς
609 493 772 565 βυθὸν
826 488 1190 558 ἀπογνώσεως
1249 485 1441 540 ἑαυτὸν
1468 485 1866 548 καταϐαπτὶζει

2007 503 2094 541 um
2133 475 2528 552 desperationis
2587 485 2645 526 se
2675 468 2869 539 mergit
2901 464 3082 536 pravis
3115 460 3558 533 cogitationibus.

292 594 406 646 τοῖς
430 587 732 656 λογισμοῖς.

366 678 475 745 Eg“.
530 676 838 757 Λογισμοὺς
900 673 1161 735 πολλάκις
1217 672 1311 723 καί
1354 671 1479 733 τοὺς
1521 669 1710 737 λόγους
1760 669 1869 719 τῶν

295 772 641 842 πραγμάτων
671 770 704 838 ἡ
743 767 937 838 Γραφὴ
999 765 1244 834 εἴρηκεν,
1281 762 1470 832 ὥσπερ
1505 761 1599 815 καὶ
1624 761 1879 830 νοήματα

294 863 427 926 τοὺς
450 862 662 930 λόγους,
700 858 940 920 καὶτοὺς
969 856 1159 925 λόγους
1196 853 1569 922 ἀντιστρόφως
1598 853 1870 921 νοήματα’

296 953 460 1006 τοῦτο
483 952 541 1005 δὲ
586 950 797 1019 γίνεται
856 946 1047 1015 ἐπειδὴ
1094 947 1128 1015 ἡ
1190 943 1408 1013 κίνησις
1445 943 1555 994 τῶν
1616 940 1876 993 τοιούτων

297 1043 426 1098 καθ’
469 1041 670 1112 ἑαυτὴν
723 1038 822 1110 μὲν
859 1037 1022 1099 άῦλός
1064 1038 1206 1098 ἐστι,
1235 1033 1541 1105 μορφοῦται
1564 1032 1621 1086 δὲ
1649 1031 1737 1085 διὰ
1764 1031 1875 1084 τῶν

298 1133 648 1205 πραγμάτων
684 1131 764 1193 είς
795 1124 955 1191 εἷδος,
986 1127 1079 1180 καὶ
1116 1125 1576 1196 μεταπλάττεται,
1605 1124 1698 1177 καὶ⁵
1734 1120 1878 1175 οὕτω

298 1226 364 1279 τὸ
389 1221 694 1294 προσϐαλδν
719 1220 811 1275 διὰ
839 1222 936 1290 τῆς
961 1216 1306 1289 ἐπιφανείας,
1345 1213 1673 1286 γνωρίζεταί
1695 1230 1752 1265 τε
1784 1213 1878 1266 καὶ

300 1316 543 1383 λέγεται.

381 1405 475 1470 ξς.
514 1405 580 1457 Οἱ
616 1402 867 1472 λογισμοὶ
922 1403 1069 1470 λόγοι
1127 1400 1237 1453 τῶν
1274 1397 1545 1469 δαιμόνων
1586 1395 1729 1460 εἰσὶ,
1788 1393 1882 1446 καὶ

306 1498 422 1550 τῶν
448 1495 638 1548 παθῶν
669 1494 987 1564 πρόδρομοι,
1042 1492 1230 1560 ὥσπερ
1254 1492 1351 1544 καὶ
1378 1489 1487 1544 τῶν
1516 1487 1880 1558 πραγμάτων,

303 1588 357 1640 οἱ
379 1586 529 1652 λόγοι
583 1586 679 1639 καὶ
707 1586 774 1638 τὰ
804 1585 1092 1655 νοήματαο
1134 1580 1397 1636 ἀδύνατον
1445 1579 1555 1650 γὰρ
1600 1578 1804 1646 ἀγαθὸν
1847 1576 1883 1646 ἢ

307 1678 479 1732 κακὸν
537 1677 851 1747 ἐνεργῆσαι,
889 1677 962 1746 μὴ
988 1673 1295 1747 πρόσϐαλον
1354 1658 1620 1742 πρότερον
1646 1670 1737 1723 τὸν
1758 1669 1877 1720 eau-

307 1769 406 1822 τοῦ
440 1768 724 1838 λογισμὸν,
766 1769 926 1836 εἴπερ
947 1764 1211 1834 λογισμός
1238 1766 1374 1828 ἐστι,
1398 1755 1708 1833 προσϐολῆς
1733 1759 1883 1813 ἀνεί-

309 1860 429 1921 δεος
456 1859 669 1927 κίνησις
704 1857 1052 1929 πραγμάτων
1076 1853 1398 1908 ὁποιωνοῦν.

384 1949 486 2019 ξη’.
524 1946 695 2021 Γεννᾷ
732 1950 766 2019 ὴ
805 1947 904 2020 μὲν
933 1947 1033 2017 ὕλη
1054 1945 1165 1999 τῶν
1207 1943 1552 2015 πραγμάτων
1580 1931 1769 2010 ψιλοὺς
1798 1932 1889 1992 λο-

311 2042 567 2111 γισμοὺς,
597 2028 632 2111 ἧ
668 2036 1003 2109 δὲπροσϐολὴ
1048 2039 1082 2107 ἡ
1132 2032 1494 2105 δαιμονιώδης
1539 2033 1667 2094 τοὺς
1720 2045 1889 2100 πονη-

315 2132 444 2203 ροὺς
500 2129 776 2182 τεκταίνει
810 2144 826 2161 σ
861 2128 1131 2197 διαφορὰν
1171 2122 1265 2179 οῦν
1321 2124 1537 2195 ἔχουσιν
1571 2122 1620 2175 οἱ
1670 2118 1895 2191 φυσικοὶ

313 2225 379 2276 ἐκ
407 2222 518 2276 τῶν
572 2221 722 2293 παρά
784 2218 969 2287 φύσιν,
1029 2218 1123 2271 καὶ
1180 2217 1322 2285 ὑπὲρ
1377 2214 1542 2285 φύσιν
1569 2213 1765 2282 λόγων,
1799 2209 1894 2264 καὶ

312 2311 616 2383 λογισμῶν,
645 2312 784 2365 κατά
808 2306 1118 2380 σύγκρισιν.

386 2400 482 2469 ἔθ’.
522 2399 861 2475 ’ἰσουργοῦσι
916 2401 1053 2472 πρὸς
1080 2396 1179 2468 τὴν
1216 2400 1273 2452 ἐν
1295 2397 1482 2468 ἀτόμῳ
1514 2390 1818 2458 ἀλλοίωσιν,
1842 2394 1891 2446 οἱ

319 2497 416 2565 μὲν
448 2496 690 2564 φυσικοὶ,
722 2496 859 2562 πρὸς
892 2493 1015 2555 τοὺς
1042 2490 1194 2561 παρὰ
1224 2488 1405 2558 φύσιν,
1442 2487 1491 2541 οἱ
1522 2487 1578 2540 δὲ
1615 2485 1757 2538 κατά
1788 2483 1891 2556 φύ-

319 2602 425 2647 σιν,
466 2584 603 2654 πρὸς
633 2582 760 2644 τοὺς
800 2579 939 2652 ὑπὲρ
965 2581 1127 2649 φύσιν
1161 2578 1323 2642 εὐθὺς
1356 2576 1703 2647 τρεπόμενοι⁹
1727 2575 1894 2628 αἴτιοι

316 2679 373 2731 δέ
416 2676 521 2729 sict
569 2674 703 2746 πρὸς
741 2673 840 2745 τὴν
873 2676 930 2725 ἐν
954 2671 1201 2742 ἀλλήλοις
1229 2670 1457 2742 τροπὴν,
1494 2668 1587 2722 καὶ
1617 2666 1891 2736 γέννησιν,

316 2766 427 2824 τῶν
454 2768 549 2839 μὲν
572 2766 923 2837 δαιμονικῶν,
952 2767 999 2818 oi
1027 2767 1091 2817 ἐκ
1137 2764 1236 2833 τῆς
1266 2761 1420 2832 ῦλης,
1444 2759 1553 2813 τῶν
1583 2756 1640 2812 δὲ
1667 2756 1891 2823 ύλικῶν,

317 2862 386 2914 ἐκ
414 2860 511 2929 τῆς
545 2858 876 2930 προσϐολῆς·
911 2856 1112 2925 ὁμοίως
1135 2854 1220 2909 καὶ
1250 2853 1359 2907 τῶν
1391 2848 1633 2917 θείων,οί
1652 2847 1893 2918 φυσικοὶ,

318 2954 411 3005 καὶ
424 2952 472 3003 οἱ
506 2951 744 3019 φυσικοὶ,
763 2950 871 3001 τῶν
901 2947 1043 3017 ὑπὲρ
1068 2945 1228 3015 φύσιν
1279 2945 1599 3015 γεννήτορες
1619 2950 1638 2975 ⁸
1668 2940 1897 2994 ἕκαστον

323 3042 433 3111 γάρ
454 3043 590 3114 προς
641 3038 702 3094 τδ
748 3037 1005 3109 συγγενὲς
1056 3036 1153 3107 τὴν
1201 3035 1396 3088 ἐαυτοῦ
1444 3034 1731 3088 ἀλλοίωσιν
1773 3030 1888 3104 ἔχει

324 3136 612 3207 κινητικὴν
653 3131 933 3205 τετραχῶς
985 3127 1343 3201 διῃρημένην,
1396 3124 1575 3179 αἰτίαν
1628 3124 1721 3177 καὶ
1772 3125 1958 3235 γέν-ο

324 3243 503 3295 νησιν.

393 3310 458 3367 o'.
491 3312 809 3383 Σημείωσαι
828 3311 909 3364 ὅτι
926 3306 1330 3379 προϐέϐληνται
1367 3306 1477 3358 τῶν
1499 3306 1597 3375 μέν
1623 3300 1901 3371 λογισμῶν

325 3408 383 3459 αἱ
420 3405 615 3470 αίτίαι,
667 3403 778 3456 τῶν
808 3403 863 3457 δέ
887 3400 1222 3471 φαντασιῶν,
1251 3398 1301 3451 οἱ
1354 3393 1631 3466 λογισμοὶ,
1694 3393 1803 3446 τῶν
1845 3392 1903 3445 δὲ

298 3497 538 3567 παθῶν,
582 3492 638 3548 αἱ
677 3493 993 3565 φαντασίαι,
1048 3490 1159 3545 τῶν
1185 3490 1243 3544 δὲ
1274 3486 1549 3560 δαιμόνων
1597 3484 1669 3539 τὰ
1730 3483 1899 3553 πάθη,

325 3589 404 3652 ὼς
429 3590 587 3660 σειρά
625 3599 728 3651 τις,
753 3587 848 3640 καὶ
899 3585 1053 3650 τάξις
1091 3583 1151 3637 ἐν
1202 3579 1459 3642 ἀτάκτοις
1490 3578 1789 3649 πνεύμασι,
1819 3576 1902 3629 δο-

324 3678 479 3742 λίως,
509 3678 567 3731 ἐν
603 3678 696 3730 τοῦ
745 3675 864 3739 ἑνὸς
914 3675 1173 3746 ἐχόμενον
1216 3672 1503 3742 ἤρτηνται,
1554 3667 1695 3739 πλὴν
1749 3665 1903 3720 οὐδὲν

327 3769 697 3842 ἐνεργεῖκαθ’
738 3768 892 3833 αὐτὸ,
931 3766 1049 3821 ἀλλ’
1106 3765 1212 3819 ὑπὸ
1262 3762 1532 3833 δαιμόνων
1577 3758 1901 3831 ἐνεργεῖται,

323 3861 452 3915 οὗτε
514 3856 785 3930 φαντασία
827 3856 1272 3919 είδωλοποιείται,
1308 3854 1433 3908 οὗτε
1462 3852 1635 3915 πάθος
1667 3852 1904 3921 ἐνεργεῖ,

328 3954 499 4024 χωρὶς
524 3952 623 4022 τῆς
639 3951 945 4022 λεληθότως
981 3949 1218 4020 κρυφίας
1251 3943 1574 4017 δαιμονικῆς
1600 3942 1902 4011 δυνάμεως’

326 4046 380 4099 εί
413 4046 525 4114 γὰρ
589 4043 686 4096 καὶ
744 4044 1036 4096 πέπτωκεν
1079 4042 1108 4093 ό
1146 4037 1323 4093 Σατάν
1366 4033 1673 4106 συντριϐεὶς
1703 4073 1719 4097 ,
1768 4030 1905 4086 ἀλλά

328 4135 491 4191 πλέον
556 4134 731 4206 ἰσχύει
768 4136 837 4206 τῇ
871 4133 997 4188 καθ’
1021 4131 1182 4203 ἡμῶν
1223 4127 1471 4201 ῥᾳθυμία
1507 4122 1904 4196 γαυριούμενος

328 4225 473 4297 ὑπὲρ
505 4224 685 4295 ἡμῶν.

394 4323 496 4371 οα’.
529 4314 812 4387 Μορφοῦσι
860 4313 950 4367 τὸν
1020 4310 1147 4365 νοῦν
1200 4308 1378 4379 ἡμῶν,
1443 4305 1647 4377 μᾶλλον
1676 4304 1734 4358 δὲ
1769 4319 1902 4374 μορ-

2053 662 2144 716 06.
2178 659 2314 712 Tum
2350 650 2709 723 cogitationes
2735 659 2831 715 pro
2867 641 3174 696 rationibus
3206 652 3386 691 rerum
3414 649 3562 703 smpe

1984 754 2270 821 Scriptura
2299 748 2452 809 dicit,
2493 755 2604 797 tum
2640 741 2789 793 ideas
2828 752 2926 805 pro
2953 733 3272 795 rationibus,
3303 738 3359 784 et
3396 728 3563 781 ratio-

1979 863 2075 902 nes
2103 841 2345 900 vicissim
2383 851 2481 907 pro
2534 834 2690 888 ideis.
2726 830 2838 884 Hoc
2879 837 3058 881 autem
3096 824 3173 886 fit,
3206 824 3334 892 quia
3381 829 3562 874 motus

1980 936 2287 1007 huiusmodi
2338 944 2522 986 rerum
2556 935 2639 981 est
2667 925 2886 994 quidem
2922 922 2975 975 in
3008 920 3190 986 seipse
3228 916 3564 969 immateria»

1978 1005 2069 1094 lis,
2094 1026 2423 1082 informatur
2459 1032 2588 1073 vero
2620 1025 2678 1070 et
2738 1010 3163 1066 transformatnr
3195 1020 3292 1077 per
3326 1005 3560 1072 objecta,

1981 1134 2036 1179 et
2062 1120 2144 1177 sic
2176 1117 2322 1187 quod
2351 1128 2447 1180 per
2489 1106 2860 1179 apparentiam
2914 1108 3239 1165 commovet,
3273 1095 3563 1168 cognosci-

1984 1223 2068 1266 tur
2111 1220 2166 1265 et
2198 1207 2539 1264 nominatur.

2052 1376 2144 1440 67.
2177 1382 2448 1451 Improbat:
2482 1374 2845 1446 cogitationes
2879 1380 3010 1426 sunt
3058 1380 3340 1424 sermones
3369 1350 3570 1419 daemo-

1998 1490 2153 1539 num,
2182 1481 2239 1528 et
2268 1472 2524 1526 vitiorum
2557 1477 2949 1536 praecursores,
2982 1462 3127 1515 sicut
3148 1458 3310 1514 verba
3339 1469 3393 1510 et
3419 1457 3570 1525 cogi-

1983 1568 2246 1629 tationes,
2280 1562 2559 1618 actionum
2607 1574 2623 1614 :
2661 1570 2826 1610 nemo
2859 1552 3002 1609 enim
3038 1560 3215 1621 potest
3249 1551 3454 1604 bonum
3483 1548 3570 1601 vel

1983 1658 2186 1714 malum
2236 1653 2419 1711 facere
2449 1653 2595 1723 quod
2638 1662 2747 1704 non
2801 1645 2955 1715 prius
2985 1642 3346 1698 commoverit
3398 1641 3571 1708 ipsius

1987 1749 2401 1821 cogitationem,
2442 1745 2712 1814 siquidem
2743 1739 3011 1810 cogitatio
3052 1747 3136 1791 est
3168 1733 3416 1788 informis
3452 1747 3569 1785 mos

1912 1839 1954 1892 Β
1984 1851 2071 1898 tus
2109 1842 2178 1896 ab
2208 1832 2442 1909 objectis
2468 1835 2801 1907 quibuslibet
2830 1833 3118 1888 excitatus.

2060 1930 2150 1990 68.
2180 1931 2473 2001 Simplices
2499 1929 2718 2000 quidem
2742 1924 3104 1998 cogitationes
3142 1924 3366 1991 generat
3400 1926 3573 1969 mate-

1990 2027 2068 2082 ria
2101 2040 2308 2090 rerutn,
2341 2021 2608 2078 diabolica
2643 2031 2825 2074 autem
2861 2015 3157 2074 commotio
3193 2012 3364 2068 malas
3386 2011 3522 2079 parit
3552 2023 3569 2065 :

1989 2117 2250 2173 differunt
2275 2115 2442 2187 igitur
2486 2112 2767 2169 naturales
2801 2118 3086 2167 sermones
3119 2116 3174 2161 et
3205 2102 3574 2174 cogitationes

1989 2217 2303 2278 comparate
2323 2207 2390 2262 ad
2414 2221 2475 2260 ea
2496 2220 2616 2276 quae
2633 2212 2759 2260 sunt
2780 2208 2975 2277 praeter
2994 2200 3073 2254 vel
3099 2211 3263 2266 supra
3293 2203 3572 2249 naturam.

2060 2301 2149 2355 69.
2185 2299 2514 2354 Alternatim
2555 2311 2744 2352 secum
2787 2293 3018 2348 invicem
3056 2289 3290 2345 indivise
3322 2302 3572 2342 comunt—

1988 2401 2174 2446 tantur
2200 2389 2564 2461 cogitationes
2604 2402 2619 2442 :
2655 2381 2937 2440 naturales
2971 2382 3193 2450 quidem
3230 2380 3287 2431 in
3323 2392 3420 2431 cas
3453 2391 3574 2445 qua}

1987 2493 2116 2538 sunt
2163 2491 2362 2551 praeter
2411 2488 2687 2543 naturam,
2728 2485 2784 2530 et
2831 2490 2952 2544 qua:
3001 2474 3155 2542 juxta
3210 2481 3484 2527 naturam,
3516 2473 3568 2518 in

1989 2577 2112 2631 illas
2140 2589 2260 2644 qua:
2283 2587 2451 2644 supra
2486 2580 2763 2633 naturam,
2785 2582 3079 2624 conversae.
3116 2566 3244 2619 Item
3271 2566 3324 2616 iu
3366 2579 3424 2617 se
3458 2577 3574 2614 mn-

1992 2679 2084 2721 tno
2114 2674 2509 2722 convertuntur
2558 2679 2622 2718 ac
2654 2669 3114 2731 eongenerantur,
3158 2657 3472 2710 materiales
3509 2656 3559 2707 in
3633 2648 3637 2651 ’

1989 2762 2376 2823 daemoniacas,
2429 2766 2483 2812 et
2517 2772 2638 2826 quze
2682 2763 2812 2809 sunt
2843 2768 2908 2808 ex
2960 2752 3329 2806 commotione
3383 2749 3435 2800 in
3480 2762 3572 2800 eas

1990 2868 2110 2922 quae
2145 2861 2274 2905 sunt
2327 2863 2393 2904 ex
2451 2845 2708 2900 materia.
2768 2844 2975 2898 Pariter
3025 2839 3302 2896 naturales
3353 2842 3573 2908 pariunt

1990 2944 2244 3003 divinas:
2306 2949 2361 2996 et
2407 2955 2526 3009 qute
2580 2936 2738 3007 juxta
2784 2944 3059 2997 naturam,
3091 2948 3188 2987 eas
3237 2946 3358 2997 qum
3411 2945 3573 2998 supra

1988 3044 2242 3089 naturam
2283 3040 2430 3087 sunt.
2483 3026 2927 3096 Unumquodque
2969 3023 3112 3077 enitn
3151 3021 3571 3090 quadruplicem

1991 3128 2154 3181 habet
2175 3139 2395 3179 causam
2421 3137 2528 3191 qua
2574 3130 2926 3189 promovetur
2978 3127 3033 3171 et
3094 3124 3418 3187 proeteatur
3475 3127 3571 3165 sua

1993 3222 2046 3275 in
2069 3218 2227 3273 amne
2250 3216 2494 3271 mutatio.

2065 3308 2153 3363 70.
2186 3305 2488 3364 Considera
2521 3315 2579 3357 ut
2603 3301 3030 3371 cogitationibus
3065 3299 3253 3351 adsint
3284 3311 3487 3360 causae,
3517 3307 3572 3347 et

1993 3402 2372 3470 phantasmata
2407 3410 2474 3452 ex
2539 3392 2990 3463 cogitationibus,
3052 3401 3107 3445 et
3162 3390 3444 3458 passiones
3503 3403 3568 3440 es

1995 3488 2487 3561 pbantasmatibus,
2522 3498 2576 3541 et
2619 3487 2817 3539 iterum
2861 3482 3144 3550 passiones
3178 3494 3244 3534 ex
3298 3479 3571 3532 damoni-

1991 3582 2114 3643 btts,
2164 3581 2317 3649 quasi
2351 3589 2545 3633 catena
2591 3577 2823 3646 quadam
2864 3581 2922 3629 et
2955 3572 3147 3625 ordine
3198 3572 3339 3639 apud
3375 3572 3575 3625 inordi-

1993 3683 2149 3729 natos
2172 3671 2397 3740 spiritus
2422 3668 2622 3724 callide
2647 3668 2753 3723 alia
2780 3683 2846 3720 ex
2875 3667 2996 3721 aliis
3019 3674 3140 3734 apta
3171 3677 3419 3730 nexaque
3441 3661 3572 3715 sint.

1991 3764 2062 3817 At
2109 3763 2315 3815 nullum
2374 3768 2632 3830 operatur
2665 3773 2732 3813 ex
2768 3758 2970 3826 seipse,
2999 3755 3094 3810 sed
3150 3768 3179 3807 a
3231 3752 3575 3806 daemonibus

1996 3861 2429 3909 moveturznec
2486 3852 2776 3921 phantasia
2835 3849 3184 3919 imaginatur,
3239 3860 3338 3899 nec
3394 3844 3576 3912 passio

1993 3946 2102 4014 agit
2124 3947 2331 4013 absque
2348 3943 2488 3997 clam
2515 3942 2715 3996 furtiva
2746 3942 3045 3995 daemonum
3071 3937 3336 4008 potentia.
3370 3935 3571 4001 Quam-

1994 4041 2079 4094 vis
2127 4037 2270 4093 enim
2338 4037 2506 4091 Satan
2570 4033 2835 4091 ceciderit
2891 4032 3231 4096 confractus,
3300 4029 3577 4095 patentior

1996 4141 2176 4186 tamen
2204 4141 2288 4185 est
2319 4138 2504 4184 nostra
2532 4127 2860 4200 superbieus
2889 4125 3124 4196 ignavia.

2069 4309 2156 4364 7|.
2192 4305 2419 4361 Vertunt
2455 4316 2693 4361 mentem
2730 4315 2971 4361 nostram
3012 4305 3309 4369 dtemones,
3355 4302 3438 4357 vel
3477 4317 3577 4372 po—

325 4409 555 4480 φοῦνται
588 4407 707 4461 καθ’
742 4406 942 4467 αὐτοὺς
967 4403 1134 4473 ἡμᾶς,
1185 4401 1283 4453 καὶ
1307 4394 1724 4469 προσϐάλλουσι,
1764 4391 1896 4448 κατὰ

2000 4407 2106 4457 tius
2149 4417 2273 4456 sese
2329 4401 2490 4455 nobis
2548 4399 2913 4464 conformant,
2949 4405 3004 4454 et
3026 4413 3130 4454 nos
3185 4398 3575 4468 aggrediuntur

322 4501 424 4571 τὴν
452 4500 566 4564 ἕξιν
604 4497 698 4552 τοῦ
721 4495 1164 4566 ἐπικρατοῦντος,
1208 4491 1302 4545 καὶ
1323 4488 1674 4561 ἐνεργοῦντος
1698 4485 1896 4549 πάθους

2001 4496 2301 4550 secundum
2329 4493 2586 4548 vitiosum
2625 4492 2870 4546 habitum
2911 4492 2964 4545 iu
2992 4492 3175 4545 anima
3205 4490 3576 4544 dominantem

324 4598 384 4647 ἐν
418 4595 484 4662 τῇ
517 4591 694 4662 ψυχῇο
727 4589 909 4644 αἰτίαν
957 4587 1066 4658 γὰρ
1123 4585 1261 4655 πρὸς
1321 4581 1749 4651 είδωλοποίησιν,
1807 4576 1896 4645 τὴν

2000 4595 2051 4640 et
2100 4594 2439 4655 operantem.
2475 4582 2588 4637 Hoc
2640 4583 2786 4636 enim
2851 4581 3038 4635 vitium
3090 4588 3578 4650 prmOCCllpanl,lll

323 4684 438 4751 ἕξιν
495 4683 590 4736 τοῦ
638 4682 843 4744 πάθους
875 4681 925 4733 oi
963 4678 1217 4748 δαίμονες
1262 4675 1559 4744 κέκτηνται
1588 4688 1603 4702 ο
1655 4669 1896 4739 ποικίλην

2000 4678 2126 4732 hinc
2181 4675 2626 4745 imaginationem
2683 4672 2965 4727 invadant.
3036 4669 3227 4725 Varias
3299 4670 3465 4737 igitur
3524 4684 3580 4726 et

321 4772 442 4831 οὖν’
471 4776 566 4829 καὶ
621 4771 1115 4843 πολύμορφοψτὴν
1138 4768 1466 4859 κφαντασίαν
1524 4763 1896 4834 ἐγρηγορότως

2000 4767 2360 4822 multiformes
2414 4765 2575 4821 nobis
2636 4762 2990 4833 vigilantibus
3059 4772 3113 4816 et
3182 4761 3578 4815 dormientibus

320 4870 421 4924 καὶ
472 4867 595 4922 καθ’
632 4866 838 4929 ὕπνους
895 4866 1031 4933 ὑμῖν
1059 4854 1388 4915 δεικνύουσι·
1427 4854 1906 4927 μεταμορφοῦνται

321 4963 437 5031 γὰρ
486 4961 537 5012 oi
598 4959 695 5030 μὲν
744 4958 844 5026 τῆς
898 4953 1199 5024 ἐπιθυμίας
1270 4951 1546 5020 δαίμονες,
1622 4946 1755 5000 ποτέ
1807 4944 1904 5014 μὲν

321 5054 407 5114 εἰς
434 5051 671 5122 χοίρους,
706 5048 838 5103 ποτέ
881 5046 939 5099 δὲ
983 5047 1061 5108 εἰς
1099 5045 1276 5108 ὅνους,
1325 5040 1453 5094 ποτὲ
1488 5039 1545 5093 δὲ
1582 5039 1660 5101 είς
1705 5036 1906 5098 ἵππους

323 5146 663 5216 θηλυμανεῖς
708 5143 802 5196 καὶ
853 5139 1186 5210 πυροειδεῖς,
1220 5136 1350 5189 ποτὲ
1377 5132 1434 5186 δέ
1476 5134 1555 5195 είς
1599 5130 1903 5199 Ἐϐραίους,

321 5238 428 5307 τῆς
459 5236 754 5297 ἀκολασίας
785 5232 1050 5304 μάλιστα·
1119 5231 1219 5296 τῆς
1275 5229 1332 5281 δὲ
1378 5226 1572 5296 ὀργῆς,
1622 5223 1751 5276 ποτέ
1809 5223 1906 5288 μὲν

322 5332 408 5392 είς
438 5328 871 5392 ἐθνικοὺς,-ποτέ
893 5325 950 5378 δὲ
980 5327 1059 5388 εἱς
1087 5323 1308 5385 λέοντας
1338 5337 1352 5350 ·
1393 5321 1486 5372 καὶ
1516 5322 1614 5388 τῆς
1645 5318 1745 5387 μὲν
1793 5315 1901 5367 63t-

320 5423 469 5487 λίας,
503 5422 583 5482 είς
631 5421 762 5482 τοὺς
819 5417 1167 5488 Ίσμαηλίτας
1193 5432 1207 5446 ’
1241 5414 1337 5483 τῆς
1365 5411 1420 5465 δέ
1444 5408 1762 5471 ἀκολασίας,
1827 5404 1905 5463 είς

323 5512 454 5574 τοὺς
522 5509 889 5579 Ἰδουμαίους·
943 5507 1041 5576 τῆς
1100 5505 1159 5556 δὲ
1206 5500 1541 5562 πολυποσίας
1597 5498 1691 5551 mi.
1733 5494 1907 5564 ἀκρα-

326 5586 499 5668 σίας,
554 5604 633 5664 είς
668 5600 798 5663 τοὺς
860 5596 1243 5668 Ἀγαπηνούς’
1305 5595 1408 5664 τῆς
1463 5592 1518 5645 δέ
1566 5587 1901 5653 πλεονεξίας,

325 5695 462 5750 ποτὲ
522 5694 621 5761 μὲν
684 5693 764 5755 εἰς
806 5688 931 5750 τοὺς
964 5688 1182 5752 λύκους,
1251 5687 1380 5741 ποτέ
1405 5685 1461 5737 δέ
1500 5685 1579 5745 εἰς
1609 5682 1733 5742 τοὺς
1765 5695 1905 5749 παρ-

318 5791 543 5851 δάλεις·
595 5788 691 5857 τῆς
721 5785 774 5839 δὲ
806 5784 1091 5853 πονηρίας,
1135 5783 1266 5834 ποτε
1316 5782 1413 5851 μὲν
1442 5783 1520 5843 εἰς
1560 5778 1683 5840 τοὺς
1724 5776 1899 5844 ὄφεις,

728 5886 991 5943 ΡΑτιιοι.
1030 5883 1146 5943 GR.
1192 5881 1301 5942 CL.

1994 4860 2258 4915 exhibent
2291 4859 2559 4927 imagines
2606 4876 2620 4912 :
2668 4854 3131 4911 transformantur
3169 4856 3319 4907 enim
3370 4855 3572 4908 dieme-

1999 4966 2093 5006 nes
2123 4953 2345 5020 quidem
2373 4948 2860 5019 concupiscentite,
2893 4947 3050 5001 modo
3086 4947 3138 5000 in
3169 4961 3384 5013 porcos,
3419 4948 3581 5001 modo

1998 5045 2049 5098 iu
2084 5043 2290 5108 asinos,
2331 5045 2492 5097 modo
2527 5043 2579 5096 in
2630 5054 2803 5110 equos
2863 5041 2931 5094 ad
2986 5039 3190 5093 coitum
3243 5040 3497 5093 ardentes
3523 5048 3581 5091 et

1996 5150 2316 5199 succensas,
2349 5135 2510 5190 modo
2546 5135 2600 5188 in
2649 5131 2906 5188 ﬂebrmos
2942 5134 3176 5186 maxime
3230 5132 3575 5196 luxuriosos;

1996 5231 2273 5284 daemones
2326 5236 2507 5280 autem
2566 5225 2680 5295 irae,
2723 5239 2867 5279 nunc
2915 5225 2969 5278 in
3013 5225 3283 5286 ethnicos,
3320 5236 3465 5274 nunc
3521 5220 3577 5272 in

1998 5323 2222 5384 leones;
2252 5330 2304 5374 et
2329 5318 2565 5381 timoris,
2598 5319 2653 5371 in
2683 5318 3026 5383 lsmaelitas;
3061 5328 3113 5370 et
3137 5312 3576 5376 incontinentiae,

1996 5415 2049 5468 in
2100 5412 2402 5475 Idumaeos;
2464 5420 2519 5466 et
2567 5410 2855 5465 ebrietatis
2904 5424 2967 5464 ac
3023 5405 3479 5474 intemperantiae,
3522 5404 3580 5457 in

1998 5506 2338 5571 Saracenos;
2379 5513 2435 5559 et
2493 5503 2832 5573 cupiditatis,
2867 5501 2984 5556 sive
3019 5501 3071 5552 in
3122 5499 3299 5569 lupos,
3354 5500 3470 5551 sive
3524 5495 3583 5549 in

1998 5603 2327 5673 pantheras;
2378 5610 2433 5654 et
2479 5601 2724 5665 malitizc,
2763 5609 2876 5652 tutu
2920 5598 2970 5650 in
3010 5604 3313 5664 serpentes,
3351 5607 3459 5648 tum
3524 5595 3581 5649 in

1999 5694 2237 5762 viperas,
2308 5703 2423 5747 tum
2487 5695 2537 5747 iu
2575 5682 2762 5761 vulpes
2814 5698 3280 5753 transmutauutr;
3315 5698 3369 5743 et
3399 5690 3579 5757 impu-

1998 5786 2214 5854 dentire,
2250 5787 2301 5839 in
2356 5801 2563 5852 canes;
2603 5795 2654 5837 et
2708 5784 2938 5854 accdigc,
2982 5784 3034 5837 in
3069 5783 3221 5835 feles.
3278 5780 3579 5851 Aliquando

3218 5875 3294 5937 «'tO
