4020 6472
475 393 614 459 i259

1735 374 2122 439 GBEGORII
2165 368 2505 433 ΒΙΝΑΙἯΕ

3610 363 3739 424 1260

471 505 640 558 etiam
675 499 952 554 dzemones
996 491 1402 558 iomicationis,
1439 490 1601 548 modo
1629 489 1686 545 in
1748 495 2056 559 serpentes,

2194 485 2304 540 ποτὲ
2332 484 2392 539 δὲ
2419 485 2500 548 είς
2536 482 2681 554 ἔχεις
2743 501 3249 557 μεταμορφουνται,
3305 490 3436 543 ποτὲ
3457 489 3514 545 δὲ
3545 493 3638 554 καὶ
3658 496 3738 558 εἰς

471 597 633 651 modo
675 595 729 649 in
764 605 964 649 corvos
996 598 1053 646 et
1089 586 1379 658 graculos;
1415 593 1470 640 et
1522 581 1576 638 in
1638 581 1894 637 volucres
1925 593 2062 633 con-

472 700 764 748 vertuntur
799 685 1096 751 animales,
1141 697 1205 736 ac
1246 677 1547 750 praesertim
1584 675 1720 732 aerii
1757 676 2062 728 dannones.

2172 576 2501 637 ἀλώπεκαςο
2544 575 2642 646 τῆς
2670 575 2726 629 δὲ
2764 575 3058 644 ἀναιδείας,
3111 581 3194 643 είς
3229 581 3356 644 τοὺς
3396 581 3563 646 κύνας
3593 599 3609 613 ⁸
3640 583 3742 652 τῆς

2171 670 2232 724 δὲ
2245 669 2493 740 ἀκηδίας,
2559 671 2640 733 είς
2686 670 2814 734 τοὺς
2848 672 3101 736 κάττους.
3143 673 3302 727 Ἔστι
3336 674 3381 728 δ’
3409 676 3497 729 ὅτε
3525 677 3622 729 καὶ
3643 678 3742 747 τῆς

471 785 626 841 Hanc
657 792 839 837 autem
877 779 950 834 ob
1001 776 1226 832 causam
1284 771 1484 842 triplici
1538 768 1715 840 eﬂigie
1773 767 2068 821 immutant

2194 761 2454 832 πορνείας,
2502 761 2634 816 ποτὲ
2689 762 2788 831 μὲν
2844 765 2927 827 είς
2976 763 3150 834 ὄφεις,
3183 766 3316 820 ποτὲ
3343 766 3400 820 δὲ
3432 768 3525 822 καὶ
3549 770 3630 839 είς
3649 786 3744 822 κο-

472 893 603 934 suas
631 876 840 931 formas
873 871 1123 941 spiritus,
1155 866 1298 938 quod
1328 874 1442 919 tres
1472 861 1672 916 habeat
1711 859 1891 913 anima
1941 869 2066 923 par-

484 979 565 1026 tes
593 986 611 1038 ;
651 967 728 1022 ita
754 973 812 1020 ut
853 963 1049 1034 triplex
1083 961 1154 1015 sit
1179 959 1381 1028 imago,
1414 968 1609 1024 nempe
1642 952 1696 1006 in
1725 947 2064 1010 volucribus,

473 1061 604 1116 feris
627 1069 682 1114 et
705 1056 1031 1128 pecudibus,
1063 1051 1290 1123 propter
1329 1043 1840 1117 concupiscibilem,
1876 1037 2069 1094 irasci-

469 1153 634 1208 uilem
667 1159 722 1204 et
751 1145 1134 1205 rationabilem
1171 1142 1366 1196 animai
1393 1137 1666 1209 potentias
1694 1152 1708 1190 :
1768 1146 1878 1188 tres
1923 1131 2068 1186 enim

2176 854 2398 921 ράκους,
2456 852 2553 906 καὶ
2591 850 2858 917 κολοιοὺς,
2906 853 2983 917 ὡς
3039 856 3262 910 πετεινὰ
3307 856 3364 910 δὲ
3415 858 3464 911 oi
3501 857 3742 929 ψυχικοὶ,

2177 940 2412 1010 μάλιστα
2439 939 2496 992 δὲ
2521 941 2760 1010 ὲναὲριοι
2800 934 3055 1009 δαίμονες
3092 943 3546 1013 μεταϐάλλονται.
3594 946 3746 1015 Ἔχει

2173 1030 2348 1101 δὲτὴν
2394 1031 2576 1083 αἰτίαν
2607 1031 2938 1100 ὴφαντασία
2990 1035 3215 1104 τριχῶς,
3267 1035 3590 1088 ἀλλοιοῦσαν
3642 1036 3742 1099 τὰς

2179 1121 2396 1191 μορφὰς
2435 1121 2545 1175 τῶν
2579 1124 2928 1190 πνευμάτων,
2979 1124 3200 1177 κατὰτὸ
3217 1125 3478 1196 τριμερὲς
3525 1127 3621 1195 τῆς
3647 1127 3748 1194 duo

478 1243 736 1297 vitiorum
778 1241 945 1293 duces
998 1237 1264 1291 adversus
1311 1239 1424 1286 tres
1482 1230 1617 1285 istas
1647 1227 1792 1282 vires
1855 1236 2070 1292 semper

2194 1215 2297 1283 (ἧς,
2356 1213 2499 1266 ὥστε
2551 1215 2646 1268 καὶ
2697 1216 2796 1284 τὴν
2840 1217 3150 1284 φαντασίαν
3205 1217 3442 1287 τριπλῆν
3494 1214 3656 1282 εἶναι,
3692 1219 3750 1273 ὲν

479 1343 786 1398 armantur,
841 1341 899 1385 et
957 1328 1025 1384 ad
1065 1325 1211 1397 quod
1262 1323 1460 1378 vitium
1501 1321 1682 1376 anima
1741 1316 2070 1390 propendet,

479 1426 603 1481 huic
630 1423 979 1479 conformant
999 1433 1157 1476 suam
1194 1419 1246 1472 in
1273 1432 1376 1471 nos
1413 1411 1851 1488 aggressionem.

2179 1309 2470 1374 πετεινοῖς,
2523 1309 2581 1360 ὲν
2604 1307 2838 1380 θηρίοις,
2887 1311 2946 1362 ὲν
3013 1311 3261 1381 κτήνεσι,
3315 1309 3452 1380 πρὸς
3483 1308 3543 1362 τὸ
3569 1309 3752 1363 ἐπιθυ.

2181 1399 2414 1467 μητικὸν
2440 1438 2455 1465 ,
2518 1398 2751 1468 θυμικὸν
2784 1443 2798 1465 ,
2839 1403 2936 1456 καὶ
2989 1403 3299 1470 λογιστικὸν
3339 1402 3438 1465 τὰς
3456 1402 3555 1470 τῆς
3576 1401 3753 1471 ψυχῆς

489 1513 757 1579 δυνάμεις
787 1522 802 1538 .
836 1509 883 1558 οι
930 1508 1087 1576 τρεῖς
1135 1521 1247 1574 γαρ
1282 1508 1550 1602 ἄρχοντες
1579 1520 1688 1556 των
1723 1504 1938 1602 παθῶν,
1987 1505 2130 1602 κατὰ
2159 1505 2272 1558 τῶν
2304 1507 2472 1576 τριῶν
2500 1508 2586 1562 ἀεὶ
2629 1509 2969 1578 ὁπλίζονται,
3007 1517 3103 1570 καὶ
3151 1517 3288 1590 πρὸς
3313 1516 3344 1572 ὃ
3377 1525 3680 1582 πεποίωται
3712 1532 3746 1602 ἡ

489 1605 640 1678 ψυχὴ
681 1602 881 1662 πάθος,
917 1598 1059 1668 πρὸς
1093 1599 1226 1651 αὐτὸ
1267 1599 1412 1651 κατὰ
1452 1596 1515 1649 τὸ
1552 1597 1812 1665 συγγενὲς
1847 1597 2220 1668 μορφάζονται
2255 1604 2386 1672 ἡμῖν
2425 1603 2524 1657 καὶ
2562 1605 2988 1677 προσέρχονται.

568 1698 658 1753 72.
693 1699 835 1769 Ignis
867 1709 923 1752 et
970 1698 1266 1754 carbonum
1298 1700 1473 1754 instar
1524 1699 1791 1752 invadunt
1819 1712 1962 1768 saepe
1990 1711 2086 1752 nos

2246 1705 2346 1777 οβ’.
2393 1706 2483 1769 Ὠς
2514 1704 2625 1776 πῦρ
2676 1706 2773 1775 μὲν
2830 1706 3090 1770 πολλάκις
3141 1707 3237 1762 καὶ
3275 1707 3352 1771 ὡς
3390 1708 3659 1779 ἄνθρακες
3705 1711 3756 1762 οι

492 1792 790 1862 voluptatis
808 1793 1106 1846 daemones.
1139 1790 1382 1861 Spiritus
1407 1791 1552 1845 enim
1584 1790 1838 1857 luxuriae,
1861 1799 1917 1844 et
1948 1802 2084 1843 con-

2194 1799 2277 1869 τῆς
2307 1799 2501 1871 ἡδονῆς
2522 1798 2920 1870 προσέρχονται
2947 1799 3236 1869 δαίμονες’
3269 1799 3340 1852 τὰ
3368 1801 3622 1870 φιλήδονα
3650 1802 3756 1870 γὰρ

494 1885 821 1953 piscentiam
854 1881 1220 1948 inﬂammant,
1250 1894 1307 1938 et
1338 1884 1608 1938 rationem
1673 1883 2083 1952 perturbantes,

491 1977 734 2032 animam
803 1974 1174 2031 obtenebrant
1205 1991 1218 2027 :
1247 1974 1520 2045 siquidem
1553 1975 1690 2030 nihil
1719 1975 1825 2029 nisi
1862 1973 2087 2030 combu-

491 2070 750 2137 stionem,
798 2068 1092 2124 tumultum
1145 2083 1210 2125 ac
1251 2068 1544 2140 caliginem
1603 2069 1750 2139 parit
1799 2069 2085 2124 libidinum

492 2173 684 2218 251115.

567 2277 656 2332 73.
708 2275 972 2333 Tenebrae
1021 2277 1348 2348 ignorantiae
1404 2285 1491 2332 est
1533 2276 1791 2332 vitiorum
1822 2280 2086 2344 norm-el

491 2369 671 2424 adhuc
724 2385 826 2425 nox
866 2371 964 2425 ista
1011 2380 1096 2425 est
1144 2370 1437 2442 imperium
1470 2371 1565 2428 ubi
1599 2383 1900 2426 nascuntur
1929 2373 2083 2440 vitia,

491 2463 582 2518 ubi
619 2474 810 2534 regnat
859 2466 1118 2535 princeps
1151 2465 1528 2530 tenebrarum,
1558 2463 1651 2520 ubi
1688 2463 1819 2520 ferte
1855 2465 1997 2536 agri,
2029 2474 2087 2522 et

489 2555 732 2610 volatilia
760 2557 910 2626 coeli,
941 2566 992 2612 et
1031 2557 1248 2625 reptilia
1286 2564 1446 2613 terra:
1475 2555 1713 2626 ﬁgurate
1745 2557 1884 2612 dicti
1924 2558 2085 2628 spiri-

488 2657 576 2706 tus
605 2650 882 2720 rugientes
907 2657 1162 2722 quaerunt
1192 2664 1384 2720 rapere
1411 2664 1513 2706 nos
1541 2665 1724 2707 escam
1755 2650 1883 2707 sibi.

560 2919 650 2974 74.
686 2917 966 2974 Interdum
1002 2917 1236 2975 vitiosos
1261 2925 1418 2974 actus
1439 2921 1804 2993 cogitationes
1829 2929 2082 2993 tempore

488 3012 825 3083 praecedunt,
856 3021 913 3066 et
973 3013 1250 3068 interdum
1281 3022 1611 3086 sequuntur.
1659 3014 1728 3070 Et
1755 3017 2080 3084 praecedunt

488 3107 708 3176 quidem
757 3103 1118 3176 cogitationes
1171 3104 1521 3175 phantasias,
1580 3119 1886 3178 sequuntur
1947 3123 2079 3166 vero

2182 1889 2490 1961 πνεύματα,
2529 1888 2593 1942 τὸ
2645 1887 2744 1959 μὲν
2791 1887 3188 1960 ἐπιθυμητικὸν
3238 1891 3538 1958 ὲκκαίουσι,
3588 1892 3649 1944 τὸ
3701 1891 3758 1944 δὲ

2178 1983 2541 2056 διανοητικδν,
2568 1983 2892 2054 συγχέοντες
2925 2023 2942 2050 ,
3013 1983 3322 2049 σκοτίζουσι
3377 1982 3477 2052 τῆς
3532 1983 3706 2053 ψυχῆς
3738 1996 3756 2012 ·

2180 2074 2432 2138 καύσεως
2461 2073 2595 2144 γὰρ,
2626 2078 2893 2147 ταραχῆς.
2927 2075 3021 2128 καὶ
3044 2075 3269 2140 σκότους
3301 2074 3470 2139 αἰτία,
3498 2075 3532 2144 ἡ
3557 2073 3756 2145 κυρίως

2181 2168 2287 2221 τῶν
2315 2166 2505 2220 παθῶν
2526 2166 2710 2238 ἡδονή.

2253 2263 2353 2325 of.
2383 2257 2500 2323 Νὺξ
2523 2257 2632 2311 τῶν
2660 2257 2874 2317 παθῶν,
2904 2259 3004 2322 τῆς
3035 2256 3257 2326 ἀγνοίας
3284 2257 3346 2310 τὸ
3379 2257 3565 2321 σκότος
3586 2257 3755 2322 ἐστὶν,

2186 2349 2220 2420 ἣ
2272 2349 2457 2413 πάλιν,
2515 2347 2613 2416 νύξ
2659 2350 2806 2402 ἐστιν
2833 2351 2866 2418 ἡ
2897 2349 3191 2419 γεννητικὴ
3257 2350 3364 2402 τῶν
3416 2349 3600 2404 παθῶν
3641 2352 3757 2405 ἔπι-

2185 2441 2434 2513 κράτεια,
2461 2443 2520 2494 ἒν
2617 2441 2894 2511 βασιλεύει
2952 2443 2980 2494 ό
3004 2441 3100 2494 τοῦ
3144 2440 3369 2505 σκότους
3391 2440 3636 2515 ἔξαρχος,
3663 2445 3756 2497 καὶ

2184 2535 2243 2587 ὲν
2281 2526 2326 2603 ᾧ
2353 2534 2420 2587 τὰ
2453 2533 2620 2604 θηρία
2668 2531 2762 2586 τοῦ
2821 2529 3014 2605 ἀγροῦ,
3049 2531 3148 2586 καὶ
3185 2531 3260 2592 τὰ
3291 2537 3518 2588 ταπεινά
3549 2533 3642 2588 τοῦ
3671 2535 3760 2588 οὐ·

2187 2627 2373 2700 ρανοῦ,
2428 2626 2618 2681 καὶτὰ
2649 2625 2860 2697 ἑρπετά
2909 2625 3010 2697 τῆς
3045 2625 3152 2698 γῆς
3179 2626 3456 2699 τροπικῶς
3489 2627 3753 2698 λεγόμενα

2185 2720 2477 2789 πνεύματα
2535 2717 2829 2791 ὠρυόμενα
2887 2719 3158 2790 ζητοῦντα
3207 2719 3453 2791 ἁρπάσαι
3501 2719 3646 2790 ἡμᾶς
3677 2719 3756 2782 είς

2189 2809 2394 2884 βρῶσιν
2419 2810 2619 2868 αὐτῶν.
2877 2797 2891 2807 ’

2259 2903 2353 2960 οδθ.
2400 2904 2560 2960 Κατὰ
2622 2903 2814 2975 καιρδν
2868 2904 2970 2975 τῆς
3019 2903 3128 2957 τῶν
3174 2903 3362 2957 παθῶν
3411 2904 3686 2974 ἐνεργείας
3709 2903 3758 2956 oi.

2189 2996 2460 3067 λογισμοὶ,
2481 2996 2531 3049 οί
2564 2994 2663 3066 μὲν
2731 2995 3122 3064 προηγοῦνται,
3164 2996 3213 3049 οἱ
3262 2994 3318 3048 δὲ
3377 2994 3623 3048 ἕπονται·
3666 2993 3758 3047 κα)⁵

2191 3084 2565 3157 προηγοῦνται
2622 3084 2722 3156 μὲν
2750 3086 2800 3137 οἱ
2831 3083 3084 3155 λογισμοὶ
3110 3083 3218 3138 τῶν
3245 3083 3576 3154 φαντασιῶν,
3604 3083 3763 3136 ἕπον-

490 3173 1153 3268 phantasias'passiones.
1172 3173 1251 3253 ﬁEt
1278 3199 1560 3269 passiones
1609 3173 1926 3270 praecedunt
1973 3201 2083 3260 dte-

2194 3191 2284 3228 ται
2335 3175 2394 3228 δὲ
2439 3174 2550 3228 τῶν
2601 3173 2913 3243 φαντασιῶν
2966 3173 3076 3247 [ἵσ.
3132 3177 3252 3240 ταῖς
3313 3173 3649 3244 φαντασίαις]
3695 3176 3763 3228 τά

493 3290 771 3358 monibus,
796 3292 1077 3349 daauiones
1107 3306 1237 3348 vero
1263 3294 1549 3363 passiones
1575 3285 1907 3363 sequuntur.

560 3470 652 3526 75.
685 3470 904 3527 initium
935 3481 990 3528 et
1018 3486 1187 3529 causa
1221 3473 1478 3529 vitiorum
1512 3484 1600 3530 est
1644 3473 1893 3542 abusus;
1949 3476 2086 3532 abu-

492 3578 590 3619 sus
619 3571 823 3632 autem,
864 3563 1192 3633 inclinatio;
1223 3574 1278 3622 et
1336 3567 1738 3634 inelinationis,
1792 3567 2086 3638 proclivior

493 3658 787 3725 voluntas;
825 3657 1118 3712 voluntatis
1156 3668 1341 3714 autem
1377 3661 1630 3730 probatio
1670 3670 1754 3716 est
1805 3662 2039 3716 tentatio
2062 3679 2081 3728 ;

491 3760 547 3804 et
578 3751 898 3808 tentationis
932 3760 1190 3807 auctores
1221 3761 1354 3808 sunt
1382 3753 1691 3820 daemones,
1731 3755 2083 3824 permittente

492 3842 876 3910 Providentia,
913 3852 973 3900 ut
1008 3844 1332 3902 ostendatur
1354 3855 1563 3916 quanta
1590 3847 1664 3902 sit
1698 3855 1888 3902 nostra
1917 3848 2087 3906 liber-

494 3945 596 3992 tas.

564 4049 654 4104 76.
683 4048 948 4106 Stimulus
979 4053 1187 4120 peccati
1215 4062 1270 4109 et
1305 4053 1506 4124 sagitta
1544 4057 1742 4112 mortis
1801 4067 1887 4113 est
1921 4056 2087 4112 vitio-

494 4157 588 4198 sus
624 4146 822 4198 anima:
849 4145 1072 4200 habitus
1104 4164 1117 4200 :
1150 4161 1330 4217 neque
1361 4148 1511 4203 enim
1539 4149 1740 4205 mutari
1756 4158 1812 4206 et
1837 4153 2086 4206 converti

494 4245 694 4305 potest,
727 4239 816 4305 qui
843 4239 991 4291 vitiis
1019 4240 1162 4294 ultro
1198 4241 1394 4297 servit.

568 4411 661 4466 77.
700 4413 767 4467 Et
797 4414 1170 4486 multipliciter
1216 4420 1638 4492 distinguuntur
1687 4401 2006 4495 passiones,
2037 4436 2091 4480 et

503 4506 827 4561 dividuntur
860 4508 912 4563 in
947 4511 1263 4580 corporales
1301 4523 1355 4570 et
1387 4517 1725 4587 spirituales.
1763 4519 2094 4589 Corporales

497 4599 926 4656 subdividuutur
959 4602 1010 4656 in
1045 4603 1354 4663 dolorilicas
1397 4618 1454 4664 et
1513 4612 1925 4679 peccamiuosas
1957 4612 2091 4668 :do-

501 4690 737 4747 loriferae
801 4694 1003 4749 iterum
1083 4697 1479 4756 discernuntur
1531 4702 1585 4756 in
1655 4704 1984 4762 morbil‘eras
2039 4716 2094 4763 et

498 4792 764 4857 pmnales.
801 4792 1126 4864 Spirituales
1179 4797 1308 4852 item
1336 4799 1656 4854 dividuntur
1680 4801 1733 4855 in
1763 4803 2089 4875 irascibiles,

498 4885 952 4954 concupiscibiles
979 4897 1034 4941 et
1065 4889 1456 4947 rationabiles:
1487 4901 1541 4947 et
1569 4894 1932 4954 rationabiles
1965 4899 2096 4956 sub-

500 4973 822 5028 dividuntur
848 4977 900 5030 in
943 4979 1318 5047 phantasticas
1349 4992 1404 5038 et
1433 4985 1856 5044 intellectuales.
1901 4991 2094 5049 Adhuc

500 5065 620 5120 aliae
644 5078 774 5122 sunt
797 5071 1119 5127 voluntariae
1169 5089 1234 5128 ex
1269 5077 1469 5142 abusu,
1505 5078 1626 5132 alite
1671 5085 2000 5140 necessariae
2040 5093 2095 5142 et

499 5155 905 5228 iuvoluutarite,
933 5161 1078 5217 sicut
1130 5168 1414 5234 passiones
1493 5172 1655 5226 dictae
1713 5174 2090 5247 inculpabilcs,

393 5259 399 5270 '
505 5263 624 5317 quae
650 5258 996 5310 consectaria
1030 5267 1086 5312 et
1117 5262 1488 5328 proprietates
1523 5275 1734 5322 naturae
1775 5283 1804 5322 a
1835 5269 2094 5329 Patribus

503 5357 637 5399 γοου
649 5362 678 5398 ll
691 5356 798 5401 lUl‘.

573 5458 662 5512 78.
701 5458 839 5514 Tum
867 5462 1012 5517 aliud
1047 5464 1330 5532 passiones
1353 5482 1656 5538 corporeae,
1683 5480 1738 5526 et
1785 5470 1932 5530 aliud
1985 5477 2095 5547 spi-

500 5549 763 5617 rituales;
805 5562 914 5606 tum
954 5555 1106 5608 aliud
1155 5559 1630 5628 concupiscentiae
1681 5572 1737 5617 et
1793 5567 1942 5623 aliud
1975 5568 2094 5635 irae,

501 5643 644 5698 aliud
681 5649 909 5704 rationis
958 5657 1014 5703 et
1053 5648 1201 5704 aliud
1257 5651 1574 5710 intellectus
1617 5671 1682 5711 ac
1748 5660 2097 5730 cogitationis

502 5738 804 5803 passiones.
848 5740 920 5796 At
950 5756 1138 5797 secum
1193 5743 1430 5801 invicem
1483 5760 1684 5806 coeunt
1729 5763 1782 5807 et
1813 5755 1934 5810 alia:
1973 5756 2096 5813 aliis

503 5842 870 5900 cooperantur
901 5835 1187 5905 passiones
1215 5841 1470 5911 corporis
1496 5852 1551 5900 et
1592 5847 2088 5920 concupiscentiae,

2195 3264 2367 3336 πάθη,
2397 3266 2492 3319 καὶ
2523 3264 2633 3319 τῶν
2661 3267 2759 3336 μὲν
2783 3267 3061 3337 δαιμόνων
3094 3266 3458 3339 προηγοῦνται
3484 3267 3552 3321 τὰ
3593 3266 3760 3335 πάθη,

2194 3357 2419 3412 ἕπονται
2451 3358 2508 3412 δὲ
2532 3359 2644 3422 τοῖς
2672 3360 2903 3414 πάθεσιν
2930 3360 2980 3412 οἱ
3006 3359 3276 3430 δαίμονες.

2268 3446 2367 3501 οε’.
2388 3447 2557 3519 Ἀρχὴ
2574 3448 2682 3502 τῶν
2703 3448 2891 3502 παθῶν
2918 3449 3171 3504 καὶαίτία
3187 3451 3329 3504 ἐστὶν
3349 3451 3382 3522 ἡ
3402 3449 3761 3520 παράχρησις⁹

2198 3541 2601 3610 παραχρήσεως
2649 3541 2724 3608 δὲ,
2762 3543 2796 3613 ἡ
2835 3543 3010 3614 τροπή
3039 3558 3053 3572 ·
3089 3544 3297 3615 τροπῆς
3327 3543 3403 3610 δὲ,
3437 3545 3469 3614 ἡ
3502 3545 3638 3614 ῥοπὴ
3668 3544 3766 3612 τῆς

2199 3629 2491 3702 Θελητικῆς
2540 3632 2729 3698 ἕξεως·
2790 3634 3060 3707 θελήσεως
3081 3637 3135 3690 δὲ
3188 3636 3446 3706 δοκίμιον,
3509 3639 3542 3706 ἡ
3594 3654 3762 3706 προσ-

2201 3721 2333 3794 ϐολή
2373 3742 2388 3756 ο
2419 3725 2731 3796 προσϐολῆς
2793 3727 2869 3795 δὲ,
2905 3729 2954 3781 οι
2980 3728 3254 3798 δαίμονες,
3285 3729 3371 3782 διὰ
3387 3730 3484 3799 τῆς
3516 3730 3765 3800 προνοῐας

2200 3816 2698 3887 παραχωρούμενοι
2775 3817 3046 3873 δεικνύειν
3101 3822 3162 3873 τὸ
3219 3820 3377 3892 ἡμῶν
3427 3819 3763 3887 αὐτεξούσιον

2196 3906 2384 3958 ὁποῖόν
2407 3908 2577 3960 ἐστιν.

2276 4053 2384 4112 ος’.
2430 4048 2530 4114 ’ἰὸς
2557 4049 2652 4104 τοῦ
2685 4051 2912 4121 κέντρου
2941 4052 3041 4122 τῆς
3070 4052 3345 4122 ἁμαρτίας
3379 4053 3510 4123 πρὸς
3547 4050 3766 4104 θάνατον

2200 4139 2234 4210 ἡ
2263 4141 2520 4212 ἐμπαθὴς
2574 4141 2687 4209 ἕξις
2736 4144 2838 4213 τῆς
2882 4143 3060 4214 ψυχῆς
3085 4160 3099 4176 ⁸
3133 4145 3387 4214 ἀκίνητον
3412 4145 3516 4214 γὰρ
3543 4143 3650 4214 ἔχει
3677 4142 3767 4194 καὶ

2201 4231 2584 4302 ἀμετάϐλητον
2650 4233 2743 4286 τὸν
2797 4235 3001 4305 τρόπον
3042 4238 3069 4288 ὁ
3108 4238 3222 4299 τοῖς
3268 4236 3463 4288 πάθεσι
3520 4233 3767 4296 ποιωθεὶς

2203 4323 2488 4384 ἑκουσίως.

2277 4397 2373 4477 οζε
2404 4413 2558 4486 Πάθη
2585 4416 2838 4484 λέγονται
2861 4417 3237 4491 πολυτρόπως,
3266 4417 3591 4488 διαιροῦνται
3621 4417 3672 4469 δὲ
3692 4418 3764 4478 είς

2207 4508 2526 4578 σωματικὰ,
2553 4510 2648 4564 καὶ
2671 4509 2908 4579 ψυχικά·
2945 4513 3014 4565 τὰ
3043 4510 3333 4582 σωματικὰ
3349 4508 3658 4579 ὑποδιαιροῦ
3671 4525 3775 4560 nat

2205 4596 2286 4657 είς
2336 4596 2582 4666 ἀλγεινὰ,
2615 4599 2713 4651 καὶ
2744 4600 3100 4670 ἁμαρτητικά
3120 4615 3133 4629 ³
3167 4598 3236 4652 τὰ
3265 4599 3487 4667 ἀλγεινὰ
3537 4597 3775 4650 ὑποδιαι-

2210 4689 2426 4760 ροῦνται
2452 4695 2529 4754 είς
2549 4693 2756 4762 νοσηρά
2774 4694 2870 4747 καὶ
2919 4692 3270 4746 παιδευτικά·
3303 4693 3372 4745 τὰ
3395 4691 3596 4761 duxi-iui:
3621 4690 3774 4742 πάλιν

2208 4783 2547 4854 διαιροῦνται
2567 4788 2648 4849 είς
2682 4785 2914 4855 θυμικὰ,
2945 4784 3324 4856 ὲπιθυμητικὰ
3351 4785 3446 4837 καὶ
3479 4782 3771 4850 λογιστικοί·

2208 4875 2276 4928 τὰ
2294 4874 2583 4942 λογιστικὰ
2606 4877 3051 4948 ύποδιαιροῦνται
3075 4879 3154 4940 εἰς
3184 4875 3524 4945 φανταστικὰ
3554 4874 3649 4926 καὶ
3671 4872 3773 4924 δια-

2211 4967 2461 5036 νοητικὰ.
2527 4954 2748 5022 Τούτων
2801 4969 2869 5021 τὰ
2928 4970 3028 5039 μέν
3085 4971 3190 5021 εἱσι
3249 4968 3390 5021 κατὰ
3442 4967 3772 5038 παράχρησιι

2214 5057 2496 5128 θελητικὰ,
2551 5059 2622 5111 τὰ
2652 5059 2729 5126 δὲ,
2781 5061 2922 5114 κατὰ
2955 5061 3203 5130 ἀνάγκην
3254 5059 3512 5122 ἀκούσια,
3542 5058 3614 5120 ὡς
3638 5055 3771 5110 ἀδιά-

2215 5149 2386 5219 ϐλητα
2431 5150 2580 5220 πάθη
2643 5150 2933 5220 λεγόμενα,
2990 5151 3026 5204 ἃ
3083 5151 3176 5203 καὶ
3219 5147 3773 5219 παρακολουθήματα,

2217 5245 2311 5299 καὶ
2343 5243 2553 5311 φυσικὰ
2580 5242 2851 5311 ἰδιώματα
2873 5244 2926 5297 οἱ
2957 5242 3200 5313 Πατέρες
3226 5241 3512 5298 ἐκάλεσαν.

2271 5487 2375 5552 οη’.
2436 5471 2608 5535 Ἀλλὰ
2634 5479 2702 5533 τὰ
2757 5477 3048 5550 σωματικὰ
3093 5475 3259 5545 πάθη,
3293 5473 3388 5529 καὶ
3416 5469 3548 5532 ἄλλα
3569 5468 3635 5525 τὰ
3659 5467 3762 5539 ψυο

2198 5576 2330 5649 χικά
2351 5591 2366 5606 ⁸
2396 5573 2466 5628 τὰ
2506 5575 2607 5645 τῆς
2635 5573 2938 5642 ἐπιθυμίας
2971 5572 3159 5642 ἕτερα,
3186 5569 3279 5623 καὶ
3303 5568 3435 5624 ἄλλα
3453 5564 3546 5619 τοῦ
3573 5562 3763 5634 θυμοῦο

2198 5668 2365 5739 ἕτερα
2399 5665 2470 5720 τὰ
2506 5664 2601 5719 τοῦ
2653 5663 2990 5734 λογιστικοῦ,
3041 5661 3136 5716 καὶ
3157 5660 3290 5714 ἄλλα
3309 5658 3374 5719 τὰ
3399 5656 3488 5711 τοῦ
3529 5656 3646 5718 νοὸς
3676 5658 3766 5708 καὶ

2201 5759 2299 5829 τῆς
2365 5756 2642 5820 διανοίαςο
2717 5753 3037 5810 κοινωνοῦσι
3062 5752 3118 5806 δὲ
3143 5750 3409 5820 ἀλλήλοις,
3455 5749 3547 5802 καὶ
3581 5762 3761 5816 συνερι-

2202 5850 2358 5920 γοῦσι
2393 5849 2593 5920 θάτερα
2621 5849 2732 5914 τοῖς
2757 5846 2985 5916 ἑτέροις·
3018 5845 3084 5900 τὰ
3112 5845 3210 5915 μὲν
3224 5841 3525 5912 σωματικὰ,
3549 5837 3679 5907 πρὸς
3698 5839 3760 5889 τὰ
