4020 6480
363 394 491 460 1261

1398 384 1673 449 CAPITA
1715 382 1871 445 PER
1910 378 2570 444 ACROSTICIIIDEM.

3476 363 3612 424 ηοξ

348 523 445 591 τῆς
486 515 801 586 ἐπιθυμίας,
839 511 907 566 τὰ
932 510 990 565 δὲ
1017 506 1250 579 ψυχικά,
1276 504 1410 575 πρὸς
1436 504 1502 558 τὰ
1529 502 1620 556 τοῦ
1662 500 1916 571 θυμικοῦ,

2067 494 2244 549 mima:
2270 506 2324 549 et
2359 495 2476 555 iraa,
2511 489 2740 546 rationis
2766 495 2821 543 et
2857 485 3185 550 intellectus,
3220 478 3531 535 intellectus
3561 484 3616 530 et

350 613 445 665 καὶ
475 610 641 665 πάλιν
664 607 735 660 τὰ
764 602 1072 674 λογιστικὰ,
1099 598 1233 669 πρὸς
1252 599 1319 650 τὸ.
1344 596 1526 666 νοερὰ,
1542 595 1636 648 καὶ
1650 593 1717 646 τὰ
1733 592 1918 663 νοερὰ,

349 706 489 776 πρὸς
518 704 585 757 τὰ
613 701 715 770 τῆς
771 698 1009 759 διανοίας
1041 696 1135 749 καὶ
1162 694 1259 762 τῆς
1318 692 1534 761 μνήμης
1600 688 1919 757 παθήματα.

420 795 516 847 σθ’.
548 789 735 863 Θυμοῦ
786 789 885 860 μέν
908 790 1013 841 είσι
1040 785 1209 854 πάθη,
1232 785 1391 851 ὀργὴ,
1422 781 1637 850 πικρία,
1679 777 1922 846 κραυγὴ,

350 884 624 955 ὀξυχολία,
658 881 880 951 θράσος,
914 878 1103 945 τῦφος,
1138 873 1432 936 ἀλαζωνία,
1458 873 1551 924 καὶ
1583 870 1684 923 είτι
1716 868 1921 937 ἕτερον·

351 974 648 1044 ἐπιθυμίας
678 971 758 1032 δὲ,
794 967 1100 1033 πλεονεξία,
1132 963 1418 1027 ἀκολασία,
1444 959 1700 1032 ἀκρασία,
1758 956 1931 1023 ἀπλη-

355 1066 501 1127 στία,
563 1061 865 1133 φιληδονία,
918 1057 1273 1129 φιλαργυρία,
1343 1054 1602 1122 φιλαυτία
1646 1052 1680 1121 ἡ
1712 1048 1931 1101 πάντων

353 1155 733 1227 χαλεπωτέρα·
760 1153 828 1205 τὰ
861 1151 917 1204 δὲ
947 1150 1047 1218 τῆς
1094 1146 1315 1217 σαρκὸς,
1376 1144 1625 1212 πορνεία,
1690 1138 1928 1208 μοιχεία,

355 1242 965 1315 ἀκαθαρσία,,ἀσωτία,
1000 1238 1204 1302 ἀδικία,
1237 1233 1673 1305 γαστριμαργία,
1706 1229 1930 1298 ἀκηδία,

357 1340 727 1409 περπερὸτης,
758 1333 1107 1404 φιλοκοσμία,
1144 1329 1428 1400 φιλοζωῒα.
1468 1329 1560 1379 καὶ
1592 1325 1696 1377 είτι
1722 1323 1928 1391 ἕτερον’

358 1432 426 1484 τὰ
463 1432 518 1484 δὲ
541 1430 633 1482 τοῦ
661 1424 977 1495 λογιστικοῦ
1010 1424 1208 1493 μέρους
1227 1422 1385 1479 είσὶν,
1414 1416 1662 1481 ἀπιστία,
1692 1414 1934 1483 βλασφη-

363 1522 499 1591 μία,
548 1519 805 1588 πονηρία.
861 1512 1197 1583 πανουργία,
1253 1509 1609 1579 περιέργεια,
1668 1503 1930 1573 διψυχία,

360 1612 618 1681 λοιδορία,
668 1607 991 1670 καταλαλιὰ,
1040 1604 1383 1672 κατάκρισις,
1449 1597 1817 1664 ἐξουδένωσις,
1851 1594 1936 1645 εὑ·-

362 1701 655 1773 τραπελία,
691 1698 1003 1765 ὑπόκρισις,
1041 1693 1259 1763 ψεῦδος,
1289 1687 1662 1759 αἰσχρολογία,
1700 1685 1940 1755 μωρολο-

362 1797 483 1862 γία,
516 1792 840 1861 ὑπουλότης,
866 1788 1107 1856 εἰρωνία,
1140 1783 1398 1855 φανητία,
1423 1777 1936 1850 ἀνθρωπαρέσκεια,

366 1884 765 1957 μετεωρισμὸς,
830 1877 1127 1950 ἐπιορκίαι,
1163 1872 1503 1944 ἀργολογίαι,
1531 1871 1625 1922 καὶ
1657 1869 1727 1920 τὰ
1754 1865 1939 1919 λοιπά.’

360 1946 430 2031 τὰ
458 1978 513 2030 δέ
540 1946 799 2035 τοῦ-νοὸς,
854 1946 1054 2039 οἴησις,
1095 1967 1348 2034 ἔπαρσις,
1378 1960 1765 2032 μεγαλαυχίαι,
1800 1958 1939 2027 ἔρις,
1988 1946 2029 2004 Β

362 2068 551 2136 ζῆλος,
578 2062 970 2133 αὑταρέσκεια,
997 2054 1300 2123 ἀντιλογία,
1361 2052 1615 2120 ἀνηκοῖα,
1648 2048 1940 2118 φαντασία,

364 2154 738 2224 ἀναπλασμοὶ,
774 2148 1149 2221 φιλενδειξίαι,
1212 2142 1510 2212 φιλοδοξία,
1564 2139 1941 2211 ὑπερηφανία,

359 2249 421 2300 τὸ
450 2245 667 2317 πρῶτον
720 2243 815 2296 καὶ
868 2243 1095 2308 ἔσχατον
1140 2238 1358 2293 πάντων
1387 2232 1499 2287 τῶν
1529 2231 1716 2288 κακῶν
1739 2247 1752 2260 ο
1800 2230 1869 2301 τά
1888 2227 1946 2279 δέ

360 2340 461 2407 τῆς
510 2334 755 2397 διανοίας
783 2334 893 2387 εἰσὶ
961 2330 1156 2395 ταῦτα,
1182 2327 1515 2400 ρεμϐασμοὶ,
1551 2320 1947 2395 μετεωρισμοὶ,

360 2429 754 2500 αἰχμαλωσίαι,
789 2426 1073 2489 σκὸτωσις,
1098 2422 1396 2491 τύφλωσις,
1430 2420 1748 2487 ἀπαγωγαὶ,
1778 2432 1947 2484 προσ-

365 2523 540 2589 ϐολαὶ,
573 2518 1035 2587 συγκαταθέσεις.
1069 2515 1255 2587 ῥοπαὶ,
1287 2512 1511 2585 τροπαὶ,
1540 2507 1946 2581 παραρῥισμοὶ,

363 2617 459 2669 καὶ
485 2617 554 2669 τὰ
583 2616 746 2684 ὃμοια
792 2610 1022 2672 τούτων,
1085 2609 1162 2670 ὡς
1188 2607 1253 2659 ἐν
1295 2607 1407 2676 ὅρῳ
1434 2605 1491 2658 δὲ
1526 2603 1717 2672 φάναι,
1771 2600 1951 2654 πάντα

362 2708 432 2759 τὰ
462 2706 615 2775 παρά
672 2702 837 2772 φύσιν
882 2702 1033 2755 κακά
1084 2702 1209 2764 ταῖς
1235 2698 1383 2768 τρισὶ
1412 2698 1678 2766 δυνάμεσι
1716 2692 1817 2765 τῆς
1850 2692 1951 2761 ψυ-

368 2804 471 2870 Χῆς
505 2798 903 2867 συνεμίγησαν,
955 2795 1146 2861 ὥσπερ
1196 2791 1294 2845 καὶ
1315 2789 1385 2843 τὰ
1427 2787 1608 2856 ἀγαθὰ
1659 2787 1717 2839 ἐν
1761 2784 1951 2845 αὑταῖς

368 2893 550 2946 πάντα
581 2888 991 2958 συνυπάρχουσι
1021 2885 1164 2937 κατά
1185 2881 1365 2952 φύσιν.
1880 2874 1895 2881 ’“

446 2982 601 3038 π’.“Ω
616 2982 713 3051 τῆς
739 2980 834 3033 τοῦ
857 2978 1022 3031 Δαϐὶδ
1053 2977 1189 3047 πρὸς
1208 2975 1300 3028 τὸν
1327 2974 1461 3028 Θεὸν
1492 2971 1609 3042 μετ’
1639 2967 1955 3038 ἐκπλήξεως

380 3075 811 3148 μεγαληγορίας,
857 3068 1282 3142 ἐθαυμαστώθη,
1336 3067 1607 3135 λέγοντος,
1656 3064 1721 3117 Ἦ
1752 3059 1955 3130 γνῶσίς

379 3184 473 3219 σου
504 3165 565 3229 ἐξ
592 3163 753 3234 ἐμοῦ,
802 3163 864 3216 οὐ
891 3161 1003 3231 γὰρ
1034 3161 1274 3230 δύναμαι
1305 3158 1441 3229 πρὸς
1469 3155 1642 3225 αὐτὴν
1676 3151 1954 3223 ἰσχυροτέ-

380 3275 481 3328 ραν
543 3256 707 3309 οὖσαν
737 3252 856 3307 ’καὶ
907 3252 1197 3320 ἀνέφικτον
1257 3249 1397 3318 ὑπὲρ
1446 3246 1544 3317 τὴν
1583 3244 1722 3315 ἐμὴν
1752 3239 1957 3309 ἀσθενῆ

378 3351 581 3419 γνῶσιν
607 3348 701 3400 καὶ
743 3347 975 3416 δύναμιν
1013 3345 1110 3415 τὴν
1137 3332 1249 3397 ἐπ”
1282 3344 1440 3411 ἐμοί’
1476 3338 1590 3401 πῶς
1628 3338 1724 3391 καὶ
1753 3339 1787 3406 ἡ
1821 3334 1960 3407 σὰρξ

380 3440 767 3507 ἀκατάληπτος
821 3438 963 3505 αὕτη
1011 3435 1155 3489 κατά
1189 3434 1289 3500 τὴν
1322 3430 1571 3485 σύνθεσιν
1612 3429 1713 3498 τῆς
1733 3426 1960 3481 διαπλά-

383 3549 519 3592 σεως
588 3528 743 3592 οὖσα,
796 3526 1079 3595 τριαδικὴν
1124 3526 1181 3577 ἐν
1234 3523 1451 3593 ἑκάστῳ
1501 3521 1651 3583 εῖδει,
1702 3520 1795 3573 καὶ
1827 3518 1956 3587 μίαν

382 3625 612 3694 ἔχουσαν
650 3623 747 3688 τὴν
780 3618 1047 3688 ἁρμονίαν
1076 3617 1184 3670 τῶν
1222 3616 1369 3669 ίδίων
1398 3613 1574 3685 μελῶν
1620 3612 1713 3666 καὶ
1755 3609 1957 3680 μερῶν,

384 3716 477 3767 καὶ
529 3710 751 3781 ἀριθμῷ
806 3708 1146 3776 ἑϐδοματικῷ
1173 3705 1411 3774 δευτέρῳ
1451 3703 1792 3773 τιμωμένην,
1822 3701 1959 3770 ὅπερ

382 3806 574 3874 χρόνον
599 3804 694 3856 καὶ
724 3801 887 3871 φύσιν
908 3799 1047 3853 κατὰ
1076 3801 1203 3861 τοὺς
1252 3795 1652 3867 ἁριθμητικοὺς
1685 3793 1959 3863 ἐμφαίνει,

382 3896 457 3959 ὡς
488 3893 628 3949 εἶναι
675 3895 768 3947 καὶ
795 3894 929 3946 αὐτὸ
956 3895 1037 3953 εἰς
1071 3891 1231 3957 δόξαν
1263 3888 1399 3942 Θεοῦ
1436 3891 1667 3956 ὄργανον
1700 3891 1961 3956 ἐκφαντο-

389 3988 541 4059 ρικὸν
589 3988 877 4058 τριαδικῆς
929 3982 1414 4055 μεγαλοπρεπείας
1448 3979 1958 4049 φυσιολογούμενον,

384 4080 529 4132 κατὰ
561 4079 686 4140 τοὺς
711 4079 957 4146 ἐνεργεῖς
982 4075 1180 4145 νόμους
1210 4074 1446 4141 φύσεως.

456 4168 571 4223 πα’.
608 4170 781 4237 Νόμοι
811 4166 1025 4235 φύσεώς
1048 4167 1184 4217 εἰσιν
1216 4167 1271 4217 αί
1308 4164 1459 4217 ποιαὶ
1490 4161 1600 4214 τῶν
1632 4161 1959 4230 ἐνεργουμέ-

388 4278 495 4313 νων
541 4258 718 4330 μελῶν
766 4258 1078 4320 συνθέσεις,
1117 4256 1183 4319 ἃς
1227 4257 1322 4308 καὶ
1368 4254 1694 4323 ἑτερότητας
1736 4253 1763 4303 ὁ
1795 4252 1963 4324 ,λόγος

387 4353 668 4416 ἐκάλεσεν,
712 4351 787 4413 ὡς
820 4348 1185 4420 πολυμερείας
1222 4348 1327 4400 τῶν
1370 4347 1513 4401 ἰδίων
1552 4345 1851 4414 ίδιοτήτων.
1896 4344 1966 4395 ’Ἡ

390 4446 587 4511 πάλιν,
622 4445 787 4513 νόμος
832 4444 1059 4512 φυσικός
1115 4444 1261 4495 ἐστιν
1296 4443 1329 4511 ή
1364 4442 1597 4496 ἑκάστου
1654 4440 1827 4502 εἴδους
1873 4438 1966 4492 καὶ

395 4536 591 4604 μέλους
622 4536 873 4604 ἐνέργεια
908 4537 967 4587 ἐν
994 4535 1243 4603 δυνάμει.
1276 4533 1486 4601 Ὥσπερ
1519 4532 1628 4602 γὰρ
1656 4533 1684 4584 ὁ
1714 4530 1845 4591 Θεὸς
1869 4530 1966 4598 τὴν

386 4629 609 4681 ἃπασαν
641 4629 839 4691 κτίσιν,
875 4626 1047 4689 οὕτως
1076 4629 1110 4695 ἡ
1147 4626 1293 4695 ψυχὴ
1318 4625 1386 4677 τὰ
1420 4627 1514 4677 τοῦ
1546 4625 1796 4693 σώματος
1831 4624 1962 4693 μέλη

390 4722 485 4773 καὶ
524 4722 756 4790 ἐνεργεῖ,
788 4720 882 4771 καὶ
912 4721 1051 4771 κινεῖ
1081 4718 1312 4771 ἕκαστον
1346 4716 1481 4786 πρὸς
1524 4716 1622 4787 τὴν
1659 4715 1794 4768 ίδίαν
1825 4712 1972 4777 ἐνέρ-

388 4830 568 4881 γειαν.
621 4811 893 4880 Ζητητέον
939 4811 995 4862 δὲ
1043 4810 1149 4861 τίνι
1200 4811 1342 4878 λόγῳ
1384 4810 1472 4862 τὸν
1516 4808 1686 4877 θυμὸν
1736 4808 1827 4859 καὶ
1868 4806 1966 4875 τὴν

392 4902 712 4971 ἐπιθυμίαν,
744 4900 875 4954 ποτὲ
913 4901 1009 4970 μὲν
1040 4901 1087 4953 oi
1116 4901 1364 4969 θεοφόροι
1394 4900 1605 4970 ἄνδρες,
1640 4901 1738 4967 τῆς
1765 4899 1967 4967 σαρκὸς

389 4992 534 5049 εἶναι
583 4995 886 5061 φάσκουσι,
923 4992 1053 5045 ποτὲ
1082 4991 1169 5055 δὲ,
1202 4994 1284 5045 ὅτι
1311 4991 1411 5059 τῆς
1439 4991 1616 5061 ψυχῆς
1658 4992 1766 5043 είσι
1805 4989 1967 5043 δυνά-

392 5102 535 5157 μεις.
578 5084 686 5139 Καί
717 5102 927 5155 φαμεν,
961 5085 1043 5137 ὅτι
1078 5083 1337 5153 οὐδεμίαν
1367 5082 1724 5153 ἀσυμφωνίαν
1754 5081 1969 5152 ἔχουσιν

387 5180 441 5231 oi
480 5178 630 5245 λόγοι
669 5177 778 5230 τῶν
821 5177 993 5244 ἁγίων
1025 5176 1177 5246 παρὰ
1208 5178 1321 5237 τοῖς
1361 5174 1605 5245 ἀκριϐῶς
1637 5174 1835 5228 είδόσιν
1875 5174 1970 5227 αὐ-

390 5270 541 5335 τοὺς,
573 5267 688 5321 ἁλλ’
728 5269 1027 5339 ἀμφότεροι
1059 5267 1403 5337 ἀληθεύουσι,
1428 5269 1521 5320 καὶ
1540 5271 1682 5321 κατὰ
1704 5268 1765 5320 τὸ
1799 5284 1971 5338 προσ-

390 5363 531 5431 ῆκον
571 5363 671 5425 τὰς
714 5363 1085 5432 ποοσηγορίας
1138 5362 1527 5415 ἐναλλάσσουσι
1577 5363 1719 5415 πάνυ
1752 5363 1967 5431 σοφῶς,

393 5454 487 5508 διὰ
515 5454 613 5524 τὴν
642 5456 897 5525 ἀρρήτως
922 5455 1089 5523 ἄμφω
1114 5455 1328 5523 γένεσιν
1359 5457 1438 5518 εἰς
1464 5455 1524 5507 τὸ
1550 5451 1690 5508 εἶναι
1718 5455 1859 5508 κατὰ
1880 5455 1971 5508 τὸν

394 5545 496 5614 τῆς
556 5546 944 5617 συνυπάρξεως
989 5547 1190 5616 τρόπον
1216 5565 1229 5577 ·
1268 5546 1344 5610 ὡς
1395 5544 1533 5600 εἶναι
1578 5546 1676 5616 μὲν
1718 5546 1899 5599 τελεία
1937 5548 1970 5616 ἡ

397 5638 549 5708 ψυχὴ
598 5639 694 5693 ἀπ’
742 5639 994 5692 ἐντεῦθεν
1019 5680 1033 5703 ,
1086 5641 1274 5703 ἀτελὲς
1316 5641 1372 5694 δὲ
1422 5642 1481 5693 τὸ
1517 5639 1706 5710 σῶμα,
1746 5639 1835 5692 διὰ
1873 5640 1972 5709 τὴν

399 5730 705 5803 Θρεπτικὴν
738 5731 1003 5800 αὖξησιν.-
1048 5733 1110 5785 Ἡ
1159 5732 1306 5803 ψυχὴ
1339 5732 1444 5802 γὰρ
1498 5732 1619 5786 καθ’
1652 5718 1821 5803 αὐτὴν
1859 5732 1973 5803 ἔχει

490 5922 514 5955 ⁹
536 5920 677 5977 Psal.
704 5937 940 5987 cxxxvu,
961 5929 1020 5984 ϐ.

2046 585 2397 659 cogitationis
2431 582 2817 651 memoriteque
2847 580 3151 646 passiones.

2091 774 2209 843 ‘79.
2247 785 2386 841 Vitia
2410 783 2699 840 irascibilis
2739 782 2931 836 anima:
2982 787 3109 835 sunt
3148 780 3251 841 ira,
3291 774 3613 836 acrimonia,

2042 880 2384 951 jurgiositas,
2432 876 2795 940 irritabilitas,
2846 874 3093 939 audacia,
3139 870 3469 939 arrogantia,
3507 867 3619 934 glo-

2049 974 2229 1037 riatio,
2280 982 2332 1027 et
2353 983 2569 1036 cetera;
2628 967 3315 1043 concupiscibilisuautem,
3368 958 3617 1020 avaritia,

2050 1065 2468 1124 incontinentia,
2494 1059 2928 1128 intemperantia,
2953 1055 3252 1115 insatietas,
3282 1050 3617 1119 voluptatum

2051 1156 2270 1224 cupido,
2307 1157 2422 1207 auri
2460 1154 2650 1216 fames,
2702 1151 2789 1204 sui
2826 1148 2997 1217 ipsius
3047 1160 3218 1207 amor,
3250 1142 3342 1211 qui
3374 1151 3457 1195 est
3506 1153 3617 1191 om-

2052 1248 2202 1300 nium
2223 1246 2490 1314 pessimos
2517 1258 2531 1308 ;
2555 1252 2608 1296 et
2625 1242 2806 1295 carnis
2830 1238 3109 1307 passiones
3148 1246 3272 1288 sunt
3315 1228 3617 1288 fornicatie,

2054 1337 2310 1402 mmehia,
2342 1334 2699 1404 impudicitia,
2753 1328 3098 1389 comessatio,
3132 1323 3414 1393 injustitia,
3447 1320 3614 1388 inglu-

2056 1432 2198 1495 vies,
2228 1430 2438 1490 acedia,
2482 1426 2725 1489 fatuitas,
2750 1424 2935 1485 luxus,
2963 1422 3161 1474 nimius
3204 1418 3326 1470 vita:
3370 1429 3544 1475 amor,
3573 1424 3628 1467 et

2056 1522 2193 1587 alia;
2228 1531 2283 1575 et
2320 1519 2568 1579 rationis,
2590 1516 2970 1576 incredulitas,
3001 1508 3358 1578 blasphemia,
3394 1503 3623 1563 malitia,

2059 1615 2238 1677 dolus,
2266 1611 2577 1673 curiositas,
2612 1607 2923 1676 duplicitas,
2981 1600 3321 1660 detractatio,
3374 1594 3628 1649 dill‘ama-

2062 1704 2568 1771 tio,condemnatio,
2624 1697 2976 1769 vituperatio,
3000 1693 3277 1756 dicacitas,
3300 1687 3628 1758 hypocrisis,

2060 1796 2423 1858 mendacium,
2453 1791 2864 1862 turpiloquium,
2894 1786 3223 1847 scurrilitas,
3242 1777 3625 1837 dissimulatio,

2063 1891 2257 1951 ironia,
2285 1886 2601 1947 ostentatio,
2637 1881 2927 1952 placentia,
2953 1876 3263 1938 insolentia,
3308 1870 3626 1943 perjurium,

2062 1982 2455 2051 vaniloquium,
2506 1986 2561 2032 et
2620 1977 2868 2045 reliqua;
2916 1985 2969 2027 ct
3002 1971 3328 2051 intellectus,
3375 1978 3631 2032 praesum-

2059 2078 2190 2147 ptio,
2224 2073 2410 2138 elatio,
2449 2068 2733 2140 jactantia,
2769 2046 3070 2127 contentio,
3104 2061 3325 2123 invidia,
3357 2057 3631 2110 sullicien-

2060 2173 2156 2233 tia,
2211 2164 2598 2226 contradictio,
2644 2157 3045 2218 inobedientia,
3075 2154 3381 2224 phantasia,
3432 2149 3632 2209 illusio,

2059 2260 2292 2323 vanitas,
2310 2255 2558 2325 gloriola,
2574 2252 2851 2321 superbia,
2876 2262 2997 2317 qua;
3013 2256 3092 2301 est
3111 2247 3343 2314 primum
3362 2243 3636 2296 ultimum-

2058 2368 2163 2422 que
2209 2350 2449 2403 omnium
2511 2345 2817 2408 malorum;
2870 2350 2926 2395 et
2993 2336 3363 2407 cogitationis,
3435 2331 3636 2386 distra-

2059 2421 2291 2507 ctioues,
2324 2446 2540 2492 tumens
2598 2433 2845 2503 spiritus,
2898 2428 3187 2492 servilitas,
3244 2421 3637 2484 obtenebratio,

2060 2529 2375 2594 obcmcatio,
2406 2525 2780 2595 evagatioues,
2807 2520 3156 2582 teutationes,
3175 2530 3493 2577 consensus,
3510 2526 3637 2581 pro-

2064 2622 2379 2693 pensiones,
2414 2615 2822 2678 inclinationes,
2841 2609 3200 2681 repulsioues,
3244 2615 3298 2663 et
3348 2598 3538 2661 horum
3561 2603 3640 2657 si-

2064 2715 2233 2778 milia,
2263 2712 2335 2766 ita
2366 2719 2446 2775 ut,
2510 2722 2621 2763 uno
2651 2706 2840 2769 verbo,
2904 2701 3090 2758 omnia
3144 2707 3330 2754 contra
3382 2706 3631 2749 naturam

2064 2806 2207 2858 mala
2235 2805 2292 2859 in
2319 2803 2495 2857 tribus
2532 2799 2724 2853 animae
2770 2795 2977 2849 viribus
3027 2791 3309 2846 commista
3342 2790 3471 2851 sint,
3496 2788 3641 2840 sicut

2066 2906 2120 2950 et
2146 2893 2328 2950 omnia
2351 2894 2509 2961 juxta
2542 2898 2789 2943 naturam
2808 2885 2946 2938 bona
2980 2885 3031 2936 in
3060 2882 3283 2937 eissunt
3303 2877 3638 2932 consociata.

2147 2987 2238 3041 80.
2287 2985 2348 3039 ιιι
2401 2982 2601 3037 mentis
2650 2992 2876 3033 excessu
2905 2975 3075 3029 cllusa
3115 2988 3148 3026 ο
3186 2969 3640 3039 magniloquentia

2069 3078 2287 3135 Davidis
2340 3079 2406 3129 ad
2504 3074 2667 3127 Dt‘ltltl
2724 3068 2957 3124 dicentis
2991 3068 3011 3097 ⁹
3052 3083 3067 3123 ;
3110 3084 3129 3115 ι
3182 3062 3442 3116 Mirabilis
3504 3059 3643 3112 facta

2069 3182 2154 3226 est
2206 3169 2432 3226 scientia
2483 3177 2572 3221 tua
2628 3181 2691 3219 ex
2742 3169 2947 3228 me;et
2998 3173 3101 3212 non
3166 3166 3354 3226 potero
3386 3154 3452 3207 ad
3500 3168 3642 3212 eam,

1993 3263 2193 3337 cquia
2256 3259 2558 3316 eonfortata
2618 3264 2741 3318 est,
2780 3270 2798 3303 ι
2856 3262 2911 3306 et
2974 3251 3285 3312 inaccessa,
3350 3254 3406 3298 et
3482 3257 3643 3309 supe-

2073 3357 2186 3413 rior
2216 3354 2380 3409 debili
2417 3351 2643 3406 scicntia
2674 3363 2795 3402 mea
2826 3354 2881 3400 et
2930 3344 3138 3399 viribus
3170 3342 3325 3403 meis,
3375 3338 3643 3404 quomodo

2072 3456 2127 3501 et
2163 3445 2334 3515 ipsius
2363 3443 2543 3496 carnis
2580 3432 3337 3506 hujusincomprehensibilis
3376 3440 3459 3483 est
3510 3444 3643 3481 con-

2072 3535 2421 3593 formationis
2470 3529 2814 3600 compositio,
2841 3542 2959 3595 qua:
2985 3527 3181 3578 trinam
3235 3525 3286 3576 in
3320 3535 3644 3587 unoquoque

2074 3641 2272 3696 genere
2316 3635 2371 3679 et
2424 3624 2638 3677 unicam
2698 3621 2863 3673 habet
2892 3632 3113 3671 suorum
3182 3614 3547 3667 membrorum
3583 3627 3645 3664 ac

2075 3719 2311 3787 partium
2355 3714 2720 3775 harmoniam,
2771 3720 2992 3778 septeno
3047 3716 3101 3761 et
3146 3706 3274 3759 bino
3324 3705 3644 3757 aestimatam

2074 3823 2324 3871 numero,
2357 3806 2446 3876 qui
2509 3815 2720 3871 tempus
2758 3810 2813 3855 et
2862 3808 3109 3853 naturam
3150 3794 3447 3850 secundum
3477 3794 3649 3845 arith-

2078 3901 2306 3956 meticos
2351 3896 2684 3967 signiﬁcant,
2719 3894 2791 3948 ita
2824 3901 2884 3946 ut
2938 3900 2992 3944 et
3026 3890 3124 3959 ipsi
3188 3890 3252 3940 ad
3291 3888 3512 3955 gloriam
3556 3885 3648 3938 Dei

2077 3991 2366 4047 conferant
2398 3996 2682 4056 augustam
2704 3985 3025 4039 Trinitatem
3056 3982 3273 4049 physice
3293 3982 3651 4039 os:e..dendo,

2073 4084 2223 4150 juxta
2254 4079 2501 4135 ellicaces
2531 4088 2742 4132 naturae
2776 4075 2940 4145 leges.

2150 4175 2237 4227 8t.
2291 4172 2497 4241 Reputa
2531 4171 2675 4239 leges
2714 4176 2920 4222 natura:
2966 4179 3089 4219 esse
3123 4162 3477 4234 particulares
3540 4176 3655 4214 mo-

2081 4276 2257 4321 torum
2323 4263 2692 4320 membrorum
2748 4242 3205 4327 compositiones,
3285 4271 3419 4325 quas
3486 4256 3649 4307 etiam

2081 4372 2265 4411 sermo
2298 4365 2455 4408 vocat
2501 4353 2859 4415 dilleretitias,
2931 4352 3056 4419 quia
3106 4358 3234 4404 sunt
3281 4348 3445 4400 variae
3476 4355 3655 4415 partes

2084 4450 2424 4518 propriormn
2481 4445 2890 4498 attributorum.
2923 4440 3020 4495 Vel
3082 4455 3272 4494 rursus
3308 4439 3393 4492 lex
3445 4448 3652 4491 natura:

2090 4552 2177 4594 est
2241 4541 2507 4608 cujusque
2582 4537 2798 4604 generis
2856 4545 2951 4587 aut
3016 4532 3245 4586 membri
3298 4533 3542 4602 Operatio
3602 4531 3654 4582 in

2018 4610 2058 4663 ί)
2092 4632 2353 4699 potentia.
2429 4628 2496 4682 Ut
2558 4628 2704 4681 enim
2762 4625 2903 4677 Deus
2954 4638 3144 4678 omnes
3203 4632 3518 4685 creaturas,
3576 4623 3656 4675 sic

2085 4722 2266 4774 anima
2295 4719 2543 4788 corporis
2583 4728 2734 4771 artus
2786 4727 2982 4777 movet,
3018 4724 3070 4767 et
3102 4714 3250 4767 ducit
3298 4728 3658 4781 unumqttetn-

2085 4829 2190 4882 que
2218 4813 2282 4866 ad
2317 4810 2587 4881 p‘r0priam
2620 4810 3012 4878 operationem.
3045 4805 3435 4873 lnquireudum
3473 4815 3652 4859 autem

2085 4916 2167 4961 est
2195 4922 2303 4974 quo
2346 4919 2508 4958 sensu
2539 4911 2741 4971 partem
2772 4899 3094 4954 irascibilem
3117 4898 3656 4968 etconeupiscihilem

2085 5000 2192 5054 divi
2230 4998 2421 5054 Patres
2448 4996 2612 5050 modo
2644 4994 2851 5055 carnis,
2913 4992 3074 5047 modo
3125 4992 3323 5046 anima:
3379 4992 3652 5059 potentias

2090 5098 2424 5159 tunicupeut.
2458 5090 2521 5141 Et
2580 5086 2814 5141 dicimus
2847 5084 3051 5137 nullam
3103 5084 3158 5138 in
3205 5093 3515 5139 Sanctorum
3545 5097 3659 5135 ser-

2086 5184 2336 5237 monibus
2369 5179 2762 5234 dissonantiam
2801 5176 3034 5231 inveniri
3083 5178 3150 5229 ab
3177 5176 3258 5227 his
3289 5175 3379 5242 qui
3411 5188 3504 5227 eos
3536 5187 3661 5239 per-

2084 5275 2308 5337 callent,
2343 5272 2434 5326 sed
2488 5272 2634 5338 ipsos
2689 5270 2945 5334 utrinque
2994 5281 3181 5320 verum
3219 5263 3423 5325 dicere,
3462 5273 3516 5315 et
3558 5277 3655 5331 pro

2086 5364 2437 5433 congruentia
2493 5363 2796 5419 locutiones
2852 5372 3063 5413 mutare
3126 5356 3285 5409 valde
3349 5354 3651 5424 sapienter,

2087 5460 2213 5527 quia
2275 5471 2475 5525 corpus
2530 5465 2583 5510 et
2638 5455 2816 5509 attinta
2880 5449 3228 5504 inell‘abiliter
3260 5459 3384 5516 apta
3437 5454 3562 5500 sunt
3589 5450 3658 5500 ad

2089 5560 2327 5602 mutuam
2364 5547 2827 5617 conjunctionem,
2855 5544 2927 5595 ita
2973 5550 3032 5594 ut
3064 5538 3303 5607 perfecta
3352 5537 3464 5605 jam
3513 5550 3658 5590 nunc

2084 5642 2152 5695 sit
2214 5640 2417 5702 anima,
2478 5638 2853 5709 imperfectum
2910 5649 3040 5687 vero
3089 5646 3307 5699 corpus,
3336 5638 3520 5699 utpote
3562 5643 3662 5698 per

2082 5735 2442 5787 nutritionem
2476 5746 2752 5787 crescens.
2783 5727 3029 5783 Namque
3052 5727 3233 5779 anima
3258 5720 3661 5794 concupiscibi-
