4020 6456
452 392 589 457 Ῑὶϐθ

1699 380 2086 460 enseontt
2129 377 2460 440 SlNAl'LE

3559 375 3688 440 1263

453 505 561 558 lem
595 500 892 570 appetitum
945 507 999 552 ct
1045 496 1150 550 vim
1193 493 1524 549 irascibilcm
1557 508 1663 564 qua
1693 505 1936 550 movetur
1965 494 2022 548 ad

2125 491 2217 549 καὶ
2241 489 2473 562 δύναμιν
2502 492 2795 563 όρεκτικῆς
2822 491 3136 563 ἐπιθυμίας,
3172 491 3265 544 καὶ
3291 488 3523 560 θυμικὴν
3550 491 3686 557 πρὸς

453 593 831 649 fortitudinem
889 604 1060 653 amor,
1120 588 1173 641 in
1207 587 1380 655 seipsa
1412 586 1572 641 habet
1622 602 1651 640 a
1697 584 2028 640 formatione

453 702 571 750 sua,
607 681 891 738 rationalis
919 689 1104 734 creata
1135 687 1192 733 et
1227 678 1630 733 intellectualis.
1663 677 1850 748 Neque
1881 679 2025 732 enim

451 781 741 834 concreata
791 783 877 828 est
906 773 1007 841 ipsi
1042 771 1372 826 irrationalis
1402 771 1477 824 ira
1510 779 1564 825 et
1617 785 1806 826 amens
1833 786 2028 826 concu-

451 864 740 938 piscentia,
771 862 914 916 sicut
943 876 1044 915 nec
1072 861 1124 914 in
1156 875 1384 930 corpore
1424 861 1578 932 prius
1615 879 1630 925 ;
1667 862 1762 917 sed
1819 861 2027 932 plasma

453 953 866 1024 incorruptibile
921 963 1041 1007 erat
1079 953 1283 1022 absque
1334 953 1655 1008 humoribus
1713 969 1783 1008 ex
1828 954 2028 1024 quibus

449 1047 891 1118 concupiscentia
926 1055 984 1099 et
1019 1045 1099 1099 ira
1137 1043 1384 1099 bestialis
1442 1054 1642 1100 secuta:
1697 1055 1847 1101 sunt.
1924 1045 2024 1100 Ubi

448 1140 594 1194 enim
641 1155 736 1209 per
772 1139 1195 1193 inobedicntiam
1259 1138 1420 1191 homo
1493 1137 1779 1192 brulorum
1831 1154 2024 1194 corru«

449 1231 624 1300 ptioni
656 1243 714 1285 et
741 1230 1088 1284 crassitudini
1123 1229 1396 1296 subjectus
1419 1238 1520 1295 est,
1542 1231 1850 1284 necessario
1873 1233 1950 1286 ira
1974 1242 2029 1284 et

448 1323 896 1392 concupiscentia
948 1323 1004 1378 in
1034 1336 1099 1376 eo
1123 1322 1614 1386 degeneraverunt.
1649 1322 1776 1375 ideo
1804 1323 2028 1378 mortale

449 1427 646 1484 corpus
675 1414 870 1468 anima:
899 1413 1164 1467 voluntati
1215 1427 1317 1482 per
1347 1415 1484 1467 iram
1530 1422 1585 1467 et
1633 1414 2030 1482 concupiscen-

453 1506 589 1560 tiam
637 1505 863 1568 resistit,
891 1519 1016 1560 cum
1037 1504 1390 1572 dominatur;
1439 1517 1565 1558 cum
1611 1513 1792 1559 autem
1825 1506 2025 1560 rationi

450 1597 716 1668 subiacet,
741 1598 980 1652 animam
1003 1596 1055 1652 in
1075 1596 1234 1653 bonis
1252 1597 1506 1666 operibus
1524 1597 2026 1667 sequitur.Quando

451 1690 603 1744 enim
644 1689 932 1745 contmista
989 1699 1042 1744 et
1078 1689 1304 1746 confusa
1339 1702 1466 1747 sunt
1495 1693 1788 1747 adventitia
1842 1693 2026 1748 carnis

448 1797 574 1837 cum
600 1783 794 1838 animae
813 1783 1257 1852 proprietatibus,
1286 1793 1412 1839 tunc
1437 1785 1632 1839 similis
1658 1796 1738 1840 est
1760 1784 2026 1854 iumentis

451 1875 636 1942 homo,
667 1875 771 1946 legi
800 1875 1008 1946 peccati
1048 1890 1082 1930 ιι
1102 1879 1377 1932 ecessario
1405 1888 1460 1933 et
1491 1886 1682 1931 natura
1720 1878 2026 1950 subiacens,

449 1970 613 2032 atque
641 1970 837 2024 brutus
863 1983 926 2022 ex
959 1969 1210 2024 rationali
1237 1977 1288 2023 et
1309 1983 1472 2038 pecus
1491 1984 1556 2026 ex
1585 1970 1804 2026 homine
1822 1969 2021 2026 factus.

521 2228 615 2284 82.
639 2228 778 2286 Tum
807 2246 930 2286 cum
953 2233 1135 2288 anima
1162 2233 1260 2305 per
1282 2235 1516 2290 amatum
1546 2239 1826 2294 rationalis
1843 2250 1895 2296 et
1927 2257 2023 2310 per

454 2322 787 2390 spiraculum
845 2325 966 2379 vita
1016 2326 1405 2384 intellectualis
1434 2339 1619 2384 creata
1655 2341 1760 2398 est,
1800 2333 1936 2386 iram
1967 2345 2023 2388 et

444 2416 943 2485 concupiscentiam
976 2418 1255 2474 bestialem
1286 2434 1392 2475 non
1423 2425 1736 2478 concreavit
1767 2424 1816 2479 ei
1849 2425 2015 2491 Deus,

445 2508 541 2562 sed
575 2509 678 2562 vim
712 2509 963 2578 cupiendi
995 2512 1350 2580 appetitivam
1382 2522 1439 2569 et
1492 2529 1614 2570 cum
1646 2530 1711 2570 ea
1743 2515 2024 2571 fortitudi-

431 2613 570 2652 vncm
603 2602 888 2658 suavitatis
913 2603 1255 2659 amatricem.
1290 2604 1368 2660 lta
1398 2621 1500 2662 nec
1530 2609 1745 2678 corpori
1791 2608 2024 2665 formato

452 2689 590 2742 iram
623 2699 680 2744 et
703 2694 1197 2761 concupiscentiam
1224 2695 1594 2752 irrationalem
1632 2699 1701 2754 ab
1753 2698 1908 2754 initio
1936 2700 2022 2755 in-

451 2779 625 2844 didit;
654 2783 746 2836 sed
793 2784 1062 2850 posterius
1096 2800 1195 2854 per
1232 2785 1659 2844 inobedientiam
1709 2788 1913 2846 factum
1941 2803 2024 2847 est

451 2871 698 2938 mortale,
747 2875 1104 2944 corruptibile
1140 2891 1202 2932 ac
1236 2878 1487 2944 bestiale,
1513 2880 1568 2934 in
1608 2881 1696 2936 illa
1755 2891 2022 2938 mutatum

447 2963 650 3030 quibus
669 2963 1023 3019 assimilatum
1044 2973 1146 3021 est.
1172 2965 1307 3022 Nam
1325 2984 1548 3039 corpus,
1585 2975 1739 3028 aiunt
1762 2975 2023 3046 theologi,

446 3054 585 3108 licet
668 3056 1036 3126 corruptionis
1088 3074 1278 3128 capax,
1337 3061 1752 3134 incorruptibile
1783 3078 2021 3122 creatum

445 3153 554 3212 est,
589 3143 730 3200 sicut
755 3157 808 3202 et
837 3149 1019 3202 anima
1050 3149 1421 3218 impassibilis.
1459 3155 1564 3210 Sed
1595 3173 1716 3212 cum
1751 3159 1849 3213 sibi
1884 3160 2024 3214 invi-

447 3253 566 3292 cem
597 3239 989 3294 courdinenlur
1037 3251 1092 3294 et
1151 3246 1560 3302 communicent
1618 3251 2021 3306 naturalissima

448 3329 568 3397 lege
592 3330 770 3383 anima
799 3338 856 3386 et
914 3346 1126 3402 corpus,
1179 3337 1341 3392 ambo
1389 3348 1641 3409 corrupta
1701 3349 1757 3395 ct
1795 3341 2022 3398 confusa

447 3432 595 3484 sunt,
641 3424 755 3476 haec
784 3424 1127 3492 passionibus
1173 3441 1268 3484 seu
1312 3432 1491 3498 potius
1539 3434 1875 3490 daemonibus
1911 3447 2026 3490 tra-

444 3515 580 3581 dita,
607 3513 738 3568 illud
772 3517 1182 3574 irrationalibus
1212 3519 1475 3588 iumentis
1501 3524 1865 3581 assimilatum
1889 3528 1938 3582 vi
1969 3537 2024 3583 et

447 3609 650 3661 robore
683 3615 858 3662 status
897 3610 984 3662 sui
1018 3613 1284 3667 mortalis.
1321 3611 1384 3665 Et
1423 3614 1706 3672 amborum
1740 3617 1882 3674 vires
1914 3634 2023 3675 una

445 3698 774 3770 coniunctae.
814 3703 1267 3760 unam.hestiam
1328 3705 1430 3761 ira.
1465 3719 1522 3763 et
1576 3712 2020 3782 concupiscentia

443 3789 814 3847 irrationalem
883 3802 938 3848 et
987 3806 1254 3850 amentem
1307 3799 1717 3864 ellecerunt,-et
1743 3804 1823 3858 sic
1877 3813 2023 3861 totus

446 3888 610 3937 homo
650 3893 994 3954 comparatus
1044 3895 1131 3946 est
1183 3887 1486 3959 iumentis,
1523 3901 1580 3946 ut
1611 3891 1686 3947 ait
1716 3890 2020 3963 Scriptura,

440 3987 495 4031 et
527 3978 721 4032 similis
752 3977 925 4033 factus
954 3988 1036 4034 est
1062 3979 1196 4035 illis.

2119 596 2372 669 ἀνδρείαν
2421 595 2622 665 ἔρωτος
2679 592 2990 663 κινητικὴν,
3047 590 3152 644 ἀπὸ
3211 591 3310 660 τῆς
3353 591 3684 654 διαπλάσεως

2118 686 2310 756 αὐτῆς,
2333 683 2556 753 λογικῆς
2585 680 2900 749 κτισθείσης
2932 679 3025 732 καὶ
3070 681 3281 750 νοερᾶς.
3314 678 3389 730 Ού
3431 678 3538 749 γὰρ
3569 696 3686 732 συν-

2119 775 2346 845 εκτίσθη
2392 774 2530 845 αύτῇ
2567 772 2738 842 θυμὸς
2786 771 3013 838 ἄλογος,
3071 772 3166 824 καὶ
3198 769 3358 832 ἄνους
3390 769 3684 839 ἐπιθυμία⁶

2117 867 2308 938 ὥσπερ
2342 866 2462 920 οὐδὲ
2505 868 2563 918 ἐν
2605 866 2672 935 τῇ
2716 864 2881 934 σαρκὶ
2922 863 3187 933 πρότερον
3211 881 3222 892 ·
3257 862 3394 917 ἀλλὰ
3431 863 3686 927 πλασθὲν,

2119 955 2395 1027 ἄφθαρτον
2420 950 2489 1026 ἦν
2517 957 2689 1024 χωρὶς
2721 951 2934 1023 χυμῶν,
2973 951 3033 1015 ἐξ
3059 945 3132 1005 ὧν
3159 955 3190 1022 ἡ
3229 951 3494 1022 ἐπιθυμία
3545 953 3642 1006 καὶ
3662 955 3692 1005 6

2121 1045 2288 1115 θυμὸς
2331 1045 2359 1096 6
2415 1040 2686 1113 θηριώδης
2738 1039 3170 1111 ἐπηκολούθησε.
3237 1040 3394 1095 Μετὰ
3446 1041 3551 1111 γὰρ
3596 1042 3691 1112 τὴν

2118 1134 2406 1207 παρακοὴν
2453 1133 2790 1187 ὑποπεσόντι
2824 1133 2888 1202 τῇ
2943 1132 3122 1202 φθορᾷ
3165 1133 3261 1184 καὶ
3301 1135 3366 1203 τῇ
3419 1132 3690 1204 παχύτητι

2116 1225 2228 1280 τῶν
2279 1225 2524 1292 ἀλόγων,
2577 1221 2640 1288 ἐξ
2671 1223 2920 1293 ἀνάγκης
2953 1225 3051 1276 κα)⁸
3091 1224 3121 1276 6
3155 1222 3324 1293 θυμὸς
3363 1224 3458 1286 καὶ
3493 1226 3526 1292 ὴ
3573 1226 3691 1278 ἐπι-

2119 1316 2290 1388 θυμία
2335 1318 2392 1368 ἐν
2445 1315 2595 1385 αὐτῷ
2621 1313 2872 1382 ἐνέκυψε.
2911 1315 3012 1368 Διά
3055 1311 3214 1368 τοῦτο
3257 1314 3367 1384 γὰρ
3402 1314 3497 1368 καὶ
3540 1315 3691 1368 ἐναν-

2117 1408 2330 1464 τιοῦται
2359 1407 2439 1479 τῷ
2467 1407 2769 1478 βουλήματι
2797 1407 2900 1478 τῆς
2935 1405 3112 1476 ψυχῆς
3137 1407 3280 1460 κατά
3312 1422 3374 1458 τε
3408 1406 3498 1460 τὸν
3528 1406 3693 1477 θυμὸν

2117 1501 2214 1554 καὶ
2242 1501 2342 1571 τὴν
2369 1499 2692 1570 ἐπιθυμίαν,
2724 1498 2814 1552 ὅτε
2845 1497 3112 1568 κυριεύει.
3153 1497 3324 1551 Ἐπάν
3360 1497 3418 1550 δὲ
3449 1498 3690 1569 ὑποταγῇ

2118 1592 2181 1647 τὸ
2218 1590 2412 1660 θνητὸν
2447 1589 2527 1660 τῷ
2563 1588 2788 1658 λογικῷ,
2828 1588 3022 1642 ἕπεται
3051 1586 3187 1658 πρὸς
3209 1587 3311 1658 τὴν
3342 1586 3451 1641 τῶν
3479 1589 3694 1656 ἀγαθῶν

2121 1684 2407 1755 ἐνέργειαν
2437 1685 2504 1753 τῇ
2528 1681 2692 1752 ψυχῇ.
2729 1681 2863 1734 Ὅτε
2895 1679 3005 1749 γὰρ
3034 1679 3418 1749 συνεφύρησαν
3447 1681 3540 1732 καὶ
3565 1681 3693 1733 ἀνα-

2123 1773 2221 1845 μὶξ
2269 1775 2520 1843 ἐγένοντο
2570 1774 2639 1826 τὰ
2685 1771 2784 1836 τῆς
2821 1769 3026 1841 σαρκὸς
3067 1768 3369 1822 ἐπείσακτα
3417 1769 3552 1839 μετά
3597 1772 3693 1840 τῆς

2061 1851 2296 1937 Βψυχῆς
2327 1865 2596 1937 ἰδιώματα
2617 1904 2632 1929 ,
2669 1864 2791 1917 τότε
2830 1861 3088 1933 ὡμοιώθη
3135 1864 3246 1926 τοῖς
3276 1862 3529 1932 κτήνεσιν
3566 1861 3695 1914 67:0-

2121 1955 2300 2027 κύψας
2335 1955 2414 2027 τῷ
2447 1956 2600 2027 νόμῳ
2640 1954 2740 2026 τῆς
2772 1953 3048 2025 ἁμαρτίας
3079 1952 3168 2005 διὰ
3198 1953 3297 2023 τὴν
3329 1952 3571 2022 ἀνάγκην
3597 1951 3694 2021 τῆς

2122 2047 2358 2118 φύσεως,
2388 2047 2583 2118 κτῆνος
2617 2048 2682 2100 ἐκ
2715 2044 2959 2114 λογικοῦ,
2988 2045 3083 2099 καὶ
3108 2044 3384 2117 θηρίονιὲξ
3413 2042 3694 2115 ἀνθρώπου

2120 2142 2433 2210 γενόμενος.

2193 2232 2303 2303 πβ’.
2363 2233 2634 2304 Καθάπερ
2691 2234 2756 2304 τῇ
2816 2231 2964 2302 ψυχῇ
3019 2231 3108 2284 διὰ
3155 2228 3251 2282 τοῦ
3305 2228 3695 2299 ἐμφυσήματος

2122 2326 2596 2398 δημιουργηθείσῃ
2633 2326 2852 2396 λογικῇ,
2888 2324 2983 2378 καὶ
3013 2323 3176 2394 νοερᾷ
3214 2321 3302 2376 δια
3328 2323 3426 2390 τῆς
3467 2320 3697 2389 ζωτικῆς

2123 2418 2476 2488 ἐμπνεύσεως
2494 2457 2509 2482 ,
2548 2417 2722 2488 θυμὸν
2753 2417 2850 2473 καὶ
2875 2414 3174 2485 ἐπιθυμίαν
3215 2412 3460 2483 κτηνώδη
3488 2413 3545 2466 ού
3572 2429 3696 2464 συνο

2124 2513 2338 2567 έκτισεν
2381 2513 2519 2581 αύτῇ
2553 2513 2582 2564 6
2611 2510 2766 2576 Θεὸς,
2795 2509 2912 2563 ἀλλ’
2954 2507 3193 2579 ἐφέσεως
3221 2506 3453 2576 δύναμιν
3487 2505 3698 2575 ὀρεκτι-

2123 2604 2249 2675 κὴν,
2295 2606 2393 2657 καὶ
2439 2602 2578 2673 πρὸς
2624 2602 2764 2672 αὐτῇ
2819 2600 3051 2665 θέλξεως
3095 2599 3347 2670 ἀνδρείαν
3398 2598 3695 2669 ἐρωτικήνι

2124 2692 2299 2756 οὕτως
2325 2693 2447 2746 οὐδὲ
2481 2692 2561 2763 τῷ
2605 2691 2842 2764 σώματι,
2883 2691 3362 2762 πλαστουργήσας,
3397 2688 3565 2758 θυμὸν
3606 2688 3698 2742 καὶ

2125 2786 2423 2857 δπιθυμίαν
2453 2785 2650 2852 ἄλογον
2679 2785 2829 2857 παρὰ
2869 2784 2969 2849 τὰς
2997 2785 3176 2856 ἀρχὰς
3197 2784 3472 2850 ἐνέθηκεν.
3503 2783 3695 2836 Ὕστες

2129 2897 2222 2952 ρον
2275 2879 2385 2951 γὰρ
2437 2878 2614 2933 ταῦτα
2671 2879 2762 2932 διὰ
2805 2879 2906 2950 τῆς
2941 2877 3241 2948 ’παρακοῆς
3287 2875 3590 2948 προσέλαϐε
3638 2873 3700 2928 τδ

2130 2971 2364 3042 θνητὸν,
2417 2970 2510 3025 καὶ
2567 2970 2832 3042 φθαρτὸν,
2879 2969 2976 3024 καὶ
3029 2968 3334 3038 κτηνῶδες,
3384 2968 3440 3020 ἐν
3489 2961 3570 3030 οἷς
3609 2966 3701 3020 καὶ

2128 3063 2388 3135 ὡμοιώθη
2421 3062 2733 3134 γενόμενον.
2777 3062 2850 3115 Τὸ
2887 3061 2994 3134 γὰρ
3021 3062 3202 3132 σῶμα,
3252 3060 3413 3130 φασὶν
3449 3060 3498 3112 οἱ
3526 3057 3701 3111 θεολό-

2129 3177 2218 3230 γοι
2239 3199 2254 3225 ,
2297 3160 2574 3228 ἄφθαρτον
2619 3159 2844 3229 ἐκτίσθη
2867 3198 2882 3222 ,
2923 3151 3034 3213 οἷον
3059 3159 3153 3211 καὶ
3182 3156 3564 3224 ἀναστήσεται,
3598 3153 3701 3205 κᾶν

2129 3251 2375 3305 δεκτικὸν
2407 3251 2517 3322 [Ισ.
2547 3250 2674 3305 add.
2708 3247 2962 3321 φθορᾶς],
2995 3249 3187 3319 ὥσπερ
3214 3247 3307 3302 καὶ
3335 3248 3368 3316 ἡ
3390 3245 3533 3314 ψυχὴ
3564 3246 3702 3298 ἀπα-

2135 3341 2254 3412 θής.
2317 3341 2671 3411 Ἐφθάρησαν
2732 3341 2776 3394 δ’
2820 3341 3108 3411 ἀμφότερα
3151 3340 3246 3392 καὶ
3297 3335 3702 3407 συνεκράθησαν

2133 3435 2222 3488 διὰ
2249 3434 2339 3487 τὸν
2369 3433 2752 3502 φυσικώτατον
2778 3431 2982 3501 θεσμὸν
3008 3432 3107 3500 τῆς
3136 3431 3216 3493 είς
3245 3428 3446 3499 ἄλληλα
3474 3442 3703 3498 περιχω-

2137 3526 2354 3599 ρήσεώς
2376 3546 2435 3580 τε
2463 3528 2559 3581 καὶ
2588 3524 2946 3596 μεταδόσεως,
2974 3524 3010 3594 ἥ
3039 3540 3100 3575 τε
3124 3521 3273 3592 ψυχὴ
3302 3520 3395 3574 καὶ
3418 3519 3477 3572 τὺ
3508 3517 3664 3586 σῶμα
3687 3532 3703 3547 ’

2140 3619 2175 3690 ἡ
2227 3618 2327 3688 μὲν
2371 3620 2483 3682 τοῖς
2519 3617 2750 3681 πάθεσι,
2795 3614 2994 3685 μᾶλλον
3033 3612 3091 3666 δὲ
3126 3613 3342 3682 δαίμοσι
3376 3609 3705 3663 ποιωθεῖσαο

2140 3711 2202 3764 τὸ
2233 3711 2291 3763 δὲ
2346 3713 2458 3774 τοῖς
2496 3710 2714 3777 ἀλόγοις
2753 3709 3007 3777 κτήνεσιν
3045 3705 3472 3775 ἐξομοιούμενον,
3512 3703 3576 3771 τῇ
3608 3699 3704 3768 τῆς

2139 3803 2528 3864 καταστάσεως
2569 3800 2840 3870 ἐνεργείᾳ,
2881 3798 2975 3851 καὶ
3003 3798 3070 3868 τῇ
3106 3793 3427 3866 ἐπικρατείᾳ
3459 3793 3552 3862 τῆς
3588 3791 3704 3858 φθο-

2141 3895 2262 3964 ρᾶς.
2314 3893 2426 3948 Καὶ
2459 3893 2538 3955 είς
2582 3890 2640 3945 ἒν
2677 3889 2785 3944 τῶν
2827 3888 3156 3959 ἀμφοτέρων
3187 3887 3245 3939 αἱ
3277 3885 3528 3952 δυνάμεις
3559 3880 3704 3949 γενό-

2144 4003 2322 4058 μεναι,
2361 3983 2421 4038 ἓν
2459 3983 2656 4052 κτῆνος
2688 3981 2881 4049 ἄλογον
2913 3980 3007 4032 καὶ
3042 3978 3202 4033 ἄνουν
3234 3976 3311 4047 τῷ
3339 3973 3493 4044 θυμῷ
3521 3973 3610 4026 καὶ
3641 3976 3704 4042 τῇ

436 4082 708 4155 ἐπιθυμίᾳ
745 4081 1042 4150 γενόμενον
1094 4073 1478 4128 ἀπετέλεσαν
1539 4072 1636 4123 καὶ
1683 4066 1829 4121 οὕτω
1869 4085 1888 4119 ι
1928 4067 2393 4139 παρασυνεϐλὴθη
2447 4070 2565 4130 τοῖς
2618 4068 2863 4138 κτήνεσι,
2925 4069 3070 4122 κατὰ
3141 4071 3240 4141 τὴν
3285 4070 3529 4141 Γραφῆν,
3601 4070 3694 4121 καὶ

437 4176 701 4251 ὡμοιώθη
721 4173 931 4235 αὐτοῖς,
963 4187 981 4220 ι
1013 4168 1160 4223 κατά
1181 4165 1362 4259 πάντα
1381 4163 1607 4234 τρόπον.

511 4272 602 4326 85.
639 4269 708 4325 Ut
752 4270 968 4323 initium
1023 4278 1080 4323 et
1125 4273 1278 4341 origo
1316 4273 1575 4327 virtutum
1607 4283 1693 4328 est
1732 4273 1876 4330 bona
1920 4292 2018 4331 vo-

441 4361 646 4428 luntas,
671 4361 881 4416 scilicet
928 4361 1146 4414 virtutis
1180 4363 1533 4427 desiderium,
1562 4364 1641 4418 sic
1675 4365 1814 4418 Deus
1845 4356 2007 4419 causa

443 4463 528 4510 est
563 4465 616 4510 et
651 4455 772 4509 fons
796 4455 972 4509 omnis
1007 4454 1160 4509 boni.
1209 4453 1443 4510 Virtutis
1471 4457 1648 4510 adhuc
1680 4457 1890 4510 initium
1935 4468 2018 4511 est

444 4549 602 4610 lides,
669 4545 753 4599 vel
817 4547 996 4614 potius
1061 4545 1330 4611 Christus,
1399 4546 1490 4615 qui
1545 4558 1628 4601 est
1677 4557 1827 4616 petra
1867 4546 2015 4613 ﬁdei,

442 4648 498 4690 et
527 4637 855 4706 principium
912 4636 1432 4707 fundamentumth
1465 4637 1621 4692 nobis
1656 4648 1740 4690 cst
1769 4639 2013 4691 omnium

441 4731 726 4793 virtutum,
786 4728 840 4781 itt
893 4743 1003 4797 quo
1049 4727 1344 4784 fundamus
1391 4737 1445 4784 et
1493 4728 1822 4783 aediﬁcamus
1852 4743 2012 4783 omne
2047 4748 2089 4802 ι)

440 4820 661 4874 bonum.
707 4820 807 4874 llic
841 4831 928 4874 'est
956 4820 1097 4888 lapis
1143 4820 1422 4890 angularis
1475 4835 1572 4874 nos
1618 4819 1837 4874 sibimet
1883 4836 2016 4876 con-

432 4911 686 4979 iungens,
717 4922 767 4965 et
806 4912 1041 4979 pretiosa
1090 4914 1406 4981 margarita,
1453 4928 1618 4979 quam
1651 4928 1903 4983 quaerens
1932 4916 2015 4968 in-

440 5017 659 5070 gressus
685 5002 1002 5055 altissimam
1049 5004 1420 5071 quietudinem
1461 5007 1758 5058 monachus
1779 5043 1794 5070 ,
1826 5022 2016 5061 onmcs

439 5109 570 5148 suas
603 5094 906 5148 voluntates
932 5093 1114 5148 vendit
1152 5111 1216 5149 ac
1258 5096 1525 5150 mandatis
1549 5097 1754 5163 subdit,
1800 5108 1860 5151 ut
1892 5099 2016 5154 inde

438 5186 581 5240 illam
613 5190 877 5256 acquirat.

509 5368 594 5420 Si.
647 5367 858 5421 Tenent
921 5367 1332 5421 similitudinem
1387 5368 1525 5421 inter
1565 5382 1626 5422 sc
1655 5367 1908 5433 virtutes,
1962 5381 2017 5425 ct

438 5477 626 5518 omnes
701 5465 752 5516 in
821 5481 986 5517 unum
1047 5463 1404 5526 conveniunt,
1484 5473 1538 5518 et
1598 5480 1768 5535 genus
1848 5481 2012 5520 unum

451 5572 718 5625 unamque
746 5557 1040 5611 coniiciunt
1073 5557 1333 5625 speciem.
1361 5554 1500 5612 Sunt
1531 5558 1675 5612 enim
1703 5559 1932 5614 virtutes
1963 5571 2018 5615 et

439 5651 684 5710 virtutes,
727 5659 781 5701 et
834 5649 952 5703 alia:
996 5649 1120 5702 aliis
1175 5647 1426 5716 maiores,
1462 5661 1650 5719 utpote
1680 5650 1883 5706 multas
1927 5655 2013 5708 vel

438 5740 602 5792 etiam
639 5749 859 5793 cunctas
883 5740 1409 5808 comprehendentes
1453 5758 1518 5796 ac
1543 5744 1964 5810 complectentes
1999 5763 2013 5800 :

439 5835 578 5883 sicut
607 5847 760 5884 amor
793 5831 908 5896 Dei,
943 5833 1240 5899 humilitas,
1277 5844 1331 5887 ct
1361 5837 1542 5889 divina
1574 5837 1863 5905 patientia.
1929 5840 2014 5894 Di-

442 5921 516 5973 cit
553 5922 694 5975 enitn
728 5922 794 5975 de
825 5923 925 5976 bac
979 5921 1242 5978 Dominus
1283 5941 1298 5982 :
1354 5943 1371 5976 ι
1408 5926 1463 5979 lu
1526 5930 1784 5996 patientia
1835 5942 2012 5985 vestra

441 6009 792 6076 possidebitis
866 6012 1075 6067 animas
1130 6022 1341 6072 vestras
1407 6015 1568 6086 (Luc.
1627 6033 1745 6084 xxi,
1784 6018 1881 6088 l0)
1914 6036 1927 6073 :
1962 6028 2016 6074 at

2199 4263 2309 4335 πγ’.
2378 4264 2546 4334 Ἀρχὴ
2599 4262 2708 4316 τῶν
2756 4260 2968 4333 ἀρετῶν
3023 4259 3116 4312 καὶ
3179 4263 3411 4326 γένεσις,
3453 4257 3484 4326 ἡ
3522 4253 3694 4323 ἀγαθὴ

2130 4357 2423 4427 πρόθεσις,
2468 4356 2567 4409 εἴτ’
2611 4351 2706 4407 οὖν
2757 4356 2789 4423 ἡ
2842 4353 3028 4422 ἔφεσις
3077 4349 3168 4403 τοῦ
3205 4348 3407 4402 καλοῦ·
3451 4346 3631 4414 ὥσπερ
3667 4347 3696 4397 6

2129 4448 2261 4508 Θεὸς
2313 4448 2464 4501 αἰτία
2522 4447 2619 4500 καὶ
2667 4445 2818 4513 πηγὴ
2877 4441 3077 4504 παντὸς
3125 4438 3353 4507 ἀγαθοῦ.
3399 4434 3577 4489 Καλοῦ
3641 4435 3697 4487 δὲ

2130 4542 2273 4612 ἀρχὴ
2329 4543 2361 4610 ἡ
2412 4539 2615 4603 πίστις,
2665 4537 2866 4607 μᾶλλον
2890 4537 2945 4590 δὲ
2973 4537 3001 4588 ὁ
3031 4532 3288 4604 Χριστὸς,
3324 4531 3357 4602 ἡ
3401 4529 3570 4599 πέτρα
3606 4529 3698 4596 τῆς

2131 4634 2397 4697 πίστεως,
2430 4632 2490 4685 ὃν
2530 4631 2605 4694 ὡς
2648 4628 2823 4702 ἀρχὴν
2853 4629 2945 4682 καὶ
2989 4625 3238 4697 θεμέλιον
3268 4623 3461 4692 ἔχομεν
3490 4621 3697 4674 πάντων

2129 4725 2238 4780 τῶν
2273 4721 2508 4797 ἀρετῶν,
2535 4725 2590 4778 ἐν
2680 4722 3015 4792 βεϐήκαμεν,
3051 4719 3146 4772 καὶ
3169 4719 3224 4769 ἐν
3248 4708 3292 4783 ᾧ
3319 4711 3698 4783 οἰκοδομοῦμεν

2131 4819 2241 4872 πᾶν
2263 4817 2486 4886 ἀγαθόν.
2513 4810 2681 4880 Οὗτος
2703 4817 2730 4869 ὁ
2764 4814 2908 4876 λίθος
2934 4814 2961 4865 6
2985 4811 3395 4881 ἁκρογωνιαῖος,
3424 4808 3451 4857 ὁ
3477 4803 3698 4857 συνδέων

2129 4912 2278 4983 ἡμᾶς
2327 4908 2543 4979 ἐαυτῷ,
2603 4908 2696 4960 καὶ
2761 4907 2789 4958 6
2853 4905 3150 4972 πολύτιμος
3209 4897 3586 4970 μαργαρίτηςο
3642 4892 3696 4944 ὃν

2130 5003 2310 5074 ζητῶν
2342 5005 2370 5056 6
2409 5004 2488 5066 εἰς
2522 5001 2615 5054 τὸν
2650 4999 2813 5068 βυθὸν
2851 4997 2952 5066 τῆς
2983 4994 3213 5064 ἡσυχίας
3252 4989 3504 5044 είσδύνων
3537 5004 3696 5056 μονα-

2129 5093 2248 5163 χὸς,
2288 5092 2466 5146 πάντα
2497 5088 2568 5143 τὰ
2597 5087 2914 5157 ὑπάρχοντα
2951 5081 3101 5151 αὐτῷ
3153 5079 3451 5149 θελήματα,
3498 5074 3697 5143 πιπρά-

2133 5203 2252 5240 σκει
2283 5184 2371 5238 διὰ
2400 5184 2500 5252 τῆς
2531 5180 2779 5249 ὑπακοῆς
2808 5177 2914 5230 τῶν
2941 5172 3193 5236 ἐντολῶν,
3229 5171 3315 5223 ἵνα
3342 5167 3434 5222 ἀπ’
3461 5165 3695 5219 ἐντεῦθεν

2133 5278 2296 5332 αὑτὸν
2329 5277 2620 5345 κτήσηται.

2206 5368 2312 5423 πδ’.
2361 5366 2604 5435 Ἰσότητα
2635 5362 2768 5432 πρὸς
2805 5359 3040 5429 ἀλλήλας
3071 5357 3127 5410 αἱ
3170 5354 3361 5424 ἀρεταὶ
3394 5353 3693 5421 κέκτηνται,

2136 5465 2230 5517 καὶ
2280 5461 2450 5514 πᾶσαι
2498 5459 2579 5520 εἰς
2629 5456 2686 5507 ἓν
2738 5453 3084 5521 συνάγονται,
3143 5449 3236 5500 καὶ
3281 5446 3378 5499 ἕνα
3421 5445 3564 5514 ὅρον,
3611 5444 3698 5494 καὶ

2134 5555 2273 5619 εἶδος
2306 5555 2510 5625 ἀρετῆς
2559 5547 2994 5621 συμπληροῦσιν.
3036 5545 3156 5598 Elei.
3199 5543 3306 5613 γὰρ
3353 5541 3560 5610 ἀρεταὶ,
3603 5537 3691 5590 καὶ

2133 5650 2270 5704 εἰσὶν
2315 5644 2528 5716 ἀρετῶν
2570 5641 2764 5712 ἀρεταὶ
2801 5640 3056 5710 μείζους,
3103 5638 3178 5699 ὡς
3232 5633 3572 5706 περιεκτικα“ι
3601 5631 3692 5683 καὶ

2135 5737 2448 5793 συνεκτικαῒ⁵
2479 5735 2589 5787 τῶν
2631 5733 2913 5796 πλειόνων,
2944 5732 2976 5802 ἢ
3007 5731 3100 5784 καὶ
3143 5729 3379 5780 πάντων·
3413 5725 3545 5793 ώςὴ
3580 5723 3691 5774 θεία

2133 5833 2341 5900 αγάπη,
2371 5827 2463 5881 καὶ
2495 5829 2526 5896 ἡ
2557 5823 2901 5878 ταπείνωσητ.
2937 5823 3030 5876 καὶ
3064 5824 3096 5891 ὴ
3126 5819 3243 5872 θεία
3275 5816 3538 5886 ὑπομονὴ.
3563 5817 3692 5882 Φησὶ

2116 5929 2224 5998 γὰρ
2262 5927 2289 5980 6
2321 5923 2526 5994 Κύριος
2575 5920 2701 5987 περὶ
2729 5915 2923 5982 αὐτῆς·
2964 5935 2982 5967 ι
3044 5916 3129 5968 Ἐν
3162 5915 3223 5983 τῇ
3257 5913 3496 5980 ὑπομονῇ
3534 5908 3682 5976 ὑμῶν

2119 6018 2396 6090 κτὴταῖθε
2445 6018 2540 6079 τὰς
2588 6012 2763 6084 duxit;
2797 6011 2986 6073 ὑμῶν·
3045 6029 3061 6060 ι
3098 6010 3188 6061 καὶ
3232 6006 3328 6058 οὐκ
3370 6001 3550 6057 εἶπεν·
3595 6000 3678 6053 Ἐν
