4020 6508
1542 291 1572 306 κ
1589 299 1628 310 ι.-

333 453 470 516 mea

1354 445 1627 505 CAPITA
1675 439 1825 500 PER
1866 425 2526 493 ACROSTICHIDEM.

3417 416 3556 481 1260

300 564 369 629 τῇ
394 553 613 626 νηστείᾳ
637 550 813 621 ὑμῶν,
844 552 902 620 ἢ,
930 549 1007 619 Τῇ
1041 545 1320 616 ἀγρυπνίᾳ⁴
1348 542 1521 612 ὑμῶν.
1566 538 1877 610 ’Υπομονῆς

2018 553 2093 592 non
2156 537 2292 591 dixit
2334 535 2434 589 :ln
2495 531 2702 604 jejunio
2752 537 2957 596 vestro,
2985 537 3077 584 aut
3129 528 3184 582 in
3222 528 3420 597 vigiliis
3471 545 3566 586 ve-

301 652 359 704 δὲ
391 649 568 714 λέγω,
605 643 703 713 τῆς
747 642 891 694 κατά
932 639 1063 691 Θεὸν
1093 635 1426 705 γινομένης,
1457 632 1556 701 τῆς
1609 629 1879 700 βασιλίδος

301 742 412 794 τῶν
454 735 702 808 ἀρετῶν,
748 732 844 785 τοῦ
897 729 1148 800 θεμελίου
1193 725 1302 779 τῶν
1351 719 1880 808 ἀνδραγαθημάτων.

302 829 452 898 Αὕτη
497 807 606 894 γάρ
637 827 808 890 ἐστιν,
843 820 1003 889 αὕτη,
1035 820 1067 886 ἡ
1112 819 1169 870 ἐν
1201 813 1460 883 πολέμοις
1498 811 1713 881 εἰρήνη,
1750 809 1784 877 ἡ
1823 807 1886 861 ἐν

302 919 448 991 ζάλῃ
482 917 714 986 γαλήνη,
750 915 784 983 ἡ
820 913 878 966 ἐν
925 913 1035 972 τοῖς
1071 905 1477 976 κατορθωκόσιν
1532 904 1706 973 αὐτὴν
1749 902 1886 954 ἀπε-

308 1012 598 1082 ρίτρεπτος
653 1006 902 1076 ἵδρυσις·
950 1001 1019 1072 ἢν
1067 999 1167 1068 οὐχ
1218 997 1360 1050 ὅπλα
1405 995 1499 1049 καὶ
1544 994 1780 1064 δόρατα,
1822 992 1886 1045 οὐ

304 1099 646 1172 στρατόπεδα
700 1095 1011 1165 ἀφιέμενα,
1065 1091 1163 1160 οὐχ
1206 1087 1346 1158 αὕτη
1393 1089 1428 1156 ἡ
1470 1085 1581 1139 τῶν
1616 1083 1888 1154 δαιμόνων

305 1191 651 1263 παράταξις,
701 1189 800 1257 οὐχ
855 1186 890 1256 ἡ
941 1183 1150 1252 ζοφερὰ
1205 1179 1312 1234 τῶν
1366 1177 1624 1231 ἐναντίων
1675 1173 1888 1245 φάλαγξ

309 1284 510 1354 βλάψαι
547 1281 867 1349 δυνήσονται
903 1276 995 1329 τὸν
1033 1273 1240 1343 ταύτην
1281 1270 1628 1341 κτησάμενον
1665 1269 1725 1321 ἐν
1756 1267 1892 1338 Χρι-

309 1375 423 1445 στῷ
469 1370 670 1442 Ἰησοῦ.

379 1464 486 1520 πε⁹.
544 1465 614 1517 At
667 1459 901 1532 ἀρεταὶ,
951 1457 1056 1510 κᾶν
1105 1453 1352 1525 ἀλλήλων
1396 1453 1505 1506 εἰσὶ
1537 1448 1896 1522 γενητικαί,

309 1559 428 1614 ἀλλ’
456 1559 522 1610 ἐκ
546 1556 656 1608 τῶν
683 1552 852 1623 τριῶν
886 1549 1172 1618 δυνάμεων
1201 1549 1301 1618 τῆς
1338 1545 1515 1616 ψυχῆς
1557 1544 1656 1614 τὴν
1679 1543 1895 1612 γένεσιν

311 1651 549 1720 ἔχουσιν,
589 1645 720 1700 ἄνευ
761 1641 870 1696 τῶν
915 1641 1100 1696 θείων.
1137 1639 1294 1693 Αίτία
1331 1637 1441 1707 γὰρ
1478 1636 1571 1690 καὶ
1605 1635 1748 1706 ἀρχὴ
1789 1633 1898 1687 τῶν

310 1739 594 1807 τεσσάρων
623 1734 858 1804 γενικῶν
898 1735 956 1786 ἐν
987 1735 1100 1794 τοῖς
1133 1731 1384 1800 φυσικοῖς
1432 1728 1527 1782 καὶ
1569 1726 1730 1780 θείων
1767 1725 1898 1794 ἀρει

310 1832 443 1897 τῶν,
475 1829 536 1893 ἐξ
563 1821 641 1882 ὧν
667 1827 764 1881 καὶ
812 1829 870 1878 ἐν
899 1819 988 1886 αἷς
1018 1824 1072 1876 αἱ
1101 1821 1290 1875 λοιπαὶ
1315 1819 1685 1882 συνίστανται,
1714 1815 1816 1885 τῆς
1839 1831 1901 1868 τε

1996 631 2145 685 suis.
2186 627 2507 684 Patientiam
2569 623 2915 678 autem‘dico
2963 637 3081 692 quae
3133 629 3218 677 est
3271 623 3589 677 secundum-

1996 723 2189 785 Deum,
2224 735 2345 790 quae
2372 721 2557 789 regina
2587 727 2671 773 est
2705 716 2998 780 virtutum,
3038 719 3418 782 bonorumque
3439 729 3570 780 ope-

1998 831 2118 871 rum
2152 813 2578 866 fundamentum.
2606 808 2731 863 Haec
2757 815 2842 863 est
2862 806 3006 862 enim
3038 806 3094 860 in
3128 805 3270 861 bello
3303 820 3428 875 pax,
3453 805 3568 858 haec

1998 911 2400 979 intempestate
2453 904 2743 968 serenitas,
2777 905 2894 958 haec
2947 900 3350 972 possidentibus
3393 901 3566 969 ipsam

1999 1001 2327 1057 inconcussa
2381 998 2561 1064 sedes,
2595 1011 2758 1066 quam
2812 995 2857 1051 si
2910 994 3033 1064 quis
3079 994 3132 1047 in
3177 993 3396 1048 Christo
3437 989 3571 1045 Jesu-

2000 1093 2228 1163 adeptus
2255 1101 2362 1156 est,
2451 1105 2562 1147 non
2613 1089 2690 1144 illi
2751 1103 2901 1142 arma
2925 1095 2980 1142 et
3023 1087 3152 1152 tela,
3189 1101 3297 1142 non
3340 1085 3568 1139 militum

2000 1183 2252 1253 impetus,
2286 1199 2398 1239 non
2430 1184 2544 1253 ipsa
2591 1183 2899 1237 daemonum
2929 1180 3097 1247 acies,
3130 1193 3236 1234 non
3272 1177 3574 1235 tenebrosa:

2001 1277 2239 1331 hostium
2267 1286 2500 1331 catervae
2530 1289 2729 1330 nocere
2758 1281 3008 1344 possunt.

2072 1455 2162 1511 85.
2201 1455 2436 1511 invicem
2493 1453 2742 1524 quamvis
2793 1467 2852 1508 se
2901 1459 3162 1523 generent
3201 1451 3450 1516 virtutes,
3504 1465 3572 1506 ex

2001 1548 2174 1603 tribus
2228 1557 2407 1602 tamen
2484 1546 2680 1602 animas
2752 1545 2962 1601 viribus
3044 1544 3313 1615 originem
3367 1546 3574 1599 ducunt

2009 1641 2256 1710 exceptis
2289 1639 2624 1712 theologicis.
2672 1639 2808 1695 Nam
2869 1649 3104 1709 quatuor
3138 1639 3370 1693 virtutes
3392 1637 3572 1692 cardi~

2004 1733 2173 1798 nales,
2197 1747 2315 1802 quae
2346 1732 2621 1788 naturales
2651 1743 2777 1787 sunt
2831 1746 2894 1785 ac
2933 1731 3150 1795 divinas,
3179 1739 3234 1787 et
3270 1744 3337 1785 ex
3371 1730 3566 1800 quibus

2002 1834 2056 1879 et
2086 1826 2138 1879 in
2171 1825 2365 1894 quibus
2391 1836 2603 1880 caetera:
2635 1825 2964 1890 consistunt,
3013 1824 3228 1879 scilicet
3262 1825 3574 1894 prudentia,

315 1924 657 1994 φρονήσεως,
713 1919 809 1973 καὶ
855 1917 1133 1989 ἀνδρείας,
1193 1911 1550 1982 σωφροσύνης
1588 1927 1647 1963 τε
1691 1909 1788 1962 καὶ
1821 1908 1902 1960 δι-

2018 1916 2283 1982 'ortitudo,
2311 1918 2666 1985 temperantia
2712 1926 2768 1972 et
2802 1917 3034 1988 justitia,
3067 1931 3296 1972 causam
3325 1927 3378 1971 et
3407 1917 3575 1986 origi-

319 2012 643 2082 καιοσύνης,
677 2009 827 2064 ἐστιν
874 2010 908 2078 ἡ
945 2007 1066 2060 θεία
1089 2004 1199 2059 τῶν
1237 2001 1504 2069 θεολόγων
1535 1995 1904 2067 πνευματοκί-

315 2122 479 2174 νητος
512 2102 697 2170 σοφία,
735 2099 877 2154 κατά
914 2097 1040 2151 νοῦν
1089 2094 1370 2166 τετραχῶς
1414 2090 1737 2161 κινουμένη.
1793 2089 1908 2158 Οὐχ

319 2196 439 2263 ἃμα
473 2192 528 2245 δέ
565 2190 745 2252 πάσας
781 2188 1017 2256 ἐνεργεῖ,
1062 2185 1180 2238 ἀλλ’
1219 2183 1328 2252 ἰδίᾳ
1357 2180 1597 2248 ἑκάστην
1637 2179 1696 2230 ὲν
1727 2175 1909 2245 καιρῷ

323 2282 496 2350 αὐτῆς
538 2279 722 2341 καθὼς
773 2275 1024 2347 βούλεται
1053 2290 1066 2326 τ
1105 2272 1201 2326 καὶ⁴
1237 2271 1335 2341 τὴν
1367 2269 1488 2338 μὲν,
1520 2267 1595 2329 ὡς
1625 2265 1742 2335 φῶς
1765 2281 1779 2296 ·
1810 2263 1910 2333 τὴν

322 2373 405 2435 δὲ,
453 2372 530 2434 ὡς
575 2369 807 2439 δύναμιν
855 2366 1038 2433 ὀξεῖαν
1083 2364 1180 2417 καὶ
1224 2361 1540 2430 ἀεικίνητον
1569 2358 1905 2428 ἔμπνευσινο

321 2463 423 2532 τὴν
448 2461 527 2523 δὲ,
554 2459 628 2522 ὡς
659 2457 989 2526 ἀγιαστικὴν
1026 2454 1257 2523 δύναμιν
1280 2452 1376 2505 καὶ⁹
1402 2450 1743 2520 καθαρτικήν
1767 2463 1781 2478 ο
1811 2447 1911 2517 τὴν

321 2553 402 2619 δὲ,
454 2551 531 2614 ὡς
558 2550 749 2619 δρόσον
795 2544 1020 2614 ἁγνείας
1049 2542 1423 2612 εύφραντικὴν
1445 2582 1460 2606 ,
1507 2539 1606 2592 καὶ
1633 2537 1728 2590 τοῦ
1773 2535 1913 2589 καύ-

325 2661 497 2707 σωνος
564 2641 674 2697 τῶν
747 2637 938 2694 παθῶν
1021 2633 1547 2705 ἀναψυχαγωγικήν.
1641 2629 1914 2700 Ἐκάστην

323 2738 574 2804 ἑκάστῳ,
639 2733 716 2796 ὠς
781 2729 1144 2802 προείρηται,
1179 2725 1371 2796 τελείῳ
1423 2723 1640 2777 τελείαν
1675 2722 1772 2775 καὶ
1814 2722 1914 2789 τὴν

324 2829 612 2900 ἐνέργειαν
641 2824 783 2878 κατά
807 2823 904 2893 τὴν
935 2819 1204 2892 τροπικὴν
1229 2818 1434 2872 δίδωσι.

396 2914 517 2982 σις’.
563 2915 762 2968 Ῥῶσιν
791 2911 1006 2967 τελείαν
1033 2910 1216 2981 ψυχῆς
1237 2909 1298 2961 ού
1333 2903 1621 2978 χαρίζεται
1649 2905 1759 2959 τῶν
1785 2905 1914 2976 ἀρε-

325 3009 436 3062 τῶν
482 3007 543 3072 ἐξ
575 3007 710 3070 ἰδίας
735 3005 974 3074 σπουδῆς
1004 3005 1075 3058 τὰ
1100 3001 1513 3074 ἐπιτηδεύματα
1535 3040 1549 3066 ,
1581 3002 1630 3054 εί
1655 3000 1731 3070 μὴ
1757 2993 1918 3053 αὗται

327 3102 606 3164 οὐσιωδῶς
632 3102 690 3154 ἐν
721 3101 788 3171 τῇ
823 3099 936 3165 ἐξει
964 3096 1051 3152 διὰ
1075 3096 1177 3165 τῆς
1209 3095 1434 3167 χάριτος
1463 3093 1916 3171 παραγένωνται.

2005 2021 2126 2061 nem
2151 2008 2352 2062 habent
2379 2007 2618 2062 divinam
2653 2007 2956 2062 divinarum
2982 2023 3160 2062 rerum
3192 2007 3511 2089 sapientiam
3544 2024 3575 2062 a
3685 2041 3693 2049 ι

2008 2101 2215 2168 Spiritu
2271 2102 2324 2154 in
2369 2109 2551 2155 mente
2579 2101 3008 2170 quadrupliciter
3036 2113 3257 2158 motam.
3295 2102 3427 2168 Quae
3468 2119 3578 2158 non

2003 2208 2192 2249 omnes
2213 2181 2375 2250 simul
2405 2194 2522 2249 illas
2545 2195 2818 2263 producit,
2855 2195 3214 2252 sed'seorsum
3254 2196 3496 2268 singulas
3524 2197 3579 2251 in

2011 2290 2251 2361 tempore
2278 2293 2584 2350 opportuno
2625 2292 2783 2353 prout
2813 2285 2928 2339 vult
2957 2301 2972 2341 :
2999 2294 3056 2341 et
3089 2286 3248 2342 aliam
3279 2288 3494 2356 quidem
3524 2294 3584 2342 ut

2005 2373 2202 2439 lucem,
2235 2375 2397 2428 aliam
2429 2383 2488 2429 ut
2552 2378 2718 2430 robur
2776 2378 3102 2432 acerrimum
3151 2389 3582 2449 perpetuumque

2011 2465 2328 2534 impulsum,
2359 2466 2523 2521 aliam
2552 2475 2611 2520 ut
2659 2469 2770 2521 vim
2805 2468 3233 2525 sanctificantem
3257 2480 3309 2523 et
3342 2485 3584 2539 purgan-

2011 2565 2138 2623 tem,
2173 2557 2336 2611 aliam
2365 2558 2598 2626 denique
2631 2567 2689 2611 ut
2719 2573 2895 2614 rorem
2927 2561 3181 2629 puritatis
3210 2561 3479 2615 laetificum
3522 2569 3582 2616 et

2010 2649 2259 2703 vitiorum
2290 2649 2539 2703 ﬂammas
2587 2638 3036 2722 refrigerantem;
3069 2659 3124 2706 et
3169 2653 3412 2720 singulas
3463 2654 3582 2708 sin-

2008 2740 2150 2812 gulis
2190 2740 2624 2810 perfectionibus
2687 2742 3054 2811 perfectiones
3111 2753 3170 2799 et
3237 2745 3585 2814 operationes

2009 2845 2280 2900 congruas
2315 2832 2567 2902 largitur,
2598 2841 2658 2886 ut
2691 2833 2897 2888 dictum
2924 2844 3030 2889 est.

2083 2923 2178 2979 86.
2231 2922 2505 2980 Bonorum
2554 2925 2850 2994 perfectam
2911 2925 3218 2980 ﬁrmitatem
3289 2943 3395 2982 non
3459 2927 3591 2983 dant

2012 3017 2208 3071 animae
2257 3017 2464 3086 proprii
2489 3017 2573 3072 sui
2598 3029 2855 3082 conatus,
2910 3018 3014 3074 nisi
3063 3019 3149 3073 illa
3180 3019 3247 3073 ad
3270 3020 3590 3076 substantia:

2017 3108 2258 3163 habitum
2305 3108 2484 3178 gratia
2519 3109 2890 3177 pervenerint.
2923 3107 3134 3179 Quippe
3163 3124 3282 3178 qua:
3307 3110 3588 3179 proprium

341 3193 578 3262 Ἐκὰστη
633 3165 908 3261 γάρννέχει
972 3165 1413 3260 χάρισμαίίδιον,
1459 3185 1746 3258 ἐνέργειαν
1792 3165 1913 3238 καθ1

2020 3213 2359 3271 unaquaeque
2385 3202 2547 3257 habet
2578 3202 2850 3258 charisma
2908 3201 3348 3274 peculiaremque
3397 3217 3592 3272 opera-

331 3284 525 3352 αύτὴν,
575 3281 717 3335 ὥστε
765 3278 1025 3333 δύνασθαι
1055 3279 1154 3333 καὶ
1207 3279 1283 3349 μὴ
1336 3277 1695 3348 βουλομένους
1736 3273 1913 3327 ἕλκειν

2019 3292 2239 3360 tionem,
2272 3307 2378 3362 qua
2409 3293 2582 3363 possit
2625 3293 2786 3347 etiam
2837 3292 3071 3347 invicws
3095 3293 3176 3347 sui
3199 3303 3478 3362 compotes
3509 3299 3594 3346 at-

331 3375 460 3437 τοὺς
494 3373 755 3442 μετόχους
780 3371 953 3440 αὐτῆς
975 3370 1117 3447 Δπρὸς
1153 3369 1352 3439 ἑαυτὴν
1377 3370 1445 3438 τῇ
1471 3367 1584 3434 ἔξει
1619 3366 1716 3420 καὶ
1756 3365 1919 3434 φύσει

333 3463 430 3518 τοῦ
464 3461 692 3532 ἀγαθοῦ.
726 3463 836 3515 Καὶ⁵
888 3462 977 3514 ὅτε
1010 3461 1143 3530 ἡμῖν
1192 3459 1356 3528 δοθῇ,
1415 3455 1778 3510 ἀναλλοίωτον
1825 3453 1922 3508 καὶ

334 3559 610 3628 ἄτρεπτον
668 3555 854 3608 ἔκτοτε
914 3551 1283 3622 συντηρείται.
1336 3548 1528 3605 Ζῶσαν
1573 3547 1683 3617 γὰρ
1729 3546 1921 3616 ὥσπερ

334 3649 516 3720 ψυχὴν
547 3649 605 3702 ἐν
639 3647 788 3710 ἰδίοις
823 3646 1041 3716 μέλεσιν
1073 3643 1280 3713 έχουσι,
1323 3641 1420 3694 τοῦ
1451 3641 1697 3710 ἐνεργεῖν
1727 3637 1921 3702 αὑτὰς,

335 3743 436 3813 τὴν
483 3741 645 3812 χάριν
689 3737 782 3793 τοῦ
837 3735 1175 3806 Πνεύματος.
1227 3735 1319 3786 Διὸ
1351 3733 1446 3786 καὶ
1478 3731 1674 3802 νεκρὸς
1701 3730 1846 3794 ἅπας
1884 3733 1913 3785 ὁ

338 3833 450 3887 τῶν
493 3832 706 3902 ἀρετῶν
748 3831 935 3900 ὅμιλος
971 3827 1140 3898 χωρὶς
1177 3825 1348 3894 αὐτῆς
1393 3824 1637 3891 πέφυκε·
1683 3822 1778 3875 καὶ
1811 3824 1926 3884 τοῖς

341 3922 559 3977 δοκοῦσι
613 3921 838 3983 τελείως
892 3919 1036 3989 ἔχειν
1088 3916 1123 3986 ἢ
1169 3914 1527 3986 κατορθοῦσιν
1572 3911 1771 3974 αύτάς,
1829 3913 1924 3964 καὶ

343 4009 504 4068 αὗται
541 4011 720 4082 ἐαυτῷ
761 4011 942 4082 μόναι,
978 4009 1133 4063 σκιαὶ
1164 4009 1258 4061 καὶ
1282 4007 1441 4060 τύποι
1473 4003 1569 4057 τοῦ
1602 4003 1792 4068 καλοῦ,
1824 4004 1924 4058 καὶ

343 4108 446 4161 οὐκ
474 4105 732 4177 ἀληθείας
767 4104 1088 4172 ἰνδάλματα.

412 4198 520 4262 πζη
556 4198 711 4252 Είσὶν
735 4193 828 4250 οὖν
861 4193 1125 4264 τέσσαρες
1161 4192 1260 4263 μὲν
1300 4191 1358 4244 αἰ
1387 4189 1677 4244 καθολικαί
1705 4189 1922 4260 ἀρεταὶ,

339 4287 584 4360 ἀνδρεία,
608 4287 891 4358 φρόνησις,
921 4285 1265 4352 σωφροσύνη,
1292 4285 1387 4336 καὶ
1404 4283 1718 4353 δικαιοσύνη
1739 4297 1754 4312 ⁸
1779 4281 1925 4335 ὀκτὼ

339 4382 418 4445 δὲ,
469 4382 526 4434 αἱ
578 4378 700 4433 καθ’
749 4375 1058 4449 ὑπερϐολὴν
1107 4375 1204 4429 καί
1258 4374 1495 4444 ἔλλειψιν
1546 4373 1726 4429 αὐτῶν
1759 4373 1927 4442 ἐγγὺς

342 4471 765 4543 παρεπόμεναιο
826 4468 1018 4522 κακίαι
1073 4467 1171 4538 μὲν
1227 4467 1356 4536 παρ’
1409 4467 1570 4536 ἡμῖν,
1623 4466 1818 4536 ἀρεταὶ
1866 4463 1924 4518 δέ

2016 3387 2232 3440 trahere
2273 3386 2341 3439 ad
2387 3386 2622 3454 seipsam
2666 3384 2852 3440 habitu
2885 3393 2939 3438 et
2971 3393 3163 3459 natura
3196 3385 3440 3442 boni.-E-t
3467 3401 3591 3442 cum

2014 3477 2173 3531 nobis
2211 3478 2333 3530 data
2358 3487 2461 3543 est,
2489 3477 2717 3530 firmiter
2747 3486 2805 3531 et
2841 3477 3267 3532 imtnutabiliter
3305 3493 3596 3536 conserva-

1971 3621 1974 3623 λ
2017 3577 2124 3620 tur.
2161 3568 2255 3622 Est
2280 3569 2421 3622 enim
2449 3569 2736 3623 virtutibus
2759 3570 2915 3636 quasi
2949 3570 3128 3623 anima
3160 3570 3348 3625 vivens
3377 3573 3595 3638 propria

2015 3675 2201 3714 earum
2228 3663 2471 3714 membra
2505 3660 2781 3715 viviﬁcans
2805 3662 2978 3731 gratia
2998 3661 3241 3730 spiritus.
3266 3661 3446 3729 Quare
3477 3664 3596 3719 sine

2019 3752 2120 3806 hac
2143 3761 2252 3806 tota
2281 3751 2539 3804 virtutum
2556 3752 2751 3806 cohors
2776 3762 2860 3807 est
2889 3763 3122 3819 mortua,
3145 3762 3200 3807 et
3224 3753 3279 3806 in
3302 3754 3368 3808 iis
3393 3755 3484 3823 qui
3516 3754 3596 3807 vi-

2018 3849 2210 3897 dentur
2227 3858 2318 3898 eas
2335 3844 2536 3898 habere
2550 3858 2612 3898 ac
2629 3844 2924 3912 possidere,
2942 3846 3078 3901 nihil
3103 3855 3184 3901 est
3219 3848 3325 3902 nisi
3341 3848 3456 3904 sola
3481 3863 3598 3901 unt-

2019 3935 2114 3989 bra
2137 3946 2190 3990 et
2219 3936 2394 4006 imago
2412 3934 2564 4002 boni,
2586 3951 2697 3992 non
2725 3945 2908 3992 autem
2935 3941 3050 4008 ipsa
3075 3952 3161 3995 res
3181 3953 3340 4008 quam
3371 3937 3606 4008 efﬁngit...

2091 4269 2182 4326 87.
2216 4271 2287 4328 Ut
2317 4281 2447 4326 sunt
2473 4279 2708 4342 quatuor
2752 4271 2986 4328 virtutes
3018 4271 3344 4339 cardinales,
3383 4271 3602 4328 fortitn~

2026 4365 2115 4432 do,
2152 4364 2460 4434 prudentia,
2496 4366 2885 4437 temperantia,
2912 4365 3146 4434 iustitia,
3179 4376 3305 4423 octo
3329 4375 3454 4423 sunt
3476 4367 3610 4423 illas

2030 4473 2128 4528 per
2155 4458 2428 4514 defectum
2461 4469 2553 4513 aut
2585 4473 2870 4515 excessum
2901 4459 3151 4527 proxime
3189 4459 3602 4527 consequentia,

308 4564 496 4639 ,παρά
524 4564 637 4624 τοῖς
677 4562 736 4614 ἐν
765 4561 980 4631 κόσμῳ,
1011 4559 1108 4614 καὶ
1145 4557 1461 4628 λεγόμεναι,
1497 4555 1913 4627 καὶ⁸νοούμεναι.

2035 4567 2157 4622 qua:
2183 4567 2212 4606 a
2236 4552 2393 4607 nobis
2423 4551 2586 4618 mala,
2611 4567 2642 4605 a
2670 4551 3022 4606 saecularibus
3071 4563 3199 4603 vero
3243 4551 3381 4603 bona
3410 4549 3602 4604 dicun-

343 4653 457 4707 Καὶ
501 4652 602 4722 τῆς
661 4652 761 4721 μὲν
809 4651 1080 4722 ἀνδρείας,
1139 4649 1415 4720 θρασύτης
1453 4650 1548 4703 καὶ
1577 4648 1782 4701 δειλία’
1828 4650 1927 4717 τῆς

346 4744 660 4813 φρονήσεως
684 4742 762 4808 δέ,
800 4742 1035 4812 πονηρία
1059 4743 1152 4795 καὶ
1183 4741 1372 4807 ἄγνοια
1401 4758 1413 4771 ο
1441 4739 1540 4808 τῆς
1572 4737 1925 4809 σωφροσύνης

344 4834 424 4900 δὲ,
471 4834 737 4888 ἀκολασία
789 4833 884 4885 καὶ
937 4831 1256 4902 ἠλιθιότης·
1313 4832 1414 4900 τῆς
1459 4831 1517 4884 δὲ
1556 4829 1923 4897 δικαιοσύνης,

347 4924 628 4989 πλεονεξία
658 4924 752 4977 καὶ
781 4921 986 4986 ἀδικία,
1023 4922 1120 4974 εἴτ’
1156 4918 1250 4975 οὖν
1283 4920 1574 4992 μειονεξία.
1608 4920 1787 4974 Μέσαι
1816 4922 1927 4988 γάρ

348 5019 486 5072 εἰσιν
529 5017 746 5086 ἀρεταὶ,
777 5017 839 5069 οὐ
894 5014 1056 5086 μόνον
1097 5015 1152 5068 αἱ
1185 5013 1472 5066 καθολικαὶ
1495 5051 1510 5077 ,
1545 5011 1640 5065 καὶ
1667 5010 1924 5080 φυσικαὶ,

349 5112 447 5164 καὶ
501 5109 684 5177 πάσης
753 5105 1043 5176 ἐλλείψεως
1106 5105 1200 5157 καὶ
1256 5103 1560 5174 ὑπερϐολῆς
1618 5101 1924 5171 ἀνώτεραι,

351 5202 488 5257 ἀλλά
517 5200 612 5254 καὶ
639 5201 696 5254 αἰ
729 5199 1056 5270 πρακτικαί.
1091 5198 1202 5250 Καὶ
1228 5197 1285 5249 αἱ
1327 5195 1422 5266 μὲν
1456 5194 1555 5264 τὴν
1586 5193 1926 5263 προαίρεσιν,

352 5295 418 5364 τῇ
445 5291 547 5359 τῆς
576 5291 801 5362 γνώμης
831 5289 1086 5359 εύθύτητι
1110 5305 1122 5317 ·
1152 5289 1208 5341 αἱ
1236 5287 1313 5352 δὲ,
1348 5285 1448 5356 τὴν
1473 5285 1680 5356 τροπὴν
1710 5283 1804 5336 καὶ¹
1829 5281 1930 5354 τὴν

355 5383 530 5453 ρῖησιν
589 5383 848 5452 συνεργὸν
901 5381 1214 5450 κέκτηνται.
1279 5379 1414 5448 Περὶ
1459 5376 1568 5446 γὰρ
1612 5374 1792 5429 αὐτῶν
1848 5376 1929 5428 ὅτι

360 5474 522 5544 μέσαι
549 5473 685 5526 εἰσὶν
719 5474 914 5544 όιρετοι)⁴
942 5473 1041 5541 τῆς
1069 5471 1385 5542 εὐθύτητος,
1428 5467 1637 5538 μάρτυς
1668 5469 1701 5538 ἡ
1735 5483 1928 5537 παροιο

361 5566 458 5633 μία
499 5565 698 5618 οὑτωσὶ
747 5564 1062 5632 φάσκουσα·
1099 5581 1118 5614 ι
1159 5564 1266 5616 Καὶ
1307 5560 1677 5630 κατορθώσεις
1718 5558 1928 5620 πάντας

355 5656 552 5721 ἄξονας
581 5655 842 5724 ἀγαθούς.
876 5673 894 5706 ›
935 5657 1114 5709 Πᾶσαι
1143 5655 1235 5710 οὖν
1266 5655 1324 5707 ἐν
1345 5656 1466 5716 ταῖς
1490 5653 1640 5724 τρισὶ
1668 5649 1932 5722 δυνάμεσι

356 5748 454 5817 τῆς
479 5746 656 5816 ψυχῆς
688 5741 1098 5810 συνιστάμεναι,
1133 5741 1190 5793 ἐν
1230 5734 1317 5802 αἷς
1357 5738 1632 5792 τίκτονται
1661 5738 1757 5791 καί
1785 5738 1932 5792 οἰκο.

359 5835 685 5909 δωροῦνται,
749 5837 823 5895 ὡς
889 5832 1140 5899 θεμέλιον
1205 5829 1303 5894 τὰς
1378 5832 1654 5901 τέσσαρας
1718 5832 1940 5902 γενικὰς

2030 4654 2118 4698 tur
2144 4652 2201 4698 et
2223 4644 2589 4698 assumantur.
2627 4643 2697 4706 Et
2722 4641 2938 4712 quidem
2966 4638 3337 4695 fortitudinem
3365 4653 3604 4709 sequun-

2025 4744 2114 4788 tur
2141 4735 2370 4789 audacia
2397 4744 2451 4789 et
2480 4734 2685 4801 timor;
2716 4734 3088 4801 prudentiam,
3131 4733 3332 4787 astutia
3361 4742 3418 4787 et
3449 4733 3604 4802 igno-

2025 4826 2198 4880 rantia
2224 4841 2240 4892 ;
2273 4828 2716 4895 temperantiam,
2745 4823 3144 4879 incontinentia
3181 4832 3236 4879 et
3265 4822 3603 4892 stupiditas;

2021 4920 2315 4990 justitiam,
2341 4918 2574 4973 avaritia
2595 4925 2655 4980 et
2690 4916 2986 4986 iniustitia,
3019 4927 3284 4986 quatenus
3332 4926 3414 4970 est
3455 4915 3606 4971 defe-

2029 5023 2168 5064 ctus.
2204 5011 2339 5064 Nam
2373 5010 2622 5076 virtutes,
2656 5025 2761 5063 non
2796 5010 2970 5062 solum
3005 5008 3328 5063 cardinales-
3355 5017 3408 5063 et
3447 5017 3607 5062 uatu-

2029 5103 2170 5158 rales
2201 5140 2217 5167 ,
2270 5103 2367 5158 sed
2436 5111 2492 5156 et
2539 5103 2789 5171 practicae
2819 5142 2834 5167 ,
2894 5102 2951 5156 in
3003 5103 3179 5156 medio
3227 5110 3395 5168 stant,
3444 5116 3608 5169 supra

2032 5212 2246 5251 omnem
2292 5196 2560 5250 defectum
2636 5205 2692 5251 et
2742 5209 3048 5249 excessum.
3114 5194 3179 5248 Et
3219 5193 3337 5246 aliae
3389 5192 3606 5261 quidem

2035 5305 2156 5343 cum
2217 5289 2381 5343 animi
2437 5287 2761 5342 rectitudine
2801 5287 3225 5356 cooperatricem
3264 5283 3472 5338 habent
3512 5297 3612 5337 vo-

2034 5383 2296 5436 luntatem
2332 5419 2347 5440 .
2411 5379 2530 5433 aliae
2589 5395 2723 5434 vero
2798 5379 3198 5433 inclinationem
3279 5383 3334 5428 et
3421 5389 3610 5443 super-

2037 5474 2202 5527 biam.
2266 5471 2444 5539 Atque
2474 5471 2702 5524 virtutes
2767 5471 2820 5523 in
2843 5469 3024 5522 medio
3079 5466 3417 5521 rectitudinis
3465 5475 3630 5519 stare»

2039 5572 2272 5620 testatur
2324 5561 2678 5616 Proverbinm
2729 5561 2979 5615 dicens:
3020 5577 3038 5609 ‹
3079 5558 3146 5612 Ει
3173 5557 3395 5626 diriges
3423 5570 3614 5610 omnes

2039 5660 2210 5713 bonus
2243 5656 2484 5710 semitas.
2521 5673 2540 5707 ι
2565 5654 2766 5710 Omnes
2791 5653 2955 5720 igitur
2986 5652 3041 5704 in
3077 5649 3248 5706 tribus
3299 5648 3492 5702 animae
3522 5664 3617 5716 po-

2039 5751 2226 5804 tentiis
2246 5749 2522 5814 stabilitas,
2545 5756 2810 5816 generatae
2829 5753 2884 5798 et
2911 5741 3192 5798 aediﬁcatae
3215 5751 3273 5796 ut
3291 5739 3614 5795 fundamen-

2044 5849 2154 5894 tum
2184 5855 2293 5897 suae
2331 5835 2756 5892 constructiouis
2792 5833 2992 5890 habent
3016 5842 3249 5902 quatuor
3282 5830 3631 5891 cardinales...
