4020 6458
466 406 606 476 1257

1672 395 2057 456 GBEGORII
2089 394 2432 455 SINAlTAE

3552 391 3568 451 l
3582 388 3682 451 268

463 523 548 576 vel
585 530 763 589 potius
785 515 1095 578 Christum;
1121 511 1276 566 itaut
1327 509 1599 566 naturales
1628 511 1881 578 practicis
1933 525 2030 578 pu-

2147 521 2335 591 Ξχουσι,
2373 521 2580 590 μᾶλλον
2606 518 2664 573 δὲ
2700 519 2954 591 Χριστὸν,
2989 523 3086 593 τῆς
3127 524 3333 578 ἑαυτῶν
3363 527 3646 600 οἰκοδομῆς
3670 539 3684 549 ‘

463 612 764 672 rillcentur,
795 608 989 660 divina:
1017 613 1199 658 autem
1233 609 1289 656 ct
1314 601 1751 670 supernaturales
1791 601 2034 670 benigni-

363 696 366 699 ’
468 716 578 758 tate
600 701 836 770 Spiritus
863 697 1234 752 infundantur.

537 882 630 934 88.
673 879 811 933 Sunt
857 875 976 931 aliae
1005 875 1268 928 virtutum
1325 872 1599 941 practicm,
1628 871 1746 924 aliae
1784 869 2034 932 morales,

471 976 587 1029 alia:
639 969 952 1038 theologicae
1006 977 1059 1020 ct
1117 981 1144 1018 a
1176 963 1375 1030 Spiritu
1421 961 1627 1017 inlusa.
1673 963 1737 1014 Et
1782 962 2038 1030 practicze

470 1063 739 1132 proﬂuunt
762 1075 789 1114 a
809 1061 1103 1118 voluntate,
1129 1055 1365 1109 morales
1395 1069 1424 1110 ιι
1451 1053 1856 1119 constitutione,
1883 1055 2035 1107 theo—

469 1157 648 1224 logicae
681 1171 709 1207 ιι
742 1154 932 1222 gratia.

536 1247 624 1299 89.
653 1246 783 1299 Item
813 1245 1042 1296 virtutes
1079 1257 1141 1296 ac
1171 1242 1301 1296 vitia
1326 1234 1547 1310 generat
1577 1240 1756 1292 anima
1811 1246 1994 1292 nostra
2021 1252 2036 1300 ;

467 1336 559 1390 sed
589 1335 708 1389 illas
739 1332 1034 1386 secundum
1065 1343 1336 1394 naturam,
1391 1331 1506 1382 haec
1535 1339 1722 1381 contra
1772 1336 2038 1386 naturam,

469 1443 660 1494 parere
719 1425 891 1488 solet”
922 1421 1157 1476 Causam
1204 1421 1346 1474 enim
1394 1430 1448 1472 et
1488 1420 1748 1488 originem
1777 1417 1899 1470 boni
1945 1423 2041 1465 ant

470 1516 593 1570 ntali
629 1516 789 1568 habet
819 1514 996 1568 anima
1023 1511 1529 1565 deteriiiinationem
1565 1507 1881 1569 voluntatis,
1922 1520 2041 1573 quae

466 1619 552 1662 est
609 1607 754 1661 velut
783 1620 912 1658 acus
959 1604 1222 1656 linearum
1279 1602 1437 1654 iudex
1489 1610 1581 1652 aut
1615 1599 1764 1652 libra:
1806 1610 2038 1665 scopus:

415 1723 423 1731 -
467 1712 788 1767 quocunque
830 1706 1096 1760 vertatur,
1133 1697 1234 1747 hoc
1271 1692 1497 1746 assumit
1534 1700 1959 1758 cooperatorem,
1989 1699 2042 1744 et

467 1793 579 1861 agit
608 1808 621 1844 :
650 1790 952 1858 subjectum
976 1791 1121 1840 enim
1154 1797 1239 1840 est
1270 1789 1550 1852 utriusque
1593 1784 1736 1837 modi
1771 1784 2039 1852 operatio-

471 1884 652 1949 nibus,
682 1881 807 1949 quia
857 1879 955 1933 has
1005 1889 1058 1931 et
1117 1879 1237 1932 illas
1287 1892 1452 1946 penes
1504 1878 1740 1945 seipsum
1779 1874 2035 1941 possidet,

471 1974 604 2028 alias
636 1975 803 2027 libera
837 1970 1124 2026 voluntatis
1146 1967 1617 2022 determinationc.

443 2341 450 2347 .
547 2295 636 2350 90.
682 2293 969 2363 Nuncupat
1023 2293 1259 2363 virgines
1299 2294 1581 2362 Scriptura
1624 2294 1881 2356 virtutes,
1917 2295 2042 2362 quia

480 2386 632 2441 velut
671 2385 940 2439 connubio
972 2399 1094 2437 cum
1141 2383 1319 2436 anima
1351 2385 1767 2452 conjunguntur,
1806 2392 1859 2436 et
1889 2385 2041 2452 quasi

477 2491 619 2531 unus
670 2492 792 2530 cum
827 2489 889 2529 ea
927 2476 1149 2543 spiritus
1187 2482 1242 2526 et
1269 2489 1374 2526 una
1427 2488 1556 2527 caro
1603 2473 2040 2528 considerantur.

474 2570 612 2622 Nam
635 2568 924 2624 charitatis
964 2567 1274 2637 symbolum
1307 2576 1391 2620 est
1427 2566 1770 2634 pulchritudo
1830 2567 2042 2634 puellae,

475 2661 768 2729 ettsiguum
820 2660 1087 2714 caelitatis
1125 2673 1188 2710 ac
1238 2658 1510 2725 puritatis,
1561 2671 1838 2709 sacrarum
1884 2655 2046 2724 virgi-

478 2767 609 2805 num
640 2753 826 2805 deco-r.
860 2749 1007 2804 Solet
1033 2749 1178 2802 enim
1210 2750 1384 2821 gratia
1425 2763 1512 2800 res
1536 2747 1752 2800 divinas
1775 2756 2047 2800 transmu-

479 2853 595 2896 tare
624 2841 676 2894 in
709 2842 760 2895 id
788 2841 854 2895 ad
882 2841 1025 2908 quod
1060 2841 1217 2894 factae
1267 2847 1416 2904 sunt,
1449 2849 1502 2894 et
1541 2839 1606 2892 ad
1655 2836 1834 2891 aliinia
1877 2849 2045 2902 certe,

475 2950 586 3003 qua
616 2933 734 2988 lieri
766 2943 972 3003 potest,
1001 2931 1373 2986 conformare.

548 3119 637 3174 9i.
677 3116 828 3170 Sicut
858 3124 980 3169 octo
1005 3122 1128 3168 sunt
1152 3114 1404 3168 vitiorum
1449 3114 1639 3176 duces,
1689 3126 1796 3167 tres
1832 3112 2046 3181 quidem

2130 614 2216 666 ἶνα
2241 615 2297 667 αἱ
2330 615 2427 682 μὲν
2469 615 2730 682 φυσικαὶ,
2775 614 2864 668 διὰ
2895 614 3003 669 τῶν
3033 619 3350 685 πρακτικῶν
3383 619 3684 691 καθαίρων-

2139 721 2218 757 rat
2241 722 2253 735 ·
2281 705 2336 757 αἱ
2369 704 2426 759 δὲ
2448 703 2589 757 θεῖαι
2616 705 2710 757 καὶ
2736 704 2874 775 ὑπὲρ
2904 705 3088 774 φύσιν,
3114 707 3360 762 δίδωνται
3389 711 3447 762 ἐν
3467 714 3532 780 τῇ
3563 729 3688 781 χρη-

2132 798 2349 866 στότητι
2379 795 2473 849 τοῦ
2507 795 2826 866 Πνεύματος

2201 894 2312 957 mf.
2355 887 2476 942 Τῶν
2515 888 2729 958 ἀρετῶν
2791 889 2846 941 αἱ
2886 888 2984 957 μέν
3036 890 3146 942 είσι
3184 892 3500 960 πρακτικαὶ,
3533 893 3586 944 ai
3635 893 3692 945 δὲ

2132 981 2382 1047 φυσικαὶ,
2440 981 2497 1034 αἱ
2554 982 2610 1033 δὲ
2655 980 2800 1033 θεῖαι
2840 983 2934 1034 ml
2980 982 3075 1035 τοῦ
3107 983 3446 1053 Πνεύματος.
3477 985 3586 1038 Kal
3636 988 3691 1038 al

2135 1073 2234 1140 μὲν
2283 1073 2605 1140 πρακτικαὶ,
2644 1072 2743 1142 τῆς
2780 1073 3189 1142 προαιρέσεως·
3235 1076 3290 1127 αἱ
3341 1075 3397 1127 δέ
3447 1077 3689 1144 φυσικαὶ,

2130 1162 2229 1229 τῆς
2265 1161 2607 1226 διαπλάσεως
2631 1177 2646 1191 '
2678 1163 2733 1214 αἱ
2764 1163 2821 1214 δὲ
2852 1163 3013 1228 θεῖαι,
3046 1164 3146 1232 τῆς
3176 1165 3409 1234 χάριτος.

2201 1273 2310 1326 πθ’.
2340 1273 2548 1344 Ὥσπερ
2570 1273 2667 1345 τὴν
2697 1275 2802 1327 τῶν
2825 1275 3034 1344 ἀρετῶν
3065 1276 3278 1343 γένεσιν
3302 1279 3333 1346 ἡ
3361 1278 3502 1348 ψυχὴ
3537 1280 3690 1348 ἡμῶν

2133 1364 2268 1433 ἔχει,
2319 1364 2460 1418 οὕτω
2488 1367 2580 1418 καὶ
2607 1366 2706 1436 τὴν
2739 1366 2845 1417 τῶν
2877 1367 3063 1420 παθῶν
3084 1384 3096 1397 ο
3131 1369 3263 1421 ἀλλὰ
3290 1370 3387 1434 τὰς
3434 1371 3528 1438 μὲν
3555 1371 3690 1424 κατὰ

2135 1456 2312 1524 φύσιν,
2347 1457 2411 1507 τὰ
2437 1457 2492 1508 δὲ
2524 1457 2672 1527 παρὰ
2703 1456 2872 1523 φύσιν
2898 1459 3103 1510 τίκτειν
3136 1460 3339 1512 εῖωθεν.
3384 1461 3564 1512 Δίτίαν
3588 1463 3693 1530 γὰρ

2135 1545 2270 1612 πρὸς
2315 1547 2412 1615 τὴν
2448 1546 2540 1598 τοῦ
2592 1545 2756 1598 καλοῦ
2807 1545 2838 1615 ἡ
2886 1547 3056 1599 κακοῦ
3087 1549 3296 1615 γένεσιν
3345 1550 3377 1617 ἡ
3421 1549 3561 1619 ψυχὴ
3600 1551 3694 1618 τὴν

2137 1635 2309 1706 ῥοπὴν
2331 1637 2430 1704 τῆς
2450 1636 2720 1704 θελήσεως
2743 1637 3024 1703 κέκτηται,
3045 1636 3228 1707 ὥσπερ
3252 1655 3301 1690 τι
3328 1639 3545 1706 κέντρον
3565 1640 3693 1706 πρὸς

2135 1727 2422 1794 γραμμὰς,
2466 1725 2498 1795 ἢ
2537 1725 2702 1791 ζυγοῦ
2737 1727 2796 1777 τὸ
2845 1726 3100 1796 ἀνθέμιον
3125 1743 3140 1757 ο
3170 1728 3290 1779 ὅποι
3329 1728 3372 1778 δ’
3413 1728 3474 1780 ἂν
3504 1727 3689 1798 τρέψῃ,

2136 1816 2294 1869 τοῦτο
2351 1817 2612 1886 συνεργὸν
2681 1815 2984 1884 λαμϐάνει,
3034 1818 3124 1869 ml
3176 1819 3418 1886 ἐνεργεῖ·
3470 1818 3688 1868 ὑποκεί-

2142 1923 2300 1976 μενον
2335 1906 2445 1976 γάρ
2473 1907 2616 1958 ἐστιν
2651 1908 2854 1974 ἀμφοῖν
2887 1905 3023 1975 πρὸς
3054 1910 3175 1969 ταῖς
3218 1907 3367 1959 δυσὶν
3401 1907 3694 1974 ἐνεργείαις

2137 1996 2476 2066 ἡπρόθεσις,
2521 1996 2704 2064 ἐπειδὴ
2740 1998 2830 2048 ml
2876 1997 3074 2059 ταύτας
3124 1997 3378 2059 κάκείνας
3435 1999 3488 2048 ἐν
3527 1997 3697 2062 ἐαυτῷ

2139 2089 2453 2158 περιφέρειο
2486 2088 2584 2157 τὴν
2626 2089 2744 2158 μὲν,
2778 2092 2844 2158 τῇ
2884 2089 3094 2154 γενέσει
3121 2107 3132 2120 ·
3179 2090 3276 2160 τὴν
3307 2089 3383 2154 δὲ,
3416 2091 3480 2157 τῇ
3512 2088 3696 2140 αὐθαι-

2141 2179 2280 2250 ρέτῳ
2322 2183 2457 2250 ῥοπῇ
2493 2179 2586 2232 τοῦ
2626 2179 2952 2248 θελήματος.

2210 2291 2281 2358 ιζ.
2318 2291 2590 2354 Νεάνιδας
2633 2294 2666 2360 ἡ
2699 2291 2889 2361 Γραφὴ
2919 2290 3074 2343 καλεῖ
3109 2290 3205 2350 τὰς
3239 2290 3455 2360 ἀρετὰς,
3492 2289 3575 2343 διὰ
3606 2289 3697 2359 τὴν

2143 2382 2640 2455 συγκρσ[τη]τικὴν
2675 2382 2852 2436 αὐτῶν
2893 2382 3027 2452 πρὸς
3069 2382 3167 2452 τὴν
3204 2381 3376 2452 ψυχὴν
3413 2383 3699 2448 συνάφειαν

2141 2473 2452 2542 γινομένην,
2490 2475 2582 2526 καὶ
2617 2475 2695 2534 είς
2743 2472 2798 2524 ἓν
2832 2473 3049 2544 πνεῦμα
3079 2475 3171 2525 ml
3209 2472 3364 2540 σῶμα
3394 2473 3508 2541 μετ’
3535 2472 3698 2540 αὺτῆς

2143 2563 2550 2633 θεωρουμένων.
2591 2565 2835 2632 Ἀγάπης
2871 2565 2978 2632 γὰρ
3015 2562 3280 2634 σύμϐολον
3309 2562 3367 2614 τὸ
3399 2563 3496 2632 τῆς
3526 2562 3698 2614 ‘1:th-

2142 2653 2230 2716 δος
2253 2649 2411 2717 εἶδος,
2460 2654 2554 2707 καὶ
2587 2653 2833 2721 ἁγνείας,
2880 2654 2975 2708 καὶ
3005 2653 3270 2722 ἁγνισμοῦ
3310 2654 3598 2722 τεκμήριον
3641 2653 3701 2704 τὸ

2145 2745 2330 2814 σχῆμα
2374 2745 2481 2798 τῶν
2525 2744 2685 2815 ἱερῶν
2722 2745 2929 2797 τούτων
2964 2744 3270 2814 παρθένων.
3307 2743 3465 2805 Ἔθος
3500 2743 3602 2810 γὰρ
3635 2744 3707 2794 τὰ.

2145 2832 2263 2886 θεῖα
2295 2834 2794 2905 μετασχηματίζειν
2829 2837 2862 2906 ἡ
2914 2835 3075 2906 χάρις
3128 2837 3262 2905 πρὸς
3295 2835 3321 2887 δ
3358 2835 3700 2898 πεποίωνται,

2142 2927 2238 2978 καὶ
2288 2925 2423 2995 πρὸς
2455 2927 2515 2979 τὸ
2561 2927 2820 2994 συγγενὲς
2862 2927 3118 2990 ἀπλανῶς
3150 2929 3206 2979 ἐν
3256 2928 3367 2990 τοῖς
3394 2925 3702 2995 δυναμένοις

2144 3013 2430 3066 εἰδοποιεῖν
2465 3014 2731 3084 πέφυκεν.

2217 3123 2324 3191 [ια’.
2373 3125 2524 3178 Εἰσὶν
2566 3121 2659 3179 οὖν
2714 3125 2910 3196 ὥσπερ
2955 3125 3100 3178 ὀκτω
3151 3125 3203 3178 οί
3266 3124 3559 3195 προστάται
3589 3124 3720 3177 υτῶν’

483 3208 754 3280 priniarii,
793 3219 984 3272 nempe
1017 3207 1261 3270 luxuriae,
1310 3204 1622 3272 cupiditatis
1646 3211 1702 3256 et
1731 3217 1897 3267 ﬂaua!
1928 3200 2042 3270 glo-

2149 3217 2357 3282 παθῶν,
2391 3220 2539 3289 τρεῖς
2571 3219 2670 3288 μὲν
2699 3219 2748 3271 οἱ
2777 3218 3006 3288 μεγάλοι
3031 3231 3044 3248 ο
3073 3219 3102 3270 ό
3131 3219 3225 3286 τῆς
3252 3217 3701 3287 γαστριμαργίας,

479 3305 572 3357 rite
601 3301 895 3370 principes,
928 3298 1170 3367 quinque
1203 3311 1329 3349 vero
1374 3296 1702 3360 secundarii,
1731 3307 1921 3361 nempe
1950 3293 2048 3345 du-

477 3409 571 3450 cos
611 3389 1007 3453 fornicationis,
1054 3388 1373 3450 iracundiae,
1427 3387 1700 3452 maeroris,
1751 3386 1951 3441 acedia:
1996 3395 2049 3438 et

479 3483 747 3554 superbia
772 3500 785 3534 :
819 3481 894 3536 ita
924 3481 1186 3550 oppositae
1215 3480 1321 3534 illis
1362 3489 1508 3543 sunt,
1537 3479 1711 3548 primo
1743 3487 1853 3532 tres
1881 3479 2050 3530 virtu-

483 3589 585 3643 tes,
637 3574 1046 3643 temperantiae,
1100 3573 1434 3641 paupertatis
1493 3580 1546 3625 et
1592 3569 1932 3632 humilitatis,
1987 3583 2051 3622 ac

480 3668 673 3721 deinde
698 3667 956 3735 subjectae
977 3665 1062 3718 his
1091 3664 1332 3727 castitas,
1366 3663 1742 3725 mansuetudo,
1768 3661 2048 3730 gaudium,

481 3761 562 3814 sui
597 3767 964 3827 contemptus,
990 3767 1045 3811 et
1092 3766 1204 3809 tota
1264 3757 1527 3807 virtutum
1577 3753 1769 3806 series.
1809 3753 1878 3806 At
1914 3753 2048 3816 vim,

485 3855 648 3903 robur
682 3861 734 3903 et
759 3850 979 3902 odorem
1007 3846 1270 3914 cujusque
1289 3846 1509 3899 virtutis
1538 3853 1631 3896 aut
1669 3844 1782 3898 vitii
1807 3844 2050 3898 ediscere

483 3962 542 3995 ac
565 3957 916 4012 cognoscere,
949 3956 1053 3994 non
1089 3949 1170 3994 est
1196 3939 1492 4008 cujuslibet
1530 3938 1780 4004 volentis,
1814 3938 1908 3992 sed
1930 3936 2049 4004 ejus

483 4039 574 4104 qui
604 4038 713 4102 agit
743 4047 794 4088 et
821 4037 1020 4102 patitur
1047 4033 1211 4086 verbo
1242 4041 1296 4086 et
1351 4047 1381 4084 a
1409 4031 1609 4100 Spiritu
1641 4031 1851 4099 accepit
1890 4029 2050 4084 .dona

483 4129 722 4180 μυὶοιιιίίιι
749 4136 802 4177 et
845 4127 1169 4179 intellectus.

2148 3309 2176 3358 ὸ
2216 3307 2314 3376 τῆς
2372 3307 2757 3378 φιλαργυρίας,
2819 3308 2916 3361 καὶ¹
2968 3307 3305 3374 κενοδοξίαςδ
3355 3307 3512 3359 πέντε
3553 3306 3608 3358 δὲ
3654 3305 3705 3358 οι
3759 3354 3764 3360 π

2147 3400 2358 3461 τούτοις
2401 3400 2685 3454 ἀκόλουθοι
2707 3415 2720 3428 ’
2766 3401 2795 3453 ὁ
2829 3399 2931 3470 τῆς
2977 3400 3254 3470 πορνείας,
3284 3398 3375 3451 ml
3401 3399 3585 3468 ὀργῆς,
3615 3396 3707 3448 καὶ

2150 3489 2343 3559 λύπης,
2379 3489 2474 3542 καὶ
2523 3490 2773 3557 ἀκηδίας,
2811 3490 2902 3542 καὶ
2948 3490 3324 3558 ὑπερηφανίας
3351 3507 3363 3519 ·
3403 3488 3569 3547 οὕτως
3604 3487 3707 3538 εἰσὶ

2151 3577 2246 3629 καὶ
2275 3578 2329 3628 al
2368 3576 2745 3643 ἀντικείμεναι
2791 3576 2998 3629 τούτων
3029 3577 3371 3646 περιεκτικαὶ
3409 3577 3553 3646 τρεῖς
3580 3575 3707 3644 ἀρε-

2151 3667 2276 3720 ταί·
2314 3666 2690 3737 ἁκτημοσύνη.
2725 3668 3044 3737 ἐγκράτεια,
3081 3669 3174 3751 ml
3201 3668 3553 3727 ταπείνωσις’
3592 3664 3708 3732 μεθ’

2151 3752 2226 3810 ὧν
2255 3757 2350 3811 καὶ
2397 3759 2452 3809 al.
2482 3757 2692 3820 τούτοις
2739 3758 3034 3826 ἑπόμεναιο
3069 3757 3281 3823 ἁγνεία,
3327 3757 3417 3808 ml.
3451 3757 3706 3825 πραότης,

2153 3850 2330 3918 χαρὰ,
2366 3847 2463 3901 ml
2499 3847 2751 3919 ἀνδρεία,
2797 3847 2890 3900 καὶ
2939 3843 3320 3910 ἐξουδένωσιςο
3365 3845 3452 3895 καὶ
3498 3845 3635 3901 ἄπας
3680 3843 3710 3893 ό

2153 3940 2260 3992 τῶν
2290 3938 2500 4009 ἀρετῶν
2537 3939 2733 4002 ὁπαδός
2765 3938 2874 4009 [ῑσ.
2911 3934 3188 4006 ὁρμαθός].
3212 3935 3496 4003 Δυνάμεως
3514 3931 3588 3996 δὲ,
3619 3929 3711 3982 καὶ

2155 4027 2470 4098 ἐνεργείας,
2548 4029 2639 4081 ml
2695 4026 2870 4095 ὀσμῆς
2929 4024 3065 4087 ἰδίας
3132 4024 3368 4094 ἑκάστης
3431 4021 3626 4094 ἀρετῆς
3675 4021 3710 4088 ἢ

2157 4120 2351 4182 κακίας
2379 4117 2568 4188 μαθεῖν
2599 4117 2692 4169 καὶ
2722 4117 2946 4183 γνῶναι,
2974 4117 3034 4169 οὐ
3053 4115 3142 4169 τοῦ
3176 4111 3493 4186 βουλομένου
3514 4111 3706 4172 παντός

484 4217 652 4278 ἔστιν,
684 4215 823 4269 ἀλλὰ
845 4213 938 4266 τοῦ
972 4211 1257 4272 ποιοῦντος
1290 4209 1388 4263 καὶ
1427 4210 1727 4277 πάσχοντος
1757 4211 1901 4280 ἔργῳ
1947 4211 2045 4264 καὶ
2077 4211 2238 4280 λόγῳ,
2288 4214 2380 4265 καὶ
2416 4216 2478 4262 ἐκ
2513 4213 2626 4263 τοῦ
2653 4214 2972 4276 Πνεύματος
2999 4217 3065 4268 τὰ
3108 4217 3421 4285 χαρίσματα
3451 4232 3549 4289 της
3578 4219 3700 4271 ἐπι-

484 4307 698 4378 στήμης
731 4305 994 4365 λαϐόντος
1030 4303 1126 4355 ml
1154 4304 1252 4368 τῆς
1286 4303 1638 4370 διακρίσεως.

553 4409 641 4462 9‘2.
683 4409 794 4462 Una
829 4410 1001 4461 virtus
1041 4411 1171 4477 agit,
1207 4413 1309 4463 alia
1333 4412 1528 4480 agitur.
1555 4415 1689 4467 Aliae
1713 4417 1854 4468 enim
1881 4426 2048 4483 agunt

483 4496 547 4558 iu
568 4498 746 4564 nobis,
774 4508 1010 4552 astantes
1043 4501 1260 4568 quando
1291 4510 1573 4569 oportetct
1595 4508 1743 4568 cu'm,
1784 4514 2044 4572 quantum

481 4599 534 4641 ct
561 4592 832 4658 quomodo
854 4592 1033 4644 volunt
1056 4609 1070 4654 ;
1091 4592 1222 4647 alias
1243 4605 1369 4646 Vero
1385 4594 1599 4662 agimus
1613 4609 1708 4663 pro
1727 4604 1853 4646 nutu
1872 4606 1920 4647 et
1939 4611 2050 4649 mo-

481 4681 577 4734 rali
605 4682 790 4734 habitu
821 4683 974 4736 nobis
1001 4685 1238 4752 preprio.
1261 4686 1428 4741 Porro
1453 4686 1556 4738 illa:
1578 4695 1700 4740 sunt
1721 4688 2049 4742 substantia-

490 4777 592 4838 les,
627 4789 725 4828 nos
753 4788 884 4828 Vero
907 4779 1051 4828 velut
1079 4777 1394 4831 charactere
1417 4779 1605 4832 morali
1627 4780 1819 4848 signati
1844 4797 1856 4832 :
1887 4783 2048 4850 siqui-

477 4869 596 4918 ιιι-ιη
631 4866 796 4932 ﬁgura
824 4876 1029 4920 tantum
1062 4877 1147 4922 est
1181 4871 1420 4922 omnium
1467 4884 1690 4937 operum
1733 4882 2038 4926 nostrorum

479 4956 670 5010 modus
701 4971 820 5009 cum
858 4959 962 5011 illis
994 4962 1302 5030 archetypis
1356 4975 1726 5031 comparatus,
1749 4967 1874 5032 quia
1903 4981 2036 5036 pau—

476 5045 708 5101 cissimis
747 5053 1178 5107 substantialiter
1236 5059 1711 5110 communicantur
1732 5059 2032 5127 spiritualia

474 5147 598 5193 ante
623 5138 1088 5210 incorruptibilem
1108 5142 1306 5200 futura:
1331 5145 1453 5199 vita:
1481 5147 1904 5215 possessionem.
1934 5151 2036 5205 La.

473 5235 635 5284 bores
673 5233 817 5286 enim
851 5248 993 5288 nunc
1022 5245 1078 5290 et
1117 5237 1343 5307 efﬁgies,
1405 5253 1509 5292 non
1558 5241 1772 5308 proprie
1811 5242 2038 5301 virtutes

473 5326 682 5388 agimus
715 5333 770 5376 et
798 5326 1117 5394 accipimus.
1709 5329 1720 5337 ’

539 5578 626 5635 93.
673 5583 839 5637 Paulo
902 5596 1040 5641 teste
1087 5587 1150 5655 ‘°,
1202 5591 1505 5646 sanetificat
1550 5592 1895 5664 Evangelium
1941 5602 2032 5670 qui

413 5759 422 5772 ⁸
473 5675 758 5742 participat
810 5687 861 5730 et
907 5679 1031 5732 aliis
1072 5680 1389 5746 operatione
1435 5688 1809 5742 communicat
1853 5687 2031 5747 lumen

546 5850 586 5882 '°
611 5847 769 5914 Rom.
817 5869 905 5919 xv,
934 5855 1018 5908 16.

2229 4413 2337 4486 ¹τβ’·
2365 4415 2488 4469 Τῶν
2518 4417 2728 4486 ἀρετῶν
2763 4419 2819 4471 αἱ
2866 4419 2964 4488 μὲν
3022 4421 3332 4491 ἐνεργοῦσιν
3355 4465 3368 4487 ,
3401 4425 3454 4475 al
3482 4423 3536 4475 δὲ
3572 4425 3716 4491 ἐνερ-

2161 4506 2405 4577 γοῦνται.
2449 4508 2558 4561 Καὶ
2598 4508 2876 4576 ἐνεργοῦσι
2919 4511 3017 4580 μὲν
3058 4507 3213 4564 αὗται
3257 4514 3313 4564 ἐν
3353 4513 3500 4580 ἡμῖν,
3533 4512 3715 4581 ἐπιδη-

2165 4598 2363 4670 μοῦσαι
2410 4601 2498 4651 ὅτε
2520 4600 2620 4661 δεῖ,
2669 4600 2766 4651 καὶ
2792 4603 2975 4671 ἡνίκα,
3021 4602 3112 4654 καὶ
3139 4602 3260 4654 ὅσον
3297 4602 3587 4672 βούλονται,
3627 4604 3716 4655 καὶ

2165 4688 2388 4752 καθώς·
2441 4691 2770 4760 ἐνεργοῦμεν
2819 4692 2875 4744 δὲ
2938 4694 3138 4758 ταύτας
3191 4698 3381 4764 ἡμεῖς,
3433 4696 3568 4747 κατά
3621 4694 3716 4764 τὴν

2164 4783 2501 4852 προαίρεσιν,
2529 4783 2622 4836 καὶ
2649 4783 2746 4854 τὴν
2771 4785 2964 4855 ἡθικὴν
2988 4785 3098 4849 ἕξιν
3129 4789 3224 4854 τῆς
3247 4787 3402 4856 ἡμῶν
3427 4787 3716 4856 ἐπιτηδειό-

2161 4889 2322 4942 τητος
2343 4890 2355 4903 ’
2382 4873 2497 4925 ἀλλ’
2529 4875 2734 4926 ἐκεῖναι
2770 4876 2868 4943 μὲν
2899 4877 3189 4940 ούσιωδῶς,
3215 4879 3370 4946 ἡμεῖς
3399 4877 3453 4929 δὲ
3478 4877 3715 4938 τυπικῶς

2161 4966 2296 5036 πρὸς
2327 4961 2457 5036 ἦθος
2490 4966 2819 5035 τυπούμενοι
2845 4983 2857 4997 ·
2899 4967 3057 5038 εἴπερ
3101 4969 3270 5031 τύπος
3299 4970 3443 5020 ἐστὶν
3477 4971 3504 5020 ό
3535 4969 3713 5020 πασῶν

2158 5057 2266 5108 τῶν
2316 5057 2598 5128 ἡμετέρων
2653 5057 2928 5128 ἐργασιῶν
2985 5059 3182 5128 τρόπος
3217 5059 3348 5129 πρὸς
3399 5060 3464 5112 τὰ
3512 5059 3713 5110 ἐκεῖθεν

2158 5143 2462 5214 ἀρχέτυπα.
2514 5146 2734 5216 Ἐπειδὴ
2764 5146 2966 5214 ὀλίγοις
2998 5146 3116 5200 λίαν
3157 5147 3427 5210 ούσιωδῶς
3452 5149 3517 5200 τά
3553 5150 3712 5215 νοητὰ

2161 5237 2478 5304 μετέχονται
2533 5236 2638 5306 πρὸ
2677 5236 2779 5306 τῆς
2829 5238 3129 5307 μελλούσης
3166 5237 3438 5306 ἀφθάρτου
3482 5239 3711 5290 ἀπολαύ-

2159 5341 2320 5386 σεως.
2367 5325 2504 5386 Τοὺς
2543 5325 2746 5388 κόπους
2774 5325 2882 5395 γὰρ
2921 5325 3169 5379 ἐντεῦθεν
3211 5328 3302 5379 καὶ
3341 5328 3461 5390 τοὺς
3495 5328 3707 5390 τύπους,

2155 5415 2216 5468 ού
2262 5414 2358 5477 τὰς
2404 5415 2603 5484 ἀρετὰς
2648 5417 2851 5487 κυρίως
2905 5417 3234 5487 ἐνεργοῦμεν
3270 5419 3360 5470 καὶ
3400 5417 3707 5486 ἀπολαμϐα-

2155 5521 2337 5570 νομεν.

2216 5594 2326 5664 ἥγ’.
2385 5596 2683 5668 Ἱερουργεῖ
2724 5595 2787 5648 τὺ
2828 5593 3187 5661 Εὗαγγέλιον,
3233 5591 3373 5645 κατὰ
3405 5588 3640 5654 Παῦλον,
3670 5585 3699 5636 δ

2149 5689 2587 5759 μεταλαμϐάνων
2624 5689 2718 5741 ml
2766 5685 3105 5756 μεταδιδόναι
3140 5683 3430 5752 δυνάμενος
3461 5681 3699 5750 ἐνεργείᾳ
