4020 6494
324 435 465 500 1269

1355 435 1632 498 CAPITA
1676 435 1826 494 PER
1863 433 2526 497 ACROSTICHIDEM.

3435 429 3598 494 1270’

298 541 401 594 καὶ
432 536 640 608 ἑτέροις
666 536 759 590 τὸν
794 536 1076 606 φωτισμὸν
1100 534 1194 589 τοῦ
1223 535 1484 606 Χριστοῦ.
1521 537 1732 606 Ὥσπερ
1763 537 1882 590 τινὰ

2024 542 2233 598 Ihristi.
2291 543 2428 598 Nam
2486 555 2792 599 sermonem
2848 538 3015 595 divini
3043 533 3218 593 instar
3267 539 3491 594 seminis
3519 538 3574 595 in

300 631 508 701 σπόρον
532 630 677 683 θεῖον
701 628 793 681 τὸν
820 627 979 696 λόγον
1012 628 1072 681 ἐν
1093 629 1214 692 ταῖς
1236 628 1497 699 ψυχικαῖς
1523 628 1633 682 τῶν
1657 630 1885 683 ἀκουόν-

295 739 410 774 των
441 719 707 791 ἀρούραις
743 719 907 772 αὐτὸν
939 717 1171 788 ἐνίησιν.
1215 737 1234 769 ι
1284 719 1342 772 '0
1369 717 1528 787 λόγος
1567 718 1744 788 ὑμῶν,
1781 736 1886 789 φη-

299 813 414 875 σὶν,
446 813 588 865 ἔστω
633 811 696 864 ἐν
739 810 924 881 χάριτι
950 811 1257 878 ἠρτυμένος
1296 808 1447 872 θείας
1487 809 1879 879 χρηστότητος,

299 906 392 958 ἱνα
433 902 508 972 δῷ
553 901 716 973 χάριν
747 901 864 964 τοῖς
901 901 960 953 ἐν
1001 899 1183 953 πίστει
1223 897 1499 952 ἀκούουσι.
1551 916 1568 948 ι
1605 896 1890 968 Γεωργοὺς

299 995 359 1048 δὲ
407 995 608 1060 πάλιν,
657 993 754 1048 καὶ
802 991 1112 1061 γεώργιον,
1174 990 1304 1052 τοὺς
1357 987 1740 1053 διδασκάλους,
1795 987 1892 1041 καὶ

299 1085 723 1154 διδασκομένους
762 1082 954 1146 εἰπὼν,
1007 1082 1266 1152 ἐμφαίνει
1311 1079 1457 1150 μάλα
1499 1078 1714 1148 σοφῶς,
1761 1078 1892 1142 τοὺς

305 1178 408 1249 μὲν
444 1177 522 1241 ὡς
587 1177 866 1248 ἀροτῆρας
924 1175 1020 1228 καὶ
1072 1177 1293 1245 σπορεῖς
1339 1168 1435 1226 τοῦ
1485 1172 1631 1225 θείου
1691 1171 1850 1240 λόγου
1873 1209 1891 1238 ,

300 1270 432 1333 τοὺς
467 1269 526 1322 δὲ
580 1269 658 1332 ὡς
716 1267 826 1322 τῶν
884 1266 1097 1337 ἀρετῶν
1143 1267 1248 1335 γῆν
1293 1267 1454 1330 πίαν,
1507 1263 1893 1335 καρποφόρον,

303 1360 401 1412 καὶ
448 1356 740 1427 εὖσταχυν.
811 1356 1116 1428 Ἱερουργία
1166 1355 1275 1426 γὰρ
1307 1356 1512 1426 κυρίως
1541 1353 1792 1424 ἀληθινὴ,
1832 1353 1895 1406 οὐ

308 1450 472 1519 μόνον
521 1451 556 1520 ἡ
585 1449 695 1503 τῶν
735 1448 895 1502 θείων
937 1450 1208 1520 ἐνέργεια,
1245 1447 1380 1502 ἀλλὰ
1429 1445 1589 1517 καὶὴ
1636 1443 1898 1518 μετουσία

306 1542 417 1597 τῶν
450 1540 672 1604 ἀγαθῶν
707 1540 803 1594 καὶ
835 1541 1144 1611 μετάδοσις.

382 1633 482 1700 ιιδν.
520 1631 786 1700 Διάφορός
821 1632 1034 1683 ἐστιν’ό
1062 1631 1151 1682 διὰ
1194 1630 1474 1700 προφορᾶς
1510 1628 1644 1700 πρὸς
1677 1628 1904 1698 διδαχην

311 1723 721 1796 προερχόμενος
766 1721 924 1790 λόγος
946 1764 960 1786 ,
1001 1724 1094 1773 καὶ
1121 1719 1396 1790 διαφόρως
1432 1721 1498 1772 ἐκ
1531 1718 1746 1772 πολλῶν
1775 1717 1900 1788 τρό-

309 1834 431 1870 πων
471 1815 768 1882 συνάγεται
813 1815 876 1865 ἐκ
921 1813 1207 1882 τεσσάρων
1259 1811 1417 1864 εἰδῶν
1442 1826 1458 1840 ·
1493 1811 1521 1862 ό
1567 1810 1666 1880 μὲν
1702 1810 1766 1863 ἐκ
1801 1826 1904 1880 μα-

1997 634 2339 690 audientium
2359 634 2570 688 animos
2591 634 2741 688 velut
2761 634 2814 687 in
2837 646 3024 702 agrum
3055 629 3327 686 immittit:
3354 630 3584 688 «Sermo

1965 722 1968 724 ⁷
1999 735 2199 792 vester,
2222 726 2439 795 dicitur,
2466 726 2538 780 sit
2561 726 2634 779 'in
2670 724 2842 795 gratia
2891 722 3144 778 conditus
3184 721 3383 776 divinae
3421 722 3579 777 boni-

2001 819 2151 884 tatis,
2176 818 2337 873 utdet
2366 818 2595 885 gratiam
2620 815 2966 872 audientibus
2990 816 3044 869 in
3077 814 3201 869 iide.
3231 829 3251 864 ι
3301 813 3584 884 Agricolas

1999 909 2126 966 alibi
2156 919 2211 965 et
2254 909 2638 978 agriculturam
2655 921 2858 963 vocans
2889 905 3185 977 Apostolus
3216 906 3500 974 magistros
3529 914 3585 960 et

2001 1001 2318 1072 discipulos,
2347 999 2649 1055 manifeste
2701 998 2942 1054 ostendit
2999 999 3134 1053 alios
3173 998 3390 1066 quidem
3457 1012 3583 1052 esse

2002 1103 2063 1150 ut
2091 1095 2324 1149 cultores
2357 1103 2410 1146 et
2436 1101 2647 1148 satores
2675 1091 2844 1146 divini
2879 1090 3052 1159 verbi,
3097 1089 3237 1147 alios
3257 1103 3390 1145 vero
3429 1089 3583 1156 quasi

2003 1200 2188 1257 agrum
2213 1186 2485 1254 pinguem,
2517 1183 2830 1250 frugiferum
2855 1190 2910 1238 et
2938 1193 3120 1250 segete
3147 1182 3385 1236 uberem.
3444 1180 3584 1235 Nam

2002 1291 2130 1333 vere
2157 1286 2208 1331 et
2232 1277 2448 1346 proprie
2465 1274 2822 1330 sanctiﬁcatio
2842 1281 2946 1340 est,
2978 1287 3085 1326 non
3111 1271 3268 1326 modo
3293 1285 3471 1324 rerum
3496 1269 3582 1322 di-

2004 1369 2253 1424 vinarum
2287 1367 2551 1436 operatio,
2593 1366 2690 1422 sed
2726 1365 2891 1426 etiam
2931 1363 3196 1420 bonorum
3247 1361 3587 1431 participatio

2006 1469 2059 1514 et
2087 1459 2524 1513 communicatio.

2080 1616 2170 1670 94.
2211 1615 2306 1670 Est
2337 1617 2520 1670 varius
2547 1629 2727 1669 sermo
2757 1613 2824 1668 ad
2853 1614 3158 1668 doctrinam
3187 1627 3284 1668 ore
3312 1611 3584 1684 prolatus,

2007 1718 2060 1762 et
2097 1708 2246 1761 varie
2292 1723 2359 1761 ex
2401 1705 2773 1776 quadruplicis
2813 1704 3018 1774 speciei
3056 1703 3298 1758 fontibus
3346 1713 3586 1769 emanat,

2010 1801 2218 1855 scilicet
2248 1799 2386 1853 alius
2415 1814 2483 1853 ex
2515 1798 2765 1862 scientia,
2799 1796 2938 1851 alius
2966 1811 3033 1850 ex
3064 1796 3321 1862 lectione,
3351 1795 3496 1850 alius
3524 1812 3594 1852 ex

312 1909 560 1978 θήσεως,
600 1877 717 1961 όϋδέ
769 1908 831 1958 ἐκ
880 1908 979 1976 τῆς
1025 1877 1422 1972 ἀναγνώσεωςο
1457 1877 1614 1970 ἄλλος
1665 1904 1731 1956 ἐκ
1763 1877 1904 1973 πρά-

2024 1890 2262 1953 ιοιὶοοε,
2314 1889 2456 1944 alius
2507 1902 2576 1944 ex
2631 1889 2825 1957 gratia.
2886 1877 3352 1953 Quemadmodum
3410 1897 3595 1943 autem

313 1997 474 2066 ξεως,
517 1997 613 2050 καὶ
637 1996 824 2067 ἕτερος
857 1997 918 2049 ἐκ
943 1997 1040 2066 τῆς
1070 1995 1315 2065 χάριτος.
1351 1992 1564 2062 Ὥσπερ
1587 1993 1644 2045 δὲ
1671 1991 1732 2044 τὸ
1761 1991 1907 2060 ὕδωρ

312 2089 373 2142 ἐν
404 2091 520 2141 ἐστι
548 2090 615 2158 τῇ
638 2086 819 2155 φύσει,
849 2089 1222 2156 μεταποιεῖται
1257 2085 1315 2137 δὲ
1351 2086 1444 2138 καὶ
1480 2083 1902 2154 μεταϐάλλεται,

316 2181 461 2233 κατὰ
500 2180 600 2250 τὴν
641 2179 1015 2248 ὑποκειμένην
1062 2177 1322 2248 διάφορον
1349 2177 1444 2230 τοῦ
1474 2177 1598 2247 χοὸς
1642 2175 1796 2246 ὕλην,
1831 2177 1912 2238 εἰς

317 2270 528 2325 οἰκείαν
570 2270 855 2339 ποιότητα,
890 2269 964 2332 ὡς
993 2273 1059 2340 τῇ
1092 2269 1278 2338 γεύσει
1323 2269 1616 2338 νοούμενον
1649 2264 1791 2321 εἶναι
1849 2267 1909 2318 τὸ

321 2363 421 2431 μὲν
471 2361 702 2432 πικρὸν,
743 2362 804 2414 τὸ
841 2361 897 2414 δὲ
958 2361 1168 2428 γλυκὺ,
1208 2361 1303 2414 καὶ
1342 2361 1472 2416 ἄλλο
1519 2359 1764 2431 ἁλμυρὸν
1813 2359 1910 2412 καλ⁴

317 2453 518 2517 ὀζῶδες
566 2452 679 2524 [ian
732 2453 990 2524 όξῶδεςΙο
1042 2452 1186 2506 οὕτω
1231 2453 1375 2507 κατὰ
1419 2453 1519 2524 τὴν
1554 2450 1752 2522 ἠθικὴν
1796 2449 1912 2516 ἐξιν

321 2545 556 2599 ἑκάστου
616 2546 1018 2616 προερχόμενος
1046 2541 1094 2597 ’ό
1146 2544 1308 2612 λόγος
1356 2545 1452 2598 καὶ
1488 2542 1908 2618 όιλλοιούμενοςν

321 2639 573 2711 ἐνεργείᾳ
598 2637 930 2706 γινώσκεται
960 2639 1054 2692 καὶ
1081 2639 1182 2710 τὴν
1207 2638 1480 2708 ὠφέλειαν
1508 2638 1745 2693 δίδωσιν.

393 2738 498 2801 L,e'.
561 2732 782 2802 Ἐπειδὴ
837 2733 894 2786 δὲ
940 2735 968 2785 ό
1005 2733 1164 2802 λόγος
1220 2735 1303 2796 είς
1353 2732 1654 2786 ἀπόλαυσιν
1703 2729 1915 2785 δέδοται

323 2827 508 2897 πάσης
533 2825 762 2896 λογικῆς
791 2824 1030 2894 φύσεως,
1059 2825 1251 2896 ὥσπερ
1283 2825 1558 2896 ἐδέσματά
1587 2841 1713 2880 τινα
1741 2824 1915 2878 πολλά

324 2917 590 2988 διάφορα,
635 2916 736 2988 τὴν
775 2915 969 2986 ἡδονὴν
1001 2916 1181 2970 αὐτῶν
1225 2918 1503 2988 διαφόρως
1531 2919 1565 2988 ἡ
1591 2915 1740 2988 ψυχὴ
1780 2917 1917 2969 ἀπο-

324 3008 686 3079 λαμϐάνουσα
732 3006 1070 3063 αἰσθάνεται.
1121 3009 1276 3079 Ἔχει
1321 3008 1430 3081 γὰρ
1482 3009 1575 3063 τὸν
1616 3009 1918 3080 ἐπιστημο-

325 3099 670 3178 νικὸηλόγον
693 3140 708 3166 ,
756 3098 834 3164 ὡς
887 3097 1238 3170 παιδαγωγὸν
1279 3099 1419 3174 πρὸς
1461 3096 1596 3172 ἦθος
1642 3097 1920 3155 τυποῦντα

325 3190 499 3263 αὐτήν
522 3207 537 3224 ο
591 3193 683 3246 τον
711 3191 769 3246 δὲ
812 3191 913 3262 τῆς
947 3190 1341 3262 ἀναγνώσεως,
1369 3191 1446 3256 ὡς
1476 3191 1622 3265 ὕδωρ
1669 3191 1924 3247 ἀναπαύ-

328 3299 469 3348 σεως
506 3283 878 3353 ἐκτρέφοντα·
919 3284 1012 3338 τὸν
1059 3284 1115 3338 δὲ
1161 3285 1263 3356 τῆς
1305 3285 1594 3356 πράξεως,
1639 3285 1717 3350 ὡς
1753 3285 1921 3338 τόπον

327 3375 490 3445 χλόης
522 3374 806 3429 πιαίνοντα
829 3392 844 3407 ο
886 3375 980 3431 τὸν
1023 3375 1081 3430 δέ
1111 3375 1215 3446 τῆς
1253 3377 1510 3448 χάριτος,
1549 3377 1626 3439 ὡς
1656 3377 1920 3448 ποτήριον

331 3465 675 3537 μεθύσκοντα
704 3467 876 3538 αὐτὴν
907 3467 1001 3522 καλ⁵
1035 3468 1398 3539 εὐφραίνοντα
1419 3485 1432 3499 ⁸
1463 3469 1564 3538 τὴν
1592 3469 1649 3521 δὲ
1681 3468 1920 3540 ἄρρητον

329 3558 505 3630 αὐτῆς
542 3559 904 3630 ἀγαλλίασιν,
955 3559 1031 3624 ὡς
1080 3559 1260 3615 ἔλαιον
1295 3561 1590 3632 πρόσωπον
1636 3560 1919 3630 ίλαρύνου--

333 3667 433 3703 σαν
452 3689 468 3713 ,
498 3650 594 3703 καὶ
621 3650 852 3722 φαιδρὰν
892 3651 1293 3723 ἐργαζομένην.

403 3740 524 3809 ιιςθ.
572 3742 798 3813 Κυρίως
848 3743 909 3797 ού
949 3743 1110 3814 μόνον
1150 3744 1208 3798 ἐν
1253 3743 1388 3814 αὐτῇ
1415 3741 1490 3806 ὡς
1524 3741 1668 3813 ζωὴν
1698 3743 1733 3814 ἡ
1772 3741 1920 3813 ψυχή

330 3833 505 3888 ταῦτα
553 3835 858 3904 κέκτηται,
910 3835 1026 3888 ἀλλ’
1067 3835 1156 3888 ὅτε
1202 3835 1296 3888 καὶ
1338 3823 1468 3905 παρ⁴
1516 3833 1698 3896 ἀλλοις
1732 3833 1922 3887 ἀκούει

288 3979 304 3987 ,
331 3925 506 3979 ταῦτα
532 3925 672 3997 πρδς
697 3925 920 3997 διδαχὴν
951 3927 1270 3981 αἰσθάνεται
1293 3943 1308 3959 ο
1338 3927 1581 3996 ὁπηνίκα
1611 3927 1923 3998 προηγῆται

332 4016 662 4088 ἀμφοτέρων
714 4018 905 4089 ἀγάπη
967 4018 1061 4072 καὶ
1114 4019 1334 4083 πίστις·
1392 4020 1486 4072 καὶ
1531 4019 1560 4071 ό
1597 4018 1698 4090 μέν
1740 4019 1922 4071 πίστει

335 4106 572 4174 ἀκούων,
599 4107 627 4161 'o
652 4105 709 4160 δέ
736 4108 926 4179 ἀγάπῃ
959 4108 1253 4176 παιδεύων,
1284 4109 1412 4164 ἄνευ
1439 4110 1610 4178 τύφου
1641 4111 1734 4162 καὶ
1765 4109 1924 4181 δόξης

347 4199 466 4261 τοὺς
501 4198 696 4267 λόγους
737 4197 846 4251 τῶν
893 4201 1106 4272 ἀρετῶν
1150 4201 1494 4271 ποιούμενος.
1533 4201 1638 4256 Τὸν
1672 4201 1770 4271 μὲν
1816 4201 1926 4273 γὰρ

343 4291 410 4342 ἐκ
458 4289 752 4360 μαθήσεως
789 4289 950 4359 λόγον
999 4293 1075 4357 ὠς
1127 4293 1478 4362 παιδαγωγὸν
1545 4293 1799 4364 δέχεταιο
1837 4294 1928 4348 τὸν

339 4382 398 4435 δὲ
444 4385 546 4452 τῆς
587 4381 966 4450 ἀναγνώσεως,
1012 4382 1086 4448 ὡς
1135 4385 1336 4458 τροφόν
1362 4403 1375 4416 ·
1420 4385 1511 4438 τὸν
1550 4386 1608 4438 δὲ
1640 4387 1741 4456 τῆς
1782 4387 1926 4458 πρά-

342 4471 499 4537 ξεως,
530 4472 607 4534 ὡς
647 4473 972 4538 ἐνδιάθετον,
1007 4474 1083 4539 ὡς
1110 4469 1480 4546 νυμφοστόλον
1505 4475 1770 4546 ἡδύτατον
1797 4493 1808 4506 ·
1839 4476 1931 4530 τὸν

1944 3245 1991 3309 C

2013 1998 2154 2053 aqua
2193 1997 2301 2037 una
2347 1989 2429 2038 est
2463 1992 2684 2047 natura,
2714 1981 3129 2036 discriminatur
3162 1995 3294 2036 vero
3321 1996 3386 2036 ac
3419 1989 3599 2035 trans-

2013 2085 2275 2140 mutatur,
2310 2089 2408 2144 pro
2441 2075 2664 2129 diverso
2699 2075 2850 2128 humi
2895 2073 3227 2142 subjaeentis
3267 2073 3509 2143 ingenio,
3541 2073 3598 2129 in

2014 2169 2346 2238 peculiarem
2403 2167 2765 2237 qualitatem,
2823 2167 2897 2220 ita
2949 2175 3010 2220 ut
3063 2173 3224 2235 gustu
3275 2165 3602 2230 aestimetur,

2015 2263 2130 2316 haec
2165 2275 2376 2324 amara,
2415 2260 2505 2314 illa
2548 2259 2748 2326 dulcis,
2782 2259 2888 2313 alia
2925 2259 3068 2314 salsa
3103 2267 3158 2312 et
3192 2258 3380 2326 acida;
3415 2259 3498 2314 sic
3533 2261 3602 2314 ad

2017 2351 2451 2422 uniuscujusque
2527 2350 2765 2408 indolem
2835 2351 3281 2406 accommodatus
3345 2359 3401 2406 et
3465 2365 3602 2406 eon-

2015 2458 2206 2498 versus
2272 2457 2491 2510 sermo,
2555 2459 2719 2514 opere
2781 2443 3127 2514 dignoscitur
3189 2454 3245 2500 et
3311 2444 3600 2501 utilitatem

2015 2536 2192 2590 affert.

2087 2737 2177 2794 95.
2221 2735 2529 2792 Rationalis
2581 2735 2881 2806 cujuslibet
2925 2745 3134 2791 naturai
3183 2737 3250 2791 ad
3312 2737 3604 2794 utilitatem

2019 2845 2140 2886 cum
2173 2829 2336 2884 datus
2365 2829 2438 2884 sit
2469 2843 2672 2894 sermo,
2699 2843 2760 2884 ex
2796 2842 2861 2883 eo
2889 2828 3037 2882 velut
3062 2843 3128 2882 ex
3157 2828 3342 2884 multis
3373 2831 3607 2898 dapibus

2019 2921 2189 2978 variis
2241 2922 2452 2976 variam
2512 2920 2694 2975 anima
2743 2921 2978 2991 percipit
3025 2934 3091 2976 ac
3130 2931 3314 2992 gustat
3360 2925 3610 2978 suavitao

2021 3024 2154 3072 tem.
2189 3013 2364 3070 Habet
2395 3013 2540 3068 enim
2572 3013 2819 3080 scientias
2850 3027 3160 3070 sermonem
3195 3026 3253 3070 ut
3285 3016 3606 3086 magistrum

2023 3122 2205 3163 mores
2249 3120 2380 3162 suos
2430 3104 2862 3172 informantem;
2901 3116 2958 3160 et
3009 3103 3284 3172 lectionis,
3318 3115 3378 3160 ut
3410 3122 3606 3175 aquam

2025 3199 2362 3256 reﬁcientem
2399 3208 2454 3254 et
2486 3199 2860 3268 nutrientem;
2904 3209 2960 3254 et
3003 3199 3260 3264 actionis,
3296 3207 3354 3254 ut
3391 3208 3608 3268 pratum

2023 3291 2192 3347 herba
2241 3291 2482 3362 pingue;
2519 3299 2574 3346 et
2615 3291 2822 3361 gratiae,
2862 3298 2920 3343 ut
2965 3299 3150 3359 potum
3190 3304 3292 3356 qua
3331 3289 3444 3358 ipsa
3491 3291 3610 3346 ine-

2021 3381 2235 3438 briatur
2267 3390 2322 3436 et
2354 3378 2680 3444 laetiﬁcatur,
2707 3389 2763 3436 et
2782 3378 3113 3435 ineffabilem
3143 3378 3261 3450 ejus
3291 3380 3611 3436 exsultatio-

2021 3489 2186 3540 nem,
2229 3482 2290 3528 ut
2335 3473 2541 3537 oleum,
2598 3471 2792 3527 faciem
2849 3470 3093 3526 hilarans
3125 3481 3178 3526 et
3235 3470 3463 3526 nitidam
3525 3472 3610 3526 fa-

2022 3580 2193 3621 CICDS.

2097 3741 2188 3796 96.
2230 3738 2460 3805 Deinde,
2497 3739 2616 3794 haec
2653 3752 2762 3793 non
2801 3737 2975 3794 solum
3021 3738 3076 3791 in
3118 3738 3295 3807 seipsa
3347 3748 3406 3794 ut
3448 3740 3608 3796 vitam

2027 3833 2208 3888 anima
2255 3831 2534 3903 possidet,
2571 3828 2666 3884 sed
2710 3829 2872 3883 etiam
2920 3829 3216 3897 aliquando
3249 3831 3316 3885 ab
3353 3830 3476 3886 aliis
3517 3833 3612 3888 do-

2025 3923 2275 3981 centibus
2307 3922 2536 3978 audiens
2561 3919 2783 3986 ediscit,
2817 3935 2937 3974 cum
2971 3920 3124 3975 ducit
3154 3930 3446 3990 utrumque
3477 3922 3613 3979 ﬁdes

2027 4028 2081 4072 et
2119 4017 2359 4072 cbaritas
2396 4033 2410 4083 ;
2447 4028 2586 4069 unus
2635 4027 2830 4082 nempe
2878 4013 2930 4067 in
2971 4012 3080 4067 ﬁde
3106 4014 3275 4078 audit,
3315 4015 3451 4069 alter
3485 4029 3616 4072 vero

2030 4111 2083 4165 in
2120 4108 2389 4165 charitate
2435 4106 2618 4172 docet,
2648 4105 2767 4163 sine
2814 4104 2954 4160 fastu
2990 4115 3083 4158 aut
3114 4103 3377 4174 jactantia
3410 4107 3476 4161 de
3504 4107 3616 4162 vir-

2033 4204 2234 4258 tutibus
2273 4202 2673 4257 sermocinans.
2709 4198 2864 4254 Tunc
2905 4199 3047 4253 enim
3086 4199 3267 4255 anima
3305 4215 3611 4257 sermonem

2031 4294 2273 4353 scientiae
2305 4305 2364 4348 ut
2402 4293 2718 4364 magistrum
2761 4291 2996 4361 accipit;
3033 4299 3088 4346 et
3129 4291 3404 4358 lectionis,
3440 4303 3500 4348 ut
3536 4293 3618 4349 ci-

2034 4388 2197 4452 bum;
2232 4392 2288 4440 et
2326 4396 2632 4438 sermonem
2676 4396 2863 4452 opere,
2898 4396 3006 4435 non
3053 4396 3148 4436 ore
3186 4396 3522 4452 expressum,
3555 4391 3617 4437 ut

2035 4477 2402 4550 gratissimum
2447 4473 2920 4544 paranymphum;
2957 4483 3010 4527 et
3051 4473 3620 4548 illuminatiyum‘spi-

338 4561 394 4614 δὲ
431 4562 525 4616 τοῦ
582 4562 901 4633 Πνεύματος
960 4567 1323 4634 φωτιστικὸν,
1359 4567 1436 4630 ὡς
1490 4567 1726 4636 νυμφίον
1776 4567 1915 4635 λόγοι

2039 4569 2181 4624 ritus
2219 4579 2551 4629 sermonem,
2586 4572 2645 4617 ut
2682 4561 2895 4616 laetiﬁca
2929 4562 3092 4615 verba
3128 4576 3381 4629 sponsam
3417 4577 3616 4632 sponso

341 4651 599 4706 ἐνωτικὸν
643 4653 850 4725 αὐτῆς,
888 4655 978 4709 τὸν
1025 4658 1410 4730 εὐφραίνοντα.
1464 4658 1580 4711 Πᾶν
1624 4659 1732 4728 γὰρ
1781 4658 1933 4729 ῥῆμα

341 4743 776 4817 ἐκπορευόμενον
812 4748 900 4800 διὰ
934 4748 1224 4818 στόματος,
1264 4749 1400 4802 Θεοῦ
1438 4751 1608 4813 ἐστιν,
1642 4751 1689 4802 oi
1719 4749 1810 4802 διὰ
1835 4747 1932 4802 τοῦ

341 4835 664 4906 Πνεύματος
729 4839 796 4892 ἐκ
846 4841 1118 4909 στόματος
1171 4841 1282 4894 τῶν
1346 4842 1517 4910 ἁγίων
1577 4840 1934 4910 προελθόντες

340 4923 527 4994 λόγοι,
576 4929 610 4999 ἡ
655 4925 722 4983 δι’
780 4929 1063 5000 ἐνέργειαν
1107 4931 1424 5002 γλυκυτάτη
1471 4932 1566 4986 τοῦ
1616 4931 1934 5003 Πνεύματος

343 5018 602 5073 ἐπίπνοια
627 5059 640 5084 ,
695 5022 762 5092 ἢν
806 5022 1086 5092 τρυφῶσιν
1140 5022 1201 5076 ού
1243 5024 1484 5090 πάντες,
1532 5023 1667 5078 ἀλλὰ
1705 5025 1856 5094 μόνοι
1885 5026 1934 5079 oi

344 5109 507 5175 ἄξιοι.
573 5112 794 5183 Ἐπειδὴ
833 5114 890 5167 δὲ
939 5115 1031 5167 καὶ
1079 5116 1290 5187 τρυφὴν
1344 5116 1528 5186 ἔχουσι
1565 5117 1658 5169 τὸν
1695 5116 1855 5186 λόγον
1885 5118 1934 5171 οἱ

344 5199 580 5271 λογικοὶ,
607 5206 839 5259 ἐνταῦθα
872 5205 972 5276 μὲν
1007 5207 1058 5260 οἱ
1092 5207 1200 5260 τῶν
1225 5207 1318 5261 τοῦ
1350 5208 1668 5280 Πνεύματος
1690 5209 1937 5282 ἐναργῶς

345 5291 793 5367 εὐφραινόμενοι,
843 5293 1018 5367 ὀλίγοι
1069 5298 1192 5354 λίαν
1227 5299 1398 5354 είσίν⁴
1453 5302 1580 5365 τοὺς
1626 5301 1833 5367 τύπους
1879 5301 1937 5356 δὲ

350 5382 514 5454 μόνον
563 5387 612 5437 οἱ
663 5387 852 5441 πολλοὶ
898 5387 1008 5443 τῶν
1055 5391 1449 5462 πνευματικῶν
1495 5392 1670 5461 λόγων
1713 5394 1803 5448 διὰ
1839 5394 1939 5467 τῆς

350 5476 575 5545 μνήμης
626 5479 721 5532 καὶ
767 5480 1100 5549 γινώσκουσι
1156 5484 1246 5538 καὶ
1290 5483 1602 5556 μετέχουσι.
1640 5486 1733 5540 τὸν
1773 5487 1940 5559 ἄρτον

347 5565 410 5618 οῦ
423 5585 504 5619 πω
533 5566 624 5621 τὸν
656 5568 912 5640 ἀληθινὸν
961 5575 1057 5630 τοῦ
1099 5575 1384 5645 μέλλοντος
1431 5577 1488 5631 ἐν
1519 5576 1772 5651 αἰσθήσει
1803 5579 1940 5634 Θεοῦ

346 5657 507 5724 λόγον
542 5664 925 5734 μετασχόντες.
974 5668 1150 5732 Μόνος
1181 5667 1291 5738 γὰρ
1316 5667 1479 5732 αὐτὸς
1507 5669 1684 5724 ἐκεῖσε
1716 5676 1933 5744 πρόκει-

2038 4659 2305 4716 unientia.
2355 4655 2490 4710 Nam
2544 4668 2825 4710 sermones
2873 4667 2940 4706 ex
2980 4666 3076 4706 ore
3122 4651 3216 4705 Dei
3263 4655 3619 4722 procedentes

2038 4762 2166 4808 sunt
2209 4751 2391 4806 omnia
2437 4749 2600 4803 verba
2637 4761 2735 4816 per
2766 4745 3028 4814 Spiritum
3066 4757 3130 4797 ex
3175 4757 3272 4797 ore
3303 4755 3618 4800 sanctorum

2038 4845 2274 4914 prolata,
2314 4851 2370 4897 et
2426 4855 2591 4910 opera
2652 4836 2968 4892 dulcissimo
3005 4833 3243 4904 Spiritus
3281 4834 3469 4908 amata
3527 4838 3618 4892 in-

2039 4936 2268 4999 stinctu,
2295 4947 2404 5004 quo
2431 4946 2540 4986 non
2570 4942 2780 4993 omnes,
2813 4927 2907 4981 sed
2935 4926 3081 4996 digni
3117 4935 3320 4981 tantum
3347 4928 3620 4989 fruuntur.

2039 5027 2175 5083 Cum
2227 5035 2409 5079 autem
2461 5036 2713 5077 sermone
2751 5019 3005 5075 fruantur
3037 5020 3353 5091 quicunque
3385 5023 3624 5078 rationa-

2040 5120 2138 5185 les,
2174 5131 2316 5170 nune
2349 5111 2660 5185 paucissimi
2691 5122 2818 5166 sunt
2845 5126 2982 5182 quos
3015 5110 3249 5183 Spiritus
3282 5114 3455 5184 reipsa
3491 5114 3626 5169 laeti.-

2041 5213 2197 5277 iicat,
2239 5209 2334 5265 sed
2393 5205 2617 5278 plurimi
2673 5204 2891 5274 species
2941 5202 3219 5258 duntaxat
3260 5205 3623 5273 spiritualium

2041 5317 2355 5361 sermonum
2383 5297 2648 5355 memoria
2675 5307 3012 5366 cognoscunt
3035 5307 3090 5351 et
3113 5296 3462 5365 participant,
3491 5312 3626 5351 non-

2042 5402 2170 5454 dum
2210 5395 2372 5452 cibati
2407 5407 2539 5448 vero
2572 5405 2712 5462 pane
2745 5389 2935 5444 divini-
2957 5389 3109 5444 verbi
3141 5402 3304 5456 quem
3342 5388 3394 5442 in
3439 5387 3626 5443 futuro

2043 5487 2358 5560 gustabunt,
2388 5491 2445 5539 et
2485 5483 2578 5553 qui
2631 5481 2782 5536 solus
2828 5480 2939 5534 illie
2979 5478 3300 5547 proponitur
3337 5478 3404 5532 ad
3451 5479 3628 5534 laetiti—

2043 5579 2248 5634 candos
2282 5590 2474 5631 omnes
2510 5573 2729 5644 dignos,
2769 5585 2872 5625 nec
2903 5581 3138 5637 unquam
3170 5569 3494 5634 comeditur,
3529 5583 3630 5625 nec

2043 5671 2369 5729 absorbetur
2407 5677 2498 5724 aut
2531 5667 2892 5723 consumitur.

355 5757 452 5795 ται
483 5744 564 5809 εἷς
599 5746 780 5804 πᾶσαν
813 5751 925 5814 τοῖς
949 5750 1124 5814 ἀξίοις
1152 5751 1354 5817 ἱκανῶς
1382 5753 1582 5820 ἡδονήν
1605 5769 1619 5784 ·
1649 5741 1790 5824 μήτε
1815 5755 2153 5823 ὲσΟιόμενος,
2190 5752 2331 5822 μήτε
2354 5749 2830 5821 δαπανώμενος,.ἢ
2859 5747 3125 5818 θυόμενος
3158 5741 3406 5800 πώποτε.
