4020 6462
481 348 612 421 χρη
1685 352 2070 420 cneooau
2128 357 2459 427 smarm

558 462 673 517 -97.
716 459 813 517 Est
853 461 1191 530 impossibile
1232 462 1352 517 sine
1396 477 1558 520 sensu
1601 466 1867 537 spiritual:
1913 488 2048 523 I't'illl

2264 496 2372 564 ιιξσ.
2402 499 2564 552 Ἄνευ
2619 497 2929 570 αίσθήσεως
2956 503 3147 570 νοερᾶς
3177 502 3286 558 τῶν
3306 503 3464 560 θείων
3484 506 3542 561 ὲν

509 552 818 610 divinarum
868 551 1094 607 delicias
1144 554 1377 609 sentire.
1428 553 1503 609 Ut
1549 519 1717 623 enim,
1759 561 1851 630 qui
1900 577 2048 619 seust

2265 519 2372 564 ιτς.
2426 519 2564 552 aven
2619 519 2929 570 αισσησεως
2956 519 3147 571 νοερας
3177 519 3286 558 των
3306 519 3464 560 θείων
3484 519 3542 561 εν
3568 519 3758 581 acor,-

2192 605 2273 644 σει
2298 591 2400 663 τὴν
2447 590 2642 664 ἡδονὴν
2689 591 2953 647 ἀδύνατον
2993 594 3310 663 γεύσασθαι.
3353 598 3562 664 ’Ὥσπερ
3593 602 3701 664 γὰρ
3724 602 3757 654 ό

510 649 807 716 hebetavit,
840 666 935 706 eos
974 652 1103 707 fecit
1142 658 1413 713 sentiendi
1455 659 1765 730 incapaees,
1803 676 1982 733 neque
2017 680 2046 715 v

510 742 589 764 _._.
652 757 822 764 μη---
862 745 1006 764 ---λη
1074 763 1081 764 ,
1152 763 1158 764 ,
1228 763 1236 764 ,
1334 750 1345 764 .
1460 763 1465 764 ,
1642 763 1645 764 ν
1824 755 1836 764 .

2192 618 2273 644 uer
2298 618 2400 663 την
2447 618 2642 664 ηυυνην
2689 618 2953 647 αυυνατυν
2993 618 3310 663 τευσασυαι.
3378 618 3562 671 ωσπερ
3593 618 3701 673 γαρ
3724 618 3754 654 ο

2156 681 2286 745 κτὰς
2302 682 2587 752 αἰσθήσεις
2612 683 2916 755 sustam,
2936 687 3329 758 άνενεργήτους
3349 690 3517 755 αὑτάς
3533 693 3754 764 ἐποίησε

503 742 615 807 det,
650 757 826 811 neque
859 745 1034 808 audit,
1072 763 1247 817 neque
1278 750 1561 817 odoratur,
1595 763 1782 824 utpote
1823 731 1973 813 iners
2005 774 2048 810 Vl

2187 774 2325 844 πρὸς
2357 775 2426 827 τὰ
2454 731 2728 847 micantia,
2765 779 2857 830 mi.
2870 731 3024 832 ὀὔτε
3054 731 3339 851 ὁρέ,¹οΰτ;
3376 731 3583 847 ἀκοῦει,
3603 731 3752 839 “cii;

500 832 682 901 potius
733 835 1149 901 semimortuus,
1192 841 1263 894 ita
1320 852 1376 896 et
1429 845 1522 912 qui
1564 822 1840 901 naturales
1890 850 2048 903 anim:

2184 822 2560 935 darcppaivs'rat,
2592 822 2835 938 τίάρέτος
2860 867 2958 935 ὢν,
2983 822 3184 938 pali;
3206 870 3265 925 δὲ
3285 822 3585 946 ὴμᾶὶάνήἒῖ
3612 822 3751 929 ob};

499 929 645 981 vires
675 929 1026 1002 passiouibus
1057 940 1271 998 enecat,
1303 949 1397 989 eas
1430 936 1560 990 facit
1590 954 1784 996 sensus
1816 952 1871 996 et
1893 946 2048 1011 opera

2184 929 2485 1024 καί-ὀπτὰς
2528 929 2767 1029 ψυχικάς
2801 929 2954 1017 κατὰ,
2983 929 3148 1031 ξρύσιν
3190 929 3448 1033 δυνάμεις
3475 929 3748 1038 νεκρώσας

497 1016 664 1073 tionis
684 1030 964 1089 exspertes
991 1032 1046 1076 et
1077 1027 1460 1092 mysteriorum
1492 1026 1731 1099 Spiritus
1772 1033 2048 1101 iucapacet

2179 1045 2268 1099 διὰ
2315 1016 2425 1100 τῶν
2464 1011 3749 1124 ”πσὶθ8ν,⁷ἆνοέέσθήτῖ›ζ›ξ”προξ

494 1109 632 1165 Nam
663 1114 762 1181 qui
795 1115 1155 1181 spiritualiter
1199 1132 1301 1172 nec
1340 1119 1508 1184 videt,
1543 1136 1645 1177 nec
1677 1124 1827 1178 audit
1866 1140 1968 1180 nec
2001 1127 2048 1178 ul

2180 1138 2416 1210 μετοχὴν
2457 1140 2566 1195 τῶν
2614 1109 3089 1213 μυστηρίωνποῦ⁷
3116 1109 3435 1215 uiatime
3464 1109 3745 1218 Istcineva

3594 400 3731 471 1212

494 1205 643 1269 facit,
675 1218 932 1262 mortuus
961 1219 1067 1273 est,
1101 1210 1227 1277 quia
1264 1226 1372 1265 non
1410 1213 1541 1266 vivit
1583 1214 1637 1269 in
1676 1214 1771 1269 illo
1808 1215 2081 1281 Christus,

491 1310 590 1351 nec
611 1298 741 1366 ipse
777 1299 830 1352 in
864 1314 930 1354 eo
965 1310 1213 1355 movetur
1247 1313 1300 1357 et
1341 1304 1475 1375 agit.

486 1376 637 1442 αὺτῷ
665 1377 693 1427 ὁ
725 1376 982 1445 Χριστὸς,
1020 1382 1163 1448 μήτε
1189 1384 1353 1445 αὐτὸς
1391 1387 1449 1437 ἐν
1482 1386 1630 1455 αὑτῴ
1663 1389 1983 1459 κινούμενός
2012 1414 2071 1457 τε
2109 1408 2205 1464 καὶ
2233 1376 2626 1472 ὲνεξγοδμέςδς

541 1477 634 1533 98.
666 1475 971 1544 Quemdam
998 1476 1231 1531 similem
1254 1476 1635 1544 eumdemque,
1656 1484 1716 1530 ut
1747 1493 1850 1531 non
1879 1480 2056 1531 uicani

469 1585 661 1635 unum,
699 1568 962 1640 oper-andi
1003 1570 1227 1624 modum
1275 1568 1480 1623 habent
1525 1583 1720 1625 sensus
1765 1578 1821 1623 et
1861 1570 2061 1622 animae

472 1665 659 1729 vires,
711 1662 1015 1730 praesertim
1062 1676 1182 1715 cum
1231 1676 1365 1717 sane
1413 1677 1474 1716 se
1520 1662 1741 1716 habent.
1789 1660 1894 1715 Per
1937 1661 2060 1717 illos

470 1757 616 1810 enim
653 1754 740 1809 hae
789 1754 982 1809 vivunt
1018 1763 1075 1808 et
1112 1764 1303 1823 agunt,
1332 1766 1387 1808 et
1422 1754 1668 1819 utrisque
1698 1752 1880 1808 vitalis
1912 1767 2061 1807 com-

475 1848 738 1903 miscetur
768 1846 1020 1916 spiritus.
1051 1845 1337 1915 Siquidem
1375 1845 1683 1900 inﬁrmatur
1715 1860 1840 1900 vere
1871 1846 2058 1910 homo,

2188 1233 2249 1284 '0
2286 1231 2396 1301 γάρ
2444 1233 2520 1302 μὴ
2566 1233 2748 1305 ὀρῶν,
2796 1248 2893 1289 και
2944 1218 3179 1296 ἀκούων.
3228 1240 3319 1291 καὶ
3363 1238 3746 1311 αισθανόμενος

2175 1324 2600 1395 πνευματικῶς,
2641 1326 2834 1397 νεκρός
2889 1330 3039 1381 ἑσιμ
3347 1334 3451 1400 γάρ
3494 1338 3636 1388 ἐστιν
3690 1340 3763 1403 ἐν,

2247 1483 2354 1555 ι,η’.
2388 1488 2540 1555 Ἱσην
2575 1486 2671 1539 καὶ
2700 1487 2800 1556 τὴν
2830 1485 3023 1555 αὐτὴν,
3060 1485 3147 1540 ἵνα
3181 1489 3256 1558 μὴ
3285 1492 3445 1557 Λέγω,
3475 1494 3569 1545 καὶ
3597 1491 3743 1563 μίαν,

2176 1577 2363 1646 ἔχουσι
2380 1576 2480 1648 τὴν
2509 1575 2795 1646 ἐνέργειαν
2826 1577 2884 1628 αἱ
2922 1575 3204 1647 αἰσθήσεις
3231 1579 3369 1649 πρὸς
3394 1577 3492 1642 τὰς
3513 1578 3745 1650 ψυχικάς

2172 1670 2453 1740 δυνάμεις,
2480 1670 2573 1725 καὶ
2597 1670 2833 1741 μάλιστα
2856 1670 2944 1724 ὅτε
2970 1670 3168 1738 ὑγειῶς
3185 1671 3388 1742 ἔχουσι.
3419 1672 3497 1727 Δι’
3523 1673 3743 1727 ἐκείνων

2172 1762 2283 1833 γάρ
2310 1756 2472 1815 αὗται
2501 1762 2595 1815 καὶ
2624 1760 2783 1828 ζῶσι,
2815 1763 2908 1814 καὶ
2945 1761 3249 1831 ἐνεργοῦσι,
3291 1762 3384 1815 καὶ
3416 1762 3771 1833 ἀμφοτέροις,

2171 1853 2232 1906 τὸ
2270 1853 2500 1919 ζωτικὸν
2552 1852 2926 1923 συγκέκραται
2977 1853 3216 1924 Πνεῦμα.
3296 1855 3585 1925 Ἀρῤωστεῖ
3633 1857 3740 1923 γάρ

471 1956 594 1994 cum
654 1950 831 1995 matre
870 1939 1128 1994 vitiorum
1169 1938 1457 1993 debilitate
1500 1946 1764 2007 aegrotat,
1816 1938 1870 1992 in
1914 1938 2048 2006 igna-

2172 1945 2378 2016 κυρίως
2420 1946 2451 1997 ὁ
2499 1945 2788 2014 ἄνθρωπος
2811 1985 2827 2010 ,
2880 1944 2970 1998 ὅτε
3002 1944 3102 2014 τὴν
3140 1944 3363 2015 γενικὴν
3411 1944 3517 1998 τῶν
3555 1944 3738 1998 παθῶν

368 2078 379 2087 .
471 2032 570 2087 vite
596 2029 991 2085 valetudinario
1021 2044 1237 2099 semper
1261 2029 1470 2098 iacens.
1525 2030 1591 2082 Et
1622 2043 1815 2084 sensus
1842 2029 2063 2099 quidem

471 2119 778 2186 sensibilia,
817 2120 1016 2173 anian
1062 2118 1201 2172 vero'
1240 2119 1497 2187 potentiae
1548 2119 1857 2185 spiritualia
1915 2119 2065 2174 clare

469 2211 803 2280 percipiunt,
838 2208 1115 2279 pracipue
1147 2208 1366 2277 quando
1413 2206 1595 2260 nullus
1629 2217 1715 2260 cst
1745 2209 1799 2262 in
1838 2208 1922 2261 eis
1959 2207 2063 2261 Sa-

469 2312 614 2356 tanas
662 2300 899 2369 impetus
954 2298 1057 2367 legi
1116 2297 1316 2353 mentis
1357 2307 1408 2352 et
1453 2298 1681 2365 spiritus
1729 2312 2059 2367 repugnans.

466 2395 764 2462 Postquam
800 2398 982 2445 autem
1029 2392 1148 2445 iStaa
1194 2390 1247 2442 in
1283 2405 1447 2443 unum
1479 2404 1581 2457 per
1625 2388 1884 2457 Spiritum
1933 2404 2063 2444 con-

462 2489 668 2557 juncta:
705 2494 832 2538 sunt
865 2492 918 2537 et
961 2484 1305 2548 coadunatte,
1348 2489 1481 2535 tunc
1518 2481 1826 2536 divinarum
1864 2480 2063 2536 huma-

468 2592 780 2645 uarumque
806 2591 988 2631 rerum
1017 2575 1332 2630 immediate
1360 2584 1417 2629 et
1446 2573 1882 2629 substantialiter
1907 2585 2065 2629 natu-

469 2686 585 2725 ratn
630 2678 989 2739 cognoscunt,
1031 2682 1341 2736 earumque
1391 2667 1630 2720 rationes
1674 2666 1889 2735 penitus
1936 2682 2061 2737 per-

469 2765 730 2834 spiciunt,
771 2777 828 2817 et
871 2762 1092 2816 unicam
1144 2762 1523 2816 universorum
1567 2774 1790 2814 causam
1822 2757 2062 2814 Trinita-

466 2869 673 2921 ιιιιειιι,
738 2870 900 2926 quam
971 2853 1269 2922 purissime
1338 2852 1455 2913 lieri
1526 2861 1743 2925 potest,
1810 2863 2058 2907 contem-

467 2951 711 3019 piantur.

538 3039 627 3096 99.
664 3039 905 3093 Primum
938 3036 1162 3106 quidem
1194 3035 1354 3091 debet
1405 3034 1705 3091 monachus
1738 3034 2058 3090 fundamento

472 3143 586 3187 tum
634 3130 835 3186 habere.
863 3131 919 3183 in
945 3144 1055 3197 quo
1101 3127 2053 3199 aedificiumoperationisconstrual,

2168 2041 2458 2095 ἀσθένειαν
2490 2039 2768 2111 ἐπιφέρει,
2799 2040 2859 2092 ἑν
2884 2037 2960 2108 τῷ
2987 2037 3321 2108 νοσοκομείῳ
3346 2037 3443 2106 τῆς
3469 2036 3737 2109 ῥᾳθυμίας

2168 2132 2255 2187 ἀεὶ
2279 2132 2696 2203 κατακείμενος.
2722 2131 2790 2185 Αἱ
2817 2129 2917 2201 μὲν
2937 2128 3044 2200 γὰρ
3065 2129 3346 2200 αἰσθήσεις
3369 2128 3437 2182 τά
3483 2127 3731 2198 αἰσθητά,

2166 2228 2222 2279 αί
2277 2225 2334 2278 δὲ
2379 2226 2448 2278 τὰ
2478 2225 2646 2294 νοητά
2681 2222 2897 2293 τρανῶς
2929 2219 3350 2275 ἑποπτεύουσιν⁶
3382 2220 3471 2273 ὅτε
3508 2217 3731 2289 μάλιστα

2164 2319 2265 2372 οὐκ
2312 2316 2429 2371 ἔστι
2483 2315 2634 2386 μάχη
2687 2331 2772 2377 τις
2807 2312 3073 2384 σατανικὴ
3101 2313 3161 2367 ἑν
3214 2312 3438 2375 αὐταῖς,
3468 2309 3545 2380 τῷ
3587 2311 3733 2379 νόμῳ

2163 2409 2259 2463 τοῦ
2287 2409 2407 2471 νοὸς
2441 2408 2536 2461 καὶ
2575 2405 2669 2461 τοῦ
2701 2403 3011 2474 πνεύματος
3047 2400 3499 2472 ἀντιτασσομένη.
3546 2399 3731 2452 Ἦνίκα

2159 2503 2219 2557 δὲ
2252 2503 2333 2565 είς
2381 2498 2440 2554 ἓν
2500 2497 2814 2567 συναφθῶσι
2851 2494 2942 2551 διὰ
2990 2494 3085 2548 τοῦ
3132 2493 3448 2564 Πνεῦματος
3487 2492 3730 2554 ἑνοειδείς

2162 2595 2455 2665 γενόμεναι
2481 2632 2497 2655 ,
2541 2590 2847 2663 τηνικαῦτα
2891 2588 2966 2642 τά
3024 2587 3141 2641 θεῖα
3187 2585 3283 2641 καὶ
3310 2586 3382 2640 τά
3419 2583 3729 2654 ἀνθρώπινα

2161 2683 2385 2752 ἀμέσως
2407 2682 2502 2735 καὶ
2522 2679 2819 2745 οὐσιωδῶς,
2847 2679 2923 2751 ὡς
2944 2676 3127 2748 έχουσι
3149 2677 3363 2745 φύσεως
3384 2672 3725 2743 γινώσκουσι,

2160 2776 2256 2831 καὶ
2292 2773 2421 2838 τοὺς
2465 2772 2660 2842 λόγους
2696 2771 2876 2825 αὐτῶν
2916 2769 3129 2841 τρανῶς
3173 2766 3469 2839 θεωροῦσι,
3511 2765 3604 2821 καὶ
3634 2764 3728 2836 τὴν

2163 2868 2294 2939 μίαν
2322 2865 2503 2920 αἰτίαν
2530 2862 2804 2918 τῶνῦλων
2841 2860 3070 2932 Τριάδα,
3100 2859 3176 2924 ὡς
3204 2859 3449 2925 δυνατὸν,
3481 2856 3729 2928 καθαρῶς

2159 2955 2545 3013 ἐποπτεύουσι.

2229 3047 2333 3117 ἥθ’.
2365 3046 2591 3120 Πρῶτον
2633 3046 2730 3115 μὲν
2759 3043 2962 3114 ὀφείλει
2990 3046 3017 3097 ὁ
3046 3041 3330 3114 ἡσυχάζων
3384 3041 3460 3106 ὡς
3487 3040 3728 3112 θεμέλιον

2156 3141 2302 3214 ἔχειν
2342 3141 2442 3203 τὰς
2473 3139 2636 3195 πέντε
2668 3137 2871 3209 ἀρετὰς
2902 3137 3105 3199 ταύτας
3124 3177 3140 3204 ,
3171 3137 3229 3188 ἐν
3332 3135 3426 3187 καὶ
3471 3133 3727 3204 ἐργασίας

462 3223 709 3291 quinque
744 3223 844 3275 has
879 3220 1132 3283 virtutes,
1169 3220 1377 3276 scilicet
1412 3220 1714 3285 silentium,
1748 3231 2048 3289 temperan-

2156 3234 2445 3305 οἰκοδομήν
2469 3250 2483 3264 ·
2515 3232 2705 3315 ηγουν,
2744 3231 2976 3300 σιωπὴν,
3012 3228 3361 3299 ἐγκράτειαν,
3405 3224 3722 3298 ἀγρυπνίαν,

463 3318 629 3379 tiam,
689 3315 971 3385 vigiliam,
1033 3314 1392 3367 humilitatem
1452 3324 1507 3367 et
1558 3313 2043 3382 perseverantimu.

460 3409 636 3478 Opera
677 3418 854 3464 amem
888 3405 1083 3474 quibus
1111 3405 1279 3459 Detttn
1315 3404 1461 3469 colit,
1494 3405 1593 3457 tria
1620 3414 1746 3459 sunt
1776 3422 1789 3457 :
1818 3403 2047 3474 psalmo-

459 3502 569 3564 dia,
603 3500 781 3553 oratio
819 3506 873 3551 et
908 3497 1095 3559 lectio,
1132 3505 1188 3548 et
1232 3496 1453 3563 insuper
1499 3510 1754 3549 manuum
1793 3494 1965 3558 labor,
2002 3494 2047 3549 si

458 3594 532 3645 sit
585 3591 855 3643 inlirmus.
910 3585 1046 3640 Nam
1094 3586 1367 3656 praedictae
1411 3588 1676 3650 virtutes,
1717 3601 1824 3641 non
1870 3586 2044 3641 solum

457 3681 595 3735 alias
623 3679 932 3744 continent,
963 3678 1058 3733 sed
1094 3692 1155 3731 se
1185 3675 1416 3730 invicem
1452 3676 1750 3730 sustinent.
1784 3673 1853 3731 Et
1887 3675 2048 3731 debet

461 3773 683 3843 quidem
721 3786 751 3824 a
790 3769 1024 3824 diluculo
1062 3768 1228 3822 Deum
1277 3768 1526 3823 meditari
1561 3767 1809 3822 oratione
1837 3778 1889 3821 et
1917 3783 2045 3823 εον-

456 3867 542 3920 (iis
595 3863 1018 3927 I'etollectione;
1063 3859 1267 3931 jngiter
1312 3873 1474 3914 orare
1528 3862 1700 3928 prima
1746 3857 1909 3926 itura;
1957 3874 2042 3913 se.

455 3956 670 4021 cuuda,
726 3953 942 4025 legere;
1008 3961 1206 4018 tertia,
1268 3951 1532 4021 psallere;
1595 3960 1815 4019 quarta,
1850 3964 2043 4017 orare;

454 4047 677 4114 quinta,
725 4044 943 4115 legere;
990 4051 1174 4110 sexta,
1225 4042 1490 4112 psallere;
1540 4034 1803 4112 septima,
1853 4058 2039 4109 orare;

454 4146 673 4201 Octava,
704 4137 920 4206 legere;
955 4150 1124 4200 nona,
1155 4135 1423 4203 psallere;
1462 4134 1690 4200 decima,
1720 4135 2004 4188 comedere
2029 4151 2043 4198 ;

459 4229 775 4292 undecima,
805 4227 1030 4289 cubare,
1059 4226 1101 4280 si
1132 4241 1274 4293 opus
1301 4225 1407 4291 sit;
1442 4227 1785 4287 duodecima,
1812 4226 2046 4295 psallere

459 4320 827 4388 tespcrtinutn
862 4316 1120 4370 alliciunt.
1162 4316 1227 4369 Et
1253 4316 1331 4371 sic
1354 4317 1558 4385 Optime
1617 4318 1724 4373 diei
1796 4319 2042 4372 curricu-

458 4413 568 4466 lum
598 4424 877 4475 emensos,
913 4408 1025 4464 Deo
1051 4407 1272 4482 placet,

2153 3325 2509 3387 ταπείνωσιν,
2546 3322 2642 3376 καὶ
2672 3320 2953 3392 ὑπομονήν
2979 3336 2994 3352 ·
3030 3319 3292 3390 ἐργασίας
3318 3317 3375 3371 δὲ
3412 3318 3724 3391 θεαρέστους

2154 3418 2306 3488 τρεῖς
2326 3434 2341 3448 ’
2371 3413 2718 3487 ψαλμῳδίαν,
2763 3411 3097 3484 προσευχὴν,
3153 3411 3249 3463 καὶ
3283 3410 3602 3478 ἀνάγνωσιν,
3633 3409 3724 3461 καὶ

2155 3511 2492 3583 ἑργόχειρον,
2524 3507 2619 3563 ἑάν
2650 3508 2798 3560 ἐστιν
2827 3505 3083 3575 ἀσθενής.
3110 3504 3177 3556 Ai
3202 3503 3311 3576 γὰρ
3338 3501 3724 3574 προειρημέναι

2153 3600 2351 3672 ἀρεταὶ
2387 3599 2447 3652 οὐ
2495 3597 2655 3669 μόνον
2704 3595 2811 3649 εἰσὶ
2842 3594 3036 3648 πασῶν
3067 3591 3432 3664 περιεκτικαὶ,
3463 3590 3594 3645 ἀλλά
3631 3590 3724 3643 καὶ

2154 3690 2482 3746 συστατικαὶ
2543 3688 2826 3760 ἀλλήλων·
2888 3686 2985 3740 καὶ
3036 3685 3144 3739 ἀπὸ
3186 3683 3393 3756 πρωίας
3452 3680 3723 3756 σχολάζειν

2152 3783 2248 3842 ἐπὶ
2278 3784 2346 3855 τῇ
2384 3780 2576 3854 μνήμῃ
2602 3778 2697 3832 τοῦ
2736 3776 2875 3832 Θεοῦ
2906 3776 2995 3830 διά
3024 3775 3331 3848 προσευχῆς
3386 3775 3478 3828 καὶ
3505 3772 3723 3845 καρδια-

2152 3876 2257 3946 κῆς
2311 3874 2585 3944 ἡσυχίας,
2638 3871 2914 3941 ἑπιμόνως
2945 3867 3238 3939 εὔχεσθαι,
3281 3865 3429 3938 ὥραν
3466 3864 3717 3937 πρώτηνε

2151 3964 2272 4022 εἶτα
2309 3965 2593 4036 δευτέραν,
2627 3961 3025 4032 ἀναγινώσκειν
3047 3977 3062 3991 ·
3094 3960 3306 4032 τρίτην,
3342 3957 3594 4029 ψάλλειν·
3627 3974 3717 4011 τε-

2151 4060 2394 4131 τάρτην,
2434 4053 2695 4126 εὔχεσθαι
2718 4068 2732 4084 ·
2764 4054 3055 4126 πέμπτην,
3086 4049 3509 4121 ἀναγινώσκειν·
3535 4048 3714 4119 ἑκτην,

2150 4151 2375 4221 ψάλλειν
2396 4166 2409 4179 ·
2446 4149 2704 4220 ἑϐδόμην,
2731 4143 2989 4217 εὔχεσθαι
3009 4160 3023 4174 ·
3054 4144 3269 4214 ὀγδόην,
3292 4141 3679 4210 ἀναγινώσκειν
3697 4155 3715 4171 ·

2151 4244 2412 4315 ἑννάτην,
2477 4241 2739 4312 ψάλλεινο
2792 4238 3060 4309 δεκάτην,
3116 4236 3354 4289 ἑσθίειν⁶
3392 4235 3715 4304 ἑνδεκάτην,

2150 4334 2450 4403 κοιμᾶσθαι
2469 4374 2485 4399 ,
2517 4333 2568 4386 εί
2596 4332 2784 4404 χρείαν
2813 4329 2926 4401 ἔχει
2949 4345 2964 4356 ·
3016 4326 3355 4397 δωδεκάτην,
3400 4324 3619 4396 ψάλλειν
3650 4322 3718 4378 τά

2149 4427 2430 4498 έσπερινά.
2484 4427 2597 4480 Καὶ
2642 4422 2788 4478 οὕτω
2828 4421 3012 4484 καλῶς
3036 4420 3098 4474 τὸ
3132 4418 3348 4473 στάδιον
3374 4420 3472 4489 τῆς
3511 4417 3718 4488 ἡμέρας

2146 4521 2517 4591 διερχόμενος,
2551 4517 2778 4588 ἀρέσκει
2808 4514 2948 4583 Θεῷ.

528 4594 653 4650 100.
696 4592 752 4649 in
797 4591 1076 4659 omnibus,
1116 4591 1232 4661 apis
1274 4592 1468 4659 instar,
1508 4592 1823 4648 utilissimas
1866 4593 2041 4663 legere

2224 4612 2288 4684 ρ’.
2345 4613 2441 4666 Ἐκ
2504 4613 2722 4664 πάντων
2767 4606 2874 4678 χρὴ
2923 4604 2999 4669 ὡς
3054 4603 3316 4676 μέλισσαν
3355 4601 3463 4656 τῶν
3514 4598 3719 4672 ἀρετῶν

455 4696 671 4757 oportet
720 4685 971 4753 virtutes,
1008 4695 1062 4739 et
1106 4684 1185 4739 sic
1232 4685 1516 4755 paululum
1558 4701 1590 4740 e
1627 4685 1843 4740 cunctis
1892 4687 2039 4740 colli-

457 4780 652 4849 gendo,
687 4778 962 4847 ingentem
1013 4775 1197 4831 facere
1248 4778 1512 4832 bonorum
1561 4793 1789 4847 opetum
1845 4794 2042 4849 conge-

458 4875 612 4933 riem,
631 4887 697 4925 ex
720 4871 915 4938 quibus
941 4870 1045 4925 mel
1070 4870 1356 4941 sapientiae
1380 4871 1722 4940 demulgetur
1747 4873 1813 4925 ad
1838 4874 2039 4928 anima-

456 4981 571 5016 rum
607 4964 1048 5020 exsultationem.

529 5058 650 5110 tot.
689 5056 749 5108 Et
788 5058 963 5110 noetis
998 5062 1233 5127 spatium
1282 5059 1463 5121 facile.
1500 5059 1543 5112 si
1582 5058 1681 5123 vis,
1719 5074 2037 5126 permit-«etc

452 5150 617 5202 disce.
654 5146 790 5202 Tres
836 5152 977 5202 modi
1027 5163 1156 5207 sunt
1192 5163 1359 5205 noctu
1398 5151 1674 5223 vigilandi,
1713 5168 1907 5220 nempe
1940 5169 2036 5221 pro

452 5240 859 5307 incipientibus,
898 5242 1093 5294 tnediis
1141 5253 1192 5296 et
1231 5241 1508 5311 perfectis.
1549 5242 1615 5295 Et
1663 5243 1871 5310 primus
1917 5242 2033 5307 qui-

451 5340 568 5382 dem
617 5335 701 5385 hic
746 5343 828 5385 est
865 5348 880 5389 :
918 5334 1194 5388 dimidiam
1235 5346 1450 5389 noctem
1488 5337 1746 5398 dormire,
1784 5348 1837 5388 et
1869 5337 2032 5390 dimi—

449 5424 590 5475 diam
626 5424 874 5494 vigilare,
907 5427 1023 5481 sive
1059 5441 1088 5479 a
1126 5442 1351 5495 vespere
1401 5429 1467 5480 ad
1515 5426 1749 5480 mediam
1795 5439 2028 5489 noctem.

2149 4702 2435 4771 συλλέγειν
2470 4701 2539 4755 τά
2577 4695 3010 4770 χρησιμώτατα,
3051 4695 3146 4749 καὶ
3181 4693 3324 4748 οὕτω
3372 4689 3717 4761 μετριλαμὸἀ-

2145 4813 2310 4851 νοντα
2336 4796 2402 4849 ἑκ
2435 4796 2656 4848 πάντων
2691 4791 2906 4863 μικρὸν,
2949 4789 3124 4841 ποιεῖν
3156 4786 3398 4860 μεγάλην
3430 4786 3529 4856 τῆς
3558 4786 3716 4855 ἐργα-

2150 4891 2272 4953 σίας
2303 4886 2414 4941 τῶν
2436 4884 2649 4958 ἀρετῶν
2681 4880 2929 4936 σύνθεσιν
2953 4895 2967 4910 ·
2996 4880 3053 4946 ἑξ
3083 4871 3158 4933 ὧν
3178 4878 3237 4932 τὸ
3264 4876 3384 4948 μέλι
3412 4876 3513 4947 τῆς
3532 4874 3718 4945 σοφίας

2148 4980 2433 5050 πορίζεται
2457 4978 2593 5050 πρὸς
2617 4973 2957 5045 εὐφροσύνην
2985 4970 3196 5041 ψυχῶν.

2222 5079 2325 5141 ρα¹.
2367 5072 2525 5140 Ῥᾷον
2569 5067 2627 5121 δὲ
2702 5069 2750 5120 εί
2786 5065 2964 5137 βούλει
3002 5065 3098 5118 καὶ
3151 5062 3213 5115 τὸ
3251 5060 3351 5131 τῆς
3392 5059 3580 5122 νυκτὸς
3608 5057 3716 5111 διά-

2150 5181 2335 5234 στημα
2388 5161 2640 5225 διελθεῖν,
2703 5159 2971 5214 άκουσον’
3028 5156 3189 5225 Τρεῖς
3218 5152 3492 5215 πολιτείας
3543 5150 3712 5221 ἑχειή

2149 5255 2429 5327 ἀγρυπνία
2476 5257 2577 5318 τῆς
2616 5251 2809 5313 νυκτός
2834 5266 2847 5280 ⁸
2902 5247 3204 5322 ἀρχαρίων,
3258 5244 3459 5316 μέσων,
3495 5244 3588 5295 καὶ
3628 5258 3714 5292 τε·

2147 5350 2326 5404 λείων.
2362 5348 2473 5402 Καὶ
2506 5349 2540 5416 ἡ
2580 5347 2678 5417 μὲν
2731 5343 2923 5415 πρώτη
2965 5338 3209 5395 πολιτεία
3258 5337 3404 5390 ἐστὶν
3440 5334 3573 5403 αῦτη
3599 5348 3614 5360 ⁸
3657 5332 3716 5385 τὸ

2147 5444 2320 5515 ἣμισυ
2377 5442 2477 5513 τῆς
2516 5438 2714 5501 νυκτὸς
2748 5434 3090 5509 κοιμᾶσθαι,
3121 5431 3214 5485 καὶ
3257 5430 3320 5484 τὸ
3357 5430 3525 5499 ἥμισυ
3553 5428 3709 5493 ἀγρυο

448 5516 559 5568 site
590 5532 616 5568 a
647 5517 820 5571 media
862 5530 1022 5573 nocte
1053 5519 1119 5572 ad
1156 5519 1477 5575 diluculum.
1519 5519 1805 5573 Secundus
1844 5522 2032 5575 nimius

2156 5528 2286 5576 πνεῖν
2311 5540 2326 5555 ο
2359 5522 2455 5575 καὶ
2482 5519 2514 5591 ἢ
2550 5521 2645 5589 ἀφ’
2685 5522 2931 5595 ἑσπέρας
2960 5523 3066 5587 ἕως
3096 5522 3272 5592 μέσης
3302 5523 3515 5584 νυκτὸς,
3544 5521 3578 5592 ὴ
3606 5522 3711 5574 ἀπὸ

450 5604 537 5657 hic
567 5618 650 5659 est
680 5622 694 5659 :
735 5606 960 5676 vigilare
1001 5624 1029 5661 a
1072 5622 1297 5676 VCSpCI'a
1331 5610 1514 5661 horam
1552 5626 1713 5662 unum
1747 5620 1839 5665 aut
1868 5613 2028 5673 duas,

447 5696 643 5748 deinde
683 5697 926 5756 dormire
969 5704 1207 5766 quatuor
1248 5700 1432 5759 horas.
1470 5709 1523 5753 et
1573 5701 1766 5754 iterum
1806 5703 2032 5774 vigilare

447 5798 615 5853 usque
651 5789 716 5839 ad
760 5804 937 5851 malm,
977 5788 1252 5856 psallendi)
1288 5804 1340 5845 ct
1380 5795 1586 5849 orando
1620 5811 1709 5848 sex
1746 5798 1907 5851 horas
1936 5816 2031 5853 us-

2135 5616 2309 5685 μέσης
2357 5615 2549 5677 νυκτὸς
2599 5613 2704 5676 ἕως
2754 5615 2918 5685 πρωῒ.
2988 5615 3051 5667 Ἢ
3090 5614 3147 5667 δὲ
3197 5613 3424 5683 δευτέρα
3470 5611 3708 5666 πολιτεία

2135 5709 2278 5759 ἐστὶν
2331 5706 2511 5777 otism“
2547 5708 2848 5778 ἀγρυπνεῖν
2893 5708 2987 5776 ἀφ’
3034 5707 3273 5777 ἑσπέρας
3317 5703 3466 5774 ῶραν
3506 5703 3633 5774 μίαν
3674 5705 3705 5774 ἦ

2135 5803 2274 5867 δύω,
2328 5796 2450 5854 εἶτα
2495 5801 2790 5872 κοιμᾶσθαι
2834 5801 2982 5871 ὧρας
3035 5801 3343 5868 τέσσαρας·
3400 5796 3701 5868 ἐγείρεσθαι

447 5892 553 5948 quc
579 5880 646 5933 ad
677 5880 1007 5945 diluculum;
1046 5882 1237 5938 deinde
1272 5886 1503 5955 psallere
1534 5892 1708 5959 prima
1751 5893 1852 5948 tiiei
1894 5892 2025 5951 hora

2158 5893 2303 5957 ὲείς
2355 5890 2447 5949 τὸν
2500 5893 2727 5966 ὄρθρον,
2790 5892 3057 5963 ιξσάὶλοντα
3114 5893 3205 5948 κα)⁵
3257 5889 3700 5961 προσευχόμενον,
