4020 6476
397 408 539 479 1273

1308 402 1311 405 ’
1426 414 1701 477 CAPITA
1741 410 1890 474 PER
1931 408 2594 473 ACB'OSTICHIDEM.

3492 394 3630 465 1974

384 532 530 599 ὥρας
560 528 619 593 ἓξ
640 520 743 591 ἕως
773 543 920 598 πρω.
944 542 957 555 ⁸
989 524 1110 578 sim
1139 521 1368 593 ψάλλειν
1391 520 1492 590 τὴν
1524 517 1757 589 πρώτην
1797 516 1950 588 ὥραν

2068 536 2116 582 et
2157 529 2210 582 in
2256 527 2471 583 silentio
2513 525 2726 590 sedere,
2758 529 2820 577 'ut
2872 516 3039 590 supra
3091 518 3292 574 dictum
3331 523 3432 581 est,
3462 526 3516 568 et
3553 514 3634 571 vel

382 620 476 673 καὶ
518 615 848 681 καθέζεσθαι
891 614 1255 685 ἡσυχάζοντα,
1293 611 1369 674 ὡς
1398 609 1722 680 προείρηται
1747 626 1762 640 ·
1798 609 1891 662 καὶ
1919 608 1955 678 ἢ

379 709 506 771 τοὺς
535 709 696 778 ὅρους
723 707 833 760 τῶν
865 703 1142 777 ἐργασιῶν
1188 701 1478 770 φυλάττειν
1519 699 1608 753 διὰ
1637 699 1746 751 τῶν
1777 698 1959 769 ὡρῶν,

380 801 414 871 ἢ
446 801 544 872 τὴν
588 800 871 868 συνέχειαν
904 795 1105 867 δηλαδὴ
1140 794 1238 863 τῆς
1287 792 1600 862 προσευχῆς
1639 791 1961 845 ἀδιάστατον

378 896 589 963 τηρεῖν,
647 892 715 945 δι’
768 886 837 962 ἦς
890 891 925 960 ἡ
979 887 1094 952 ἕξις
1142 887 1236 939 τὸν
1292 883 1733 954 πολιτευόμενον.
1788 882 1854 934 Ἦ
1904 881 1961 935 δὲ

2062 635 2226 688 cpcra
2269 619 2416 673 horis
2444 618 2710 687 regulare,
2740 615 2824 669 vel
2855 625 3169 682 permanere
3201 609 3400 678 jugiter
3421 608 3473 660 in
3512 620 3637 660 ora-

2065 714 2212 765 tione
2267 710 2560 771 continua,
2616 721 2713 776 pro
2771 704 3019 759 monachi
3084 701 3360 755 facultate.
3416 696 3638 751 Tertius

2063 802 2296 870 denique
2345 799 2537 854 modus
2577 808 2662 852 est
2716 806 2884 851 tutam
2932 802 3143 849 noctem
3191 794 3389 846 ducere
3432 789 3638 843 insom-

2067 908 2212 946 nent.

378 986 539 1053 τρίτη
581 983 847 1046 πολιτεία,
885 978 1179 1048 παννύχιον
1228 976 1342 1046 ἔχει
1380 974 1479 1045 τὴν
1512 975 1702 1029 στάσιν
1737 974 1835 1027 καὶ
1862 975 1964 1048 τὴν
1993 976 2352 1049 ἐγρήγορσιν.
2416 1024 2417 1027 η

455 1066 569 1140 pf};
600 1066 733 1120 Ἰδοὺ
762 1065 873 1135 γὰρ
903 1064 997 1118 καὶ
1031 1063 1161 1136 περὶ
1188 1060 1442 1133 βρῶσεώς
1470 1075 1671 1129 φαμεν,
1699 1058 1782 1111 ὅτι
1805 1057 1961 1127 λίτρα

384 1162 551 1232 ἄρτου
578 1161 741 1230 ἀρκεῖ
781 1157 945 1211 παντὶ
985 1156 1065 1227 τῷ
1101 1154 1490 1224 ἀγωνιζομένῳ
1528 1151 1669 1222 πρὸς
1703 1149 1956 1221 ἡσυχίαν,

384 1253 480 1307 καὶ
513 1253 657 1304 οῐνου
693 1249 792 1320 μὲν
828 1247 941 1301 δύω
966 1247 1233 1317 βαυκάλια
1263 1246 1505 1316 ἀκράτου
1529 1242 1726 1307 πίνειν,
1768 1238 1961 1307 ὓδατος

347 1413 352 1418 ι
382 1343 440 1396 δὲ
478 1341 605 1410 τρία
627 1356 640 1370 ·
678 1339 775 1392 καὶ
811 1337 920 1390 ἀπὸ
959 1335 1069 1388 τῶν
1098 1334 1503 1404 εὑρισκομένων
1538 1329 1724 1383 σιτίων
1759 1328 1957 1398 τρέφε·-

386 1434 531 1499 σθαι,
558 1434 656 1502 οὐχ
681 1434 780 1486 ὃσα
811 1431 965 1501 ζητεῖ
993 1429 1026 1497 ἡ
1061 1426 1225 1496 φύσις
1252 1423 1685 1494 ἐπιθυμητικῶς,
1717 1422 1831 1475 ἀλλ’
1859 1422 1959 1474 ὅσα

383 1528 415 1595 ἡ
469 1524 696 1594 πρόνοια
731 1522 1026 1590 οἰκονομεῖ,
1061 1518 1296 1590 χρᾶσθαι
1356 1515 1660 1586 ἐγκρατῶς.
1703 1516 1959 1582 Ἄριστος

383 1617 496 1690 [ιον.
551 1613 773 1686 ἀρίστη]
822 1608 918 1668 οὖν
965 1611 1061 1665 καὶ
1109 1610 1376 1680 σύντομος
1424 1610 1628 1679 είδησις
1678 1607 1810 1678 περὶ
1848 1605 1957 1660 τῶν

326 1772 332 1777 _
382 1691 627 1778 ἀκριϐῶς
678 1702 1062 1759 πολιτεύεσθαι
1118 1700 1481 1772 βουλομένων,
1532 1698 1634 1762 τὰς
1662 1700 1813 1769 τρεῖς
1846 1696 1959 1751 τῶν

310 1781 328 1805 ’
382 1797 593 1867 ἀρετῶν
609 1792 965 1865 περιεκτικάς
989 1791 1252 1863 ἐργασίας
1273 1791 1482 1859 τηρεῖν,
1506 1789 1760 1858 νηστείαν
1788 1786 1954 1857 φημὶ,

382 1885 718 1956 ἀγρυπνίαν,
751 1886 847 1939 καὶ
878 1882 1212 1955 προσευχὴν,
1238 1882 1300 1936 τὸ
1331 1881 1566 1950 ἔρεισμα
1611 1880 1827 1935 πάντων
1868 1870 1958 1949 βε.
1989 1867 2028 1919 Β

383 1979 640 2041 ϐαιούσας
669 1976 1058 2049 κραταιότατα.
1946 2004 1958 2035 ε

455 2066 561 2137 ργ’.
616 2066 678 2121 ’11
720 2065 921 2135 ἡσυχία
953 2063 1062 2134 πρὸ
1115 2061 1336 2117 πάντων
1380 2062 1619 2123 πίστεως
1655 2058 1826 2114 δεῖται
1865 2059 1961 2114 καὶ
2052 2050 2058 2059 ’

384 2158 660 2227 ὑπομονῆς
681 2198 696 2222 ,
728 2156 823 2209 καὶ
852 2155 947 2226 τῆς
981 2154 1041 2221 ἐξ
1068 2154 1197 2224 ὅλης
1217 2152 1465 2223 καρδίας,
1507 2153 1602 2204 καὶ
1635 2147 1839 2219 ἰσχύος,
1866 2146 1961 2201 καὶ

382 2251 683 2319 δυνάμεως,
739 2248 981 2317 ἀγάπης,
1034 2247 1129 2299 καὶ
1160 2242 1397 2308 ἐλπίδος.
1455 2244 1514 2296 't)
1569 2243 1665 2313 μὲν
1716 2241 1823 2311 γὰρ
1866 2256 1960 2293 πι-

385 2340 612 2403 στεύων,
659 2339 764 2393 κᾶν
818 2336 1055 2392 ἐνταῦθα
1087 2335 1181 2389 τοῦ
1227 2334 1560 2406 ζητουμένου
1598 2334 1844 2403 ἀποτύχῃ
1889 2328 1959 2385 δι’

385 2431 644 2500 ἀμέλειαν
692 2429 879 2498 τυχὸν,
920 2428 954 2499 ἢ
1002 2426 1168 2496 ἄλλην
1201 2425 1402 2488 αἰτίαν,
1435 2424 1552 2476 ἀλλ’
1580 2423 1639 2475 ὲν
1689 2424 1755 2491 τῇ
1793 2418 1962 2491 ἐξόδῳ

383 2524 601 2584 πάντως
643 2520 905 2574 ἀδύνατον
955 2519 1030 2589 μὴ
1078 2514 1566 2589 πληροφορηθῑψαι
1608 2513 1700 2567 τὸν
1747 2511 1961 2581 καρπδν

383 2614 480 2684 τῆς
520 2612 757 2670 πίστεως
802 2609 896 2662 καὶ
938 2606 1035 2662 τοῦ
1075 2607 1323 2675 ἀγῶνος,
1378 2604 1476 2657 καὶ
1511 2603 1643 2656 ίδεῖν
1681 2601 1778 2671 τὴν
1810 2600 1962 2653 ἐλευ-

384 2707 573 2778 θερίαν
596 2721 609 2736 ·
659 2705 717 2767 ὃς
756 2704 906 2767 ἐστιν
959 2697 1168 2770 Ἰησοῦς
1206 2699 1234 2751 ὁ
1266 2695 1522 2767 Χριστὸς.
1555 2695 1589 2765 ἡ
1623 2693 1734 2746 τῶν
1774 2689 1964 2763 ψυχῶν

385 2801 763 2871 ἀπολύτρωσις
823 2795 921 2849 καὶ
968 2793 1214 2863 σωτηρία
1234 2829 1251 2857 ,
1301 2793 1330 2844 ὁ
1374 2788 1722 2858 θεάνθρωπος
1766 2785 1960 2853 Λόγος.

396 2894 458 2948 '0
484 2894 543 2947 δὲ
600 2888 846 2945 ἀπιστῶν
893 2882 1363 2955 κατακριθήσεται
1408 2879 1629 2941 πάντως
1661 2879 1719 2930 sv
1758 2874 1923 2945 ἐξόδῳ
1944 2886 1963 2905 ⁸

386 2985 523 3040 ἀλλὰ
548 2982 645 3036 καὶ
673 2981 774 3050 ἡδη
807 2979 1082 3049 κέκριται,
1117 2974 1283 3044 φησιν
1306 2972 1335 3025 ὁ
1361 2971 1583 3039 Κύριος.
1624 2969 1682 3022 ’0
1710 2967 1820 3037 γὰρ
1844 2966 1966 3029 ταῖς

386 3077 599 3149 ἡδοναῖς
653 3069 941 3134 δουλεύων,
990 3067 1085 3122 καὶ
1116 3066 1277 3131 δόξαν
1319 3061 1419 3134 τὴν
1466 3060 1619 3131 παρά
1659 3058 1967 3129 ἀνθρώπων

2134 1074 2256 1127 102.
2298 1073 2446 1128 Talia
2505 1072 2571 1125 de
2625 1068 2899 1122 alimentis
2956 1065 3268 1120 statuimus.
3308 1063 3423 1118 Una
3477 1060 3635 1130 panis

2061 1165 2197 1218 libra
2249 1165 2383 1220 satis
2429 1173 2515 1218 est
2560 1161 2785 1214 cuilibet
2831 1158 2894 1212 ad
2939 1158 3309 1227 quietudinem
3361 1153 3635 1219 tendenti;

2060 1258 2210 1311 bibat
2238 1271 2365 1312 vero
2392 1256 2502 1311 duo
2525 1254 2635 1308 vini
2664 1253 2797 1307 meri
2829 1252 3043 1321 pocula,
3070 1258 3125 1303 et
3151 1263 3305 1317 aqua;
3331 1247 3461 1299 tria.
3489 1245 3635 1298 Cibis

2059 1347 2471 1402 occurrentibus
2515 1345 2717 1407 alatur,
2758 1358 2861 1398 nec
2904 1341 2972 1396 iis
3015 1355 3150 1409 quos
3193 1347 3390 1393 natura
3436 1334 3638 1404 cupide

2058 1438 2285 1507 appetit,
2326 1439 2420 1492 sed
2471 1451 2610 1506 quos
2661 1434 2821 1490 oﬂ‘ert
2869 1430 3243 1492 Providentia,
3292 1435 3492 1482 utatur.
3544 1424 3639 1478 His

2057 1530 2222 1600 igitur
2258 1529 2349 1598 qui
2396 1527 2631 1597 perfecte
2659 1525 2840 1580 vivere
2880 1522 3107 1587 volunt,
3171 1528 3316 1574 recta
3360 1526 3413 1572 et
3457 1513 3638 1570 brevis

2058 1622 2144 1676 via
2186 1630 2271 1676 est
2290 1634 2510 1675 servare
2573 1618 2677 1671 tria
2717 1630 2879 1685 Opera
2914 1613 3109 1682 quibus
3162 1612 3385 1665 virtutes
3417 1620 3641 1662 conser-

2058 1721 2278 1779 rantur,
2329 1725 2524 1779 nempe
2575 1706 2995 1768 abstinentiam,
3048 1704 3355 1757 orationem
3409 1708 3462 1753 et
3507 1698 3640 1767 vigi-

2059 1803 2226 1868 liam,
2273 1818 2396 1873 qua:
2441 1809 2664 1857 cunctas
2721 1796 3034 1852 firmissimo
3101 1792 3385 1849 stabiliunt
3441 1788 3639 1843 funda-

2063 1904 2271 1952 mento.

2135 2067 2260 2126 i05.
2292 2067 2388 2122 Est
2406 2067 2571 2138 quieti
2601 2075 2730 2121 ante
2747 2066 2929 2119 omnia
2964 2078 3101 2131 opus
3119 2062 3273 2125 fides,
3294 2070 3348 2115 et
3381 2064 3640 2114 constan-

2061 2159 2159 2227 tia,
2194 2169 2250 2214 et
2272 2160 2514 2214 cbaritas
2540 2172 2607 2213 ex
2635 2166 2743 2210 tota
2776 2156 2977 2219 anima,
3028 2153 3230 2207 virtute
3283 2165 3346 2204 ac
3374 2146 3637 2220 potentia,

2059 2257 2119 2309 et
2149 2263 2299 2321 spes.
2327 2250 2462 2304 Nam
2491 2249 2537 2304 si
2565 2234 2686 2315 quis
2720 2246 2876 2300 fidem
2905 2246 3088 2308 habet,
3116 2244 3243 2299 licet
3271 2255 3417 2296 nunc
3453 2241 3636 2295 forsan

2059 2360 2090 2400 a
2122 2356 2293 2412 scopo
2321 2343 2390 2396 ob
2422 2339 2691 2393 incuriam
2725 2337 2956 2392 aliamve
2987 2350 3208 2390 causam
3245 2334 3484 2395 aberret,
3535 2330 3644 2386 sal—

2063 2442 2171 2489 tem
2213 2431 2269 2485 in
2319 2429 2464 2484 exitu
2518 2428 2641 2481 vitae
2696 2441 2804 2480 non
2853 2433 3034 2494 potest
3069 2439 3174 2478 non
3225 2422 3370 2478 ferre
3410 2420 3641 2476 multum

2063 2522 2192 2579 fidei
2233 2532 2289 2576 et
2332 2519 2648 2577 certaminis
2693 2516 2950 2579 fructum,
2983 2526 3039 2571 et
3078 2516 3387 2570 libertatem
3427 2512 3639 2574 videre,

2064 2632 2186 2687 quae
2234 2623 2319 2670 est
2368 2612 2532 2668 Jesus
2580 2610 2873 2673 Christus,
2924 2609 3232 2663 animarum
3281 2606 3544 2660 liberator
3586 2610 3644 2657 et

2063 2704 2327 2767 salvator,
2357 2701 2499 2756 Deus
2544 2701 2705 2754 homo
2729 2699 2992 2755 Verbum.
3018 2696 3121 2763 Qui
3151 2709 3280 2750 vero
3306 2708 3415 2748 non
3444 2692 3640 2755 credit,

2061 2804 2209 2849 certe
2234 2791 2694 2847 condemnabitur‘
2731 2790 2783 2842 in
2829 2789 3002 2850 exitu,
3028 2796 3083 2842 et
3100 2786 3209 2856 jam
3236 2783 3508 2854 judicatus
3535 2790 3642 2846 est,

2061 2886 2140 2941 ait
2162 2885 2204 2940 D
2229 2883 2469 2940 ominus.
2496 2880 2600 2948 Qui
2625 2880 2770 2936 enim
2800 2878 3165 2950 voluptatibus
3185 2875 3431 2942 inservit,
3450 2880 3507 2930 et
3530 2872 3647 2943 glo-

2069 2974 2210 3031 riam
2247 2973 2446 3044 querit
2473 2973 2543 3026 ab
2581 2970 2918 3033 hominibus,
2949 2983 3054 3024 non
3090 2983 3121 3022 a
3165 2968 3296 3032 Deo,
3330 2965 3645 3021 incredulus

2065 3072 2176 3131 est,
2208 3062 2423 3132 inquit;
2462 3069 2519 3115 et
2553 3060 2806 3130 quamvis
2850 3059 2907 3113 in
2955 3071 3206 3114 sermone
3248 3055 3427 3112 fidelis
3462 3053 3646 3109 videa-

388 3145 566 3238 ξητῶν
590 3205 606 3229 ,
640 3164 738 3218 καὶ
767 3161 829 3215 ού
859 3160 959 3230 τὴν
998 3162 1063 3213 ὲκ
1113 3156 1273 3221 Θεοῦ,
1321 3153 1548 3215 ἄπιστός
1592 3152 1710 3204 ἐστι
1733 3191 1750 3216 ,
1789 3148 1924 3218 φησι
1946 3163 1962 3180 ο

2068 3162 2176 3222 tur,
2209 3152 2564 3222 semetipsum
2618 3150 2823 3207 inscius
2855 3150 3014 3205 fallit.
3051 3146 3310 3216 Namque
3350 3145 3495 3200 banc
3535 3157 3639 3197 au-

386 3257 490 3310 κᾶν
526 3256 584 3306 ὲν
620 3252 766 3321 λόγῳ
803 3248 993 3311 πιστὸς
1032 3243 1189 3299 εἶναι.
1202 3245 1335 3315 δοκῇ
1383 3244 1412 3296 ὁ
1443 3239 1708 3304 τοιοῦτος,
1748 3239 1966 3308 ἡπάτηο

392 3365 484 3402 σεν
519 3346 714 3400 ἑαυτὸν
736 3341 1061 3412 λεληθότως.
1097 3336 1414 3392 ’Δκούσεται
1437 3334 1569 3405 γὰρ,
1598 3335 1681 3389 ὅτι
1720 3331 1861 3385 Ἀνθ“
1892 3324 1968 3385 ὧν

387 3441 489 3493 οὐκ
525 3436 713 3498 ἔλαϐές
746 3452 814 3505 με
847 3434 907 3485 ὲν
945 3433 1010 3500 τῇ
1038 3428 1237 3501 καρδία
1267 3443 1383 3489 σου,
1412 3425 1527 3480 ἀλλ’
1562 3422 1875 3495 ἀπέρριψας
1901 3437 1967 3490 με

388 3528 565 3585 ὀπίσω
603 3528 699 3583 τοῦ
726 3526 896 3580 νώτου
927 3540 1020 3576 σου
1039 3563 1054 3586 ,
1101 3520 1257 3589 κάγὼ
1286 3517 1582 3587 ἀπῶσομαί
1627 3532 1709 3570 σε.
1740 3516 1834 3567 Δεῖ
1859 3513 1973 3586 γὰρ

389 3622 481 3675 τὸν
531 3619 723 3673 πιστὸν
779 3614 999 3669 εὔελπιν
1042 3608 1218 3675 εἶναι,
1256 3610 1351 3663 καὶ
1382 3606 1660 3662 πιστεύειν
1726 3605 1825 3674 μὲν
1870 3604 1969 3672 τὴν

390 3712 486 3768 τοῦ
529 3709 666 3764 Θεοῦ
700 3707 959 3776 ἀληθειαν
980 3743 994 3767 ,
1033 3698 1492 3772 μαρτυρουμένην
1519 3698 1578 3749 ὲν
1613 3695 1817 3772 πάσαις
1849 3696 1971 3756 ταῖς

391 3782 638 3873 Γραφαῖς
659 3840 674 3861 ,
704 3768 988 3867 ὁμολογεῖν
1010 3768 1068 3846 δὲ
1091 3768 1191 3859 τὴν
1219 3768 1414 3842 ἑαυτοῦ
1441 3768 1760 3847 ἀσθένειαν,
1779 3781 1867 3835 ἵνα
1893 3781 1970 3850 μὴ

395 3890 616 3946 διπλοῦν
641 3887 738 3958 ἓξη
770 3885 833 3939 τὸ
864 3886 1038 3955 κρῖμα
1067 3882 1165 3938 καὶ
1194 3876 1590 3947 ἀπαραίτητον.

464 3983 562 4054 ρδθ.
611 3974 1112 4048 Συντετριμμένηνζ
1139 3971 1369 4042 καρδίαν
1410 3969 1506 4022 καὶ
1537 3965 1717 4037 ψυχὴν
1779 3978 1970 4019 ταπει-

393 4071 643 4142 νωμένην
698 4068 850 4121 οὐδὲν
889 4064 1065 4127 οὕτως
1121 4063 1369 4133 ἐμποιεῖ,
1428 4058 1523 4120 ὡςν
1555 4058 1618 4137 ab
1654 4055 1878 4119 ίδιάζειν
1914 4055 1973 4108 ὲν

393 4163 616 4233 γνώσει,
645 4161 741 4215 καὶ
783 4161 817 4227 ἡ
849 4160 913 4212 ὲκ
946 4156 1167 4210 πάντων
1206 4152 1407 4223 σιωπή.
1456 4149 1678 4219 Κυρίως
1703 4149 1803 4202 οὐκ
1844 4145 1975 4203 ἀλλο

393 4253 447 4307 τί
484 4254 601 4305 ἐστι
646 4251 708 4302 τὸ
758 4250 1019 4316 λυμαῖνον
1057 4243 1156 4313 τὴν
1190 4241 1524 4299 κατάστασιν
1570 4237 1670 4306 τῆς
1717 4237 1972 4307 ἡσυχίας,

394 4346 489 4400 καὶ
514 4345 614 4414 τὴν
650 4340 802 4395 θείαν
842 4338 903 4404 ἐξ
939 4336 1111 4406 αὐτῆς
1144 4330 1465 4403 περιαιροῦν
1494 4329 1749 4399 δύναμιν,
1792 4327 1869 4390 ὡς
1904 4324 1977 4379 τά

396 4431 721 4506 περιεκτικὰ
769 4430 831 4496 ἓξ
882 4427 1030 4494 πάθη
1089 4423 1303 4479 ταῦτα·
1364 4422 1686 4494 παρρησία,
1749 4435 1978 4489 γαστρι-

2067 3245 2179 3299 diet
2231 3242 2567 3300 sententiam
2602 3256 2620 3296 :
2653 3239 2795 3307 Quia
2848 3255 2953 3295 non
2998 3237 3255 3307 recepisti
3300 3250 3391 3292 me
3425 3250 3493 3291 ex
3537 3244 3650 3289 toto

2068 3336 2233 3391 corde
2272 3343 2389 3402 tuo,
2424 3344 2480 3389 et
2528 3349 2618 3390 me
2653 3342 2778 3401 post
2822 3339 3031 3401 tergum
3081 3328 3342 3391 refecisti,
3376 3337 3431 3382 et
3461 3340 3562 3397 ego
3594 3335 3650 3380 te

2070 3426 2354 3496 repellam.
2387 3424 2558 3481 Debet
2598 3425 2767 3490 igitur
2803 3422 2976 3475 lidelis
3011 3420 3207 3476 bonam
3239 3432 3389 3486 spem
3423 3417 3677 3483 habere,-

2069 3527 2121 3570 et
2154 3514 2386 3570 credere
2416 3513 2635 3582 quidem
2693 3510 2786 3571 Dei
2832 3508 3147 3573 veritatem,
3179 3522 3338 3574 quant
3379 3514 3652 3559 testantur

2068 3619 2262 3659 omnes
2311 3604 2632 3672 Scriptum,
2665 3600 2912 3656 conﬁteri
2948 3608 3134 3653 autem
3171 3596 3447 3667 propriam
3497 3593 3651 3648 infir-

2071 3697 2339 3761 mitatem,
2378 3708 2446 3749 ne
2491 3692 2691 3761 duplex
2736 3701 2790 3748 et
2835 3690 3176 3747 inexorabile
3222 3689 3467 3744 incurrat
3500 3686 3651 3755 judi-

2069 3800 2241 3839 ctum.

2145 3961 2272 4016 104.
2308 3963 2390 4017 Ad
2435 3976 2532 4017 cor
2574 3958 2872 4015 contritum
2920 3967 2978 4012 et
3021 3956 3259 4011 animam
3310 3951 3651 4008 itumiliatam

2074 4055 2214 4108 nihil
2255 4064 2364 4109 tam
2405 4052 2685 4116 conducit,
2716 4066 2878 4121 quam
2918 4051 3025 4104 vita
3061 4049 3291 4103 interius
3322 4043 3550 4115 mystica
3595 4051 3654 4097 et

2077 4146 2305 4201 omnino
2355 4145 2544 4202 silens.
2592 4144 2706 4200 Nec
2753 4142 2905 4198 aliud
2956 4141 3176 4211 proprie
3217 4149 3325 4192 tam
3374 4134 3656 4207 perturbat

2075 4238 2276 4308 quietis
2314 4246 2516 4293 statum
2557 4245 2613 4291 et
2661 4236 2898 4291 divinam
2938 4234 3006 4287 ab
3049 4246 3114 4285 ea
3154 4230 3336 4285 aufert
3376 4228 3652 4289 virtutem,

2076 4344 2241 4400 quam
2276 4327 2535 4399 capitalia
2565 4342 2663 4383 sex
2695 4326 2827 4381 vitia
2864 4326 2978 4380 haec
3008 4340 3025 4378 :
3052 4323 3222 4378 nimia
3259 4323 3504 4384 libertas.
3535 4332 3655 4374 ser-

2077 4423 2221 4477 vitus
2261 4419 2491 4486 ventris,
2532 4416 2972 4485 multiloquentia
2997 4454 3014 4481 ,
3055 4413 3433 4483 negotiositas,
3470 4407 3655 4472 elatio,

401 4500 632 4597 μαργία,
664 4518 961 4588 πολυλογία
990 4534 1050 4573 τε
1081 4517 1176 4569 καὶ
1228 4512 1616 4585 περισπασμὸς
1638 4549 1655 4576 ,
1688 4512 1972 4579 φυσίωσις,

2081 4522 2137 4568 et
2170 4511 2356 4581 regina
2390 4508 2705 4578 passionum
2752 4504 3029 4573 superbia.
3063 4501 3162 4558 His
3190 4503 3282 4571 qui
3318 4500 3540 4555 studere
3571 4512 3660 4554 as—

398 4589 494 4671 Ξιαὶ
623 4612 787 4682 κυρία
823 4610 934 4662 τῶν
969 4607 1159 4663 παθῶν
1194 4605 1394 4677 οἴησις.
1445 4604 1540 4667 Ei;
1582 4600 1727 4671 ἅπερ
1770 4602 1799 4652 ὁ
1838 4597 1972 4667 μετά

2081 4602 2262 4658 suevit
2300 4610 2357 4656 et
2395 4600 2452 4655 in
2491 4599 2571 4655 eis
2611 4598 2787 4667 magis
2829 4595 3109 4665 magisque
3147 4592 3397 4663 profecit,
3439 4589 3500 4643 iit
3541 4604 3659 4644 ont-

401 4705 711 4780 προθυμίας
750 4703 959 4767 ἐθίσας,
989 4700 1212 4763 τελείως
1252 4698 1349 4752 καὶ
1385 4696 1527 4767 μετὰ
1562 4694 1664 4762 τὴν
1693 4690 1979 4763 προκοπὴν

401 4779 494 4851 ἐπὶ
543 4796 726 4849 πλεῖον
763 4790 1168 4859 σκοτιζόμενος,
1223 4786 1553 4855 ἀναίσθητος
1591 4783 1819 4859 γίνεται.
1868 4779 1982 4833 Καὶ

390 4889 451 4943 ἐἰ
484 4889 582 4959 μὲν
631 4883 922 4938 ἀνανεύσει
956 4880 1150 4943 πάλιν,
1190 4878 1330 4948 μετά
1360 4876 1600 4939 πίστεως
1638 4873 1735 4929 καὶ⁵
1780 4870 1982 4943 προθυ-

406 4980 534 5050 μίας
566 4974 745 5047 βαλὼν
780 4971 976 5043 ἀρχὴν,
1003 4969 1099 5021 τοῦ
1136 4968 1474 5038 ζητουμένου
1506 4965 1756 5030 τεύξεται
1785 4964 1977 5019 πάλιν*

403 5074 499 5126 καὶ
526 5071 763 5141 μάλιστα
791 5060 1217 5132 ταπεινούμενος
1244 5060 1337 5113 καὶ
1366 5057 1565 5129 ζητῶν.
1599 5056 1664 5111 Ei.
1692 5055 1750 5109 δὲ
1782 5053 1840 5108 ἐν
1869 5054 1981 5108 τῶν

404 5157 822 5233 ᾐροειρημένων
847 5154 938 5208 διὰ
963 5153 1062 5223 τῆς
1086 5150 1350 5222 ἀμελείας
1386 5146 1700 5220 βασιλεύσει
1723 5148 1782 5200 ὲν
1811 5143 1980 5216 αύτῷ,

403 5256 525 5308 τότε
561 5254 707 5311 ἅπας
733 5249 763 5301 ὀ
807 5246 918 5300 τῶν
958 5244 1144 5299 κακῶν
1187 5244 1488 5310 κατάλογος
1519 5242 1615 5296 σὺν
1644 5242 1709 5312 τῇ
1754 5237 1985 5310 ὀλεθρίῳ

408 5346 638 5416 ἀπιστίᾳ
673 5339 1105 5412 ἐκστρατεύσας,
1155 5336 1358 5406 ἔρημον
1389 5335 1488 5401 τὴν
1522 5331 1700 5400 ψυχὴν
1742 5325 1990 5416 ἀπεργά-

412 5438 567 5502 ζεται
585 5414 748 5486 ’-οἷόν
776 5447 900 5482 τινα
935 5424 1279 5480 Βαϐυλωνίαν
1310 5422 1464 5476 πόλιν
1494 5420 1659 5490 ἄλλην
1682 5459 1697 5481 ,
1733 5419 1853 5480 ταῖς
1881 5414 1990 5469 τῶν

411 5528 686 5599 δαιμόνων
742 5520 1035 5591 γινομένην
1088 5517 1354 5587 ταραχαῖς
1408 5513 1503 5566 καὶ
1564 5508 1847 5582 θορύϐοις·
1916 5507 1991 5569 ὼς

413 5620 558 5675 εἰναι
613 5618 682 5670 τὰ
713 5615 920 5685 ἔσχατα
950 5611 1170 5681 χείρονα
1208 5607 1317 5661 τῶν
1346 5604 1581 5678 πρώτων
1604 5616 1618 5629 ·
1660 5603 1755 5655 καὶ
1799 5599 1994 5669 ἐχθρὸν

416 5709 715 5782 θυμοειδῆ,
762 5708 856 5759 καὶ
915 5704 1220 5775 κατήγορον
1272 5699 1412 5754 κατὰ
1455 5698 1562 5751 τῶν
1612 5693 1994 5766 ἡσυχαζόντων

2078 4694 2207 4748 nino
2247 4707 2424 4746 caecus
2469 4698 2525 4745 et
2577 4703 2776 4744 sensus
2818 4701 3066 4763 exspers.
3102 4685 3254 4750 Quod
3288 4683 3333 4736 si
3365 4681 3563 4736 iterum
3596 4696 3657 4736 se

2080 4783 2280 4853 erigat,
2311 4798 2435 4840 cum
2482 4782 2587 4837 fide
2626 4795 2690 4836 ac
2719 4779 2999 4850 diligentia
3029 4784 3270 4845 emptum
3302 4772 3503 4839 iniens,
3536 4787 3659 4829 seo-

2078 4890 2204 4944 pum
2238 4888 2428 4930 rursus
2459 4872 2821 4942 adipiscetur,
2862 4869 3100 4924 maxime
3128 4867 3173 4922 si
3205 4865 3485 4921 humiliter
3513 4865 3657 4919 hunc

2079 4968 2413 5037 quaesiverit.
2451 4964 2509 5020 Si
2540 4979 2670 5021 vero
2696 4978 2807 5018 una
2838 4976 2906 5016 ex
2936 4958 3185 5031 praefatis
3213 4958 3557 5031 passiouibus
3585 4956 3656 5012 ob

2079 5044 2469 5132 negligentiam
2524 5055 2578 5110 in
2630 5069 2697 5111 eo
2747 5061 2974 5124 regnet,
3034 5060 3166 5107 tunc
3219 5059 3333 5106 tota
3388 5050 3655 5104 ntalorum

2080 5153 2251 5208 series
2284 5164 2405 5206 cum
2439 5148 2648 5205 letifera
2689 5147 3078 5203 incredulitate
3119 5145 3451 5211 irrumpens,
3498 5140 3657 5194 deso-

2080 5247 2226 5301 latur
2270 5243 2550 5308 animam,
2592 5254 2748 5311 quae,
2793 5239 2941 5294 velut
2992 5236 3162 5292 altera
3218 5236 3348 5290 urbs
3397 5231 3657 5303 Babylon,

2083 5337 2391 5392 daemonum
2450 5331 2684 5386 traditur
2742 5329 2916 5384 turbis
2972 5342 3037 5383 ac
3089 5323 3427 5388 tumultibus,
3465 5322 3538 5376 ita
3597 5330 3660 5376 ut

2084 5425 2215 5480 fiant
2247 5422 2544 5476 novissima
2578 5420 2699 5488 ejus
2731 5419 2919 5490 pejora
2961 5415 3258 5488 prioribus,
3288 5410 3342 5467 et
3383 5412 3663 5480 impugnet

2082 5516 2203 5587 ejus
2247 5515 2483 5584 quietem
2532 5512 2707 5569 hostis
2752 5520 2811 5566 et
2855 5520 3162 5575 accusator,
3207 5513 3264 5560 et
3307 5504 3544 5575 linguam
3599 5510 3660 5556 ut

2083 5608 2331 5664 lanceam
2358 5605 2709 5677 gladiumque
2733 5604 3024 5673 bipennem
3052 5606 3245 5654 contra
3268 5594 3417 5652 illam
3443 5607 3662 5664 semper

2083 5708 2335 5757 exacuet.
2427 5738 2431 5743 ο

416 5803 723 5876 γινόμενον,
756 5799 850 5852 καὶ
886 5796 985 5865 τὴν
1014 5795 1264 5865 γλῶσσαν
1294 5792 1367 5855 ὡς
1397 5790 1574 5859 ὀξεῖαν
1606 5788 1699 5842 καὶ
1730 5787 1804 5851 ὡς
1834 5784 2079 5860 δίστομον
2108 5787 2192 5842 ἀεὶ
2226 5787 2344 5841 κατ’
2378 5784 2558 5839 αὐτῶν
2584 5775 2858 5855 μάχαιραν
2890 5780 3143 5848 θήγοντα.
