4020 6462
460 371 600 441 12Ἰὲ

1660 423 1661 426 η
1688 376 1734 436 G
1750 375 2079 438 REGORII
2132 369 2472 440 SINAITA!

3564 371 3589 435 1
3599 372 3698 435 276

533 484 920 542 105.»Cuan0si
980 483 1315 552 turbidique'
1347 482 1521 537 instar
1575 478 1745 539 maris
1802 485 2043 554 quietam

2224 496 2321 561 ρε¹.
2357 489 2565 544 ’Υδατα
2587 487 2797 555 παθῶν,
2831 489 2890 556 ἐξ
2918 485 2992 545 ὧν
3018 485 3269 563 ἡθολερά
3301 491 3396 546 καὶ
3421 509 3718 566 συμμικτος

458 577 794 632 inundantes
833 577 1073 631 animam
1103 577 1261 630 undae
1300 576 1641 644 passionum,
1671 575 1832 630 aliter
1862 575 2036 646 trajiei

458 679 731 737 nequeunt
773 683 935 736 quam
973 667 1074 721 levi
1111 669 1328 733 eitaque
1367 669 1489 721 navi
1530 667 1860 721 universalis
1905 682 2041 736 pau‘

460 761 686 829 perlatis
713 770 768 814 et
809 759 1196 828 temperantim.
1249 756 1386 812 Nam
1421 774 1487 811 ex
1540 759 1963 826 intemperantia
1987 765 2043 810 et

459 867 521 906 ex
566 851 864 922 cupiditate
909 850 1216 905 diﬂluentes
1268 852 1319 904 in
1372 860 1571 904 terram
1612 851 1794 905 cordis
1837 849 2042 916 passio-

458 955 591 992 num
644 947 938 1006 torrentes,
971 950 1028 994 ct
1067 955 1286 994 omnem
1335 941 1600 994 malarum
1645 942 2040 1009 cogitationum

458 1032 805 1100 putredinem
840 1041 1005 1098 atque
1038 1034 1254 1086 sordem
1293 1032 1344 1086 in
1387 1047 1505 1086 eam
1540 1032 1878 1097 invehentes,
1914 1046 2041 1101 per-

461 1124 682 1177 turbant
731 1133 1006 1188 mentem,
1058 1124 1392 1177 intellectum
1452 1123 1696 1189 laedant,
1754 1125 2044 1195 ingravant

456 1228 678 1280 corpus,
714 1223 769 1267 et
816 1228 988 1281 usque
1039 1213 1175 1268 adeo
1226 1215 1281 1267 in
1335 1213 1716 1283 negligentiam
1766 1215 2046 1268 tenebras-

457 1322 563 1372 que
618 1316 672 1359 et
725 1317 1018 1375 torporem
1058 1306 1296 1360 animam
1355 1314 1410 1359 et
1461 1322 1556 1360 cur
1610 1307 1931 1373 impellunt,
1983 1315 2046 1359 ut

455 1400 564 1466 jam
612 1414 720 1454 non
769 1403 1068 1454 secundum
1120 1409 1370 1454 naturam
1421 1399 1661 1454 habeant
1709 1415 1768 1455 se
1810 1413 1876 1454 ac
1918 1414 2046 1454 sen-

461 1492 614 1542 liant.

526 1579 657 1634 106.
705 1580 980 1648 Desidem,
1019 1580 1265 1650 ignavam
1309 1590 1364 1636 et
1411 1580 1757 1650 insipientem
1798 1582 1934 1636 nihil
1971 1582 2046 1638 ita

457 1674 636 1726 reddit
680 1673 1004 1727 certantium
1056 1674 1316 1736 animam,
1361 1684 1422 1728 ut
1470 1675 1552 1727 sui
1607 1689 1780 1738 amor,
1822 1675 1914 1744 qui
1964 1685 2042 1729 est

455 1779 583 1818 va-re
625 1765 942 1834 passionum
987 1763 1177 1818 fomes.
1219 1764 1356 1819 Cum
1393 1766 1536 1819 enim
1588 1766 1838 1834 corporis
1887 1769 2043 1836 quie-

456 1869 566 1911 tem
603 1857 881 1912 laboribus
919 1859 1182 1910 virtutum
1224 1857 1503 1926 praeferat,
1535 1867 1593 1913 et
1625 1873 1724 1928 pro
1758 1859 2042 1914 salutifera

455 1949 610 2017 guosi
645 1959 857 2019 reputet
889 1964 992 2003 non
1040 1949 1292 2003 laborare
1323 1965 1424 2004 nec
1461 1951 1676 2020 operari
1710 1952 1874 2016 ultro,
1910 1966 2048 2018 prae-

453 2039 645 2093 sertim
688 2040 740 2092 in
789 2039 1040 2094 facilibus
1086 2039 1403 2108 levibusque
1440 2042 1822 2094 mandatorum
1863 2043 2046 2110 operi-

456 2133 584 2198 bus,
619 2133 845 2202 proinde
899 2133 1136 2186 animam
1189 2134 1420 2187 inertem
1489 2133 1553 2186 ad
1617 2134 2044 2202 percurrendum

454 2225 791 2293 quietudinis
832 2225 1071 2280 stadium
1117 2223 1343 2279 reddere
1379 2224 1541 2290 solet,
1576 2235 1741 2294 atque
1777 2225 2043 2280 desidiam

455 2318 510 2370 in
587 2317 848 2387 cperibus
921 2332 1173 2387 magnam
1244 2319 1498 2387 producit
1571 2327 1625 2374 et
1695 2320 2046 2389 inexpugna-

454 2411 640 2464 bilem.

526 2504 653 2557 107.
691 2503 902 2557 Eximia
934 2505 1220 2574 primaque
1254 2504 1665 2574 medieina,qua
1700 2513 2037 2576 aegrotantes

453 2613 482 2649 ιι
519 2597 607 2652 via
663 2598 1049 2651 mandatorum
1103 2601 1301 2651 luteam
1333 2612 1495 2666 qualn
1534 2596 1830 2652 ebiberunt
1855 2596 2045 2667 caligi-

451 2705 578 2745 nem
631 2689 792 2745 facile
820 2699 1102 2754 evomant,
1141 2698 1229 2745 est
1251 2705 1376 2745 cum
1413 2690 1518 2744 lide
1566 2689 1622 2744 in
1673 2691 1930 2744 omnibus
1960 2689 2046 2743 in-

453 2784 711 2838 distincte
736 2784 983 2839 obedire.
1011 2782 1102 2839 Est
1135 2783 1278 2838 enim
1311 2785 1463 2851 potio
1493 2784 1693 2838 multas
1723 2783 1778 2836 in
1810 2782 2037 2837 bibenti-

451 2878 555 2932 bus
584 2877 901 2946 germinans
924 2876 1177 2940 virtutes,
1209 2884 1264 2928 et
1297 2876 1584 2931 cicatrices
1621 2875 1905 2929 vulnerum
1937 2887 2045 2928 uno

452 2969 565 3024 ictu
599 2971 904 3023 emundans
952 2967 1270 3035 scalpellum
1301 2984 1317 3024 :
1351 2981 1461 3037 quo
1506 2968 1552 3022 si
1587 2969 1711 3038 quis
1743 2968 1796 3021 in
1841 2968 1948 3021 (ide
1981 2980 2046 3021 ac

461 3059 820 3128 simplicitate
851 3060 927 3113 uti
949 3059 1084 3115 velit
1113 3071 1168 3114 et
1202 3060 1363 3126 sciat,
1389 3075 1582 3115 omnes
1615 3075 1721 3114 una
1761 3059 2046 3129 passiones

452 3151 750 3215 abscindit,
785 3165 888 3206 nec
913 3150 1092 3207 solum
1129 3151 1368 3220 quietem
1420 3152 1765 3221 adipiscitur,
1795 3152 1891 3208 sed
1929 3152 2043 3221 jam
2068 3182 2117 3247 ο

454 3257 520 3299 ea
550 3257 648 3314 per
679 3243 1047 3299 obedientiam
1076 3245 1282 3314 potitus
1312 3252 1418 3310 est,
1451 3244 1579 3314 quia
1625 3243 1910 3299 Christum
1953 3245 2046 3300 in-

451 3337 626 3405 venit,
661 3337 893 3408 ejusque
917 3335 1160 3392 imitator
1187 3345 1244 3393 et
1263 3335 1501 3393 famulus
1531 3337 1592 3392 iit
1619 3349 1684 3393 ac
1717 3337 1938 3392 dicitur.

527 3516 655 3574 £08.
689 3516 881 3574 Omnis
915 3517 970 3573 in
992 3515 1142 3574 luctu
1175 3534 1287 3574 non
1317 3532 1556 3589 operans
1585 3527 1642 3574 et
1674 3519 1888 3587 vivens,
1916 3519 2050 3575 tole-

457 3626 585 3667 rare
634 3609 828 3681 nequit
870 3610 1110 3668 calorem
1161 3611 1522 3681 quietudinis.
1565 3610 1703 3666 Nam
1769 3614 1862 3683 qui
1903 3611 2050 3683 luget

457 3715 624 3774 atque
668 3703 929 3759 terribilia
967 3704 1166 3760 mortis
1188 3703 1450 3773 praeludia
1483 3713 1539 3758 et
1563 3705 1908 3758 consectaria
1941 3719 2056 3760 me-

456 3797 688 3859 ditatur,
717 3794 1037 3866 priusquam
1076 3795 1313 3865 ipsamet
1342 3793 1662 3857 adveniant,
1684 3794 2048 3847 constantiam

460 3886 685 3942 habebit
716 3895 770 3939 et
797 3885 1185 3952 humilitatem,
1225 3900 1345 3953 qua:
1389 3892 1520 3938 sunt
1559 3885 1666 3938 duo
1699 3884 1902 3953 quietis
1929 3885 2051 3938 fun-

463 3978 749 4032 damenta.
781 3976 887 4043 Qui
938 3991 1069 4032 vero
1126 3978 1246 4032 sine
1298 3975 1384 4031 his
1415 3977 1583 4030 vitam
1625 3975 1737 4044 agit
1785 3977 2047 4043 quietam,

456 4069 792 4138 alitsemper
819 4083 942 4123 cum
991 4068 1325 4139 negligentia
1358 4066 1696 4136 superbiam,
1733 4083 1800 4120 ex
1851 4066 2050 4136 quibus

457 4161 800 4215 tentationes
832 4170 886 4214 et
913 4151 1303 4214 distractiones
1327 4157 1601 4228 pullulant
1627 4167 1680 4212 et
1701 4159 1767 4212 ad
1802 4169 2046 4227 teporem

459 4267 558 4307 nos
593 4251 905 4321 impellunt.
944 4250 1156 4305 Exinde
1193 4250 1299 4304 lilia
1327 4250 1592 4305 socordiae
1626 4251 2048 4320 intemperantia

458 4345 715 4414 ignavum
747 4344 1030 4398 etinerme
1060 4344 1240 4398 reddit
1262 4357 1484 4412 corpus,
1516 4353 1759 4398 mentem
1787 4359 1916 4398 vero
1949 4343 2051 4398 ob-

459 4435 711 4489 tencbrat
749 4443 810 4489 et
837 4434 1082 4489 indurat.
1119 4434 1270 4489 Tunc
1297 4434 1461 4489 Jesus
1498 4449 1557 4489 se
1585 4436 1895 4499 abscondit,
1922 4435 2048 4506 quia

460 4529 513 4582 in
551 4528 680 4584 sede
716 4529 920 4584 mentis
957 4527 1217 4597 squalent
1243 4527 1474 4582 turbidae
1502 4527 1889 4597 cogitationes.

534 4813 658 4868 109.
702 4812 1126 4869 Remordentem
1161 4829 1308 4869 nunc
1341 4815 1422 4870 vel
1457 4815 1508 4868 in
1547 4815 1733 4867 futuro
1757 4815 2046 4868 conscien-

459 4906 594 4958 tiam
658 4906 846 4960 sentiri
900 4906 969 4961 ab
1004 4907 1257 4961 omnibus
1293 4905 1637 4976 impossibile
1674 4913 1792 4966 est;
1827 4907 1919 4961 sed
1962 4907 2047 4962 his

467 5007 681 5051 tantum
709 4999 930 5067 proprie
953 4999 1004 5052 id
1035 5000 1536 5070 contingit,quibus
1563 4998 1734 5070 gloria
1771 5009 1866 5053 aut
1893 5014 2048 5054 amor

460 5089 616 5145 deest
677 5089 762 5144 vel
817 5087 1072 5145 defutura
1128 5100 1234 5147 est.
1267 5090 1404 5147 Nam
1459 5091 1551 5146 illa
1594 5103 1679 5148 est
1707 5092 1863 5162 quasi
1892 5092 2047 5148 dirus

459 5181 636 5237 hostis
683 5191 873 5238 sontes
927 5183 1311 5255 multipliciter
1362 5185 1619 5254 puniens,
1668 5194 1726 5240 et
1781 5195 2046 5257 tyrannus

459 5276 679 5332 videtur
704 5279 986 5333 stimulum
1013 5288 1072 5333 et
1122 5279 1476 5348 exprobrium
1508 5287 1566 5331 ut
1593 5277 1833 5346 gladium
1876 5278 2048 5334 infrao

459 5368 622 5442 gllem
680 5385 901 5441 semper
945 5371 1271 5440 evaginans.
1339 5369 1670 5426 Stimulante
1724 5371 1894 5439 igitur
1943 5387 2046 5427 nos

460 5461 820 5528 conscientia,
867 5461 1129 5517 debemus
1160 5460 1469 5532 tripliciter,
1505 5476 1700 5531 nempe
1727 5471 1920 5516 contra
1945 5463 2046 5517 ad-

459 5552 738 5607 versarios
807 5560 1173 5623 naturamque
1236 5561 1291 5607 et
1345 5551 1607 5617 animam,
1643 5566 1865 5608 movere
1915 5552 2048 5608 illud

463 5642 609 5706 quod
642 5643 793 5700 zelus
822 5652 1075 5713 vocatur,
1107 5654 1162 5700 et
1191 5644 1270 5700 ira
1304 5645 1570 5699 naturalis
1593 5644 1793 5700 dicitur
1809 5647 1876 5701 ab
1901 5646 2044 5712 aliis,

464 5734 558 5799 qui
590 5735 734 5791 hanc
773 5737 938 5807 gladii
971 5739 1145 5794 instar
1187 5739 1332 5793 acuti
1377 5739 1641 5793 adversus
1685 5739 1874 5794 hostes
1917 5755 2046 5794 exe-

469 5837 593 5882 rcre
613 5844 710 5884 nos
737 5829 952 5900 jubeut.
985 5829 1052 5884 Et
1082 5833 1303 5901 quidem
1338 5831 1382 5888 si
1431 5832 1619 5889 vicerit
1643 5841 1696 5890 et
1725 5833 2040 5890 dualitatem

2148 581 2248 650 τῆς
2297 579 2526 650 ἡσυχίας
2575 581 2900 651 πλημμυροῖ
2944 581 3042 652 τὴν
3096 581 3275 653 ψυχὴν
3314 583 3587 649 θάλασσα,
3620 588 3720 639 οὐκ

2147 669 2296 722 ἔστιν
2326 669 2502 733 ἄλλως
2548 671 2808 741 περάσαι,
2846 673 2895 724 εί
2926 673 3002 742 μὴ
3033 677 3090 726 ὲν
3128 672 3206 744 τῷ
3235 673 3405 748 πλοίῳ
3432 676 3510 748 τῷ
3537 677 3720 750 κούφῳ

2149 763 2244 814 καὶ
2286 761 2508 832 ἐλαφρῷ
2554 763 2652 832 τῆς
2699 764 3059 835 περιεηικῆς
3092 765 3357 836 ἀκτησίας
3395 770 3487 822 καὶ
3521 769 3718 841 ἐγκρα-

2147 853 2322 917 τείας.
2378 855 2474 908 Ἐκ
2503 855 2612 926 γὰρ
2662 854 2765 925 τῆς
2795 855 3068 926 ἀκρασίας
3099 856 3194 908 καὶ
3223 857 3498 925 φιλοῡλίας
3534 862 3582 913 οἱ
3616 860 3720 914 τῶν

2149 947 2340 1000 παθῶν
2371 947 2664 1020 χείμαῤῥοι
2694 949 2795 1017 τὴν
2836 947 2942 1017 γῆν
2970 947 3068 1016 τῆς
3115 950 3340 1018 καρδίας
3364 952 3722 1019 περικλύσαν-

2146 1056 2259 1102 τες,
2289 1041 2380 1094 καὶ
2418 1041 2602 1094 πᾶσαν
2635 1041 2877 1111 σαπρίαν
2904 1042 3000 1094 καὶ
3029 1041 3167 1111 ὓλην
3196 1040 3473 1114 λογισμῶν
3502 1045 3558 1097 ἐν
3587 1044 3718 1114 αὐτῇ

2149 1133 2578 1200 καταγαγόντες,
2630 1133 2751 1186 τότε
2793 1133 3058 1203 σύγχυσιν
3110 1137 3208 1206 μὲν
3245 1135 3323 1206 τῷ
3355 1136 3456 1202 νοῖ,
3503 1137 3722 1191 θόλωσιν

2117 1221 2204 1274 .δέ
2235 1225 2300 1294 τῇ
2337 1223 2571 1294 διανοίᾳ,
2613 1223 2780 1294 βάρος
2817 1223 2874 1276 δὲ
2907 1223 2987 1294 τῷ
3027 1224 3239 1294 σώματι
3273 1227 3598 1296 ἐμποιοῦσι·
3630 1227 3723 1282 καὶ

2149 1314 2450 1382 ὀλίγωρον,
2479 1315 2574 1366 καὶ
2609 1316 2895 1385 σκοτεινὴν
2917 1355 2931 1378 ,
2965 1317 3060 1369 καὶ
3104 1317 3392 1388 ναρκῶσαν
3425 1319 3522 1389 τὴν
3549 1319 3722 1390 ψυχὴν

2149 1407 2243 1460 καὶ
2273 1407 2371 1475 τὴν
2403 1408 2630 1476 καρδίαν
2663 1407 3088 1478 ἀπεργάζονται,
3111 1409 3205 1464 καὶ
3233 1413 3332 1481 τῆς
3352 1412 3551 1476 οἰκείας
3581 1415 3718 1468 κατά

2147 1498 2308 1568 φύσιν
2336 1499 2506 1564 ἕξεως
2532 1500 2627 1552 καὶ
2660 1499 2964 1568 αἰσθήσεως
2993 1501 3367 1556 ἐκϐάλλουσιν.

2223 1589 2332 1662 ρςῖ
2366 1593 2612 1661 Χαύνην,
2641 1592 2735 1645 καὶ
2761 1591 3030 1661 ὀλίγωρον
3049 1632 3065 1658 ,
3093 1595 3190 1647 καὶ
3229 1595 3389 1648 ἄνουν
3413 1595 3510 1666 οὐχ
3533 1595 3717 1662 οὕτως,

2144 1680 2220 1744 ὡς
2277 1683 2310 1754 ἠ
2353 1682 2612 1753 φιλαυτία
2660 1683 2893 1752 κυρίως,
2918 1684 2952 1754 ἡ
3003 1682 3112 1738 τῶν
3163 1683 3352 1738 παθῶν
3405 1687 3596 1754 τροφὸς
3627 1685 3719 1758 τὴν

2147 1776 2324 1846 ψυχὴν
2361 1775 2469 1829 τῶν
2495 1776 2800 1829 σπουδαίων
2839 1777 3080 1856 ἐμποιεῖ.
3122 1775 3316 1829 Ἡνίκα
3355 1779 3462 1848 γάρ
3497 1779 3594 1841 τὰς
3629 1776 3719 1831 τοῦ

2151 1868 2403 1938 σώματος
2432 1868 2770 1931 ἀναπαύσεις
2803 1867 2915 1921 τῶν
2953 1867 3095 1938 ὑπὲρ
3140 1870 3342 1942 ἀρετῆς
3375 1871 3556 1925 πόνων
3593 1887 3721 1941 προ-

2146 1961 2306 2032 τιμᾷ,
2367 1961 2462 2013 καὶ
2522 1960 2954 2031 περιποιητικὴν
3004 1963 3224 2030 ἡγεῖται
3268 1962 3466 2030 γνῶσιν
3518 1963 3578 2016 τὸ
3648 1963 3722 2034 μὴ

2149 2056 2334 2106 πονεῖν
2365 2054 2423 2105 ἐν
2460 2055 2566 2116 τοῖς
2597 2051 2779 2122 ἔργοις
2805 2053 3089 2121 ἑκουσίως,
3130 2053 3364 2122 μάλιστα
3394 2055 3453 2107 ἐν
3476 2055 3718 2124 εὐχερέσι

2145 2143 2256 2198 τῶν
2302 2143 2530 2196 ἐντολῶν
2565 2145 2785 2214 μικροῖς
2829 2143 3040 2215 ἱδρῶτι,
3082 2144 3203 2197 τότε
3229 2145 3445 2198 ἀτονίαν
3477 2148 3541 2217 τῇ
3578 2147 3713 2218 ψυχῇ

2150 2235 2288 2307 πρὸς
2333 2237 2394 2288 τδ
2429 2236 2528 2306 τῆς
2585 2235 2820 2305 ἡσυχίας
2871 2226 3086 2288 στάδιον
3119 2237 3292 2289 ποιεῖν
3337 2239 3585 2305 πέφυκε,
3628 2237 3717 2290 καὶ

2147 2329 2250 2398 τὴν
2282 2328 2498 2380 ἔκλυσιν
2527 2329 2584 2380 ἐν
2617 2329 2732 2391 τοῖς
2781 2327 2966 2398 ἔργοις
3005 2326 3277 2395 κραταιὰν
3315 2327 3411 2381 καὶ
3441 2328 3716 2399 ἁκαταμά-

2151 2438 2221 2492 χη
2233 2437 2319 2473 τον
2357 2417 2754 2490 ἀπεργάζεται.

2228 2511 2331 2584 ρξ’.
2379 2512 2588 2582 Ἰατρὸς
2614 2511 2836 2581 ἄριστος
2858 2509 2951 2563 καὶ
2977 2509 3192 2580 πρῶτος
3219 2510 3328 2573 τοῖς
3358 2509 3490 2580 πρὸς
3517 2510 3612 2574 τὰς
3640 2513 3722 2564 ἐν-

2147 2606 2310 2670 τολὰς
2339 2603 2650 2669 ἀσθενοῦσι,
2683 2603 2780 2656 καὶ
2804 2603 2902 2673 τὴν
2929 2600 3132 2672 θολώδη
3159 2601 3422 2654 σκότωσιν
3451 2603 3721 2673 ἑλομένοις

2149 2699 2303 2768 ἐμεῖν
2317 2695 2580 2765 εὐχερῶς,
2599 2696 2701 2747 οὐκ
2715 2695 2885 2758 ἐστιν,
2899 2692 3024 2762 ὠςή
3047 2692 3359 2762 ἀδιάκριτος
3372 2693 3466 2746 καὶ
3481 2694 3615 2763 μετὰ
3634 2693 3721 2746 πί-

2150 2806 2322 2851 στεως
2355 2771 2412 2842 ἐν
2434 2789 2598 2840 πᾶσιν
2625 2786 2866 2855 ὑπακοή.
2899 2784 3196 2856 Φάρμακον
3224 2783 3331 2854 γάρ
3359 2785 3474 2836 ἐστι
3499 2785 3720 2848 ζωτικὸν

2149 2880 2547 2934 πολυσύνθετον
2576 2878 2788 2948 ἀρετῶν
2815 2879 2930 2941 τοῖς
2955 2877 3192 2940 πίνουσι,
3232 2876 3326 2930 καὶ
3357 2877 3594 2947 μάχαιρα
3626 2877 3720 2940 τάς

2147 2974 2311 3036 οὐλὰς
2344 2972 2454 3026 τῶν
2484 2971 2818 3040 τραυμάτων
2849 2969 2942 3039 ἀφ’
2976 2969 3093 3032 ἐνὸς
3133 2968 3532 3040 ἐκκαθαίρουσα
3554 2985 3567 2998 ·
3599 2967 3666 3038 ἣν
3693 2968 3722 3021 ὀ

2151 3068 2210 3119 ἐν
2241 3065 2427 3120 πίστει
2473 3062 2569 3118 καὶ
2605 3061 2870 3131 ἁπλότητι
2906 3060 3206 3131 προκρίνας
3249 3059 3436 3113 πασῶν
3464 3061 3717 3130 ἐνεργεῖν,

2149 3157 2327 3211 πάντα
2367 3155 2438 3210 τὰ
2471 3154 2619 3226 πάθη
2661 3153 2752 3223 ὑφ’
2791 3152 2850 3206 ἐν
2897 3150 3230 3222 περιέκοψε·
3272 3151 3366 3204 καὶ
3405 3150 3627 3221 ἡσυχίαν
3658 3149 3720 3203 οῦ

2148 3250 2360 3320 φθάσας
2382 3249 2562 3320 μόνον,
2591 3247 2707 3301 ἀλλ’
2737 3247 2838 3318 ἤδη
2862 3245 2959 3300 καὶ
2985 3245 3074 3298 διὰ
3093 3243 3195 3314 τῆς
3225 3243 3469 3314 ὑπακοῆς
3501 3241 3715 3312 κατώρα

2147 3343 2322 3396 θωσεν
2366 3339 2536 3412 αὐτὴν
2590 3337 2826 3410 Χριστὸν
2877 3335 3088 3407 εὑρὼν,
3135 3334 3234 3388 καὶ
3281 3335 3522 3405 μιμητὴς
3557 3332 3720 3388 αὑτοῦ

2147 3435 2244 3488 καὶ
2272 3432 2458 3496 δοῦλος
2477 3472 2494 3498 ,
2531 3432 2626 3485 καὶ
2658 3431 2972 3500 γενόμενος,
3006 3428 3104 3482 καὶ
3133 3427 3446 3496 λεγόμενος.

2221 3534 2326 3599 ρη’.
2373 3527 2538 3580 Ἀνευ
2621 3522 2888 3594 πενθικῆς
2959 3520 3222 3593 ἐργασίας
3282 3523 3378 3574 καὶ
3455 3516 3723 3581 πολιτείας

2145 3622 2409 3676 ἀδύνατον
2453 3622 2545 3674 τὸν
2580 3619 2683 3689 τῆς
2728 3615 2961 3689 ἡσυχίας
3014 3615 3274 3669 καύσωνα
3314 3614 3616 3684 ὑπομεῖναι.
3659 3610 3718 3664 '0

2149 3715 2248 3785 μὲν
2297 3713 2409 3783 γὰρ
2465 3711 2713 3777 πενθῶν,
2761 3711 2856 3763 καὶ
2909 3709 2977 3764 τὰ
3025 3707 3132 3779 πρὸ
3182 3707 3279 3761 τοῦ
3337 3706 3564 3761 θανάτου
3625 3705 3720 3758 καὶ

2148 3805 2290 3875 μετά
2327 3804 2558 3859 θάνατον
2605 3801 2756 3855 δεινά
2816 3799 3076 3871 μελετῶν,
3132 3799 3263 3867 πρὶν
3309 3797 3342 3868 ἢ
3385 3798 3476 3866 ἀφ’
3513 3795 3719 3850 ἑαυτῶν

2143 3895 2366 3967 ἥξουσι,
2395 3895 2488 3948 καὶ
2536 3891 2815 3964 ὑπομονὴν
2853 3891 2964 3958 ἐξει
3005 3889 3102 3943 καὶ
3128 3889 3478 3953 ταπείνωσιν,
3510 3887 3576 3941 τὰ
3606 3886 3716 3940 δύω

2144 3987 2244 4057 τῆς
2272 3985 2501 4056 ἡσυχίας
2547 3983 2800 4053 θεμέλια.
2851 3983 2912 4036 '0
2949 3981 3006 4034 δὲ
3048 3982 3213 4052 χωρὶς
3245 3979 3355 4034 τῶν
3386 3976 3715 4050 προειρημέ-

2144 4095 2250 4132 νων
2276 4080 2506 4148 ἡσυχίαν
2529 4077 2699 4144 ἄγων,
2732 4076 3030 4145 σύντροφον
3055 4073 3167 4143 ἔχει
3198 4071 3288 4126 ἀεὶ
3311 4072 3408 4141 τῆς
3433 4069 3718 4139 ὀλιγωρίας

2144 4172 2244 4242 τὴν
2305 4172 2523 4242 οἴησιν·
2585 4169 2646 4235 ἐξ
2697 4163 2773 4223 ὧν
2838 4165 3210 4238 αἰχμαλωσίαι
3265 4164 3360 4217 καὶ
3413 4161 3718 4234 ῥεμϐασμοὶ

2145 4263 2546 4334 πληθύνονται,
2598 4261 2691 4314 καὶ
2741 4260 2879 4332 πρὸς
2925 4258 3025 4328 τὴν
3076 4257 3347 4327 χαύνωσιν
3397 4251 3716 4310 συνωθοῦσιν

2145 4357 2317 4425 ἡμᾶς.
2361 4353 2644 4407 Ἐντεῦθεν
2674 4354 2708 4421 ἡ
2741 4354 2843 4422 τῆς
2885 4349 3155 4424 ῥᾳθυμίας
3184 4349 3429 4418 θυγάτηρ
3482 4345 3714 4416 ἀκρασία

2145 4447 2342 4515 χαῦνον
2379 4445 2480 4516 μὲν
2513 4446 2608 4498 καὶ
2656 4445 2844 4500 ἄτονον
2891 4443 2954 4495 τὸ
2999 4441 3156 4512 σῶμα
3200 4441 3438 4510 ἐμποιεῖ,
3478 4437 3566 4490 τὸν
3594 4435 3715 4488 νοῦν

2074 4535 2203 4594 De:
2235 4536 2621 4607 ἐσκοτισμένον
2663 4535 2758 4588 καὶ
2790 4532 3203 4604 πεπωρωμένον
3243 4529 3554 4601 ἐργάζεται.
3587 4527 3714 4579 Τότε

2147 4628 2202 4683 δὲ
2233 4630 2330 4682 καὶ
2371 4628 2584 4696 Ἰησοῦς
2629 4625 2837 4698 ἐκρύϐη
2860 4665 2875 4692 ,
2923 4624 3082 4694 ὄχλου
3111 4623 3264 4686 ὄντος
3311 4619 3594 4692 νοημάτων
3626 4615 3716 4670 καὶ

2147 4721 2424 4790 λογισμῶν
2453 4721 2509 4772 ἐν
2542 4719 2619 4790 τῷ
2655 4721 2797 4772 κατὰ
2822 4718 3064 4772 διάνοιαν
3098 4715 3270 4785 τόπῳ.

2217 4813 2316 4886 ρθ’.
2353 4813 2722 4884 Συνειδήσεως
2754 4811 2987 4880 βάσανον
3014 4811 3111 4875 τῆς
3143 4807 3268 4870 νῦν,
3303 4805 3338 4875 ἢ
3365 4801 3463 4874 τῆς
3496 4795 3712 4870 μελλού-

2145 4923 2266 4979 σης,
2311 4910 2369 4960 ὲν
2390 4907 2639 4978 αἰσθήσει
2688 4903 3024 4973 γεύσασθαι,
3067 4903 3181 4962 τοῖς
3229 4900 3394 4953 πᾶσιν
3430 4893 3703 4948 ἀδύνατον.

2143 5002 2342 5065 Μόνοις
2370 5000 2480 5070 γὰρ
2509 4998 2738 5062 ἐκείνοις
2787 4995 2969 5058 ἰδικῶς
3000 4993 3376 5065 προσγίνεται,
3414 4983 3498 5050 οἷς
3525 4988 3557 5057 ἡ
3585 4982 3707 5047 δόξα

2142 5097 2238 5149 καὶ
2287 5093 2322 5162 ἡ
2376 5093 2566 5160 ἀγάπη
2609 5088 2706 5142 ἀπ’
2753 5087 3006 5141 ἐντεῦθεν
3044 5085 3077 5156 ἢ
3143 5081 3354 5136 ἐκεῖθεν
3390 5079 3709 5148 ὑπερείται.

2155 5188 2244 5253 Ὠς
2273 5186 2386 5258 γὰρ
2430 5183 2626 5256 δήμιός
2650 5181 2735 5245 τίς
2783 5183 2902 5236 ἐστι
2940 5178 3170 5248 φοϐερὸς
3215 5177 3342 5239 τοὺς
3386 5170 3711 5230 ὑπευθύνους

2135 5289 2490 5359 πολυτρόπως
2521 5278 2786 5341 κολάζων,
2831 5276 2926 5327 καὶ
2962 5273 3056 5326 τὸν
3092 5267 3314 5341 ζῆλονῆ
3351 5265 3590 5335 ἔλεγχον,

2137 5355 2415 5456 ῥομφαίαν
2453 5376 2659 5444 ἄτομον
2695 5365 3038 5440 τυραννικῶς
3079 5360 3412 5456 ἀπογυμνῶν
3453 5359 3543 5416 ἀεὶ
3578 5355 3701 5456 φαί-

2134 5450 2305 5531 νεται.
2339 5467 2557 5543 Τριχῶς
2587 5463 2682 5520 οὖν
2711 5461 2980 5518 κινεῖσθαι
3009 5457 3146 5530 πρός
3173 5473 3231 5510 τε
3260 5454 3387 5518 τοὺς
3410 5450 3702 5512 ἐναντίους,

2135 5567 2232 5622 καὶ
2263 5564 2364 5637 τὴν
2397 5559 2581 5632 φύσιν,
2616 5557 2712 5610 καὶ
2739 5554 2841 5626 τὴν
2870 5550 3081 5622 ψυχὴν,
3112 5545 3357 5616 δοθείσης
3387 5545 3486 5612 τῆς
3535 5557 3708 5594 συνει-

2135 5663 2364 5732 δήσεως,
2409 5656 2438 5708 ὀ
2483 5650 2822 5721 καλούμενος
2857 5646 3040 5715 ζῆλος,
3088 5641 3184 5696 καὶ
3212 5640 3341 5710 παρ’
3372 5637 3574 5732 ἑτέροις
3607 5651 3710 5732 φυ-

2141 5723 2291 5813 σίκδς
2329 5746 2501 5818 θυμός
2523 5760 2538 5775 ο
2587 5742 2648 5796 ὃν
2681 5741 2757 5804 ὡς
2809 5735 3085 5810 ῥομφαίαν
3120 5731 3390 5801 ἀπότομον
3421 5725 3554 5818 πρὸς
3584 5723 3707 5818 τοῦς

2140 5840 2371 5914 ἐχθροὺς
2402 5812 2631 5903 *ὀξύνειν
2690 5831 2838 5903 ἡμᾶς
2883 5824 3306 5896 προστάσσουσι.
3351 5816 3460 5873 Καὶ
3509 5815 3560 5870 εἰ
3614 5812 3708 5885 μὲν
