4020 6480
2711 356 2739 372 δ

381 399 516 467 1277
1426 410 1699 480 CAPITA
1741 420 1896 480 PER
1938 417 2587 497 ACROSTICHIDEM.
3485 419 3623 484 1978

371 527 623 598 νικήσας,
649 524 906 590 ὑποτάξαι
931 522 997 576 τὰ
1019 522 1130 577 δύω
1159 521 1237 592 τῷ
1267 521 1368 586 ἐνὶ,
1397 521 1521 592 ὄρος
1544 521 1795 592 ἀνδρείας
1822 521 1944 575 τότε

2050 530 2243 584 unitati
2298 529 2773 601 subjecerit,tunc
2797 529 3136 586 fortitudinis
3185 531 3394 602 apicem
3427 534 3621 603 adepta

377 616 841 690 μεταποιούμενος
877 617 1014 686 πρὸς
1045 616 1177 669 Θεὸν
1209 614 1441 681 γίνεται.
1493 616 1554 667 Εί
1604 615 1662 668 δὲ
1699 616 1944 687 ὑποταγῇ

2051 623 2368 678 conscendit
2407 624 2471 678 ad
2495 623 2662 677 Deum
2685 625 2886 677 anima.
2907 623 2963 677 Si
2997 639 3125 678 vero
3151 625 3406 678 dualitati
3439 627 3618 679 anima

367 712 490 772 ταῖς
515 709 668 762 δυσὶν
696 710 730 779 ἡ
762 707 931 778 ψυχὴ,
957 707 1225 778 ἁμαρτία,
1263 708 1426 778 φημὶ.
1453 707 1548 760 καὶ
1583 707 1766 776 σαρκὶ,
1793 707 1945 768 τέλος

2051 715 2390 783 subjiciatur,
2451 727 2674 783 peccato
2735 715 2995 769 videlicet
3059 726 3222 784 atque
3278 717 3450 776 carni,
3490 717 3617 772 inde

369 803 580 857 ἐκεῖθεν
613 803 845 872 βάσανος
887 801 1025 870 αὐτῇ
1055 799 1274 867 ἀνιλεὴς
1315 800 1675 860 καθίσταται,
1714 797 1789 861 ὼς
1823 798 1945 850 δου-

2051 807 2410 876 consequitur
2441 806 2544 875 ipsi
2579 814 2910 860 tormentum
2942 806 3175 871 immite,
3201 807 3274 859 ita
3326 815 3384 860 ut
3413 809 3625 876 rediga-

369 893 607 968 λωθείσῃ
643 893 955 964 αὐθαιρέτῳ
982 889 1177 964 γνώμῃ
1201 893 1314 953 τοῖς
1343 893 1628 954 ἐναντίοις.
1664 889 1946 944 Ἐντεῦθεν

2053 905 2138 950 tur
2168 897 2269 949 sub
2301 897 2458 966 plena
2509 897 2856 950 inimicorum
2891 905 3178 965 potestate.
3213 896 3364 951 Unde
3417 899 3622 966 turpis-

369 987 686 1055 πράττουσα
719 984 788 1036 τὰ
821 985 1092 1053 αἴσχιστα,
1125 983 1220 1036 καὶ
1260 983 1336 1046 ὡς
1371 983 1469 1054 τὴν
1498 983 1557 1047 ἐξ
1597 982 1808 1053 ἀρετῶν
1845 999 1947 1037 κα-

2051 989 2184 1041 sima
2218 998 2560 1057 perpetratis,
2593 998 2645 1040 et
2698 988 2956 1060 dignitate
3005 989 3298 1045 virtutibus
3344 991 3620 1058 acquisita

367 1077 632 1130 τάστασιν
664 1076 978 1130 ἀπολέσασα
1003 1117 1017 1141 ,
1069 1074 1416 1140 ὲκπέπτωκε,
1449 1075 1544 1127 τοῦ
1593 1075 1728 1128 Θεοῦ
1777 1092 1945 1146 χωρι-

1169 1074 1416 1140 ;έπτωκε,
1449 1075 1544 1127 τοῦ
1593 1075 1728 1128 Θεοῦ
1777 1092 1945 1146 χωρι-
2051 1081 2330 1144 excideris,
2370 1080 2481 1133 Deo
2505 1080 2756 1134 orbatur.

372 1167 580 1225 σθεῖσα.

443 1256 532 1326 ρι’.
570 1257 786 1327 Κυρίως
818 1259 1034 1310 πάντων
1081 1257 1192 1309 τῶν
1219 1257 1406 1309 παθῶν
1446 1257 1555 1310 δύω
1589 1257 1696 1309 εἰσὶ
1737 1257 1948 1327 σκληρὰ

2123 1257 2244 1310 110.
2280 1259 2415 1312 Ante
2455 1253 2966 1325 omnes'passiones
3005 1261 3122 1311 dure
3157 1267 3280 1312 sunt
3315 1258 3620 1313 durissima:

370 1349 465 1401 καὶ
497 1348 773 1417 βαρύτατα
820 1351 1004 1417 πάθη,
1048 1348 1270 1418 πορνεία
1311 1351 1404 1402 καὶ
1456 1349 1672 1416 ἀκηδία,
1715 1350 1782 1400 τὰ
1825 1367 1948 1400 συν-

2050 1357 2104 1401 et
2159 1349 2852 1416 profundissimm,luxuria
2902 1350 3113 1403 scilicet
3151 1357 3204 1401 et
3254 1350 3465 1409 aredia,
3501 1366 3620 1418 qua:

369 1439 560 1505 έχοντα
597 1442 688 1490 καὶ
714 1439 974 1491 ἐκλύοντα
1006 1442 1108 1508 τὴν
1143 1441 1487 1509 ταλαίπωρον
1525 1441 1730 1510 ψυχήν·
1759 1441 1944 1511 κοινήν

2051 1441 2301 1492 miseram
2369 1441 2653 1493 involvunt
2705 1454 2769 1494 ac
2832 1440 3136 1494 dissolvunt
3165 1441 3438 1501 animam,
3497 1457 3614 1494 mu-

367 1529 727 1597 ἀλληλουχίαν
769 1529 960 1597 ἔχοντα
988 1529 1082 1580 καὶ
1138 1528 1399 1596 συζυγίαν
1427 1529 1672 1598 ἀλλήλοις
1695 1547 1709 1560 ·
1741 1529 1941 1581 δυσκα-

2051 1536 2312 1597 tuamque
2348 1531 2488 1583 inter
2525 1546 2583 1583 se
2613 1530 2814 1583 habent
2857 1529 3252 1584 connexionem
3293 1539 3347 1584 et
3379 1532 3618 1584 necessi-

365 1621 659 1689 ταμάχητα
691 1621 823 1706 ὄντος
857 1622 950 1671 καὶ
986 1623 1251 1690 άήττητα,
1289 1623 1381 1674 καὶ
1409 1622 1628 1683 τελείως
1663 1623 1753 1688 ὑφ’
1785 1622 1941 1692 ἡμῶν

2051 1622 2317 1684 tudinem,
2351 1636 2449 1675 nec
2485 1622 2713 1690 pugnari
2749 1622 3067 1688 superarive
3103 1630 3198 1673 aut
3229 1622 3434 1674 devinci
3467 1637 3494 1674 a
3525 1635 3621 1674 no-

365 1711 618 1778 ἀνίκητα.
659 1711 765 1763 Καὶ
789 1713 848 1762 τὸ
881 1713 978 1779 μὲν
1036 1711 1317 1774 πλεονάζει
1343 1713 1400 1763 ὲν
1429 1711 1507 1781 τῷ
1534 1710 1934 1780 ἐπιθυμητικῷ,

2052 1711 2134 1765 bis
2162 1711 2436 1780 ullatenus
2464 1721 2710 1778 possunt.
2743 1711 2903 1765 Prior
2956 1713 3176 1780 quidem
3218 1712 3458 1766 abundat
3484 1713 3534 1764 in
3568 1713 3620 1767 vi

366 1803 612 1870 περιέχει
647 1801 703 1852 δὲ
736 1801 834 1870 τὴν
878 1801 1009 1871 ὓλην
1039 1801 1201 1868 φύσει
1230 1802 1549 1871 ἀδιορίστως
1586 1803 1933 1871 ἀμφοτέρων,

2049 1801 2483 1871 concupiscibili,
2513 1809 2568 1855 et
2619 1811 2785 1856 totam
2835 1802 3220 1870 complectitur
3262 1803 3618 1857 substantiam

363 1859 758 1958 λέγωψυχῆς
791 1859 907 1941 ¹καὶ
963 1859 1214 1958 σώματος
1235 1928 1249 1950 ,
1310 1859 1764 1958 συγκεκραμένην
1803 1859 1938 1956 ’ἔχον

2047 1896 2332 1963 utriusque
2368 1895 2820 1957 naturae,'animae
2851 1894 3060 1948 scilicet
3093 1904 3254 1963 atque
3288 1897 3492 1959 carnis,
3527 1905 3608 1948 to-

365 1982 494 2052 ὃλην
537 1984 594 2033 ἐν
625 1981 767 2044 ὅλοις
808 1981 993 2050 μέλεσι
1020 1981 1115 2050 τὴν
1145 1981 1335 2048 ἡδονὴν
1370 1981 1541 2049 αὐτῆς
1562 1999 1575 2011 ο
1611 1983 1644 2050 ἡ
1677 1981 1764 2043 δὲ,
1800 1980 1934 2033 ἄνων

2045 1997 2153 2041 tam
2207 1987 2434 2057 singulis
2475 1989 2674 2055 passim
2725 1988 2985 2041 membris
3019 2004 3171 2041 suam
3208 1989 3495 2041 insinuans
3526 2003 3618 2040 vo-

365 2073 455 2125 θεν
494 2072 554 2124 τὸ
595 2073 926 2141 ἡγεμονικὸν
979 2071 1281 2141 κρατοῦσα,
1314 2071 1441 2140 ὅλην
1496 2072 1674 2140 ψυχὴν
1705 2071 1798 2123 καὶ
1843 2071 1945 2140 τὴν

2043 2078 2304 2147 luptatem
2338 2095 2352 2146 ;
2387 2081 2655 2148 posterior
2700 2095 2828 2133 vero
2880 2081 3224 2146 superiorem
3275 2078 3614 2132 rationalem-

364 2162 540 2230 σάρκα
589 2162 842 2231 καθάπερ
899 2163 1100 2232 σμίλαξ
1137 2163 1233 2231 ὅλη
1280 2163 1784 2232 περιλαμϐάνουσα,
1839 2180 1942 2214 νω-

2040 2187 2145 2241 que
2181 2183 2387 2240 partem
2444 2171 2753 2232 dominans,
2787 2181 2843 2224 et
2897 2179 3063 2224 totam
3097 2181 3207 2224 tata
3256 2169 3491 2222 animam
3555 2175 3617 2221 et

365 2253 533 2323 θρὰν,
583 2255 676 2306 καὶ
733 2254 1136 2322 ἐκλελυμένην,
1194 2255 1287 2307 καὶ
1345 2255 1581 2323 πάρετον
1631 2254 1730 2323 τὴν
1780 2252 1940 2322 φύσιν

2039 2277 2257 2318 carnem
2297 2266 2448 2330 quasi
2501 2261 2699 2316 hedera
2741 2261 3144 2330 circumligatus,
3187 2250 3418 2328 pigram,
3465 2260 3611 2312 desi-

362 2347 527 2397 ποιεῖ.
577 2345 963 2413 Ἐκϐἐϐληνται
1003 2344 1091 2406 δὲ,
1149 2345 1246 2396 καὶ
1296 2345 1358 2396 οὑ
1409 2343 1630 2405 τελείως
1669 2344 1940 2413 ἡττῶνται

2039 2355 2159 2408 dem
2197 2370 2258 2407 ac
2282 2353 2598 2408 dissolutam
2629 2353 2806 2408 reddit
2834 2353 3095 2406 animam.
3128 2353 3498 2406 Removentur
3525 2365 3615 2405 au-

364 2434 470 2500 πρὸ
500 2434 599 2501 τῆς
643 2437 918 2501 μακαρίας
949 2433 1238 2498 ἀπαθείας,
1278 2433 1482 2486 ὁπόταν
1511 2435 1544 2502 ἡ
1577 2433 1747 2502 ψυχὴ,
1776 2433 1942 2484 Πνεύ-

2041 2455 2150 2499 tem
2183 2444 2296 2510 illa,
2327 2459 2640 2514 quanquam
2687 2458 2797 2498 non
2849 2444 3070 2497 omnino
3116 2451 3446 2509 superantur
3483 2450 3609 2494 ante

365 2539 537 2594 ματος
594 2525 750 2591 ἁγίου
810 2524 1062 2592 εἰληφυῖα
1105 2524 1332 2592 δύναμιν
1378 2526 1437 2575 ὲν
1484 2526 1798 2592 προσευχῇ,
1840 2522 1940 2594 τὴν

2041 2537 2249 2590 beatam
2282 2535 2795 2602 impassibilitatem,
2844 2536 3060 2603 quando
3111 2535 3317 2595 anima,
3359 2548 3423 2586 ex
3475 2547 3602 2586 ora-

363 2613 624 2668 ποιοῦσαν
658 2616 840 2669 ἄνεσιν
872 2619 1010 2687 αὐτῇ
1045 2617 1138 2668 καὶ
1189 2617 1341 2686 ἰσχὺν
1389 2617 1482 2670 καὶ
1524 2617 1746 2685 βαθεῖαν
1785 2617 1939 2686 είρή-

2039 2629 2186 2682 tione
2209 2636 2499 2682 consecuta
2531 2626 2766 2692 Spiritus
2800 2625 2972 2679 sancti
3009 2624 3287 2684 virtutem.
3317 2638 3387 2676 ex
3438 2637 3613 2690 eaque

360 2723 460 2775 νην
503 2709 560 2759 ὲν
606 2709 803 2778 καρδίᾳ
827 2709 912 2762 διὰ
959 2710 1056 2777 τῆς
1089 2709 1324 2779 ἡσυχίας
1369 2710 1742 2779 εὐφραίνεται.
1789 2707 1935 2778 Αὕτη

2037 2724 2228 2789 adepta
2291 2720 2534 2787 requiem
2573 2718 3056 2785 fortitudinemque
3085 2726 3139 2769 et
3173 2713 3492 2783 profundam
3527 2727 3612 2781 ραν

360 2799 566 2868 ὲστὶνή
603 2800 766 2868 ἀρχὴ,
818 2800 910 2852 καὶ
953 2799 1182 2868 βασιλὶς,
1221 2799 1313 2852 καὶ
1345 2799 1530 2869 κυρία,
1567 2799 1660 2852 καί⁵
1711 2801 1744 2868 ἡ
1789 2815 1939 2869 περι·

2037 2827 2175 2876 cem,
2214 2813 2270 2866 in
2302 2812 2481 2865 cordis
2528 2809 2844 2880 quietudine
2873 2809 3106 2861 laetatur.
3141 2806 3284 2872 Dux,
3319 2814 3373 2859 ct
3400 2803 3613 2873 regina,

361 2890 554 2960 εκτικὴ
571 2891 678 2942 τῶν
698 2891 900 2960 ἡδονῶν
935 2893 1118 2962 ἡδονὴ,
1145 2894 1238 2944 καὶ
1263 2895 1296 2960 ἡ
1324 2892 1618 2961 σύντροφος
1647 2891 1816 2960 αὐτῆς
1837 2893 1938 2962 ρᾳ-

2036 2913 2089 2956 et
2121 2905 2359 2965 domina,
2392 2911 2446 2954 et
2506 2913 2678 2956 mater
2727 2901 3064 2968 voluptatum
3117 2897 3206 2952 illa
3263 2895 3502 2958 lnmria,
3559 2905 3613 2948 et

363 2983 533 3050 θυμία
575 2984 606 3050 ἡ
655 2985 778 3045 τοὺς
811 2986 1110 3052 τριστάτας
1140 2983 1232 3036 τοῦ
1270 2983 1471 3052 Φαραὼ
1517 2984 1852 3053 ἐπιφέρουσα
1874 2983 1934 3036 τὸ

2037 3009 2222 3050 comes
2251 2995 2372 3062 ejus
2417 2993 2656 3063 pigritia,
2689 2992 2777 3046 hic
2803 2999 2888 3044 est
2938 3003 3136 3044 currus
3177 2983 3609 3056 inexpugnabilis

359 3077 784 3145 ἀκαταμάχητον
814 3075 967 3144 ἅρμα
987 3092 1002 3108 ο
1035 3075 1100 3128 δι’
1137 3069 1212 3128 ῶν
1248 3077 1301 3127 αί
1337 3077 1582 3145 ἀφορμαὶ
1603 3077 1712 3128 τῶν
1743 3075 1935 3128 παθῶν

2039 3082 2246 3136 vehens
2272 3081 2575 3135 Pharaonis
2604 3079 2771 3134 duces
2807 3095 2822 3135 :
2857 3093 2957 3147 per
2983 3077 3104 3132 illas
3130 3076 3275 3139 enim
3303 3074 3614 3145 passionqu

358 3165 435 3236 τῷ
469 3166 569 3236 βίῳ
597 3168 710 3227 τοῖς
739 3164 941 3230 ἀθλίοις
971 3167 1103 3236 ἡμῖν
1129 3166 1472 3236 ἐπεισῆλθον.

1963 3196 2009 3257 c
2039 3173 2282 3242 impetus
2321 3173 2492 3227 vitam
2526 3179 2772 3227 nostram
2801 3169 3162 3224 miserrimam
3195 3167 3433 3222 irruunt.

433 3257 558 3328 ρια’.
603 3259 768 3330 Ἀρχὴ
805 3261 904 3329 τῆς
945 3260 1138 3329 νοερᾶς
1185 3261 1530 3330 προσευχῆς,
1567 3262 1600 3331 ἡ
1647 3260 1928 3328 ἐνέργεια,

2111 3264 2235 3319 111.
2267 3264 2463 3320 Trahit
2499 3264 2766 3334 originem
2816 3262 3072 3318 mentalis
3115 3260 3294 3316 oratio
3323 3260 3393 3314 ab
3419 3273 3616 3330 opera-

357 3351 458 3406 σῖτ’
489 3351 584 3404 οῦν
615 3353 646 3422 ή
679 3352 983 3424 καθαρτικὴ
1023 3353 1117 3404 τοῦ
1149 3352 1469 3423 Πνεύματος
1490 3353 1741 3422 δύναμις,
1774 3353 1869 3405 καὶ
1894 3354 1929 3422 ἡ

2041 3357 2187 3412 tione
2213 3371 2307 3411 seu
2339 3357 2544 3410 virtute
2589 3353 2879 3424 purgativa
2921 3350 3182 3421 Spiritus,
3215 3359 3271 3405 et
3313 3365 3344 3404 a
3387 3351 3615 3421 mystico

362 3446 598 3517 μυστικὴ
628 3445 720 3499 τοῦ
747 3446 863 3508 νοὸς
904 3445 1182 3515 ἱερουργία
1211 3461 1224 3474 ·
1266 3445 1456 3513 ὥσπερ
1488 3444 1630 3515 ἀρχὴ
1668 3444 1768 3512 τῆς
1799 3445 1932 3512 ἡσυ-

2037 3448 2236 3501 mentis
2277 3445 2546 3500 sacriﬁcio
2575 3461 2588 3498 :
2614 3445 2758 3498 sicut
2785 3443 3112 3511 principium
3155 3441 3489 3510 quietudinis
3519 3449 3608 3495 est

357 3540 502 3609 χίας,
546 3541 580 3609 ἡ
617 3537 778 3608 σχολή
804 3553 817 3566 '
868 3537 1102 3606 μεσότης
1127 3536 1183 3588 δὲ
1207 3576 1224 3601 ,
1257 3538 1290 3605 ή
1334 3537 1635 3605 φωτιστικὴ
1701 3537 1931 3604 δύναμις

2035 3537 2203 3591 animi
2249 3535 2581 3591 recollectio.
2615 3533 2850 3588 Medium
2891 3542 3072 3586 autem
3109 3532 3256 3587 illius
3300 3542 3384 3586 est
3423 3533 3596 3586 virtus

357 3632 453 3684 καὶ
490 3628 725 3699 θεωρία·
761 3629 857 3681 καὶ
909 3626 1083 3691 τέλος,
1129 3628 1162 3696 ἡ
1211 3626 1466 3690 ἔκστασις
1497 3626 1590 3678 καὶ
1634 3627 1667 3697 ή
1705 3627 1930 3696 ἁρπαγὴ

2034 3623 2387 3679 illuminativa
2418 3631 2474 3678 et
2503 3621 2934 3691 contemplatio;
2970 3619 3097 3676 ﬁnis
3140 3621 3359 3674 demum
3395 3630 3479 3674 est
3506 3633 3600 3674 ex-

351 3721 446 3776 τοῦ
475 3722 591 3784 νοὸς
621 3721 758 3790 πρὸς
795 3720 949 3773 Θεόν.

2033 3728 2223 3768 cessus
2253 3721 2310 3768 et
2347 3722 2532 3782 raptus
2565 3712 2767 3768 mentis
2797 3711 2864 3766 ad
2899 3712 3087 3766 Deum.

424 3796 552 3883 ριβ¹ξ
602 3812 890 3882 Ἰερατεῖον
941 3808 1310 3880 πνευματικόν
1347 3809 1464 3862 ἐστι
1507 3810 1612 3879 πρὸ
1659 3809 1760 3878 τῆς
1802 3807 1929 3879 μελ-

2108 3805 2236 3860 112.
2263 3803 2618 3874 lntelligibile
2659 3803 3036 3858 sanctuarium
3067 3813 3174 3868 est,
3198 3811 3322 3857 ante
3355 3799 3612 3855 inintelli-

351 3903 549 3974 λούσης
606 3904 746 3975 ὑπὲρ
791 3903 916 3956 νοῦν
965 3902 1351 3966 ἀπολαύσεως,
1410 3901 1446 3971 ἡ
1481 3903 1643 3971 νοερά
1675 3901 1770 3953 τοῦ
1807 3902 1928 3965 νοὸς

2032 3896 2252 3967 gibilem
2284 3895 2522 3950 futuram
2582 3895 2998 3962 beatitudinem,
3031 3893 3334 3961 spiritualis
3365 3894 3612 3961 Operatio

350 3997 625 4067 ἐνέργεια,
673 3997 766 4048 τὸν
835 3995 1035 4064 Ἀμνὺν
1076 3995 1352 4064 μυστικῶς
1403 3995 1460 4046 ἐν
1503 3994 1784 4064 ἀρῤαϐὦνι
1829 3993 1924 4046 τοῦ

2033 3989 2254 4053 mentis,
2290 3989 2504 4056 Agnum
2540 3987 2832 4058 mysticum
2862 3987 2914 4042 in
2963 3987 3058 4040 Dei
3099 3985 3305 4054 Spiritu
3347 4000 3510 4053 super
3532 3985 3611 4038 al-

349 4089 486 4141 Θεοῦ
513 4091 570 4140 ὲν
594 4086 670 4156 τῷ
704 4086 802 4155 τῆς
835 4087 1014 4156 ψυχῆς
1044 4087 1417 4156 θυσιαστηρίῳ
1448 4086 1541 4139 καὶ
1585 4085 1927 4155 ίερουργοῦν-

2033 4082 2137 4136 tari
2199 4081 2396 4135 auium
2448 4079 2811 4135 sacriﬁcantis
2870 4086 2925 4132 ct
2957 4076 3358 4148 participantis.
3390 4075 3612 4131 Mandu-

347 4196 438 4242 τος
478 4179 573 4230 καὶ
628 4179 966 4247 μετέχοντος.
1022 4177 1250 4228 Ἐσθίειν
1303 4177 1360 4228 δέ
1401 4177 1518 4230 ἐστι
1570 4177 1661 4229 τὸν
1727 4175 1925 4246 ’Λμνὸν

2031 4187 2158 4229 care
2184 4181 2364 4227 autem
2398 4184 2596 4240 agnum
2630 4170 2722 4223 Dei
2764 4169 3124 4239 Spiritualiter
3155 4169 3206 4220 in
3237 4166 3434 4220 anima:
3466 4166 3606 4219 alta-

346 4272 441 4324 τοῦ
492 4271 624 4322 Θεοῦ
661 4273 718 4323 έν
755 4269 832 4340 τῷ
863 4269 1034 4340 νοερῷ
1078 4269 1446 4339 θυσιαστηρίῳ
1474 4269 1576 4338 τῆς
1622 4269 1834 4339 ψυχῆς,
1861 4271 1922 4322 ού

2032 4267 2102 4329 ri,
2143 4281 2246 4320 non
2289 4273 2374 4318 est
2418 4264 2567 4316 illum
2626 4263 2936 4331 intelligere
2975 4270 3070 4314 aut
3113 4259 3441 4329 participare
3484 4267 3605 4311 tan-

347 4364 412 4417 τὸ
441 4364 654 4432 νοῆσαι,
684 4363 716 4434 ἢ
751 4366 1043 4434 μετασχεῖν
1078 4362 1260 4432 μόνον,
1293 4362 1428 4413 ἀλλὰ
1461 4364 1554 4414 καὶ
1578 4363 1636 4414 τὸ
1667 4361 1923 4430 γενέσθαι

2034 4365 2170 4420 tum,
2211 4355 2303 4410 sed
2347 4354 2397 4409 ei
2440 4353 2676 4408 similem
2717 4351 2886 4407 forma
2924 4351 3038 4406 ﬁeri
3076 4351 3128 4404 in
3163 4350 3347 4404 futuro
3374 4351 3595 4405 smculo.

345 4455 420 4518 ῶς
465 4457 556 4507 τὸν
609 4455 804 4524 ’Λμνὸν
834 4455 972 4507 κατὰ
1005 4453 1102 4524 τὴν
1145 4453 1426 4522 μόρφωσιν
1455 4455 1513 4505 ὲν
1541 4453 1618 4522 τῷ
1652 4454 1918 4521 μέλλοντι.

2034 4451 2167 4504 Nam
2196 4449 2284 4504 hic
2318 4449 2537 4518 quidem
2569 4448 2824 4510 rationes,
2849 4448 2943 4502 sed
2981 4447 3092 4501 illic
3141 4459 3229 4500 res
3279 4446 3429 4515 ipsas
3493 4459 3612 4519 my-

345 4545 485 4608 Τοὺς
513 4546 612 4615 μὲν
639 4547 748 4616 γὰρ
767 4546 956 4614 λόγους
1008 4545 1242 4598 ἐνταῦθα
1267 4587 1280 4611 ,
1313 4545 1381 4598 τά
1400 4545 1457 4597 δὲ
1484 4548 1787 4616 πράγματα
1816 4545 1923 4598 τῶν

1642 4563 1787 4616 ματα
1816 4545 1923 4598 τῶν
1959 4541 2007 4598 D
2032 4543 2324 4598 steriorum
2351 4554 2451 4595 nos
2472 4539 2905 4608 apprehensuros
2928 4552 3229 4605 speramus.

348 4637 660 4708 μυστηρίων
693 4640 867 4689 ἐκεῖσε
902 4637 1196 4691 ἀπολαϐεῖν
1234 4637 1545 4705 ἐλπίζομεν.

419 4737 543 4798 ριγ’.
580 4731 858 4800 Προσευχή
886 4731 1022 4793 ἐστι,
1058 4730 1208 4798 παρὰ
1241 4729 1339 4798 μὲν
1369 4731 1479 4790 τοῖς
1511 4727 1812 4798 ἀρχαρίοις,
1843 4727 1920 4789 ὼς

2105 4715 2240 4769 115.
2271 4713 2458 4770 Oratio
2510 4723 2594 4770 est
2638 4714 3024 4784 incipientibus
3047 4715 3188 4766 velut
3227 4711 3366 4781 ignis
3410 4710 3613 4765 laetitiae

343 4822 456 4892 πῦρ
498 4819 834 4889 εὐφροσύνης
884 4821 992 4872 ἀπὸ
1037 4821 1260 4890 καρδίας
1307 4821 1727 4890 ἀναδιδόμενον⁸
1770 4820 1919 4890 παρὰ

2032 4806 2098 4859 de
2131 4806 2296 4860 corde
2327 4808 2588 4869 emicans,
2619 4803 2876 4872 perfectis
2901 4817 3028 4856 vero
3063 4801 3216 4869 quasi
3246 4801 3338 4854 lux
3367 4814 3593 4854 suavem

342 4912 400 4965 δὲ
429 4914 539 4974 τοῖς
580 4910 842 4976 τελείοις,
888 4909 964 4972 ὡς
1000 4911 1116 4978 φῶς
1169 4911 1462 4974 εὐωδιάζον
1502 4911 1916 4980 ἐνεργούμενον.

2031 4898 2270 4953 fundens
2300 4900 2548 4953 odorem.
2585 4895 2677 4951 Vel
2716 4897 2895 4950 adhuc
2917 4895 3098 4948 oratio
3115 4903 3198 4948 est
3229 4891 3609 4960 Apostolorum

347 5004 419 5056 Ἦ
473 5003 667 5056 πάλιν·
707 5003 987 5073 προσευχὴ
1038 5003 1184 5054 ἐστιν
1255 5002 1569 5055 ἀποστόλων
1617 5003 1916 5074 κήρυγμαο

2033 4990 2363 5060 praedicatio.
2399 4988 2524 5043 ﬁdei
2566 4987 2828 5057 operatio,
2864 5000 2961 5041 seu
2991 4986 3174 5056 potius
3240 4983 3376 5038 ﬁdes
3400 4983 3608 5074 "imme-

339 5096 578 5157 πίστεως
609 5069 861 5166 ἐνέργεια
881 5109 897 5124 °
922 5069 1136 5164 μάλλον
1161 5093 1239 5159 δὲ,
1279 5094 1463 5157 πίστις
1499 5069 1706 5166 ἀμεσος
1723 5110 1737 5126 ο
1763 5069 1917 5148 ἐλπι-

2033 5081 2200 5140 diata.
2231 5078 2621 5148 speraudarum
2654 5075 2964 5131 substantia
2993 5090 3203 5141 rerum,
3240 5072 3483 5127 charitas
3501 5069 3609 5124 for-

338 5186 584 5258 ζομένων
610 5165 908 5252 ὑπόστασις
926 5203 942 5220 ο
973 5187 1339 5260 ἐνεργουμένη
1374 5165 1565 5259 ἀγάπη
1590 5203 1606 5220 ·
1649 5187 1916 5258 ἀγγελικὴ

2033 5181 2200 5238 mata,
2227 5178 2405 5226 motus
2448 5169 2756 5239 angelicus,
2789 5167 3211 5237 iucorporalium
3250 5165 3442 5228 virtus,
3473 5176 3607 5230 Opus

343 5257 561 5344 κίνησις
585 5287 600 5303 '
634 5271 863 5339 δύναμις
900 5257 1242 5337 ἀσωμάτωνο
1293 5257 1453 5338 ἔργον
1491 5257 1582 5322 καὶ
1611 5257 1919 5342 εὐφροσύνη

2031 5273 2089 5318 et
2134 5263 2416 5334 gaudium,
2442 5259 2804 5331 Evangelium
2853 5259 2972 5326 Dei,
3013 5259 3208 5314 ﬁducia
3241 5257 3443 5320 cordis,
3475 5271 3602 5324 spes

346 5362 529 5418 αὐτῶν
555 5376 569 5392 ·
627 5359 962 5429 Εὐαγγέλιον
1025 5357 1199 5412 Θεοῦ·
1255 5358 1602 5428 πληροφορία
1651 5361 1880 5432 καρδίας
1905 5378 1920 5392 ·

2031 5356 2245 5421 salutis,
2302 5353 2558 5424 puritatis
2613 5354 2850 5424 signum,
2906 5351 3212 5423 symbolum
3271 5347 3604 5413 sanctitatis,

351 5455 628 5526 σωτηρίας
663 5453 819 5517 ἐλπίς
838 5469 855 5484 ο
881 5449 1148 5521 ἁγνισμοῦ
1179 5454 1406 5522 σημεῖον
1471 5451 1756 5523 ἁγιότητος
1785 5453 1928 5524 σύμ-

2031 5447 2127 5503 Dei
2158 5444 2422 5514 cognitio,
2453 5445 2738 5500 character
2761 5441 3124 5515 baptismatis,
3151 5439 3424 5514 lavacrqu
3448 5452 3602 5492 mun-

354 5549 542 5602 ϐολον·
593 5547 728 5601 Θεοῦ
767 5545 1098 5614 ἐπίγνωσιςο
1152 5544 1531 5614 βαπτίσματος
1581 5546 1924 5616 φανέρωσιςο

2031 5542 2204 5606 dans;
2253 5538 2448 5610 pignus
2494 5535 2733 5609 Spiritus
2794 5535 2995 5600 sancti,
3044 5531 3248 5589 Christi
3277 5529 3601 5596 exsultatio,

356 5636 583 5710 λουτροῦ
623 5636 924 5707 κάθαρσιςο
972 5633 1290 5705 Πνεύματος
1336 5635 1493 5703 ἁγίου
1533 5634 1832 5706 ἀρραϐών·
1870 5636 1932 5689 τὸ

2033 5634 2216 5691 latitia
2237 5635 2456 5699 animae,
2481 5633 2573 5688 Dei
2603 5629 2999 5696 misericordia,
3029 5629 3244 5697 signum
3275 5622 3601 5681 reconcilia-

359 5731 452 5785 τοῦ
526 5728 694 5800 Ἰησοῦ
749 5727 1063 5797 ἀγαλλίαμα
1089 5744 1104 5758 ο
1160 5726 1471 5798 εὐφροσύνη
1519 5727 1728 5799 ψυχῆςο
1784 5728 1934 5792 ἔλεος

2035 5729 2221 5797 tionis,
2253 5727 2493 5796 sigillum
2532 5725 2758 5791 Christi,
2788 5723 2970 5778 radius
3001 5723 3132 5778 solis
3162 5718 3488 5790 spiritualis,
3514 5715 3601 5769 Iu-

361 5818 497 5872 Θεοῦ
524 5836 534 5846 ·
565 5818 908 5886 καταλλαγῆς
936 5820 1158 5884 σημεῖον
1182 5833 1192 5847 '
1220 5817 1455 5887 Χριστοῦ
1487 5818 1747 5889 σφραγίςο
1778 5819 1933 5884 ἀκτὶς

2032 5820 2168 5877 cifer
2222 5817 2492 5886 cordium,
2550 5815 2964 5872 fundamentum
3019 5809 3441 5878 Cbristianismi,
3505 5806 3600 5864 Dei
