4020 6490
515 401 651 469 1279

516 612 703 680 potius
730 612 900 679 ipsius
944 612 1227 682 sapientia:
1280 613 1635 683 principium,
1666 614 1760 669 Dei
1816 617 2103 683 revelatio,

518 704 913 757 monachorum
965 719 1122 771 opus,
1149 705 1462 775 quieturum
1517 714 1720 771 status,
1770 707 2104 776 quietudinis

515 791 660 858 fons,
696 795 823 847 vitae
861 794 1121 862 angelime
1150 794 1391 864 signum.
1424 795 1565 861 Quid
1602 795 1840 865 amplius
1881 797 2106 852 dicam?

513 888 691 939 oratio
743 895 825 941 est
861 886 978 955 ipse
1024 887 1170 942 Deus
1206 903 1443 958 operans
1481 890 1668 944 omnia
1713 890 1766 943 in
1821 892 2100 956 omnibus,

511 978 637 1046 quia
666 993 769 1032 una
798 990 884 1033 est
916 979 1114 1046 Patris,
1155 989 1211 1036 et
1240 979 1394 1045 Filii,
1420 992 1473 1034 et
1510 982 1745 1048 Spiritus
1775 984 1950 1038 sancti
1976 1000 2107 1051 0pc—

513 1070 681 1136 ratio,
709 1070 895 1126 omnia
929 1076 1166 1140 operans
1203 1072 1256 1127 in
1284 1070 1510 1129 Christo
1538 1070 1696 1129 Jesu.

587 1338 715 1393 lli.
752 1338 868 1394 Nisi
905 1340 1111 1408 virgam
1144 1340 1365 1395 virtutis
1393 1339 1611 1412 Moyses
1642 1356 1672 1395 a
1705 1343 1813 1397 Deo
1850 1345 2099 1412 accepis-

513 1441 616 1495 set,
646 1447 754 1486 non
783 1433 958 1487 factus
992 1431 1186 1487 fuisset
1207 1430 1356 1488 Deus
1375 1433 1683 1491 Pharaonis
1716 1437 1785 1491 ad
1818 1453 1942 1493 eum
1974 1455 2099 1495 cum
2121 1438 2136 1451 ’

516 1521 755 1595 Egypto
783 1527 1221 1593 percutiendum.
1256 1530 1333 1587 lta
1376 1543 1560 1594 mens,
1597 1527 1700 1582 nisi
1753 1528 1955 1584 virtute
1982 1545 2107 1584 ora-

514 1616 684 1671 tionis
726 1619 951 1687 pnlleat,
993 1632 1282 1690 peccatum
1327 1632 1383 1680 et
1404 1621 1756 1680 adversarias
1802 1630 2104 1692 potestates

514 1718 803 1767 conterere
832 1714 1044 1782 nequit.
1206 1720 1215 1729 '

526 1812 535 1819 '
587 1803 711 1860 “5.
748 1804 808 1859 Ei
838 1776 1148 1874 quidicunt
1184 1808 1462 1865 faciuntve
1498 1809 1703 1879 aliquid
1738 1776 2104 1865 siue'humili-

1730 411 2120 474 GREGORII
2162 415 2496 475 ΒΙΝΑΙΤίΕ

501 518 860 575 ~recouciliati
896 519 1183 587 indieimn,
1218 522 1312 577 Dei
1346 522 1548 592 gratia,
1574 521 1666 577 Dei
1695 524 1992 593 sapientia.
2016 525 2103 579 vel

2205 525 2396 593 νοητοῦ
2454 529 2645 596 ἡλίου·
2697 531 2974 604 ἑωσφόρος
3033 554 3139 604 καρ

3628 427 3747 492 Ῑίὶόσ

3108 539 3267 609 ρόιῶν
3291 559 3305 575 ’
3344 546 3737 626 Χριστιανισμοῦ

2206 614 2499 683 βεϐαίωσις
2522 632 2534 645 ·
2566 620 2915 691 καταλλαγῆς
2943 624 3078 678 Θεοῦ
3108 629 3338 700 δήλωσις
3357 651 3373 664 ο
3396 614 3564 705 ήχάρις
3589 614 3736 697 Θεοῦ·

2205 707 2368 803 σοφία
2398 709 2556 763 Θεοῦ·
2599 711 2801 780 μᾶλλον
2845 714 2902 767 δὲ
2940 717 3266 788 αὐτοσοφίας
3299 725 3439 796 ἀρχή
3461 744 3475 759 ·
3507 729 3629 784 Θεοῦ
3653 750 3737 803 φαο

2204 799 2438 869 νέρωσις
2467 818 2478 832 '
2500 804 2782 871 μοναστῶν
2803 806 2966 876 ἔργον
2990 825 3003 840 ·
3033 812 3410 883 ἡσυχαζόντων
3435 799 3707 895 πολίτευμα
3726 846 3737 860 ·

2206 891 2435 987 lii—mixta;
2490 895 2759 967 ἀφορμή·
2806 900 3101 972 ἀγγελικῆς
3140 906 3416 974 πολιτείας
3457 891 3737 987 τεκμήριον.

2204 982 2319 1038 Καὶ
2345 985 2398 1037 τί
2441 986 2522 1039 δεῖ
2556 987 2785 1042 πλεῖστα
2813 990 2989 1059 λέγειν
3016 1010 3031 1058 ;
3064 995 3347 1070 Προσευχί1
3372 1002 3519 1057 ἐστιν
3600 982 3738 1071 δεδς,

2206 1075 2233 1164 ό
2279 1075 2521 1145 ἐνεργῶν
2557 1078 2626 1131 τὰ
2675 1081 2855 1136 πάντα
2906 1083 2965 1134 ὲν
3006 1086 3180 1150 πᾶσι,
3230 1087 3318 1143 διὰ
3367 1093 3430 1146 τὸ
3465 1096 3588 1164 μίαν
3628 1093 3740 1154 εἶναι

2205 1162 2442 1235 Πατρὸς,
2474 1168 2568 1219 καὶ
2605 1168 2769 1235 Υίοῦ,
2819 1174 2912 1225 καὶ
2943 1174 3099 1239 ἁγίου
3136 1162 3580 1255 Πνεύματοςήτὴν
3621 1190 3740 1259 ἐνέρ-

2205 1273 2380 1324 γειαν,
2414 1258 2509 1311 τοῦ
2542 1261 2893 1330 ἐνεργοῦντος
2923 1266 2993 1318 τὰ
3030 1268 3207 1322 πάντα
3233 1272 3290 1324 ὲν
3322 1275 3538 1347 Χριστῷ
3578 1281 3740 1349 Ἰησοῦ.

2276 1346 2396 1418 ριδ¹.
2443 1350 2664 1405 Ῥάϐδον
2690 1356 2972 1424 δυνάμεως
3022 1363 3072 1412 εὶ
3107 1364 3181 1431 μὴ
3211 1366 3453 1437 Μωῦσῆς
3474 1372 3615 1440 παρὰ
3633 1346 3741 1424 οεοῦ

2206 1438 2440 1509 εἰλήφει,
2499 1442 2601 1494 οὐκ
2634 1444 2702 1497 ἂν
2734 1444 2867 1511 Θεὸς
2910 1449 3111 1519 Φαραὼ
3160 1453 3472 1525 γενόμενος,
3510 1438 3658 1512 αὖτόν
3696 1478 3742 1513 τε

2207 1531 2444 1603 μαστίζῃ
2487 1535 2581 1586 καὶ
2617 1535 2716 1604 τὴν
2750 1538 3046 1605 Αἴγυπτον.
3090 1543 3199 1597 Καὶ
3242 1544 3365 1608 νοῦς
3399 1548 3451 1600 εί
3515 1550 3585 1620 μὴ
3611 1551 3745 1604 δύνει

2209 1635 2300 1739 μὶν
2333 1623 2893 1739 119006;)XﬁiéVL1619‘1
2922 1627 3205 1699 μετάσχοι,
3242 1631 3347 1739 ,τὶν
3383 1634 3647 1703 ἁμαρτίαν
3671 1636 3740 1688 καὶ

2203 1710 2304 1774 τὰς
2334 1713 2586 1777 ἐναντίας
2610 1715 2874 1787 δυνάμεις
2898 1720 3190 1791 συντρίψαι
3215 1710 3496 1782 ἀδιῗνατον.

2278 1809 2395 1872 ριεθ.
2430 1806 2495 1858 Οἱ
2533 1806 2808 1874 λέγοντες,
2842 1810 2877 1880 ἢ
2920 1812 3251 1881 πράττοντές
3290 1833 3343 1869 τι
3390 1818 3555 1887 χωρὶς
3585 1836 3745 1872 ταπει-

516 1898 649 1957 tale,
676 1906 803 1948 sunt
837 1896 986 1951 velut
1017 1897 1070 1951 in
1106 1897 1287 1954 hieme
1328 1906 1422 1954 aut
1455 1900 1576 1955 sine
1604 1901 1721 1956 luto
1751 1900 2105 1955 :etliﬁcantes.

2206 1893 2443 1960 νώσεως,
2487 1898 2732 1953 ἐοίκασιν
2779 1903 2839 1955 ὲν
2882 1902 3134 1972 χειμῶνι,
3185 1906 3218 1976 ἦ
3254 1907 3385 1961 ἄνευ
3434 1909 3598 1979 πηλοῦ
3624 1913 3743 1964 οἱκοο

512 1982 667 2048 Illam
721 1994 916 2039 autem
950 1989 1288 2056 experientia
1356 1999 1412 2043 et
1475 1990 1706 2044 scientia
1760 1989 2109 2055 invenireae

516 2093 875 2146 cognoscere,
911 2081 1370 2148 paucissimorum
1410 2091 1516 2137 est.
1558 2082 1696 2137 Nam
1730 2082 1823 2152 qui
1855 2096 2110 2137 sermone

514 2173 585 2225 de
633 2185 698 2225 ea
755 2171 1058 2254 disserunt,
1092 2173 1305 2229 similes
1356 2183 1486 2229 sunt
1537 2175 1898 2231 metientibus
1943 2175 2108 2263 abys-

514 2274 662 2313 sum.
703 2257 815 2315 Nos
870 2276 1000 2315 vero
1032 2262 1232 2331 quibus
1262 2262 1555 2318 admodum
1588 2264 1754 2319 caecis
1779 2279 1947 2334 parva
1988 2257 2107 2317 nia-

512 2367 634 2423 gnte
674 2352 813 2410 lueis
850 2352 1056 2409 all‘ulsit
1106 2355 1364 2420 scintilla,
1401 2356 1632 2412 dicimus
1660 2372 1675 2414 :
1708 2356 1846 2412 Vera
1892 2356 2109 2411 humili-

519 2454 627 2510 tas,
668 2460 771 2501 nec
828 2446 1057 2501 humilia
1105 2447 1259 2511 dicit,
1294 2463 1400 2504 nec
1448 2449 1708 2504 humilem
1749 2449 1912 2504 habet
1951 2449 2108 2504 habi-

515 2549 653 2605 tum,
687 2554 788 2595 nec
822 2540 1056 2596 humiles
1106 2540 1331 2596 allectat
1367 2556 1591 2606 sensus,
1620 2555 1723 2597 nec
1756 2543 1998 2610 seipsum
2034 2540 2109 2594 vi-

516 2640 738 2700 tuperat
768 2632 1013 2687 humilis.
1044 2632 1152 2688 Ista
1181 2634 1404 2702 quidem
1436 2643 1565 2688 sunt
1585 2633 1761 2699 initia,
1788 2641 1845 2687 et
1870 2633 2108 2702 species,

512 2734 565 2779 et
596 2726 734 2780 varii
763 2728 906 2780 modi
936 2726 1307 2792 humilitatis;
1336 2726 1433 2782 sed
1467 2728 1583 2798 ipsa
1609 2734 1697 2781 est
1725 2725 1898 2795 gratia
1929 2732 1986 2780 et
2016 2724 2110 2780 (lo-

516 2832 646 2872 num
682 2817 802 2873 Dei.
845 2817 1016 2873 Porro
1049 2818 1252 2888 duplex
1281 2827 1386 2885 est,
1438 2818 1593 2889 juxta
1634 2817 1851 2883 Patres,
1884 2815 2111 2871 humili-

516 2920 602 2964 tas
638 2928 654 2968 :
687 2912 898 2967 scilicet
935 2928 996 2969 se
1028 2912 1358 2981 posthabere
1406 2912 1685 2978 omnibus,
1741 2920 1793 2966 et
1828 2910 2109 2967 ascribere

519 3003 632 3057 Deo
663 3019 760 3056 sua
791 3003 958 3057 bona.
994 3002 1126 3057 Illud
1153 3013 1238 3057 est
1261 3002 1626 3067 initium,hoc
1652 3011 1836 3058 autem
1870 3012 1956 3058 est
1987 3017 2112 3072 per-

518 3097 683 3151 fectio
717 3094 1067 3152 humilitatis.
1131 3093 1284 3150 Hanc
1332 3104 1512 3151 autem
1544 3095 1639 3165 qui
1686 3096 1884 3164 quaerit
1925 3108 2095 3165 agno-

523 3202 684 3242 scere
712 3195 765 3241 et
800 3198 1057 3256 reputare
1084 3186 1186 3241 tria
1211 3187 1327 3241 haec
1359 3185 1415 3240 in
1449 3185 1631 3255 seipse
1648 3186 1810 3240 debet
1840 3203 1856 3241 :
1887 3200 1948 3242 se
1983 3199 2107 3241 esse

520 3282 692 3354 magis
723 3297 896 3351 quam
919 3296 1112 3337 omnes
1154 3292 1499 3352 peceatorem
1525 3295 1543 3347 ;
1573 3288 1629 3334 et
1653 3281 1869 3335 cunctis
1902 3277 2107 3349 turpio-

523 3374 641 3432 rem
689 3375 983 3440 creaturis,
1013 3385 1286 3442 quatenus
1338 3383 1426 3430 est
1475 3382 1664 3429 contra
1727 3382 2016 3438 naturam;
2058 3383 2112 3426 et

523 3470 980 3527 miserabiliorem
1026 3468 1385 3531 daemonibus,
1422 3475 1612 3534 utpote
1650 3466 1960 3522 daemonum
1995 3481 2114 3520 ser-

522 3580 672 3618 vum.
709 3563 803 3618 Sic
833 3564 998 3631 igitur
1040 3561 1189 3631 loqui
1236 3559 1398 3615 debet
1432 3574 1447 3615 :
1482 3558 1670 3630 Egone
1724 3559 1944 3629 penitus
1994 3559 2111 3614 scio

520 3665 742 3727 peccata
780 3653 1065 3709 hominum
1098 3662 1231 3723 quot
1258 3661 1315 3706 et
1343 3661 1547 3722 quanta
1570 3651 1700 3717 sint,
1730 3666 1800 3705 an
1836 3651 2109 3707 excedant

526 3751 609 3804 vel
665 3758 882 3818 atqncut
912 3760 1063 3801 meas
1107 3746 1277 3816 ipsius
1317 3742 1838 3814 iniquitates?Nam
1888 3755 2112 3814 propter

521 3842 823 3912 ignaviam,
859 3856 892 3894 ο
924 3839 1126 3905 anima,
1151 3852 1343 3892 sumus
1387 3835 1528 3891 infra
1562 3846 1791 3891 cunctos
1834 3837 2106 3903 homines,

478 3936 481 3937 ⁷
522 3921 788 4004 tanquam
843 3940 1012 3997 terra,
1046 3941 1099 3985 et
1128 3929 1292 3995 cinis,
1322 3936 1376 3982 et
1431 3927 1730 3983 scahellum
1779 3930 1976 3997 pedum
2012 3941 2108 3982 eo-

519 4043 667 4084 rum.
709 4027 996 4094 Quomodo
1037 4039 1145 4079 uon
1191 4038 1278 4078 me
1314 4018 1544 4077 habeam
1573 4021 1816 4075 viliorem
1852 4021 2111 4076 omnibus

525 4120 822 4186 creaturis,
856 4133 976 4189 quae
995 4126 1124 4174 sunt
1150 4116 1450 4172 secundum
1479 4124 1731 4169 naturam
1766 4121 1921 4183 prout
1952 4111 2110 4168 facta}

515 4224 665 4282 sunt,
694 4230 796 4285 ego
825 4229 955 4268 vero
989 4222 1223 4283 propter
1254 4212 1571 4267 innumeras
1613 4207 1936 4277 iniquitates
1984 4221 2107 4263 sum

514 4319 708 4363 contra
733 4314 982 4360 naturam
1013 4301 1197 4358 ἳνα-ο
1244 4302 1388 4356 enim
1412 4299 1658 4371 iumenta
1676 4308 1731 4356 et
1754 4315 1949 4371 pecora
1979 4305 2109 4354 sunt

517 4399 736 4467 puriora
775 4412 862 4452 me
893 4407 1209 4466 peccatore,
1241 4394 1474 4462 ideoque
1505 4392 1761 4448 onmibus
1789 4393 1950 4449 vilior
1993 4392 2107 4446 fac-

520 4503 614 4546 tus
645 4504 791 4557 sum,
839 4488 931 4558 qui
960 4490 1102 4557 apud
1126 4486 1360 4541 inferum
1392 4485 1476 4541 vel
1503 4494 1628 4540 ante
1659 4495 1890 4541 mortem
1926 4480 2103 4539 decidi

520 4593 577 4638 et
602 4583 784 4654 jaceo.
811 4580 945 4647 Quis
974 4596 1084 4635 non
1130 4580 1237 4634 scit.
1264 4594 1329 4633 ac
1360 4578 1525 4633 sentit
1560 4579 1800 4648 pejorem
1836 4575 2100 4632 daemoni-
2129 4591 2182 4652 ι)

516 4679 618 4730 bus
672 4692 792 4730 esse
839 4686 1210 4744 peccaturcm,
1234 4688 1358 4725 cum
1398 4673 1471 4726 sit
1521 4686 1712 4725 eorum
1772 4668 2013 4724 famulus
2051 4678 2105 4724 et

516 4769 871 4838 mancipium,
905 4776 961 4821 et
996 4768 1108 4837 jam
1145 4780 1294 4820 nunc
1327 4780 1452 4820 eum
1498 4766 1581 4820 eis
1614 4762 1933 4817 intenebris
1975 4776 2105 4817 eon-

515 4862 743 4915 clusus?
774 4860 912 4915 Vere
944 4860 1097 4929 pejor
1128 4873 1189 4914 es
1221 4859 1584 4922 daemonibus,
1608 4856 1701 4925 qui
1728 4856 1810 4910 eis
1847 4855 2100 4922 inservis,

527 4955 768 5022 ideoque
815 4966 939 5008 cum
990 4952 1070 5006 eis
1120 4952 1375 5021 abyssum
1409 4953 1640 5005 sortitus
1669 4963 1749 5016 es,
1779 4963 1813 5003 ο
1862 4949 2108 5003 miserri-

513 5045 638 5101 me!
675 5045 926 5107 Terram,
958 5055 1010 5097 et
1040 5043 1342 5111 infernum,
1381 5053 1435 5099 et
1467 5042 1718 5114 abyssum
1742 5045 1928 5096 'etiam
1979 5053 2104 5098 ante

520 5149 750 5192 mortem
780 5136 1058 5202 habitans,
1090 5137 1366 5206 quomodo
1407 5146 1457 5189 te
1482 5135 1689 5205 justum
1723 5135 2102 5203 mentiris,qui

513 5238 861 5297 peccatorem
912 5236 965 5279 et
1015 5225 1313 5281 nefandum
1352 5234 1408 5280 et
1456 5223 1757 5279 daemonem
1814 5236 1866 5278 te
1921 5226 2105 5294 pravis

523 5320 777 5389 operibus
834 5319 1058 5374 fecisti?
1084 5319 1227 5373 Proh
1259 5316 1605 5372 mendacium
1642 5318 1655 5371 l
1692 5316 1824 5385 proh
1854 5331 2103 5372 errorem

516 5419 691 5477 tuum,
717 5428 750 5465 ο
783 5412 999 5466 inimice
1028 5411 1146 5475 Dei,
1171 5411 1327 5464 canis
1357 5410 1657 5475 immundo,
1683 5425 1844 5480 quem
1878 5411 2104 5478 proinde

505 5501 659 5568 ignis
691 5515 745 5557 et
782 5504 1018 5560 tenebrae
1050 5511 1274 5556 manent
1305 5502 1320 5557 l

2201 1986 2409 2054 δομεῖν.
2464 1990 2638 2064 Πείρᾳ
2691 1993 2748 2047 δὲ
2797 1996 2891 2048 καὶ
2944 1995 3145 2064 γνώσει
3193 2000 3399 2071 ταύτην
3453 2004 3622 2071 εὑρεῖν
3670 2004 3740 2056 καὶ

2203 2079 2437 2147 γνῶναι,
2496 2083 2698 2152 ὀλίγων
2750 2086 2872 2153 λίαν
2917 2089 3084 2159 ἐστίν,
3128 2092 3191 2145 Οἱ
3233 2093 3341 2160 γὰρ
3382 2095 3441 2147 ἐν
3480 2095 3612 2165 λόγῳ
3642 2098 3742 2164 περὶ

2202 2172 2412 2243 ταύτης
2459 2175 2779 2243 διεξιόντες,
2815 2180 2992 2248 ὅμοιοί
3033 2183 3174 2234 είσιν
3204 2183 3253 2235 οἱ
3303 2185 3623 2255 μετροῦντες
3665 2186 3740 2253 τὴν

2205 2264 2464 2320 ἄϐυσσον.
2498 2269 2690 2337 Ἡμεῖς.
2718 2270 2773 2324 δὲ
2804 2273 2854 2324 oi
2876 2273 3067 2341 τυφλοὶ
3100 2275 3364 2337 νεανικῶς
3396 2279 3522 2348 περὶ
3549 2277 3633 2330 τοῦ
3665 2294 3742 2348 με·

2205 2360 2374 2428 γάλου
2407 2361 2585 2429 φωτὸς
2609 2363 2803 2416 τούτου
2837 2364 3035 2436 μικρὸν
3068 2368 3486 2437 φανταζόμενοι,
3513 2370 3740 2440 λέγομεν·

2218 2450 2284 2504 Ἠ
2305 2453 2640 2516 ταπείνωσις
2671 2455 2879 2525 κυρίως
2903 2455 3028 2509 οὔτε
3050 2458 3469 2526 ταπεινολογίαν
3499 2460 3620 2530 ἔχει,
3644 2457 3742 2512 οὕτε

2204 2547 2640 2615 ταπεινοσχημοῖ
2666 2562 2680 2576 ·
2738 2546 2861 2599 οὐδὲ
2921 2550 3141 2619 φρονεῖν
3205 2552 3444 2605 ταπεινὰ
3510 2550 3742 2621 βιάζεται,

2205 2635 2329 2689 οὐδὲ
2379 2637 2583 2690 ἑαυτὸν
2630 2637 2909 2707 μέμφεται
2956 2640 3407 2712 ταπεινούμενος.
3448 2643 3563 2697 Κᾶν
3606 2640 3744 2695 ταῦτα

2193 2729 2458 2797 ,ἀφορμαὶ
2484 2732 2581 2782 καὶ
2607 2731 2864 2802 σχήματα
2892 2732 3280 2798 ταπεινώσεως
3304 2734 3467 2797 εἰσιν,
3487 2734 3559 2798 ὡς
3586 2732 3743 2802 τρόποι

2206 2818 2482 2890 διάφοροι,
2515 2820 2653 2876 ἀλλὰ
2692 2823 2855 2893 χάρις
2892 2824 3042 2876 ἐστὶν
3058 2810 3251 2895 ἀὖτη,
3289 2825 3391 2879 καὶ
3437 2825 3605 2896 δωρεὰ
3629 2822 3743 2878 ἄνω-

2208 2906 2324 2962 θεν.
2363 2908 2486 2964 Δύω
2537 2911 2596 2964 δέ
2624 2912 2785 2977 εἰσιν,
2820 2912 2897 2976 ὥς
2924 2929 3089 2981 φασιν
3116 2914 3166 2967 οί
3205 2914 3473 2985 Πατέρες,
3512 2910 3744 2967 ταπεινώ-

2210 3014 2326 3063 σεις
2353 3015 2369 3031 ο
2417 3001 2480 3054 τὸ
2528 3000 2675 3072 ἔχειν
2725 3004 2917 3058 ἑαυτὸν
2970 3004 3230 3060 ὑποκάτω
3280 3007 3540 3072 πάντων,
3572 3005 3656 3058 καὶ
3696 3000 3744 3054 τὸ

2208 3091 2540 3162 ἐπιγράφειν
2564 3091 2685 3164 Θεῷ
2712 3093 2784 3147 τὰ
2812 3094 3237 3166 κατορθώματα.
3266 3095 3380 3149 Καὶ
3415 3096 3476 3149 τὸ
3504 3095 3597 3166 μὲν
3625 3092 3744 3164 πρῶσ

2207 3200 2322 3251 τον,
2347 3186 2490 3257 ἀρχή
2517 3202 2532 3218 ο
2561 3186 2623 3240 τὸ
2644 3187 2702 3240 δὲ
2725 3187 3000 3258 δεύτερον,
3029 3188 3201 3252 τέλος.
3239 3189 3571 3258 Ἐπιγίνεται
3588 3189 3638 3242 δὲ
3654 3191 3742 3251 τοῖς

2209 3275 2467 3345 ζητοῦσιν
2508 3278 2702 3351 αὐτὴν,
2740 3279 2803 3333 τὸ
2831 3278 2971 3350 μετὰ
2998 3278 3254 3347 γνώσεως
3284 3280 3455 3351 ἔχειν,
3498 3282 3586 3336 καὶ
3623 3281 3741 3348 λογί-

2209 3365 2396 3430 ζεσθαι
2434 3368 2503 3421 τὰ
2552 3370 2681 3439 τρία
2717 3369 2891 3423 ταῦτα
2924 3370 2982 3423 ὲν
3024 3369 3238 3440 ἑαυτῷ·
3285 3371 3350 3424 τὸ
3374 3364 3536 3445 ’ὖπὲρ
3571 3370 3742 3433 πάντας

2209 3458 2571 3527 ἁμαρτωλοὺς
2601 3458 2762 3527 εἶναι,
2791 3460 2885 3513 καὶ
2912 3458 2976 3513 τὸ
3006 3461 3144 3533 ὑπὲρ
3189 3460 3373 3517 πάντα
3414 3463 3482 3518 τὰ
3508 3465 3743 3534 κτίσματα

2206 3553 2488 3624 αἰσχροὺς,
2528 3554 2606 3618 ὡς
2630 3556 2709 3618 είς
2742 3554 2802 3608 τὸ
2845 3553 2997 3626 παρὰ
3024 3554 3187 3624 φύσιν
3212 3554 3377 3621 ὄντας
3394 3573 3408 3588 ·
3436 3558 3526 3611 καὶ
3545 3557 3601 3610 τὸ
3629 3555 3743 3624 ὑπὲρ

2206 3645 2334 3707 τοὺς
2354 3643 2616 3714 δαίμονας
2641 3645 3057 3715 ὲλεεινοτέρους,
3081 3645 3156 3707 ὡς
3180 3644 3241 3698 τὸ
3264 3641 3406 3702 εἶναι
3423 3647 3626 3709 δούλους
3649 3647 3741 3706 τοῖς

2207 3733 2479 3804 δαίμοσιν.
2520 3736 2719 3805 Λέγειν
2769 3735 2828 3789 δὲ
2878 3734 3054 3799 οὓτως
3090 3736 3316 3806 ὀρείλεν
3376 3737 3485 3792 Ποῦ
3525 3737 3622 3807 γὰρ
3653 3731 3747 3790 οἶδα

2208 3825 2322 3893 ἐγὼ
2353 3826 2597 3897 ἀκριϐῶς
2630 3828 2729 3892 τὰς
2766 3827 2876 3882 τῶν
2903 3826 3212 3900 ἀνθρώπων
3246 3829 3521 3900 ἁμαρτίας
3544 3825 3745 3895 emisti}

2206 3918 2328 3970 ὅσαι
2384 3917 2561 3983 εἰσίνς
2605 3918 2689 3972 ὅτι
2740 3918 3191 3990 ὑπερϐαίνουσιν,
3239 3919 3272 3991 ἢ
3327 3919 3620 3986 ὲξισοῦνται
3650 3917 3746 3978 ταῖς

2206 4009 2369 4080 ἐμαῖς
2402 4011 2733 4081 ἀμαρτίαις;
2775 4013 2888 4067 Καὶ
2934 4011 3026 4066 διὰ
3074 4011 3175 4082 τὴν
3213 4011 3469 4081 ἄγνοιαν,
3516 4006 3561 4066 ὦ
3605 4007 3745 4080 ψυχῆς

2207 4101 2471 4157 ὑποκάτω
2500 4102 2721 4157 πάντων
2755 4102 3061 4174 ἀνθρώπων
3092 4103 3280 4172 ἐσμὲν,
3318 4103 3396 4168 ὡς
3435 4104 3505 4174 γῆ
3534 4102 3623 4157 καὶ
3647 4114 3746 4153 σπο-

2207 4193 2320 4256 δὸς,
2350 4194 2448 4247 καὶ
2492 4194 2752 4249 ὑποκάτω
2774 4195 2886 4248 τῶν
2909 4194 3087 4248 ποδῶν
3114 4193 3313 4248 αὐτῶν.
3349 4194 3471 4260 Πῶς
3499 4194 3553 4249 δὲ
3578 4192 3660 4248 καὶ
3684 4187 3743 4259 μὴ

2207 4282 2309 4354 ἔχῃ
2342 4283 2534 4337 ἑαυτὸν
2567 4283 2943 4354 αίσχρότερον,
2976 4284 3195 4338 πάντων
3221 4284 3333 4339 τῶν
3364 4284 3658 4353 κτισμάτων
3681 4279 3744 4340 είς

2207 4375 2270 4428 τὸ
2294 4375 2438 4429 κατὰ
2465 4374 2629 4439 φύσιν
2662 4374 2854 4438 ὄντων,
2888 4374 3075 4447 ὥσπερ
3102 4377 3414 4444 γεγόνασιν,
3439 4375 3568 4446 ἐμοῦ
3593 4374 3644 4428 δὲ
3674 4368 3745 4425 διὰ

2208 4468 2309 4532 τὰς
2337 4469 2689 4539 ἀμετρήτονς
2731 4467 2966 4537 ἀνομίας
2994 4470 3075 4532 είς
3107 4468 3168 4521 τὸ
3199 4467 3351 4541 παρὰ
3388 4468 3568 4538 φύσινς
3617 4464 3743 4530 ’Δὶη-

2208 4559 2319 4624 θῶς
2367 4563 2478 4631 γὰρ
2514 4563 2608 4616 καὶ
2661 4562 2729 4617 τὰ
2772 4562 2937 4634 θηρία
2975 4564 3071 4617 καὶ
3112 4564 3181 4618 τά
3226 4566 3400 4637 κτήνη
3426 4560 3743 4634 καθαρώτερα

2208 4652 2343 4723 ἐμοῦ
2386 4653 2481 4707 τοῦ
2540 4654 2872 4726 ἀμαρτωλοῦ
2925 4656 3256 4727 τυγχάνουσι
3279 4673 3293 4687 ·
3349 4657 3446 4710 καὶ
3492 4654 3574 4710 διὰ
3614 4646 3741 4704 τοῦτό

2207 4751 2324 4817 εἰμι
2366 4748 2627 4803 ὑποκάτω
2689 4749 2929 4811 πάντων,
2986 4748 3061 4808 ὡς
3107 4749 3188 4812 είς
3235 4749 3328 4802 τὸν
3373 4749 3502 4820 ᾅδην
3532 4745 3618 4799 καὶ
3658 4740 3741 4811 πρὸ

2211 4838 2443 4891 θανάτου
2491 4838 2842 4909 κατενεχθεὶς
2865 4883 2877 4905 ,
2915 4841 3010 4894 καὶ
3050 4839 3405 4909 κατάκειμαι.
3451 4836 3632 4902 Τίςεδι
3661 4833 3740 4885 οὐκ

2207 4925 2350 4980 οἶδεν
2380 4928 2439 4981 ὲν
2460 4927 2733 4999 αἰσθήσει,
2767 4928 2850 4982 ὄτι
2873 4928 2968 4983 καὶ
2996 4929 3105 4982 τῶν
3133 4929 3404 4999 δαιμόνων
3439 4928 3550 4981 ἐστὶ
3574 4923 3741 4995 χείρων

2208 5023 2237 5074 ὁ
2283 5021 2626 5091 ἁμαρτωλὸς,
2665 5020 2742 5085 ὡς
2784 5021 2972 5086 δοῦλος
3021 5022 3202 5076 αὐτῶν
3247 5021 3342 5075 καὶ
3383 5021 3627 5091 ὑπήκοος,
3665 5009 3740 5067 καὶ

2208 5116 2302 5169 ἀπ’
2355 5112 2604 5167 ἐντεῦθεν
2635 5113 2733 5168 σὺν
2777 5113 2963 5175 αὐτοῖς
3010 5112 3090 5184 τῷ
3123 5114 3303 5167 σκότει
3336 5103 3731 5180 συγκαθειργμέ-

2211 5222 2332 5271 νος;
2365 5206 2575 5271 Ὄντως
2598 5204 2693 5258 καὶ
2728 5204 2930 5279 χείρων
2961 5205 3071 5258 τῶν
3098 5206 3385 5276 δαιμόνων,
3424 5206 3451 5257 ὁ
3478 5200 3563 5256 ὑπ’
3588 5195 3736 5253 αὐτῶν

2195 5308 2610 5380 κυριευόμενος,
2642 5305 2737 5359 καὶ
2768 5304 2857 5358 δια
2882 5304 3040 5355 τοῦτο
3068 5299 3168 5353 σὺν
3197 5297 3378 5358 αὐτοῖς
3399 5295 3494 5363 τὴν
3531 5289 3730 5380 ﬂuam

2197 5377 2519 5470 ὲκληρώσω,
2552 5395 2890 5465 ταλαίπωρε.
2920 5392 3028 5462 Γῆν
3058 5391 3116 5443 δὲ
3135 5431 3150 5455 ,
3184 5389 3278 5442 καὶ
3306 5387 3454 5459 ᾅδην,
3589 5377 3723 5476 £60:-

2200 5509 2293 5546 σον
2324 5493 2352 5544 ὁ
2397 5490 2493 5542 καὶ
2534 5487 2640 5557 πρὸ
2677 5486 2913 5541 θανάτου
2960 5480 3253 5545 κατοικῶν,
3289 5478 3403 5541 πῶς
3431 5471 3639 5534 ἑαυτὸν,
3664 5464 3727 5517 δί-

522 5556 677 5634 καιον
724 5556 1017 5651 όνομάζων
1047 5556 1434 5651 φρεναπατᾷ-ς,
1473 5577 1827 5648 ἁμαρτωλὸν,
1871 5580 1967 5633 καὶ
2016 5577 2270 5648 βέὸηλον,
2308 5576 2407 5629 καὶ
2439 5556 2673 5642 δαίμονα
2708 5573 2822 5633 τοῖς
2875 5572 3069 5634 κακοῖς
3126 5570 3311 5641 ἔργοις
3364 5572 3613 5641 ποιήσαςὶ
3657 5556 3744 5616 Ψεῦ

525 5678 622 5747 τῆς
655 5677 756 5745 σῆς
788 5677 1014 5747 ἀπάτης
1049 5677 1150 5730 καὶ
1185 5675 1422 5746 πλάνης,
1452 5676 1831 5745 δεισιδαίμων,
1882 5673 2033 5729 κύων
2079 5672 2386 5745 ἀκάθαρτε,
2450 5666 2531 5738 τῷ
2561 5669 2699 5736 πυρὶ
2727 5664 2827 5721 καὶ
2856 5664 2939 5738 τῷ
2971 5666 3154 5721 σκότει
3184 5668 3270 5721 διὰ
3293 5664 3457 5726 tu?“
3492 5672 3743 5732 παραπεμ⁸

529 5774 762 5840 πόμενος
784 5773 797 5827 ί

603 5864 724 5920 116.
752 5863 877 5920 llaec
896 5862 1164 5930 sapientia
1202 5877 1364 5931 quam
1406 5863 1494 5918 dat
1531 5860 1783 5933 spiritus,
1821 5870 1924 5925 cst,
1952 5861 2103 5931 juxta

2313 5851 2443 5915 ρις’.
2482 5846 2646 5914 Σοφία
2676 5848 3176 5919 πνευςίατοκίνητός
3208 5848 3340 5913 ἐστι,
3363 5841 3491 5898 κατὰ
3516 5836 3624 5896 τοὺς
3655 5827 3747 5883 ³⁵0⁸
