4020 6476
306 343 436 407 19.81

1343 343 1623 402 CAPITA
1665 341 1817 400 PER
1861 340 2512 406 ACROSTICHIDEM.

3409 335 3549 403 ιερε

303 453 513 517 λόγους,
543 449 577 519 ἡ
601 448 831 517 δύναμις
860 448 959 516 τῆς
991 446 1202 515 νοερᾶς,
1229 446 1321 497 καὶ
1350 445 1618 516 καθαρᾶς,
1648 445 1740 496 καὶ
1775 444 1873 510 ἀγ·
1907 498 1911 507 1

2007 458 2283 526 heologos,
2319 459 2491 513 virtus
2556 455 2808 511 ιιιοιιιειιίε
2878 468 3130 524 portaque
3179 459 3233 506 et
3290 451 3549 520 angelicae

303 540 524 609 γελικῆς
561 533 872 609 προσευχῆς
896 553 910 565 ’
951 531 1018 605 ἧς
1052 536 1113 588 τὸ
1149 537 1397 605 σημεῖον,
1433 537 1491 588 ἐν
1523 536 1600 606 τῷ
1620 534 1874 604 εὔχεσθαι

300 636 330 687 ὁ
360 632 485 695 νοῦς
514 629 748 693 ἀνείδεος
801 627 978 699 πάντη
1026 627 1287 698 ὁρᾶσθαι,
1347 627 1441 680 καὶ
1487 629 1622 697 μήτε
1664 628 1877 692 ἑαυτὸν,

307 727 443 797 μήτε
490 741 543 777 τι
592 723 720 778 ἄλλο
764 723 821 774 ἐν
865 719 1128 789 ταχύτητι
1178 719 1414 789 βλέπων,
1460 718 1598 773 ἀλλὰ
1635 719 1727 771 καί
1771 717 1880 770 τῶν

304 814 613 883 αἰσθήσεων
642 810 904 870 πολλάκις
937 807 1042 861 ὑπὸ
1072 806 1166 859 τοῦ
1197 807 1374 876 φωτὸς
1402 805 1615 859 ἐκείνου
1658 803 1879 856 συστελ-

304 906 569 976 λομένων.
630 902 690 955 '0
734 901 841 971 γὰρ
896 897 1019 962 νοῦς
1072 896 1233 960 ᾶῦλος
1293 897 1389 949 καὶ
1436 895 1732 965 φωτοειδὴς
1761 895 1883 946 τότε

304 998 535 1066 γίνεται,
570 992 690 1063 Θεῷ
713 992 969 1063 ἀρρήτως
1000 987 1080 1051 είς
1113 986 1172 1040 ἓν
1198 986 1415 1058 πνεῦμα
1432 982 1792 1055 κολλώμενος.

380 1084 504 1158 ριζν.
538 1083 692 1137 Εἰσὶν
734 1080 828 1134 οὖν
869 1080 916 1132 οἱ
981 1078 1267 1145 ἐνάγοντες
1320 1079 1412 1132 καὶ
1457 1074 1778 1148 ὁδηγοῦντες
1807 1074 1888 1137 εἰς

307 1178 477 1248 αὐτὴν
516 1178 618 1245 τὴν
684 1172 962 1226 θεόσδοτον
1020 1170 1348 1224 ταπείνωσιν
1396 1169 1588 1239 τρόποι
1640 1166 1889 1236 διάφοροι

311 1269 471 1336 ἑπτὰ,
516 1267 827 1321 συστατικοὶ
863 1264 1106 1336 ἀλλήλων
1148 1263 1245 1318 καὶ
1298 1259 1607 1331 γεννητικοί
1634 1275 1648 1290 ·
1682 1254 1886 1325 σιωπὴ,

311 1358 799 1430 ταπεινοφροσύνη,
835 1356 1242 1425 ταπεινολογία,
1282 1352 1695 1421 ταπεινοιρορία⁹
1724 1348 1886 1401 αὑτο-

317 1450 554 1523 μεμψία,
618 1449 902 1519 συντριϐὴ,
958 1448 1205 1519 ὲσχατιά.
1236 1446 1350 1499 Καὶ
1386 1446 1420 1514 ἡ
1463 1443 1562 1512 μὲν
1621 1439 1800 1510 σιωπὴ
1831 1440 1890 1493 ὲν

313 1543 513 1612 γνώσει
537 1539 714 1593 τίκτει
742 1542 841 1608 τὴν
859 1536 1385 1607 ταπεινοφροσύνην.
1454 1534 1551 1588 Ἐκ
1575 1532 1632 1584 δὲ
1663 1532 1765 1603 τῆς
1790 1546 1890 1583 τα-

315 1628 744 1699 πεινοφροσὺνης
774 1628 1056 1697 ντίκτονται
1092 1628 1142 1681 οἱ
1172 1628 1322 1699 τρεῖς
1350 1624 1543 1696 τρόποι
1572 1624 1670 1693 τῆς
1697 1637 1894 1675 ταπει⁸

316 1721 566 1783 νώσεωςο
627 1720 691 1773 τὸ
749 1718 985 1774 ταπεινὰ
1018 1717 1378 1790 φθέγγεσθαι,
1428 1716 1490 1770 τὸ
1530 1713 1767 1769 ταπεινὰ
1801 1711 1895 1766 καὶ
1927 1735 1968 1792 Β

317 1812 508 1883 εὐτελῆ
546 1812 754 1883 φορεῖν,
787 1811 885 1864 καὶ
929 1810 990 1864 τὸ
1019 1810 1211 1864 ἑαυτὸν
1236 1808 1528 1871 διαπαντὸς
1556 1804 1892 1876 μέμφεσθαι.

317 1902 382 1954 0i
414 1902 563 1969 τρεῖς
581 1900 638 1954 δὲ
665 1899 858 1970 τρόποι
890 1893 1038 1955 οὗτοι
1070 1898 1315 1952 τίκτουσι
1348 1898 1449 1967 τὴν
1479 1894 1772 1965 συντριεὴν
1796 1892 1897 1962 τὴν

318 1991 384 2045 ἐκ
413 1989 516 2061 τῆς
551 1990 1002 2060 παραχωρήσεως
1044 1987 1164 2041 ,τῶν
1206 1985 1531 2057 πειρασμῶν
1580 1981 1896 2054 γινομένην,

321 2083 387 2151 ἢν
415 2081 509 2135 καὶ
541 2080 893 2151 οἰκονομικὴν
923 2079 1204 2132 παίδευσιν
1239 2076 1532 2145 φάσκουσι,
1567 2073 1664 2129 καὶ
1689 2073 1754 2125 ἑκ
1784 2070 1902 2125 δαι-

331 2173 507 2243 μόνων
556 2171 907 2227 ταπείνωσιν.
974 2171 1039 2223 Ἦ
1094 2169 1152 2222 δὲ
1182 2166 1444 2238 συντριϐὴ
1483 2165 1724 2236 εὐχερῶς
1753 2162 1902 2233 ἔργῳ

328 2266 473 2315 ποιεῖ
501 2261 600 2331 τὴν
630 2260 810 2332 ψυχὴν
838 2261 1096 2314 ὑποκάτω
1123 2259 1339 2312 πάντων
1356 2253 1516 2323 εῖναι,
1551 2256 1644 2309 καὶ
1674 2254 1901 2323 ἔσχατον

329 2353 569 2413 πάντων,
589 2351 664 2414 ὡς
685 2350 788 2403 ὑπὸ
818 2349 1033 2403 πάντων
1065 2347 1479 2420 κυριευομένην.
1507 2346 1571 2398 Oi
1593 2343 1703 2397 δύω
1731 2344 1789 2397 δὲ
1808 2337 1901 2398 οὗ·

331 2459 414 2496 τοι
440 2440 748 2512 τρόποιτὴν
777 2437 988 2493 τελείαν
1032 2436 1127 2491 καὶ
1156 2434 1492 2504 θεοδώρητον
1548 2433 1774 2504 φέρουσι
1798 2447 1900 2484 τα-

331 2534 605 2597 πείνωσιν,
641 2532 830 2601 ἥντινα
876 2529 1107 2597 δύναμιν
1181 2524 1498 2595 τελειότητα
1555 2523 1746 2578 πασῶν
1792 2521 1901 2575 τῶν

332 2622 544 2692 ἀρετῶν
564 2621 824 2675 καλοῦσι’
856 2621 950 2672 zeal.
975 2617 1115 2687 αὕτη
1137 2618 1433 2687 ἐπιγράφει
1463 2615 1582 2686 Θεῷ
1613 2616 1678 2669 τὰ
1707 2632 1904 2684 κατορ-

334 2713 584 2783 θώματα.
608 2778 617 2783 ι
644 2713 841 2782 Πρώτη
890 2707 982 2765 οὖν
1021 2710 1236 2764 πάντων
1263 2710 1410 2762 ἐστὶν
1452 2709 1486 2778 ἡ
1516 2708 1717 2776 σιωπὴ,
1753 2706 1810 2770 ἐξ
1837 2701 1905 2776 ἦς

332 2804 643 2873 τίκτεταιή
700 2800 1208 2873 ταπεινοφροσύνηο
1263 2797 1402 2868 αὕτη
1432 2798 1488 2850 δὲ
1544 2796 1720 2850 τίκτει
1778 2797 1904 2857 τοὺς

333 2893 484 2964 τρεῖς
511 2890 749 2962 τρόπους
773 2890 872 2959 τῆς
893 2890 1296 2950 ταπεινώσεως.
1319 2887 1383 2941 Ol
1404 2887 1552 2955 τρεῖς
1589 2883 1646 2937 δὲ
1664 2882 1906 2935 τίκτουσι

333 2985 428 3039 τὸν
464 2985 561 3038 ἕνα
588 2985 689 3055 τῆς
735 2981 1052 3054 συντρισῆςο
1094 2981 1122 3034 ὁ
1165 2979 1223 3035 δὲ
1255 2977 1358 3048 τῆς
1410 2974 1700 3049 ωντριὸἧς
1734 2973 1909 3027 τίκτει

1976 550 2239 603 orationis
2280 568 2295 606 :
2328 551 2487 619 cujus
2514 550 2724 621 signum
2769 560 2850 602 est
2889 561 3042 600 tuens
3071 547 3123 599 iu
3171 544 3379 598 orando
3429 543 3548 596 uul-

1975 641 2082 695 lam
2124 643 2398 713 aspiciens
2434 644 2690 703 formam,
2720 656 2823 694 nec
2871 654 2930 694 se
2993 647 3086 691 aut
3145 637 3348 705 aliquid
3402 634 3551 688 aliud

1975 748 2101 788 mox
2132 735 2349 799 videns,
2379 735 2474 791 sed
2505 750 2531 787 a
2567 733 2821 788 sensibus
2860 745 3005 799 saepe
3030 730 3118 783 illa
3146 730 3266 782 luce
3296 727 3546 792 abrepta.

1974 823 2201 878 Animus
2230 827 2371 879 enim
2407 835 2538 879 tunc
2585 821 2960 877 immaterialis
2988 830 3042 873 et
3072 817 3287 873 lucidus
3318 817 3396 882 iit,
3431 816 3547 869 Deo

1983 914 2335 972 ineﬂ‘abilitcr
2367 917 2420 971 in
2456 915 2661 970 unitate
2688 912 2909 983 spiritus
2939 910 3242 966 adherens.

2061 1030 2185 1084 H7.
2221 1029 2525 1083 inferentes
2554 1035 2608 1079 ct
2636 1035 2897 1078 ducentes
2927 1021 2992 1072 ad
3016 1019 3254 1072 divinam
3288 1008 3564 1065 humilita-

1992 1131 2096 1175 tem
2127 1129 2259 1176 sunt
2287 1118 2388 1172 viae
2421 1125 2627 1184 septem
2650 1115 2903 1176 diversae,
2935 1123 3053 1176 quae
3080 1122 3140 1161 se
3164 1103 3395 1158 invicem
3429 1113 3559 1151 con—

1989 1220 2294 1282 sequuntur
2328 1219 2380 1263 et
2407 1216 2807 1276 congenerant:
2836 1200 3139 1261 silentium,
3182 1192 3403 1249 humilis
3432 1204 3559 1244 sen-

1990 1319 2107 1368 sus,
2151 1300 2609 1370 hmnililoquium.
2644 1296 2864 1352 humilis
2891 1293 3130 1358 habitus,
3177 1287 3260 1342 sui
3316 1293 3563 1338 contem-

1989 1409 2140 1468 ptus,
2177 1394 2455 1458 contritio,
2479 1403 2534 1446 et
2563 1391 2646 1446 sui
2681 1391 2746 1443 ad
2783 1387 2968 1442 inﬁma
3016 1380 3312 1452 depressio.
3346 1376 3412 1429 Et
3441 1372 3565 1442 qui-

1991 1463 2113 1542 dem
2148 1484 2426 1542 silentium
2469 1481 2695 1554 mystice
2724 1479 2868 1549 parit
2890 1474 3151 1532 humilem
3204 1481 3449 1524 sensum.
3486 1463 3566 1517 Ex

1994 1578 2181 1635 humili
2250 1586 2430 1633 autem
2492 1589 2658 1630 sensu
2725 1576 3026 1625 nascuntur
3087 1575 3195 1618 tres
3243 1555 3567 1614 humilitatis

1996 1670 2161 1737 modi,
2188 1684 2383 1737 nempe
2438 1663 2907 1733 humililoquium,
2950 1655 3174 1712 humilis
3225 1660 3280 1707 et
3336 1647 3567 1715 simplex

1998 1763 2238 1826 habitus,
2266 1770 2321 1817 et
2347 1758 2588 1832 perfecta
2643 1757 2730 1812 sui
2765 1750 3067 1822 despectio.
3099 1744 3162 1800 Hi
3208 1752 3385 1796 autem
3419 1739 3567 1794 modi

1998 1868 2107 1912 tres
2149 1830 2413 1925 generant
2446 1848 2857 1905 contritionem,
2897 1858 2964 1897 ex
3021 1833 3412 1893 tentatiouibus
3443 1830 3570 1899 qui-

1997 1947 2101 2004 bus
2146 1944 2527 2015 relinquimur,
2557 1950 2764 2005 natam,
2798 1950 2918 2004 quae
2965 1930 3165 1987 dicitur
3205 1923 3571 1982 Providentia

1997 2039 2284 2110 disciplina
2313 2047 2366 2092 et
2401 2052 2469 2091 ex
2498 2032 2832 2090 daamonihus
2863 2030 3057 2082 oborta
3090 2019 3398 2077 humilitas.
3430 2015 3574 2070 Con-

1999 2134 2149 2190 trilio
2180 2142 2361 2186 autem
2393 2127 2552 2183 facile
2581 2124 2743 2178 edicit
2766 2132 2826 2175 ιιι
2850 2121 3031 2174 anima
3064 2113 3316 2169 omnibus
3345 2107 3575 2162 interior

1998 2239 2048 2282 et
2082 2227 2239 2280 vilior
2271 2224 2362 2278 ﬁat
2389 2233 2438 2277 et
2482 2216 2738 2275 omnibus
2767 2214 2995 2269 serviat.
3037 2209 3145 2264 Sed
3198 2205 3252 2260 hi
3282 2205 3391 2257 duo
3423 2197 3574 2254 modi

1998 2321 2298 2392 perfectam
2328 2323 2382 2369 et
2407 2314 2642 2369 divinam
2702 2306 3008 2375 important
3044 2296 3429 2370 hmnilitatem,
3458 2302 3577 2358 qua:

2001 2384 2174 2465 virtus
2207 2408 2473 2461 virtutum
2509 2401 2748 2455 omnium
2796 2394 3058 2464 perfectio
3085 2390 3284 2443 dicitur
3317 2403 3332 2443 :
3368 2394 3418 2437 et
3461 2384 3578 2434 haec

2002 2502 2110 2556 Deo
2149 2501 2291 2555 bona
2336 2510 2434 2551 sua
2485 2492 2698 2548 tribuit.
2734 2486 2979 2542 Primum
3018 2483 3183 2551 igitur
3213 2475 3455 2532 omnium
3490 2480 3577 2526 est

2001 2593 2314 2655 silentium,
2345 2603 2409 2643 ex
2457 2598 2566 2656 quo
2618 2580 2859 2635 nascitur
2910 2572 3132 2630 humilis
3183 2583 3377 2625 sensus
3425 2582 3441 2622 :
3480 2564 3572 2618 hic

2001 2701 2129 2740 vero
2170 2682 2310 2754 parit
2342 2690 2450 2733 tres
2485 2675 2803 2731 humilitatis
2858 2669 3086 2728 modos;
3133 2662 3185 2718 hi
3228 2671 3411 2716 autem
3459 2667 3573 2711 tres

2003 2792 2166 2832 unam
2200 2781 2466 2843 generant
2505 2765 2890 2824 contritioncm
2924 2777 2939 2824 ;
2987 2769 3154 2827 atque
3203 2750 3460 2809 contritio
3498 2749 3578 2815 gi-

2004 2867 2120 2937 gnit
2160 2841 2450 2933 septimum
2498 2858 2742 2922 modum,
2777 2868 2874 2909 seu
2916 2849 3291 2918 subiacentem
3322 2841 3579 2894 onmibus

2006 2959 2234 3028 primam
2274 2952 2666 3014 humilitatem,
2701 2959 2820 3014 qum
2849 2942 3014 2997 etiam
3047 2931 3468 3009 providentialis
3492 2928 3578 2982 di-

335 3077 430 3131 τὸν
462 3024 688 3146 ἒῦδομον
716 3074 808 3128 τὸν
845 3024 1104 3128 ὑῗποιίάτω
1165 3024 1384 3126 πάντων
1427 3068 1525 3139 τῆς
1543 3024 1783 3139 Γπρώῖιτης
1806 3056 1908 3117 τα-

2007 3050 2145 3105 citur
2164 3044 2487 3106 humilitas;
2518 3056 2637 3110 qua:
2675 3036 2893 3107 quidem
2928 3026 3345 3102 provitieutialjs
3373 3024 3581 3090 impor-

2141 3137 2174 3146 “
2219 3136 2232 3146 '
2521 3131 2541 3146 ι·
2604 3139 2617 3146 ·
2768 3136 3060 3146 “unum.
3099 3132 3164 3146 .m
3219 3114 3437 3146 ...ιηιηω
3509 3108 3577 3146 η,

338 3165 904 3238 πεινώσεωςτρόπον,
936 3165 1121 3219 ὅντινα
1148 3162 1245 3217 καὶ⁵
1267 3160 1619 3230 οἰκονομικὴν
1643 3157 1910 3212 ταπείνω-

340 3276 428 3313 σιν
450 3258 723 3327 λὲγουσιν.
771 3256 837 3310 Ἦ
860 3256 917 3309 δὲ
946 3253 1265 3325 οἰκονομικὴ
1313 3252 1471 3324 φέρει
1512 3249 1611 3321 τὴν
1642 3246 1912 3320 θεοδώρη-

341 3370 456 3417 τον,
484 3352 582 3405 καὶ
628 3350 861 3416 τελείαν,
894 3350 990 3403 καὶ
1037 3347 1468 3418 ἀσχημάτιστον,
1530 3343 1624 3398 καὶ
1652 3340 1914 3413 ἀληθινὴν

343 3440 694 3496 ταπείνωσιν.
718 3439 831 3493 Καὶ
853 3440 888 3506 ἡ
914 3438 1013 3507 μὲν
1043 3435 1237 3507 πρώτη
1261 3434 1566 3505 ἐπιγίνεται
1597 3431 1787 3494 οὕτως·
1820 3429 1916 3484 ἐὰν

351 3532 428 3604 μὴ
451 3529 854 3599 ὲγκαταλειφθῇ
882 3530 910 3581 ὁ
930 3527 1213 3598 ἄνθρωπος
1260 3527 1357 3580 καὶ
1391 3520 1609 3594 νικηθῇ,
1653 3520 1919 3583 καταδου-

344 3622 562 3689 λωθεὶς,
585 3623 678 3677 καὶ
707 3618 969 3691 κυριευθῇ
996 3617 1162 3672 παντὶ
1191 3616 1354 3672 πάθει
1391 3616 1486 3669 καὶ
1523 3612 1790 3683 λογισμῷ,
1823 3611 1919 3665 καὶ

347 3715 621 3783 πνεύματι
642 3710 963 3781 νικώμενος,
987 3712 1081 3763 καὶ
1114 3709 1249 3778 μήτε
1281 3705 1530 3776 βοήθειαν
1568 3704 1838 3772 εὑρίσκων
1859 3701 1920 3765 εξ

350 3803 602 3875 ἔργων,ἣ
639 3805 702 3856 ἐκ
734 3800 952 3870 Θεοῦ,ἦ
989 3798 1054 3852 ἐκ
1080 3814 1224 3861 τινος
1256 3797 1318 3850 τὸ
1365 3794 1606 3858 σύνολον,
1650 3793 1791 3847 ὥστε
1831 3809 1920 3862 μι-

350 3894 486 3965 κροῦ
512 3893 643 3955 δεῖν,
677 3892 773 3945 καὶ
802 3892 883 3954 είς
919 3888 1264 3959 ἁπελπισμὸν
1306 3887 1455 3958 ἔλθῃ,
1511 3886 1606 3939 καὶ
1637 3882 1924 3938 ταπεινού-

357 4000 516 4055 μενος
542 3984 622 4045 εις
648 3981 847 4046 πάντα,
879 3979 942 4033 οὑ
967 3978 1189 4032 δύναται
1232 3976 1586 4047 συντριϐῆναι
1632 3975 1728 4028 καὶ
1778 3973 1923 4043 ἔχειν

352 4076 547 4130 ἑαυτὸν
587 4071 847 4126 ὑποκάτω
903 4071 1141 4133 πάντων,
1194 4069 1288 4123 καὶ
1317 4067 1562 4137 ἔσχατον,
1601 4065 1698 4119 καὶ
1740 4064 1924 4117 δοῦλον

355 4168 598 4228 πάντων,
634 4163 730 4216 καὶ
750 4161 928 4216 αὐτῶν
958 4160 1023 4229 δὴ
1053 4159 1272 4230 χείρονα
1292 4159 1399 4211 τῶν
1432 4156 1809 4226 δαιμόνων,ῶς
1831 4153 1923 4208 ὑπ’

355 4256 537 4311 αὑτῶν
614 4252 1044 4323 τυραννούμενον
1116 4250 1211 4302 καὶ
1259 4247 1579 4318 νικώμενον.
1627 4248 1735 4300 Καὶ
1785 4245 1925 4315 αὕτη

357 4349 503 4401 ἐστὶν
532 4347 567 4418 ἡ
593 4343 908 4414 οἰκονομικὴ
968 4342 1064 4411 τῆς
1092 4339 1355 4412 Προνοίας
1380 4339 1732 4407 ταπείνωσις,
1774 4337 1840 4392 δι’
1860 4333 1927 4410 ἦς

2010 3149 2083 3195 tat
2124 3136 2389 3200 divinam,
2420 3108 2737 3203 perfectam,
2767 3136 3063 3193 veramque
3098 3132 3166 3173 ac
3219 3114 3439 3169 minime
3509 3108 3577 3163 ii-

2011 3239 2153 3287 ctam
2187 3225 2569 3282 humilitatem.
2601 3220 2661 3274 Et
2695 3220 2808 3273 haec
2840 3216 3018 3285 prima
3043 3210 3121 3266 sic
3165 3205 3447 3269 nascitur;
3478 3199 3585 3255 nisi

2012 3325 2155 3380 forte
2186 3319 2598 3387 derelinquatur
2633 3314 2796 3366 homo
2840 3310 3127 3374 victusque
3161 3311 3216 3355 et
3256 3295 3584 3362 mancipium

2010 3412 2269 3470 inserviat
2301 3385 2447 3463 omni
2487 3404 2619 3458 vitio
2643 3412 2697 3457 et
2722 3395 3070 3470 cogitationi,
3103 3400 3159 3447 et
3202 3390 3345 3444 malo
3381 3385 3582 3454 spiritu

2012 3512 2319 3573 superetur,
2346 3513 2446 3552 nec
2476 3494 2740 3549 auxilium
2799 3486 3040 3555 accipiat
3071 3499 3139 3538 ex
3174 3478 3450 3547 operibus,
3485 3487 3589 3529 nee

2011 3612 2041 3652 a
2084 3566 2219 3658 beo,
2254 3606 2354 3647 nec
2389 3589 2457 3644 ah
2476 3587 2586 3643 ullo
2609 3595 2953 3655 quocunque,
3017 3576 3091 3631 ita
3124 3582 3185 3629 ut
3210 3584 3343 3643 pene
3371 3568 3425 3621 in
3494 3566 3590 3619 de-

2012 3685 2386 3756 sperationem
2442 3677 2664 3743 incidat,
2700 3684 2754 3731 et
2780 3674 2833 3728 in
2868 3668 3121 3725 omnibus
3146 3662 3459 3718 humiliatus
3483 3671 3590 3711 non

2013 3752 2188 3849 possit
2235 3771 2445 3829 conteri
2492 3778 2549 3826 et
2577 3783 2637 3824 se
2685 3767 2892 3821 habere
2925 3771 2982 3814 ut
3009 3757 3255 3814 omnium
3316 3752 3589 3813 intimum,

2017 3868 2509 3934 ιιοινίὲείιιιυιυιιιιίι,
2546 3871 2601 3915 et
2676 3872 2919 3918 servum,
2958 3862 3120 3919 atque
3177 3848 3310 3917 ipsis
3350 3844 3591 3912 pojorem

2016 3961 2382 4025 daemonibus,
2414 3966 2602 4028 utpote
2646 3953 2717 4007 ah
2748 3952 2818 4005 iis
2858 3946 3135 4004 devictum
3166 3952 3220 3997 et
3251 3946 3588 4006 superatum.

2017 4054 2087 4109 Et
2116 4051 2231 4105 haec
2255 4056 2339 4102 est
2361 4047 2484 4100 data
2513 4059 2545 4098 a
2579 4038 2923 4096 Providentia
2964 4031 3267 4092 humilitas,
3300 4043 3396 4096 per
3425 4039 3589 4091 quam

2018 4143 2254 4204 secunda
2280 4147 2336 4197 ct
2361 4138 2613 4196 sublimis
2644 4132 2912 4187 divinitus
2937 4128 3122 4189 datur,
3146 4139 3267 4194 qum
3298 4131 3379 4176 est
3409 4119 3588 4173 divina

2021 4238 2195 4293 virtus
2251 4245 2483 4302 operans
2508 4238 2563 4283 et
2603 4225 2807 4282 iaciens
2849 4220 3052 4284 omnia,
3084 4227 3139 4271 et
3189 4214 3273 4270 cui
3325 4213 3489 4266 homo
3532 4221 3592 4260 se

2024 4330 2171 4384 velut
2206 4328 2634 4380 instrumentum
2669 4316 2986 4369 ministrare
3011 4309 3200 4364 videns
3235 4315 3475 4373 semper,
3497 4302 3607 4371 per‘

360 4438 394 4506 ἡ
416 4412 666 4506 δευτέρα.
692 4412 788 4486 καί
816 4412 996 4501 ὑψηλὴ
1018 4427 1204 4482 Θεόθεν
1233 4426 1434 4481 δίδοται
1454 4441 1468 4456 ο
1518 4425 1642 4497 ἥτις
1670 4424 1788 4478 ἐστὶ
1809 4422 1911 4478 θείς

2025 4437 2142 4477 eam
2172 4415 2442 4471 mirabilia
2480 4412 2570 4467 Del
2604 4419 2884 4478 nperztlttr.
3380 4458 3381 4461 η

357 4485 608 4591 δύναμις,
633 4524 666 4592 ἡ
698 4485 998 4592 ἐνεργοέσα
1032 4520 1131 4573 καὶ
1156 4518 1386 4573 ποιοῦσα
1430 4517 1499 4569 τὰ
1526 4485 1726 4571 πάντα.
1767 4511 1852 4566 Δι’
1875 4510 2043 4580 αὐτῆς
2078 4508 2317 4578 ὄργανον
2350 4504 2512 4557 αὑτὸν
2558 4504 2724 4572 ἑαυτῇ
2767 4501 2980 4571 βλέπων
3012 4495 3337 4562 διαπαντὸς,
3394 4507 3486 4542 και
3516 4485 3587 4540 δι’

354 4618 530 4689 αὐτῆς
555 4617 627 4673 τὰ
651 4615 938 4686 θαυμάσια
964 4618 1061 4672 τοῦ
1098 4615 1234 4671 Θεοῦ
1261 4614 1651 4689 ἐργαζόμενον.

427 4683 553 4768 ριη¹.
602 4683 1000 4767 ’Υποστατικὴν
1022 4699 1118 4751 τοῦ
1158 4683 1335 4769 φωτδς
1368 4683 1926 4772 ΘεωρίανἪτνευματι-

352 4787 484 4861 κὴν,
512 4789 638 4844 νοῦν
677 4788 1041 4858 ἀφανταστον,
1072 4791 1165 4842 καὶ
1196 4792 1615 4862 ἁμετεώριστον,
1642 4793 1925 4863 ἐνέργειαν

361 4872 676 4948 προσευχῆς
705 4872 987 4945 ἀληθινὴν,
1024 4874 1118 4926 καὶ
1147 4874 1212 4927 ἐκ
1245 4873 1415 4944 μέσης
1452 4874 1678 4944 καρδίας
1719 4877 1941 4948 ἀείρρυ-

358 4986 472 5036 τον,
500 4968 678 5038 ψυχῆς
709 4966 1008 5020 ἀνάστασιν
1037 4966 1129 5017 καὶ
1158 4965 1438 5030 ἀνάτασιν,
1484 4965 1745 5036 ἔκπληξιν
1790 4968 1939 5022 θείαν

354 5060 452 5115 καὶ
476 5055 965 5131 με[τε]ωροπορίαν
998 5054 1151 5107 τοῦδε
1184 5056 1275 5108 τοῦ
1301 5056 1520 5121 παντὸς,
1545 5058 1799 5110 ἔκστασιν
1823 5059 1936 5112 διας

358 5150 508 5214 νοίας
543 5152 601 5204 ὲν
636 5147 912 5217 πνεύματι
959 5145 1144 5218 ὁλικὴν
1178 5146 1286 5199 τῶν
1318 5148 1650 5218 αἰσθήσεων,
1685 5150 1940 5221 ἁρπαγὴν

359 5240 476 5305 νοὶς
503 5239 610 5293 τῶν
631 5240 848 5292 οἰκείων
885 5237 1191 5306 δυνάμεων,
1239 5238 1416 5308 ψυχῆς
1465 5239 1678 5309 κίνησιν
1719 5242 1936 5309 ἀγγελι-

363 5330 466 5400 κὴν
498 5330 830 5400 Θεοκίνητον,
890 5332 1026 5400 πρός
1058 5346 1115 5380 τε
1145 5328 1204 5381 τὸ
1238 5328 1476 5398 »ἄπειρον
1506 5332 1600 5383 καὶ
1627 5331 1686 5383 τὸ
1711 5331 1938 5397 ἄναντες

360 5422 706 5492 κινουμένην,
740 5422 799 5475 ὲν
830 5422 895 5490 τῇ
930 5421 1057 5474 καθ’
1107 5422 1254 5491 ἡμᾶς
1301 5423 1462 5491 γενεᾷ
1504 5422 1683 5491 εὑρεῖν
1721 5423 1939 5493 ἀμήχα-

361 5532 474 5577 νον,
504 5515 605 5583 τῆς
640 5514 749 5567 τῶν
778 5515 967 5568 παθῶν
1000 5513 1313 5585 τυραννίδος
1343 5514 1400 5567 ἐν
1435 5515 1567 5586 ἡμῖν
1624 5514 1927 5584 βασιλευοῶ

363 5625 462 5678 σης
493 5605 608 5671 νῦν,
642 5606 729 5660 διὰ
759 5607 818 5660 τ’)
844 5606 1046 5676 πλῆθος
1074 5606 1180 5658 τῶν
1204 5606 1549 5677 πςιρασμῶν.
1583 5607 1800 5675 Πέφυκε
1835 5608 1942 5677 γὰρ

359 5699 388 5750 ὁ
414 5697 535 5763 νοῦς
573 5700 626 5751 ἐν
652 5700 763 5762 τοῖς
799 5696 1156 5767 κουφοτέροις
1205 5697 1463 5767 μάλιστα.
1494 5701 1668 5752 ταῦτα
1703 5701 1795 5753 καὶ
1836 5701 1942 5767 πρὸ

2102 4691 2224 4745 118.
2256 4685 2639 4745 Substautialis
2668 4684 2894 4739 luminis
2925 4677 3311 4743 contemplatio
3341 4673 3599 4742 spiritua-

2031 4784 2124 4847 lis,
2172 4780 2478 4836 intellectus
2521 4792 2551 4832 a
2602 4775 2882 4844 phantasia
2912 4781 2966 4826 et
2996 4768 3247 4836 superbia
3295 4766 3449 4830 liber,
3483 4779 3601 4815 ora-

2036 4873 2200 4929 tionis
2229 4869 2475 4939 operatio
2509 4882 2631 4921 vera
2660 4876 2710 4920 et
2735 4879 2797 4918 ex
2832 4864 2938 4916 imo
2964 4861 3128 4914 corde
3150 4855 3385 4928 proﬂua,
3413 4855 3602 4907 animae

2033 4964 2269 5022 elcvatio
2315 4970 2369 5017 et
2414 4958 2660 5023 attentio,
2708 4956 2926 5010 divinus
2960 4966 3219 5007 excessus
3253 4960 3605 5004 et.ascvnsns

2033 5072 2197 5127 supra
2230 5058 2374 5111 hunc
2416 5051 2697 5114 mundum,
2734 5046 3033 5116 spiritualis
3077 5045 3368 5099 abstractio
3396 5042 3605 5110 cngiln-

2034 5150 2238 5205 tiouum
2275 5147 2342 5201 ab
2382 5144 2635 5199 omnibus
2667 5140 2942 5203 sensibus,
2986 5147 3171 5205 raptus
3207 5133 3401 5189 mentis
3429 5147 3457 5185 a
3484 5146 3606 5198 pro-

2032 5241 2163 5309 priis
2192 5238 2556 5297 facultatibus,
2587 5242 2765 5288 motus
2810 5231 3082 5299 angelicus
3126 5228 3317 5281 animae
3345 5224 3606 5277 divinitus

2027 5330 2096 5385 ad
2134 5329 2404 5384 inﬁnitum
2439 5334 2493 5382 et
2539 5327 2876 5380 inaccessum
2924 5332 3139 5379 cret-tte.
3190 5318 3242 5371 in
3295 5325 3478 5368 nostra
3514 5301 3607 5365 na-

2031 5435 2147 5479 tura
2179 5422 2404 5477 inveriri
2438 5436 2541 5473 non
2571 5432 2818 5487 possunt,
2843 5415 2967 5483 quia
2998 5425 3140 5465 nunc
3175 5406 3454 5478 tyrannica
3482 5419 3607 5473 pas-

2026 5518 2237 5571 sionum
2271 5513 2571 5566 dominatio
2610 5512 2660 5563 in
2694 5510 2864 5564 nobis
2899 5512 3108 5573 regnat,
3143 5504 3210 5553 ob
3248 5497 3605 5552 lentalionum

2029 5605 2452 5661 multitudinem.
2490 5601 2640 5655 Solet
2672 5601 2814 5655 enim
2866 5596 3099 5660 animus,
3138 5609 3255 5664 qua:
3305 5587 3603 5661 prmscrtim

2032 5698 2230 5753 leviora
2282 5705 2409 5752 sunt
2475 5693 2579 5749 sibi
2629 5702 2753 5748 ante
2804 5700 3013 5761 tempus
3057 5685 3369 5758 imaginari,
3418 5683 3491 5736 ita
3541 5690 3603 5735 ut
