4020 6462
511 333 651 400 12ς3

511 548 641 594 tuus
672 541 892 594 omnino
921 540 1031 594 fiat.
1067 541 1246 607 Quare
1276 555 1490 613 oportet
1523 563 1642 600 cum
1683 549 1851 604 multo
1877 551 2082 620 judicio

511 637 617 686 nec
644 631 966 697 temporaria
994 641 1120 686 ante
1151 641 1362 702 tempus
1386 650 1651 704 quaerere,
1687 655 1782 694 nec
1807 656 1926 708 quia:
1954 654 2080 697 sunt

507 721 563 773 in
605 721 855 775 manibus
893 720 1121 792 rejicere
1163 734 1222 776 ut
1271 724 1378 781 alia
1410 740 1806 796 prmsumantur
1833 749 1849 788 :
1881 734 2078 803 quippe

509 811 818 865 intellectus
870 814 1125 882 praedicta
1157 815 1315 871 facile
1356 818 1462 872 sibi
1506 820 1855 888 imaginatur,
1889 832 1942 875 et
1973 824 2073 877 sibi

505 903 709 971 ellingit
740 919 858 972 quae
893 906 1133 960 nondum
1170 910 1368 980 attigit.
1416 911 1542 966 ideo
1573 914 1727 968 valde
1777 915 2072 968 timendum

506 1003 590 1047 est
618 1011 684 1048 ne
725 996 811 1048 hic
839 1001 1075 1066 acceptis
1107 1001 1268 1055 etiam
1297 1004 1558 1070 privetur,
1583 1017 1637 1058 et
1671 1021 1738 1059 ne
1769 1017 1947 1060 mente
1973 1023 2073 1061 ειε-

509 1082 632 1148 pius
679 1084 924 1148 excidat,
979 1086 1233 1156 deceptus
1290 1090 1677 1160 imaginatione
1727 1103 1781 1148 et
1834 1096 2070 1164 quietem

508 1173 646 1225 haud
684 1173 978 1242 reperiens.

576 1350 698 1404 H9.
730 1352 889 1406 Fides
932 1370 1035 1409 non
1088 1357 1225 1422 sola,
1257 1359 1354 1414 sed
1387 1369 1442 1415 et
1472 1361 1591 1415 viva
1615 1365 1871 1433 operibus
1897 1369 2070 1422 oratio

503 1453 585 1492 est
620 1443 977 1508 gratia.Fides
1011 1449 1152 1500 enim
1191 1464 1314 1504 vera
1343 1452 1506 1506 vitam
1537 1453 1632 1509 Dei
1662 1457 1868 1512 habens
1900 1462 2065 1514 mani-

502 1531 715 1597 festam,
750 1549 810 1588 ea
847 1545 930 1589 est
961 1552 1080 1606 quae
1115 1541 1378 1597 charitate
1431 1544 1692 1602 formatur
1735 1549 1788 1603 in
1826 1553 2016 1619 spiritu
2053 1569 2068 1608 ι

502 1622 647 1674 unde
693 1626 968 1679 contrario
1013 1637 1274 1683 mortuam
1303 1641 1357 1684 et
1390 1634 1676 1690 inanimem
1709 1639 1870 1693 habet
1904 1642 2062 1696 fidem

501 1711 595 1778 qui
632 1728 736 1765 non
785 1723 869 1768 est
915 1731 1134 1784 operum
1188 1720 1288 1773 sibi
1333 1725 1606 1779 consdus.
1645 1725 1714 1778 At
1753 1728 1927 1784 fidelis
1961 1748 2064 1784 non

504 1803 696 1856 merito
746 1805 1013 1859 diceretur
1063 1811 1152 1876 qni
1227 1826 1324 1866 ore
1382 1822 1542 1870 tenus
1588 1819 1854 1884 crederet,
1907 1821 2064 1876 ﬁdem
2101 1794 2144 1850 Β

503 1904 630 1943 vero
663 1908 764 1945 non
800 1894 1021 1948 haberet
1057 1898 1311 1964 operibus
1349 1903 1724 1959 mandatorum
1758 1908 1844 1961 vel
1874 1912 2064 1978 spiritu

501 1979 868 2037 informatam.
901 1983 1128 2052 Oportet
1159 1988 1320 2055 igitur
1356 1991 1494 2047 hanc
1526 1994 1878 2051 manifestare
1905 2001 2068 2066 profi-

502 2071 696 2124 ciendo
743 2073 796 2126 in
828 2073 1114 2140 opt-ribus,
1166 2092 1394 2148 eamque
1439 2083 1691 2150 operibus
1734 2084 1966 2144 lucidam
2013 2098 2069 2144 et

502 2158 758 2228 fulgidam
825 2169 1151 2229 ostendere,
1231 2178 1288 2221 ut
1351 2169 1428 2223 ait
1487 2171 1643 2227 divus
1705 2175 1995 2244 Apostolus
2047 2196 2065 2234 :

505 2269 526 2300 ι
563 2247 798 2305 Ostende
828 2253 955 2304 mihi
988 2254 1142 2306 fidem
1172 2265 1315 2310 tuam
1339 2274 1402 2312 ex
1435 2262 1688 2329 operibus
1722 2265 1847 2329 tuis,
1875 2273 1932 2320 et
1967 2282 2069 2336 ego

500 2341 782 2394 ostendam
830 2342 924 2396 tibi
960 2357 1123 2412 Opera
1165 2361 1282 2402 mea
1316 2364 1380 2404 ex
1415 2351 1520 2406 fide
1555 2368 1676 2409 mea
1709 2356 1787 2423 “;
1819 2357 1947 2412 hinc
1975 2362 2069 2413 de-

501 2440 810 2488 monstrans
840 2437 1095 2502 operibus
1129 2442 1502 2498 mandatorum
1535 2447 1871 2505 manifestari
1906 2450 2066 2506 fidem

499 2522 712 2590 gratia,
747 2523 888 2579 sicut
935 2528 1069 2582 fiunt
1096 2540 1151 2584 et
1190 2532 1462 2602 refulgent
1487 2553 1652 2605 opera
1685 2541 2066 2597 mandatorum

499 2626 595 2681 per
621 2616 808 2684 gratias
842 2617 1023 2674 fidem.
1061 2621 1219 2678 Fides
1257 2626 1402 2680 enim
1463 2639 1546 2683 est
1580 2631 1734 2685 radix
1781 2632 2066 2687 mandato-

502 2721 642 2771 rum,
691 2708 775 2761 vel
812 2713 990 2776 potius
1021 2712 1143 2769 fons
1179 2730 1287 2783 quo
1331 2720 1574 2788 rigantur
1609 2731 1664 2776 et
1690 2725 2066 2793 cresctirtt.;Et

500 2797 557 2851 in
601 2799 708 2852 duo
735 2799 1032 2868 dividitur,
1063 2820 1256 2877 nempe
1306 2812 1358 2863 in
1409 2812 1801 2871 confessionem
1849 2827 1903 2873 et
1946 2833 2068 2888 gra-

501 2891 654 2956 tiam,
684 2891 809 2946 licet
840 2894 911 2948 sit
946 2905 1140 2952 natura
1168 2901 1528 2959 indivisibilis.

511 2980 648 3047 πρὸς
677 2981 908 3053 αὔξησιν
938 2979 1157 3051 ,ταύτας
1197 2991 1521 3061 ἀρδεύουσα.
1555 2998 1647 3060 Et;
1681 2999 1792 3052 δύω
1819 2979 2204 3077 διαιρουμένη,Ι
2229 2979 2233 2980 ν
2257 2979 2552 3080 δμολογίαν

554 3088 704 3126 υκεν.

554 3088 704 3126 υκεν.
1673 3105 1677 3119 ‘

511 3087 548 3138 φ
581 3150 698 3202 12³.
732 3151 922 3222 lugens
953 3166 1005 3212 et
1037 3159 1225 3229 exigua
1254 3163 1544 3236 brevisque
1575 3171 1895 3228 obedientiaa
1926 3179 2070 3230 scala

501 3241 737 3308 quinque
793 3244 957 3301 habet
1001 3254 1200 3317 gradus
1246 3259 1310 3309 ad
1359 3257 1738 3324 perfectionem
1807 3264 2068 3324 ferentes.

500 3328 712 3386 Primus
746 3343 826 3386 est
869 3341 1218 3406 renuntiatio,
1250 3351 1522 3406 secundus
1551 3351 1841 3421 subjectio,
1877 3359 2070 3414 tertius

499 3422 841 3490 obedientia,
890 3439 1114 3492 quartus
1162 3433 1473 3501 humilitas,
1531 3441 1750 3509 quintus
1795 3445 2066 3515 charitas,

499 3526 618 3579 quae
657 3524 739 3567 est
768 3516 927 3571 Deus.
963 3518 1312 3580 Renuntiatio
1351 3528 1621 3596 jacentem
1652 3536 1720 3588 ab
1753 3537 1940 3592 inferis
1972 3557 2068 3593 su-

499 3603 661 3655 scitat
690 3615 742 3656 et
789 3620 1010 3662 servum
1062 3615 1302 3669 materiae
1350 3618 1561 3676 liberat.
1599 3621 1877 3692 Suhjectio
1907 3629 2068 3684 Chri-

496 3703 638 3745 Slnm
676 3697 876 3761 reperit
901 3699 1058 3768 eique
1091 3707 1382 3772 ministrat,
1414 3720 1469 3762 ιιι
1509 3713 1619 3779 ipse
1653 3715 1730 3767 ait
1761 3731 1776 3770 :
1807 3736 1826 3767 ι
1859 3718 1913 3772 Si
1947 3722 2065 3786 quis

499 3784 628 3837 mihi
665 3787 958 3857 ministrat,
995 3809 1080 3846 me
1124 3800 1391 3863 sequitur,
1425 3812 1478 3853 et
1510 3805 1596 3858 ubi
1630 3822 1750 3862 sum
1795 3824 1914 3878 ego,
1956 3811 2066 3864 illic

494 3882 548 3927 et
581 3875 827 3932 minister
863 3897 1014 3938 meus
1047 3886 1149 3938 erit
1178 3889 1241 3942 ".
1278 3909 1296 3940 ι
1332 3891 1434 3946 Ubi
1470 3904 1648 3949 autem
1675 3909 1759 3953 est
1781 3875 2066 3956 Christus?

495 3965 561 4018 ad
596 3966 874 4023 dexteram
909 3972 1086 4029 Patris
1131 3979 1342 4034 sedens.
1381 3981 1521 4054 Ergo
1551 3989 1638 4042 ubi
1683 3988 1958 4057 Dominus,
1992 3994 2061 4047 ibi

490 4065 574 4108 est
603 4065 651 4108 et
683 4057 939 4125 famulus,
974 4079 1178 4132 ponens
1225 4071 1412 4134 pedem
1467 4077 1531 4128 ad
1583 4082 1979 4149 ascensionem,
2008 4093 2063 4138 et
2170 4057 2507 4166 6.X9:c:6;;

493 4147 808 4215 priusquam
857 4167 1070 4208 sursum
1111 4163 1338 4224 venerit,
1389 4166 1629 4221 moribus
1675 4185 1797 4224 cum
1843 4172 2061 4230 Christo

2182 4187 2262 4239 >ύν
2295 4189 2414 4240 ἐκεῖ
2440 4190 2519 4243 δεῖ

491 4239 864 4295 conscendens
887 4252 940 4295 et
963 4248 1272 4313 proficiens.
1294 4251 1612 4312 Obcdientia
1635 4264 1886 4329 operibus
1912 4283 2061 4322 man-

491 4325 744 4381 datorum
796 4334 1017 4389 omnino
1069 4339 1354 4404 ptoducta,
1399 4349 1598 4402 scalam
1661 4353 1954 4411 fabricatur
1991 4373 2057 4412 ex

492 4418 679 4472 multis
702 4422 1015 4492 virtutibus,
1043 4443 1244 4500 easque
1268 4435 1412 4489 velut
1434 4444 1776 4501 ascensiones
1801 4447 1852 4500 in
1879 4449 2058 4504 anima
2092 4461 2135 4516 υ

489 4599 790 4669 humilitas,
825 4617 879 4660 et
914 4612 978 4662 ad
1027 4616 1223 4669 coelum
1282 4625 1603 4692 prOVehens,
1661 4629 1856 4696 reginae
1889 4631 2062 4686 virtu-

1690 394 1695 401 .
1736 345 2120 410 GREGOBII
2186 350 2356 412 SINA
2372 351 2512 410 ngE

506 451 760 519 exiguam
789 449 952 505 vllam
986 451 1248 508 divinitus
1300 466 1584 526 acceptam
1625 460 1902 525 amittens,
1938 477 2073 518 mor-

2205 480 2392 550 καιροῦ
2444 481 2832 550 φαντάζεσθαι,
2882 487 2980 540 ἴνα⁹
3017 491 3110 544 καὶ

3592 364 3726 430 1281

3157 492 3266 563 τῆν’
3300 494 3539 555 δοθεῖσαν
3611 505 3756 576 αὑτῷ

2205 569 2386 621 θεόθεν
2417 573 2618 643 μικρὰν
2651 577 2990 632 κατάστασιν
3015 581 3284 648 ἀπολέσας
3310 588 3498 657 νεκρὸς
3533 593 3595 644 ἐκ
3625 569 3756 646 πρὶνζ

2202 673 2312 710 των
2343 661 2589 728 γένηται.
2624 665 2716 716 Διὸ
2755 665 2860 737 χρὴ
2897 669 3034 736 μετὰ
3051 672 3250 741 πολλῆς
3285 675 3600 747 διακρίσεως
3620 685 3754 754 μήτε

2201 749 2270 802 τὰ
2295 751 2388 803 τοῦ
2421 755 2613 824 καιροῦ
2637 754 2818 825 ζητεῖν
2848 759 2952 829 πρὸ
2983 763 3198 831 καιροῦ,
3235 767 3372 836 μήτε
3400 769 3467 822 τὰ
3488 771 3543 822 ἐν
3572 749 3751 841 χερσὶν

2202 842 2530 897 ἀποϐάλλειν
2561 851 2653 898 καὶ
2679 847 2814 901 ἄλλα
2843 853 3203 917 φαντάζεσθαι
3227 872 3240 887 ο
3274 859 3430 925 φύσει
3456 861 3558 931 γὰρ
3581 863 3608 915 6
3629 863 3748 928 νοῦς

2201 934 2338 1004 πρὸς
2356 933 2422 988 τὰ
2446 937 2817 1007 προειρημένα
2835 941 3072 1012 εὐχερῶς
3093 945 3203 1016 ἔχει
3223 948 3280 1000 τὸ
3299 957 3746 1018 φαντασιοποιεῖν,

2199 1027 2292 1079 καὶ
2343 1031 2706 1087 ἀναπλάττειν
2769 1036 2863 1087 καὶ
2913 1037 3050 1098 εἱςδι
3098 1043 3196 1094 οὐκ
3234 1042 3452 1112 ἔφθασε.
3474 1048 3569 1100 Διὰ
3598 1050 3746 1102 τοῦτο

2198 1118 2362 1184 φόϐος
2391 1123 2448 1173 οὐ
2475 1125 2688 1192 μικρὸς,
2727 1126 2812 1178 ἵνα
2843 1128 2916 1196 μὴ
2941 1131 3158 1183 καὶτῶν
3177 1133 3434 1188 δοθέντων
3466 1140 3493 1190 6
3519 1139 3746 1202 τοιοῦτος

2197 1208 2490 1279 ὕστερηθῇ,
2528 1213 2622 1266 καὶ
2649 1215 2746 1284 τὴν
2778 1218 2946 1286 φρένα
2977 1220 3232 1284 πολλάκις
3269 1226 3508 1298 ἀπολέσῃ
3540 1231 3744 1298 ἀπατη-

2196 1297 2330 1363 Θεὶς,
2363 1303 2695 1374 φανταστὴς,
2731 1306 2826 1358 καὶ
2855 1309 2951 1377 οὐχ
2973 1313 3280 1380 ήσυχαστὴς
3307 1297 3608 1384 γενόμενος.

2267 1392 2389 1461 ριθ¹.
2421 1395 2594 1464 Χάρις
2649 1397 2710 1448 οὐ
2760 1398 2971 1469 μόνονή
3024 1404 3203 1465 πίστις
3241 1403 3410 1473 ἐστὶν,
3444 1410 3573 1463 ἀλλὰ
3598 1414 3741 1482 καὶὴ

2195 1479 2559 1548 ἐνεργουμένη
2609 1487 2920 1553 προσευχή’
2975 1489 3156 1542 πίστιν
3203 1491 3309 1562 γὰρ
3362 1497 3614 1567 ἀληθινὴν
3645 1479 3739 1570 τὴν

2192 1569 2418 1639 ἔχουσαν
2444 1569 2542 1638 τὴν
2571 1570 2716 1639 ζωὴν
2745 1575 2836 1625 τοῦ
2882 1575 3053 1646 Ἰησοῦ
3101 1585 3502 1652 φανερουμένην
3538 1589 3740 1642 δείκνυ-

2193 1675 2297 1722 σιν,
2329 1661 2361 1728 ή
2389 1659 2456 1712 δι’
2486 1660 2704 1729 ἀγάπης
2733 1663 3100 1736 ἐνεργουμένη
3126 1670 3205 1739 τῷ
3229 1673 3492 1743 πνεύματι
3511 1695 3523 1708 '
3553 1681 3741 1734 οὐκοῦν

2189 1749 2288 1819 τὴν
2321 1751 2590 1816 ἐναντίαν,
2636 1753 2727 1804 καὶ
2775 1757 2993 1824 νεκρὰν,
3025 1761 3118 1812 καὶ
3147 1761 3322 1824 ἇζωον
3363 1767 3616 1836 κέκτηται
3649 1774 3739 1824 πί·

2192 1859 2332 1904 στιν,
2370 1845 2397 1896 ἀ
2434 1845 2509 1914 μὴ
2535 1845 2935 1915 ἐνεργουμένην
2970 1848 3123 1912 εἰδὼς
3158 1853 3325 1924 αὐτὴν
3356 1858 3547 1928 ἐαυτῷ.
3604 1863 3738 1916 Ἀλλ’

2189 1933 2308 1984 οὐδὲ
2358 1935 2544 1997 πιστὸς
2601 1935 2797 2001 λέγοιτ’
2830 1935 2894 1988 ἂν
2930 1939 3130 2008 κυρίως
3168 1939 3325 2011 εἶναι,
3374 1948 3402 1999 6
3433 1949 3569 2020 λόγῳ
3595 1955 3738 2024 μόνῳ

2185 2022 2326 2093 ψιλῷ
2357 2026 2647 2092 πιστεύων,
2679 2031 2775 2083 καὶ
2797 2031 3292 2106 μὴ·ἐνεργουμένην
3332 2039 3494 2110 αὐτὴν
3518 2047 3633 2107 ταῖς
3655 2022 3735 2098 ἐνζ-

2187 2113 2389 2178 τολαῖς,
2421 2114 2454 2184 ἢ
2499 2115 2578 2186 τῷ
2615 2118 2908 2189 πνεύματι.
2941 2123 3061 2193 Χρὴ
3090 2127 3375 2198 τοιγαροῦν
3407 2134 3735 2202 φανερουμέ-

2187 2220 2284 2272 νην
2319 2205 2488 2275 αὐτὴν
2519 2207 2784 2262 δεικνύειν
2817 2214 2935 2276 ταῖς
2957 2217 3260 2284 προκοπαίς
3293 2217 3379 2272 διὰ
3403 2220 3511 2273 τῶν
3540 2222 3728 2291 ἔργων,

2188 2292 2219 2361 ἢ
2256 2296 2366 2356 τοῖς
2395 2294 2577 2364 ἔργοις
2611 2299 3008 2370 ἐνεργουμένην
3037 2302 3094 2354 ἐν
3140 2305 3277 2368 φωτὶ
3305 2307 3398 2358 καὶΙ
3420 2306 3732 2376 λάμπουσαν

2184 2383 2350 2454 ἔχειν,
2383 2386 2565 2450 καθώς
2615 2405 2779 2458 φησιν
2827 2393 2854 2444 6
2902 2391 3043 2456 θεῖος
3086 2394 3439 2460 Ἀπόστολος·
3504 2417 3524 2450 ι
3556 2402 3730 2466 Δεῖξόν

2188 2489 2280 2542 μοι
2308 2473 2372 2526 σὺ
2405 2476 2502 2544 τὴν
2536 2475 2719 2530 πίστιν
2747 2495 2840 2530 σου
2873 2481 2937 2532 ἐκ
2970 2482 3076 2535 τῶν
3107 2484 3283 2554 ἔργων
3336 2503 3449 2553 σου,
3475 2488 3628 2557 κάγώ
3653 2507 3731 2543 σοι

2181 2561 2339 2630 δείξω
2371 2565 2440 2619 τὰ
2462 2566 2599 2635 ἔργα
2627 2585 2727 2637 μου
2753 2570 2817 2623 ἐκ
2839 2574 2938 2641 τῆς
2977 2573 3211 2638 πίστεώς
3246 2593 3370 2646 μου·
3415 2597 3434 2630 ι
3475 2579 3728 2634 δεικνύων

2182 2655 2450 2722 ἐντεῦθεν,
2503 2659 2590 2712 ὅτι
2617 2661 2680 2712 ἐκ
2711 2661 2819 2714 τῶν
2859 2662 3034 2733 ἔργων
3074 2665 3179 2718 τῶν
3219 2669 3444 2722 ἐντολῶν
3474 2672 3728 2742 φανεροῦρ

2178 2764 2270 2799 ται
2299 2749 2331 2815 ή
2356 2748 2454 2818 τῆς
2482 2750 2702 2820 χάριτος
2718 2751 2918 2817 πίστις,
2946 2754 3126 2819 καθὼς
3143 2759 3485 2828 ἐνεργοῦνται
3512 2764 3565 2816 αἱ
3588 2765 3730 2816 ἐντο-

2180 2836 2267 2890 λαὶ
2301 2838 2388 2890 διὰ
2417 2840 2513 2907 τῆς
2548 2843 2606 2893 ἐν
2645 2841 2825 2912 χάριτι
2872 2845 3107 2909 πίστεως
3133 2851 3226 2902 καὶ
3255 2852 3544 2920 λάμπουσι.
3583 2853 3726 2918 Ῥίζα

2179 2929 2289 2996 γὰρ
2335 2929 2444 2981 τῶν
2499 2932 2729 2984 ἐντολῶν
2754 2935 2900 2989 ἐστιν
2939 2939 2971 3004 ἡ
3010 2939 3215 3002 πίστις,
3258 2943 3452 3006 μᾶλλον
3495 2945 3548 2996 δὲ
3581 2949 3724 3016 πηγὴ

2604 3017 2701 3070 καὶ
2743 3021 2924 3088 χάριν,
2957 3021 3056 3074 κᾶν
3086 3023 3388 3094 ἀδιαίρετος
3416 3027 3576 3096 φύσει
3607 3031 3705 3083 πέ-

2258 3191 2362 3253 ρκ’.
2409 3186 2472 3239 Ἦ
2529 3188 2722 3257 μικρὰ,
2761 3191 2852 3243 καί
2908 3194 3139 3262 μεγάλη,
3191 3201 3282 3251 καὶ
3341 3201 3595 3272 σύντομος
3625 3206 3729 3258 τῶν

2185 3276 2638 3347 ὑποτασσομένων
2684 3281 2886 3350 κλίμαξ
2945 3287 3101 3338 πέντε
3157 3287 3417 3358 βαθμίδας
3456 3295 3552 3356 τὰς
3594 3297 3727 3363 πρὸς

2183 3368 2494 3439 τελειότητα
2526 3376 2794 3441 φερούσας
2843 3376 3121 3445 κέκτηται.
3157 3380 3348 3450 Πρώτη
3396 3385 3426 3452 ἡ
3467 3387 3726 3459 ἀποταγὴ,

2183 3458 2408 3528 δευτέρα
2440 3463 2472 3530 ὴ
2503 3464 2768 3534 ὑποταγὴ,
2803 3466 2959 3537 τρίτη
2995 3469 3026 3536 ἡ
3067 3470 3298 3543 ὑπακοὴ,
3325 3476 3550 3546 τετάρτη
3575 3481 3605 3546 ἡ
3634 3458 3724 3531 τα-

2182 3549 2459 3613 πείνωσις,
2516 3553 2742 3624 πέμπτη
2772 3557 2803 3624 ἡ
2838 3558 3046 3627 ἀγάπη,
3142 3563 3287 3616 ἐστιν
3313 3566 3339 3616 ό
3363 3565 3509 3628 Θεός.
3561 3570 3665 3621 Καὶ
3692 3572 3723 3638 ἡ

2183 3640 2282 3708 μὲν
2309 3641 2580 3712 ἀποταγὴ,
2624 3646 2686 3696 ἐκ
2711 3645 2805 3698 τοῦ
2834 3647 2960 3717 ᾅδου
2997 3652 3187 3718 ἀνάγει
3232 3653 3320 3706 τὸν
3347 3657 3606 3725 κείμενον,
3635 3662 3724 3711 καὶ

2177 3731 2268 3783 τὸν
2296 3727 2706 3803 δεδουλωμένον,
2730 3737 2828 3805 τῆς
2846 3737 2976 3808 ὕλης
2999 3745 3258 3814 ἐκνευροῐ.
3297 3745 3355 3797 Ἠ
3384 3747 3436 3799 δὲ
3461 3748 3721 3819 ὑποταγὴν,

2174 3823 2405 3892 Χριστὸν
2429 3819 2576 3896 εὗρε,
2604 3828 2696 3880 καὶ
2735 3828 2909 3899 τούτῳ
2939 3831 3192 3899 διακονεῖ,
3232 3835 3496 3900 ὡςάὐτός
3527 3857 3686 3907 φησιν
3708 3857 3721 3870 ·

2180 3931 2198 3963 ι
2248 3912 2443 3982 Ὀὲμοὶ
2473 3917 2758 3984 διακονῶν,
2796 3921 2922 3990 ἐμοὶ
2948 3925 3256 3978 άκολουθεί’
3308 3929 3399 3979 καὶ
3437 3930 3566 3981 ὅπου
3611 3933 3722 4000 εἰμὶ

2173 4003 2304 4072 ἐγὼ,
2331 4009 2446 4058 ἐκεῖ
2475 4007 2566 4060 καὶ
2592 4011 2620 4060 6
2657 4009 2898 4075 διάκονος
2927 4015 2955 4066 6
2976 4015 3106 4084 ἐμὸς
3135 4019 3304 4072 ἔσται.
3331 4039 3349 4071 ι
3376 4019 3482 4072 Ποῦ
3500 4021 3554 4073 δέ
3580 4024 3722 4076 ἐστιν

2544 4101 2632 4152 Ἐν
2665 4100 2813 4172 δεξιᾷ
2840 4105 2931 4158 τοῦ
2964 4107 3171 4175 Πατρὸς
3213 4110 3552 4179 ἐφεζόμενος.
3585 4114 3721 4166 Οὐκ-

2545 4187 2683 4245 εἷναι
2713 4195 2805 4246 καὶ
2837 4195 2930 4248 τὸν
2961 4197 3225 4261 διάκονον,
3256 4201 3386 4252 ὅπου
3424 4202 3512 4254 καὶ
3542 4205 3569 4254 6
3610 4204 3720 4256 δια-

2171 4280 2326 4331 κονού
2336 4298 2516 4348 μενος,
2547 4283 2877 4349 ἐπιϐιϐάζων
2895 4288 2983 4340 τὸν
3004 4290 3134 4342 πόδα
3160 4294 3293 4361 πρὸς
3331 4296 3425 4362 τὴν
3445 4296 3716 4349 ἀνάδασιν·

2165 4368 2200 4437 ἢ
2235 4372 2338 4441 πρδ
2369 4371 2462 4425 τοῦ
2499 4374 2741 4428 ἀνελθεῖν
2774 4381 2885 4440 τοῖς
2909 4381 3148 4448 τρόποις,
3179 4384 3395 4455 Χριστῷ
3425 4389 3719 4452 συναναϐὰς

2169 4461 2260 4511 καὶ
2289 4464 2770 4533 συνανερχόμενος.
2816 4467 2878 4520 Ἦ
2905 4469 2958 4521 δὲ
2987 4470 3196 4541 ὑπακοὴ
3223 4475 3575 4546 ἐνεργουμένη
3602 4479 3714 4539 ταῖς

490 4507 753 4576 disponit.
786 4511 936 4571 Hanc
985 4519 1176 4577 deinde
1219 4525 1287 4579 ab
1323 4527 1408 4581 illa
1453 4533 1731 4603 excipiens
1779 4539 2063 4596 cxaltatrix
2164 4550 2404 4614 ἐντολαῖς

2434 4553 2626 4617 διόλου,
2659 4559 2927 4611 τεκταίνει
2960 4560 3056 4630 τὴν
3077 4562 3318 4631 κλίμακα
3359 4567 3420 4616 ὲκ
3449 4565 3710 4637 διαφόρων

2164 4640 2390 4708 ἀρετῶν,
2407 4644 2499 4697 καὶ
2526 4645 2728 4710 ταύτας
2751 4647 2822 4709 ὼς
2851 4649 3136 4712 ἀναϐάσεις
3193 4654 3250 4704 ἐν
3275 4657 3336 4723 τῇ
3381 4656 3520 4724 ψυχῇ
3548 4656 3706 4708 διατῖ-

490 4699 600 4747 tum
633 4697 884 4754 charitati
917 4705 1098 4768 tradit,
1127 4717 1178 4760 et
1210 4708 1427 4767 Christo
1454 4717 1671 4771 adducit
1700 4729 1753 4772 et
1781 4721 1958 4778 offert.
1991 4725 2058 4780 Et

490 4777 566 4806 ,ιη
595 4796 687 4806 ﬂ..-
717 4786 869 4806 tu”---
1058 4795 1068 4806 .
1193 4797 1214 4806 ,-
1280 4799 1312 4806 ..
1429 4804 1435 4806 .

2204 4697 2215 4708 ι
2377 4697 2389 4705 ι
2570 4697 2724 4710 "ww
2760 4697 2820 4709 ην
2855 4697 3136 4712 -η-τ---ν--ν
3194 4697 3241 4704 ν’
3283 4697 3336 4723 -ιι
3385 4697 3520 4724 Y'Mt
3549 4697 3677 4708 ’δυη-

2182 4730 2344 4786 letat'
2367 4733 2427 4798 ἐξ
2456 4730 2521 4803 ἧς
2554 4739 2586 4806 ἡ
2629 4738 2887 4804 ὑψοποιὺς
2931 4742 3258 4804 ταπείνωσις
3297 4745 3482 4797 τοῦτον
3510 4746 3701 4798 ἀναλα-

487 4777 566 4832 sic
595 4796 687 4848 per
717 4786 929 4841 brevem
963 4795 1158 4848 scalam
1189 4797 1348 4853 facile
1373 4804 1438 4855 ad
1465 4807 1660 4860 ccelum
1693 4812 1938 4868 ascendit
1962 4817 2054 4885 qui

489 4885 613 4925 vere
646 4876 900 4931 obediens
933 4893 1033 4935 est.
1575 4893 1579 4898 ’

503 4958 806 5025 αγαγοῦσα,
843 4965 1166 5040 παρίστησι.
1198 4969 1306 5023 Καὶ
1335 4969 1497 5038 οὕτω,
1523 4971 1612 5024 διὰ
1644 4971 1743 5042 τῆς
1775 4979 2039 5048 συντόμου
2072 4982 2159 5036 κλί

500 5049 620 5118 θείᾳ
664 5053 1123 5127 ὑποτασσόμενος.

488 5233 742 5288 virtutum
772 5239 972 5293 scalam
1005 5257 1106 5296 non
1140 5254 1222 5299 est
1256 5249 1360 5312 via,
1392 5266 1550 5318 quam
1586 5253 1786 5309 ablatio
1815 5259 2054 5328 quinque
2151 5277 2217 5347 τῆ

490 5323 739 5380 vitiorum
774 5329 1091 5387 obedientiae
1127 5339 1517 5406 oppositorum,
1549 5360 1667 5413 quae
1700 5358 1827 5401 sunt
1868 5351 2055 5406 inobe-
2105 5344 2110 5352 ’

491 5410 724 5481 dieutia,
773 5422 1165 5488 contradictio,
1221 5426 1272 5479 in
1323 5445 1380 5484 se
1432 5435 1849 5502 complacentia,
1901 5455 2054 5495 amor

2167 4815 2353 4880 δοῦσα,
2389 4820 2478 4871 καὶ
2494 4821 2699 4874 ἄνωθεν
2723 4824 2959 4894 φέρουσα
2995 4826 3128 4896 πρὸς
3167 4828 3409 4897 οὐρανὸν,
3465 4830 3529 4897 τῇ
3566 4828 3710 4897 βασι-

2164 4905 2264 4957 λίδι
2292 4908 2399 4961 τῶν
2452 4912 2661 4978 ἀρετῶν
2691 4915 2877 4986 ἀγάπῃ
2920 4917 3134 4969 δίδωσι·
3170 4920 3262 4970 καὶ
3300 4919 3512 4988 Χριστῷ
3546 4936 3708 4988 προσ-

2167 5004 2362 5053 μακος,
2392 4991 2628 5056 εὐκόλως
2653 4997 2789 5064 πρὸς
2832 5001 3060 5069 οὐρανὸν
3083 5001 3365 5072 ἀνέρχεται
3397 5004 3426 5055 6
3454 5003 3511 5056 ἐν
3559 5003 3689 5071 ἁλη-

2227 5186 2365 5257 ρκα’.
2394 5188 2770 5260 Συντονωτέρα
2788 5190 2902 5253 ὁδὸς
2936 5190 3070 5260 πρὸς
3091 5191 3158 5243 τὰ
3187 5189 3294 5242 ἄνω
3328 5187 3583 5258 βασίλεια,
3617 5186 3696 5236 διὰ

2223 5295 2250 5340 ς
2288 5281 2489 5349 μικρᾶς
2518 5279 2783 5348 κλίμακος
2811 5281 2918 5334 τῶν
2937 5281 3145 5352 ἀρετῶν
3179 5282 3276 5333 οὐκ
3299 5280 3438 5332 ἐστιν
3461 5277 3694 5346 ἆλλη.ὡς

2151 5369 2181 5434 ἡ
2208 5368 2315 5420 τῶν
2346 5368 2502 5421 πέντε
2529 5371 2626 5439 τῆς
2647 5371 2892 5439 ὑπακοῆς
2921 5371 3304 5439 ἀντικειμένων
3327 5367 3507 5423 παθῶν
3544 5367 3678 5420 avai-

2154 5477 2321 5528 ρεσιςο
2348 5463 2652 5531 παρακοῆς,
2673 5463 2838 5531 φημὶ,
2861 5463 2954 5515 καὶ
2977 5456 3690 5529 ἀντιλογίας,αὒταρεσκεία;

491 5505 693 5571 proprii
716 5507 926 5575 judicii,
961 5520 1015 5566 et
1048 5511 1264 5569 funesta
1295 5522 1584 5587 superbia:
1613 5524 1725 5580 haec
1755 5537 1881 5581 sunt
1907 5531 2050 5584 ειιὶιιι

2183 5505 2333 5605 ξᾯᾶι
2381 5505 2792 5623 διζιαιώἕάέοςῗ
2805 5505 2896 5608 καὶ
2925 5553 3025 5624 τῆς
3057 5505 3298 5624 ὀλεθρίου
3335 5551 3570 5621 οἰήσεως·
3598 5539 3690 5603 αὖ·

562 5685 600 5719 “
632 5687 746 5745 Jac.
781 5707 842 5758 ιι,
877 5692 962 5750 18.
1040 5696 1257 5753 "Joan.
1293 5714 1389 5766 ιιι,
1420 5701 1512 5758 26.
