4020 6498
401 357 546 427 1985

1445 368 1720 429 CAPITA
1762 369 1912 428 PER
1962 367 2619 443 ACROSTICHIDEM.

3502 388 3644 456 1286

393 501 482 538 ται
517 484 626 555 γάρ
660 480 768 536 είσι
796 482 933 554 μέλη
961 481 1060 539 καὶ
1099 481 1242 552 μέρη
1282 478 1377 535 τοῦ
1410 478 1749 550 ἀφηνιαστοῦ
1781 476 1968 548 δαίμο-

2071 491 2310 545 membra
2363 502 2418 547 et
2469 503 2654 563 partes
2690 493 2908 553 rebellis
2953 497 3239 564 demoiiii,
3275 499 3367 568 qui
3416 501 3644 561 devorat

393 594 504 641 νος,
535 575 629 630 τοῦ
659 575 1058 638 καταπίνοντος
1085 575 1214 638 τοὺς
1231 573 1420 637 νόθους
1445 573 1555 625 τῶν
1578 571 1858 639 ὑπηκόων,
1873 569 1970 623 καὶ

391 669 859 742 παραπέμποντος
883 670 950 739 τῇ
981 667 1206 737 ἀϐύσσῳ
1233 664 1312 736 τῷ
1339 664 1616 735 δράκοντι.
1649 663 1760 718 Καὶ
1799 665 1834 732 ἡ
1871 662 1968 731 μὲν

395 760 650 831 παρακοή
717 760 834 813 ἐστι
876 758 937 811 τὸ
985 756 1081 811 τοῦ
1113 756 1238 828 ᾅδου
1275 755 1485 826 στόμα·
1511 756 1546 824 ἡ
1580 754 1636 806 δὲ
1668 751 1967 820 ἀντιλογία,

391 854 425 922 ἠ
451 852 674 918 γλῶσσα
727 849 894 904 αὑτοῦ
948 849 1024 914 ὡς
1082 848 1231 912 ὀξεῖα
1265 846 1540 918 μάχαιρα·
1569 846 1603 916 ἡ
1643 844 1700 898 δὲ
1735 842 1972 911 αὐταρέ.

388 959 570 1005 σκεια,
608 941 819 1002 ὀδόντες
848 939 1012 992 αὐτοῦ
1039 938 1371 1008 ἡκονημένοι
1393 954 1407 970 ο
1440 935 1502 988 τὸ
1524 933 1580 988 δὲ
1622 933 1917 1000 δικαίωμα,
1941 929 1972 982 ὁ

388 1032 572 1105 θώραξ
594 1031 758 1086 αὐτοῦ
781 1051 794 1062 ·
848 1032 883 1102 ἡ
915 1031 970 1083 δὲ
1021 1028 1338 1090 διάπνευσις
1387 1027 1485 1096 τῆς
1530 1023 1832 1095 παμφάγου
1866 1040 1970 1092 γα·-

389 1127 552 1196 στρὸς
586 1122 774 1186 αὑτοῦ,
827 1125 860 1192 ἠ
892 1121 1028 1190 πρὸς
1054 1121 1145 1174 τὸν
1170 1120 1304 1190 ᾅδην
1345 1117 1748 1188 προπέμπουσα
1771 1115 1967 1185 οἴησις.

392 1221 583 1281 Ὅστις
608 1216 665 1270 δὲ
695 1215 755 1268 τὸ
784 1215 1002 1284 πρῶτον
1028 1212 1117 1266 διά
1139 1212 1238 1278 τῆς
1270 1209 1517 1277 ὑπακοῆς
1540 1209 1686 1278 νικᾷ,
1716 1206 1784 1258 τὰ
1808 1202 1971 1258 λοιπά

388 1313 478 1379 ὑφ’
513 1310 571 1362 ἓν
614 1305 934 1378 περιέκοψε,
967 1306 1060 1359 καὶ
1101 1305 1183 1367 είς
1241 1302 1507 1373 οὐρανοὺς
1567 1301 1656 1354 διὰ
1698 1298 1798 1367 τῆς
1841 1297 1970 1366 μιᾶς

389 1401 650 1471 βαθμίδος
702 1399 867 1464 ὀξέως
896 1397 986 1449 ἀνέ
997 1408 1204 1466 ρχεται.
1227 1392 1340 1446 Θαῦ
1351 1410 1425 1462 μα
1445 1391 1501 1444 δὲ
1529 1391 1720 1452 ὄντως,
1743 1388 1838 1440 καὶ
1862 1386 1972 1438 τῶν

387 1495 644 1566 ἀρρήτων
671 1492 753 1556 ὃν,
785 1492 880 1544 καὶ
905 1491 1220 1556 ἀνέφικτον,
1256 1487 1349 1539 καὶ
1383 1484 1542 1538 τοῦτο
1595 1485 1623 1536 ὁ
1664 1480 1971 1551 φιλάνθρω-

388 1603 489 1649 πος
528 1586 686 1656 ἡμῶν
717 1583 982 1652 πεποίηκε
1016 1580 1244 1650 Κύριος,
1281 1579 1362 1640 τὸ,
1398 1577 1485 1630 διά
1513 1577 1639 1645 μιᾶς
1669 1573 1892 1642 ἀρετῆς,
1935 1570 1968 1640 ἢ

392 1679 596 1748 μᾶλλον
619 1677 913 1744 ἐπιταγῆς,
947 1674 1192 1744 ἀχρόνως
1218 1674 1298 1734 είς
1327 1671 1589 1742 οὐρανοὺς
1622 1663 1968 1736 ἀνέρχεσθαι,

387 1770 577 1838 ὥσπερ
607 1767 702 1820 καὶ
727 1766 814 1819 διὰ
838 1767 966 1834 μιᾶς
996 1762 1280 1834 παρακοῆς
1307 1761 1388 1824 είς
1419 1759 1511 1814 τὸν
1537 1758 1670 1829 ᾅδην
1699 1753 1971 1824 κατήλθα-

391 1876 495 1929 μεν
520 1858 613 1911 καὶ
645 1873 776 1910 κατε
788 1855 1046 1926 ρχόμεθα.

389 2041 576 2103 καινὸς
621 2037 976 2108 ὀνομάζεται,
1027 2034 1172 2088 κατὰ
1205 2034 1296 2087 τὸν
1341 2032 1483 2088 θεῖον
1523 2027 1850 2084 Ἀπόστολον
1879 2027 1971 2079 τὸν

384 2132 612 2188 εἰπόντα
632 2146 646 2162 ⁸
677 2148 698 2182 ι
730 2129 792 2183 Εἴ
816 2145 902 2192 τις
927 2129 985 2180 ὲν
1013 2125 1235 2198 Χριστῷ
1255 2124 1418 2194 καινὴ
1449 2121 1646 2184 κτίσις.
1675 2137 1696 2173 ι
1726 2117 1838 2176 Καὶ
1859 2115 1968 2188 γὰρ

385 2224 480 2276 καὶ
508 2221 758 2290 οὐρανὸς,
791 2219 886 2276 καὶ
917 2217 1012 2287 γῆ,
1045 2216 1142 2272 καὶ
1173 2216 1356 2270 πάντα
1386 2215 1490 2267 ὅσα
1511 2214 1541 2267 ὁ
1571 2211 1799 2282 κόσμος,
1823 2209 1852 2262 ό
1873 2207 1969 2260 άν-

385 2314 603 2384 θρωπος
655 2309 865 2380 γίνεται
913 2325 972 2362 τε
1026 2307 1170 2363 κατά
1219 2307 1424 2378 ἀρετὴν
1453 2302 1549 2358 καὶ
1595 2299 1965 2372 ὀνομάζεται*

385 2408 530 2476 ὑπὲρ
547 2400 610 2461 οὗ
642 2405 789 2466 ἄπας
811 2404 969 2472 λόγος
992 2402 1088 2455 καὶ
1121 2399 1268 2456 ἀπαν
1293 2399 1617 2470 μυστήριον,
1645 2397 1723 2463 ὥς
1745 2412 1914 2469 φησιν
1938 2397 1970 2452 ό

383 2497 668 2566 Θεολόγος.
723 2493 942 2565 Ἐπειδὴ
980 2493 1091 2564 γάρ
1128 2508 1148 2544 ι
1183 2491 1286 2560 τὴν
1337 2489 1516 2560 πάλην
1549 2487 1707 2562 ἡμῶν
1737 2481 1878 2542 εἶναι
1904 2484 1968 2539 οὐ

385 2590 523 2661 πρὸς
562 2583 703 2658 αἷμα
735 2586 834 2642 καὶ
885 2584 1089 2655 σάρκα,
1123 2581 1260 2638 ἀλλά
1300 2581 1440 2653 πρὸς
1471 2580 1571 2644 τὰς
1601 2577 1798 2651 ἀρχὰς,
1828 2577 1968 2647 πρὸς
2005 2626 2008 2630 .

383 2682 484 2744 τὰς
518 2677 770 2744 ἐξουσίας
795 2676 892 2731 τοῦ
926 2675 1150 2739 σκότους
1186 2673 1282 2727 τοῦ
1331 2672 1528 2736 αἰῶνος
1577 2671 1794 2733 τούτου,
1826 2670 1969 2739 πρὸς

383 2774 454 2832 τά
476 2768 827 2840 πνευματικά
857 2767 954 2839 τῆς
973 2766 1238 2838 πονηρίας
1275 2767 1333 2820 ὲν
1353 2767 1467 2828 τοῖς
1507 2761 1852 2831 ἐπουρανίοις
1872 2758 1968 2814 τοῦ

384 2865 646 2934 ἄρχοντος
679 2861 776 2914 τοῦ
815 2861 1004 2930 ἀέρος,
1069 2876 1090 2911 ι
1145 2856 1240 2912 τοῦ
1308 2855 1632 2910 ’Δποστόλου
1667 2854 1966 2924 φήσαντος,

385 2953 644 3025 ἁρμόδιον
673 2949 816 3007 εἶναι
838 2950 914 3016 ὡς
944 2953 1024 3014 εἰς
1063 2949 1268 3020 κόσμον
1304 2947 1464 3004 ἄλλον
1517 2946 1694 3018 μέγαν
1735 2946 1838 3016 τῆς
1867 2942 1978 3014 cpti-

387 3060 526 3106 σεως
550 3042 660 3096 τῶν
685 3039 932 3112 ψυχικῶν
970 3039 1130 3110 ⁴ἡμῶν
1175 3038 1461 3109 δυνάμεων
1489 3031 1630 3091 εῖναι
1657 3036 1786 3098 τοὺς
1813 3035 1965 3089 ἀντι-

1989 1822 2036 1881 Β

463 1948 603 2019 ρκβ’.
624 1921 852 2015 "nemp
870 1921 1027 2007 ἀλλος
1050 1943 1255 2013 κόσμος
1283 1941 1458 2004 διττὸς
1489 1938 1518 1996 ὁ
1547 1938 1855 2008 ἄνθρωπος,
1874 1933 1972 1987 καὶ¹
2004 1921 2019 1931 ”

2074 580 2214 635 tilios
2262 598 2543 639 servorum
2575 600 2821 654 suorum,
2849 599 3054 656 eosque
3083 587 3344 644 Tartareo
3403 601 3648 648 reservat

2075 673 2318 730 draconi.
2352 676 2724 734 lnobedientia
2771 691 2851 734 est
2899 681 3096 736 interni
3127 696 3223 746 os;
3257 683 3644 752 contradictio,

2070 765 2189 834 ejus
2241 766 2420 837 lingua
2459 779 2516 824 ut
2559 771 2770 839 gladius
2826 782 3182 838 mucronata;
3226 775 3642 840 complaeentia.

2071 859 2261 912 (lentes
2289 859 2406 928 ejus
2431 861 2576 915 acuti
2599 877 2614 926 ;
2643 863 2921 932 proprium
2948 864 3234 933 judicium.
3268 867 3385 934 ejus
3410 877 3599 933 pectus
3624 883 3645 934 ;

2070 959 2123 1003 et
2161 951 2432 1018 spiramen
2469 953 2677 1008 ventris
2705 957 2842 1023 ejus,
2873 957 3097 1013 trahens
3131 957 3197 1012 ad
3229 957 3504 1012 infernum
3550 974 3645 1013 su-

2072 1042 2276 1108 perbia.
2333 1040 2590 1112 Quisquis
2637 1055 2815 1100 autem
2865 1048 3100 1114 primum
3155 1048 3284 1102 illud
3336 1050 3643 1107 oheilientia

2072 1143 2314 1200 superat,
2362 1143 2560 1190 caetera
2615 1153 2722 1191 uno
2750 1139 2986 1193 concidit
3018 1141 3147 1203 ictu,
3178 1149 3234 1192 et
3264 1141 3316 1194 in
3351 1141 3517 1196 cmlos
3548 1157 3644 1208 per

2072 1241 2236 1279 unum
2289 1227 2512 1296 gradum
2564 1229 2710 1283 illico
2741 1233 3005 1290 ascendit,
3060 1233 3153 1285 sed
3201 1233 3446 1286 mirabile
3487 1249 3643 1301 pror-

2069 1330 2162 1370 sus
2211 1317 2682 1386 inenarraltileque
2730 1330 2784 1373 et
2833 1320 3110 1376 iucll‘abile
3141 1331 3224 1377 est
3258 1324 3644 1380 misericordia

2070 1405 2162 1461 Dei
2193 1407 2418 1469 donum.
2453 1410 2534 1464 sic
2569 1425 2663 1479 per
2697 1425 2856 1464 unam
2888 1413 3164 1472 virtutem,
3199 1428 3294 1466 seu
3335 1416 3515 1481 potius
3547 1429 3645 1480 per

2069 1515 2233 1563 unum
2280 1501 2590 1555 mandatum
2625 1501 2911 1557 confestim
2955 1505 3020 1557 ad
3050 1504 3218 1558 cmlos
3249 1507 3638 1567 conscendere,

2069 1599 2130 1648 ut
2163 1606 2260 1660 per
2293 1591 2460 1646 solam
2513 1593 2936 1649 inobedientiam
2992 1595 3045 1650 in
3101 1595 3372 1650 infernum
3428 1595 3640 1651 delabi-

2068 1695 2191 1734 mur
2216 1690 2270 1736 et
2303 1682 2628 1738 decidimus.

2134 1940 2260 1996 1‘22.
2307 1941 2445 1995 Tum
2483 1943 2778 2006 secundus,
2833 1953 2944 1998 tum
2995 1958 3168 1999 novus
3220 1945 3360 1999 alter
3411 1945 3642 2001 mundus

2060 2042 2289 2088 vocatur
2316 2034 2498 2098 homo,
2519 2035 2668 2103 juxta
2694 2036 2875 2090 divum
2903 2036 3219 2106 Apostolum
3248 2037 3516 2092 dicentem
3548 2038 3593 2068 ¹³
3619 2053 3639 2097 :

2070 2143 2089 2177 ι
2134 2125 2190 2178 Si
2225 2141 2330 2194 qua
2364 2126 2416 2179 in
2449 2125 2671 2182 Christo
2710 2143 2844 2182 nova
2893 2136 3164 2185 creatura.
3199 2147 3218 2182 ι
3254 2128 3495 2199 Namque
3523 2145 3641 2186 cm-

2062 2222 2172 2275 lum
2223 2228 2479 2292 terraque
2528 2231 2582 2276 et
2627 2224 2915 2279 universus
2964 2225 3194 2279 mundus
3244 2225 3407 2280 homo
3455 2235 3541 2280 est
3587 2234 3642 2280 et

2062 2311 2411 2378 nominatur,
2467 2321 2690 2382 propter
2743 2327 2903 2382 quem
2959 2329 3120 2370 omne
3171 2325 3259 2370 est
3313 2315 3534 2370 verbum
3585 2323 3642 2371 et

2062 2417 2227 2460 omne
2256 2403 2598 2476 mysterium,
2633 2414 2693 2459 ut
2725 2405 2802 2460 ait
2832 2404 3158 2477 Tlieologus.
3194 2407 3409 2462 Etenim
3444 2426 3462 2459 ι
3500 2423 3642 2476 quo-

2063 2495 2208 2549 niam
2243 2509 2352 2550 non
2385 2502 2471 2550 est
2504 2495 2661 2550 nobis
2695 2495 3011 2550 colluctatio
3043 2496 3306 2552 adversus
3339 2511 3558 2551 carnem
3584 2503 3642 2554 et

2061 2585 2406 2655 sanguinem,
2454 2586 2548 2642 sed
2597 2588 2856 2642 adversus
2910 2585 3184 2656 principes
3226 2594 3281 2644 et
3318 2593 3640 2656 potestates,

2061 2681 2323 2733 adversus
2357 2685 2599 2734 rectores
2632 2679 2978 2732 tenebrarum
3011 2677 3174 2747 hujus
3205 2677 3420 2751 saeculi,
3449 2685 3640 2732 contra

2059 2768 2367 2838 spiritualia
2398 2768 2653 2837 nequitia:
2687 2769 2740 2824 in
2774 2768 3091 2824 ccelestibus
3122 2768 3282 2838 primi
3317 2769 3483 2833 aeris,
3521 2787 3540 2820 ι
3577 2775 3642 2823 ut

2059 2863 2138 2918 ait
2187 2861 2479 2934 Apostolus
2533 2860 2601 2926 “,
2654 2860 3038 2918 cenvenienter
3085 2860 3232 2915 velut
3279 2859 3330 2914 in
3379 2873 3637 2927 magnum

2061 2954 2292 3009 alterum
2339 2961 2552 3010 natura:
2603 2953 2860 3008 mundum
2915 2952 2967 3005 in
3016 2952 3211 3006 animae
3257 2961 3455 3006 nostrae
3493 2951 3641 3007 vires

2060 3049 2302 3110 pugnant
2323 3040 2552 3096 latentes
2573 3040 2876 3111 adversarii
2906 3042 3100 3096 nostri.
3127 3040 3261 3095 Nam
3283 3041 3638 3098 colluctaules

385 3133 717 3196 παλαίοντας
739 3134 872 3202 ἡμῖν
919 3128 1180 3202 κρυπτῶς
1199 3147 1214 3162 ο
1249 3128 1389 3184 κατά
1421 3127 1531 3184 τῶν
1574 3127 1742 3198 τριῶν
1773 3125 1884 3198 γάρ
1917 3126 1970 3181 oi

2065 3133 2219 3190 nobis
2289 3141 2400 3188 tres
2459 3135 2732 3201 principes
2799 3142 2907 3190 tres
2984 3135 3302 3202 impugnant
3369 3134 3642 3202 potentias

383 3229 536 3298 τρεῖς
587 3226 850 3296 ἄρχοντες
899 3225 1013 3286 τοῖς
1051 3223 1383 3290 ἀγωνισταῖς
1429 3217 1969 3289 ἀντικαθιστάμενοι,

385 3317 839 3387 ἐκστρατεὺουσι,
867 3314 962 3368 καὶ
979 3313 1104 3367 καθ’
1138 3312 1166 3366 ὃ
1210 3313 1278 3366 ἀν
1307 3311 1582 3383 προέκοψέ
1625 3329 1729 3374 τις,
1762 3309 1857 3366 καὶ
1887 3311 1970 3371 είς

382 3413 520 3482 ὅπερ
575 3409 889 3481 ἐργάζεται,
945 3408 1036 3461 ὑπ’
1071 3406 1254 3462 αὐτῶν
1291 3404 1629 3474 πολεμεῖται.
1673 3403 1835 3457 Καὶό
1865 3400 1969 3473 μὲν

381 3504 596 3573 δράκων
634 3502 661 3554 ὁ
689 3501 871 3572 ἄρχων
903 3501 1001 3566 τῆς
1029 3497 1291 3563 ἀϐύσσου,
1329 3497 1465 3567 πρὸς
1492 3496 1622 3559 τοὺς
1651 3493 1969 3566 καρδιακῶς

383 3593 752 3664 προσέχοντας
798 3589 1180 3661 ἐκστρατεύων
1217 3589 1518 3651 ἐνίσταται,
1565 3588 1641 3649 ὡς
1694 3587 1832 3656 πρὸς
1867 3587 1967 3654 τὴν

383 3685 554 3753 ὀσφὺν
604 3681 703 3751 τῆς
736 3681 1034 3751 ἐπιθυμίας
1080 3678 1178 3733 καὶ
1232 3676 1328 3730 τοῦ
1373 3675 1622 3747 ὀμφαλοῦ
1655 3676 1756 3744 τὴν
1813 3675 1966 3744 ἰσχὺν

383 3773 544 3843 ἔχων,
575 3773 670 3832 καὶ
698 3771 787 3825 διά
824 3769 918 3824 τοῦ
949 3770 1048 3840 τῆς
1068 3768 1244 3840 λήθης
1272 3767 1522 3838 ἐνηδόνου
1558 3765 1833 3835 γίγαντος,
1865 3763 1967 3827 τὰς

382 3864 686 3925 καυστικὰς
704 3863 814 3916 τῶν
838 3862 1253 3932 πεπυρωμένων
1277 3860 1444 3930 βελῶν
1465 3859 1723 3930 δυνάμεις
1751 3857 1966 3912 ἀκοντί-

383 3956 492 4020 ζων
521 3956 728 4023 αὐτοῖς,
759 3955 950 4023 ὥσπερ
973 3953 1251 4008 θάλασσαν
1273 3951 1464 4021 ἄλλην,
1495 3951 1592 4007 καὶ
1610 3950 1845 4007 ἄϐυσσον
1867 3948 1966 4019 τὴν

382 4044 683 4114 ἐπιθυμίαν
705 4042 868 4113 ἔχων,
895 4042 1088 4108 δύνων,
1118 4042 1213 4096 καὶ
1241 4041 1450 4112 ἕρπων,
1480 4039 1576 4094 καὶ
1611 4041 1966 4111 ἐκταράττων

383 4137 552 4207 αὐτὴν
582 4137 678 4191 καὶ
703 4135 974 4206 ἀφρίζων,
1005 4133 1226 4198 ἀναζέει
1257 4135 1426 4202 αὐτὴν
1447 4174 1462 4199 ,
1491 4133 1587 4188 καὶ
1616 4133 1752 4203 πρὸς
1778 4147 1968 4185 συνου-

384 4226 652 4297 σιασμοὺς
704 4225 938 4292 ἐκκαίει,
975 4225 1071 4280 καὶ
1100 4227 1212 4288 τοῖς
1247 4225 1355 4278 τῶν
1409 4223 1612 4295 ἡδονῶν
1641 4223 1969 4295 χειμάρροις

2067 3225 2295 3292 animm;
2331 3235 2382 3280 et
2413 3228 2502 3281 ubi
2537 3229 2810 3294 prolectus
2840 3236 2940 3287 est.
2979 3226 3065 3281 ubi
3105 3227 3273 3292 labor,
3305 3227 3374 3280 ibi
3398 3227 3638 3296 prailium

2066 3320 2433 3373 committunt.
2514 3318 2576 3370 Et
2633 3320 2847 3386 quidem
2923 3318 3087 3372 draco
3151 3317 3404 3387 princeps
3464 3316 3638 3385 abyssi

2066 3420 2255 3465 contra
2302 3424 2399 3464 eos
2427 3411 2514 3477 qui
2563 3420 2690 3462 sunt
2719 3408 2879 3460 corde
2913 3408 3126 3469 attenti,
3156 3409 3421 3462 dimicans
3455 3405 3638 3459 insur-

2064 3506 2161 3572 git,
2196 3512 2379 3572 utpote
2417 3504 2468 3554 in
2502 3501 2997 3569 concupiscentiam
3030 3501 3338 3553 lumborum
3370 3510 3422 3554 et
3458 3501 3638 3552 unthi-

2063 3595 2153 3648 lici
2194 3588 2513 3662 potestatem
2568 3591 2810 3654 habens;
2861 3601 2916 3644 et
2965 3605 3059 3658 per
3107 3589 3467 3657 voluptarium
3505 3589 3641 3642 obli-

2066 3687 2239 3738 vionis
2270 3684 2538 3752 gigantem
2573 3682 2845 3735 ﬂanimeos
2879 3681 3168 3748 ignltorum
3211 3681 3434 3732 telorum
3471 3680 3640 3746 impe-

2064 3787 2152 3832 tus
2188 3779 2241 3830 in
2290 3776 2410 3829 illos
2450 3774 2716 3844 jaculans,
2754 3772 3248 3839 concupiscentiam
3284 3771 3439 3839 quasi
3490 3786 3640 3823 mare

2063 3869 2232 3930 subit,
2266 3867 2473 3936 irrepit,
2505 3868 2806 3934 perturbat,
2837 3873 2890 3917 et
2922 3878 3229 3930 spumosam
3267 3862 3640 3928 fervidamque

2063 3961 2212 4018 facit,
2242 3969 2297 4012 et
2339 3961 2403 4010 ad
2436 3956 2658 4024 capulas
2687 3955 2931 4008 carnales
2973 3953 3276 4017 succendit,
3307 3963 3362 4005 et
3391 3952 3640 4019 volupta-

2063 4060 2173 4105 tum
2209 4049 2542 4103 torrentibus
2591 4047 2841 4111 inundat,
2874 4053 2929 4098 et
2971 4053 3227 4110 tanquam
3277 4044 3636 4096 insatiabilem

2059 4156 2169 4196 non
2225 4140 2434 4208 implet.
2484 4137 2742 4203 Princeps
2793 4145 2968 4189 autem
3026 4135 3208 4188 mundi
3267 4135 3423 4199 hujus
3473 4150 3637 4203 opera

2058 4232 2290 4288 virtutes
2332 4235 2718 4296 persequentes
2771 4225 3107 4294 aggreditur,
3147 4233 3413 4292 quatenus
3450 4232 3640 4278 contra

381 4317 662 4381 ἐπικλύζει
694 4316 887 4387 αὐτὴν,
925 4317 1018 4372 καὶ
1047 4317 1123 4382 ὡς
1153 4316 1430 4388 ἄπληστον
1461 4316 1562 4370 οὐκ
1599 4315 1873 4386 ἐμπιπλᾷ.
1907 4315 1965 4367 '0

2065 4332 2270 4393 partem
2307 4319 2640 4376 irascibilcm
2689 4317 2939 4382 luctans;
2975 4328 3027 4369 et
3062 4331 3156 4385 per
3190 4315 3418 4384 ignavae
3451 4315 3644 4384 gigan-

275 4407 280 4411 ’
378 4409 436 4463 δὲ
467 4408 650 4480 ἄρχων
683 4408 779 4462 τοῦ
811 4409 1018 4479 κόσμου
1051 4409 1242 4463 τούτου
1296 4409 1433 4480 πρὸς
1457 4409 1584 4473 τοὺς
1606 4408 1706 4479 τὴν
1736 4423 1968 4476 πρακτι-

2065 4425 2171 4472 tem
2227 4412 2539 4470 omnimoda
2597 4411 2912 4477 passionum
2972 4407 3242 4478 priestigia
3301 4406 3354 4460 in
3411 4406 3642 4460 alterius

381 4501 482 4572 κὴν
515 4501 720 4574 ἀρετὴν
769 4501 1209 4573 μετερχομένους
1255 4502 1594 4568 ἀνθίσταται,
1623 4503 1698 4566 ὡς
1737 4499 1876 4571 πρὸς
1907 4499 1968 4552 τὸ

2065 4509 2248 4564 mundi
2286 4506 2430 4560 illius
2462 4506 2740 4559 theatrum
2778 4510 2832 4555 et
2877 4501 3109 4555 stadium
3160 4514 3335 4568 pugna
3368 4499 3639 4564 spirituali

384 4593 616 4665 θυμικὸν
637 4593 737 4666 τὴν
754 4593 935 4666 πάλην
971 4593 1132 4666 ἔχων,
1165 4595 1262 4649 καὶ
1287 4593 1376 4648 διὰ
1400 4594 1496 4648 τοῦ
1547 4595 1645 4665 τῆς
1694 4591 1967 4665 ῥᾳθυμίας

2065 4598 2318 4662 iaculans,
2353 4597 2437 4650 vel
2470 4593 2660 4656 vincit,
2696 4593 2781 4647 vel
2813 4593 3046 4644 vincitur
3087 4589 3154 4642 ab
3187 4589 3252 4642 iis
3296 4589 3386 4656 qui
3419 4587 3642 4642 fortiter

381 4685 658 4754 γίγαντος,
683 4686 781 4750 τὰς
803 4687 1152 4750 παντοδαπὰς
1177 4687 1286 4742 τῶν
1307 4687 1496 4740 παθῶν
1527 4684 1860 4756 μαγγανείας
1892 4682 1968 4746 ὡς

2065 4704 2227 4760 usque
2276 4687 2374 4756 ipsi
2421 4686 2721 4748 resistunt;
2757 4689 2812 4737 ct
2864 4695 3093 4735 coronas
3138 4689 3229 4732 aut
3281 4679 3639 4747 ignominiam

380 4778 458 4839 εἰς
491 4777 700 4848 κόσμον
757 4777 941 4843 ἄλλον,
992 4779 1026 4849 ἢ
1080 4778 1311 4850 θέατρόν
1374 4797 1433 4832 τε
1487 4778 1582 4831 καὶ
1620 4776 1836 4830 στάδιον
1864 4771 1965 4845 τὴν

2065 4782 2110 4835 in
2145 4788 2438 4847 conspectu
2471 4776 2781 4848 angelorum
2817 4773 2970 4826 nobis
3005 4786 3349 4840 comparans,
3397 4785 3492 4824 sua
3528 4772 3640 4825 tela

374 4869 553 4943 πάλην
608 4869 813 4940 νοερῶς
859 4872 1052 4936 ποιῶν,
1087 4871 1273 4934 νικῶν,
1308 4872 1340 4941 ἢ
1369 4871 1676 4942 ἡττώμενος
1704 4869 1832 4938 τοὺς
1857 4873 1944 4928 ἀεὶ

384 4953 533 5026 αὐτῷ
562 4953 833 5028 ἀνδρικῶς
871 4955 1373 5026 προσπαλαίοντας,
1425 4959 1520 5012 καὶ
1554 4961 1877 5027 στεφάνους,
1927 4965 1962 5036 ἢ

384 5044 648 5114 αἰσχύνην
697 5043 928 5098 ἐνώπιον
970 5045 1220 5113 ἀγγέλων
1270 5047 1458 5111 αὐτοῖς
1514 5050 1816 5120 προξενῶν,
1866 5054 1966 5118 τὰς

385 5136 724 5205 παρατάξεις
745 5134 909 5189 αὐτοῦ
941 5134 1064 5189 καθ’
1106 5136 1264 5206 ἡμῶν
1303 5137 1570 5210 διηνεκῶς
1617 5141 1964 5213 καθοπλίζει,

384 5228 516 5294 ἡμῖν
571 5226 895 5296 μαχόμενος.
968 5227 1028 5279 ’0
1067 5227 1126 5281 δὲ
1157 5228 1340 5298 ἄρχων
1393 5229 1489 5284 τοῦ
1517 5230 1678 5303 ἀέρος
1741 5235 1867 5299 τοὺς
1897 5241 1965 5310 τῇ

384 5317 598 5388 διανοίᾳ⁵
631 5319 768 5388 πρὸς
797 5317 1030 5390 θεωρίαν
1078 5319 1438 5390 σχολάζοντας
1485 5323 1799 5396 ἐπέρχεται,
1832 5345 1967 5397 φαν-

383 5411 870 5480 τασιοσκοπῶν,ὼς
904 5413 1040 5486 πρὸς
1059 5414 1120 5467 τὸ
1146 5414 1364 5482 λογικόν
1385 5432 1444 5468 τε
1480 5418 1572 5470 καὶ
1600 5419 1785 5490 νοερὸν
1817 5422 1971 5490 ἐγγί-

387 5501 519 5566 ζων,
551 5503 690 5573 μετά
713 5503 824 5557 τῶν
846 5505 944 5573 τῆς
973 5505 1239 5575 πονηρίας
1272 5503 1368 5558 τοῦ
1409 5506 1574 5577 ἀέρος
1606 5512 1968 5579 πνευμάτωνο

390 5595 486 5649 καὶ
532 5593 621 5648 διὰ
677 5593 774 5648 τοῦ
803 5596 902 5667 τῆς
935 5596 1160 5666 ἀγνοίας
1189 5597 1448 5668 γίγαντος
1503 5601 1601 5670 τὴν
1635 5582 1983 5679 άνατατικὴνλ

453 5761 494 5791 ⁸³
523 5761 539 5815 Ι
577 5760 702 5818 Cor.
736 5777 791 5826 ν,
822 5762 910 5818 Π.
985 5764 1030 5796 ⁸⁵
1058 5764 1258 5836 Ephes.
1287 5783 1359 5837 rt,
1397 5768 1462 5822 l2

2053 4887 2273 4940 semper
2299 4879 2353 4928 et
2385 4883 2536 4923 arma
2569 4869 2621 4922 in
2650 4881 2749 4920 nos
2778 4871 3124 4932 contorquet.
3164 4862 3424 4931 Princeps
3451 4874 3636 4917 autem

2057 4964 2203 5018 aeris
2257 4962 2477 5019 trientali
2532 4966 2791 5014 vacantes
2827 4955 3059 5010 orationi
3113 4954 3338 5018 invadit,
3377 4955 3637 5023 imagina-

2063 5058 2267 5109 tionem
2318 5053 2586 5120 impetens
2633 5047 3076 5115 intellectumque
3117 5055 3171 5100 et
3212 5046 3474 5100 rationem
3506 5047 3637 5098 allo-

2065 5147 2212 5200 riens
2241 5160 2365 5198 eum
2396 5142 2646 5209 malignis
2668 5140 2948 5210 spiritibus
2977 5139 3197 5193 suberis
3218 5155 3235 5202 ;
3260 5148 3314 5194 et
3338 5153 3430 5206 per
3455 5137 3640 5206 gigan-

2063 5247 2171 5293 tem
2205 5236 2530 5307 ignorantiaa
2557 5233 2893 5301 superiorem
2922 5231 3234 5287 intellectus
3257 5239 3461 5296 partem
3490 5229 3638 5283 velut

2061 5331 2294 5384 alterum
2326 5324 2609 5395 spirituale
2638 5323 2835 5378 caelum
2870 5337 3088 5378 coenose
3118 5320 3318 5383 turbat,
3356 5328 3412 5372 et
3459 5319 3636 5387 phan-

2061 5421 2282 5475 tasticas
2307 5417 2738 5484 tenebrosasquc
2761 5415 3046 5485 spirituum
3073 5413 3274 5466 formas
3297 5418 3342 5464 et
3373 5419 3638 5467 transum-

2059 5511 2316 5576 tatioues,
2347 5509 2502 5578 quasi
2537 5508 2768 5578 fulgura,
2804 5518 2858 5560 et
2887 5511 3146 5566 tonitrua,
3179 5501 3551 5572 procellasque
3580 5509 3640 5554 et

2053 5603 2302 5674 fragores
2353 5600 2652 5668 exhibens,
2706 5609 2967 5656 terrorem
3022 5596 3238 5653 incutit.
3293 5593 3375 5650 [ιιι
3432 5591 3632 5664 singuli
