4020 6464
460 338 600 405 1287
1685 342 2041 405 ϐΠΕϐΟὶὶΙ

2152 338 2482 403 ΞΙΝΛῙΤίΕ
3565 353 3699 417 1ἓ83

455 454 703 530 singulas
733 459 1061 530 impugnant
1093 451 1608 526 tripartitte'a'nimm
1643 449 1952 525 larultates,
1980 471 2033 513 et

2152 459 2381 511 Βιάνοιαν
2407 457 2662 528 καθάπερ
2684 457 2842 513 ἀλλον
2865 458 3084 529 λογικὸν
3109 461 3166 515 οὑ
3179 463 3339 533 ρανδν
3361 465 3705 535 ἐκταράττων

454 570 563 623 quo
591 552 792 608 bellum
827 551 1029 617 ierunt,
1061 552 1151 606 hic
1180 568 1415 624 pugnam
1446 553 1814 607 committunt.

2152 549 2314 612 θολοῖ,
2345 549 2444 611 τὰς
2471 551 2846 616 φανταστικὰς
2873 551 2970 602 καὶ
2992 554 3314 622 ὁμιχλώδεις
3335 557 3443 610 τῶν
3465 561 3710 627 πνευμάο

453 665 568 702 των
611 646 948 716 μορφώσεις,
993 652 1091 698 καὶ
1134 647 1263 710 τοὺς
1293 646 1855 716 μετασχηματισμοὺς
1908 641 2209 712 ἀπατηλῶς
2241 643 2496 710 καθάπερ
2537 643 2853 712 ἀστραπὰς,
2881 644 2978 697 καὶ
3011 645 3268 717 βροντάς,
3293 651 3606 718 καταιγίδας
3634 669 3697 704 τε

452 743 547 794 καὶ
578 741 786 809 ψόφους
813 739 1018 808 φέρων,
1055 739 1259 794 δειλίαν
1299 743 1518 810 ἐπάγει.
1556 742 1831 801 Ἕκαστος
1865 739 2087 808 ἑκάστῳ
2116 737 2361 809 δηλονότι
2386 738 2474 790 διὰ
2505 739 2613 792 τῶν
2647 739 2817 810 τριῶν
2845 740 2984 812 πρὸς
3013 741 3074 794 τὸ
3110 744 3372 816 τριμερὲς
3401 746 3499 818 τῆς
3522 747 3697 820 ψυχῆς

452 833 868 902 προσπαλαίων,
903 834 1228 888 ἀνθίσταται
1304 834 1399 886 καὶ
1433 833 1576 903 πρὸς
1601 835 1628 887 ὃ
1659 839 1748 888 τὸν
1785 834 2026 903 πόλεμον
2057 832 2194 904 ἔχει,
2229 835 2366 905 πρὸς
2398 833 2530 886 αὐτὸ
2571 835 2668 888 καὶ
2706 836 2796 889 τὸν
2823 836 3014 904 ἀγῶνα
3045 836 3330 910 κέκτηται.

517 916 642 971 125.
677 918 747 972 At
775 920 945 983 enim,
979 923 1228 988 quamvis
1261 922 1374 976 sint
1404 925 1652 990 spiritus,
1691 925 1814 994 quia
1849 934 2028 979 tamen

446 1006 679 1074 pristina
710 1009 1174 1066 immaterialitate
1207 1026 1271 1066 ac
1305 1013 1658 1081 simplicitate
1688 1016 2028 1076 exciderunt,

449 1099 790 1153 materialem
834 1103 1123 1170 quamdam
1163 1103 1327 1158 habet
1362 1107 1734 1176 unusquisque
1761 1107 2033 1175 composi-

453 1191 678 1257 tionem,
710 1195 886 1249 ordini
918 1205 1012 1250 aut
1058 1199 1364 1266 operationi
1398 1199 1730 1254 assimilatns
1761 1201 2028 1268 corporis,

449 1283 516 1335 ad
551 1285 693 1351 quod
740 1289 1070 1343 movendum
1119 1289 1296 1345 factus
1326 1299 1428 1345 est.
1472 1292 1609 1358 Quia
1643 1293 1788 1347 enim
1821 1302 1878 1348 et
1909 1294 2030 1361 ipsi,

451 1375 690 1432 hominis
721 1377 912 1443 instar.
944 1383 1204 1451 angelicis
1247 1384 1464 1452 spoliati
1499 1384 1704 1439 divitiis
1737 1385 2034 1454 divinaque

451 1469 648 1534 privati
685 1471 982 1540 voluptate,
1034 1483 1309 1529 terrenam
1361 1477 1506 1533 sicut
1534 1486 1589 1532 et
1623 1492 1724 1532 nos
1751 1478 2036 1546 patiuntur

451 1560 822 1628 voluptatem,
869 1564 1180 1622 materiales
1229 1567 1396 1621 etiam
1451 1571 1850 1636 quodammodo
1903 1569 2033 1625 facti

451 1661 584 1706 sunt
616 1651 976 1708 materiaiium
1008 1657 1321 1724 passionum
1369 1657 1681 1724 habitihns;
1713 1673 1891 1726 neque
1931 1659 2036 1712 mi-

453 1757 573 1798 rum
614 1752 715 1810 est,
748 1758 912 1814 quum
955 1754 1012 1800 et
1055 1747 1232 1800 anima
1276 1757 1463 1805 nostra
1510 1749 1574 1804 ad
1603 1749 1696 1805 Dei
1743 1750 2036 1821 imaginem

453 1836 738 1891 rationalis
785 1837 1281 1909 intellectualisqne
1311 1850 1518 1905 creata,
1550 1842 1797 1896 bestiaiis
1829 1816 1884 1898 et
1925 1843 2040 1900 fere
2072 1816 2114 1872 Β

452 1926 636 1978 omnis
667 1941 859 1982 sensus
886 1937 941 1982 et
975 1927 1349 1998 intelligentia
1375 1946 1606 2000 exspers
1640 1931 1784 1988 facta
1825 1933 1897 1986 sit
1928 1947 2045 1986 ma-

455 2017 665 2072 terialis
699 2019 993 2087 voluptatis
1029 2023 1287 2092 operibus
1325 2038 1388 2079 ac
1433 2024 1524 2079 Dei
1557 2025 1856 2080 oblivione.
1891 2022 2042 2080 Solet

456 2110 604 2163 enim
641 2111 859 2168 habitus
893 2123 1110 2168 mutare
1161 2125 1436 2183 naturam,
1472 2126 1527 2171 et
1574 2116 1954 2186 Operationem
1986 2118 2039 2171 iu

455 2202 798 2258 voluntatem
855 2216 1200 2263 convertere.
1271 2207 1336 2263 Et
1402 2210 1632 2279 spiritus
1677 2209 1894 2280 quidem
1948 2211 2041 2265 alii

458 2307 589 2352 sunt
624 2300 954 2364 materiaies,
984 2317 1178 2371 graves
1207 2313 1262 2358 et
1296 2303 1526 2368 molesti,
1559 2305 1806 2359 iracundi
1839 2313 1896 2360 et
1925 2306 2045 2358 vin-

459 2388 632 2452 dices.
687 2390 922 2446 ferarum
975 2393 1148 2448 instar
1201 2395 1499 2458 carnivori.
1549 2405 1605 2451 et
1652 2395 1718 2449 ad
1765 2394 2043 2450 libidinem

458 2481 900 2552 voluptatemque
938 2485 1170 2547 hiantes.
1208 2491 1354 2542 velut
1385 2504 1550 2544 canes
1581 2490 1648 2543 ad
1698 2491 2042 2560 sanguinem,

459 2574 866 2643 corruptionem
916 2593 1036 2631 cum
1072 2579 1445 2649 spiritualibus
1493 2579 1837 2636 comedenda
1886 2596 2044 2634 suum

458 2666 626 2735 hujus
678 2683 920 2724 amorem
976 2673 1309 2739 ostendunt,
1365 2673 1681 2729 materiales
1728 2682 1784 2729 et
1833 2686 2048 2728 crassas

460 2759 725 2815 habentes
758 2777 1004 2824 carnem.
1056 2765 1476 2821 delectationem
1525 2774 1580 2822 et
1626 2765 2046 2821 habitationem.

460 2852 567 2906 Alii
603 2869 734 2908 vero
780 2855 1048 2910 luxuriosi
1101 2865 1156 2913 et
1207 2857 1444 2922 lubrici,
1499 2859 1554 2914 in
1607 2859 2048 2928 concupiscentia

461 2947 609 3001 velut
655 2947 707 3000 in
758 2949 956 3014 palmie
1014 2951 1298 3004 hirndines
1333 2967 1592 3022 ranaeque
1636 2961 1691 3006 et
1725 2951 1964 3022 reptiiia,
1996 2958 2052 3005 et

464 3034 760 3104 aliquando
785 3037 934 3090 velut
967 3037 1054 3090 alii
1091 3038 1269 3105 pisces
1304 3048 1540 3109 reptant,
1571 3055 1812 3094 amaram
1861 3041 2052 3094 incon-

2218 933 2356 994 ρκγ’.
2386 926 2522 990 Νόες
2551 934 2658 997 γάρ
2691 925 2844 991 ὄντες
2867 928 2999 980 ποτὲ
3021 931 3113 981 καὶ
3153 931 3332 995 αὐτοὶ,
3364 932 3458 984 καὶ
3487 931 3586 1001 τῆς
3621 935 3714 986 ἀΰ·

2142 1018 2262 1081 λίας
2286 1019 2505 1090 ἐκείνης
2536 1022 2632 1072 καὶ
2655 1019 2986 1092 λεπτότητος
3008 1023 3359 1091 ἐκπεσόντες,
3392 1024 3582 1094 ὑλικήν
3601 1043 3717 1078 τινα

2143 1111 2436 1181 παχύτητα
2475 1111 2708 1175 ἕκαστος
2768 1113 3068 1183 κέκτηταιο
3131 1115 3274 1168 κατά
3319 1117 3417 1186 τὴν
3481 1117 3716 1187 τάξιν.ἦ

2143 1201 2426 1270 ἐνέργειαν
2489 1202 2936 1271 σωματούμενος,
2988 1198 3050 1259 οὗ
3100 1207 3341 1276 ἐνεργῶν
3401 1211 3716 1265 πεποῖωται.

2157 1291 2374 1360 Ἐπειδὴ
2399 1295 2510 1362 γάρ
2541 1293 2636 1344 καὶ
2667 1294 2844 1358 αὐτοὶ,
2908 1294 3053 1347 κατά
3086 1295 3396 1365 ἄνθρωπον,
3432 1297 3530 1368 τὴν
3556 1300 3712 1368 ἀγγε-

2141 1381 2304 1454 λικὴν
2336 1383 2528 1456 ἡδονὴν
2558 1386 2947 1449 ἀπολέσαντες,
2970 1388 3186 1457 τρυφῆς
3218 1389 3368 1452 θείας
3405 1391 3722 1462 ὑστερηθέν-

2141 1493 2254 1541 τες,
2309 1475 2460 1546 χοῦν,
2519 1476 2774 1547 καθάπερ
2827 1478 2921 1530 καὶ
2981 1480 3161 1550 ἡμεῖς,
3195 1482 3290 1533 καὶ
3319 1483 3471 1538 αὐτοὶ
3514 1487 3721 1554 τρυφᾷν

2142 1568 2468 1638 πάσχουσιν,
2511 1567 2739 1631 ὑλώδεις
2787 1585 2907 1634 πως
2946 1571 3042 1625 καὶ
3081 1571 3236 1624 αὐτοὶ
3286 1574 3569 1641 γεγονότες
3605 1579 3720 1638 ταῖς

2141 1659 2251 1715 τῶν
2300 1660 2502 1714 ὑλικῶν
2560 1660 2751 1714 παθῶν
2805 1654 2991 1726 ἕξεσι⁸
3045 1663 3140 1716 καὶ
3190 1663 3253 1715 οὑ
3287 1663 3369 1716 δεῖ
3403 1665 3719 1733 θαυμάζειν,

2141 1751 2345 1819 ὃπουγε
2397 1754 2493 1805 καὶ
2546 1753 2580 1822 ἡ
2647 1753 2768 1805 κατ’
2807 1753 2992 1807 εἰκόνα
3019 1753 3155 1806 Θεοῦ
3194 1755 3386 1824 λογικὴ
3444 1757 3538 1808 καὶ
3563 1759 3722 1826 νοερὰ

2145 1844 2428 1898 κτισθεῖσα
2451 1845 2600 1916 ψυχὴ
2627 1844 2809 1915 ἡμῶν,
2834 1844 3116 1916 κτηνώδης
3137 1848 3233 1902 καὶ
3255 1848 3592 1918 ἀναίσθητος,
3621 1849 3717 1901 καὶ

2146 1933 2334 2005 σχεδὸν
2360 1933 2524 1997 ἄνους
2543 1937 2663 1999 ταῖς
2689 1933 2798 1988 τῶν
2829 1935 3032 1988 ὑλικῶν
3087 1937 3427 2008 πραγμάτων
3481 1938 3719 1991 ἀπολαύ-

2146 2041 2266 2080 σεσι
2293 2026 2508 2095 γέγονε,
2547 2026 2682 2082 Θεὸν
2739 2027 3074 2099 ἀγνοήσασα.
3137 2029 3353 2097 Πέφυκε
3404 2029 3512 2100 γὰρ
3549 2032 3580 2099 ἡ
3611 2030 3722 2093 ἕξις

2148 2120 2462 2188 μεταποιεῖν
2490 2116 2590 2188 τὴν
2618 2115 2802 2186 φύσιν,
2865 2118 2961 2171 καὶ
3006 2117 3256 2172 ἀλλοιοῦν
3301 2118 3402 2187 τὴν
3448 2120 3720 2188 ἐνέργειαν

2146 2209 2282 2280 πρὸς
2313 2209 2411 2279 τὴν
2442 2210 2784 2280 προαίρεσιν.
2810 2210 2923 2262 Καὶ
2944 2209 3014 2264 τά
3064 2208 3225 2280 [δηλ.
3263 2208 3570 2280 πνεύματα]
3625 2209 3719 2276 μέν

2148 2301 2286 2355 είσιν
2316 2302 2514 2373 ὑλώδη,
2551 2303 2648 2356 καὶ
2701 2301 2875 2374 βαρέα
2929 2301 3050 2356 τινὰ
3101 2301 3194 2355 καὶ
3232 2300 3594 2365 δυσκάθεκτα,
3628 2301 3720 2353 0n-

2150 2393 2339 2463 μοειδῆ
2367 2393 2462 2447 καὶ
2487 2393 2785 2464 ἀμυντικά,
2817 2393 2911 2447 καὶ
2932 2393 3008 2456 ὡς
3037 2392 3203 2464 θηρία
3234 2393 3357 2446 τινὰ
3407 2391 3721 2462 σαρκοφάγα

2149 2485 2284 2556 πρὸς
2305 2486 2404 2557 τὴν
2434 2485 2626 2557 ὑλικὴν
2653 2485 2846 2556 ἡδονὴν
2877 2486 2972 2539 καὶ
3028 2484 3238 2556 τρυφὴν
3265 2485 3550 2556 κεχηνᾶτα,
3571 2485 3722 2553 δίκην

2151 2581 2331 2636 κυνῶν
2384 2580 2719 2652 αἱμοϐόρων,
2767 2580 2869 2650 τὴν
2904 2580 3143 2651 σαπρίαν
3175 2579 3313 2649 μετά
3351 2578 3459 2631 τῶν
3483 2593 3720 2646 πνευμα-

2149 2673 2392 2728 τιῶντων
2425 2673 2673 2726 ἐσθίοντα
2697 2671 2794 2743 τὴν
2831 2671 2993 2742 φίλην
3023 2671 3205 2725 αὐτῶν
3247 2671 3596 2741 φαντάζουσι,
3627 2671 3723 2736 τὰς

2150 2766 2384 2838 παχείας
2419 2767 2512 2820 καὶ
2541 2764 2764 2829 ὑλώδεις
2791 2765 3023 2836 σάρκας,
3060 2764 3154 2818 καὶ
3181 2763 3390 2834 τρυφὴν
3419 2764 3513 2816 καὶ
3549 2763 3724 2817 οίκίαν

2153 2859 2365 2931 ἔχοντα.
2403 2857 2487 2912 Τὰ
2529 2858 2584 2912 δέ
2634 2858 2909 2910 ἀκόλαστά
2943 2874 3065 2910 τινα
3109 2857 3204 2909 καὶ
3267 2854 3504 2924 ὑγρώδη,
3542 2855 3616 2916 ὡς
3647 2856 3725 2918 είς

2151 2953 2350 3023 λίμνην
2377 2951 2588 3021 βδέλλαι
2618 2952 2764 3013 τινὲς
2801 2951 2900 3020 τὴν
2954 2947 3273 3018 ἐπιθυμίαν,
3322 2947 3416 3000 καὶ
3448 2946 3722 3018 βάτραχοι,

2154 3047 2242 3100 ita"
2287 3045 2461 3114 ὄφεις,
2491 3043 2606 3096 ἔστι
2662 3043 2708 3096 δ’
2737 3043 2826 3096 ὅτε
2863 3042 2953 3095 καὶ
3006 3041 3086 3102 είς
3139 3039 3324 3110 ίχθὺας
3354 3037 3720 3108 ἀλλοιούμενα,

465 3125 714 3180 tinentiae
740 3128 1070 3197 voluptatem
1102 3130 1259 3199 quasi
1291 3130 1668 3201 degustantes,
1695 3140 1752 3186 et
1779 3139 1971 3186 natant
1997 3131 2048 3184 in

2154 3138 2394 3208 ἐρποντα
2415 3137 2514 3205 τὴν
2535 3133 2786 3206 ἁλμυρὰν
2815 3134 2914 3202 τῆς
2933 3131 3229 3192 ἀκολασίας
3259 3129 3474 3200 ἡδονὴν,
3500 3130 3575 3192 ὡς
3596 3131 3725 3183 ἀπό-

467 3217 753 3274 ebrietatis
801 3219 958 3286 mari,
1011 3221 1171 3277 iaeves
1205 3223 1505 3294 mollesque
1536 3232 1755 3291 natura,
1791 3232 1845 3278 et
1876 3223 2048 3278 lubri-

2153 3227 2346 3281 λαυσιν
2395 3225 2729 3296 κεκτημένα·
2775 3225 3047 3294 νηχόμενα
3076 3221 3153 3291 τῷ
3190 3221 3416 3289 πελάγει
3440 3221 3536 3289 τῆς
3568 3220 3723 3273 πολυ·

467 3310 637 3366 citate
687 3311 971 3367 brutarmn
1020 3315 1354 3384 voluptatum
1404 3316 1738 3386 gaudentes,
1785 3315 2051 3372 foedarum

468 3403 858 3472 cogitationum
894 3403 1089 3462 ﬂuctus
1121 3407 1480 3478 turbinesque
1511 3424 1575 3464 ac
1607 3417 1964 3478 tempestates
1999 3408 2052 3462 in

466 3493 647 3547 anima
697 3494 861 3551 cient.
916 3495 1021 3551 Alii
1076 3508 1254 3552 autem
1302 3499 1451 3555 leves
1491 3507 1547 3554 et
1595 3511 1820 3565 tenues,
1872 3507 2056 3567 utpote

469 3586 602 3644 aerii
633 3587 880 3656 spiritus,
912 3588 1020 3643 vim
1061 3591 1260 3646 mentis
1289 3592 1770 3662 contemplativam
1809 3592 2057 3645 excitan-

468 3689 574 3744 tes,
605 3675 870 3751 imagines
894 3681 1042 3736 velut
1072 3683 1425 3738 vehementes
1450 3692 1612 3738 vento
1644 3685 1968 3744 immittunt,
2001 3691 2056 3735 et

471 3771 766 3839 aliquando
800 3771 852 3825 in
892 3772 1140 3827 volucres
1193 3785 1248 3828 et
1303 3775 1356 3829 in
1409 3777 1636 3842 angelos
1672 3777 2052 3830 transformati

472 3863 710 3918 animam
761 3864 1072 3934 decipiunt,
1129 3866 1502 3937 imaginationi
1557 3883 1616 3922 se
1669 3877 1728 3920 ut
1780 3869 2057 3937 gnosticos

474 3967 968 4027 reprzesentantes,
1028 3967 1085 4014 et
1144 3968 1534 4016 convcrtentcs
1576 3962 2058 4029 inunutmitesque

472 4069 687 4108 omnem
717 4052 945 4122 spiritus
973 4051 1487 4120 contemplationem
1524 4052 1577 4105 in
1615 4051 1700 4105 his
1747 4052 1836 4118 qui
1886 4051 2059 4105 adhuc

474 4147 703 4200 multum
748 4153 992 4215 pugnant
1026 4153 1153 4199 ante
1203 4144 1638 4212 purificationem
1689 4145 2060 4210 spiritualein-

472 4251 582 4308 que
626 4236 1046 4305 perfectionem.
1095 4236 1228 4290 Nam
1264 4237 1546 4306 spirituale
1583 4237 1720 4290 nihil
1750 4245 1854 4299 est,
1903 4237 2060 4305 cujus

475 4329 702 4398 eﬂigiem
737 4327 1062 4396 imaginarie
1090 4326 1231 4380 haud
1267 4328 1548 4390 simulent.
1581 4329 1794 4397 seipsos
1823 4327 1967 4380 enim
2005 4327 2060 4380 in

476 4431 676 4476 statum
704 4429 867 4487 atque
890 4419 1110 4472 modum
1143 4419 1355 4490 mystici
1386 4434 1712 4489 progressus
1740 4420 2059 4482 subornant,

478 4524 538 4569 ut
576 4513 788 4567 veritati
825 4511 1096 4568 sollici'ant
1129 4527 1397 4578 errorem,
1433 4522 1489 4565 et
1522 4512 1826 4566 illusioan
1859 4510 2048 4565 substi-

2161 4511 2463 4580 λεληθότως
2500 4507 3071 4580 μετασχηματίζονται
3095 4522 3110 4536 ·
3146 4503 3281 4573 πρὸς
3305 4503 3412 4570 γὰρ
3436 4502 3531 4570 τὴν
3563 4502 3700 4552 κατά

477 4616 631 4660 tnant
679 4605 1148 4674 contemplationi.
1197 4604 1270 4658 De
1320 4604 1438 4658 istis
1488 4603 1724 4672 loquitur
1756 4603 2063 4669 Scriptura.

2156 3317 2374 3380 ποσίας,
2407 3315 2526 3368 λεῖά
2550 3333 2670 3368 τινα
2687 3316 2839 3378 ὄντα,
2870 3314 2966 3367 καὶ
2992 3313 3174 3367 ἁπαλά
3199 3329 3310 3375 πως
3331 3312 3428 3380 τὴν
3453 3311 3626 3378 φύσιν,
3657 3314 3721 3381 τῇ

2157 3411 2419 3480 ὑγρότητι
2443 3408 2551 3462 τῶν
2580 3408 2794 3475 ἀλόγων
2839 3407 3046 3474 ἡδονῶν
3089 3405 3367 3476 χαίροντα,
3401 3405 3611 3472 κύματα
3635 3403 3726 3455 λο-

2157 3501 2394 3571 γισμῶν,
2443 3501 2539 3554 καὶ
2590 3498 2905 3570 μολυσμῶν,
2963 3497 3059 3550 καὶ
3091 3496 3404 3568 τρικυμίας,
3445 3496 3534 3547 καὶ
3563 3495 3722 3558 ζάλας

2157 3595 2244 3647 ἀεὶ
2267 3573 2334 3664 τῇ
2378 3591 2525 3662 ψυχῇ
2557 3590 2922 3660 διεγείρουσι·
2958 3589 3030 3640 τὰ
3066 3587 3124 3641 δέ
3157 3587 3336 3656 κοῦφά
3364 3603 3482 3639 τινα
3518 3587 3609 3637 καὶ
3636 3585 3723 3636 λε-

2159 3687 2289 3751 πτὰ,
2322 3687 2397 3748 ὡς
2427 3685 2646 3753 ἐναέρια
2689 3681 2980 3752 πνεύματα
3007 3680 3156 3744 ὄντα,
3191 3681 3252 3732 τὸ
3281 3679 3605 3748 θεωρητικὸν
3630 3678 3726 3745 τῆς

2156 3777 2334 3847 ψυχῆς
2368 3777 2694 3848 ριπίζουσιν,
2719 3773 2956 3844 ἀνέμους
2985 3773 3141 3835 τινάς
3178 3771 3382 3840 βιαίους
3409 3770 3500 3822 καὶ
3523 3785 3726 3837 φαντα-

2162 3869 2284 3931 σίας
2337 3869 2710 3938 προτείνοντα,
2751 3869 2830 3929 είς
2865 3865 3107 3926 πετεινά,
3141 3865 3255 3916 ἐστι
3305 3863 3351 3915 δ’
3385 3863 3469 3914 ὅτε
3528 3861 3618 3912 καὶ
3647 3860 3724 3923 είς

2158 3961 2424 4029 ἀγγέλους
2448 3957 2947 4030 μεταμορφούμενα
2965 3957 3063 4024 τὴν
3084 3955 3263 4024 ψυχὴν
3285 3952 3528 4006 ἀπατῶσι
3547 3967 3560 3979 °
3597 3952 3727 4019 μνή-

2163 4071 2270 4122 μας
2299 4051 2671 4106 είδοποιοῦντα
2693 4049 2951 4120 γνωστῶν
2972 4066 3156 4112 τινων,
3190 4045 3724 4117 μετασχηματίζοντά

2158 4162 2219 4200 τε
2271 4147 2368 4200 καὶ
2409 4145 2822 4216 μετατρέποντα
2856 4145 3036 4195 πᾶσαν
3093 4139 3327 4211 θεωρίαν
3358 4134 3726 4205 πνευματικὴν

2159 4240 2219 4292 ὲν
2253 4241 2366 4301 τοῖς
2405 4237 2487 4290 ἐτι
2543 4237 2781 4306 μάλιστα
2815 4231 3263 4301 ἀγωνιζομένοις,
3303 4229 3408 4298 πρὸ
3435 4230 3529 4295 τῆς
3560 4225 3726 4277 καθα-

2167 4331 2390 4400 ρότητος
2411 4329 2502 4382 καὶ
2527 4328 2627 4397 τῆς
2654 4325 3034 4396 πνευματικῆς
3059 4322 3404 4391 διακρίσεως.
3439 4317 3597 4370 Οὐδὲν
3620 4316 3726 4384 γάρ

2163 4420 2277 4470 ἐστι
2331 4416 2722 4486 πνευματικὸν,
2769 4409 2814 4483 ᾧ
2863 4415 2938 4485 μὴ
2994 4413 3069 4475 ὡς
3096 4411 3226 4465 αὐτὸ
3270 4409 3412 4464 κατά
3433 4406 3722 4477 φαντασίαν

3679 4499 3692 4512 ο

2165 4620 2375 4666 στασιν,
2405 4603 2499 4656 καὶ
2529 4601 2589 4654 τὸ
2617 4601 2816 4671 μέτρον
2843 4602 2944 4668 τῆς
2973 4596 3280 4666 προκοπῆς,
3307 4596 3400 4647 καὶ
3422 4592 3571 4646 αὑτοὶ
3601 4589 3729 4642 καθ-

478 4713 578 4768 per
607 4699 811 4753 bestias
853 4699 967 4770 agri
1001 4698 1362 4766 Volucresquc
1403 4697 1526 4750 σιοιί
1559 4705 1615 4748 et
1646 4695 1859 4762 reptilia
1904 4705 2048 4747 terra

2163 4697 2497 4757 οπλίζονται,
2567 4693 2778 4760 πλάνην
2830 4691 2948 4742 ἀντὶ
2985 4688 3262 4758 ἀληθείας,
3317 4688 3410 4740 καὶ
3435 4684 3727 4753 φαντασίαν

476 4790 703 4858 spiritus
733 4787 995 4857 nequitias
1027 4786 1346 4856 signiﬁcans
1377 4798 1432 4840 et
1469 4784 1744 4840 indicans.

2166 4789 2285 4840 ἀντι
2318 4786 2551 4854 θεωρίας
2595 4783 2972 4850 ἐπιφέροντες,
3004 4780 3403 4842 είσοικίζονται.
3463 4776 3592 4840 Περὶ
3625 4774 3729 4839 γὰρ

482 4856 692 4919 τούτων
725 4869 757 4936 ἡ
783 4856 980 4937 Γραφὴ
1015 4867 1288 4934 μαρτυρεῖ
1316 4864 1570 4933 λέγουσα,
1601 4862 1696 4915 καὶ
1726 4862 1892 4931 θηρία
1913 4877 2010 4914 του
2043 4858 2246 4929 ἀγροῦ,
2288 4859 2385 4912 καὶ
2408 4860 2476 4911 τὰ
2501 4858 2726 4912 πετεινὰ
2750 4856 2846 4911 τοῦ
2874 4859 3130 4931 οὐρανοῦ,
3171 4862 3267 4914 καὶ
3295 4861 3362 4914 τά
3393 4860 3595 4930 ἑρπετά
3627 4859 3724 4926 τῆς

483 4960 610 5028 γῆς.
637 4961 707 5012 τὰ
734 4963 1022 5028 πνεύματα
1040 4961 1141 5029 τῆς
1164 4961 1431 5030 πονηρίας
1453 4961 1846 5029 ἐπισημάνασα
1871 4959 2164 5030 ἐδήλωσεν.

535 5047 660 5102 121.
688 5047 884 5102 Carnis
918 5055 972 5101 et
1027 5049 1344 5117 passionum
1383 5049 1646 5100 adversus
1681 5047 1923 5098 animam
1965 5048 2052 5098 in-

2225 5047 2359 5118 ρκδν.
2401 5005 2469 5099 'H‘
2497 5044 2870 5105 ἐπανάστασις
2899 5040 3008 5094 τῶν
3041 5016 3250 5103 παθῶν,
3277 5037 3371 5090 καὶ
3398 5039 3425 5090 ὁ
3457 5033 3731 5102 ἐπεγειρόα

467 5139 742 5193 surrectio
771 5138 1016 5209 quinque
1060 5139 1237 5194 modis
1294 5139 1354 5192 iit
1385 5138 1441 5191 in
1473 5137 1654 5191 nobis.
1710 5134 1868 5190 Nunc
1908 5137 2048 5190 enim

2153 5159 2314 5211 μενος
2368 5141 2469 5209 τῆς
2527 5138 2728 5209 σαρκὸς
2767 5135 3008 5205 πόλεμος
3035 5131 3178 5187 κατά
3216 5132 3318 5199 τῆς
3364 5129 3558 5200 ψυχῆς,
3595 5127 3730 5179 κατά

470 5231 630 5284 rebus
659 5232 906 5285 abutitur
932 5247 1100 5295 caro;
1138 5246 1284 5285 nunc
1322 5229 1597 5283 contraria
1621 5236 1830 5281 natum
1871 5238 1927 5279 ut
1961 5243 2048 5281 na-

2152 5234 2314 5287 πέντε
2372 5233 2609 5304 τρόπους
2661 5227 3016 5300 προσγίνεται
3084 5227 3141 5278 ἐν
3197 5225 3365 5291 ἡμῖν·
3402 5221 3526 5273 ποτέ
3564 5218 3724 5287 μὲνὴ

470 5333 605 5378 tune
634 5324 940 5378 conformis
981 5324 1098 5376 vult
1145 5321 1406 5391 operari:
1461 5321 1626 5375 modo
1664 5320 1716 5372 in
1749 5321 1982 5387 seipsam
2031 5335 2048 5372 a

2153 5325 2290 5393 σὰρξ
2328 5320 2741 5393 παραχρωμένη
2794 5321 2910 5380 τοῖς
2938 5313 3079 5378 οὖσι,
3117 5314 3246 5367 ποτὲ
3280 5314 3334 5366 δὲ
3359 5313 3423 5365 τά
3454 5311 3597 5378 παρά
3628 5309 3726 5377 φύ-

471 5412 812 5469 tizemonibus
837 5426 1070 5478 armata,
1100 5430 1223 5469 cum
1259 5415 1346 5469 his
1396 5413 1678 5467 lrctissima
1719 5411 1895 5479 jungit
1928 5413 2048 5464 ami-

2154 5433 2257 5479 σιν,
2283 5416 2359 5476 ὡς
2386 5415 2526 5467 κατὰ
2559 5413 2722 5480 φύσιν
2748 5409 3084 5478 ἐπιζητοῦσα
3109 5407 3352 5475 ἐνεργεῖν
3371 5422 3382 5433 °
3410 5402 3536 5456 ποτὲ
3558 5402 3610 5452 δὲ
3639 5399 3723 5452 καὶ

473 5504 692 5572 citiam;
735 5507 901 5559 modo
931 5507 985 5560 in
1011 5507 1260 5574 seipsam
1299 5505 1614 5566 rebellatnr,
1648 5510 1708 5554 ut
1732 5501 1879 5555 vitiis
1910 5516 2048 5554 man-

2152 5507 2255 5560 ὑπὸ
2277 5508 2386 5559 τῶν
2419 5505 2692 5574 δαιμόνων
2751 5499 3084 5569 ὁπλιζομένη
3118 5497 3258 5550 κατά
3287 5495 3384 5564 τῆς
3426 5492 3622 5561 ψυχῆς,
3655 5490 3722 5550 ὡς

475 5597 718 5664 cipetur;
752 5609 1033 5668 postremo
1079 5597 1285 5653 bellum
1337 5606 1588 5651 movetur
1635 5609 1662 5646 υ
1720 5591 2048 5647 daemonibus

2152 5599 2320 5669 ἡδέως
2349 5597 2793 5667 συμφιλιάζουσα
2821 5593 3052 5653 τούτοις.
3085 5591 3239 5643 Ἐστι
3272 5589 3315 5640 δ’
3352 5589 3439 5642 ὅτε
3475 5586 3562 5639 καὶ
3594 5584 3723 5648 αὑτὴ

482 5698 588 5742 nos
620 5703 718 5758 per
760 5692 993 5746 abusum
1049 5687 1377 5744 humilitatis
1413 5685 1881 5756 impngnantibus,
1937 5699 2048 5740 cun

2152 5691 2274 5745 καθ’
2308 5690 2511 5759 ἑαυτὴν
2545 5690 2796 5750 ἁτακτεῖ,
2857 5687 2942 5748 ὡς.
2969 5683 3322 5751 πεποιωμένη
3372 5681 3479 5741 τοῖς
3509 5676 3716 5729 πάθεσι.

476 5781 736 5837 omnibus
767 5783 1006 5852 praefatis
1035 5782 1212 5838 modis
1247 5781 1380 5837 nihil
1419 5781 1790 5851 proiecerunt.

2152 5781 2364 5834 Γίνεται
2424 5779 2476 5831 δὲ
2537 5777 2632 5831 καὶ
2682 5777 2916 5848 πόλεμος
2961 5775 3048 5826 ἐπ’
3103 5773 3343 5844 ἐσχάτων
3399 5769 3631 5824 πάντων..
3660 5766 3718 5814 ἐκ
