4020 6504
426 333 549 399 129!

1659 321 2063 385 ’GREGORII
2117 315 2448 383 SlNAIT/E

3554 315 3687 379 ΥΞἫ

424 477 476 504 εἰ
509 447 931 519 contemplativa
990 422 1134 502 statu
1172 442 1479 509 stabilitas;
1527 441 1806 514 perfectus
1831 454 2010 497 autem
2045 494 2049 507 ,

2152 440 2266 502 ικὸς
2302 438 2595 509 γενόμενος
2626 438 2719 491 καὶ
2770 437 3185 508 πολιτευόμενος
3214 436 3339 501 νοῦς
3362 454 3374 466 ·
3409 436 3604 501 τέλειος
3633 438 3688 492 δέ

427 542 790 613 philosophus
838 548 923 597 est
975 538 1287 595 intellectus
1333 536 1515 591 ethica
1565 535 1904 608 physieaque
1959 542 2015 588 ct

427 635 738 704 theologica
773 635 1077 689 instructus
1100 629 1467 701 philosophia,
1508 628 1592 684 vel
1623 628 1804 698 potius
1842 626 2016 694 philo-

429 733 598 795 theia,
633 738 687 784 ct
715 744 783 786 ex
811 728 990 784 ethiea
1022 725 1247 797 quidem
1276 724 1543 788 actiones,
1574 738 1605 778 a
1639 722 1859 794 physica
1889 736 2018 775 vero

430 838 735 887 sermones,
787 836 819 877 e
881 819 1156 890 theologia
1208 818 1431 873 demum
1495 813 2017 884 contemplationem

431 913 1093 982 irrcpreheusibilemque
1111 911 1273 966 fidem
1298 923 1330 963 a
1355 908 1463 963 Deo
1483 906 1736 963 edoctus.
1769 904 1864 961 Vel
1896 919 2020 958 rur-

433 1023 528 1061 sus
566 1021 735 1075 sagax
775 1020 960 1060 rerum
993 1003 1308 1058 divinarum
1344 1002 1531 1056 rhetor
1569 1006 1654 1055 est
1680 997 1776 1068 qui
1808 1012 1870 1053 ea
1901 1009 2022 1066 quae

434 1101 658 1168 proprie
685 1106 837 1162 sunt,
869 1098 939 1152 ab
986 1096 1073 1151 his
1104 1096 1468 1159 demonstrat,
1496 1107 1566 1146 ex
1606 1089 1824 1159 illisque
1851 1089 2022 1142 ratio-

436 1205 531 1241 ιιι-ιι
566 1190 760 1241 harum
792 1186 1103 1246 clarissime
1146 1185 1448 1257 perspicit:
1485 1183 1577 1253 qui
1625 1181 2021 1251 intelligibilem

436 1281 876 1350 invisibilcmque
908 1295 940 1334 a
972 1278 1223 1335 sensibili
1255 1287 1311 1333 et
1349 1275 1577 1341 visihili,
1611 1282 1667 1329 et
1703 1274 2023 1330 sensibilem

2118 532 2234 583 ἐστι
2262 530 2386 594 νοῦς
2426 530 2742 600 φιλόσοφος,
2807 532 2835 583 6
2872 528 2971 600 τὴν
3028 530 3247 601 ἠθικὴν,
3305 531 3401 584 καὶ
3431 532 3689 600 φυσικὴν,

2119 625 2212 676 καὶ
2238 622 2555 695 θεολογικὴν
2604 622 2961 694 κατορθώσας
3007 621 3351 693 φιλοσοφίαν,
3389 624 3588 694 μᾶλλον
3635 624 3691 677 δέ

2119 714 2420 785 φιλοθεῖαν,
2445 716 2660 784 καὶτῆς
2693 714 2793 784 μὲν
2819 714 3042 785 ἠθικῆς,
3073 716 3172 778 τὰς
3216 715 3474 786 πράξεις’
3499 717 3597 787 τῆς
3635 717 3693 769 δὲ

2118 806 2379 876 φυσικῆς,
2413 808 2541 871 τοὺς
2566 806 2761 874 λόγους
2783 822 2795 833 ⁸
2822 808 2924 876 τῆς
2962 805 3018 859 δὲ
3044 805 3388 876 θεολογικῆς,
3428 807 3526 878 τὴν
3561 808 3697 860 θεω-

2119 901 2264 971 ρίαν,
2292 902 2386 954 καὶ
2417 901 2516 971 τὴν
2546 900 2658 954 τῶν
2682 899 2971 970 δογμάτων
2988 899 3279 971 ἀκρίϐειαν
3306 901 3374 955 ἐκ
3395 900 3530 954 Θεοῦ
3548 901 3695 955 διδα-

2117 993 2291 1065 χθείς.
2331 994 2402 1046 Ἢ
2438 994 2600 1047 πάλιν
2632 995 2821 1064 ῥήτωρ
2870 992 3017 1056 θεῖος
3069 993 3128 1046 ἐν
3167 992 3331 1056 θείοις
3374 995 3542 1059 ἐστὶν,
3567 997 3596 1048 6
3626 996 3697 1048 τὰ

2118 1089 2328 1159 κυρίως
2382 1087 2513 1142 ὅντα
2564 1089 2630 1141 ἐκ
2685 1086 2796 1139 τῶν
2826 1086 3023 1151 όντων,
3052 1085 3088 1158 ἢ
3149 1087 3224 1159 μὴ
3252 1087 3419 1141 ὄντων
3450 1088 3695 1157 διαιρῶν,

2120 1182 2217 1234 καὶ
2239 1182 2368 1245 τοὺς
2424 1181 2525 1252 μὲν
2570 1180 2765 1249 λόγους
2792 1179 3039 1243 ἐκείνων,
3089 1180 3155 1233 ἐκ
3178 1179 3383 1233 τούτων
3413 1180 3692 1245 δεικνύων,

2120 1275 2217 1329 καὶ
2238 1277 2305 1328 ἐκ
2327 1273 2554 1339 τούτων,
2585 1273 2812 1327 ἐκείνων
2836 1275 2961 1336 τοὺς
3010 1272 3202 1341 λόγους
3238 1272 3381 1343 ὁρῶν
3423 1272 3695 1328 ἐνθεαστι-

435 1371 813 1440 visibilemqttc
846 1370 915 1425 ab
963 1368 1223 1429 invisibili
1277 1376 1334 1424 et
1383 1366 1698 1422 insensibili
1759 1364 2023 1420 mundum

2151 1366 2377 1432 εὼταταῖ
2413 1363 2511 1417 καὶ
2563 1363 2653 1418 τδν
2690 1364 2791 1433 μὲν
2846 1365 3038 1434 νοητὸν
3068 1365 3166 1419 καὶ
3224 1366 3479 1436 ἀόρατον,
3512 1368 3575 1420 ἐκ
3604 1366 3695 1419 τοῦ

435 1463 727 1525 discernit,
763 1463 888 1533 quia
917 1461 1156 1517 visibilia
1187 1464 1315 1517 sunt
1340 1459 1697 1515 iuvisibilium
1734 1456 2025 1524 imagines,

2151 1458 2387 1530 ιίσθητοῦ
2415 1459 2508 1512 καὶ
2535 1459 2819 1530 ὁρωμένου
2842 1474 2857 1490 ο
2888 1459 2981 1513 τὸν
3011 1459 3067 1512 δὲ
3090 1459 3348 1529 αἰσθητὸν
3373 1459 3469 1513 καὶ
3489 1460 3701 1530 ὁρώμε-

435 1563 489 1607 et
519 1553 815 1607 invisibilia
849 1551 1151 1608 visibilium
1176 1551 1490 1621 archetypi,
1525 1560 1579 1604 et
1605 1548 1863 1616 objaecre
1896 1544 2028 1599 dicit

2151 1569 2215 1606 ιον
2251 1551 2479 1621 κόσμον,
2511 1553 2577 1605 ἐκ
2607 1550 2702 1604 τοῦ
2736 1551 2973 1622 ἀοράτου
3003 1552 3102 1605 καὶ
3126 1552 3454 1621 ἀναισθήτου
3477 1552 3700 1623 συγκρί-

439 1646 645 1717 ﬁguras
672 1644 741 1700 iis
790 1659 913 1714 qua:
952 1660 1064 1701 non
1117 1643 1320 1699 habent
1349 1641 1580 1713 figuras,
1633 1650 1691 1694 et
1721 1638 1936 1708 species
1965 1637 2031 1699 iis

2151 1644 2347 1709 ιων,ὡς
2374 1644 2466 1697 τὸν
2501 1644 2600 1713 μὲν
2627 1644 2847 1715 όρατὺν,
2882 1642 3071 1698 εἰκόνα
3095 1645 3189 1697 τοῦ
3232 1645 3485 1715 ἀοράτου,
3523 1645 3614 1697 τὸν
3642 1644 3699 1696 δὲ

435 1753 559 1807 ιιιιεο
609 1752 715 1790 non
769 1735 975 1793 habent
1021 1735 1287 1805 speciem,
1321 1743 1380 1789 ut
1435 1734 1582 1789 hunc
1614 1733 1875 1786 mundum
1935 1743 2032 1799 per

2151 1737 2360 1808 ιόρατον
2413 1735 2509 1790 τοῦ
2569 1736 2853 1807 ὁρωμένου
2907 1736 3237 1807 ἀρχέτυπον.
3272 1737 3698 1808 Προόἑϐληνται,

438 1830 615 1896 illum,
658 1841 712 1883 et
744 1827 897 1881 illum
925 1842 1023 1895 per
1048 1827 1194 1882 hunc
1222 1825 1585 1896 spiritualiter
1635 1831 1952 1893 cognoscat,
1976 1831 2033 1874 et

2151 1827 2282 1898 νησὶ,
2321 1826 2430 1880 τῶν
2480 1824 2786 1881 ὰτυπώτων
2832 1826 2883 1879 oi
2938 1826 3094 1879 τύπον
3123 1867 3139 1891 ,
3179 1826 3276 1879 καὶ
3322 1826 3392 1880 τὰ
3451 1829 3702 1898 σχήματα

440 1933 628 1976 mutuo
655 1922 889 1975 alterunt
932 1922 983 1974 in
1025 1919 1198 1975 altero
1229 1919 1379 1973 clare
1424 1917 1721 1988 perspiciat
1753 1924 1808 1971 et
1839 1925 2026 1970 osten-

2151 1921 2237 1973 :th
2275 1919 2706 1991 ἀσχηματίστων
2726 1935 2741 1949 ο
2770 1919 2846 1982 ὡς
2873 1918 2943 1972 δι’
2965 1918 3200 1985 ἐκείνου,
3241 1918 3449 1980 τοῦτον,
3490 1925 3586 1972 καὶ
3615 1919 3704 1972 διὰ

439 2015 533 2068 dat
563 2014 734 2069 verbo
767 2013 1017 2068 veritatis
1052 2022 1108 2067 et
1137 2026 1245 2065 non
1291 2009 1612 2078 anagogicis
1651 2016 1748 2060 aut
1770 2004 2026 2076 allegori-

2151 2014 2320 2068 τούτου
2356 2015 2567 2069 ἐκεῖνον
2593 2012 2957 2084 ἐμφαίνεσθαι
2992 2012 3401 2085 πνευματικῶς,
3448 2015 3541 2065 καὶ
3572 2030 3706 2084 τρα-

438 2101 521 2156 eis
553 2102 908 2158 sermOuibus
938 2101 1231 2155 scientiam
1286 2101 1534 2154 veritatis
1582 2097 1840 2167 fulgidam
1898 2096 2032 2151 solis

2151 2110 2236 2173 »ῶς
2258 2110 2316 2163 ἐν
2336 2106 2593 2179 ἀλλήλοις
2627 2106 2857 2178 θάτερον
2877 2107 2935 2159 ἐν
2958 2105 3172 2178 θατέρῳ
3192 2106 3345 2178 όρᾷν,
3373 2106 3465 2159 καὶ
3491 2105 3703 2175 ἐμφανῆ

440 2196 617 2249 instar
640 2192 827 2258 edicit,
850 2191 948 2248 sed
978 2190 1212 2247 scientia
1245 2200 1300 2246 et
1331 2191 1534 2244 virtute
1565 2186 1843 2259 spirituali
1870 2202 2030 2242 veras

2151 2204 2307 2256 ποιεῖν
2337 2200 2416 2272 τῷ
2439 2201 2537 2268 τῆς
2567 2200 2830 2271 ἀληθείας
2860 2199 3005 2270 λόγῳ
3031 2215 3046 2231 ο
3098 2199 3198 2253 οὐκ
3247 2200 3629 2268 ἀναγωγικοϊς,
3668 2199 3703 2269 ἢ

443 2287 730 2355 utriusque
766 2284 1008 2340 rationes
1034 2282 1382 2353 apertissime
1425 2281 1689 2337 dilueidat
1743 2290 1801 2336 et
1847 2282 2034 2352 expla-

2151 2294 2517 2366 ιλληγορικοῖς
2554 2290 2734 2361 λόγοις
2774 2292 3034 2347 πλάττειν
3082 2291 3182 2363 τὴν
3220 2291 3378 2363 δίκην
3426 2290 3575 2363 ἡλίου
3610 2292 3705 2359 τῆς

443 2388 556 2445 nat,
598 2380 673 2433 ita
712 2386 772 2433 ut
814 2379 959 2434 hunc
1001 2392 1127 2433 esse
1179 2379 1525 2448 pazdagogum
1572 2386 1847 2442 nostrum,
1876 2376 2030 2430 illum

2151 2387 2396 2457 ὶληθείας
2429 2385 2818 2456 ἐλλάμπουσαν
2865 2385 3090 2455 γνῶσιν,
3134 2383 3248 2438 ἀλλ’
3281 2383 3559 2455 ἐπιστήμῃ
3615 2384 3709 2436 καὶ

442 2484 571 2524 vero
628 2476 894 2524 aeternam
926 2468 1022 2523 Dei
1054 2469 1300 2533 domum,
1324 2464 1617 2521 manifeste
1646 2465 1804 2521 nobis
1829 2475 2032 2535 pateat.

2151 2483 2364 2549 ῑυνάμει
2422 2480 2770 2550 πνευματικῇ
2805 2480 2930 2541 τοὺς
2968 2479 3065 2548 τῆς
3093 2476 3352 2546 ἀληθείας
3388 2476 3710 2547 ἀμφοτέρων

447 2560 617 2615 Divus
651 2568 833 2615 autem
878 2558 1236 2630 philosophus
1289 2555 1495 2624 estqui
1548 2571 1645 2627 per
1685 2554 1922 2610 aetivam
1980 2560 2037 2608 et

2151 2572 2350 2641 ιόγους,
2383 2570 2777 2640 διατρανοῦντα
2802 2572 2871 2625 τὰ
2911 2571 3335 2623 ἀποδεικνύοντα
3360 2565 3578 2630 τούτους
3611 2569 3709 2636 ἐμ-

442 2652 923 2723 contemplativam
987 2651 1152 2705 vitam
1208 2648 1765 2703 immediate-uuitur
1820 2645 1952 2710 Deo,
1983 2654 2040 2701 et

2151 2663 2553 2735 ραντικώταταο
2608 2663 2685 2727 ὼς
2716 2664 2808 2715 τὸν
2863 2661 2965 2733 μὲν
2994 2659 3343 2729 παιδαγωγὸν
3356 2658 3527 2730 ⁸ἡμῶν
3553 2654 3707 2722 εἶναι,

446 2749 657 2801 amicus
687 2744 806 2816 ejus
839 2745 898 2800 fit
930 2754 986 2800 et
1020 2745 1245 2808 dicitur,
1266 2743 1392 2812 quia
1421 2742 1653 2811 primam
1712 2742 2037 2796 creatriccm

2151 2754 2228 2808 τὸν
2242 2754 2321 2822 δὲ,
2352 2751 2502 2807 οἷκον
2542 2752 2763 2807 αἰώνιον
2794 2752 2959 2816 θεῖον,
2991 2752 3060 2805 δι’
3089 2752 3240 2823 ἡμᾶς
3278 2750 3566 2822 γενόμενον
3590 2750 3712 2821 ἀρι-

445 2850 499 2893 et
526 2852 713 2893 veram
747 2837 1077 2909 sapientiam
1105 2848 1254 2892 amat
1299 2847 1356 2890 et
1385 2836 1563 2905 diligit
1610 2848 1777 2903 supra
1808 2846 2031 2888 omnem

2151 2848 2332 2920 Βήλως.
2374 2847 2671 2919 Φιλόσοφος
2716 2848 2773 2901 δέ
2820 2847 2935 2900 ἐστι
2958 2846 3123 2912 θεῖος,
3174 2845 3203 2897 6
3228 2844 3317 2899 διὰ
3351 2843 3594 2915 πράξεως
3619 2843 3713 2897 καὶ

447 2930 610 2985 aliam
641 2931 938 2985 amicitiam
964 2928 1402 2999 sapientiamque
1431 2936 1490 2984 et
1520 2925 1827 2982 scientiam.
1858 2923 2042 2979 Philo-

2151 2945 2376 3014 θεωρίας
2406 2942 2627 3013 ἀμέσως
2660 2941 2883 3004 ἐνωθεὶς
2933 2940 3013 3011 τῷ
3042 2940 3183 3010 Θεῷ,
3227 2939 3323 2994 καὶ
3373 2938 3523 3009 φίλος
3569 2936 3713 3008 αὐτῷ

449 3020 606 3090 lngus
635 3030 817 3075 autem
866 3032 922 3076 et
955 3033 1082 3074 vere
1110 3018 1475 3090 philosophus
1507 3018 1659 3087 (licet
1698 3030 1835 3069 vana
1865 3014 2039 3086 gloria

2151 3037 2454 3104 γενόμενος,
2482 3035 2578 3088 καλ⁸
2606 3035 2922 3104 λεγόμενος,
2947 3033 3023 3098 ὼς
3046 3033 3144 3104 τὴν
3171 3032 3418 3104 πρώτην,
3450 3032 3542 3087 καὶ
3562 3049 3715 3100 ποιη-

449 3112 812 3181 philosophiat
874 3126 1074 3166 nomen
1132 3109 1501 3179 usurpaverit,
1562 3118 1621 3162 ut
1677 3109 1754 3162 ait
1810 3122 2041 3176 magnus

2151 3128 2322 3199 τικὴν,
2348 3128 2443 3180 καὶ
2477 3126 2741 3196 ἀληθινὴν
2774 3126 2967 3196 σοφίαν
2990 3126 3087 3180 καὶ
3110 3126 3363 3197 φιλήσας,
3382 3123 3475 3177 καὶ
3502 3123 3715 3194 ἀγαπή-

456 3204 807 3274 Grcgorius),
840 3204 929 3259 ille
963 3214 1049 3259 est
1071 3205 1162 3272 qui
1194 3202 1520 3273 sapientiam
1547 3202 1810 3256 harumce
1835 3215 2045 3255 (πνοια-

2151 3242 2246 3288 σας
2282 3224 2425 3294 ὑπὲρ
2463 3226 2649 3277 πᾶσαν
2675 3222 2844 3291 ἀλλην
2873 3221 3081 3291 φιλίαν,
3105 3224 3199 3276 καὶ
3228 3221 3420 3291 σοφίαν
3455 3220 3551 3275 καὶ
3582 3219 3719 3287 γνῶ-

454 3312 638 3353 rarum
660 3297 755 3352 Dei
774 3307 921 3352 amat
937 3306 994 3352 et
1009 3305 1311 3361 scrutatur,
1338 3304 1399 3350 ut
1419 3294 1712 3357 novissime
1727 3294 1923 3346 dictum
1943 3304 2048 3358 est,

2151 3335 2253 3373 σιν.
2290 3317 2578 3384 Φιλολόγος
2617 3315 2675 3371 δέ
2705 3318 2847 3378 ἐστι,
2878 3316 2973 3369 καὶ
2997 3316 3026 3368 6
3059 3313 3264 3385 κυρίως
3286 3313 3570 3383 φιλόσοφος
3599 3312 3723 3382 (κᾶν

462 3393 556 3447 sed
588 3405 698 3446 non
734 3400 955 3461 propter
980 3390 1199 3445 laudem
1232 3400 1287 3445 et
1321 3389 1549 3460 gloriam
1576 3389 1878 3443 humanam
1914 3388 2049 3440 hanc

2151 3412 2180 3481 ἡ
2214 3409 2342 3476 δόξα
2372 3409 2433 3462 τὸ
2459 3409 2561 3479 τῆς
2598 3408 2917 3478 φιλοσοφίας
2955 3406 3127 3478 ὖνομα
3157 3405 3612 3477 σφετερισαμὲνη,
3649 3403 3723 3466 ῶς

456 3483 864 3554 philosophiam
893 3490 1205 3538 ostentator
1254 3489 1501 3547 exercet,
1535 3481 1607 3534 ita
1644 3491 1703 3534 ut
1738 3495 1846 3533 non
1879 3494 2049 3531 mate-

457 3571 572 3637 τίω,
614 3573 707 3625 sed
760 3572 992 3625 naturali
1078 3570 1360 3640 sapientia:
1409 3568 1507 3624 Dei
1563 3571 1801 3624 studeat.
1857 3569 2050 3624 Scriba

458 3676 643 3719 autem
677 3666 869 3719 doetus
903 3665 958 3721 in
990 3679 1157 3734 regno
1181 3665 1446 3720 caelorum
1503 3676 1590 3719 est
1614 3665 1928 3734 quicunque
1961 3678 2055 3730 per

461 3757 675 3826 praxim
709 3758 779 3811 ad
805 3756 903 3812 Dei
928 3757 1449 3827 contemplationem
1474 3756 1729 3812 ascendit
1748 3764 1801 3810 et
1827 3758 1878 3809 iu
1901 3759 2058 3825 quie-

463 3850 653 3907 tudine
687 3860 1055 3921 perseverat;
1092 3850 1184 3920 qui
1223 3850 1435 3919 profert
1474 3851 1542 3905 de
1576 3851 1835 3904 thesauro
1875 3848 2058 3903 cordis

461 3943 546 3997 sui
583 3943 725 4001 nova
748 3953 805 3997 et
847 3952 1065 4007 vetera,
1095 3941 1148 3996 id
1171 3951 1278 4007 est,
1299 3941 1616 4012 evangelica
1641 3950 1698 3996 et
1719 3941 2055 4011 prephetica,

462 4050 560 4093 seu
594 4033 729 4091 Novi
763 4043 818 4089 et
843 4032 1060 4091 Veteris
1083 4034 1426 4091 Testameuti
1457 4035 1695 4105 eloquia,
1723 4051 1819 4090 seu
1852 4036 2061 4090 doctri-

463 4129 609 4185 na‘lia
642 4139 699 4185 et
742 4130 1011 4199 practiea,
1063 4144 1162 4184 seu
1216 4129 1410 4199 legalia
1460 4140 1517 4183 et
1571 4129 1896 4199 aliostoliea.
1935 4129 2061 4185 Haec

464 4224 612 4278 cnim
638 4234 769 4278 sunt
799 4238 937 4277 nova
974 4233 1030 4277 ct
1058 4224 1292 4293 antiqua
1324 4223 1604 4293 mysteria,
1629 4237 1750 4293 quae
1783 4223 2061 4293 practicus

468 4320 648 4376 scriba
700 4317 935 4389 profert,
1000 4320 1200 4376 doetus
1253 4320 1305 4374 in
1363 4329 1511 4374 statu
1570 4320 1769 4376 divinae
1818 4320 2059 4392 pietatis.

476 4409 677 4466 Scriba
725 4410 855 4465 item
913 4420 995 4466 est
1029 4411 1209 4466 ownis
1240 4411 1516 4481 praeticus
1565 4414 1657 4482 qui
1707 4414 2067 4483 corporaliter

2151 3519 2317 3572 φησιν
2365 3504 2393 3556 6
2454 3502 2629 3571 μέγας
2680 3499 3005 3570 Γρηγόριος.
3055 3496 3323 3569 λέληθεν),
3363 3496 3510 3567 ότὴν
3538 3497 3725 3563 σοφίαν

2151 3596 2309 3665 τήνδε
2327 3595 2426 3665 τῆς
2445 3593 2835 3664 δημιουργίας,
2857 3590 3027 3662 φιλῶν
3052 3590 3146 3644 καὶ
3172 3588 3430 3660 ἐρευνῶν,
3453 3586 3546 3640 τοῦ
3568 3584 3727 3650 Θεοῦ,

2155 3688 2302 3743 κατὰ
2330 3688 2388 3741 τὸ
2421 3687 2648 3759 ἔσχατον
2678 3686 2973 3757 ἁπήχημα,
3002 3685 3138 3738 ἀλλὰ
3179 3684 3255 3754 μὴ
3284 3681 3348 3736 δι’
3385 3679 3601 3734 ἔπαινον
3633 3679 3727 3732 καὶ

2152 3782 2312 3848 δόξαν
2335 3780 2691 3852 ἀνθρωπίνην
2715 3781 2816 3849 τὴν
2844 3777 3168 3847 φιλοσοφίαν
3188 3776 3389 3843 ταύτην
3411 3773 3588 3828 ἀσκῶν
3612 3775 3731 3826 ἐπι-

2153 3874 2470 3937 δεικτικῶς,
2501 3874 2589 3927 ’ίνα
2634 3873 2709 3944 μὴ
2750 3870 3001 3941 φιλὸῡλος
3053 3869 3140 3940 εἴη
3165 3909 3179 3935 ,
3212 3870 3305 3923 καὶ
3353 3867 3414 3921 οὐ
3447 3866 3731 3935 φιλόσοφος

2154 3970 2258 4040 τῆς
2292 3967 2683 4039 φυσιολογικῆς
2731 3966 2825 4020 τοῦ
2869 3964 3004 4018 Θεοῦ
3033 3963 3247 4032 σοφίας.
3285 3960 3644 4033 Γραμματεὺς
3676 3958 3730 4010 δέ

2160 4063 2333 4128 ἐστιν,
2369 4063 2399 4115 ὁ
2429 4062 2511 4124 εἰς
2564 4059 2662 4130 τὴν
2715 4057 2998 4130 βασιλείαν
3035 4054 3132 4110 τοῦ
3167 4053 3302 4108 Θεοῦ
3355 4051 3729 4122 μαθητευθεξ,

2162 4157 2273 4219 πᾶς
2301 4158 2329 4209 6
2373 4153 2464 4208 διὰ
2504 4152 2761 4222 πράξεως
2794 4151 2873 4211 εἰς
2900 4147 3001 4218 τὴν
3030 4147 3161 4218 περὶ
3189 4143 3325 4199 Θεοῦ
3351 4143 3582 4215 θεωρίαν
3611 4159 3735 4213 σχο-

2159 4248 2343 4313 λάζων
2373 4244 2471 4299 καὶ
2494 4248 2561 4316 τῇ
2590 4243 2790 4315 ἠσυχίᾳ
2822 4239 3253 4312 προσκαρτερῶν
3278 4254 3292 4269 ’
3322 4239 3380 4301 ὃς
3402 4235 3647 4289 ἐκϐάλλει
3674 4239 3735 4287 ἐκ

2161 4340 2258 4395 τοῦ
2297 4337 2580 4411 θησαυροῦ
2607 4337 2775 4390 αὑτοῦ
2801 4334 2899 4404 τῆς
2932 4332 3180 4402 καρδίας,
3203 4329 3368 4385 καινὰ
3397 4329 3488 4383 καί
3517 4325 3735 4381 παλαιά·

2163 4431 2447 4486 τουτέστιν
2505 4426 2843 4497 εὐαγγελικὰ
2898 4426 2994 4479 καὶ
3049 4422 3401 4495 προφητικάο
3460 4421 3504 4495 ἦἶ
3546 4420 3609 4471 ἐκ
3639 4419 3735 4488 τῆς

471 4503 647 4559 adhuc
674 4501 835 4558 bonis
861 4502 1119 4573 operibus
1140 4514 1318 4557 vacat.
1348 4501 1617 4558 Praeterea
1637 4513 1826 4559 orator
1848 4503 2049 4561 divinut

2167 4524 2313 4589 Νέας
2333 4523 2430 4577 καὶ
2456 4521 2701 4583 Παλαιᾶς
2729 4519 3028 4589 Διαθήκηςο
3052 4516 3085 4587 ἢ
3107 4511 3460 4570 διδασκαλικὰ
3481 4513 3572 4567 καὶ
3600 4527 3738 4580 πρα-

468 4606 577 4659 est,
621 4595 717 4666 qui
768 4599 917 4660 circa
967 4605 1219 4651 naturam
1273 4596 1675 4667 scientiamque
1710 4605 1766 4651 et
1820 4596 2068 4653 rationes

472 4691 650 4744 rerum
685 4697 961 4754 versatus,
993 4689 1174 4743 omnia
1224 4688 1593 4759 spiritualiter
1639 4688 1978 4744 demonstrat
2012 4697 2070 4745 et

475 4781 752 4837 sermonis
798 4781 1002 4836 virtute
1030 4780 1261 4835 dirimit.
1309 4781 1680 4848 Philosophus
1707 4780 1944 4852 denique
1967 4797 2068 4838 ve-

476 4891 568 4929 rus
602 4886 709 4941 est,
735 4873 1331 4945 quisupernaturalem
1382 4875 1475 4929 Dei
1508 4875 1766 4928 unionem
1821 4877 2070 4945 gnostiee

478 4974 531 5017 ct
572 4966 891 5019 immediate
928 4966 1093 5019 habet
1121 4965 1175 5019 iu
1216 4967 1422 5034 seipse.

2167 4617 2335 4675 κτικα
2360 4633 2373 4647 ·
2405 4617 2439 4687 ἢ
2473 4613 2671 4685 νομικὰ
2723 4613 2820 4667 καὶ
2880 4609 3235 4666 ἀποστολικά.
3299 4607 3483 4661 Ταῦτα
3538 4603 3644 4673 γὰρ
3669 4602 3740 4656 τὰ

2168 4710 2334 4766 καινὰ
2351 4710 2447 4763 καὶ
2465 4708 2671 4761 παλαια
2691 4706 2992 4777 μυστήρια,
3025 4704 3171 4774 ἅπερ
3190 4703 3219 4755 ὁ
3246 4698 3545 4772 πρακτικὸς
3564 4713 3743 4768 γραμ-

2173 4800 2379 4871 ματεὺς
2427 4800 2707 4865 ἐκϐάλλει,
2768 4795 3133 4870 μαθητευθεὶς
3183 4793 3264 4856 είς
3298 4789 3396 4862 τὴν
3449 4786 3738 4856 θεάριστον

2169 4894 2472 4949 πολιτείαν.
2511 4893 2884 4964 Γραμματεὺς
2931 4889 2989 4943 δέ
3020 4890 3157 4951 ἐστι,
3207 4887 3314 4947 πᾶς
3349 4875 3667 4952 πρακτικὸς,
3707 4873 3740 4924 6

2172 4986 2502 5057 σωματικῶς
2555 4986 2635 5039 ἔτι
2670 4985 2805 5047 πρὸς
2863 4982 2963 5045 τὰς
3012 4979 3240 5050 πράξεις
3270 4973 3736 5046 ἐνασχολούμενος.

490 5060 707 5131 Ῥήτωρ
731 5060 789 5114 δὲ
821 5058 987 5129 θεῖος,
1020 5064 1049 5117 ὁ
1076 5065 1285 5132 φυσικό
1300 5083 1352 5132 ς,
1380 5068 1410 5120 ὁ
1433 5079 1570 5135 προς
1607 5079 1708 5128 τας
1751 5062 1988 5133 γνώσεις
2024 5063 2121 5117 καὶ
2147 5064 2273 5125 τους
2299 5061 2494 5131 λόγους
2534 5063 2644 5116 τῶν
2672 5062 2842 5116 ὄντων
2875 5062 3039 5132 μέσος
3067 5061 3259 5124 ἑστὼς,
3302 5065 3394 5111 καί
3424 5058 3735 5111 ἀποδεικτι-

479 5161 570 5221 κδς
602 5159 713 5212 τῶν
746 5161 887 5215 ὅλων
924 5163 980 5216 ἐν
1031 5165 1305 5236 πνεύματι
1334 5168 1400 5238 τῇ
1435 5166 1749 5236 διαιρετικῇ
1787 5168 1882 5220 τοῦ
1923 5164 2088 5234 λόγου
2136 5162 2388 5234 δυνάμει.
2424 5163 2724 5236 Φιλόσοφος
2758 5162 2817 5218 δὲ
2859 5162 3091 5234 ἀληθὴς,
3124 5162 3153 5214 6
3208 5161 3306 5231 τὴν
3351 5154 3603 5225 ὑπερφυᾶ
3631 5151 3718 5205 τοῦ

474 5252 612 5309 Θεοῦ
642 5256 838 5312 ἕνωσιν
868 5259 1129 5325 γνωστῶς
1153 5261 1243 5313 καὶ
1261 5261 1481 5329 ἀμέσως
1512 5259 1653 5331 ἔχων
1682 5263 1738 5313 ἐν
1769 5261 1970 5331 ἐαυτῷ.

554 5334 681 5389 128.
717 5336 1023 5392 'l‘entantes
1050 5338 1173 5392 siue
1203 5340 1401 5409 spiritu
1433 5334 1696 5405 scribere,
1732 5351 1786 5395 et
1820 5344 1985 5413 loqui,
2017 5352 2072 5401 et

480 5424 779 5482 Ecclesiam
836 5430 1134 5498 aedificare,
1185 5444 1313 5486 sunt
1347 5434 1640 5501 animales,
1677 5445 1736 5488 ut
1785 5434 1864 5490 ait
1915 5439 2070 5496 divus

476 5517 794 5589 Apostolus,
831 5523 1087 5592 spiritum
1127 5539 1232 5576 non
1269 5525 1552 5581 habentes.
1603 5525 1694 5581 Isti
1743 5529 1888 5583 enim
1943 5530 2071 5585 sub-

475 5612 599 5682 iecti
633 5625 762 5670 sunt
809 5616 1185 5673 maledictioni
1241 5618 1377 5687 ejus.
1423 5620 1513 5683 qui
1546 5619 1683 5674 dicit
1716 5636 1730 5673 :
1763 5638 1783 5672 ι
1834 5621 1923 5677 Va:
1977 5625 2068 5693 qui

476 5708 747 5773 Sapientes
777 5718 905 5770 sunt
934 5711 988 5761 in
1026 5710 1202 5764 oculis
1234 5713 1374 5775 suis,
1404 5720 1459 5765 et
1497 5728 1679 5766 coram
1706 5715 1901 5783 seipsis
1929 5732 2066 5787 pru-

478 5795 671 5851 dentes
704 5800 771 5854 ιο.
811 5817 829 5850 ι
867 5797 1001 5852 Nam
1036 5816 1064 5852 a
1098 5802 1296 5872 seipsis
1328 5804 1654 5873 loquuntur,
1689 5820 1794 5863 nec
1824 5806 2064 5879 Spiritus

548 5890 598 5963 ξι
628 5890 735 5947 lsa.
770 5906 827 5961 ν,
854 5892 945 5949 st.

2252 5342 2393 5416 ρκη’.
2427 5344 2489 5396 Oi
2540 5346 2712 5416 χωρὶς
2761 5342 3082 5413 ῐίνεῦματος
3118 5339 3415 5410 γράφοντές
3466 5355 3519 5390 τε
3545 5337 3634 5388 καὶ
3663 5333 3749 5386 λέ-

2180 5454 2387 5505 γοντες,
2421 5439 2517 5491 καὶ
2572 5438 2675 5508 τὴν
2725 5434 3059 5505 Ἐκκλησίαν
3083 5432 3381 5499 οἰκοδομεῖν
3423 5428 3743 5498 βουλόμενοι,

2177 5530 2397 5602 ψυχικοί
2432 5532 2605 5596 εἰσιν,
2662 5529 2738 5593 ῶς
2788 5526 2890 5581 πού
2951 5544 3120 5596 φησιν
3170 5528 3197 5578 6
3228 5523 3365 5586 θεῖος
3413 5519 3744 5578 Ἀπόστολος,

2181 5624 2405 5691 Πνεῦμα
2442 5623 2518 5694 μὴ
2572 5623 2808 5693 ἔχοντες.
2867 5621 2931 5673 Οἱ
2962 5620 3070 5688 γὰρ
3120 5615 3350 5671 τοιοῦτοι
3380 5611 3617 5666 ὑπόδικοί
3646 5611 3744 5660 εἱτι

2180 5722 2246 5789 τῇ
2269 5718 2378 5789 ὰρᾷ
2402 5719 2468 5786 τῇ
2502 5715 2740 5786 λεγούσῃ
2763 5731 2779 5746 ο
2812 5732 2829 5765 ι
2858 5712 2994 5766 Οὐαὶ
3015 5713 3066 5763 οί
3096 5709 3305 5763 συνετοὶ
3339 5708 3397 5759 ἐν
3421 5706 3624 5763 ἑαυτοῖς
3658 5700 3746 5753 καὶ

2181 5811 2415 5866 ἐνώπιον
2454 5808 2635 5865 αὐτῶν
2686 5806 3092 5877 ἐπιστήμονες·
3131 5800 3223 5872 ἀφ’
3263 5796 3468 5855 ἑαυτῶν
3503 5794 3607 5865 γὰρ
3656 5793 3744 5844 λα·
