4020 6492
363 496 502 566 121⁵7

1395 492 1664 552 (ΖᾹΡΙΤΑ
1712 491 1859 551 PER
1904 481 2567 549 ACROSTICIIIDEM.

3486 474 3627 535 1‘393

352 624 497 687 νίας,
551 624 581 692 ή
631 619 902 689 κουφότης
925 632 942 649 ·
973 618 1072 690 τῆς
1099 615 1158 671 δὲ
1181 615 1489 688 προκοπῆς,
1525 613 1553 665 ὁ
1583 609 1779 681 φθόνος
1798 624 1812 640 ⁸
1835 608 1933 676 τῆς

2056 604 2162 668 liae,
2214 605 2425 658 daemon
2465 594 2780 671 progressui
2816 591 3112 647 aemulatus:
3154 588 3381 659 ptenalis
3417 587 3621 641 dereli-

359 716 411 766 δὲ
438 732 514 765 πα
542 712 794 780 δευτικής
822 708 1300 780 παραχωρήσεως,
1334 706 1368 775 ή
1395 704 1713 773 ὲφάμαρτος
1756 698 1929 770 βιοτή.

361 805 465 855 Καὶ
499 804 531 872 ἠ
567 802 666 873 μὲν
715 804 780 853 ἐκ
809 800 1030 867 φθόνου,
1086 798 1181 852 καὶ
1207 798 1439 869 οἰήσεως
1494 794 1683 865 μόνης,
1711 793 1935 861 ταχεῖαν

359 898 470 963 ἔχει
494 897 591 965 τὴν
623 895 788 953 ἴασιν.
819 893 948 947 ὅταν
978 890 1214 962 μάλιστα
1238 890 1333 942 καὶ
1355 884 1701 957 ταπεινωθῃο
1721 884 1755 952 ἡ
1788 883 1845 936 δὲ
1873 884 1938 934 ἐκ

360 986 607 1048 παιδείας
635 986 702 1038 δι’
732 983 1009 1054 ἁμαρτίαν
1042 981 1120 1052 τῷ
1150 982 1369 1050 Σατανᾷ
1412 979 1644 1043 ἔκδοσις,
1676 976 1937 1037 πολλάκις

248 1096 255 1103 '
362 1079 522 1146 μέχρι
544 1077 776 1130 θανάτου
814 1073 952 1143 πρὸς
981 1073 1179 1142 ἄφεσιν
1217 1072 1245 1124 ὁ
1271 1070 1409 1133 Θεὸς
1460 1068 1782 1137 παραχωρεί
1802 1063 1938 1119 ταύ-

358 1187 420 1231 τη
443 1190 475 1222 ι.
510 1168 665 1219 Ἔστι
694 1164 739 1217 δ’
770 1166 859 1218 ὅτε
906 1163 1004 1218 καὶ
1047 1161 1380 1224 ἀνευθύνους
1413 1158 1760 1224 κολάζεσθαι,
1801 1158 1938 1226 πρὸς

360 1256 634 1323 σωτηρίαν
671 1254 942 1307 ἐκδίδωσι.
984 1250 1106 1323 Χρὴ
1137 1251 1193 1304 δὲ
1225 1250 1446 1314 εἰδέναι,
1486 1249 1573 1301 ὅτι
1603 1250 1699 1301 καὶ
1727 1245 1888 1309 αὐτὸς
1910 1247 1939 1298 ό

358 1350 455 1415 τῆς
484 1349 711 1414 οἰήσεως
735 1345 951 1415 δαίμων
971 1342 1231 1412 προλέγει
1257 1343 1316 1395 ὲν
1353 1341 1467 1404 τοῖς
1497 1338 1571 1411 μὴ
1600 1338 1842 1410 ἀκριϐῶς
1872 1339 1939 1408 τῇ

362 1440 555 1510 καρδίᾳ
590 1439 987 1508 προσέχουσινω

435 1527 565 1598 ρλγ’.
602 1530 791 1598 Ὶερεῖς
828 1527 923 1582 καὶ
955 1526 1197 1596 βασιλεῖς
1248 1525 1314 1594 τῇ
1347 1522 1579 1594 ἀληθεία
1609 1520 1856 1591 χρίονται
1883 1520 1941 1572 ὲν

357 1628 424 1692 τῇ
455 1620 797 1674 ἀνακαινίσει
828 1619 1030 1680 πάντες
1066 1617 1117 1669 oi
1161 1615 1428 1678 εὐσεϐεῖς,
1461 1612 1651 1681 ὥσπερ
1681 1612 1821 1663 κατά
1850 1609 1942 1661 τὸν

363 1716 534 1768 τύπον
582 1713 704 1765 τότε
738 1710 832 1763 καὶ
860 1711 910 1764 οἱ
936 1707 1181 1762 παλαιοί.
1242 1705 1415 1758 Τύποι
1444 1704 1553 1774 γὰρ
1580 1699 1719 1772 ἦσαν
1746 1703 1945 1754 ἐκεῖνοι

361 1812 428 1876 τῇ
465 1806 708 1875 ήμετέρᾳ
735 1801 965 1871 ἀληθεία
992 1817 1007 1832 ο
1042 1800 1143 1853 οὐκ
1174 1802 1239 1852 ἐκ
1269 1798 1490 1868 μέρους,
1515 1793 1632 1848 ἀλλ’
1655 1794 1763 1848 ὅλοι
1789 1792 1945 1855 ὅλους

365 1898 514 1966 ἡμᾶς
567 1893 979 1963 ἐτεκμαίροντο.
1014 1889 1153 1944 Οὔτε
1192 1890 1300 1959 γάρ
1333 1887 1453 1941 κατ’
1491 1884 1734 1948 ἐκείνους
1761 1883 1945 1953 ὁμοιό-

592 1955 977 2056 uersutiam};
1005 1985 1040 2054 ή
1067 1955 1319 2053 ἡμετέρα
1358 1978 1630 2051 βασιλεία,
1669 1978 1763 2030 καὶ
1800 1977 1947 2047 ίερα-
1972 1955 2018 2015 Β

364 2083 508 2143 τεία,
538 2078 644 2133 κάν
669 2075 918 2146 σύμϐολα
946 2074 1015 2128 τὰ
1050 2074 1189 2128 αὐτά
1214 2088 1229 2102 °
1270 2069 1394 2124 οὕτε
1428 2068 1554 2124 καθ’
1599 2068 1747 2139 ἡμᾶς
1782 2066 1951 2136 διορι-

367 2172 506 2240 σέιδν
532 2170 645 2241 ἔχει
677 2170 711 2240 ή
746 2167 932 2236 φύσις,
953 2165 987 2235 ἢ
1011 2167 1044 2236 ἡ
1081 2164 1261 2236 χάρις,
1285 2163 1377 2216 καὶ
1412 2162 1446 2232 ή
1474 2160 1667 2232 κλῆσις
1695 2158 1830 2228 πρὸς
1851 2155 1951 2227 τὴν

365 2263 567 2333 χρίσιν,
590 2260 685 2314 τοῦ
717 2255 858 2312 εἶναι
889 2258 956 2311 τά
987 2255 1286 2327 χρισθέντα
1332 2252 1567 2323 διάφορα
1590 2267 1602 2281 ⁸
1637 2249 1775 2304 ἀλλά
1823 2248 1950 2320 μίαν

366 2353 462 2406 καὶ
487 2352 585 2422 τὴν
608 2348 778 2420 αὐτὴν
800 2347 1018 2418 κλῆσιν.
1055 2346 1150 2399 καὶ
1172 2345 1378 2403 πίστιν.
1408 2344 1501 2396 καὶ
1528 2341 1811 2413 μόρφωσιν
1834 2339 1952 2409 ἐχο-

370 2462 492 2515 μεν.
524 2442 686 2513 Δηλοῖ
711 2441 769 2495 δὲ
798 2441 893 2517 καὶ
922 2438 1202 2510 ἐμφαίνει,
1258 2434 1401 2490 κατά
1430 2434 1527 2487 τὸν
1554 2433 1656 2502 τῆς
1690 2430 1952 2503 ἀληθείας

367 2535 548 2605 λόγον,
582 2534 643 2587 τὸ
669 2531 916 2604 καθαρὸν
950 2530 1046 2586 καὶ
1080 2528 1313 2593 ἀπαθὲς,
1346 2528 1442 2581 καὶ
1482 2527 1602 2580 ὅλον
1637 2524 1953 2597 ἀφιερωμέ-

369 2645 481 2693 νον,
502 2624 622 2697 Θεῷ
645 2623 903 2694 γενέσθαι
931 2623 1026 2677 νῦν
1056 2639 1115 2675 τε
1148 2621 1243 2675 καὶ
1263 2621 1322 2674 ἰν
1350 2617 1431 2687 τῷ
1456 2617 1731 2687 μέλλοντι.

442 2718 571 2789 ρλδν.
613 2716 813 2785 Σοφίαν
838 2713 1141 2783 τηνικαῦτα
1170 2715 1379 2775 ἐκεῖνος
1408 2709 1488 2782 τῷ
1520 2708 1749 2779 στόματι
1774 2707 1951 2776 λαλεῖ,

369 2810 466 2862 καὶ
506 2810 575 2879 τῇ
623 2807 724 2877 τῆς
755 2805 983 2877 καρδίας
1022 2804 1222 2877 μελέτῃ
1253 2800 1492 2868 σύνεσιν,
1527 2803 1556 2854 ὁ
1588 2798 1723 2853 Θεὸν
1754 2798 1948 2867 Λόγον,

368 2904 468 2969 τὴν
495 2899 590 2953 τοῦ
616 2899 753 2953 Θεοῦ
774 2900 867 2952 καὶ
903 2897 1118 2968 [ἰατρὸς
1152 2895 1520 2949 ὲνυπόστατον
1570 2893 1783 2962 σοφίαν,
1815 2909 1949 2962 τρα-

370 2994 473 3057 νῶς
510 2994 572 3047 ὲκ
619 2991 729 3047 τῶν
779 2991 951 3046 ὅντων
988 2990 1292 3061 ἐμφαίνων,
1345 2987 1422 3052 ὡς
1451 2990 1578 3050 τοὺς
1618 2986 1811 3054 λόγους
1837 2986 1948 3041 τῶν

364 3082 693 3153 ἀρχετύπων
725 3083 783 3134 ἐν
807 3083 920 3142 τοῖς
946 3077 1099 3133 οὖσιν
1126 3079 1263 3149 ἔχων
1295 3078 1824 3150 χαρακτηρίςοντας,
1853 3078 1950 3133 καὶ

363 3176 456 3229 διὰ
504 3175 600 3228 τοῦ
645 3174 766 3226 κατ’
823 3172 1108 3243 ἐνέργειαν
1149 3171 1349 3236 ζῶντος
1378 3170 1564 3239 λόγου.
1614 3169 1692 3241 τῷ
1720 3169 1952 3234 στόματι

369 3264 524 3318 λαλεῖ
561 3264 755 3334 σοφίαν
783 3264 847 3317 ὲκ
872 3264 1063 3331 σοφίας
1082 3278 1096 3292 ⁸
1122 3265 1188 3334 τῇ
1209 3258 1275 3316 δὲ
1311 3262 1509 3333 καρδίᾳ
1542 3260 1955 3331 ἐλλαμπόμενος

373 3360 438 3426 τῇ
471 3354 696 3426 δυνάμει
722 3355 819 3426 τῆς
850 3353 1289 3426 μεταποιητικῆς
1335 3353 1607 3417 συνέσεως
1646 3352 1957 3422 μελετωμέ-

372 3464 471 3514 νης
496 3444 575 3517 τῷ
602 3445 897 3517 πνεύματι,
948 3447 1124 3499 ποιεῖν
1171 3445 1264 3499 καὶ
1304 3444 1564 3513 φωτίζειν
1619 3442 1843 3497 δύναται
1867 3443 1960 3498 διὰ

371 3541 470 3608 τῆς
501 3537 794 3602 συνέσεως,
824 3537 953 3599 τοὺς
983 3536 1190 3600 πιστῶς
1213 3535 1529 3599 ἀκούοντας.

447 3626 573 3698 ρλε’.
613 3628 677 3681 Ἦ
706 3627 920 3697 μεγάλη
946 3626 1048 3695 τῆς
1067 3625 1327 3696 ἀληθείας
1351 3625 1667 3690 ἀντίπαλος,
1694 3624 1790 3679 καὶ
1820 3626 1958 3698 πρὸς

372 3720 655 3775 ἀπώλειαν
692 3722 818 3782 τοὺς
850 3719 1172 3790 ἀνθρώπους
1217 3719 1454 3773 ἕλκουσα
1504 3718 1681 3789 πλάνη
1717 3720 1956 3789 σήμερον

373 3812 395 3882 (
407 3810 473 3864 δι’
499 3804 567 3883 ἦς
599 3812 634 3883 ή
664 3810 857 3875 ἄγνοια
905 3810 997 3863 τοῦ
1031 3810 1258 3872 σκότους
1316 3809 1375 3862 ὲν
1430 3812 1553 3872 ταῖς
1602 3809 1804 3880 ψυχαῖς
1845 3810 1955 3863 τῶν

373 3901 635 3974 ῥᾳθύμων
655 3901 1028 3970 ἐϐασίλευσεν,
1050 3903 1115 3955 ὲκ
1136 3901 1273 3956 Θεοῦ
1298 3901 1712 3972 ἀλλοτριώσασα
1735 3900 1954 3965 αὐτούς·

372 3995 422 4049 οἶ
444 3995 539 4048 καὶ
568 3996 645 4059 ῶς
674 3994 751 4066 μὴ
781 3989 921 4049 εἶναι
951 3994 1087 4047 Θεὸν
1117 3994 1505 4064 γινώσκοντες,
1530 3992 1626 4046 τὸν
1652 3994 1799 4063 ἡμᾶς
1826 3992 1959 4045 ἀνα-

371 4087 714 4158 γεννήσαντα
762 4087 858 4143 καὶ
905 4086 1241 4157 φωτίσαντα,
1271 4086 1306 4157 ἢ
1347 4085 1493 4156 λόγῳ
1523 4085 1670 4156 μόνῳ
1689 4082 1832 4156 ψιλῷ
1864 4100 1955 4137 πι-

373 4176 703 4248 στευόμενον
725 4177 821 4231 καὶ
844 4176 1273 4248 γινωσκόμενον,
1299 4175 1395 4231 καὶ
1437 4175 1539 4229 οὐκ
1570 4175 1740 4246 ῑργῳ,
1771 4174 1805 4247 ή
1843 4176 1959 4240 τοῖς

371 4266 623 4337 ἀρχαίοις
636 4267 818 4340 μόνοις
837 4267 1277 4339 ἐπιφαινόμενον,
1302 4267 1396 4321 καὶ
1411 4266 1531 4337 οὐχὶ⁹
1551 4268 1646 4321 καὶ
1672 4268 1829 4338 ἡμῖν,
1853 4266 1957 4331 τὰς

374 4359 657 4429 Γραφικάς
688 4360 817 4432 περὶ
852 4359 988 4413 Θεοῦ
1023 4358 1332 4433 μαρτυρίας
1385 4357 1588 4425 ἄλλοις,
1622 4357 1656 4429 ἢ
1687 4357 1785 4412 καὶ
1844 4359 1959 4422 τοῖς

370 4452 619 4522 είρηκόσι
636 4452 1036 4523 προσάπτουσι,
1061 4451 1158 4509 καὶ
1187 4450 1368 4517 δόξαν,
1400 4449 1475 4515 ῶς
1498 4466 1633 4523 φησι
1651 4450 1781 4522 περὶ
1794 4448 1954 4516 Θεοῦ,

373 4545 776 4616 βλασφημοῦσι,
808 4547 911 4618 τὴν
954 4545 1012 4600 δὲ
1052 4546 1401 4617 ἐπιγνώσεως
1451 4545 1621 4609 ὅντως
1673 4543 1958 4600 εὐσέϐειαν

2035 694 2252 762 ctionis,
2285 694 2396 749 vita
2440 688 2839 761 peccaminosa.
2876 683 2979 750 Qui
3021 692 3165 736 errat
3202 696 3271 735 ex
3317 680 3522 735 invidia
3570 689 3624 731 et

2035 790 2288 857 superbia
2330 794 2563 849 tantum,
2598 791 2847 853 prompto
2921 765 3151 832 sanatur
3184 772 3445 836 remedio,
3483 785 3623 840 ρω-

2033 881 2224 937 sertim
2262 880 2306 934 si
2353 877 2711 940 humilietur;
2758 872 2851 941 qui
2893 884 3021 925 vero
3057 868 3112 921 in
3156 879 3372 934 prunam
3416 863 3624 932 peccati

2048 972 2265 1027 Samum
2294 971 2525 1026 traditus
2569 977 2672 1032 est,
2713 978 2856 1034 saepe
2889 962 3040 1017 illum
3071 974 3244 1028 usque
3280 958 3347 1011 ad
3392 965 3626 1009 mortem

2036 1064 2239 1121 deserit
2297 1062 2437 1118 Deus
2496 1076 2560 1115 ac
2591 1056 2943 1126 derelinquit.
2980 1054 3285 1124 Aliquando
3322 1060 3503 1105 tamen
3538 1049 3623 1103 vel

2033 1158 2209 1228 justos
2241 1171 2411 1227 poema
2470 1153 2637 1208 tradit
2667 1151 2735 1206 ad
2769 1149 3021 1204 salutem.
3054 1146 3352 1202 Sciendum
3381 1156 3513 1200 vero
3539 1149 3627 1198 est

2041 1251 2108 1305 ab
2132 1250 2248 1318 ipso
2272 1246 2539 1315 superbiae
2561 1242 2830 1298 daemonio
2871 1237 3239 1311 praeoccupari
3269 1250 3365 1293 eos
3390 1238 3483 1306 qui
3514 1248 3624 1289 non

2042 1342 2331 1411 diligenter
2359 1338 2509 1395 cordi
2562 1351 2673 1392 suo
2705 1333 3033 1405 invigilant.-

2119 1526 2239 1581 155.
2264 1523 2590 1580 Sacerdotes
2614 1532 2670 1576 et
2695 1535 2849 1591 reges
2876 1520 3052 1588 rcipsa
3077 1528 3359 1588 unguntur
3382 1516 3435 1571 in
3463 1530 3627 1571 renoo

2044 1621 2259 1675 ratione
2287 1631 2479 1673 omnes
2523 1615 2620 1685 pii,
2652 1616 2791 1668 sicut
2832 1613 2963 1666 olim
3010 1611 3242 1683 ﬁgurate
3277 1610 3624 1680 angebantur

2048 1723 2278 1766 veteres.
2303 1708 2380 1763 lbi
2402 1706 2547 1763 enim
2580 1704 3003 1776 prmligurabant
3039 1710 3284 1757 nostram
3312 1701 3624 1765 veritatem,

2046 1812 2100 1855 et
2132 1815 2237 1854 non
2271 1813 2336 1852 ex
2363 1805 2538 1867 parte,
2573 1795 2667 1851 sed
2694 1805 2857 1849 totos-
2871 1794 2964 1847 toti
2992 1806 3092 1846 nos
3114 1792 3628 1862 prterironstrabant.

2049 1892 2236 1962 Neque
2263 1891 2409 1945 enim
2430 1876 2863 1957 congruentlam
2897 1893 3105 1939 uultum
3133 1893 3187 1938 et
3215 1884 3626 1939 similitudiumu

2044 2000 2168 2039 cum
2218 1983 2301 2037 eis
2347 1980 2550 2035 habent
2580 1989 2827 2034 nostrum
2875 1991 3100 2047 regnum
3147 1985 3207 2030 et
3236 1974 3622 2037 sacerdotium,

2043 2092 2163 2148 qua)
2186 2075 2376 2130 iisdem
2403 2073 2574 2143 signis
2591 2071 3024 2142 portenduntur;
3054 2082 3233 2138 neque
3254 2069 3627 2122 divursitalcul

2045 2168 2248 2224 habent
2276 2166 2417 2237 apud
2449 2179 2550 2221 nos
2579 2172 2793 2227 natura,
2825 2171 2921 2217 aut
2950 2161 3147 2230 gratia,
3179 2169 3273 2215 aut
3301 2161 3516 2214 vocatio
3563 2162 3630 2212 ad

2045 2261 2380 2328 unctionem,
2413 2265 2473 2314 ut
2504 2264 2665 2313 uncta
2696 2257 2808 2311 siut
2841 2252 3240 2324 discrepantia,
3262 2253 3360 2308 sed
3388 2267 3552 2305 unam
3581 2261 3636 2305 ct

2044 2354 2296 2411 eamdem
2325 2352 2666 2408 vocationem
2697 2348 2967 2416 [idemque
2990 2363 3053 2401 ac
3080 2346 3316 2401 formam
3345 2346 3629 2417 habemus.

2046 2444 2295 2502 Ostendit
2327 2452 2507 2499 autem
2541 2456 2603 2496 ac
2640 2441 2996 2503 demonstrat,
3039 2437 3193 2507 juxta
3231 2433 3481 2489 veritatis
3512 2449 3636 2488 ver-

2046 2542 2194 2604 bum,
2234 2536 2442 2608 puritas
2485 2531 3008 2604 impassibilitasqne
3029 2539 3083 2584 et
3110 2529 3318 2599 quasvis
3366 2527 3634 2584 sanctitas

2047 2631 2305 2684 unionem
2335 2641 2458 2683 eum
2492 2623 2606 2681 Deo
2635 2632 2964 2695 prmsentem
2996 2629 3052 2677 et
3083 2620 3346 2676 futuram.

2118 2721 2244 2777 15L
2282 2717 2378 2775 Ille
2419 2717 2533 2787 jam
2588 2730 2736 2771 nunc
2780 2729 2879 2769 ore
2927 2713 3169 2784 loquitur
3209 2711 3532 2783 sapientiam
3580 2721 3636 2764 ct

2049 2814 2231 2870 cordis
2262 2810 2618 2867 meditatione
2640 2811 3010 2877 prudentiam,
3033 2806 3124 2877 qui
3161 2804 3328 2860 Deum
3362 2803 3627 2869 Verbum,

2048 2903 2471 2964 substantialem
2500 2901 2593 2956 Dei
2620 2900 2798 2957 Patris
2825 2901 3175 2970 Sapientiam,
3202 2899 3350 2953 clare
3375 2914 3439 2953 ex
3472 2899 3636 2952 rebus

2049 2998 2322 3064 ostendit;
2369 2996 2464 3067 qui
2515 2995 2734 3050 ratione
2778 2994 3208 3063 archetyporum
3244 2995 3297 3046 in
3349 2992 3515 3046 rebus
3560 2995 3637 3044 vi-

2049 3091 2187 3147 dens
2234 3103 2550 3160 expressas,
2585 3102 2653 3144 ex
2707 3086 2942 3143 viventis
2994 3102 3089 3156 per
3137 3088 3509 3156 operat'ouern
3555 3099 3638 3137 ra-

2054 3183 2217 3240 tionis
2251 3181 2517 3253 sapientia
2559 3178 2885 3252 sapientiam
2927 3194 3022 3234 orc
3068 3178 3336 3248 loquitur,
3373 3187 3429 3239 et
3473 3178 3637 3231 corde

2053 3275 2392 3329 illumiuatus
2425 3284 2592 3343 atque
2629 3273 3048 3329 trauslormatus
3079 3286 3175 3341 per
3208 3270 3462 3325 virtutem
3493 3283 3594 3339 pru
3614 3299 3629 3311 ο

2052 3367 2249 3422 deutia:
2290 3364 2599 3434 spiritualia
2632 3363 2965 3425 meditantis,
2997 3360 3178 3416 facere
3226 3369 3282 3415 et
3318 3360 3631 3415 illuminare

2050 3465 2229 3529 pete.t
2255 3470 2350 3527 per
2386 3456 2528 3511 hanc
2557 3456 2902 3526 prudentiam
2930 3454 3118 3508 fideles
3153 3454 3452 3508 auditores.

2124 3596 2229 3688 εἴ)ίὸ
2285 3630 2610 3687 Labefactat
2640 3630 2869 3685 multum
2900 3631 3184 3686 veritatem
3215 3639 3273 3687 et
3299 3632 3549 3689 homines
3571 3636 3639 3691 ad

2051 3725 2344 3796 perniciem
2380 3736 2528 3776 nunc
2590 3721 2754 3776 trahit
2804 3736 2980 3787 error,
3016 3738 3112 3791 per
3137 3738 3298 3791 quem
3335 3724 3639 3794 ignorantia

2051 3817 2350 3886 caliginosa
2393 3816 2445 3869 in
2477 3812 2674 3868 animis
2709 3812 3031 3882 ignavorum
3078 3820 3288 3883 regnat,
3320 3830 3350 3868 a
3387 3815 3500 3870 Deo
3542 3831 3641 3872 eos
3712 3808 3715 3811 ’

2051 3909 2398 3965 abalienans:
2431 3908 2521 3976 qui
2552 3905 2796 3975 quidem,
2833 3916 3088 3975 tauquam
3120 3908 3429 3962 nescientes
3459 3910 3641 3965 exsis-

2054 4012 2165 4057 tere
2193 3999 2362 4056 Deum
2396 4000 2490 4070 qui
2523 3999 2671 4070 ipsos
2687 3998 2894 4053 creavit
2915 4004 2974 4053 et
2999 3997 3350 4068 illuminavit,
3387 4011 3480 4054 aut
3514 4017 3638 4055 eum

2053 4095 2300 4151 dicentes
2322 4107 2472 4147 mera
2499 4101 2719 4147 tantum-
2736 4090 2972 4159 ratioue,
2996 4099 3055 4147 at
3075 4105 3182 4147 non
3206 4093 3469 4163 operibus
3488 4094 3640 4148 credi

2053 4198 2216 4257 atque
2253 4186 2530 4255 cognosci,
2585 4192 2680 4240 aut
2722 4187 3000 4243 veteribus
3045 4193 3278 4251 tantum,
3314 4187 3455 4241 haud
3514 4200 3642 4242 vero

2054 4279 2217 4335 nobis
2261 4278 2669 4359 manifestatum
2719 4292 2865 4343 esse,
2899 4278 3197 4349 Scriptura:
3227 4277 3298 4334 de
3327 4278 3442 4334 Deo
3485 4280 3641 4335 teSIi-

2055 4372 2238 4427 monia
2270 4370 2391 4425 aliis
2420 4369 2744 4427 auctoribus
2790 4371 3125 4440 attribuunt,
3158 4387 3221 4427 ac
3257 4372 3487 4444 gloriam
3520 4373 3637 4441 Dei,

2058 4477 2116 4518 ut
2144 4466 2217 4520 ita
2245 4466 2445 4528 dicam,
2480 4465 2880 4534 blasphemant,
2925 4474 3090 4535 atque
3122 4479 3308 4521 veram
3351 4466 3638 4521 scientiam

2061 4567 2428 4629 pietatemque
2459 4566 2773 4621 renuentes,
2797 4555 3158 4625 corporaliter
3179 4561 3417 4622 tantum,
3442 4566 3498 4611 ut
3526 4573 3635 4610 non

362 4647 805 4720 ἀπαρνούμενοι,
841 4647 939 4705 καὶ
974 4650 1305 4722 σωματικῶς
1340 4649 1523 4721 μόνον,
1553 4647 1642 4703 ἵνα
1678 4649 1757 4722 μή
1814 4649 1953 4704 είπω

2060 4650 2236 4706 dicam
2260 4650 2500 4720 judaice,
2528 4649 2848 4719 Scripturas
2877 4647 3087 4717 legunt,
3109 4656 3163 4702 et
3193 4657 3515 4716 praesentem
3552 4666 3640 4703 re-

373 4740 703 4808 Ἶουδαῖκῶς,
736 4742 833 4805 τάς
858 4742 1085 4812 Γραφάς
1114 4742 1574 4811 ἀναγινώσκουσι,
1604 4738 1707 4811 τὴν
1737 4741 1829 4797 διὰ
1853 4741 1955 4813 τῆς

365 4832 714 4897 ἀναστάσεως
742 4831 844 4902 τῆς
871 4831 1054 4903 ψυχῆς
1078 4831 1329 4897 ἐντεῦθεν
1359 4830 1580 4902 ἔγερσιν
1598 4829 1953 4902 ἀπαρνούμε-

368 4941 469 4986 νοι,
504 4925 599 4977 καὶ
629 4922 907 4977 κατοικεῖν
939 4922 999 4975 ὲν
1023 4920 1214 4989 τάφοις
1254 4919 1552 4989 ἀγνώστως
1579 4919 1952 4992 ὲπιποθοῦσι)·

369 5009 439 5063 τὰ
468 5009 595 5080 τρία
627 5009 801 5063 ταῦτα
828 5008 978 5079 πάθη
1013 5008 1353 5079 ὑπάρχουσιν
1373 5025 1387 5040 ·
1412 5009 1662 5075 ἀπιστία,
1696 5010 1954 5081 πονηρία,

375 5102 467 5155 καὶ
518 5101 784 5174 ῥᾳθυμία.
833 5100 1106 5171 Ἀλλήλων
1151 5099 1208 5153 δέ
1236 5102 1344 5153 είσι
1374 5101 1671 5168 γεννητικὰ
1713 5100 1808 5154 καὶ
1841 5117 1960 5154 συν-

373 5193 569 5249 εκτικά
590 5211 604 5225 ο
631 5194 862 5249 ἀπιστία
885 5194 1017 5266 γάρ,
1048 5191 1320 5264 πονηρίας
1340 5192 1661 5258 διδάσκαλος
1677 5209 1691 5223 ·
1722 5195 1961 5265 πονηρία

373 5287 452 5349 δὲ,
495 5284 793 5357 σύντροφος
827 5286 1122 5358 ῥᾳθυμίας,
1163 5279 1233 5357 ἧς
1260 5287 1294 5357 ἡ
1319 5285 1551 5356 ὅκνηρία
1581 5284 1852 5357 σύμϐολον
1878 5303 1891 5318 ο
1923 5287 1958 5358 ἢ

374 5381 436 5430 τὸ
456 5378 744 5444 ἀνάπαλιν,
777 5378 1043 5449 ῥᾳθυμία,
1069 5379 1340 5449 πονηρίας
1360 5379 1675 5450 γεννήτρια,
1702 5379 1778 5442 ὡς
1796 5381 1825 5433 ὁ
1850 5379 1962 5432 Κύ-

379 5489 495 5541 ριος
520 5471 753 5543 ἔφησεν·
794 5491 812 5525 ι
850 5473 1061 5543 Πονηρὲ
1105 5471 1261 5526 δοῦλε
1291 5472 1385 5525 καὶ
1413 5471 1636 5543 ὀκνηρέ.
1666 5491 1686 5525 ι
1720 5473 1964 5544 Πονηρία

375 5563 455 5628 δὲ,
497 5564 679 5635 μήτηρ
722 5556 1017 5628 ἀπιστίας·
1067 5565 1178 5627 πᾶς
1225 5563 1335 5635 γὰρ
1371 5563 1630 5635 πονηρὸς,
1657 5564 1909 5631 ἄπιστος,
1936 5569 1965 5620 ὁ

377 5654 435 5706 δὲ
461 5653 536 5724 μὴ
571 5655 868 5719 πιστεύων,
900 5656 996 5709 καὶ
1027 5654 1230 5724 ἄφοδος
1262 5654 1404 5725 Θεῷ.
1447 5655 1537 5721 Ἐξ
1569 5649 1637 5725 ἧς
1661 5657 1693 5726 ἡ
1718 5656 1963 5727 ῥᾳθυμία

381 5747 663 5813 γεννᾶται,
697 5747 731 5817 ή
763 5746 949 5818 μήτηρ
993 5747 1095 5817 τῆς
1128 5748 1618 5818 καταφρονήσεως,
1646 5747 1713 5800 δι’
1735 5742 1806 5820 ἧς
1855 5751 1965 5803 πᾶν

382 5835 585 5899 ἀγαθὸν
606 5838 916 5908 ἀμελεῖται,
948 5840 1044 5893 καὶ
1063 5839 1175 5893 πᾶν
1209 5839 1383 5895 κακὸν
1408 5839 1831 5911 διαπράττεται.

457 5929 599 6004 ρλςῆ
653 5931 790 5999 Δόξα
833 5933 958 6003 περὶ
1011 5931 1147 5986 Θεοῦ
1203 5932 1428 6005 ἀληθὴς,
1475 5934 1568 5989 καὶ
1616 5933 1818 6004 γνῶσις
1852 5933 1964 5990 τῶν

2061 4745 2376 4799 vivisceutis
2405 4743 2599 4796 animae
2636 4752 2898 4810 negantes
2937 4742 3422 4808 resurrectionem,
3460 4743 3517 4795 in
3552 4758 3640 4799 se-

2062 4835 2266 4906 pulcris
2311 4836 2526 4906 iuglorii
2572 4833 2825 4887 habitare
2867 4832 3119 4904 cupiunt.
3156 4832 3410 4888 Errorem
3452 4835 3642 4890 subse-

2060 4934 2308 4996 quuntur
2352 4927 2454 4979 tria
2502 4925 2616 4980 haec
2656 4922 2790 4978 vitia
2838 4938 2859 4977 :
2904 4922 3282 4992 incredulitas,
3334 4927 3537 4980 malitia
3587 4936 3643 4983 et

2061 5017 2297 5088 ignavia.
2333 5017 2460 5073 llaec
2488 5031 2547 5072 se
2579 5016 2810 5072 invicem
2842 5027 3113 5087 generant
3155 5025 3210 5073 et
3249 5028 3577 5075 conservant
3622 5036 3638 5078 :

2061 5109 2412 5165 incredulitas
2440 5110 2583 5163 enim
2609 5118 2693 5165 est
2716 5109 2943 5163 malitias
2967 5108 3225 5179 magistra
3253 5127 3267 5176 ;
3303 5110 3508 5165 malitia
3545 5125 3643 5165 au-

2065 5217 2170 5260 tem
2202 5219 2387 5261 comes
2419 5204 2670 5274 ignavias,
2707 5203 2864 5272 cujus
2899 5202 3117 5275 signum
3156 5212 3240 5259 est
3279 5204 3515 5272 pigritia,
3548 5216 3644 5259 aut

2062 5301 2180 5354 vice
2211 5313 2366 5352 versa
2414 5296 2630 5367 ignavia
2675 5303 2761 5350 est
2786 5295 3007 5351 malitiae
3043 5302 3239 5360 mater,
3274 5305 3335 5350 ut
3380 5294 3644 5352 Dominus

2057 5392 2186 5446 dicit
2220 5390 2438 5463 (Matth.
2476 5402 2607 5454 xxv,
2635 5387 2798 5456 26),:
2817 5387 2988 5443 Serve
3017 5387 3159 5442 male
3191 5396 3245 5442 et
3279 5387 3449 5457 piger.
3493 5406 3512 5439 ι
3540 5387 3647 5442 Ma-

2059 5485 2174 5539 litia
2221 5485 2348 5539 item
2391 5491 2477 5537 est
2522 5481 2928 5537 incredulitatis
2969 5492 3171 5550 parens
3212 5495 3229 5535 :
3272 5480 3456 5535 omnis
3497 5479 3644 5535 enim

2061 5575 2257 5638 malus.
2282 5574 2603 5631 incredulus
2625 5581 2746 5640 est;
2768 5579 2823 5629 et
2848 5573 2940 5643 qui
2970 5586 3077 5627 non
3107 5570 3307 5636 credit,
3338 5573 3506 5626 Deum
3538 5588 3643 5627 nec

2063 5668 2217 5722 timet
2251 5684 2266 5723 :
2296 5675 2351 5722 et
2375 5682 2438 5722 ex
2480 5666 2582 5723 hac
2602 5666 2848 5722 nascitur
2880 5664 3094 5735 ignavia
3124 5658 3646 5734 mater’despectio-

2059 5762 2180 5828 nis,
2230 5775 2327 5832 per
2365 5774 2531 5830 quam
2576 5773 2740 5815 omne
2783 5758 2987 5814 bonum
3054 5756 3434 5823 committitur,
3483 5770 3647 5813 onmo

2062 5854 2265 5911 malum
2300 5852 2598 5908 omittitur.

2133 5946 2259 6004 1⁸56.
2287 5946 2434 6003 Laus
2457 5944 2551 6004 Dei
2584 5959 2735 6016 vera,
2762 5954 2817 6003 et
2845 5942 3078 6003 scicntia
3114 5958 3294 6001 rerum
3323 5951 3496 6012 certa,
3523 5955 3652 6012 νει-ο
