4020 6492
366 484 471 545 130

395 484 471 547 30

476 479 499 547 1
626 578 758 644 Περὶ
798 575 905 641 τῆς
930 575 1228 646 ἐμπίιθοῦς
1258 575 1651 642 ἀλλοιώσεως.

425 668 487 716 δ’.
530 665 589 716 Ἢ
622 664 818 733 ἀκηδία
850 660 1360 729 δυσκαταγώνιστον
1390 660 1524 714 οὖσα
1550 660 1739 726 πάθος,
1786 676 1923 729 χαυ-

359 759 440 807 vei
462 756 521 808 τὸ
546 755 727 825 σῶμα,
763 755 1129 824 χαυνουμένου
1156 753 1212 806 δὲ
1252 750 1347 805 τοῦ
1381 751 1653 821 σώματος,
1687 766 1925 819 συγχαυ-

360 845 544 897 κοῦται
579 845 672 897 καὶ
696 846 730 915 ἡ
779 843 949 913 ψυχὴ,
1007 842 1332 912 ἀμφοτέρων
1354 842 1411 895 δὲ
1440 840 1799 905 ὲκλυθέντων,
1831 841 1927 894 ἀλ-

358 938 565 989 λοιοῦσι
595 935 694 1007 τὴν
727 938 925 1003 κρᾶσιν
948 934 1041 986 τοῦ
1067 934 1317 1002 σώματος
1344 932 1431 987 διὰ
1459 936 1555 1004 τῆς
1574 932 1926 1003 ἡδυπαθείαςο

359 1031 391 1096 ἡ
426 1029 480 1080 δὲ
512 1027 817 1097 ἡδυπάθεια
863 1026 1005 1078 κινεῖ
1039 1023 1138 1094 τὴν
1165 1023 1364 1092 ὄρεξιν,
1408 1022 1441 1092 ἡ
1475 1021 1652 1092 ὄρεξις
1682 1019 1781 1091 τὴν
1822 1019 1927 1074 πῦ-

362 1134 549 1185 ρωσιν,
577 1116 610 1186 ἡ
640 1114 884 1184 πύρωσις
934 1114 1030 1184 τὴν
1082 1113 1474 1177 ἐπανάστασιν,
1498 1112 1531 1180 ἡ
1561 1111 1927 1173 ἐπανάστασις

362 1211 502 1260 κινεῖ
526 1208 623 1275 τὴν
657 1208 898 1278 μνήμην,
933 1207 965 1274 ἡ
1003 1206 1191 1275 μνήμη
1216 1205 1313 1274 τὴν
1367 1204 1687 1271 φαντασίαν,
1736 1205 1925 1273 ἠφαν-

361 1300 524 1353 τασία
574 1300 673 1369 τὴν
707 1297 1094 1369 προσϐολὴν,η
1127 1296 1397 1366 προσϐολὴ
1443 1296 1537 1348 τὸν
1572 1294 1927 1365 συνδυασμὺν,

362 1396 388 1442 ὀ
442 1389 777 1457 συνδυασμὸς
822 1390 920 1460 τὴν
976 1387 1392 1454 συγκατάθεσιν,
1450 1389 1483 1454 ἡ
1541 1386 1929 1455 συγκατάθεσις

364 1485 507 1533 πυιεί
556 1481 656 1550 τὴν
701 1480 918 1549 πρᾶξιν,
960 1479 1069 1531 εἴτε
1109 1479 1209 1547 τὴν
1238 1476 1325 1531 διὰ
1376 1476 1645 1546 σώματος,
1686 1477 1793 1528 εἴτε
1833 1475 1931 1544 τὴν

364 1573 452 1622 ὅθι
491 1570 840 1633 πολυτρόπων
872 1568 1245 1639 παρατριὸῶν,
1268 1567 1364 1620 καὶ
1390 1566 1561 1630 οὓτως
1582 1567 1608 1619 ὁ
1638 1565 1732 1619 ἄνθ
1742 1582 1924 1636 ρωπος

366 1661 430 1727 ήτ
446 1658 618 1727 τηθεὶς
649 1656 1076 1727 πτωματίζεται.

687 1765 822 1834 Περὶ
858 1762 970 1831 τῆς
997 1763 1225 1831 ἀγαθῆς
1257 1763 1651 1828 ἀλλοιώσεως.

442 1877 502 1931 ε’.
543 1878 606 1932 Ἦ
638 1877 882 1947 ὑπομονὴ
914 1878 971 1930 ἐν
997 1875 1161 1929 παντὶ
1184 1876 1330 1946 ἔργῳ
1352 1876 1526 1930 τίκτει
1551 1876 1649 1946 τὴν
1662 1876 1934 1945 ἀνδρείαν,

373 1975 405 2040 ἡ
451 1970 670 2040 ἀνδρεία
702 1969 798 2038 τὴν
845 1965 1176 2037 προθυμίαν,
1206 1968 1240 2037 ὴ
1279 1966 1558 2036 προθυμία
1598 1966 1697 2034 τὴν
1739 1982 1936 2038 καρτε-

376 2066 519 2131 pint,
549 2062 582 2127 ἡ
629 2058 895 2128 καρτερία
921 2059 1018 2127 τὴν
1044 2058 1297 2110 ἐπίτασιν
1315 2096 1330 2121 ,
1359 2058 1392 2127 ὴ
1436 2056 1528 2110 τοῦ
1556 2056 1717 2127 ἔργου
1750 2059 1940 2110 ἐπίτα-

375 2174 480 2216 σις,
507 2154 673 2223 ἤγουν
701 2152 1010 2222 προσθήκη.
1058 2151 1380 2214 κατευνάζει
1411 2150 1510 2219 τὴν
1541 2149 1810 2219 ἀκρασίαν
1841 2148 1936 2202 τοῦ

377 2247 647 2312 σώματης,
679 2244 775 2295 καὶ
804 2243 900 2313 τὴν
930 2240 1261 2311 ἡδυπάθειαν
1287 2242 1483 2312 ήμεροῖ
1500 2240 1599 2307 τῆς
1621 2238 1936 2309 ἐπιθυμίας,

374 2340 405 2400 η
444 2333 707 2402 ἐπιθυμία
733 2332 790 2385 δὲ
821 2333 961 2385 κινεῖ
992 2331 1082 2383 τὸν
1113 2329 1297 2396 πόθον,
1319 2332 1348 2389 ό
1369 2329 1529 2392 πόθος
1579 2330 1676 2398 τὴν
1697 2329 1938 2396 ἀγάπην,

376 2429 407 2491 ἡ
441 2424 626 2491 ἀγάπη
676 2422 769 2475 τὸν
810 2421 995 2491 ζῆλον,
1034 2423 1063 2473 ὁ
1102 2419 1259 2489 ζῆλος
1297 2420 1397 2490 τὴν
1437 2419 1667 2489 θέρμην,
1694 2420 1728 2489 η
1761 2419 1951 2490 θέρμη

379 2518 476 2583 τὴν
532 2516 821 2585 διέγερςιν,
860 2515 895 2583 ή
929 2513 1198 2582 διέγερσις
1248 2512 1346 2580 τὴν
1375 2511 1628 2581 σπουδὴν,
1663 2512 1697 2581 η
1735 2510 1940 2582 σπουδῂ

378 2610 478 2672 τὴν
508 2606 838 2677 προσευχὴν,
869 2606 903 2674 ἠ
947 2604 1221 2673 προσευχὴ
1270 2603 1370 2674 τὴν
1407 2603 1655 2673 ἡσυχίαν,
1683 2604 1716 2674 ή
1744 2602 1943 2673 ἡσυχία

380 2702 552 2752 τίκτει
577 2698 675 2768 τὴν
710 2698 964 2767 θεωρίαν,
992 2698 1025 2766 ἡ
1057 2695 1259 2766 θεωρία
1289 2694 1389 2764 τὴν
1414 2694 1634 2763 γνῶσιν,
1672 2697 1711 2765 η
1744 2694 1943 2763 γνῶσις

380 2792 479 2857 τὴν
511 2791 618 2841 τῶν
652 2789 965 2859 μυστηρίων
1000 2786 1302 2857 κατάληψιν
1325 2803 1339 2816 ·
1396 2786 1550 2850 τέλος
1595 2787 1651 2840 δὲ
1682 2788 1791 2839 τῶν
1836 2804 1947 2857 μυ-

384 2881 642 2947 στηρίων,
680 2881 711 2948 ἡ
767 2877 1040 2946 θεολογία,
1069 2877 1283 2949 καρπὸς
1326 2876 1383 2930 δὲ
1430 2876 1531 2945 τῆς
1585 2875 1859 2944 θεολογίας
1908 2877 1943 2949 ἡ

384 2971 568 3023 τελεία
617 2971 827 3038 ἀγάπη,
855 2970 953 3039 τῆς
981 2969 1204 3040 ἀγάπης
1264 2968 1665 3037 ἠταπείνωσις,
1710 2967 1809 3036 τῆς
1848 2985 1945 3021 τα-

386 3064 693 3127 πεινώσεως
725 3068 757 3135 ἠ
795 3065 1051 3127 ἀπάθεια,
1083 3063 1183 3131 τῆς
1231 3061 1498 3125 ἀπαθείας
1544 3063 1578 3130 ἡ
1626 3060 1943 3130 προόρασις,

387 3158 478 3208 καὶ
518 3155 849 3225 προφητεία,
870 3155 964 3207 καὶ
994 3153 1303 3223 πρόγνωσις
1324 3168 1337 3182 ·
1386 3153 1448 3205 οὐ
1473 3150 1819 3223 γὰρητελείας
1863 3166 1946 3212 τις

1732 474 2002 536 CAPJTA
2044 473 2244 535 ΔΕΜ.

3432 466 3435 469 ’
3459 457 3595 520 1302

2486 578 2561 632 De
2599 576 2785 632 uitiosa
2824 575 3133 633 mutatione.

2106 671 2158 724 4.
2184 668 2400 734 Acedia,
2429 681 2545 737 qua;
2568 675 2651 723 est
2676 664 2855 735 passio
2888 674 3120 732 pugnata
3157 661 3404 727 dillicilis,
3438 678 3593 714 ener-

2038 774 2125 816 vat
2172 776 2408 830 corpus;
2457 758 2697 812 relaxato
2730 764 2908 810 autem
2946 768 3190 822 corpore,
3226 754 3497 807 emollitur
3541 763 3593 805 et

2039 854 2257 919 anima;
2293 850 2554 905 ambobus
2575 856 2751 901 autem
2786 846 3085 908 dissolutis,
3123 844 3437 898 constitutio
3473 860 3598 897 cor-

2038 947 2184 1014 poris
2235 952 2476 996 mutatur
2529 940 2844 1008 voluptate;
2891 935 3139 1001 voluptas
3184 946 3363 988 autem
3420 944 3600 990 movet

2038 1033 2553 1103 concupiscentiam,
2624 1026 3060 1097 concupiscentia
3145 1033 3359 1090 :estum,
3429 1032 3592 1081 aestus

2040 1124 2476 1189 commotionem,
2498 1121 2787 1176 commotio
2814 1118 3148 1180 memoriam,
3178 1116 3432 1171 memoria
3459 1117 3595 1170 ima--

2041 1216 2394 1286 ginatiouem,
2433 1211 2748 1283 imaginatio
2782 1211 3155 1275 teutationcm,
3196 1209 3418 1263 tentatio
3445 1221 3594 1262 com-

2044 1308 2388 1375 placentium,
2442 1304 2829 1373 complaceutia
2895 1314 3247 1364 consensum,
3297 1312 3595 1352 consensus

2040 1392 2217 1449 actum
2246 1394 2460 1457 mentis,
2483 1394 2674 1446 deinde
2705 1394 2970 1445 actionem
3004 1390 3269 1457 corporis,
3300 1397 3591 1456 posteaque

2041 1489 2301 1558 permulta
2335 1497 2572 1557 peccata,
2601 1497 2653 1542 et
2686 1486 2763 1538 sie
2794 1486 2954 1539 homo
2982 1485 3150 1537 victus
3176 1483 3499 1536 succumbit.

2539 1773 2608 1824 De
2641 1773 2778 1823 bona
2806 1770 3111 1821 mutatione.

2113 1892 2165 1946 5.
2192 1886 2597 1945 Perseverantia
2623 1884 2677 1939 in
2703 1885 2845 1938 omni
2876 1884 3017 1938 bono
3041 1882 3179 1950 parit
3208 1880 3604 1944 fortitudinem,

2042 1982 2299 2039 fortitudo
2339 1981 2610 2042 ardorem,
2653 1981 2813 2030 ardor
2861 1960 3246 2038 constantiam,
3295 1973 3604 2029 constantia

2040 2073 2472 2135 contentionem;
2522 2067 2796 2123 contentio
2831 2074 3010 2119 autem
3066 2064 3213 2132 operi
3258 2062 3605 2133 superaddita

2043 2168 2193 2220 sedat
2237 2161 2478 2230 corporis
2524 2156 3029 2225 intemperantiam,
3083 2165 3137 2207 et
3183 2153 3595 2207 delectationem

2043 2252 2247 2321 mitigat
2271 2250 2542 2318 appetitus
2569 2244 2876 2315 gappetitus
2895 2258 3021 2297 vero
3051 2241 3600 2305 movctdcsidcrium,

2041 2342 2367 2399 desiderium
2405 2352 2668 2403 antorem,
2695 2351 2847 2390 amor
2881 2352 2909 2389 z
2947 2333 3050 2385 lum
3072 2374 3088 2400 ,
3122 2333 3272 2388 zelus
3316 2334 3605 2401 fervorem,

2044 2437 2222 2491 fervor
2241 2432 2645 2493 excitationem,
2679 2428 2932 2483 excitatio
2965 2426 3316 2491 alacritatem,
3344 2425 3601 2481 alacritas

2041 2529 2362 2590 orationem,
2403 2522 2573 2577 oratio
2603 2519 3056 2580 recollectioucm,
3110 2517 3418 2571 recoliectio
3462 2531 3597 2570 cou-

2047 2619 2467 2688 templationem,
2493 2610 2868 2681 contemplatio
2901 2608 3206 2671 scientiam,
3231 2607 3456 2662 scientia
3486 2621 3603 2679 my-

2043 2711 2331 2769 steriorum
2378 2703 2818 2774 intelligentiam;
2852 2699 2974 2756 ﬁnis
3006 2712 3184 2754 autem
3222 2699 3601 2768 mysteriorum

2045 2816 2129 2864 est
2177 2804 2465 2870 theologia,
2513 2798 2790 2868 theologi-.e
2810 2809 2962 2864 ,gvero
3004 2796 3209 2850 h-uctus
3252 2804 3332 2849 est
3367 2793 3602 2863 perfecta

2045 2896 2322 2960 Charitas;
2359 2901 2411 2947 et
2436 2891 2646 2945 fructus
2679 2887 2983 2951 cbaritatis,
3007 2886 3278 2939 humilitas
3302 2901 3317 2950 ;
3350 2894 3404 2938 et
3437 2885 3608 2937 Immi-

2044 2983 2688 3054 litatis,impassibilitas;
2730 2990 2783 3034 et
2826 2977 3301 3048 impassibilitatis,
3334 2977 3603 3043 prwvisio,

2047 3079 2327 3152 praphetia
2358 3089 2419 3131 et
2461 3074 2818 3145 prasscieutia.
2843 3071 3015 3127 Nemo
3045 3070 3187 3125 enim
3222 3078 3441 3137 repente
3482 3083 3609 3137 per-

2050 3172 2218 3228 fectas
2245 3167 2477 3236 acquirit
2521 3166 2764 3225 virtutes.
2815 3177 2913 3217 nec
2948 3163 3090 3218 illico
3120 3161 3245 3215 vitia
3301 3161 3369 3215 ad
3417 3160 3612 3215 melius

387 3245 479 3295 ἅτ’
511 3243 756 3297 ἐντεῦθεν
781 3242 894 3312 ἔχει
917 3243 1014 3305 τὰς
1036 3242 1256 3310 ἀρετὰς,
1294 3240 1417 3294 οὐδὲ
1445 3242 1508 3293 ὲκ
1534 3240 1664 3308 μιᾶς
1695 3238 1938 3309 ἀπομειοί

2052 3263 2236 3326 vertit,
2261 3259 2353 3314 sed
2377 3265 2656 3313 crescente
2678 3255 2877 3312 sensim
2904 3256 3120 3317 virtute,
3139 3251 3392 3321 paulatim
3422 3251 3609 3309 vitium

386 3337 483 3398 τάς
513 3336 730 3401 κακίας,
780 3335 916 3388 ἀλλά
954 3335 1152 3404 μικρὸν
1203 3332 1574 3401 αὐξανομένης
1600 3329 1699 3399 τῆς
1726 3328 1949 3400 ἀρετῆς,

388 3427 507 3482 κη’
534 3427 717 3495 ὀλίγον
751 3428 782 3497 ἡ
816 3426 985 3480 κακία
1015 3426 1096 3488 είς
1119 3425 1180 3477 τὸ
1211 3424 1286 3494 μὴ
1319 3422 1378 3476 ὃν
1410 3423 1642 3492 γίνεται.

604 3553 736 3623 Περὶ
764 3554 882 3606 τῶν
915 3553 1042 3606 καθ’
1074 3553 1306 3616 ὕπνους
1335 3552 1702 3622 πειρασμῶν.

450 3676 524 3733 ς’.
569 3669 766 3737 Ἑρώτ.
787 3666 1048 3736 Ποσαχῶς
1080 3668 1112 3736 ή
1138 3668 1396 3738 ῥευστικὴ
1425 3668 1665 3738 ἁμαρτία
1692 3668 1936 3737 γίνεται,

380 3764 411 3831 ἡ
449 3762 764 3829 ἐφάμαρτος
794 3760 887 3812 καὶ
921 3762 955 3829 ἡ
984 3760 1402 3829 ἀναμάρτητος;

462 3851 700 3915 Ἀπόκρ.
732 3849 946 3920 Τριχῶς
992 3850 1109 3920 μὲν,
1139 3851 1171 3920 ὴ
1199 3850 1568 3920 ἀμαρτητικὴ,
1606 3851 1663 3905 ἐν
1694 3851 1937 3923 πορνείᾳ,

380 3941 472 3992 καὶ
506 3938 774 4009 μαλακίᾳ,
807 3938 903 3991 καλ⁵
932 3939 1327 4007 συγκαταθέσει
1357 3937 1656 4009 λογισμῶν,
1688 3938 1940 4009 ἑπταχῶς

379 4034 434 4084 δὲ
467 4032 926 4102 ἡάναμάρτητος,
973 4030 1060 4083 διὰ
1087 4029 1190 4082 τῶν
1222 4028 1421 4098 οῦρων,
1471 4031 1532 4083 ὲν
1557 4030 1760 4093 ὑλικοῖς
1800 4029 1943 4100 βρώ-

383 4141 569 4193 μασιν,
606 4125 665 4176 ὲν
692 4124 1015 4191 κινητικοτς,
1065 4122 1154 4176 διὰ
1182 4121 1574 4191 ψυχροποσίας,
1627 4123 1715 4176 διά
1743 4122 1941 4192 χαυνό-

380 4231 541 4281 τητος
572 4212 841 4284 σώματος,
873 4215 929 4265 ἐν
959 4215 1111 4283 κόπῳ
1139 4214 1385 4283 ἀμέτρῳ,
1417 4213 1511 4267 καὶ
1533 4213 1622 4267 διὰ
1649 4211 1938 4281 δαιμονιώ-

380 4305 500 4367 δο›ς
530 4304 881 4373 πολυτρόπως
907 4298 1223 4372 φαντασίαςο
1260 4302 1356 4356 καὶ
1379 4303 1488 4355 τῶν
1513 4303 1611 4373 μὲν
1634 4303 1942 4375 γεγηρακό-

382 4414 490 4448 των
517 4397 858 4466 πρακτικῶν,
907 4394 995 4448 διά
1025 4396 1132 4449 τῶν
1165 4394 1582 4467 προειρημένων
1612 4395 1773 4449 πέντε
1801 4412 1943 4466 συμ-

381 4489 557 4541 ϐαίνει
591 4486 847 4549 πολλάκις
898 4486 1115 4556 τρόπων
1139 4502 1154 4517 ·
1193 4485 1302 4539 τῶν
1327 4486 1384 4539 δὲ
1429 4484 1676 4547 ἀπαθῶν,
1713 4484 1801 4538 διά
1831 4484 1942 4539 τῶν

2058 3352 2412 3409 annibilatur.

2396 3561 2470 3615 De
2500 3558 2873 3612 lentatiouibus
2895 3572 2989 3622 per
3015 3571 3275 3610 somnum.

2128 3676 2182 3732 6.
2224 3676 2472 3742 ρκίεδιὶο.
2510 3670 2905 3738 Quotupliciter
2932 3667 3155 3738 pollutio
3185 3667 3467 3738 contingit,
3498 3669 3615 3725 sive

2059 3785 2179 3825 cum
2212 3776 2456 3838 peccato,
2493 3767 2608 3819 sive
2636 3764 2755 3818 sine
2789 3759 3058 3829 peccato?

2129 3858 2430 3927 Responsio.
2456 3853 2760 3922 Triplieiter
2787 3851 3047 3916 contingit
3075 3865 3197 3906 cum
3225 3861 3472 3921 peccato,
3497 3853 3608 3908 sci-

2060 3951 2184 4005 licet
2231 3949 2283 4002 in
2331 3945 2721 4007 fornicatione,
2763 3943 2817 3995 in
2866 3941 3113 4005 mollitie,
3158 3948 3211 3995 et
3263 3942 3313 3995 in
3371 3956 3608 3997 venereo

2060 4051 2347 4093 consensu.
2378 4032 2759 4103 Septuplicitcr
2782 4039 2959 4085 autem
2985 4030 3102 4085 sine
3130 4039 3372 4099 peccato,
3400 4032 3611 4085 scilicet

2062 4143 2158 4198 per
2188 4126 2395 4188 urinas,
2424 4124 2477 4177 in
2515 4122 2889 4175 materialibus
2928 4121 3231 4186 alimentis,
3272 4121 3324 4175 in
3375 4137 3618 4176 commo-

2061 4217 2319 4281 tionibus,
2349 4219 2417 4271 οΙ)
2447 4214 2694 4286 frigidam
2730 4215 3023 4281 potionem,
3053 4216 3122 4267 ob
3153 4215 3399 4282 corporis
3428 4215 3615 4268 obesi-

2062 4313 2247 4369 tatem,
2284 4304 2336 4358 in
2372 4304 2557 4358 labore
2588 4302 2774 4369 nimio,
2813 4304 3048 4372 denique
3080 4311 3299 4373 propter
3346 4303 3616 4358 multimo-

2061 4397 2160 4451 das
2188 4396 2450 4464 imagines
2477 4409 2507 4448 a
2537 4393 2870 4450 daemonibus
2895 4395 3187 4449 exhibitas.
3219 4393 3281 4451 Et
3307 4394 3371 4448 iis
3399 4393 3615 4462 quidem

2062 4489 2155 4558 qui
2209 4487 2467 4542 diuturna
2518 4487 3108 4550 insenueruntsirtute,
3137 4495 3340 4553 septem
3385 4485 3622 4553 praefatis

380 4579 560 4660 οὔρων
587 4578 686 4631 καὶ
721 4578 897 4647 μόνων
925 4580 1199 4650 προχωρεῖ
1223 4577 1475 4650 ἀναμὶξὴ
1508 4577 1600 4631 τοῦ
1628 4577 1938 4647 φλέγματος

2062 4597 2205 4653 saepe
2242 4582 2505 4652 contingit
2534 4583 2728 4637 modis.
2760 4581 2855 4637 llis
2899 4595 3026 4634 vero
3068 4580 3158 4649 qui
3202 4589 3328 4634 sunt
3373 4579 3623 4644 impassi-
3700 4609 3707 4617 -

383 4670 504 4737 ὕλη,
534 4669 608 4729 ὠς
665 4663 752 4721 οἷα
806 4670 856 4722 οἱ
894 4668 1080 4739 ἄδηλοι
1147 4669 1304 4738 πόροι
1331 4670 1510 4739 ἀραιοὶ
1537 4664 1843 4737 γεγονότες,
1875 4671 1944 4723 ὲκ

383 4760 594 4812 πολλῶν
627 4758 804 4812 πόνων
842 4759 941 4811 καὶ
980 4759 1256 4829 θειοτέρας
1290 4759 1572 4829 ἐνεργείας
1604 4757 1942 4828 καθαρτικτῐκ

384 4868 445 4903 τε
479 4851 574 4904 καὶ
604 4849 950 4919 ἀγιαστικῆς,
1004 4849 1065 4902 τὸ
1123 4850 1216 4918 τῆς
1246 4849 1596 4919 σωφροσύνης
1646 4848 1943 4917 προστεθὲν

387 4944 566 5005 αὐτοῖς
588 4943 867 5012 χάρισμα·
901 4942 930 4992 ὁ
953 4940 1010 4993 δὲ
1039 4940 1266 5009 ἔσχατος
1289 4940 1389 5008 τῆς
1418 4941 1787 5010 φανταστικῆς
1814 4939 1942 5012 ῥεύ-

386 5051 523 5095 σεως
551 5034 752 5104 τρόπος
784 5035 843 5086 ὲν
871 5030 1046 5100 ὕπνῳ,
1076 5030 1183 5084 τῶν
1207 5030 1468 5100 ἐμπαθιῖη
1515 5033 1631 5085 ἐστι
1690 5029 1784 5084 καὶ
1834 5030 1943 5084 τῶν

389 5124 657 5192 ἀσθενῶν,
685 5125 833 5194 ὅμως
860 5125 954 5178 καὶ
978 5122 1112 5177 αὐτὸ
1137 5122 1210 5186 ὡς
1240 5121 1514 5187 ἀκούσιον,
1533 5120 1940 5193 ἀναμάρτητον,

389 5216 464 5277 ὥς
488 5231 651 5284 φασιν
680 5215 729 5265 οἱ
758 5211 1022 5281 Πατέρες.

468 5411 575 5464 Τοῦ
610 5410 707 5485 μὲν
732 5409 975 5472 ἀπαθοῦς
1023 5409 1176 5476 ἴδιον,
1208 5410 1242 5480 ἡ
1274 5410 1339 5463 ὲκ
1386 5410 1791 5481 διαλειμμάτων
1818 5414 1955 5469 κατά

402 5500 657 5569 πρόνοιαν
709 5498 1088 5568 ἀναμάρτητος
1134 5499 1364 5569 κίνησις,
1417 5501 1493 5562 ὡς
1540 5503 1574 5570 ἠ
1636 5501 1795 5568 λοιπή
1853 5505 1954 5570 ὕλη

389 5588 737 5642 ἀναλίσκεται
768 5590 895 5655 θείῳ
923 5589 1074 5656 πυρὶ,
1096 5585 1190 5639 τοῦ
1224 5587 1281 5639 δὲ
1320 5585 1645 5655 πρακτικοῦ,
1680 5585 1944 5657 πολύτρο-

392 5698 489 5742 πος
513 5681 749 5748 ἀνάγκη,
784 5681 876 5732 καὶ
901 5679 1187 5749 ἄμεμπτος
1222 5680 1451 5742 κένωσις
1471 5719 1485 5741 ,
1515 5678 1607 5730 τοῦ
1649 5678 1705 5730 δὲ
1761 5680 1943 5747 ἐμπα-

392 5769 538 5834 Οοῦςο,
601 5772 635 5837 η
692 5769 849 5839 διττὴ
901 5770 1171 5841 άπόρροιά
1198 5785 1258 5822 τε
1312 5771 1406 5822 καὶ
1448 5768 1699 5837 δύσροια,
1750 5768 1942 5838 ὴκαθ⁹

393 5858 591 5922 ὕπνους
626 5860 981 5927 φανταστικὴ,
1008 5858 1101 5913 καὶ
1126 5860 1499 5928 ἐγρηγορότως
1530 5857 1940 5926 συγκατάθεσιςο

2061 4674 2220 4741 biles,
2258 4688 2381 4728 Cum
2427 4672 2599 4727 urinis
2646 4681 2848 4724 tantum
2891 4671 3048 4724 mista
3088 4668 3306 4738 proﬂuit
3360 4669 3626 4738 ﬂegmatis

2063 4767 2312 4837 materia,
2362 4765 2486 4833 quia
2530 4763 2729 4818 occulti
2773 4762 2887 4829 pori
2920 4761 3153 4815 rariores
3200 4760 3325 4814 facti
3364 4769 3491 4814 sunt
3529 4776 3626 4831 per

2063 4857 2260 4913 multos
2293 4856 2501 4911 labores
2533 4855 2830 4922 divinaeque
2861 4853 3066 4921 praxim
3110 4853 3363 4920 puritatis
3402 4860 3473 4911 et
3499 4867 3627 4907 san-

2063 4946 2288 5012 ctitatis,
2319 4947 2443 5000 data
2476 4944 2611 5013 ipsis
2646 4943 2992 4999 continentiae
3029 4943 3225 5012 gratia.
3260 4942 3496 5000 Ultimus
3530 4959 3626 4998 au-

2065 5048 2171 5095 tem
2202 5036 2379 5092 fluxus
2409 5037 2602 5090 modus
2639 5034 2710 5089 ob
2752 5034 3010 5103 imagines
3044 5034 3099 5087 itt
3133 5049 3350 5102 somno,
3376 5034 3462 5091 his
3495 5049 3625 5090 con-

2064 5128 2221 5197 tingit
2263 5129 2370 5196 qui-
2398 5125 2737 5195 passionibus
2779 5134 2871 5179 aut
2906 5124 3220 5180 infirmitate
3256 5125 3526 5190 laborant,
3568 5132 3627 5179 et

2067 5230 2151 5277 est
2192 5221 2333 5288 ipse,
2374 5227 2561 5288 utpote
2603 5215 3018 5284 ittvoluntarius,
3061 5217 3265 5286 peccati
3306 5229 3523 5283 expers,
3563 5223 3624 5271 ut

2067 5310 2218 5363 aiunt
2259 5308 2467 5362 Patres.

2138 5399 2494 5470 lmpassibilis
2547 5399 2728 5455 adhuc
2783 5415 2882 5471 per
2948 5396 3254 5462 intervalla,
3307 5396 3626 5464 providente

2066 5494 2199 5558 Deo,
2251 5491 2604 5563 inculpabiles
2660 5492 2941 5563 experitur
2996 5496 3193 5554 motus,
3243 5503 3366 5543 cum
3415 5486 3626 5559 reliqua

2126 5583 2293 5636 ateria
2341 5582 2463 5650 igne
2500 5581 2685 5636 divino
2727 5591 2915 5635 exusta
2956 5588 3074 5641 est;
3117 5578 3385 5648 practicus
3423 5586 3627 5642 autem,

2126 5600 2293 5636 ateria
2342 5600 2463 5650 Igne
2500 5600 2685 5636 (llVlllO
2727 5600 2915 5635 cxusra
2956 5600 3074 5641 ρδις
3117 5600 3385 5648 pracucus
3423 5600 3627 5642 autem,

2068 5600 2268 5727 ignium
2293 5673 2643 5727 necessitates
2673 5669 3169 5738 involuutariosque
3193 5677 3441 5737 egestus;
3469 5667 3631 5722 vitio~

2069 5779 2159 5818 sus
2198 5764 2414 5818 detnum
2457 5763 2630 5819 fluxus
2667 5763 3012 5818 emissionem
3046 5771 3100 5816 et
3136 5757 3504 5815 difﬁcultatem
3537 5773 3633 5827 pa-

2074 5856 2201 5909 titur
2232 5856 2282 5909 in
2324 5870 2511 5911 somno
2541 5871 2636 5925 per
2663 5853 3123 5924 imaginationem,
3159 5850 3292 5906 etin
3322 5847 3503 5919 vigilia
3535 5859 3632 5917 per
