4020 6464
292 436 439 506 i305

1405 443 1500 503 DE
1547 444 1833 517 QUlETE
1877 449 1969 509 ET
2020 452 2440 519 ORATIONE.

3417 466 3553 531 1306

291 569 324 638 ἦ
355 568 452 639 τῆς
479 567 568 639 ὑφ’
595 566 801 640 ἐτέρων
829 567 1112 640 Πατέρων,
1147 563 1194 624 ὧ
1220 554 1550 642 σημειοὲρόρε
1584 573 1815 640 Λογγῖνε
1845 572 1860 627 ι

1981 565 2204 623 aliorum
2231 569 2475 640 Patrum,
2508 588 2542 628 o
2574 574 2803 645 signifer
2841 575 3107 650 Longiue,
3130 579 3224 634 sed
3258 580 3337 638 sic
3364 596 3485 637 esse
3520 601 3549 638 ιι

290 661 405 715 ἀλλ’
435 658 611 724 οὕτως
641 656 781 714 εἶναι
820 659 1212 726 θεοδιδάκτους.
1236 662 1489 716 Ἔσονται
1527 665 1657 734 γέιρ,
1709 665 1863 733 φησὶ,

292 754 493 815 πάντες
521 740 759 807 διδακτοὶ
788 752 930 823 Θεῷ,
956 753 1033 816 ὡς
1073 753 1135 819 ἐξ
1154 755 1315 808 αὐτοῦ
1345 756 1440 809 καὶ
1470 756 1539 809 δι’
1570 758 1737 809 αὑτοῦ
1774 773 1864 825 γι-

292 862 524 899 νιυσκειν
551 863 611 897 τε
641 847 735 898 καὶ
784 846 1074 920 μανθάνειν
1113 848 1181 899 τά
1213 848 1580 918 συμφέροντα,
1611 850 1670 900 ού
1710 850 1868 918 μόνον

293 940 462 1009 ἡμᾶς,
490 938 626 993 ἀλλὰ
648 938 744 992 καὶ
774 938 990 992 ἅπαντα
1024 940 1116 992 τὸν
1148 940 1257 994 τῶν
1283 940 1490 993 πιστῶν
1516 941 1767 1003 ἕκαστον,
1791 940 1867 1003 ὡς

289 1033 383 1084 τὶν
416 1033 579 1101 νόμον
616 1033 711 1083 τοῦ
764 1032 1079 1100 lli/stipato;
1129 1036 1185 1084 ἐν
1228 1035 1345 1095 ταῖς
1396 1033 1557 1097 πλαξὶ
1590 1033 1697 1085 τῶν
1728 1051 1867 1104 καρ-

289 1125 419 1176 διῶν
450 1122 607 1193 ἡμῶν
636 1123 823 1192 φέρειν
870 1123 1345 1194 ἐγγεγραμμένον,
1374 1125 1467 1178 καὶ
1500 1125 1739 1194 ἀμέσως,
1771 1124 1866 1177 καὶ

287 1214 651 1286 χερουϐικῶς,
696 1214 757 1266 τὸ
803 1212 1079 1278 ἐξαίσιον,
1131 1215 1208 1284 τῷ
1270 1215 1442 1286 Ἰησοῦ
1486 1217 1574 1267 διὰ
1616 1216 1866 1286 καθαρᾶς

289 1309 597 1377 προσευχῆς
612 1306 965 1376 προσομιλεῖν
987 1307 1346 1377 ἠξιωμένους.
1365 1306 1582 1378 Ἐπειδὴ
1603 1308 1658 1360 δὲ
1679 1310 1865 1377 νήπιοι

290 1398 433 1452 κατὰ
465 1399 554 1451 τὸν
579 1399 771 1471 καιρὸν
818 1401 915 1470 τῆς
958 1398 1315 1462 ἁναπλάσεώς
1368 1400 1558 1468 ἐσμεν,
1598 1401 1733 1469 μήτε
1765 1401 1865 1471 τὴν

290 1493 452 1562 χάριν
482 1491 759 1556 νοοῦντες,
813 1493 952 1561 μήτε
1004 1492 1102 1561 τὴν
1143 1492 1441 1561 καινότητα
1508 1494 1862 1564 συνορῶντες,

290 1584 697 1655 ἀγνοοῦντεςδὲ
750 1584 951 1653 μᾶλλον
991 1584 1051 1636 τὸ
1091 1584 1432 1654 ὑπερϐάλλον
1481 1585 1710 1654 μέγεθος
1764 1587 1865 1657 τῆς

288 1679 454 1749 τιμῆς
481 1693 541 1730 τε
572 1676 664 1730 καὶ
692 1676 849 1747 δόξης
876 1671 943 1748 ἦς
966 1677 1357 1747 μετελάϐομεν,
1406 1678 1501 1730 καὶ
1542 1678 1625 1731 ὅτι
1661 1678 1865 1745 ὀφείλο-

293 1789 394 1843 μεν
422 1769 511 1824 διὰ
541 1770 651 1823 τῶν
681 1769 911 1823 ἐντολῶν
957 1769 1204 1840 ψυχικῶς
1234 1770 1330 1823 καὶ
1354 1771 1741 1839 πνευματικῶς
1766 1772 1860 1825 αὖα

292 1859 575 1933 ξηνθῆναι,
601 1861 696 1914 καὶ
715 1859 844 1914 ἰδεῖν
869 1862 1091 1937 νοερῶς,
1111 1861 1250 1931 ὅπερ
1273 1861 1561 1932 ἐλάϐομεν,
1586 1863 1861 1934 πίπτομεν

289 1920 377 2005 διά
400 1920 501 2021 τέις
524 1920 786 2021 ἀμελείας
833 1950 928 2003 καὶ⁵
955 1920 1377 2021 ἐμπαθεστάτης
1402 1920 1570 2018 ἕξεως
1597 1954 1676 2016 είς
1705 1920 1862 2006 aim-
1894 1920 1935 1978 Β

290 2041 523 2114 σθησίαν
542 2043 641 2096 καὶ
674 2040 941 2098 σκότωσιν
978 2043 1028 2096 oi
1067 2041 1294 2107 πολλοὶ,
1328 2043 1426 2096 καὶ
1477 2043 1600 2097 οὐδὲ
1645 2043 1696 2096 εί
1740 2043 1857 2099 ἐστι

273 2145 410 2209 Θεὸς
440 2142 806 2215 γινώσκομεν,
848 2140 971 2197 om
1022 2140 1168 2206 τίνες
1215 2140 1402 2212 ἔσμὶν,
1453 2140 1487 2214 ἢ
1521 2143 1668 2196 ποῖοι
1699 2140 1862 2213 γεγόο

275 2253 474 2309 ναμεν,
522 2236 633 2291 υἱοὶ
679 2233 840 2300 Θεοῦ,
896 2233 994 2289 xui.
1026 2233 1134 2288 υίοὶ
1161 2232 1365 2301 φωτὸς,
1426 2233 1524 2286 καὶ
1561 2232 1731 2288 τέκνα
1764 2234 1858 2290 καὶ

279 2332 420 2402 μέλη
448 2327 687 2401 Χριστοῦ
715 2327 1025 2399 γεγονότες.
1054 2327 1120 2382 Εί
1143 2326 1203 2382 δὲ
1229 2327 1327 2381 καὶ
1364 2326 1559 2399 ἄνδρες
1597 2327 1858 2397 βαπτιζό-

278 2423 444 2496 μεθα,
480 2422 622 2498 τξλὴν
654 2419 771 2475 ἀλλ’
794 2420 853 2475 ἐν
877 2418 1027 2474 ὕδατι
1057 2420 1240 2490 μόνον,
1266 2419 1362 2473 καὶ
1381 2419 1441 2473 ού
1466 2419 1745 2490 Πνεύματι
1773 2421 1857 2473 aia

278 2511 627 2583 σθανόμεθαο
662 2510 712 2564 εἰ
738 2509 796 2564 δὲ
818 2509 914 2564 καὶ
940 2509 999 2562 ὲν
1041 2508 1322 2577 Πνεύματι
1354 2506 1853 2577 καινουργούμεθα,

275 2605 615 2674 πιστεύομεν
643 2603 732 2658 διὰ
779 2601 944 2672 ψιλῆς
981 2602 1219 2664 πίστεως
1248 2599 1349 2669 τῆς
1382 2600 1584 2670 νεκρᾶς
1617 2600 1714 2652 καὶ
1757 2599 1859 2651 οὐκ

276 2697 712 2770 ἐνεργουμένης,
745 2694 842 2750 καὶ
868 2696 926 2748 ὲν
959 2693 1184 2764 διψυχίᾳ
1215 2691 1460 2762 γίνεσθαι
1490 2691 1741 2761 λέγομεν,
1764 2689 1859 2745 καὶ

274 2791 456 2854 οὕτως
504 2789 833 2858 αὐτόχρημα
877 2785 1078 2855 σάρκες
1116 2785 1291 2848 ὄντες,
1341 2782 1618 2854 σαρκικῶς
1652 2780 1856 2849 ζῶμεν,

277 2880 384 2933 καὶ
406 2877 751 2949 πορευόμεθα
769 2890 784 2905 ’
809 2874 855 2927 εἰ
886 2873 944 2927 δὲ
969 2873 1064 2926 καὶ
1089 2863 1858 2942 μετανοήσομεν,σωματικῶς

284 2972 470 3041 μόνον,
494 2970 591 3022 καὶ
622 2968 684 3021 οὐ
715 2964 1102 3036 πνευματικῶς
1128 2962 1225 3025 τὰς
1243 2961 1462 3025 ἐντολὰς
1486 2958 1748 3028 ποιοῦμεν
1770 2957 1859 3009 uati.

280 3064 661 3133 γινιῖισιιομ.εν⁸
692 3061 825 3115 εἰδὲ
871 3061 968 3113 καὶ
998 3058 1087 3112 διὰ
1139 3056 1352 3112 πολλῶν
1397 3057 1582 3109 κόπων
1629 3055 1662 3123 ὴ
1702 3053 1863 3124 χάρις

283 3152 685 3225 φιλανθρώπως
711 3151 887 3214 ἐνίους
940 3142 1238 3220 ὲμφανεῖας
1271 3146 1514 3214 ἀξιώσει,
1541 3145 1617 3209 ὡς
1648 3144 1864 3213 ἀπάτην

1970 658 2078 714 Deo
2109 663 2304 719 doctos
2335 685 2354 717 ι
2389 666 2584 736 (Erunt
2617 670 2782 734 enim,
2819 670 3040 741 dicitur)
3065 688 3257 730 omnes
3287 675 3552 733 docibiles

1967 752 2060 808 Dei
2097 755 2133 820 ί,
2161 775 2180 808 ›
2212 769 2264 810 ιιι
2287 759 2355 811 ab
2385 759 2501 827 ipso
2530 769 2584 813 et
2617 776 2710 829 per
2736 762 3406 834 ipsmncognosceremus.
3439 785 3547 823 non

1966 849 2144 902 solum
2181 865 2298 914 nos,
2325 862 2378 903 at
2417 868 2863 925 unumquemque
2893 858 3152 921 fidelium,
3184 871 3352 928 utque
3377 862 3551 931 legem

1965 938 2196 1005 Spiritus
2250 941 2302 994 in
2362 944 2559 997 tabulis
2617 947 2798 1000 eordis
2829 950 3001 1001 nostri
3040 950 3312 1005 ferremus
3354 954 3552 1007 iusch

1964 1041 2135 1101 plani,
2167 1044 2221 1088 et
2252 1035 2566 1091 immediate
2605 1054 2667 1093 ac
2697 1040 3015 1095 felicissimo
3056 1043 3347 1113 Cherubin)
3397 1061 3549 1100 more

1965 1142 2088 1180 cmn
2142 1125 2269 1182 Jrsu
2325 1146 2422 1197 per
2476 1132 2823 1200 puriSsimam
2871 1137 3175 1190 orationem
3232 1140 3547 1192 conversari

1967 1234 2326 1275 mereremur.
2362 1221 2631 1286 Quoniam
2683 1238 2862 1280 autent
2918 1227 3157 1281 infantes
3193 1244 3383 1282 sumus
3422 1246 3546 1284 cum

1965 1324 2369 1377 regeneramur,
2401 1328 2497 1366 ιιι-ο
2522 1315 2748 1383 gratiam
2784 1317 3152 1385 intelligimus,
3177 1334 3276 1372 nec
3305 1320 3547 1385 concipi—

1967 1417 2089 1454 mus
2143 1404 2576 1468 renovationcm,
2641 1407 2732 1459 sed
2798 1408 2980 1475 potius
3046 1410 3543 1476 supercmineutem

1966 1491 2282 1560 ignoramus
2315 1496 2743 1563 magnitudinem
2771 1498 3049 1565 dignitatis
3077 1514 3141 1554 ac
3171 1501 3352 1567 gloria:
3382 1516 3542 1567 quam

1964 1585 2144 1637 sortiti
2175 1601 2387 1650 sumus,
2420 1600 2472 1642 et
2503 1591 2778 1645 nescimus
2808 1607 2911 1647 nos
2933 1593 3134 1648 debere
3161 1609 3259 1663 per
3291 1596 3544 1646 mandata

1964 1689 2214 1731 crescere
2245 1678 2427 1732 anima
2476 1690 2530 1734 et
2570 1682 2789 1750 spiritu,
2819 1693 2875 1738 et
2922 1684 3205 1739 intellectu
3236 1686 3549 1753 perspicere

1964 1769 2106 1837 quod
2152 1772 2502 1840 accepimus;
2548 1774 2670 1827 ideo
2708 1775 2952 1845 plerique
2980 1776 3289 1831 delabimur
3328 1792 3422 1844 per
3452 1791 3548 1832 ne-

1963 1859 2278 1929 gligentiam
2313 1875 2369 1915 et
2396 1864 2653 1919 vitiorum
2687 1867 2930 1920 habitum
2971 1867 3022 1921 iu
3062 1867 3228 1922 animi
3262 1877 3546 1937 stuporem

1964 1958 2020 2003 et
2052 1950 2499 2018 obcaecationem.
2532 1971 2631 2011 nec
2659 1957 2773 2026 jam
2803 1958 3061 2014 novimus
3092 1974 3162 2013 an
3186 1959 3258 2014 sit
3288 1958 3459 2027 Deus,
3491 1971 3548 2014 et

1932 2043 2092 2113 -quid
2125 2054 2221 2100 aut
2242 2046 2428 2114 quales
2449 2047 2624 2103 simus
2648 2064 2771 2115 nos,
2792 2050 2885 2117 qui
2920 2048 3014 2103 lilii
3044 2048 3232 2106 Deiet
3258 2048 3353 2104 lilii
3384 2050 3548 2118 lucis,

1964 2145 2021 2191 et
2050 2135 2142 2192 lilii
2164 2152 2229 2193 ac
2259 2138 2501 2194 membra
2528 2139 2732 2196 Christi
2765 2140 2892 2196 facti
2927 2157 3141 2199 sumus.
3173 2140 3329 2207 Quod
3362 2143 3408 2196 si
3429 2129 3546 2211 jam

1966 2226 2067 2282 viri
2097 2228 2459 2298 baptizemur,
2484 2231 2655 2286 solam
2689 2240 2874 2288 tamen
2906 2247 3127 2302 aquam,
3153 2248 3260 2289 non
3291 2232 3550 2302 Spiritum

1967 2321 2273 2387 sentimus;
2294 2333 2350 2375 et
2375 2324 2629 2392 quamvis
2659 2325 2857 2393 spiritu
2886 2338 3236 2394 renovemur,
3274 2327 3552 2383 credimus

1966 2411 2072 2466 ﬁde
2102 2422 2310 2468 tantum
2340 2425 2577 2482 mortua,
2603 2431 2708 2470 non
2733 2417 2990 2485 operibus
3027 2419 3178 2485 viva,
3223 2428 3278 2473 et
3312 2419 3367 2473 in
3395 2419 3554 2473 dubi-

1971 2505 2180 2560 tatione
2201 2521 2316 2578 pou
2346 2522 2468 2562 esse
2490 2508 2749 2575 dicimus,
2779 2518 2833 2563 et
2864 2510 2945 2564 sic
2981 2524 3110 2565 vere
3147 2509 3401 2565 carnales
3427 2524 3552 2563 car-

1969 2597 2167 2651 naliter
2216 2600 2450 2653 vivimus
2483 2606 2539 2654 et
2591 2615 2907 2670 cperamur.
2941 2600 3079 2656 Etsi
3134 2602 3548 2671 resipiscamus,

1969 2690 2269 2745 carnaliter
2317 2700 2552 2758 tantum,
2595 2709 2701 2748 non
2754 2694 3077 2762 spiritaliter
3118 2694 3372 2748 mandata
3412 2693 3551 2747 faci-

1969 2795 2091 2836 mus
2134 2790 2189 2836 et
2235 2783 2644 2853 cognoscimus.
2703 2784 2768 2838 Et
2811 2785 2855 2838 si
2907 2796 3036 2854 post
3086 2785 3287 2840 multos
3333 2784 3555 2839 labores

1969 2871 2148 2942 gratia
2181 2873 2474 2926 nonnullos
2505 2875 2839 2930 revelatione
2863 2874 3141 2944 dignetur,
3176 2876 3316 2929 lianc
3345 2886 3404 2929 ut
3430 2875 3556 2930 illuc

1970 2962 2183 3017 sionem
2214 2964 2538 3033 accipimus.
2575 2965 2637 3018 Et
2687 2966 2732 3021 si
2777 2966 2846 3020 ab
2878 2966 3000 3022 aliis
3028 2967 3320 3022 audiamus
3362 2966 3555 3034 hujus-

1973 3056 2119 3110 modi
2155 3058 2554 3126 operationem,
2584 3073 2701 3113 eam
2723 3069 2780 3113 ut
2807 3060 3183 3130 deeeptionem
3213 3073 3325 3129 pra:
3351 3058 3557 3114 invidia

1974 3147 2331 3202 arbitramur.
2399 3147 2468 3202 Et
2512 3151 2583 3201 ita
2648 3164 2993 3204 remanemus
3045 3149 3330 3204 exanimes
3384 3163 3559 3218 usque

281 3248 458 3316 αὐτὴν
506 3244 774 3314 δεχόμεθα
793 3258 808 3274 ο
851 3245 900 3295 εἰ
929 3241 987 3295 δὲ
1014 3243 1108 3294 καὶ
1134 3238 1265 3311 παρ’
1313 3239 1518 3308 ἑτέρων
1548 3234 1753 3305 ταύτην
1782 3236 1867 3290 ὲν-

1981 3239 2040 3292 ad
2072 3247 2325 3305 mortem,
2357 3241 2411 3294 in
2436 3241 2656 3295 Christo
2685 3256 2793 3294 non
2825 3244 3066 3296 viventes
3105 3255 3206 3295 nec
3236 3248 3556 3308 Operantes;

284 3340 559 3410 εργοῦσαν
583 3335 930 3406 ἀκούσωμεν,
989 3334 1064 3397 ὡς
1094 3332 1305 3401 πλάνην
1334 3329 1505 3399 αὐτὴν
1534 3328 1624 3383 διὰ
1669 3327 1867 3398 φθόνον

288 3428 644 3501 λογιζόμεθα,
664 3428 761 3481 καὶ
782 3425 928 3480 οὕτω
953 3425 1190 3497 μένομεν
1212 3423 1397 3492 νεκροὶ
1423 3420 1584 3491 μέχρι
1610 3419 1866 3483 θανάτου,

294 3524 374 3593 μὴ
404 3522 462 3574 ἐν
486 3516 712 3591 Χριστῷ
733 3515 935 3581 ζῶντες
969 3513 1066 3569 καὶ
1096 3511 1480 3583 ινεργούμενοι
1503 3548 1520 3574 ,
1569 3511 1664 3564 καὶ
1691 3509 1721 3562 δ
1748 3508 1869 3577 ἔχο-

293 3628 419 3683 μεν,
446 3607 592 3663 κατὰ
631 3606 731 3677 τὴν
756 3604 1002 3677 Γραφὴν,
1029 3604 1088 3657 ἑν
1124 3601 1203 3674 τῷ
1242 3600 1421 3671 καιρῷ
1459 3601 1561 3669 τῆς
1601 3598 1805 3663 ὲξςδου,
1834 3598 1869 3668 ἢ

289 3702 555 3773 κρίσεως,
578 3698 647 3754 δι’
677 3697 958 3764 ἀπιστίας,
991 3695 1026 3768 ἢ
1056 3691 1421 3764 ἀπογνώσεως
1446 3690 1743 3762 ἀρθήσεται
1776 3687 1870 3758 ἂρ’

290 3794 476 3863 ἡμῶν,
519 3792 596 3864 μὴ
631 3790 880 3854 νοοῦντες
906 3789 990 3844 ὅτι
1018 3788 1162 3843 κατὰ
1191 3786 1283 3840 τὸν
1316 3784 1532 3854 πατέρα
1587 3781 1693 3854 χρὴ
1730 3777 1873 3835 εῖναι

294 3884 485 3940 καὶτὰ
512 3884 679 3939 τέκνα
701 3921 718 3947 ,
750 3882 908 3945 θεοὺς
936 3879 1003 3933 ἐκ
1036 3877 1199 3946 Θεοῦ,
1244 3877 1338 3931 καὶ
1367 3871 1775 3944 πνευματικοὺς
1808 3871 1874 3923 ὲκ

292 3979 635 4049 Πνεύματος.
670 3976 745 4030 Τὸ
771 3967 1191 4044 γεγεννημένον,
1226 3969 1382 4040 φησὶ,
1409 3969 1474 4021 ἐκ
1501 3965 1596 4020 τοῦ
1621 3962 1874 4033 Πνεύμα-

293 4091 411 4136 τος,
454 4069 677 4141 πνεῦμά
722 4069 873 4122 ἐστιν
895 4082 908 4097 ’
938 4066 1099 4137 ἡμεῖς
1123 4063 1181 4118 δὲ
1227 4063 1433 4132 σάρκες
1484 4059 1672 4129 ἐσμὲν,
1702 4057 1753 4110 εί
1778 4066 1875 4109 και

293 4165 480 4219 πιστοὶ
529 4161 622 4217 καὶ
671 4160 986 4232 ἐπουράνιοι
1037 4155 1344 4224 γεγόναμεν
1374 4193 1388 4219 ,
1430 4150 1526 4205 καὶ
1560 4148 1623 4203 τὸ
1649 4146 1876 4217 Πνεῦμα

297 4259 387 4312 διὰ
409 4257 569 4311 τοῦτο
596 4253 690 4307 τοῦ
715 4250 848 4306 Θεοῦ
886 4250 986 4303 οὐκ
1011 4247 1240 4318 ἐμμένει
1274 4246 1332 4297 ὲν
1361 4245 1518 4314 ἡμῖν,
1543 4240 1640 4295 καὶ
1682 4238 1875 4294 τούτου

1979 3336 2034 3384 et
2075 3329 2220 3397 quod
2270 3329 2561 3393 habemus,
2600 3342 2657 3384 ut
2708 3332 2785 3383 ait
2818 3330 3127 3398 Scriptura,
3161 3329 3213 3382 in
3251 3330 3340 3381 die
3378 3327 3559 3382 exitus

1981 3430 2075 3472 aut
2110 3419 2328 3485 judicii,
2389 3430 2611 3489 propter
2659 3422 3103 3475 incredulitatem
3160 3429 3255 3473 aut
3298 3422 3556 3488 despera-

1979 3513 2205 3577 tionem,
2256 3511 2538 3566 auferetur
2594 3529 2622 3567 ιι
2675 3513 2856 3577 nobis,
2904 3514 3031 3582 quia
3089 3526 3202 3566 non
3256 3510 3559 3581 cogitamus

1979 3602 2119 3656 filios
2144 3602 2283 3671 patri
2319 3601 2531 3657 similes
2561 3617 2685 3657 esse
2718 3603 2940 3669 debere,
2971 3604 3106 3659 deos
3135 3604 3201 3658 de
3223 3602 3358 3666 Deo,
3395 3598 3563 3672 spiri-

1980 3689 2155 3744 tu.:les
2207 3690 2274 3746 de
2309 3690 2528 3761 spiritu.
2573 3709 2593 3743 ι
2641 3693 2798 3758 Quod
2846 3705 3033 3749 natum
3081 3703 3168 3750 est
3220 3708 3289 3749 ex
3336 3693 3559 3764 spiritu,

1979 3781 2200 3847 dicitur,
2230 3783 2461 3852 spiritus
2484 3784 2569 3839 est
2606 3785 2652 3850 ³;
2690 3803 2707 3836 ι
2750 3799 2854 3841 nos
2892 3801 3023 3842 vero
3051 3785 3301 3857 carnales
3344 3800 3560 3851 sumus,

1979 3875 2230 3943 quamvis
2269 3874 2456 3929 ildeies
2488 3875 2851 3948 caelestesque
2892 3877 3048 3943 facti,
3078 3887 3135 3935 et
3165 3878 3287 3933 ideo
3316 3878 3557 3948 Spiritus

1981 3965 2075 4021 Dei
2111 3983 2211 4021 non
2238 3978 2422 4023 manet
2450 3969 2504 4022 in
2536 3969 2717 4038 nobis,
2753 3979 2806 4024 et
2835 3982 3120 4041 pr0pterca
3149 3985 3247 4026 nos
3272 3971 3562 4040 direptioni

1980 4067 2037 4113 et
2078 4060 2325 4114 servituti
2369 4060 2594 4117 tradidit
2624 4062 2905 4128 Dominus,
2938 4077 2988 4117 et
3036 4072 3250 4134 strages
3293 4062 3562 4130 multipli-

1982 4150 2146 4219 cavit,
2176 4150 2357 4206 forsan
2387 4152 2685 4223 corrigere,
2710 4155 3018 4225 exstirpare
3045 4165 3100 4211 et
3132 4170 3330 4212 sanare
3375 4154 3564 4210 volens

1985 4241 2381 4299 valentioribus
2411 4245 2672 4300 remediis
2704 4245 2928 4303 malum.
2960 4306 2963 4307 ν

330 4341 499 4397 ῑνεκα
526 4334 818 4409 παρέδωκε
849 4333 1059 4404 Κύριος
1088 4332 1188 4395 τὰς
1230 4326 1533 4396 ιπαγωγὰς
1566 4326 1662 4378 καὶ
1706 4326 1805 4388 τὰς
1839 4326 2241 4394 αἰχμαλωσίας,
2290 4327 2387 4377 καὶ
2418 4323 2637 4393 σφαγάς
2667 4324 2992 4397 ἐπλήθυνεν,
3030 4327 3161 4395 ἴσως
3183 4329 3499 4402 διορθῶσαι,
3535 4329 3572 4400 ἢ

330 4435 590 4504 ἐκκόψαι,
623 4428 656 4502 ἢ
691 4426 868 4484 σῶσαι
896 4424 986 4481 διὰ
1018 4423 1332 4495 φαρμάκων
1368 4416 1734 4490 ἰσχυροτέρων
1772 4417 2093 4490 βουλόμενος
2129 4418 2227 4490 τὴν
2255 4414 2481 4501 κακίαν.

390 4549 458 4617 β’.
491 4544 604 4599 Καὶ
649 4542 866 4615 πρῶτον
917 4537 1024 4609 μὲν
1050 4536 1248 4600 εἰπεῖν,
1274 4530 1427 4601 ,Θεοῦ
1470 4528 1705 4589 διδόντος
1744 4526 1899 4596 ῥῆμα

2084 4518 2141 4572 2.
2190 4519 2255 4574 Et
2288 4523 2518 4589 primum
2539 4521 2770 4589 ‘quidem
2812 4522 3099 4576 (ιιι-ειιιίιιιιι
3139 4528 3244 4586 est,
3281 4523 3389 4575 Deo
3425 4522 3591 4577 dante

317 4610 434 4701 toi;
461 4610 971 4705 EDaYTEXVtCOpJVOIC
998 4626 1179 4698 ἀγαθὰ
1201 4621 1453 4689 τοιαῦτα,
1482 4620 1602 4684 πῶς
1626 4618 1764 4690 εὕρῃ
1791 4632 1874 4677 τις

2008 4611 2233 4666 verbum
2257 4613 2760 4682 evangciizantibus
2783 4612 3091 4682 hujusmodi
3126 4612 3288 4676 b0na,
3314 4613 3589 4680 quomodo

326 4733 527 4803 μᾶλλον
547 4729 605 4783 δὲ
634 4726 867 4798 εὕρηται
909 4725 1080 4793 ὅνπερ
1111 4719 1247 4791 ἔχει,
1271 4717 1305 4790 ἢ
1331 4716 1522 4785 εἴληφε
1550 4710 1787 4803 Χριστὸν
1807 4707 1900 4803 διὰ

321 4797 418 4889 τού
445 4797 819 4892 βαπτίσματος
845 4814 902 4866 ἐν
939 4810 1254 4887 Πνεύματις
1282 4805 1428 4861 κατὰ
1465 4802 1559 4857 τὸν
1600 4797 1902 4892 άπόστολον

324 4890 557 4973 Παῦλον,
583 4908 666 4961 ὅτι
692 4903 855 4973 ιίούκ
884 4900 1063 4955 οἴδατε
1089 4898 1173 4952 ὅτι
1198 4893 1430 4969 Χριστὸς
1458 4890 1663 4963 Ἰησοῦς
1683 4890 1825 4945 οἰκεῖ
1843 4891 1903 4944 ὲν

323 5004 445 5064 ταῖς
475 4998 727 5070 καρδίαις
749 4996 781 5064 ἡ
792 4991 930 5064 μῶν,
956 5009 976 5044 ι
1013 4987 1178 5059 φησίν
1196 5006 1211 5021 ο
1245 4987 1439 5039 ἔπειτα
1466 4984 1548 5048 δὲ,
1569 4981 1666 5038 καὶ
1696 4980 1758 5034 τὸ
1782 4978 1904 5070 πῶς

325 5068 613 5161 προκόψει,
649 5081 753 5141 εἷθ’
777 5083 952 5145 οὕτως
993 5081 1088 5135 καὶ
1133 5077 1253 5140 πῶς
1289 5074 1516 5144 φυλάξει
1544 5071 1606 5126 τὸ
1645 5068 1899 5161 εύρεθένζ

325 5157 547 5253 ἄριστος
575 5180 685 5251 γὰρ
712 5178 806 5232 καὶ
832 5175 1097 5244 σύντομος
1127 5169 1352 5241 τρόπος,
1378 5167 1447 5221 τὰ
1468 5166 1617 5237 ἄκρα
1647 5161 1785 5235 μετὰ
1806 5157 1902 5213 τοῦ

332 5278 501 5345 μέσον
537 5273 822 5342 συντόμως
844 5268 1043 5331 εἰπεῖν,
1079 5262 1248 5320 πολὺν
1279 5259 1472 5330 ἔχοντα
1507 5256 1731 5319 πλάτος.
1761 5253 1904 5307 Διότι

327 5369 516 5425 πολλοὶ
552 5367 654 5437 μὲν
679 5366 772 5420 τὸν
799 5361 989 5432 ἀγῶνα
1016 5359 1177 5431 μέχρι
1204 5355 1299 5411 τοῦ
1325 5355 1508 5426 εὑρεῖν
1544 5351 1609 5406 τὸ
1635 5347 1906 5420 ζητούμενα

326 5479 418 5515 νον
443 5455 805 5528 ἠγωνίσαντο,
832 5452 929 5506 καὶ
959 5450 1195 5522 ἔστησαν
1224 5444 1324 5518 τὴν
1349 5445 1538 5515 ἔφεσιν
1554 5441 1658 5505 ἕως
1678 5440 1871 5528 τούτου
1886 5452 1901 5468 ’

330 5527 644 5618 περαιτέρω
670 5544 727 5597 δὲ
747 5543 809 5596 οὐ
840 5539 1228 5612 προϐαίνουσιν
1252 5576 1270 5602 ,
1317 5533 1440 5589 οὐδὲ
1479 5530 1634 5618 μέλει
1669 5527 1904 5591 τούτοις,

336 5615 670 5710 ἀρκούμενοι
700 5634 860 5705 μόνον
887 5633 967 5695 είς
1004 5629 1103 5701 τὴν
1128 5626 1325 5699 ἀρχὴν,
1365 5626 1432 5695 ἣν
1474 5615 1655 5693 εὗρον,
1680 5618 1906 5688 ἐμποδι-

337 5731 559 5794 σθέντες
604 5727 663 5781 δὲ
695 5726 789 5779 καὶ
835 5716 1142 5793 λεληθότως
1196 5718 1367 5773 δίοδον
1413 5716 1667 5788 ἄραντες,
1702 5712 1906 5767 οἴονται

424 5922 434 5945 ⁸
482 5914 639 5975 Joan.
663 5932 736 5985 vt,
768 5917 855 5972 45.

2006 4704 2131 4773 quis
2178 4706 2437 4775 reperiat,
2475 4705 2558 4761 vel
2591 4707 2771 4775 potius
2801 4714 3085 4774 recuperet
3109 4719 3267 4772 quem
3303 4704 3466 4760 habet
3501 4703 3590 4758 Vel

2008 4795 2222 4864 accepit
2255 4796 2535 4850 Christum
2586 4811 2685 4865 per
2714 4797 2986 4865 baptisma
3043 4797 3098 4850 in
3148 4795 3382 4865 Spiritu,
3432 4796 3589 4866 juxta

2008 4882 2234 4939 Paulum
2280 4886 2586 4955 apostolum
2634 4886 2905 4961 dicentem
2941 4902 2958 4939 :
2995 4903 3014 4937 ι
3055 4887 3140 4940 An
3184 4888 3413 4943 nescitis
3453 4903 3592 4956 quo-

2008 4981 2155 5034 niam
2179 4977 2428 5034 Christus
2450 4977 2607 5033 Jesus
2641 4979 2849 5033 habitat
2876 4978 2928 5032 in
2954 4978 3220 5035 cordibus
3251 4983 3455 5038 nostris
3476 4981 3537 5035 ’?
3564 5000 3584 5034 ι

2009 5068 2089 5125 Ac
2131 5070 2348 5133 deinde,
2382 5069 2657 5139 quomodo
2692 5069 2815 5138 quis
2861 5070 3137 5139 proficiat,
3170 5087 3265 5127 seu
3315 5078 3592 5143 quomodo

2012 5170 2293 5234 repertum
2315 5164 2587 5218 custodiat
2615 5179 2629 5219 :
2659 5165 2901 5234 optimus
2922 5168 3066 5222 enim
3091 5174 3148 5221 et
3169 5165 3350 5221 brevis
3374 5165 3593 5233 modus,

2012 5265 2259 5311 extrema
2308 5269 2434 5310 eum
2489 5257 2669 5312 medio
2717 5258 3038 5314 summatim
3083 5260 3287 5327 dicere,
3339 5262 3595 5331 quamvis

2015 5349 2238 5404 Inultam
2299 5347 2536 5404 habeant
2586 5347 2949 5406 latitudinem.
2985 5350 3113 5406 ideo
3166 5352 3321 5409 multi
3371 5353 3593 5421 quidem

2014 5450 2298 5495 cert..mcn
2334 5449 2549 5493 certant
2578 5441 2881 5510 usquedum
2925 5441 3237 5496 invenerint
3276 5443 3595 5512 quaesitum,

2016 5544 2065 5587 et
2136 5534 2403 5586 hactenus
2457 5532 2786 5587 desiderium
2841 5535 3063 5599 sistunt,
3110 5534 3251 5589 ultra
3315 5549 3447 5591 vero
3488 5551 3597 5591 non

2016 5627 2334 5694 procedunt,
2373 5638 2473 5680 nec
2502 5625 2586 5681 eis
2616 5641 2746 5679 cura
2769 5637 2870 5692 est,
2903 5636 2958 5679 et
2985 5627 3217 5694 ingrcssi
3246 5637 3456 5681 tantum
3499 5627 3602 5681 via

2020 5728 2249 5788 repertae
2300 5718 2542 5784 initium,
2617 5720 3009 5787 impelitncnto
3070 5721 3362 5777 transitum
3412 5719 3605 5775 insciis

937 5919 1135 5973 ’Joan.
1173 5931 1255 5983 ιιι,
1298 5914 1350 5969 ti.
1430 5912 1489 5968 3i
1520 5912 1644 5968 Cor.
1680 5923 1751 5975 rt,
1802 5906 1895 5975 l5;
1935 5903 2136 5976 prcs.
2163 5920 2245 5974 ιιι,
2272 5903 2358 5960 17.
