4020 6466
356 500 492 567 1321

1009 501 1107 560 DE
1142 499 1633 569 OUlETUDlNE
1677 500 1775 558 ET
1831 494 2140 557 DUOBUS
2176 492 2602 554 ORATIONIS
2652 487 2919 549 MODIS.

3476 480 3610 542 1322

354 615 561 662 στασις.
600 617 619 649 ι
675 597 935 667 Μοιχεύει
973 598 1081 666 γάρ
1118 598 1225 650 τῶν
1260 596 1518 649 τοιούτων
1556 597 1584 649 6
1615 597 1757 660 νοῦς,
1790 598 1919 649 ὅταν

2033 613 2221 657 rltatur
2260 605 2460 671 quippe
2523 598 2832 667 huiusmodi
2891 609 3066 658 tnt‘ns,
3101 609 3129 646 a
3192 593 3287 647 Dei
3349 594 3605 649 memoria

352 693 560 759 ἀποστῇ
586 696 686 758 τῆς
716 690 809 742 τοῦ
840 690 974 742 Θεοῦ
1012 691 1250 760 μνήμης,
1281 691 1355 753 ὡς
1394 691 1499 742 ἀπὸ
1530 692 1788 759 νυμφίου.
1813 691 1919 741 Καὶ

353 782 411 832 ἐν
429 780 730 849 ἐλαχίστοις
762 781 1078 849 πράγμασιν
1101 778 1373 846 ἐρωτικῶς
1395 778 1594 847 ἔχεται.
1613 779 1686 831 Τὸ
1712 779 1920 844 διδάξαι

352 874 409 927 δὲ
436 875 528 926 καὶ
557 874 763 943 ἑτέροις
804 873 902 942 τὴν
951 872 1120 942 αὐτὴν
1143 870 1317 936 τάξιν,
1359 872 1457 923 οὐκ
1488 873 1546 924 ἐν
1584 871 1746 925 πᾶσιν
1777 870 1923 922 ἐνδέο

353 978 525 1030 χεται.
561 962 686 1023 Τοῖς
718 961 815 1028 μὲν
850 961 1086 1023 ἰδιώταις
1118 962 1377 1030 ὑπηκόοις
1416 959 1534 1012 οὖσι
1585 962 1678 1012 καὶ
1707 961 1922 1030 ἀγραμ-

359 1053 568 1121 μάτοις,
601 1052 687 1105 ναί
708 1069 722 1083 ’
752 1052 938 1121 διότιή
967 1051 1183 1122 ὑπακοὴ
1210 1053 1275 1105 ἐκ
1326 1051 1506 1121 πάσης
1531 1051 1732 1120 ἀρετῆς
1795 1068 1922 1118 μετ-

354 1141 598 1212 ignoui
624 1144 722 1213 τῆς
743 1143 1145 1206 ταπεινώσεως.
1180 1143 1596 1205 Ἀνυποτάκτοις
1626 1142 1683 1195 δὲ
1707 1142 1768 1195 οὑ
1785 1143 1925 1195 δίδο-

354 1253 468 1299 ται,
500 1235 582 1287 ἵνα
616 1237 690 1304 μὴ
714 1234 1057 1305 πλανηθῶσιν
1111 1234 1376 1305 εὐχερῶς,
1408 1235 1511 1287 κᾶν
1557 1233 1785 1296 ίδιῶται,
1820 1233 1925 1286 κᾶν

357 1328 646 1390 γνωστικοὶ
663 1322 763 1378 ῶσι
783 1342 799 1356 ⁸
827 1326 964 1379 διότι
993 1328 1020 1379 6
1048 1327 1398 1396 αὐτόστοιχος
1424 1326 1485 1378 οὐ
1515 1325 1738 1378 δύναται
1756 1328 1925 1393 ἐκφυ-

355 1422 472 1487 γεῖν
496 1419 592 1489 τὴν
615 1420 812 1489 οἴησιν,
847 1419 914 1470 δι’
935 1413 1004 1489 ἦς
1048 1419 1080 1485 ἡ
1114 1417 1288 1486 πλάνη
1338 1416 1725 1470 ἐπακολουθεῖν
1747 1417 1925 1484 πέιιυ·

357 1528 473 1575 κεν,
498 1510 571 1571 ῶς
610 1527 774 1578 φησιν
820 1512 847 1562 6
876 1510 1030 1579 ἅγιος
1081 1508 1284 1561 Ἰσαάκ.
1309 1508 1464 1569 Τινὲς
1488 1508 1544 1559 δὲ
1576 1507 1651 1577 μὴ
1680 1506 1925 1560 ἐννοοῦν-

356 1616 446 1660 τες
485 1599 582 1666 τὴν
621 1599 918 1667 μέλλουσαν
954 1598 1180 1668 βλάϐην,
1225 1598 1359 1667 πρὸς
1389 1597 1450 1649 τὸ
1480 1596 1765 1665 συνηθίσαι
1792 1600 1926 1664 φασὶ

355 1690 451 1742 καὶ
479 1691 762 1758 ἀγαπῆσαι
791 1691 880 1743 τὸν
911 1690 1038 1743 νοῦν
1065 1691 1165 1760 τὴν
1198 1689 1290 1742 τοῦ
1344 1689 1478 1741 Θεοῦ
1534 1689 1776 1758 μνήμην,
1813 1691 1926 1751 τοῖς

357 1780 578 1851 τυχοῦσι
632 1780 836 1849 ταύτην
874 1780 1044 1848 μόνην
1096 1782 1339 1847 ἐνεργεῖν
1368 1781 1745 1833 διδάσκουσιν·
1789 1780 1925 1847 ὅπερ

356 1867 456 1917 οὐκ
487 1866 781 1936 ἐνδέχεται,
826 1867 921 1919 καὶ
959 1867 1193 1936 μάλιστα
1225 1868 1592 1940 ἰδιοῤῥύθμοις
1629 1866 1769 1922 οὖσι.
1805 1871 1927 1921 Ἔτι

2024 695 2183 763 quasi
2220 713 2248 747 a
2284 708 2482 760 sponso
2517 691 2819 750 discedens,
2852 684 3126 739 etiufimis
3157 684 3320 737 rebus
3364 698 3606 735 amorem

2026 789 2384 854 prostitueus.
2450 785 2592 837 [deut
2646 791 2822 834 autem
2865 780 2999 832 ordo
3055 776 3174 829 aliis
3214 773 3428 828 suaderi
3496 788 3606 829 non

2024 877 2278 930 omnibus
2316 884 2512 946 potest.
2573 870 2967 928 Oltedicutibus
3014 867 3228 936 quidem
3284 867 3488 933 ignaris
3551 876 3609 920 τι

2022 969 2325 1063 ἱὶΙίῑιοξοιίε
2356 973 2556 1035 potest,
2587 965 2713 1031 quia
2743 960 3053 1017 obedientia
3087 973 3306 1011 onmem
3342 957 3605 1009 virtutem

2027 1077 2123 1131 per
2177 1045 2535 1114 liumilitatem
2601 1053 2914 1125 participat.
2974 1048 3184 1103 Liberis
3232 1056 3434 1108 autem,
3490 1045 3609 1099 sive

2023 1153 2222 1223 ignari,
2265 1153 2383 1204 sive
2407 1148 2554 1202 docti
2599 1148 2729 1210 sint,
2786 1160 2893 1199 non
2949 1141 3286 1198 conceditur,
3346 1152 3417 1191 ne
3446 1136 3608 1190 facile

2022 1252 2229 1307 errent,
2282 1239 2410 1308 quia
2443 1253 2692 1292 seorsmn
2746 1234 3146 1289 meditausnon
3208 1240 3385 1297 potest
3436 1228 3610 1283 vitare

2024 1333 2526 1401 praesumptionem,
2592 1327 2737 1382 unde
2789 1327 2941 1395 sequi
2996 1325 3131 1378 solet
3186 1336 3363 1384 error,
3418 1331 3479 1373 ut
3533 1322 3610 1373 ait

2026 1434 2254 1477 sanctus
2293 1423 2462 1475 Isaae.
2505 1419 2735 1484 Quidam
2769 1432 2923 1480 vero,
2976 1432 3080 1469 nou
3117 1414 3420 1484 cogitantes
3464 1411 3611 1464 futu-

2028 1527 2147 1562 runt
2207 1511 2490 1571 damnum,
2554 1507 2622 1560 ad
2685 1504 3182 1566 assuefaciendam,
3223 1502 3495 1570 inquiunt,
3555 1510 3613 1555 et

2027 1602 2369 1655 alliciendam
2406 1610 2643 1669 mentem
2671 1600 2734 1653 ad
2766 1599 2860 1652 Dei
2893 1597 3235 1655 memoriam,
3276 1593 3476 1662 quibus
3525 1593 3611 1645 vis

2028 1691 2174 1743 illam
2209 1689 2381 1743 solam
2431 1690 2743 1742 melltndum
2778 1687 3009 1740 sument
3036 1702 3052 1740 :
3084 1684 3224 1752 quod
3259 1698 3365 1736 non
3429 1681 3612 1750 possi~

2027 1782 2131 1834 ltile
2155 1793 2264 1843 εει,
2295 1776 2359 1832 ac
2389 1779 2686 1849 prtesertitn
2722 1778 2805 1831 his
2835 1777 2925 1846 qui
2955 1777 3186 1830 scorsim
3229 1775 3436 1828 vivunt.
3472 1774 3608 1828 Cum

2025 1871 2168 1925 enim
2218 1873 2458 1924 nondum
2497 1883 2650 1924 mens
2688 1882 2877 1922 eorum
2932 1867 3131 1921 munda
3170 1865 3241 1920 sit
3271 1873 3491 1935 propter
3517 1877 3615 1918 ne-

357 1956 467 2025 γὰρ
494 1956 588 2007 τοῦ
624 1956 740 2018 νοὸς
775 1956 954 2009 αὐτῶν
989 1957 1302 2026 ἀκαθάρτου
1355 1957 1508 2021 ὄντος
1548 1959 1618 2010 δι’
1646 1957 1927 2027 ἀμέλειαν,

2033 1964 2340 2034 gligentiam
2366 1972 2420 2017 et
2445 1962 2779 2031 superbiam,
2812 1959 3068 2029 lacrytnis
3100 1973 3206 2011 non
3245 1957 3370 2018 lota.
3427 1964 3615 2024 turpes

359 2048 454 2101 καὶ
488 2047 953 2119 ὑψηλοφροσύνην,
1012 2048 1101 2101 διὰ
1127 2049 1379 2119 δακρύων
1412 2049 1488 2120 μὴ
1520 2049 1929 2119 προκαθαρθέν-

359 2156 468 2202 τος,
494 2138 686 2192 εἴδωλα
713 2139 912 2208 μᾶλλον
938 2141 1138 2210 αἰσχρὰ
1165 2140 1464 2209 λογισμῶν,
1496 2141 1588 2194 καὶ
1616 2140 1677 2194 οὐ
1705 2158 1930 2211 προσευ-

359 2231 461 2301 χὴν
515 2231 941 2312 ἐνοπτρίζονται,
993 2233 1102 2284 τῶν
1162 2233 1221 2284 ἐν
1257 2238 1324 2303 τῇ
1353 2233 1551 2304 καρδίᾳ
1604 2234 1929 2303 πνευμάτων

360 2322 706 2391 ἀκαθάρτων,
733 2323 836 2375 ὑπὸ
861 2322 955 2376 τοῦ
982 2323 1212 2395 φοϐεροῦ
1240 2325 1501 2391 ὀνόματος
1526 2324 1927 2394 ταραχθέντων,

363 2413 459 2464 καὶ
512 2412 721 2467 ἀνελεῖν
769 2412 1076 2485 βρυχόντων
1123 2414 1213 2466 τὸν
1245 2414 1595 2482 μαστίζοντα.
1651 2412 1777 2465 Ἐὰν
1820 2414 1930 2480 γὰρ

361 2502 591 2576 ἀκούσῃ,
622 2503 655 2574 ἢ
689 2504 908 2576 διδαχθῇ
939 2507 966 2558 6
999 2504 1347 2577 ξδιόῥρυθμος
1383 2503 1513 2574 περὶ
1541 2503 1639 2574 τῆς
1665 2504 1929 2573 ἐργασίας

359 2594 586 2666 ταύτης,
613 2595 709 2649 καὶ
733 2594 978 2666 βούλεται
1015 2598 1284 2667 κρατῆσαι
1314 2598 1504 2667 αὐτὴν,
1525 2595 1585 2648 ἓν
1611 2597 1677 2649 ἐκ
1696 2594 1805 2647 τῶν
1819 2593 1930 2646 δύω

366 2683 551 2752 μέλλει
575 2683 796 2736 παθεῖν’
828 2686 877 2738 εί
904 2685 1002 2756 μὲν
1051 2685 1316 2756 βιάζεται,
1348 2685 1637 2749 πλανᾶται,
1663 2684 1758 2737 καὶ
1779 2683 1931 2737 ἀνία-

360 2789 454 2835 τος
480 2774 665 2842 μένειο
693 2776 741 2827 εί
769 2773 815 2827 δ’
856 2776 1066 2845 ἀμελεῖ,
1119 2776 1432 2846 ἁπρόκοπος
1472 2779 1529 2829 ἐν
1564 2777 1661 2847 ὅλῃ
1716 2779 1782 2847 τῇ
1816 2776 1929 2846 ζωῇ

363 2864 528 2917 αὑτοῦ
553 2864 892 2920 καθίσταται.

436 2953 501 3006 θ’.
547 2953 688 3022 Ἐρῶ
709 2955 765 3007 δὲ
794 2955 1058 3023 κάγὼ,ὡς
1077 2956 1188 3010 ἀπὸ
1212 2957 1405 3027 πείρας
1426 2960 1618 3026 μικρὸν
1646 2957 1899 3025 ἐγνωκώς
1915 2971 1929 2985 ⁸

366 3043 495 3097 Ὅτε
519 3044 749 3114 καθίσῃς
780 3046 839 3098 ἐν
862 3046 1044 3117 ἡμέρᾳ
1069 3047 1102 3115 ἢ
1120 3049 1180 3099 ἐν
1210 3052 1365 3099 νυκτὶ
1385 3046 1693 3118 ἡσυχάζων,
1725 3048 1935 3117 συχνῶς

363 3133 615 3203 δεόμενος
638 3134 732 3186 τοῦ
769 3134 927 3201 Θεοῦ,
986 3139 1158 3206 χωρὶς
1188 3138 1465 3207 λογισμῶν
1495 3141 1559 3191 ἐν
1586 3140 1935 3203 ταπεινώσει,

366 3226 460 3278 καὶ
490 3226 740 3295 ἀτονήσει
767 3228 908 3297 μένό
933 3229 1056 3292 νοῦς
1086 3231 1642 3300 κράζων,άλγήσειόὲ
1669 3233 1730 3285 τὸ
1756 3234 1935 3302 σῶμα,

366 3317 523 3385 καὶὴ
558 3317 757 3387 καρδία
780 3322 844 3390 τῇ
880 3321 1084 3392 σφοδρᾷ
1120 3322 1283 3393 πήξει
1312 3323 1412 3393 τῆς
1458 3324 1658 3394 συχνῆς
1711 3325 1940 3394 ἐπικλή-

369 3421 508 3468 σεως
549 3406 643 3459 τοῦ
677 3408 875 3478 Ἰησοῦ,
930 3411 1129 3480 μηκέτι
1160 3412 1611 3482 θερμαινόμενος,
1640 3413 1673 3483 ἢ
1711 3414 1939 3481 εὐφραια

368 3497 612 3563 νόμενος,
646 3496 704 3561 ἐξ
728 3490 802 3550 ὧν
830 3498 1183 3568 ήπροθυμία,
1219 3502 1312 3552 καὶ
1340 3504 1373 3571 ὴ
1410 3502 1653 3570 ὑπομονὴ
1695 3501 1773 3571 τῷ
1796 3503 1942 3569 ἀγω-

367 3591 520 3658 νιστῇ
553 3590 828 3655 γεννᾶται,
862 3589 982 3641 τότε
1008 3590 1255 3659 ἐγερθεὶς
1279 3591 1457 3660 στῆθι,
1485 3593 1578 3645 καὶ
1611 3593 1779 3660 eam
1798 3594 1941 3646 κατὰ

372 3677 561 3748 μόνας,
594 3679 627 3749 ἢ
667 3678 805 3746 μετὰ
834 3678 927 3730 τοῦ
976 3679 1224 3741 συνόντος
1260 3697 1342 3732 σοι
1377 3680 1643 3749 μαθητοῦ,
1676 3680 1707 3749 ἢ
1743 3681 1941 3752 μελέτη

366 3765 511 3827 τινὸς
537 3765 722 3834 ῥητοῦ,
750 3766 783 3833 ἢ
819 3766 1011 3838 μνήμῃ
1060 3764 1313 3825 θανάτου,
1344 3766 1377 3837 ἢ
1420 3767 1672 3838 ἐνεργείᾳ
1717 3767 1935 3837 χειρῶν,

370 3856 591 3908 καὶτῶν
619 3854 820 3908 λοιπῶν
841 3855 1256 3925 ἀσχολούμενος,
1292 3857 1324 3927 ἢ
1347 3861 1412 3927 τῇ
1445 3858 1748 3925 ἀναγνώσει
1774 3876 1941 3929 προσ-

370 3946 507 4019 έχων
525 3947 809 4016 ἱστάμενος
826 3948 1043 4017 μᾶλλον,
1059 3948 1146 4000 ἴνα
1166 3951 1332 4001 κόπον
1354 3949 1586 4020 ἐμποιῇς
1607 3951 1685 4021 τῷ
1701 3952 1938 4019 σώματι.

370 4040 480 4092 Καὶ
512 4040 640 4097 ὅταν
665 4039 763 4109 μὲν
803 4039 1018 4093 ἵσταται
1067 4040 1208 4093 κατὰ
1242 4042 1408 4109 μόνας
1438 4040 1674 4110 ψάλλων,
1722 4042 1848 4110 λέγε
1880 4043 1943 4094 τὸ

371 4129 686 4200 Τρισάγιον,
718 4128 813 4182 καὶ
836 4125 933 4182 εἷθ’
970 4128 1114 4181 οὕτω
1136 4130 1235 4199 τὴν
1282 4130 1590 4202 προσευχὴν
1616 4130 1883 4201 ψυχικῶς,
1907 4132 1941 4203 ἢ

372 4221 593 4291 νοερῶς,
622 4222 980 4292 προσέχοντος
1010 4220 1105 4275 τοῦ
1131 4222 1224 4276 νοῦ
1252 4224 1319 4291 τῇ
1353 4223 1571 4294 καρδίᾳ.
1600 4224 1733 4293 Ἐὰν
1750 4223 1806 4276 δὲ
1823 4223 1912 4277 ἐπί
1922 4247 1952 4261 -

374 4333 550 4371 κειται
581 4317 799 4388 ἀκηδία,
837 4318 962 4384 λέγε
998 4317 1094 4370 καὶ
1127 4317 1376 4389 ψαλμοὺς
1407 4318 1536 4384 δύω,
1569 4319 1602 4389 ἢ
1633 4320 1806 4388 τρεῖς,
1853 4319 1951 4372 καὶ

372 4408 645 4479 τροπάρια
668 4409 1044 4465 κατανυκτικὰ
1070 4410 1196 4463 ἄνευ
1226 4410 1424 4478 μέλους
1443 4424 1457 4437 '
1498 4411 1577 4463 ὅτι
1601 4412 1663 4462 οὒ
1697 4410 1945 4480 μελῳδή-

376 4514 557 4551 σουσιν
582 4499 632 4552 ol
661 4498 919 4566 τοιοῦτοι,
948 4500 1112 4570 φησὶν
1128 4502 1156 4553 6
1177 4500 1274 4570 τῆς
1306 4501 1609 4569 Κλίμακος.
1632 4498 1820 4570 Ἀρκεῖ
1838 4498 1946 4568 γὰρ

2035 2053 2431 2122 cogitationum
2502 2052 2783 2122 imagines,
2859 2051 3040 2120 potius
3097 2064 3259 2117 quam
3309 2046 3612 2101 orationem

2035 2145 2408 2212 speculantur,
2446 2144 2739 2198 immundis
2776 2144 2961 2197 cordis
3008 2142 3293 2210 spiritibus
3329 2137 3614 2215 tremendo

2035 2238 2255 2291 nomine
2307 2236 2664 2305 perturbatis,
2720 2244 2777 2289 ct
2831 2234 3190 2289 frementibus
3256 2231 3617 2285 ut‘auferaut

2032 2340 2159 2381 eum
2190 2327 2284 2396 qui
2314 2328 2462 2395 ipsos
2492 2324 2753 2395 ﬂagellat.
2785 2326 2924 2378 Nam
2957 2324 3002 2378 si
3038 2324 3223 2377 audiat
3269 2333 3325 2377 et
3355 2323 3618 2377 doceatur

2033 2415 2181 2467 illam
2220 2415 2535 2468 methodum
2570 2415 2663 2481 qui
2692 2413 2965 2482 privatum
3000 2412 3155 2479 vivit,
3192 2427 3355 2465 unum
3393 2426 3457 2466 ex
3486 2414 3616 2464 duo-

2032 2507 2130 2560 bus
2163 2507 2401 2575 patietur
2428 2504 2625 2558 malutu
2657 2521 2673 2558 ι
2709 2506 2755 2558 si
2813 2505 3046 2558 luctetur
3103 2502 3318 2570 quidem
3370 2504 3612 2564 aberrat,

2030 2609 2084 2650 et
2110 2597 2432 2650 insanabilis
2474 2600 2554 2656 tit,
2587 2597 2633 2648 si
2678 2611 2803 2649 vero
2835 2597 2907 2648 sit
2962 2593 3265 2664 negligens,
3323 2593 3532 2647 nullum
3559 2592 3614 2647 in

2034 2700 2144 2741 tota
2178 2690 2282 2741 vita
2309 2687 2617 2756 profectum
2651 2687 2799 2741 facit.

2103 2961 2155 3014 9.
2190 2960 2371 3012 D=cam
2406 2958 2681 3025 equidem,
2716 2966 2902 3024 utpote
2960 2956 3293 3024 experientia
3350 2957 3610 3008 uonnn‘la

2032 3055 2282 3112 edoctus,
2315 3048 2542 3117 quando
2597 3048 2809 3101 sedebis
2855 3046 2945 3100 die
3002 3044 3087 3098 vel
3152 3054 3309 3097 nocte
3367 3044 3607 3112 quietus,

2033 3143 2347 3211 frequenter
2387 3141 2557 3193 Deum
2589 3153 2818 3206 precans
2836 3139 2956 3191 sine
2976 3136 3396 3205 cogitationibus
3426 3137 3478 3188 in
3512 3139 3611 3188 ltu-

2037 3234 2290 3292 militate,
2317 3243 2371 3281 et
2408 3230 2624 3282 fatiscet
2652 3243 2807 3282 utens
2846 3229 3157 3289 clamitans,
3218 3242 3416 3293 rorpus
3481 3242 3611 3279 vero

2035 3322 2259 3387 dolebit,
2289 3330 2343 3373 et
2373 3335 2467 3373 ror
2506 3322 2709 3374 acriter
2762 3327 3075 3372 contentum
3127 3319 3192 3368 ad
3255 3317 3599 3385 frequentem

2033 3415 2162 3471 Jcsu
2197 3413 2754 3480 invocationem,jam
2797 3426 2903 3464 non
2938 3410 3140 3463 sentiet
3192 3408 3461 3462 fervorem
3517 3424 3611 3461 aut

2032 3509 2303 3571 laetitiam,
2363 3506 2566 3572 quibus
2622 3504 2787 3557 ardor
2842 3514 2895 3557 et
2947 3505 3352 3569 perseverantia
3422 3502 3609 3555 militis

2034 3600 2486 3662 foventur;tunc
2517 3609 2748 3663 surgens
2813 3606 2918 3660 sta,
2977 3601 3034 3646 et
3096 3592 3264 3659 psalle
3309 3594 3456 3645 solus
3513 3604 3608 3644 aut

2031 3705 2156 3744 cum
2196 3700 2287 3743 tuo
2304 3690 2510 3743 comite
2532 3687 2823 3755 discipulo,
2863 3686 2945 3738 vel
2981 3684 3317 3737 meditationi
3377 3684 3609 3752 alic'ujus

2034 3780 2321 3845 verbi,Vel
2362 3779 2638 3837 memoriae
2675 3781 2892 3835 intortis;
2944 3778 3029 3829 vel
3096 3776 3262 3827 labori
3327 3790 3607 3839 manuum,

2032 3881 2088 3924 ct
2115 3870 2240 3925 aliis
2274 3884 2499 3932 vacans,
2528 3870 2613 3920 vel
2650 3867 2864 3920 lectioni
2933 3868 3246 3927 attendens,
3302 3875 3455 3917 stans
3515 3880 3610 3931 po-

2036 3962 2174 4026 tius,
2207 3969 2268 4013 ut
2295 3972 2495 4027 corpus
2526 3954 2741 4025 fatiges.
2775 3954 2841 4007 Et
2879 3970 3005 4008 cum
3031 3966 3143 4007 stas
3176 3954 3326 4006 solus
3344 3955 3607 4021 psalteus,

2034 4053 2205 4102 recita
2222 4047 2532 4115 'l‘risagion,
2557 4055 2652 4098 aut
2669 4046 2833 4098 etiam
2854 4058 3064 4112 preces,
3092 4046 3268 4095 anima
3299 4044 3382 4095 vel
3408 4055 3608 4107 mente,

2032 4140 2345 4195 attendente
2378 4139 2526 4192 cordi
2559 4137 2859 4190 iutellecm.
2912 4135 3066 4201 Quod
3084 4137 3129 4188 si
3187 4135 3352 4187 instet
3401 4135 3608 4198 accitis,

2034 4234 2204 4287 recita
2224 4232 2387 4285 etiam
2420 4231 2562 4285 duos
2592 4231 2678 4282 vel
2714 4241 2824 4283 tres
2884 4228 3146 4297 psalmos,
3192 4238 3247 4280 et
3313 4227 3609 4279 versiculos

2036 4336 2331 4379 nocturnos
2361 4320 2569 4391 absque
2591 4332 2776 4387 cantu,
2808 4321 2936 4390 quia
2972 4338 2990 4371 ι
3015 4335 3121 4373 nou
3158 4316 3458 4372 cantabunt
3514 4320 3607 4386 qui

2034 4427 2162 4472 sunt
2209 4415 2545 4485 hujusmodi,
2574 4416 2653 4469 ait
2678 4414 2943 4469 Climax.»
3006 4431 3024 4463 ι
3057 4411 3265 4468 Suﬂicit
3298 4412 3441 4465 enim
3478 4411 3609 4478 ipsis

2035 4512 2102 4563 ad
2133 4509 2391 4580 gaudium
2423 4506 2583 4561 labor
2649 4506 2833 4561 cordis
2895 4520 2993 4573 pro
3047 4503 3251 4571 pietate
3298 4512 3608 4569 susceptus,

375 4591 556 4653 αὐτοῖς
580 4592 658 4652 είς
686 4590 1026 4665 εὐφροσύνην
1077 4595 1106 4644 6
1130 4591 1226 4662 τῆς
1248 4591 1473 4663 καρδίας
1499 4593 1657 4654 πόνος
1686 4592 1826 4661 ὑπὲρ
1852 4592 1937 4643 εὑ-

2039 4601 2220 4668 inquit
2241 4610 2472 4653 sanctus
2505 4595 2746 4660 Marcus,
2780 4604 2835 4647 et
2869 4594 3049 4647 fervor
3100 4592 3323 4660 spiritus
3354 4591 3422 4644 ad
3475 4592 3611 4644 lani-

380 4681 594 4744 σεὸείας
640 4683 946 4752 γινόμενος,
979 4683 1162 4749 καθώς
1211 4702 1376 4753 φησιν
1419 4685 1448 4737 6
1500 4685 1655 4753 ἆγιος
1696 4686 1943 4755 Μάρκος,

377 4780 471 4825 καὶ
497 4777 530 4844 ἡ
566 4773 744 4843 θέρμη
774 4773 868 4826 τοῦ
914 4775 1232 4845 Πνεῦματος
1280 4778 1419 4844 πρὸς
1446 4778 1620 4848 χαρὰν
1651 4778 1744 4830 καὶ
1772 4777 1946 4845 ἀγαλ-

377 4862 554 4917 λίασιν
590 4865 772 4927 αὐτοῖς
825 4863 1098 4935 διδομένη.
1129 4867 1269 4934 Λέγε
1312 4866 1371 4919 δέ
1398 4869 1540 4920 κατά
1564 4865 1797 4937 ψαλμὸν,
1850 4868 1947 4919 καὶ

377 4954 475 5025 τὴν
500 4953 807 5026 προσευχὴν
828 4954 1051 5023 νοερῶς,
1081 4954 1113 5025 ἢ
1137 4955 1404 5025 ψυχικῶς,
1442 4956 1821 5027 ἀρεμὸάστως,
1854 4956 1948 5008 καὶ

377 5045 461 5108 τὸ,
508 5045 842 5116 ’Λλληλούῖα.
877 5043 1026 5114 Αῦτη
1058 5044 1167 5115 γὰρ
1187 5046 1220 5115 ή
1243 5044 1395 5108 τάξις
1429 5045 1539 5099 τῶν
1573 5044 1740 5110 ἁγίων
1770 5044 1946 5096 Πατέ-

318 5188 325 5196 ,
382 5154 514 5209 ρων,
548 5136 976 5207 Βαρσανουφίου,
1005 5135 1100 5189 καὶ
1152 5137 1427 5205 Διαδόχου,
1457 5137 1552 5189 καὶ
1580 5136 1688 5188 τῶν
1722 5135 1946 5191 λοιπῶν.

379 5229 514 5294 Καὶ,
550 5229 733 5291 καθώς
763 5245 927 5299 φησιν
965 5231 993 5281 6
1024 5228 1165 5291 θεῖος
1213 5228 1507 5290 Βασίλειος,
1538 5229 1619 5282 δεῖ
1654 5227 1782 5290 τοὺς
1812 5227 1952 5297 ψαλ-
2004 5237 2011 5245 ’

385 5319 520 5388 μοὺς
557 5318 679 5372 καθ’
712 5319 924 5390 ἡμέραν
953 5318 1314 5381 ἐναλλάττειν,
1349 5317 1437 5371 διὰ
1471 5318 1530 5370 τὸ
1578 5317 1844 5387 ἐρεθίζειν
1868 5319 1949 5379 είς

384 5408 717 5479 προθυμίαν,
759 5410 855 5462 καὶ
903 5408 991 5460 ἵνα
1046 5407 1142 5476 μὴ,
1172 5406 1360 5476 φησὶν,
1410 5404 1591 5474 ἀηδῶς
1637 5406 1664 5457 6
1697 5402 1820 5466 νοῧς
1849 5403 1950 5473 ἔχῃ

358 5500 616 5555 ,πάντοτε
640 5498 709 5553 τὰ
741 5498 884 5553 αὑτὰ
911 5498 1147 5568 ψάλλων,
1179 5496 1312 5549 ἀλλά
1328 5496 1426 5567 τὴν
1459 5494 1771 5566 ἐλευθερίαν
1801 5494 1963 5560 αὐτῷ.

385 5594 494 5662 χρὴ
526 5591 902 5662 παραχωρεῖν,
933 5589 1028 5642 καὶ
1056 5589 1136 5640 ἔτι
1166 5585 1365 5657 μᾶλλον
1403 5588 1483 5649 είς
1520 5583 1830 5654 προθυμίαν
1858 5584 1950 5654 ἔρ-

374 5685 567 5751 ρωται.
600 5683 725 5736 Ἐὰν
754 5683 813 5736 δὲ
853 5683 991 5753 μετὰ
1047 5681 1292 5754 μαθητοῦ
1323 5679 1515 5735 πιστοῦ
1566 5680 1781 5734 ίστασαι
1809 5680 1948 5750 ψάλ-

373 5773 498 5837 λων,
526 5776 731 5837 ἐκεῖνος
762 5773 863 5844 μὲν
887 5774 1014 5835 τοὺς
1042 5772 1289 5843 ψαλμοὺς
1309 5773 1534 5841 λεγέτω,
1569 5773 1632 5826 σὺ
1652 5772 1707 5825 δὲ
1731 5774 1795 5841 τῇ
1819 5787 1951 5840 καρ-

372 5863 462 5933 δίᾳ
501 5863 759 5933 κρυπτῶς
786 5862 1072 5935 προσέχων
1112 5865 1210 5918 καὶ
1270 5864 1727 5933 προσευχόμενθεν
1790 5861 1949 5929 τή⁰ε⁸

560 5981 831 6041 ΡΑτιιοι..
892 5979 1008 6038 Gn.
1063 5975 1174 6033 CL.

2037 4695 2167 4743 tiam
2226 4699 2282 4742 et
2331 4687 2752 4742 exsultationem
2805 4685 2885 4738 eis
2924 4685 3107 4736 datus.
3150 4699 3170 4732 ι
3221 4680 3412 4734 Adhuc
3466 4679 3610 4739 intra

2035 4781 2300 4849 psalmum
2334 4788 2390 4832 et
2419 4791 2611 4847 preces
2636 4776 2814 4829 anima
2839 4773 2925 4827 vel
2948 4782 3127 4826 incute
3157 4770 3303 4825 baud
3351 4780 3610 4839 vaganter

2034 4876 2231 4932 factas,
2262 4868 2621 4924 dicAllcluia.
2652 4867 2780 4922 llaec
2825 4877 2910 4920 est
2952 4866 3096 4920 enim
3150 4866 3434 4918 tnetliodus
3484 4877 3611 4917 sau-

2033 4977 2246 5031 ctorum
2268 4962 2514 5029 Patrum,
2539 4958 2924 5028 Barsannpbii,
2972 4956 3253 5021 Diadochi,
3276 4964 3329 5008 et
3354 4955 3607 5009 aliorum.

2036 5060 2235 5124 Atque,
2262 5067 2324 5110 ut
2353 5055 2429 5108 ait
2457 5053 2617 5107 divus
2646 5051 2899 5130 Basilius,
2950 5069 2968 5100 ι
3004 5058 3222 5115 oportet
3249 5050 3490 5118 psalmos
3545 5048 3605 5099 in

2037 5143 2164 5207 dies
2204 5151 2498 5212 alternare,
2545 5149 2612 5200 ad
2674 5146 3064 5200 stimulandmu
3120 5143 3393 5205 ardorem,
3444 5150 3613 5209 utque

2036 5259 2312 5311 nunquam
2348 5254 2521 5301 meus,
2552 5240 2748 5307 inquit,
2804 5239 3032 5292 eosdem
3071 5234 3311 5302 psalmos
3346 5231 3610 5294 fastidiat,

2034 5334 2128 5389 sed
2167 5333 2385 5387 libertas
2413 5329 2460 5382 ei
2502 5328 2865 5397 permittenda
2886 5340 2990 5391 est,
3021 5335 3077 5379 et
3109 5325 3190 5378 sic
3253 5322 3446 5392 majori
3517 5338 3608 5377 ac-

2034 5424 2302 5479 ccndetur
2334 5419 2538 5473 studio.
2585 5436 2603 5470 ι
2644 5419 2797 5485 Quod
2857 5419 2903 5472 si
2957 5432 3078 5471 cum
3136 5414 3399 5483 discipulo
3459 5412 3606 5469 fideli

2036 5526 2153 5571 stas
2183 5516 2446 5585 psallens,
2483 5512 2571 5567 hic
2603 5513 2822 5581 quidem
2862 5509 3097 5578 psalmos
3126 5507 3338 5570 recitet,
3367 5514 3423 5562 tu
3479 5520 3609 5559 vero

2033 5609 2367 5662 cordeiutus
2392 5606 2765 5660 attendentem
2784 5615 2838 5657 et
2863 5612 3174 5670 precantem
3203 5609 3329 5654 tene
3350 5596 3606 5665 teipsum.

2034 5695 2240 5749 Omnes
2275 5706 2455 5748 autem
2489 5694 2867 5765 cogitationes,
2902 5692 3018 5745 sive
3070 5688 3439 5752 sensibilium,
3490 5686 3610 5740 sive

2036 5785 2496 5853 iutelligibilium,
2536 5785 2588 5837 in
2618 5784 2784 5838 corde
2823 5783 3034 5836 inertas
3060 5780 3397 5848 asperneris,
3457 5778 3614 5846 adju-

2035 5886 2199 5929 vante
2259 5877 2528 5929 oratione.
2585 5872 2718 5927 Nam
2771 5874 3028 5943 quietudo
3087 5880 3169 5925 cst.
3223 5869 3614 5939 cogitationum

3213 5963 3286 6023 42
