4020 6466
404 925 432 953 ἆ·

502 496 643 560 1323
1733 473 2121 537 GREGO‘RII
2186 473 2525 535 suum;
3605 483 3722 545 132i

508 630 629 686 quae
659 628 763 668 non
794 617 921 662 sunt
955 624 979 660 τι
1012 604 1196 661 divino
1227 600 1460 672 Spiritu,
1495 597 1766 668 depositio
1806 596 1872 649 ad
1926 603 2077 648 tem-

2209 601 2410 653 ταυτόν.
2456 599 2636 650 Πάντα
2682 597 2737 650 δὲ
2777 596 2843 648 τὰ
2880 596 3123 664 νοήματα
3166 594 3273 646 είτε
3329 594 3573 661 αἰσθητὰ,
3620 596 3720 650 εἴτε

506 723 629 779 pus,
664 719 731 758 ne
763 702 845 756 bis
868 698 1150 754 attendens
1189 704 1442 763 tanquam
1471 690 1653 758 benis,
1694 689 1887 744 melius
1922 687 2084 743 amit-

2209 693 2380 762 νοητὰ,
2408 691 2476 744 τὰ
2498 690 2606 743 ἀπὸ
2634 690 2863 758 καρδίας
2895 689 3253 756 ἀναδιδόμενα
3287 690 3619 757 καταφρόνει.
3642 693 3727 759 τῆς

507 778 612 855 tas.
2196 784 2507 854 προσευχῆς
2534 781 2930 850 συνεργούσης.
2960 779 3190 850 Ἡσυχία
3207 780 3315 848 γάρ
3338 778 3726 841 ἐστινάπόθεσις

505 878 797 947 νοημάτων
825 878 938 931 τῶν
965 874 1067 929 οὐκ
1098 875 1163 927 ἐκ
1192 873 1289 926 τοῦ
1322 872 1642 942 Πνεύματος
1673 872 1991 938 θειοτέρων,
2039 868 2143 927 ἕως
2171 867 2387 932 καιροῦ,
2422 870 2506 917 ινα
2545 867 2619 932 μὴ
2647 862 2933 930 προσέχων
2960 862 3169 926 τούτοις
3188 863 3277 923 ,ὡς
3309 860 3508 926 καλοῖς,
3538 863 3595 917 τὸ
3624 866 3726 933 μεῖ-

506 975 535 1038 ζ
540 990 598 1026 ον
629 973 930 1044 ἀπολέσῃς,

1152 1074 1229 1128 De
1258 1090 1456 1129 errore.
1666 1102 1669 1105 ~

2788 1085 2923 1154 Περὶ
2946 1088 3183 1154 πλάνης

586 1192 675 1247 10.
723 1191 958 1245 Attende
1032 1190 1197 1259 igitur
1248 1189 1557 1259 diligtnter,
1630 1189 1720 1243 Dei
1773 1204 1987 1250 amans.
2045 1192 2098 1243 in

512 1287 703 1356 gnosi,
727 1284 882 1350 Quod
910 1284 956 1338 si
980 1299 1119 1350 opus
1135 1298 1328 1350 agens,
1363 1282 1565 1335 videris
1589 1282 1762 1337 lucem
1793 1292 1887 1335 aut
1916 1282 2097 1348 ignem

512 1378 628 1431 sive
663 1375 799 1428 foris
826 1375 941 1427 sive
963 1373 1131 1437 intus,
1162 1386 1356 1441 nempe
1383 1372 1464 1426 vel
1486 1372 1722 1440 speciem
1767 1370 2100 1435 Cltristi,vel

512 1464 712 1533 angeli,
771 1464 856 1517 vel
917 1463 1158 1534 cujusvis
1181 1463 1343 1527 alius,
1368 1478 1438 1516 ne
1484 1463 1613 1518 illud
1632 1463 1880 1529 admitte,
1909 1473 2102 1517 utnon

513 1557 775 1611 damnum
838 1556 1055 1609 subeas.
1092 1553 1203 1610 Nec
1242 1563 1297 1609 tu
1325 1556 1543 1611 tibimet
1583 1556 2103 1624 imaginantiatten-

514 1651 668 1714 dens,
696 1651 815 1704 sine
842 1658 1080 1704 mentem
1107 1648 1233 1702 talia
1263 1648 1545 1718 ellingere.
1581 1648 1710 1704 Ποῖα
1743 1648 1886 1703 enim
1917 1648 2102 1703 omnia

514 1743 760 1795 externis
783 1742 1163 1811 intempestive
1191 1740 1498 1804 cﬂormata,
1523 1744 1575 1794 in
1594 1756 1836 1796 errorem
1863 1743 2100 1795 animam

2209 1741 2408 1807 ἔξωθεν
2444 1744 2691 1815 ἀκαίρως
2737 1744 3365 1816 μετασχηματιζόμενα,
3399 1748 3534 1816 πρὸς
3556 1746 3611 1798 τὸ
3641 1746 3756 1799 πλα-

515 1834 800 1890 inducnnt.
827 1833 1103 1901 Siquidem
1134 1833 1461 1901 principium
1486 1833 1752 1888 orationis
1780 1849 1990 1897 verum,
2017 1841 2100 1887 est

2209 1834 2369 1903 νῆσαι
2391 1835 2490 1905 τὴν
2512 1833 2691 1906 ψυχὴν
2718 1835 2983 1903 γίνονται.
3019 1835 3087 1889 Ἦ
3117 1836 3226 1906 γὰρ
3248 1836 3389 1907 ἀρχὴ
3419 1837 3515 1903 τῆς
3549 1853 3756 1904 προσευο

515 1925 697 1979 cordis
726 1922 908 1977 fervor
934 1924 1062 1977 vitia
1094 1923 1448 1987 comburens.
1470 1934 1527 1977 et
1583 1923 1916 1978 hilaritatem
1977 1923 2099 1977 ani-

2209 1924 2311 1994 χῆς
2342 1926 2376 1995 ἡ
2397 1924 2681 1997 ἀληθεινὴ,
2714 1928 2747 1997 ἡ
2776 1927 3049 1997 καρδιακὴ
3081 1927 3258 1999 θέρμη
3291 1931 3460 1991 ἐστὶν,
3511 1931 3543 1998 ἡ
3592 1928 3756 1998 φλογί.

516 2014 880 2070 niaeinl‘erens
928 2016 1248 2069 incunctato
1272 2015 1567 2080 desiderio,
1589 2023 1645 2069 et
1697 2013 1918 2069 indubia
1979 2029 2100 2069 cer-

2211 2015 2381 2091 §ouqa
2428 2018 2498 2070 τὰ
2545 2017 2717 2087 πάθη,
2765 2017 2862 2073 καὶ
2911 2018 3223 2087 ἱλαρότητα,
3257 2018 3291 2088 ἦ
3323 2021 3495 2089 χαρὰν
3525 2023 3590 2090 τῇ
3633 2022 3757 2088 ψυχῇ

517 2106 747 2163 titudine
777 2123 871 2163 cor
896 2106 1254 2162 confirmans.
1274 2106 1408 2161 Nam
1435 2108 1803 2176 quodcunque
1858 2107 2100 2160 animam

2210 2107 2513 2178 ἐμποιοῦσα
2538 2109 2847 2181 ἀδιστάκτῳ
2883 2111 3033 2182 πόθῳ
3038 2153 3055 2180 ,
3085 2113 3179 2165 καὶ
3207 2114 3562 2182 ἁνενδοιάστῳ
3587 2114 3761 2183 πληρο-

516 2198 687 2264 subit.
724 2203 884 2256 aiunt
911 2200 1124 2265 Patres,
1152 2210 1262 2254 tum
1297 2201 1581 2263 sensibile,
1608 2212 1721 2255 tum
1747 2199 2100 2270 iutelligibile,

2211 2201 2377 2272 φορίᾳ
2397 2204 2496 2273 τὴν
2516 2204 2747 2274 καρδίαν
2775 2203 3090 2274 βεϐαιοῦσα.
3126 2206 3239 2260 Πᾶν
3272 2207 3378 2275 γὰρ
3407 2206 3469 2258 τὸ
3496 2208 3759 2276 ἐρχόμενον

514 2297 560 2351 si
595 2310 691 2349 cor
717 2295 784 2348 de
816 2310 882 2348 eo
903 2295 1116 2348 dubitet
1137 2308 1316 2363 neque
1374 2295 1425 2348 id
1484 2294 1741 2362 accipiat,
1791 2310 1897 2348 non
1946 2305 2031 2347 est
2072 2310 2100 2348 a

2210 2295 2289 2356 εἰς
2323 2292 2421 2364 τὴν
2448 2295 2647 2365 ψυχὴν,
2677 2297 2843 2364 φασὶν
2873 2297 2922 2349 οί
2954 2296 3218 2367 Πατέρες,
3248 2295 3352 2350 κᾶν
3379 2294 3650 2368 αἰσθητὸν,
3677 2297 3761 2350 κᾶν

516 2386 646 2451 Deo,
676 2384 771 2440 sed
795 2385 863 2439 ab
898 2384 1213 2438 adversario
1246 2384 1472 2439 missum
1534 2395 1641 2439 est.
1702 2384 1767 2439 Et
1814 2387 1868 2439 si
1920 2386 2100 2439 videas

2210 2383 2414 2453 νοερὸν,
2441 2386 2534 2437 καὶ
2563 2385 2803 2451 διστάζει
2835 2388 2892 2440 ἐν
2915 2386 3089 2456 τούτῳ
3118 2389 3150 2456 ὴ
3184 2387 3398 2456 καρδία,
3431 2389 3509 2457 μὴ
3556 2392 3763 2458 παραδε-

516 2488 753 2532 mcntem
789 2477 936 2531 foras
963 2486 1296 2531 autsursum
1332 2480 1613 2543 abreptam
1671 2475 1855 2544 aliqua
1908 2476 2100 2529 invisi-

2216 2474 2426 2545 χυμένη
2461 2475 2615 2544 αὐτὸ,
2650 2477 2751 2531 οὐκ
2790 2477 2938 2532 ἐστιν
2991 2479 3055 2531 ἐκ
3086 2477 3179 2531 τοῦ
3233 2479 3390 2541 Θεοῦ,
3433 2480 3550 2532 ἀλλ’
3595 2482 3657 2533 ἐκ
3683 2478 3761 2530 τοῦ

515 2567 609 2622 bili
634 2550 923 2637 potestate,
973 2582 1041 2621 ne
1078 2566 1153 2619 illi
1174 2566 1386 2630 credas,
1431 2582 1532 2622 nec
1565 2568 1717 2621 sinas
1747 2583 1868 2621 eam
1900 2566 2100 2636 abripi,

2212 2564 2455 2618 ἐναντίου
2482 2566 2760 2637 ἐπέμφθη.
2791 2567 2908 2623 Κᾶν
2934 2568 3049 2640 ἴδῃς
3078 2569 3166 2622 τὸν
3204 2569 3325 2622 νοῦν
3358 2569 3559 2634 ἔξωθεν
3584 2570 3613 2639 ἢ
3645 2571 3761 2625 am.

519 2662 618 2715 sed
648 2660 831 2715 statim
871 2664 1033 2715 reduc
1056 2660 1270 2715 eamad
1329 2675 1489 2714 suum
1548 2674 1757 2729 opus»:
1815 2656 1950 2725 Quae
2004 2657 2100 2713 Dei

2214 2659 2305 2709 θεν
2329 2659 2621 2729 ἑλκόμενον
2652 2661 2756 2714 ὑπό
2782 2677 2927 2723 τινος
2972 2661 3208 2730 ἀοράτου
3244 2661 3550 2732 δυνάμεως,
3597 2664 3666 2732 μὴ
3695 2682 3765 2715 πι-

520 2764 669 2817 sunt,
707 2753 881 2822 inquit
921 2763 1144 2807 sanctus
1171 2751 1354 2816 Isaac,
1387 2770 1416 2806 a
1454 2752 1650 2822 seipsis
1678 2752 1928 2820 veniunt,
1969 2761 2100 2807 tetu-

2213 2750 2445 2820 στεύσῃς
2473 2751 2647 2822 αὐτῷ,
2683 2752 2819 2822 μηδὲ
2842 2754 2986 2825 ἀφῇς
3009 2753 3171 2807 αὐτὸν
3195 2754 3469 2817 ἕλκεσθαι,
3491 2756 3603 2808 ἀλλ’
3626 2756 3764 2823 ἀγξον

523 2860 655 2915 pore
685 2859 791 2913 quo
816 2844 1023 2899 nescis.
1063 2863 1082 2897 ι
1117 2844 1442 2914 Quanquam
1504 2845 1649 2898 enim
1713 2844 1968 2900 inimicus
2019 2846 2100 2898 in.

2213 2839 2375 2903 εὐθὺς
2401 2842 2571 2895 αὑτὸν
2596 2844 2675 2906 είς
2702 2844 2762 2896 τὸ
2785 2843 2944 2914 ἔργον
2990 2844 3176 2900 αὐτοῦ.
3211 2845 3291 2899 Τὰ
3317 2845 3410 2898 τοῦ
3435 2846 3595 2911 Θεοῦ,
3625 2850 3765 2916 φησιν

523 2937 689 2992 terior
720 2948 772 2991 et
824 2936 1093 2992 naturalis
1158 2936 1492 3004 lumborum,
1547 2937 1905 2992 transformat
1945 2937 2100 3008 spiri-

2210 2934 2240 2983 ὁ
2261 2930 2416 3001 ἅγιος
2456 2935 2664 2999 Ἰσαὰκ,
2689 2936 2785 3005 ἀφ’
2813 2936 3025 2989 ἑαυτῶν
3053 2936 3325 3008 ἔρχονται,
3356 2936 3446 2989 σοῦ
3486 2939 3574 2991 τὸν
3602 2940 3767 3008 καιρὸν

526 3029 711 3093 tualia,
740 3037 900 3097 prout
923 3027 1059 3093 vult,
1095 3026 1470 3097 imaginationi
1503 3028 1607 3081 alia
1641 3043 1740 3099 pro
1781 3029 1905 3083 aliis
1946 3028 2100 3083 exlti-

2220 3024 2294 3093 μὴ
2318 3026 2538 3089 εἰδότος.
2578 3027 2641 3080 Εἰ
2667 3025 2775 3097 γάρ
2803 3030 2897 3081 καὶ
2928 3029 2958 3081 ὁ
2981 3028 3174 3099 ἐχθρὸς
3211 3028 3353 3083 ἔνδον
3379 3032 3407 3082 ὁ
3441 3030 3660 3098 φυσικὸς
3685 3032 3767 3098 τῆς

523 3121 678 3179 beas,
711 3130 762 3171 et
788 3134 887 3188 pro
921 3117 1137 3172 fervore
1172 3119 1393 3187 quidem
1443 3135 1602 3174 suum
1654 3120 1924 3175 infrenem
1967 3135 2100 3176 mce-

2214 3115 2414 3184 ὀσφύος
2456 3119 2932 3188 μετασχηματίζει
2972 3121 3040 3173 τὰ
3097 3121 3463 3188 πνευματικὰ,
3495 3122 3569 3185 ὡς
3598 3120 3764 3191 βούλε-

522 3220 668 3264 stum
705 3223 1021 3278 suggerens,
1054 3217 1113 3262 ut
1142 3219 1398 3278 gravetur
1433 3220 1564 3266 tunc
1581 3212 1762 3264 anima
1795 3212 2100 3281 huiusmodi

2213 3224 2324 3272 ται,
2361 3211 2744 3277 φανταστικῶς
2787 3211 2923 3266 ἄλλα
2977 3213 3093 3266 ἀντ’
3154 3212 3349 3275 ἄλλων,
3408 3215 3507 3266 καὶ
3546 3212 3661 3266 ἀντὶ
3685 3212 3766 3281 μὲν

524 3316 733 3363 errore,
762 3316 860 3370 pro
882 3302 1081 3370 gaudio
1110 3311 1289 3356 autem
1353 3301 1598 3356 Letitiain
1646 3304 2022 3359 irrationalem
2055 3313 2100 3358 el

2217 3299 2446 3368 Θέρμης,
2480 3303 2580 3369 τὴν
2638 3301 2803 3354 αὐτοῦ
2848 3302 3133 3373 ἀνώμαλον
3166 3305 3359 3356 καῦσιν
3405 3306 3658 3371 ἐπάγων,
3705 3302 3766 3364 ὡς

522 3394 857 3463 Voluptatem
884 3393 1148 3448 lubricam
1199 3395 1575 3461 substituens,
1610 3397 1680 3449 ita
1736 3407 1796 3450 ut
1852 3397 2100 3464 superbia

2220 3388 2505 3459 βαρεῖσθαι
2528 3392 2647 3445 τότε
2684 3393 2780 3464 τὴν
2832 3396 3009 3466 ψυχὴν
3041 3397 3100 3446 ἐν
3142 3396 3364 3465 τοιαύτῃ
3419 3397 3632 3466 ἀπάτῃ·
3664 3394 3772 3448 ἀντὶ

522 3503 589 3541 cx
625 3490 706 3540 liis
735 3495 788 3540 et
819 3488 1174 3559 praesunftio
1202 3497 1355 3554 parta
1400 3498 1683 3553 cernatur,
1746 3490 1951 3545 abdere
2001 3492 2100 3544 sei-

2216 3481 2272 3533 δὲ
2304 3483 2647 3554 εὐφροσύνης
2668 3486 2843 3554 χαρὰν
2864 3486 3058 3554 ἄλογον
3102 3490 3195 3540 καὶ
3244 3489 3486 3559 ἡδύτητα
3522 3489 3766 3556 κάθυγρον

523 3595 694 3649 psum
723 3581 1019 3648 inexpertis
1045 3591 1101 3633 et
1153 3582 1528 3650 deceptionem
1589 3598 1745 3637 suam
1795 3597 1894 3650 pro
1924 3585 2100 3651 gratia

2220 3574 2531 3642 προσάγων,
2560 3574 2738 3643 οἴησιν
2790 3579 2856 3630 ἐκ
2886 3577 3116 3642 τούτων,
3146 3581 3239 3631 καὶ
3268 3579 3436 3647 τῦφον
3461 3578 3681 3649 ὁρᾶσθαι
3703 3594 3767 3627 1:-

518 3672 847 3740 operatione
889 3672 1194 3741 ,pcrltibere
1246 3684 1517 3737 conatur;
1572 3687 1814 3730 attamen
1878 3687 2100 3744 tempus,

2221 3665 2500 3733 κτὸμενον,
2535 3665 2824 3721 λανθάνειν
2857 3669 3051 3722 ἐαυτὸν
3099 3673 3210 3732 τοῖς
3262 3669 3533 3739 ἀπείροις,
3588 3670 3677 3723 καὶ
3705 3669 3766 3727 ὡς

516 3762 861 3834 experientia
887 3772 942 3817 et
970 3777 1164 3817 sensus
1178 3779 1301 3816 eum
1335 3764 1594 3833 detegere
1619 3766 1760 3819 solet
1783 3782 1893 3831 non
1927 3781 2100 3821 crasse

2220 3756 2381 3825 χάριν
2410 3757 2729 3828 ἐνεργοῦσιν
2760 3758 2858 3830 τὴν
2914 3761 3079 3815 αὑτοῦ
3132 3762 3338 3833 πλάνην
3371 3763 3622 3831 ἡγεῖσθαι
3664 3759 3766 3829 βιά-

526 3855 906 3923 ignorantibus
936 3855 1055 3925 ejus
1079 3870 1245 3924 opera
1276 3874 1290 3909 :
1320 3875 1342 3907 ι
1392 3838 1795 3921 Gutturenim,
1853 3860 1932 3911 ait
1964 3858 2100 3913 Scri-

2222 3846 2365 3910 ζοετο
2394 3865 2406 3877 ’
2441 3847 2555 3901 ἀλλ’
2595 3850 2686 3903 οῦν
2726 3853 2754 3904 ό
2797 3853 2985 3922 χρόνος
3013 3891 3027 3915 ,
3068 3855 3163 3907 καὶ
3215 3856 3248 3923 ἡ
3289 3857 3475 3922 πεῖρα,
3522 3855 3613 3906 καὶ
3644 3849 3766 3921 hal-

513 3959 682 4015 ptnra
708 3946 757 4012 ‘,
795 3957 954 4017 gustu
985 3963 1138 4003 escas
1163 3949 1451 4018 diiudicat,
1486 3968 1503 4000 ι
1541 3951 1592 4004 id
1628 3961 1734 4014 est,
1769 3960 1960 4022 gustus
2002 3952 2100 4021 spi-

2221 3938 2413 4007 σθησις
2436 3942 2668 4012 φανερὸν
2704 3947 2878 4014 ποιεῖν
2910 3945 3072 3997 αὑτὸν
3104 3946 3333 4012 stipans,
3353 3947 3465 4007 τοῖς
3493 3947 3567 4014 μὴ
3590 3943 3768 4012 στόδρα

515 4036 757 4093 εἱιυειιὶε
791 4039 979 4094 omnia
1004 4050 1277 4110 patenter,
1300 4043 1477 4110 qualia
1504 4042 1651 4108 sint,
1682 4052 1832 4098 certo
1886 4044 2100 4113 detegit

2221 4028 2476 4095 ἀγνοοῦσι
2498 4030 2594 4101 τὴν
2616 4032 2781 4086 αὐτοῦ
2808 4036 3162 4104 πανουργίαν.
3186 4055 3203 4086 ι
3227 4035 3443 4106 Φάρυγξ
3475 4036 3598 4103 γὰρ,
3628 4050 3768 4103 φησν

2222 4121 2256 4190 ἡ
2282 4120 2496 4190 Γραφὴ,
2528 4121 2796 4192 βρώματα
2828 4123 3143 4193 διακρίνει.»
3191 4123 3502 4185 Τουτέστιν,
3540 4125 3573 4190 ὴ
3606 4120 3767 4188 γεῦσις

2196 4215 2617 4283 ,πνευματικῶς
2652 4216 2763 4288 [ἵσ.
2801 4215 3169 4288 πνευματικὴ]
3231 4216 3366 4284 δῆλα
3403 4215 3580 4268 πάντα
3631 4209 3769 4265 ὀποίὰ

2222 4303 2351 4366 εισι,
2388 4297 2659 4359 δείκνυσιν
2687 4309 2967 4371 ἀπλανῶς.

2281 1206 2332 1253 ι’.
2363 1202 2606 1271 Πρόσεχε
2637 1197 2731 1255 οὖν
2756 1201 3023 1271 ἀκριϐῶς,
3051 1202 3185 1256 Θεοῦ
3213 1203 3447 1267 ἐραστὰ,Δ
3466 1204 3521 1254 ἐν
3552 1202 3742 1268 γνώσει.

2218 1290 2387 1343 Ἐπαν
2415 1291 2780 1362 ἐργαζόμενος
2809 1291 2872 1345 τὸ
2899 1292 3083 1362 ἔργον,
3124 1293 3239 1363 ἴδῃς
3272 1293 3406 1360 φῶς,
3435 1294 3468 1360 ἢ
3501 1292 3607 1362 πῦρ
3633 1292 3747 1355 ἔξω-

2205 1378 2298 1432 θεν
2329 1380 2362 1450 ἢ
2396 1380 2618 1447 ἔσωθεν,
2648 1382 2681 1453 ἢ
2709 1383 2893 1452 σχῆμα
2914 1383 3075 1453 δῆθεν
3102 1384 3362 1454 Χριστοῦ,
3392 1384 3423 1453 ἢ
3458 1386 3694 1452 ἀγγέλου,
3721 1386 3747 1453 ἦ

2207 1470 2397 1540 ἑτέρου
2438 1472 2601 1534 τινὸς,
2666 1472 2742 1542 μὴ
2773 1473 3050 1543 παραδέξῃ
3103 1474 3255 1538 αὐτὸ,
3314 1476 3401 1527 ἵνα
3441 1476 3514 1544 μὴ
3573 1474 3751 1544 βλάϐην

2208 1560 2474 1632 ὑποστῇς.
2501 1563 2650 1631 Μηδέ
2676 1563 2741 1616 σὺ
2775 1563 2868 1631 ἀφ’
2922 1561 3116 1616 ἐαυτοῦ
3160 1564 3443 1627 εἰκονικῶς
3476 1566 3751 1633 προσέχων,

2208 1651 2377 1721 ἐάσῃς
2406 1654 2498 1704 τὸν
2527 1653 2653 1706 νοῦν
2675 1654 2947 1707 ἐκτυποῦν
2973 1654 3219 1708 τοιαῦτα.
3252 1656 3436 1709 Πάντα
3469 1659 3575 1725 γὰρ
3603 1655 3752 1707 ταῦτα

1160 4401 1236 4456 De
1258 4402 1498 4459 lectione.

2712 4423 2850 4490 Περὶ
2880 4422 3301 4494 ἀναγνώσεωςγ

588 4514 730 4570 11.‹
781 4515 902 4571 Sint
928 4516 1021 4571 tibi
1086 4521 1363 4585 aperanti,
1418 4521 1494 4574 ait
1546 4522 1778 4588 Clinias,
1839 4523 2100 4579 lectiones

2300 4534 2387 4589 ια’.
2433 4537 2615 4589 Ἔστω
2656 4553 2739 4589 σοι
2777 4536 2986 4606 ἐργάτῃ
3019 4534 3151 4599 δντι,
3207 4534 3371 4602 φησὶν
3399 4534 3427 4586 ὁ
3457 4534 3555 4602 τῆς
3586 4528 3769 4598 Κλίμα-

530 4611 809 4677 practicaz.
836 4608 944 4665 Has
969 4612 1112 4665 enim
1140 4612 1356 4667 facienti
1383 4612 1660 4681 superﬂua
1690 4629 1771 4670 Cal
1794 4617 1899 4669 alia
1922 4617 2100 4672 lectio.

2223 4645 2339 4692 κος,
2373 4629 2443 4682 τὰ
2494 4630 2981 4699 ἀναγινωσκόμενα
3027 4627 3325 4698 πρακτικά.
3372 4624 3585 4678 Τούτων
3626 4622 3765 4691 γὰρὴ

517 4701 662 4771 Lrge
696 4712 876 4756 autem
900 4718 1116 4772 semper
1168 4704 1337 4759 libros
1358 4706 1427 4759 de
1461 4707 1645 4775 quiete
1708 4717 1764 4760 et
1807 4709 2055 4763 oratione
2090 4724 2100 4761 :

2223 4720 2457 4791 ἐργασία
2488 4721 2747 4791 περιττὴν
2785 4722 3022 4772 ποιεῖται
3044 4720 3142 4789 τὴν
3174 4717 3282 4770 τῶν
3323 4717 3524 4769 λοιπῶν
3553 4715 3769 4780 ἀνάγνω-

520 4802 671 4862 puta,
702 4810 867 4863 opera
894 4795 1173 4863 Climacis,
1204 4799 1381 4853 sancti
1432 4799 1610 4867 Isaac,
1648 4802 1824 4855 sancti
1870 4802 2100 4866 Maximi,

2226 4829 2330 4867 σιν.
2381 4812 2682 4881 Ἀνάγνωθι
2713 4812 2769 4865 δὲ
2792 4813 2880 4865 diei.
2910 4812 2978 4865 τὰ
3007 4813 3135 4881 περὶΙ
3172 4810 3401 4881 ἡσυχίας
3435 4810 3528 4860 καὶ
3562 4819 3767 4873 προσεν-

518 4883 957 4977 nov'iTlieoliigi,
1002 4884 1257 4957 discipuli
1317 4889 1435 4958 ejus
1505 4889 1761 4959 Stelliati,
1837 4891 2100 4962 llesycltii,

2226 4906 2355 4977 κῆς·
2390 4899 2501 4957 οἷον
2530 4906 2612 4967 εἷς
2646 4906 2744 4975 τὴν
2792 4904 3074 4973 Κλίμακα,
3134 4903 3219 4964 εἰς
3267 4901 3359 4954 τὸν
3400 4901 3550 4966 ἅγιον
3589 4894 3767 4954 Ἰσαὰκ,

518 4969 792 5028 Pliilotlici
846 4973 1075 5031 Sinaitte
1111 5016 1127 5043 ,
1195 4987 1251 5031 et
1312 4982 1498 5033 talium
1567 4983 1693 5034 talia
1755 4997 2100 5052 quwcunque

2320 4997 2415 5050 τοῦ
2442 4996 2598 5065 ἁγίου
2630 4969 2911 5066 Μαξίμου.
2944 4996 3013 5048 τὰ
3043 4995 3135 5048 τοῦ
3162 4995 3283 5049 νέου
3312 4993 3587 5059 Θεολόγου,
3615 4993 3675 5039 τα
3690 4982 3767 5036 τοῦ

519 5063 748 5135 Reliqua
778 5082 909 5121 vero
944 5070 1304 5136 praetermitto
1325 5073 1391 5125 ad
1420 5084 1655 5142 tempus,
1697 5091 1802 5129 non
1854 5085 2100 5145 tanquam

2228 5063 2498 5161 μαθητοῦ
2523 5089 2689 5143 αὑτοῦ
2742 5063 3036 5159 Στηθάτου,
3069 5089 3136 5140 τὰ
3167 5086 3260 5141 τοῦ
3298 5084 3572 5155 Ἠσιαχίου,
3599 5079 3661 5133 τὰ
3690 5073 3766 5128 τοῦ

518 5158 836 5229 rejiciemla,
872 5161 967 5214 sed
1036 5173 1298 5232 tanquam
1335 5181 1442 5219 non
1476 5167 1843 5223 conducentia
1867 5170 1933 5223 ad
1994 5188 2100 5226 sco-

2223 5184 2479 5236 Φιλοθέου
2512 5182 2609 5235 τοῦ
2633 5183 2901 5243 Σιναῖτου,
2965 5179 3189 5233 καὶτῶν
3218 5177 3469 5231 τοιούτων
3508 5176 3600 5227 ὅσα
3615 5167 3768 5223 τοιαῦ-

521 5264 650 5317 pum
674 5261 910 5305 mentem
960 5252 1015 5305 in
1071 5270 1260 5308 eorum
1315 5256 1665 5328 indagatione
1721 5260 1789 5315 ab
1851 5264 2100 5318 oratione

2224 5292 2314 5329 τα.
2348 5275 2429 5327 Τά
2462 5273 2521 5327 δὲ
2551 5273 2712 5326 λοιπά
2743 5272 2878 5341 ἄφες
2906 5271 3011 5334 ἕως
3039 5269 3252 5342 καιροῦ,
3278 5269 3376 5338 οὐκ(
3395 5267 3467 5329 ὼς
3496 5263 3767 5329 ἀπόϐλητα.

516 5341 803 5395 dimatant.
831 5341 974 5414 Lege
999 5361 1160 5413 porro
1206 5347 1377 5413 solus,
1446 5365 1555 5403 non
1611 5368 1796 5405 vocem
1837 5353 2100 5423 jaCIantia

2227 5365 2341 5417 ἀλλ’
2370 5367 2446 5427 ὡς
2505 5365 2580 5435 μὴ
2635 5363 3017 5435 συμϐάλλοντα
3049 5364 3129 5431 τῷ
3182 5360 3391 5429 σκοπῷ,
3432 5360 3519 5411 τὸν
3556 5353 3671 5409 νοῦν
3702 5351 3768 5408 εἰς

519 5431 739 5499 inﬂatis,
776 5449 879 5490 nec
911 5450 1032 5491 cum
1065 5439 1247 5495 studio
1298 5441 1565 5498 facundiae
1627 5446 1951 5513 procedens,
2006 5468 2100 5504 nec

2231 5457 2471 5528 ἱστορίαν
2529 5458 2710 5511 αὐτῶν
2763 5454 3158 5528 μετακιινοῦντα
3202 5455 3309 5506 ἀπὸ
3335 5452 3436 5519 τῆς
3468 5443 3763 5518 προσευχῆς-

520 5520 722 5591 eloquii
756 5534 1039 5581 venustate
1063 5537 1156 5582 aut
1181 5543 1382 5584 canora
1412 5536 1682 5599 suavitate
1742 5544 1954 5604 captus,
2006 5557 2100 5594 nec

2232 5520 2414 5602 Ἔστω
2435 5565 2529 5602 σου
2560 5549 2618 5601 δὲ
2652 5520 3017 5619 ἡάνάγνωσις
3054 5546 3196 5599 κατά
3232 5547 3418 5615 μόνας,
3450 5542 3523 5611 μὴ
3560 5542 3615 5592 ἐν
3637 5532 3766 5602 φωνῆ

524 5612 720 5669 absens
746 5627 1002 5684 tanquam
1041 5635 1284 5703 praesens
1317 5623 1613 5692 cupiditate
1665 5638 1858 5695 raptus
1910 5630 2100 5700 aliqui.

2218 5642 2438 5709 κόμπου
2474 5640 2841 5705 μεγαλαυχου,
2881 5640 2955 5703 μὴ
2987 5640 3044 5684 ἐν
3098 5632 3300 5700 σπουδῇ
3342 5624 3661 5693 εὐγλωττίας

523 5702 626 5759 bus
650 5707 922 5775 placendi,
957 5725 1059 5765 nec
1089 5702 1213 5767 cum
1247 5714 1560 5784 inexplebili
1631 5719 1919 5784 aviditate.
1978 5726 2100 5794 quia

2220 5702 2446 5804 ρεῦτῶς,
2476 5702 2534 5800 ⁷ἢ
2556 5702 2895 5798 Ὕκαλλιεπεία
2948 5702 3105 5795 λόγου
3143 5726 3175 5796 ἢ
3232 5720 3505 5795 ἐμμελοῦς
3533 5714 3713 5802 notavi:
3742 5707 3768 5775 ἦ

524 5810 686 5851 omne
711 5801 1051 5856 moderatum
1079 5814 1163 5860 est
1188 5807 1477 5877 optimum,
1534 5826 1633 5878 nec
1689 5817 1991 5872 oscitanter
2051 5829 2100 5872 et

2218 5828 2374 5881 ἀπὼν
2408 5824 2483 5887 ὼς
2528 5821 2720 5893 παρὼν
2768 5819 3034 5892 ἐμπαθῶς
3072 5817 3400 5891 συλούμενος
3458 5808 3769 5874 ἀναισθήτως

594 5979 610 6009 ¹
641 5978 758 6037 Job.
800 5999 983 6048 nam,
1012 5986 1067 6039 ’5.
