4020 6470
306 430 442 495 Ῑ3ζ5
934 422 1033 486 DE
1075 415 1569 495 Q‘UIETUDINE
1627 423 1718 483 ET
1763 421 2077 483 DUOBUS
2141 416 2562 479 ORATIONIS
2604 418 2866 480 MODIS.
3412 414 3544 476 13356

301 539 439 609 πρός
465 553 629 589 τινων
670 534 988 606 ἀρέσκειαν,
1040 535 1176 603 μηδὲ
1210 533 1374 587 πάλιν
1428 531 1750 601 ἀπλήστωςσ
1800 530 1880 580 ὅτι
1902 545 1919 591 έ

2023 529 2366 592 arfunctorie,
2399 532 2494 584 sed
2526 529 2784 600 graviter,
2822 528 3102 590 decenter,
3159 527 3331 589 lirme,
3389 526 3548 577 intel-

300 629 408 681 πᾶν
438 627 633 698 μέτρον
660 626 900 695 ἄριστον,
934 622 1068 694 μηδὲ
1098 624 1365 694 τραχέως,
1390 620 1523 693 μηδὲ
1545 618 1768 689 νωθρῶς
1787 620 1881 670 καὶ

2023 632 2226 692 genter,
2257 637 2570 683 numerose,
2603 635 2723 674 cum
2773 618 3071 681 intellectu,
3133 617 3313 670 anima
3347 623 3401 668 ct
3457 629 3551 668 ra-

298 717 704 789 ἠμελημένως,
760 715 898 770 ἀλλά
945 715 1178 785 σεμνῶς,
1243 713 1526 775 ἐπιεικῶς,
1579 709 1877 772 εὐσταθῶς,

2023 728 2141 768 one.
2171 711 2229 766 ln
2263 713 2347 766 his
2374 713 2517 764 enim
2541 712 2889 765 corrobm-ata
2918 724 3095 775 mens,
3144 710 3293 762 vires
3363 708 3549 762 habitu

303 812 561 875 συνετῶς,
592 808 902 883 εὐρύθμως,
922 827 1008 863 νοε
1018 809 1123 877 ρῶς
1139 824 1200 861 τε
1217 809 1310 861 καὶ
1332 804 1600 877 ψυχικῶς,
1626 804 1659 874 ἢ
1683 801 1777 856 καὶ
1795 802 1883 854 λο-

2023 804 2214 873 :quirit
2245 805 2310 857 ad
2340 803 2554 856 fortiter
2612 807 2903 856 orandum.
2963 802 3020 854 In
3080 800 3320 871 praefatis
3367 809 3551 853 autem

302 904 495 971 γικῶς.
531 904 619 956 Ἑν
641 902 852 965 τούτοις
881 903 990 972 γὰρ
1029 901 1214 954 ὲνδυνα
1228 899 1327 969 μού
1337 916 1495 968 μενος
1513 900 1541 950 ὁ
1558 897 1703 961 νοῦς,
1730 896 1882 966 ἰσχὺν

2023 908 2171 946 orum
2223 893 2560 959 contrariis,
2598 891 2923 958 ca‘citatem,
2960 893 3224 947 desidiam
3254 898 3309 944 et
3342 899 3560 958 pertur-

303 969 362 1047 έν
385 992 495 1057 ’έξει
522 990 815 1062 λαμϐάνει,
842 993 922 1054 είς
952 969 1016 1044 τὸ
1040 988 1443 1062 προσεύχεσθαι
1480 985 1776 1058 κραταιῶς.
1796 984 1883 1036 Ἐν

2023 986 2524 1048 Μῖοιιθιηίιιριιιῖΐὶι,
2588 986 2657 1037 ita
2698 996 2758 1039 ut
2810 985 2989 1039 doleat
3014 985 3067 1037 in
3120 969 3555 1037 cerebro‘intel-

302 1084 360 1140 δὲ
378 1086 490 1148 τοῖς
518 1082 938 1153 προειρημένοις
982 1083 1244 1144 ἐναντίοις
1275 1082 1501 1146 τούτων,
1529 1078 1792 1132 σκότωσίν
1827 1094 1885 1129 τε

2023 1090 2178 1148 :ctus,
2205 1088 2259 1134 et
2290 1077 2357 1132 ad
2384 1077 2688 1131 orationem
2724 1077 3064 1131 debilitetur.

306 1168 404 1219 καὶ
452 1168 757 1238 χαύνωσιν,
791 1171 885 1223 καὶ
936 1168 1199 1223 ἔκστασιν
1226 1169 1422 1222 κτᾶται
1448 1184 1460 1197 ·
1514 1166 1657 1220 ὥστε
1685 1168 1875 1235 ἀλγεῖν
1898 1167 1995 1223 καὶ
2029 1169 2092 1224 τὸ
2118 1171 2447 1241 ἡγεμονικὸν
2489 1178 2547 1228 έν
2572 1167 2649 1244 τῷ
2676 1173 2992 1243 ἐγκεφάλῳ,
3020 1173 3112 1224 καὶ
3137 1173 3217 1234 εἰς
3246 1171 3346 1240 τὴν
3379 1186 3548 1239 προσ-

305 1255 469 1326 ευχὴν
497 1260 730 1313 ἀτονεῖν.
2295 1259 2299 1265 ’

374 1361 463 1432 ιβ’.
488 1361 732 1432 Πρόσεχε
784 1355 841 1412 δὲ
875 1375 969 1411 και
1026 1359 1093 1427 τῇ
1142 1356 1399 1427 προθέσει
1455 1350 1576 1405 καθ’
1606 1350 1778 1419 ὥραν,
1822 1348 1879 1400 ὲν

2059 1358 2146 1410 12.
2173 1353 2409 1409 Attende
2437 1351 2601 1405 etiam
2622 1348 2909 1404 intentioni
2929 1361 3255 1415 quocunque
3300 1357 3564 1415 tempore,

304 1452 524 1523 ὁκριϐεῖ
555 1452 812 1522 έρευνᾷν,
844 1450 947 1502 πού
974 1449 1152 1516 ῥέπει,
1187 1449 1234 1499 εί
1265 1445 1408 1498 κατά
1431 1444 1564 1497 Θεὸν
1585 1442 1652 1494 δι’
1681 1441 1810 1492 αὐτὸ
1832 1438 1891 1490 τὸ

2029 1450 2279 1518 iligenter
2313 1451 2570 1499 scrutans
2600 1455 2710 1510 quo
2734 1450 2943 1507 vergat,
2988 1453 3055 1491 an
3119 1438 3294 1505 ipsum
3360 1435 3564 1490 bonum

309 1542 671 1608 καλὸν,ἒνεκα
693 1540 927 1612 ψυχικῆς
961 1538 1228 1605 ὡφελείας
1250 1537 1485 1605 κάθησαι
1517 1530 1827 1603 ἡσυχάζων,
1856 1531 1889 1599 ἢ

2030 1550 2210 1607 ropter
2246 1537 2410 1590 Deum
2444 1533 2634 1597 facias,
2660 1547 2726 1585 an
2761 1540 2980 1600 propter
3041 1533 3236 1581 animae
3283 1526 3565 1580 utilitatem

308 1630 551 1700 ψάλλων,
582 1630 616 1700 ἢ
666 1628 1078 1696 ἀναγινώσκων,
1132 1627 1165 1695 ἢ
1205 1624 1660 1695 προσευχόμενος,
1711 1622 1744 1688 ἣ
1798 1619 1893 1672 τὴν

2023 1631 2182 1686 edeas
2207 1629 2444 1697 quietus,
2474 1625 2555 1678 vel
2585 1623 2845 1692 psallens,
2871 1623 2956 1675 Vel
2990 1621 3197 1688 legens,
3240 1619 3320 1671 vel
3377 1631 3568 1678 orans,

311 1723 525 1779 οἱανοῦν
546 1723 747 1793 ἀρετὴν
772 1720 1164 1792 ἐργαζόμενος,
1208 1720 1298 1772 ἵνα
1332 1717 1407 1787 μὴ
1447 1716 1677 1768 συλᾶσαι
1719 1715 1890 1778 ἀγνὼ·

2023 1723 2079 1776 “el
2109 1720 2413 1789 quamlibet
2436 1730 2703 1773 exercens
2727 1715 3003 1778 virtutem,
3031 1723 3088 1764 ut
3142 1726 3246 1764 non
3298 1706 3572 1775 diripiaris

316 1833 490 1881 στωςο
550 1816 747 1886 μήπως
821 1812 1053 1883 εὑρεθῇς
1122 1810 1202 1881 τῷ
1259 1811 1359 1880 μὲν
1424 1809 1665 1879 σχήματι
1734 1803 1895 1874 ἐργά-

2023 1813 2219 1876 nscius,
2280 1824 2381 1864 nec
2443 1805 2742 1863 invenieris
2790 1803 2969 1873 specie
3038 1802 3256 1872 quidem
3316 1814 3568 1868 cperans,

313 1874 453 1981 της,
514 1874 624 1979 τῶ.
655 1874 950 1977 δερ-τρόπῳ
994 1874 1105 1960 ’καὶ
1157 1874 1226 1975 τῇ
1259 1874 1895 1972 *διανοίαγ-ἀνθρώποις,

2023 1904 2299 1958 nteutione
2329 1914 2460 1953 vero
2492 1907 2548 1953 et
2569 1896 2901 1968 cogitatione
2935 1894 3274 1955 hominibus,
3297 1907 3405 1946 non
3463 1891 3573 1944 Dea

314 2003 410 2057 καὶ
450 2002 513 2055 οὐ
560 1998 678 2070 Θεῷ
732 1998 992 2069 ἀρέσκειν
1044 1996 1385 2067 βουλόμενος.
1453 1992 1631 2046 Πολλά
1679 1989 1789 2059 γὰρ
1833 1987 1901 2041 τά

314 2093 503 2165 ένεδρα
558 2094 653 2146 τοῦ
730 2092 927 2158 δολίου,
984 2092 1082 2144 καὶ
1143 2088 1351 2159 σφόδρα
1417 2085 1664 2158 κρυφίως
1716 2081 1901 2153 βλέπει

316 2187 416 2257 τὴν
464 2184 634 2256 ῥοπὴν
683 2185 784 2253 τῆς
847 2182 1161 2254 προθέσεως
1223 2178 1299 2243 ὡς
1358 2177 1721 2248 ἀγνοούμενος
1789 2176 1900 2235 τοῖς

320 2279 537 2343 πολλοῖς
568 2318 584 2344 ,
613 2277 710 2331 καὶ
737 2278 823 2330 ἀεὶ
858 2275 1104 2345 βούλεται
1125 2274 1293 2344 συλᾷν
1317 2271 1380 2326 τό
1403 2272 1563 2341 ἔργον
1590 2267 1902 2338 ἀγνώστως,

322 2367 413 2425 ἵνα
438 2370 512 2440 μὴ
544 2370 684 2423 κατὰ
722 2369 855 2422 Θεὸν
886 2368 1115 2437 γένηται
1147 2365 1208 2419 τὸ
1238 2365 1544 2435 γινόμενον.
1570 2364 1632 2415 Ei
1660 2361 1773 2431 γὰρ
1811 2360 1906 2413 καὶ

320 2462 619 2523 ἁνενδότως
651 2460 900 2530 πολεμεῖ,
932 2460 1026 2511 καὶ
1066 2456 1301 2519 ἀναιδῶς
1341 2455 1732 2526 προσέρχεται,
1771 2450 1905 2504 ἀλλά

323 2555 390 2607 σὺ
421 2550 644 2622 βεϐαίαν
673 2550 772 2622 τὴν
807 2547 1067 2619 πρόθεσιν
1091 2547 1172 2611 είς
1200 2546 1335 2599 Θεὸν
1381 2545 1543 2614 έχων,
1574 2544 1637 2597 οὐ
1673 2541 1906 2595 συλᾶσαι

323 2641 557 2713 συχνῶς,
584 2640 686 2695 κᾶν
719 2640 988 2702 ἀκουσίως
1025 2637 1324 2710 ῥέμϐεσθαι
1357 2636 1446 2689 ὑπ’
1480 2636 1688 2690 ἐκείνου
1717 2632 1878 2705 βιάζη

248 2766 257 2771 -
324 2753 417 2790 ται
450 2737 484 2806 ἡ
515 2734 656 2807 ῥοπὴ
684 2733 780 2787 τοῦ
806 2732 1128 2803 θελήματος.
1156 2731 1270 2784 Καὶ
1298 2730 1430 2793 ῖσως
1457 2730 1491 2799 ἢ
1524 2728 1620 2782 καὶ
1658 2727 1718 2791 ἐξ
1745 2726 1906 2780 ἀσθε-

328 2827 476 2891 νείας
497 2825 725 2897 ἡττᾶταί
757 2842 840 2888 τις
860 2824 1153 2888 ἀκουσίως,
1177 2821 1291 2877 ἀλλ’
1326 2821 1557 2889 ἑτοίμως
1611 2820 1907 2889 συγχωρεῖ-

328 2936 418 2973 ται
456 2910 559 2971 καῖ’
575 2919 880 2971 ἐπαινεῖται
910 2916 1059 2986 παρά
1089 2913 1182 2968 τοῦ
1229 2913 1329 2977 τὰς
1353 2913 1641 2984 προθέσεις
1689 2911 1911 2973 καὶτὰς

328 3010 556 3081 καρδίας
581 3009 965 3077 γινώσκοντος.
987 3006 1157 3060 Τοῦτο
1173 3007 1234 3060 τὸ
1261 3005 1457 3069 πάθος,
1475 3006 1573 3075 τῆς
1603 3004 1912 3071 κενοδοξίας

325 3101 491 3170 λέγω,
524 3102 626 3154 οὐκ
678 3101 743 3171 ὲᾷ
789 3099 883 3153 τὸν
927 3097 1162 3168 μοναχὸν
1201 3097 1474 3169 προκόψαι
1539 3098 1618 3157 είς
1674 3095 1909 3165 ἀρετήν·

1996 1995 2210 2064 placere
2231 1992 2482 2061 cupiens.
2511 1988 2691 2043 Multae
2715 1996 2841 2042 sunt
2862 1985 3006 2039 enim
3037 1984 3197 2039 calidi
3261 1983 3434 2037 hostis
3489 1983 3574 2034 in-

1996 2072 2241 2150 sidize,et
2266 2079 2661 2145 occultissime,
2723 2085 2784 2131 ut
2844 2075 3041 2129 multos
3083 2075 3275 2139 latens,
3334 2073 3577 2127 intuetur

1996 2167 2555 2231 ﬂexumintentionis,
2611 2175 2667 2220 et
2725 2179 2941 2234 semper
2995 2164 3195 2233 qumrit
3251 2163 3390 2217 clam
3440 2175 3579 2227 opus

1999 2263 2192 2329 furari,
2219 2270 2414 2317 utnon
2477 2268 2702 2329 propter
2756 2256 2927 2310 Deum
2985 2254 3079 2308 ﬁat
3132 2253 3280 2322 quod
3347 2253 3426 2306 ﬁt.
3471 2251 3580 2306 Sed

1998 2355 2246 2426 quamvis
2275 2351 2734 2406 teindesinenter
2772 2348 3051 2415 impugnet
3098 2360 3163 2398 ac
3234 2344 3580 2412 impudenter

2002 2447 2246 2508 invadat,
2270 2455 2323 2497 tu
2359 2453 2540 2495 tamen
2570 2441 2732 2494 lixam
2762 2439 2815 2491 in
2841 2436 3010 2491 Deum
3066 2436 3421 2489 intentionem
3478 2436 3579 2487 ha-

2002 2538 2159 2600 bens,
2184 2549 2251 2589 ne
2283 2535 2602 2601 frequenter
2638 2528 2952 2594 abripiaris,
2980 2525 3194 2580 etiamsi
3242 2526 3407 2578 invita
3455 2538 3583 2578 eva-

2005 2629 2124 2699 gari
2150 2635 2377 2693 cogatur
2408 2624 2478 2678 ab
2513 2624 2606 2676 illo
2642 2620 2921 2674 inclinatio
2980 2616 3297 2671 voluntatis.
3334 2616 3400 2669 Et
3456 2615 3584 2668 licet

2004 2721 2074 2773 ob
2105 2717 2479 2772 inﬁrmitatem
2543 2712 2741 2782 aliquis
2790 2712 3042 2764 vincatur
3093 2709 3337 2771 invitus,
3402 2723 3588 2775 prom-

2008 2823 2151 2879 ptam
2187 2820 2363 2862 tamen
2401 2808 2614 2862 veniam
2653 2815 2713 2860 et
2742 2804 2953 2857 laudem
3001 2802 3199 2869 accipit
3222 2802 3289 2855 ab
3330 2801 3592 2855 intentio-

2010 2920 2134 2956 num
2159 2913 2212 2956 et
2256 2899 2500 2954 cordittm
2573 2884 2901 2953 scrutatore.
2957 2895 3158 2950 Verum
3206 2892 3310 2946 hoc
3375 2893 3587 2957 vitium,

2009 2996 2217 3049 scilicet
2247 3007 2383 3045 vana
2418 2991 2612 3060 gloria,
2645 3005 2751 3042 non
2784 2989 2918 3043 sinit
2982 2988 3309 3040 monachum
3371 2986 3425 3039 in
3477 2986 3591 3039 vir-

2013 3097 2127 3139 tute
2197 3081 2475 3154 progredi,
2543 3080 2638 3134 sed
2693 3078 2907 3133 labores
2957 3078 3124 3139 subit,
3183 3083 3425 3128 etseuex
3475 3076 3593 3127 sine

331 3165 470 3248 ἀλλᾶ
480 3165 614 3255 τοὺς
650 3165 853 3255 κόπους
886 3165 1171 3262 ὑπομένει,
1214 3165 1310 3245 καὶ
1337 3165 1399 3243 ἐν
1420 3190 1570 3260 γήρα
1599 3187 1913 3259 εὑρίσκεται

2023 3176 2195 3231 fructu
2228 3174 2522 3228 invenitur.
2548 3171 2762 3225 Etenim
2796 3170 2969 3224 tribus
3030 3181 3250 3235 semper
3316 3165 3590 3234 subrepit,

330 3285 601 3356 ἄκαρπος.
627 3286 738 3340 Καὶ
757 3285 867 3354 γάρ
892 3286 990 3339 καὶ
1017 3285 1131 3358 τοῖς
1153 3283 1333 3355 τρισὶν
1358 3281 1684 3351 ἐπεμϐαίνει
1705 3280 1794 3332 ἀεὶ⁸
1823 3279 1918 3331 καὶ

331 3375 531 3443 γυμνοῖ
560 3373 759 3436 αὐτοὺς
792 3371 889 3442 τῆς
915 3372 1178 3441 ἐργασίας
1215 3372 1326 3426 τῶν
1387 3369 1623 3442 ἀρετῶν,
1667 3369 1918 3440 ἀρχαρίῳ

331 3465 500 3533 λέγω,
522 3467 617 3518 καὶ
644 3466 818 3535 μέσῳ,
850 3466 945 3517 καὶ
973 3464 1189 3534 τελείῳ.

407 3564 496 3627 ιγ’.
533 3556 706 3610 Τοῦτο
737 3557 792 3608 δὲ
827 3554 1016 3625 μαθὼν
1042 3556 1208 3623 λέγω,
1235 3555 1317 3607 ὅτι
1348 3554 1517 3624 χωρίς
1568 3554 1676 3605 τῶν
1705 3551 1919 3621 ἀρετῶν

331 3650 539 3706 τούτων
613 3648 848 3721 μοναχὸς
898 3648 960 3700 οὖ
1016 3646 1318 3716 προκόπτει
1395 3662 1557 3708 ποτε,
1626 3642 1917 3713 νηστείας,

332 3740 684 3813 ἀγκρατείας,
706 3740 1036 3810 ἀγρυπνίας,
1056 3738 1360 3808 ὑπομονῆς,
1378 3736 1652 3808 ἀνδρείας,
1667 3737 1919 3806 ἡσυχίας,

335 3834 667 3904 προσευχῆς,
700 3833 932 3903 σιωπῆς,
965 3830 1611 3896 πένθους,ταπεινὼσεως
1633 3846 1647 3859 ·
1681 3830 1788 3882 είσὶ
1813 3830 1921 3897 γὰρ

335 3926 653 3996 γεννητικαὶ
680 3924 926 3995 ἀλλήλων
986 3923 1082 3977 καὶ⁹
1134 3922 1483 3991 φυλακτικαί.
1534 3920 1667 3974 Ἀπὸ
1690 3920 1798 3991 γὰρ
1830 3936 1922 3989 νη-

341 4020 523 4083 στείας
546 4017 802 4089 συνεχοῦς
842 4017 1215 4088 μαραινομένη
1250 4015 1594 4087 ἡέπιθυμία,
1621 4014 1797 4067 τίκτει
1817 4014 1921 4083 τὴν

339 4113 700 4182 ἐγκράτειανο
730 4113 765 4181 ἡ
803 4110 1125 4180 ἐγκράτεια,
1160 4111 1259 4178 τὴν
1299 4108 1644 4177 ἀγρυπνίανο
1677 4108 1711 4177 ἠ
1746 4107 1921 4176 ἀγρυ-

340 4204 492 4267 πνία,
518 4204 617 4271 τὴν
650 4202 959 4272 ὑπομονήνο
1003 4202 1037 4271 ή
1087 4201 1356 4271 ὑπομονὴ,
1386 4200 1485 4269 τὴν
1537 4197 1792 4269 ἀνδρείαν
1819 4212 1832 4228 ο
1889 4199 1922 4266 ἡ

339 4296 585 4364 ἀνδρεία,
605 4295 704 4366 τὴν
731 4294 994 4365 ἡσυχίαν·
1042 4294 1075 4364 ἡ
1105 4293 1326 4364 ἡσυχία,
1365 4293 1464 4363 τὴν
1504 4291 1816 4361 προσευχήν
1838 4307 1852 4320 ·
1889 4288 1921 4360 ἡ

342 4389 641 4460 προσευχὴ,
668 4389 767 4459 τὴν
800 4388 1012 4457 σιωπήν
1031 4403 1044 4417 ⁸
1076 4389 1108 4458 ἡ
1134 4387 1335 4458 σιωπὴ,
1360 4387 1419 4439 τὸ
1450 4386 1643 4448 πένθος
1667 4402 1679 4417 ·
1707 4387 1769 4438 τὸ
1797 4387 1925 4437 πέν-

343 4483 456 4545 θος,
481 4482 580 4551 τὴν
608 4481 975 4534 ταπείνωσιν
1006 4481 1041 4551 ἡ
1071 4480 1401 4539 ταπείνωσις
1455 4479 1830 4549 ἀντιστρόφως
1870 4479 1929 4530 τὸ

345 4573 561 4634 πένθος.
590 4573 700 4625 Καὶ
723 4571 960 4642 καθεξῆς
981 4570 1252 4625 ἀνάπαλιν
1286 4571 1342 4623 αἱ
1374 4570 1671 4638 θυγατέρες
1694 4569 1792 4630 τάς
1825 4583 1929 4636 μη-

345 4668 510 4735 τέρας
539 4668 653 4731 πῶς
677 4669 960 4737 γεννῶσιν,
1014 4666 1355 4728 ἀναλυτικῶς
1405 4664 1679 4735 εὑρήσεις.
1713 4662 1930 4731 Ταύτης

345 4758 438 4814 οὖν
459 4760 559 4830 τῆς
598 4758 1206 4831 ἀλληλογενεσιουργίας
1267 4758 1467 4829 μείζων
1498 4761 1555 4811 ἐν
1584 4758 1805 4827 ἀρεταῖς
1830 4756 1932 4809 οὐκ

348 4854 483 4907 ἔστι.
516 4854 598 4906 Τά
619 4852 727 4923 γὰρ
750 4852 970 4904 ἐναντία
994 4852 1217 4916 τούτων,
1248 4853 1381 4904 πᾶσι
1411 4847 1673 4920 πρόδηλα.

429 4946 510 5010 ιδ’⁸
540 4947 630 4998 Δεῖ
678 4945 735 4998 δὲ
768 4945 883 4996 καῖ’
910 4943 1037 5006 τοὺς
1073 4942 1273 5005 κόπους
1322 4944 1418 4994 καὶ
1448 4943 1574 5004 τοὺς
1605 4942 1801 5002 πόνους
1835 4940 1933 5006 τῆς

351 5038 615 5109 ἐργασίας
645 5035 878 5090 ἐνταῦθα
906 5035 1089 5099 τάξαι,
1120 5036 1214 5087 καὶ
1246 5033 1361 5094 πῶς
1390 5035 1471 5085 δεῖ
1504 5031 1780 5103 μετελθεῖν
1809 5032 1937 5085 ἑκά-

353 5146 488 5201 στην
514 5130 795 5200 ἐργασίαν,
828 5128 1014 5196 σαφῶς
1059 5126 1310 5181 ἐκθέσθαι
1332 5144 1347 5159 ·
1386 5126 1473 5179 ἵνα
1507 5127 1579 5196 μὴ
1610 5126 1824 5187 ἀπόνως
1852 5142 1936 5187 τις

352 5225 412 5291 ἐξ
446 5223 615 5293 ἀκοῆς
646 5219 865 5283 ὁδεύων,
900 5220 993 5273 τοῦ
1046 5219 1261 5289 καρποῦ
1320 5219 1629 5289 ἀποτυχὼν,
1689 5219 1856 5287 ἡμᾶς,
1897 5218 1930 5286 ἦ

354 5332 505 5377 τινας
533 5315 868 5384 αἰτιάσηται,
904 5314 979 5375 ὡς
1009 5313 1109 5365 οὐκ
1142 5312 1258 5365 ἐστι
1288 5312 1466 5376 καθὼς
1504 5313 1829 5381 εἰρήκαμεν.
1878 5310 1935 5363 Ὀ

356 5408 466 5475 γὰρ
498 5407 655 5470 πόνος
689 5406 787 5476 τῆς
824 5404 1071 5475 καρδίας,
1108 5403 1203 5457 καὶ
1240 5405 1268 5456 ό
1312 5404 1406 5456 τοῦ
1444 5404 1694 5473 σώματος
1742 5404 1935 5469 κόπος,

354 5498 497 5551 οἶδεν
539 5497 699 5566 ἔργον
724 5498 983 5568 ἀληθείας
1035 5499 1227 5551 ποιεῖν.
1265 5496 1353 5563 Ἐξ
1382 5491 1457 5549 ὧν
1491 5498 1523 5566 ἡ
1557 5498 1804 5564 ἐνέργεια
1843 5498 1933 5550 τοῦ

354 5590 512 5657 ἁγίου
556 5588 874 5658 Πνεύματος
910 5584 1262 5656 φανεροῦται,
1301 5585 1333 5651 ἡ
1368 5581 1457 5633 διὰ
1489 5578 1580 5632 τοῦ
1625 5576 1934 5648 βαπτίσμα-

355 5701 444 5745 τος
474 5680 724 5752 διδομένη
779 5679 883 5742 σοὶ,
936 5679 1027 5730 καὶ
1085 5677 1249 5728 παντὶ
1286 5671 1486 5740 πιστῷ,
1518 5672 1549 5741 ή
1580 5670 1667 5721 διὰ
1701 5670 1801 5738 τῆς
1829 5667 1940 5722 τῶν

357 5773 587 5828 ἐντολῶν
615 5771 873 5840 ἀμελείας
902 5770 1014 5830 τοῖς
1044 5768 1236 5820 πάθεσι
1280 5763 1687 5833 συγχωσθεῖσα,
1718 5759 1814 5812 καὶ
1839 5759 1940 5826 τὴν

362 5867 651 5936 μετάνοιαν
684 5866 843 5929 ἡμῶν
875 5862 1221 5926 ἀναμένοντα
1273 5859 1339 5911 δι’
1374 5858 1581 5922 ἄφατον
1628 5855 1772 5917 ἔλεος
1798 5867 1812 5881 ·
1851 5852 1939 5904 ἵνα

2019 3279 2068 3324 et
2105 3282 2271 3330 opera
2309 3266 2574 3320 virtutum
2599 3262 2855 3330 subripit,
2877 3259 3091 3314 scilicet
3130 3256 3443 3326 incipienti,
3472 3270 3588 3310 me-

2019 3360 2109 3413 dio
2137 3365 2299 3426 atque
2327 3353 2592 3424 perfecto.

2098 3536 2186 3590 15.
2207 3534 2318 3589 Hor.
2342 3534 2507 3586 etiam
2544 3540 2801 3598 expertus
2828 3527 2949 3581 dico
2982 3544 2998 3581 :
3030 3526 3157 3581 Sine
3192 3525 3275 3580 his
3300 3523 3595 3579 virtutibus

2027 3625 2328 3680 monachus
2387 3638 2493 3676 non
2532 3622 2747 3689 prolicit
2800 3634 3062 3687 unquam,
3119 3616 3332 3671 scilicet
3390 3616 3599 3683 absque

2018 3720 2249 3788 jejunio,
2283 3714 2664 3784 temperantia,
2700 3698 3222 3781 vigilia,'paticntia,
3253 3708 3597 3771 fortitudine,

2024 3808 2364 3878 quietudlne,
2415 3807 2684 3870 oratione,
2721 3805 2965 3868 silentio,
3014 3802 3184 3866 luctu,
3245 3801 3597 3854 humilitate:

2025 3916 2089 3956 se
2114 3900 2260 3953 enim
2295 3900 2527 3953 invicem
2590 3903 2962 3965 cougenerant
2991 3906 3047 3949 et
3076 3901 3424 3969 conservant.
3462 3890 3598 3945 Nam

2027 4009 2269 4062 perenne
2290 3992 2559 4062 jejunium
2588 3987 3090 4057 concupiscentiam
3121 3998 3426 4041 extenuans
3460 3984 3604 4052 parit

2032 4081 2445 4149 temperantiam
2493 4081 2903 4145 ;tetnperautia
2952 4064 3215 4143 vigiliam,
3269 4076 3449 4144 vigilia
3513 4090 3609 4140 pa-

2034 4171 2299 4232 tientiam,
2327 4168 2588 4235 patientia
2626 4167 3023 4230 fortitudinem,
3058 4166 3320 4221 fortitudo
3341 4165 3601 4235 quietam,

2031 4263 2187 4331 quies
2209 4261 2533 4326 orationem,
2561 4260 2739 4313 oratio
2753 4260 3054 4322 silentium,
3077 4260 3350 4314 silentium
3376 4263 3603 4317 lucunn,

2037 4356 2211 4409 luetus
2230 4353 2613 4419 humilitatem,
2637 4352 2918 4406 humilitas
2935 4352 3171 4407 vicissim
3191 4353 3416 4406 luctum.
3435 4354 3609 4419 Atque

2038 4447 2292 4513 deinceps
2349 4445 2546 4499 iterum
2602 4444 2727 4499 tiliae
2763 4454 2968 4498 matres
3024 4444 3299 4512 quomodo
3358 4446 3611 4512 gignunt,

1963 4536 2014 4595 D
2041 4554 2138 4606 per
2184 4537 2449 4607 analysim
2486 4536 2742 4604 reperies.
2805 4536 2915 4590 Hac
2964 4536 3126 4603 igitur
3159 4544 3342 4588 mutua
3385 4552 3614 4602 getiera-

2044 4630 2189 4683 tione
2221 4630 2396 4699 major
2427 4630 2479 4681 in
2513 4629 2806 4682 virtutibus
2838 4643 2944 4681 non
2993 4639 3097 4680 est.
3147 4626 3391 4696 Namque
3420 4631 3610 4682 harum

2041 4721 2317 4774 contraria
2352 4728 2479 4775 sunt
2505 4720 2767 4773 omnibus
2812 4714 3118 4772 manifesta.

2024 4953 2027 4959 ·
2116 4931 2200 4985 Μ.
2262 4924 2491 4997 Oportet
2528 4922 2615 4978 hic
2664 4936 2883 4993 quoque
2929 4896 3147 4973 labores
3204 4929 3261 4973 et
3315 4920 3611 4976 industrius

2047 5020 2383 5091 operationis
2449 5016 2677 5078 referre,
2730 5024 2782 5066 et
2838 5013 3112 5081 quomodo
3170 5010 3482 5065 faciendum
3544 5016 3615 5065 sit

2043 5119 2403 5183 quodcunque
2457 5125 2590 5175 opus
2622 5110 2767 5160 clare
2790 5120 3082 5172 exponere,
3116 5111 3173 5155 ut
3199 5118 3304 5155 non
3326 5103 3441 5156 sine
3468 5104 3619 5155 labu-

2043 5220 2105 5258 re
2165 5203 2357 5270 aliquis
2404 5214 2466 5252 ex
2525 5198 2806 5249 auditione
2859 5194 3168 5254 ambulans,
3224 5194 3404 5245 l'ructu
3474 5193 3616 5243 haud

2046 5303 2322 5364 percepto,
2355 5307 2451 5345 nos
2488 5291 2693 5342 aliosve
2738 5297 2978 5345 accuset.
3015 5302 3078 5337 eo
3130 5284 3273 5352 quod
3339 5298 3618 5350 nunquam

2047 5390 2112 5440 de
2148 5389 2250 5440 hoc
2308 5383 2471 5436 locuti
2510 5396 2773 5436 essemus.
2830 5378 2964 5433 Nam
3023 5377 3293 5429 industria
3330 5375 3509 5429 contis
3563 5385 3620 5423 ct

2045 5478 2292 5545 corporis
2327 5477 2479 5528 labor
2530 5474 2710 5526 sciunt
2768 5487 2903 5540 opus
2952 5467 3196 5520 veritatis
3269 5467 3468 5519 facere.
3539 5465 3617 5516 Ex

2048 5570 2246 5637 quibus
2274 5567 2516 5633 operatio
2558 5565 2803 5631 Spiritus
2856 5562 3027 5614 sancti
3060 5556 3462 5617 tiiattilestattir,
3524 5569 3619 5620 ιιι-ι·

2052 5662 2376 5728 baptismum
2431 5658 2526 5710 tibi
2564 5658 2687 5709 data
2732 5664 2785 5706 et
2824 5656 2968 5704 onmi
3034 5649 3200 5710 lideli,
3238 5649 3331 5701 sed
3395 5656 3619 5714 propter

2053 5751 2437 5804 mandatorum
2489 5746 2839 5801 emissionem
2896 5739 3242 5807 passiuuibus
3280 5734 3617 5795 abscondita,

2052 5851 2105 5897 et
2140 5850 2380 5896 nostram
2427 5834 2804 5908 poenitentiam
2854 5840 3179 5900 exspectans
3230 5825 3489 5888 iueﬂabili
3518 5823 3624 5877 mi-
