4020 6462
486 449 640 515 33’27

1744 444 2143 511 ’GREGORII
2188 440 2527 503 SlNAlT.E

3613 378 3775 504 1398,

467 568 802 631 sericordia,
829 573 889 622 ut
920 581 1027 620 non
1064 564 1116 620 in
1151 564 1257 619 fine
1299 563 1508 635 absque
1539 562 1717 621 fructu
1746 564 1949 634 reperti
1980 564 2083 617 hoc

2191 558 2266 629 μὴ
2299 561 2380 623 εἰς
2406 559 2562 623 τέλος
2590 557 2678 613 διὰ
2733 559 2833 630 τὴν
2882 561 3163 631 ἀκαρπίαν
3219 561 3375 631 ἡμῶν
3426 561 3732 634 ἀκούσωμεν·

487 662 819 714 audiamus:
880 677 897 710 ι
935 656 1132 712 Tollite
1184 656 1253 712 ab
1293 670 1360 712 eo
1415 657 1704 722 talentum,
1741 674 1763 709 ι
1800 666 1856 711 et
1881 656 2015 710 illud
2061 670 2076 711 :

492 769 512 803 ι
553 750 705 817 Quod
734 750 946 804 videtur
971 750 1200 814 habere,
1228 747 1511 803 auferetur
1539 747 1608 803 ab
1659 761 1724 804 eo
1758 747 1798 814 ί,
1835 765 1854 799 ι
1895 756 1952 801 et
1986 760 2089 801 nos

488 845 540 898 iu
566 842 832 910 supplicia
878 840 1090 911 ejiciat,
1133 850 1400 897 aeternum
1436 840 1489 894 iu
1521 842 1774 911 gebenna
1835 839 2089 894 crucian-

487 935 605 988 dos.
640 931 836 989 Omnis
855 935 1004 989 enim
1031 933 1284 1004 operatio
1319 931 1626 1003 corporalis
1683 939 1741 986 et.
1789 929 2091 1000 spiritualis

487 1028 606 1084 sine
637 1028 909 1083 industria
952 1035 1009 1082 et
1035 1027 1224 1083 labore
1255 1026 1422 1092 facta,
1466 1025 1689 1081 facienti
1727 1024 1940 1079 nullum
1976 1037 2085 1076 un-

485 1137 650 1191 quam
703 1119 894 1175 afferet
943 1118 1184 1174 fructum
1219 1158 1236 1184 ,
1290 1117 1418 1188 quia
1465 1136 1483 1170 ι
1517 1115 1766 1187 Regnum
1820 1113 2085 1170 ccelorum

488 1214 600 1267 vim
658 1214 888 1281 patitur,
945 1211 1130 1281 inquit
1156 1209 1450 1276 Dominus,
1488 1218 1544 1265 et
1580 1209 1807 1265 violenti
1867 1208 2092 1277 rapiunt

488 1303 622 1358 illud
648 1304 698 1366 ',
741 1321 760 1354 ι
820 1304 929 1356 vim
987 1300 1268 1372 appellans
1326 1299 1657 1355 laboriosam
1723 1298 1972 1367 corporis
2033 1296 2090 1348 in

488 1399 744 1453 erunibus
802 1395 1182 1451 vexationem.
1234 1392 1414 1461 Unde,
1481 1407 1609 1448 cum
1664 1391 1820 1445 multi
1885 1391 2092 1443 multos

493 1491 680 1545 forsan
713 1488 834 1544 sine
884 1488 1071 1542 labore
1103 1500 1280 1541 annos
1315 1486 1566 1557 degerint
1600 1485 1685 1539 vel
1720 1483 1943 1553 degant,
1989 1494 2092 1534 nec

491 1581 762 1637 industrie
794 1580 846 1633 in
886 1579 1097 1633 fervido
1128 1578 1313 1634 cordis
1349 1580 1551 1633 ardore
1599 1576 1823 1632 labores
1855 1574 2087 1637 faciant,

486 1671 657 1727 vacui
693 1687 719 1723 a
746 1668 1016 1723 tnuuditia
1045 1675 1104 1722 et
1138 1666 1383 1736 Spiritus
1418 1665 1601 1721 sancti
1670 1672 1933 1733 expertes
1962 1659 2091 1715 facti

487 1774 647 1828 sunt,
683 1761 891 1831 reiecta
923 1758 1177 1815 laborum
1217 1760 1540 1828 asperitate.
1588 1755 1692 1823 Qui
1724 1756 1872 1809 enim
1909 1753 2091 1822 negli-

494 1865 690 1923 genter
727 1860 783 1907 et
813 1853 1009 1922 ignave
1039 1859 1364 1921 operantur,
1422 1848 1679 1903 videntur
1706 1845 1892 1902 forsan
1957 1843 2095 1898 nuti-

2196 670 2214 701 ι
2249 653 2454 723 Ἄρατε
2490 651 2551 705 τὸ
2575 652 2839 707 τάλαντον
2862 655 2960 707 ἀπ’
2986 652 3178 708 αὐτοῦ*
3221 675 3239 708 ι
3277 656 3368 708 καὶ
3402 655 3461 709 τὸ
3481 697 3498 725 ,
3534 674 3553 708 ι
3585 657 3642 709 Ὃ
3661 658 3734 709 δι-

2186 745 2275 797 κεῖ
2303 743 2448 816 ἔχειν
2508 745 2809 816 ἀρθήσεται
2861 748 2959 802 ἀπ’
2993 748 3189 803 αὐτοῦ·
3215 769 3235 801 ι
3295 750 3393 803 καὶ
3425 752 3503 814 είς
3542 751 3736 805 κόλασιν

2184 836 2490 909 ἀποπέμψῃ
2539 840 2711 910 ἡμᾶς,
2767 840 3004 904 αἱωνίως
3048 842 3108 895 ἐν
3139 842 3331 915 γεέννῃ
3377 841 3734 912 όδυνωμένους.

2184 929 2343 984 Πᾶσα
2370 930 2481 1001 γὰρ
2515 932 2751 1002 ἐργασία
2784 935 3068 1005 σωματικὴ
3092 952 3153 987 τε
3191 933 3285 989 καί⁵
3312 935 3660 1006 πνευματικὴ,
3677 941 3739 1006 μὴ

2185 1021 2387 1095 ἔχουσα
2435 1023 2622 1091 πόνον,
2686 1024 2720 1096 ἢ
2754 1025 2943 1092 κόπον,
3005 1025 3264 1079 οὐδέποτε
3306 1029 3636 1097 καρποφορεί
3677 1046 3739 1095 τί)

2184 1114 2391 1187 ταύτην
2422 1116 2809 1188 μετερχομένῳ
2830 1132 2844 1148 ·
2875 1117 2958 1171 ὅτι
2992 1136 3012 1169 ι
3046 1118 3246 1187 Βιαστή
3279 1118 3425 1171 ἐστιν
3451 1118 3484 1185 ἡ
3520 1117 3740 1187 βασιλεία

2185 1211 2295 1267 τῶν
2324 1211 2593 1283 οὐρανῶν,
2621 1213 2790 1282 φησιν
2811 1210 2840 1263 ὁ
2855 1211 3083 1282 Κύριος,
3104 1210 3221 1275 ,καὶ
3247 1211 3466 1282 βιασταὶ
3490 1212 3740 1282 ἁρπάζου-

2189 1322 2275 1359 σιν
2302 1305 2477 1375 αὐτήν
2497 1321 2512 1336 ·
2542 1323 2562 1357 ι
2600 1304 2726 1375 βίαν
2756 1303 2928 1359 εἰπὼν
2958 1304 3058 1376 τὴν
3116 1302 3211 1357 τοῦ
3248 1303 3499 1374 σώματος
3523 1305 3579 1357 ἐν
3602 1306 3743 1357 πᾶσιν

2189 1398 2447 1452 ἐπίπονον
2479 1397 2756 1468 αἴσθησιν,
2789 1397 2913 1451 ἐπεὶ
2946 1398 2996 1451 οἱ
3048 1398 3237 1450 πολλοὶ
3266 1396 3365 1468 μὲν
3392 1396 3524 1461 ἴσως
3545 1396 3745 1457 πολλοὺς

2190 1492 2473 1554 ἐνιαυτοὺς
2502 1491 2719 1553 ἀπόνως
2743 1491 3091 1561 εἰργάσαντο,
3130 1492 3162 1565 ἢ
3195 1490 3541 1563 ἐργάζονται,
3569 1491 3655 1542 καὶ
3672 1491 3745 1542 δή

2188 1585 2250 1637 τὸ
2290 1585 2366 1656 μὴ
2392 1584 2648 1652 ἐμπόνως
2697 1586 2758 1638 ἐν
2803 1582 3006 1656 ζεούσῃ
3059 1584 3342 1654 προθυμίᾳ
3393 1583 3617 1655 καρδίας
3639 1588 3745 1644 τοὺς

2190 1679 2387 1740 πόνους
2414 1679 2612 1741 ποιεῖν,
2628 1676 2777 1730 κενοὶ
2798 1675 3189 1747 καθαρότητος,
3218 1677 3311 1730 καὶ
3336 1675 3591 1748 ἀμέτοχοι
3609 1674 3748 1729 Πνεύ-

2193 1786 2362 1839 ματος
2415 1770 2577 1837 ἁγίου
2612 1768 2899 1839 γεγόνασι,
2920 1768 2982 1823 τὸ
3017 1769 3185 1840 δριμὺ
3218 1767 3327 1822 τῶν
3353 1767 3537 1821 πόνων
3564 1770 3749 1836 ἀπανη-

2191 1861 2434 1933 νάμενοι.
2463 1864 2528 1918 Ol
2559 1865 2669 1934 γὰρ
2700 1867 2758 1918 ἐν
2801 1863 3035 1936 ἀμελείᾳ
3067 1864 3159 1919 καὶ
3177 1862 3448 1935 χαυνώσει
3474 1861 3748 1934 ἐργαζόμε-

496 1915 611 1997 tum
666 1915 962 2005 laborare;
997 1915 1280 2009 nunquam
1338 1946 1521 1992 tamen
1582 1934 1818 1989 fructum
1850 1943 2091 2004 gustant,

2191 1973 2294 2023 νοι,
2325 1957 2562 2011 κοπιῶσι
2599 1959 2700 2030 μὲν
2733 1959 2884 2025 ἴσως,
2900 1960 2977 2023 ὡς
3006 1957 3247 2024 δοκοῦσι,
3282 1958 3456 2013 πολλά
3476 1973 3491 1989 ο
3524 1956 3749 2010 οὐδέποτε

497 2041 694 2102 utpote
715 2030 1003 2086 industria:
1034 2045 1100 2085 ac
1127 2030 1337 2085 doloris
1363 2030 1586 2098 penitus
1617 2036 1897 2096 expertes.
1932 2023 2090 2090 Quod

498 2128 737 2172 testatur
771 2118 864 2188 qui
909 2119 1088 2173 dicit:
1139 2137 1157 2169 ι
1202 2117 1259 2172 Si
1284 2133 1479 2173 omnes
1505 2118 1803 2188 praeclaras
1832 2128 2094 2187 geramus

498 2210 768 2275 aetiones,
804 2223 907 2263 cor
936 2223 1068 2263 vero
1103 2207 1302 2264 dolens
1341 2225 1449 2263 non
1475 2208 1803 2276 habeamus,
1830 2207 1935 2262 illa:
1959 2225 2092 2279 spu-

501 2302 597 2356 riae
617 2315 682 2354 ac
712 2301 949 2355 rancida:
1008 2301 1167 2358 fiunt.
1198 2301 1337 2377 Item
1378 2302 1678 2373 aliquando
1732 2302 2092 2374 indiligenter

500 2391 868 2460 ambulantes,
924 2408 1038 2462 prae
1094 2394 1284 2449 acedia
1347 2394 1404 2451 in
1437 2395 1829 2454 distractioues
1897 2400 2100 2470 direpti

502 2484 743 2551 inutiles,
797 2485 1250 2553 obteuebramur,
1297 2488 1402 2542 visi
1447 2489 1498 2541 in
1530 2488 1616 2543 his
1648 2492 1894 2559 requiem
1948 2492 2102 2547 iuve-

502 2577 648 2640 nire,
682 2579 827 2646 quod
856 2593 961 2633 non
990 2589 1095 2642 est,
1132 2580 1226 2636 sed
1256 2579 1647 2636 insolubilibus
1681 2580 1873 2637 fasciis
1900 2582 2098 2638 invisi-

502 2669 688 2726 biiiter
714 2671 891 2741 ligati,
954 2672 1267 2727 immobiles
1295 2682 1353 2727 et
1393 2673 1598 2727 inertes
1648 2673 1701 2727 in
1750 2674 1903 2729 omni
1932 2688 2102 2742 opere

505 2763 690 2828 liuius,
716 2762 929 2819 desidia
964 2764 1019 2818 in
1062 2765 1223 2819 nobis
1249 2764 1551 2835 completa,
1580 2764 1885 2834 praesertim
1934 2766 1978 2820 si
2020 2768 2103 2819 in-

502 2856 773 2926 cipientes
802 2856 999 2911 simus.
1065 2853 1339 2911 Perfectis
1367 2857 1513 2910 enim
1546 2857 1734 2910 omnia
1768 2855 1837 2909 ad
1876 2870 2099 2909 mensu-

508 2964 621 3002 ram
653 2948 805 3001 utilia
858 2956 1008 3002 sttnt.
1037 2965 1057 2998 ι
1091 2947 1238 3002 Idem
1295 2956 1526 3000 testatur
1561 2961 1792 3018 magnus
1841 2944 2102 3017 Ephraim

505 3039 694 3094 dicens
734 3056 747 3090 :
791 3056 811 3089 ι
850 3036 1123 3092 Laborem
1189 3036 1378 3091 labora
1422 3036 1729 3105 laboriose,
1766 3048 1826 3092 ut
1879 3038 2110 3107 effugias

505 3127 789 3182 irritorum
813 3126 1063 3180 laborum
1112 3125 1356 3181 labores.
1392 3125 1616 3191 Sinon,
1671 3128 1829 3195 juxta
1865 3129 2103 3199 prophe-

509 3229 617 3273 tam
654 3218 698 3284 ³,
743 3233 903 3273 renes
943 3219 1113 3273 nostri
1142 3218 1403 3273 deficiant
1431 3230 1487 3273 et
1517 3219 1889 3274 dissOIVantur
1910 3221 2102 3290 jejunii

504 3313 717 3376 labore,
750 3323 803 3366 et
852 3310 1071 3365 dolores
1121 3310 1499 3381 concipiamus
1552 3312 1706 3382 quasi
1742 3312 2100 3381 parturientis

503 3409 677 3462 fctum
708 3406 856 3461 lassa
886 3406 1076 3459 cordis
1119 3420 1407 3476 compage,
1459 3398 1567 3459 nun
1599 3406 1938 3475 gcsmbimus
1986 3407 2102 3476 spi-

507 3502 673 3556 ritum
706 3498 904 3553 salutis
938 3499 993 3553 in
1029 3508 1186 3554 utero
1210 3496 1415 3565 cordis,
1447 3500 1594 3554 sicut
1640 3500 1885 3563 audiisti,
1918 3501 2014 3554 sed
2043 3499 2098 3553 in

508 3605 760 3662 tempore
819 3600 1057 3659 tantum,
1124 3600 1179 3646 et
1218 3592 1391 3648 sterili
1444 3591 1689 3657 deserto,
1753 3603 1810 3647 et
1863 3593 2002 3656 otio,
2042 3601 2101 3647 et

500 3685 713 3755 quiete,
758 3694 1012 3754 putantes
1073 3699 1339 3740 nosesse
1375 3685 1603 3755 aliquid,
1657 3685 1978 3754 gloriamur,
2014 3686 2103 3740 die

496 3793 639 3835 vero
660 3778 838 3835 exitus
865 3777 1093 3834 indubie
1135 3776 1385 3859 fructum
1427 3794 1647 3835 omnem
1707 3795 1899 3834 omnes
1929 3797 2097 3848 agno-

493 3885 749 3930 scemus.

557 4172 654 4229 15.
715 4171 893 4228 Nemo
950 4182 1190 4243 putesta
1239 4176 1427 4244 seipse
1466 4176 1736 4232 virtutum
1793 4180 2081 4235 scientiam

489 4263 730 4327 discere,
760 4262 891 4317 licet
925 4264 1097 4334 aliqui
1140 4266 1485 4334 experientia
1524 4279 1784 4337 tanquam
1819 4273 2080 4341 magism

493 4356 577 4410 nsi
621 4355 752 4410 sint.
776 4355 911 4409 Nam
950 4372 978 4407 a
1004 4357 1189 4426 seipso
1234 4358 1356 4413 sine
1385 4360 1817 4429 praecedentium
1852 4365 2085 4421 consilio

488 4460 678 4514 agere,
711 4447 1191 4515 praesumptionem
1231 4447 1398 4504 habet
1426 4462 1522 4504 seu
1556 4452 1738 4521 potius
1772 4468 1977 4524 parere
1996 4470 2086 4510 so-

492 4538 590 4594 let.
625 4537 683 4593 Si
717 4538 865 4593 enim
910 4557 930 4590 ι
971 4538 1142 4594 Filius
1181 4555 1211 4594 a
1250 4555 1312 4596 se
1337 4557 1447 4597 non
1468 4544 1599 4600 facit
1630 4546 1959 4618 quidquam,
1989 4551 2084 4604 sed

2184 2050 2497 2121 δέκιιαρπδν
2550 2052 2796 2121 τρυγῶσι
2849 2052 2936 2106 sta
2964 2050 3025 2104 τὸ
3063 2051 3284 2117 ἄπονον,
3315 2053 3397 2114 είς
3422 2050 3584 2120 βάθος
3608 2047 3747 2104 ἀνάλ-

2194 2162 2349 2215 γητοι
2379 2145 2556 2210 ὄντες.
2587 2147 2697 2199 Καὶ
2729 2146 2945 2217 μάρτυς
2996 2146 3025 2197 ό
3054 2146 3230 2214 λέγων
3250 2161 3263 2176 ·
3317 2144 3436 2198 Κᾶν
3470 2144 3640 2206 πάσας
3667 2146 3748 2203 τὰς

2194 2238 2470 2303 πολιτείας
2526 2238 2687 2309 ἡμῶν
2735 2236 2983 2308 μεγάλας
3037 2236 3271 2309 ἔχωμεν,
3316 2233 3413 2304 τὴν
3462 2232 3521 2287 δέ
3550 2232 3750 2303 καρδίαν

2192 2328 2454 2384 ἐνώδυνον
2481 2330 2543 2384 οὐ
2571 2331 2912 2401 κεκτήμεθα,
2940 2328 3085 2384 νόθοι
3121 2323 3279 2383 αὗται
3332 2327 3424 2380 καὶ
3458 2326 3612 2380 ἕωλοι
3636 2324 3749 2377 καθ-

2192 2422 2516 2491 εστήκασιν.
2555 2421 2713 2483 Ἴσως
2755 2418 2801 2475 δ’
2835 2421 2924 2474 ὅτε
2956 2419 3051 2472 καὶ
3096 2418 3313 2481 ἀπόνως
3343 2416 3635 2479 ὁδεύοντες,
3664 2413 3753 2467 ὑπὸ

2190 2511 2424 2582 ἁκηδίας
2454 2512 2536 2575 είς
2583 2509 3005 2581 περισπασμοὺς
3032 2507 3431 2575 συνωθούμενοι
3462 2506 3587 2569 τοὺς
3635 2507 3755 2558 ἀνω-

2193 2602 2400 2673 φελεῖς,
2429 2603 2818 2674 σκοτιζόμεθα,
2846 2603 3133 2665 δοκοῦντες
3159 2603 3218 2654 ἐν
3241 2590 3656 2662 τούτοιςάνεσιν
3676 2599 3752 2648 εὐ-

2199 2699 2337 2769 ρείν,
2370 2699 2509 2769 ὅπερ
2538 2696 2641 2751 οὐκ
2668 2696 2839 2758 ἔστιν,
2868 2694 3008 2750 ἀλλὰ
3060 2693 3325 2764 κειρείαις
3371 2692 3588 2755 ἀλύτοις
3613 2690 3756 2758 ἀορά-

2189 2809 2299 2854 τως
2326 2790 2710 2862 δεσμούμενοι,
2730 2791 2980 2859 ἀκίνητοι
3004 2789 3103 2841 καὶ
3145 2786 3507 2856 ἀνενέργητοι
3529 2785 3584 2837 ἐν
3612 2782 3756 2835 παντὶ

2190 2879 2340 2954 ἔργῳ
2360 2880 2648 2951 γινόμεθα,
2684 2878 2789 2949 τῆς
2819 2879 3152 2950 χαυνότητος
3203 2879 3261 2930 ἐν
3288 2875 3421 2946 ἡμῖν
3456 2872 3756 2945 πληθυνθεί-

2191 2986 2315 3037 σης,
2350 2960 2447 3024 καὶ
2481 2969 2720 3038 μάλιστα
2745 2968 3037 3040 ἀρχαρίοις
3070 2965 3209 3022 οὖσι.
3243 2967 3368 3030 Τοῖς
3395 2964 3505 3037 γὰρ
3534 2964 3754 3024 τελείοις.

2190 3065 2258 3115 τὰ
2289 3061 2469 3115 πάντα
2502 3062 2559 3113 ἐν
2582 3060 2770 3132 μέτρῳ
2791 3059 3072 3130 ὠφέλιμα.
3111 3057 3283 3113 Τοῦτο
3332 3061 3602 3131 μαρτυρεῖ
3631 3057 3757 3112 καὶὸ

2196 3154 2371 3224 μέγας
2413 3155 2658 3226 Ἐφραὶμ
2680 3154 2876 3223 λέγων’
2903 3154 3073 3208 Πόνον
3100 3153 3252 3207 πόνει
3271 3152 3644 3223 ἐμπόνως,ἱ’να
3663 3152 3754 3203 διπ-

2132 3246 2400 3319 οδρὰσῃς
2428 3247 2540 3301 τῶν
2586 3246 2836 3318 ματαίων
2868 3245 3048 3300 πόνων
3078 3247 3203 3310 τοὺς
3249 3245 3466 3307 πόνους.
3524 3242 3642 3296 Ἐὰν
3675 3242 3756 3311 μὴ.

2192 3337 2338 3393 κατὰ
2369 3337 2461 3392 τὸν
2492 3341 2806 3411 προφήτην,
2840 3338 2875 3408 ἡ
2922 3338 3093 3405 ὀσφὺς
3120 3335 3278 3407 ἡμῶν
3309 3333 3539 3405 ἐκλείπῃ
3560 3331 3661 3386 ἀπὸ
3686 3334 3761 3382 ἐκ·

2190 3431 2404 3494 λύσεως
2446 3430 2525 3500 τῷ
2554 3431 2653 3499 τῆς
2678 3429 2934 3499 νηστείας
2993 3428 3171 3497 κόπῳ,
3206 3426 3303 3480 καὶ
3340 3425 3539 3489 ὠδῖνας
3590 3422 3759 3487 συλλη-

2195 3521 2424 3593 φθῶμεν
2455 3521 2532 3586 ὡς
2557 3521 2852 3591 τικτούσης
2886 3520 3127 3592 ἔμϐρυον
3168 3522 3235 3591 τῇ
3267 3518 3492 3589 ἀλγεινῇ
3519 3517 3613 3586 τῆς
3640 3530 3759 3583 καρ-

2192 3614 2312 3678 δίας
2335 3613 2522 3685 πήξει,
2557 3613 2620 3666 οὐ
2657 3613 2733 3683 μὴ
2761 3612 3061 3683 κυήσωμεν
3091 3608 3628 3681 πνεῦμα-σωτηρίας
3661 3606 3761 3656 ἐπι-

2195 3709 2301 3778 Υῆς
2351 3708 2452 3779 τῆς
2495 3706 2748 3778 καρδίας,
2799 3705 3000 3777 ,ὥσπερ
3059 3705 3320 3776 ἤκουσας,
3369 3701 3489 3758 ἀλλ’
3542 3703 3599 3754 ἐν
3663 3700 3758 3758 τοῖς

2194 3802 2410 3871 χρόνοις
2442 3800 2625 3870 μόνον,
2656 3801 2752 3852 καὶ
2779 3801 2845 3870 τῇ
2881 3799 3126 3867 ἀνονήτῳ
3155 3798 3367 3869 ἐρήμῳ,
3428 3795 3526 3848 καὶ
3556 3795 3621 3863 τῇ
3646 3807 3759 3861 χαυ-

2195 3893 2381 3959 νώσει,
2418 3894 2513 3947 καὶ
2544 3894 2746 3965 ἠσυχίᾳ
2767 3895 3006 3963 οἰόμενοι
3050 3887 3192 3944 εἷναί
3222 3906 3389 3954 τινες,
3424 3885 3754 3958 καυχώμεθα..

2208 3988 2297 4042 Ἐν
2340 3988 2395 4040 δὲ
2428 3987 2507 4058 τῷ
2556 3987 2738 4059 καιρῷ
2780 3988 2878 4059 τῆς
2941 3985 3123 4051 ἐξόδου
3174 3983 3563 4055 ἀναμφιϐόλως
3603 3980 3755 4035 πάντα

2192 4079 2406 4151 καρπὸν
2442 4079 2644 4142 πάντες
2677 4078 3122 4150 ἐπιγνωσόμεθα.

2263 4170 2346 4229 ιε’.
2379 4173 2493 4227 Οὐκ
2518 4172 2635 4227 ἔστι
2663 4173 2720 4226 δὲ
2750 4174 2818 4226 δι’
2850 4171 3045 4227 ἑαυτοῦ
3062 4189 3146 4235 τις
3173 4170 3273 4243 τὴν
3299 4169 3408 4224 τῶν
3437 4167 3642 4240 ἀρετῶν
3664 4168 3759 4218 ἐπι-

2192 4266 2407 4337 στήμην
2445 4265 2664 4336 μαθεῖν,
2702 4269 2750 4319 εί
2776 4268 2869 4320 καί
2902 4283 3048 4330 τινες
3078 4267 3154 4330 ὡς
3180 4263 3487 4334 διδασκάλῳ
3512 4265 3576 4332 τῇ
3613 4260 3757 4327 πείρᾳ

2193 4359 2516 4428 ἐχρήσαντο.
2562 4358 2637 4413 Τὸ
2675 4360 2785 4431 γὰρ
2812 4361 2907 4429 ἀφ’
2941 4360 3160 4426 ἐαυτοῦ,
3192 4359 3287 4413 καὶ
3315 4358 3390 4429 μὴ
3407 4360 3474 4429 τῇ
3501 4351 3754 4425 συμϐουλῇ

2190 4451 2298 4503 τῶν
2323 4452 2748 4523 προωδευκότων
2774 4457 2969 4517 ποιεῖν,
3003 4454 3181 4523 οἴησιν
3208 4453 3321 4524 ἔχει
3341 4493 3357 4519 ,
3386 4451 3585 4523 μᾶλλον
3609 4448 3661 4501 δὲ
3690 4446 3757 4498 τί·

2194 4560 2345 4599 κτειν
2364 4545 2630 4614 πέφυκεν.
2661 4546 2723 4597 Et
2740 4546 2848 4616 γὰρ
2872 4564 2892 4597 ι
2930 4547 2987 4599 Ὀ
3010 4545 3136 4610 Υἱὸς
3164 4546 3260 4614 ἀφ’
3287 4542 3484 4598 ἑαυτοῦ
3510 4542 3647 4594 ποιεί
3678 4537 3755 4590 οὖα

490 4645 852 4700 quaacnmque
904 4633 1245 4689 demonstrat
1301 4636 1353 4690 ei
1410 4634 1594 4703 Pater,
1659 4639 1778 4695 haec
1828 4641 2085 4699 similiter

2194 4638 2303 4705 δέν,
2368 4638 2506 4692 ἀλλά
2562 4638 2748 4702 καθὼς
2806 4640 3047 4706 ἐδίδαξεν
3098 4637 3263 4693 αὑτὸν
3304 4641 3333 4692 ὁ
3371 4636 3580 4707 Πατὴρ,
3632 4632 3754 4685 οὕτω

493 4724 624 4779 facit
666 4727 715 4791 ⁸,
744 4745 760 4778 ι
788 4727 1103 4795 etSpiritus
1135 4747 1155 4781 ι
1185 4742 1290 4784 ιιοιι
1331 4731 1577 4801 loquitur
1608 4748 1641 4788 a
1673 4736 1976 4807 semetipso
1997 4738 2039 4806 ⁵,
2064 4759 2085 4792 ι

493 4819 618 4886 quis
651 4828 736 4874 est
770 4820 858 4873 hic
893 4831 1101 4876 tantum
1130 4823 1360 4892 adeptus
1384 4825 1605 4881 virtutis
1626 4827 1863 4898 apicem,
1894 4839 1953 4883 ιιι
1981 4848 2087 4887 ιιοιι

496 4911 736 4981 indigeat
783 4911 894 4966 alio
948 4913 1186 4983 quodam
1244 4916 1423 4984 ipsum
1481 4919 2087 4979 ducente?amentiam

496 5003 679 5069 patins
711 5018 877 5073 quam
935 5006 1193 5063 virtutem
1221 5008 1429 5064 habere
1456 5011 1701 5076 videtur,
1746 5020 1802 5066 et
1837 5014 2085 5071 aberrat.

498 5094 621 5149 Ideo
652 5095 888 5151 suadere
936 5107 1155 5168 oportet
1201 5101 1504 5157 scientibus
1560 5102 1780 5158 labores
1814 5108 2081 5173 practica:

497 5188 736 5258 virtutis,
773 5199 831 5244 ut
870 5190 984 5246 haec
1014 5202 1290 5263 satagant,
1350 5197 1563 5251 scilicet
1599 5197 1869 5268 jejunium
1907 5198 2085 5255 fame-

500 5279 687 5348 licum,
740 5286 1160 5353 temperantiam
1192 5289 1260 5344 ab
1288 5291 1438 5345 omni
1486 5290 1790 5360 voluptate,
1842 5293 2084 5363 vigiliam

499 5372 796 5437 assiduam,
830 5375 1267 5443 genuﬂexionem
1303 5378 1613 5444 molestam,
1644 5379 1972 5434 laboriosam
2026 5381 2083 5435 in

498 5464 695 5519 stando
730 5466 1198 5535 immobilitatem,
1242 5470 1552 5525 orationem
1588 5471 1956 5539 continuam,,
1982 5472 2088 5526 liu-

502 5553 788 5612 militatem
820 5560 1116 5628 sinceram,
1157 5560 1547 5616 contritionem
1592 5572 1649 5617 et
1687 5563 1948 5633 gemitum
2008 5565 2088 5618 in-

498 5646 870 5718 deticieutem,
900 5654 1180 5709 silentium
1212 5655 1432 5723 sapiens
1462 5664 1518 5710 et
1567 5659 1723 5725 quasi
1752 5658 1867 5713 sale
1896 5661 2090 5715 condi-

505 5748 639 5807 tum,
674 5754 839 5811 atque
883 5745 937 5799 in
983 5747 1240 5802 omnibus
1288 5749 1630 5817 patientiam.
1695 5750 1883 5819 Neque
1941 5756 2087 5808 enim

1552 5878 1571 5905 ²
1608 5874 1798 5929 Mulli].
1848 5892 1920 5941 tu,
1982 5877 2066 5929 1‘2.

2193 4733 2381 4797 ποιεῖ,
2423 4750 2442 4782 ι
2481 4731 2576 4784 καὶ
2606 4731 2666 4784 τὸ
2705 4730 2933 4801 Πνεῦμα
2954 4748 2969 4763 ’
3029 4732 3090 4784 οὐ
3131 4730 3240 4800 γὰρ
3271 4729 3493 4800 λαλήσει
3524 4726 3612 4795 ἀφ’
3642 4726 3754 4777 ἐαυ-

2188 4823 2323 4877 τοῦ·
2366 4824 2459 4887 ,τίς
2510 4826 2660 4876 ἐστιν
2707 4819 2864 4887 οὗτος
2898 4825 2926 4877 ό
2983 4826 3064 4887 εἰς
3114 4822 3368 4876 τοσοῦτον
3399 4820 3600 4892 ἀρετῆς
3641 4816 3754 4884 ὗψπ

2192 4915 2502 4989 ἐληλακὼς,
2533 4916 2609 4979 ὡς
2646 4918 2721 4987 μὴ
2759 4916 3017 4986 δεόμενος
3050 4915 3238 4985 ἐτέρου
3277 4912 3421 4973 τινὸς
3458 4911 3554 4964 τοῦ
3604 4922 3753 4977 μυστ-

2190 5009 2544 5079 αγωγοῠντος
2559 5011 2724 5063 αὐτὸν
2750 5051 2766 5075 ,
2790 5011 3049 5063 ἀπόνοιαν
3090 5009 3289 5080 μᾶλλον
3320 5006 3354 5078 ἢ
3378 5004 3573 5076 ἀρετὴν
3601 4998 3752 5055 δοκῶν

2191 5100 2337 5172 ἔχειν
2361 5103 2677 5173 nuarum;
2728 5101 2809 5155 διὸ
2843 5101 3127 5154 πείθεσθαι
3175 5101 3257 5153 δεῖ
3297 5101 3411 5162 τοῖς
3455 5095 3619 5149 εἰδόσι
3644 5091 3750 5149 τοῦς

2193 5194 2391 5256 πόνους
2438 5193 2539 5264 τῆς
2567 5197 2882 5265 πρακτικῆς
2910 5194 3135 5264 ἀρετῆς,
3193 5193 3287 5245 καὶ
3316 5189 3457 5243 οὓτω
3509 5185 3748 5258 μετέρχε-

2198 5284 2356 5338 σθαι·
2394 5285 2565 5356 ήγουν
2598 5285 2859 5355 νηστείαν
2920 5284 3196 5347 ἕκπεινον,
3230 5280 3555 5351 ἐγκράτειαν
3583 5271 3749 5341 ἀνήδοα

2193 5397 2307 5442 νον,
2341 5379 2656 5451 ἀγρυπνίαν
2711 5377 2995 5448 ἐπίμονον,
3049 5374 3395 5445 γονυκλισίαν
3447 5365 3746 5439 ὲπίμοχθον.

2194 5476 2387 5530 στάσιν
2413 5473 2671 5527 ἐπίπονον
2701 5472 2998 5542 ἀκινήτως,
3030 5466 3342 5541 προσευχὴν
3386 5462 3638 5535 ἔμμονον,
3669 5473 3749 5506 τσ-

2198 5566 2462 5622 πείνωσιν
2505 5564 2795 5619 ἀνόθευτον
2815 5603 2831 5627 ,
2897 5557 3268 5632 συντριμμδν,
3327 5557 3420 5612 καὶ
3468 5544 3753 5613 στεναγμδν

2211 5656 2511 5715 ἄπαυστον,
2560 5654 2773 5722 σιωπὴν
2821 5649 3062 5718 ἐθλογον,
3098 5649 3193 5703 καὶ
3226 5647 3302 5710 ὡς
3325 5647 3382 5698 ἐν
3418 5642 3577 5697 ἅλατι
3604 5641 3758 5708 ἥρω’

2212 5755 2399 5815 μένην.
2434 5744 2528 5800 καὶ
2545 5744 2602 5798 ἐν
2634 5746 2800 5797 πᾶσιν
2830 5743 3133 5812 ὑπομονήν.
3165 5740 3239 5793 Ού
3269 5737 3378 5808 γὰρ
3410 5734 3517 5807 χρὴ
3547 5730 3756 5785 πάντοτε

3566 5867 3587 5898 ⁸
3612 5862 3745 5918 Joan.

2205 5870 2497 5930 "Naltnm.
2555 5886 2617 5935 ιι,
2673 5868 2758 5925 i0.
2868 5868 3074 5925 ‘Joan.
3120 5885 3173 5936 v,
3226 5869 3312 5936 l9,
3343 5866 3445 5922 20.,
