4020 6490
566 482 699 544 1331
1256 502 1261 505 ·
1798 470 2181 533 διιΕϐΟιιιι
2260 459 2597 528 ΞΙΝΛΙΤΕ
3646 450 3756 512 1θέτὲ

568 611 671 667 que
696 595 859 649 modo
887 607 1048 647 orare
1078 599 1314 660 oponet,
1349 603 1445 641 ore
1477 601 1539 640 ac
1572 595 1774 639 mente.
1809 584 2150 653 Caeteroqniu

2188 594 2227 646 Α
2258 583 2438 648 λέγειν
2498 580 2764 651 ακηδιῶν,
2815 577 2943 630 ποτε
2987 577 3044 631 δὲ
3073 575 3134 629 τὸ
3187 572 3381 641 στόμα.
3439 573 3533 627 Διά
3563 572 3695 627 τοῦτο
3731 579 3775 628 ἐν

569 666 864 757 tranquille
895 697 950 739 et
978 678 1380 751 imperturbata
1402 676 1751 735 clamandum
1788 687 1893 741 est,
1923 691 1993 731 ne
2018 692 2142 730 sen-

2260 675 2592 744 ἀμφοτέροις
2627 672 2706 725 δεῖ
2735 668 3154 741 προσεύχεσθαι,
3187 668 3281 720 καὶ
3309 666 3549 737 στόματι,
3582 668 3662 720 καὶ
3696 670 3773 721 νοῒ.

569 798 689 836 sum
714 756 1187 843 attentionemque
1220 774 1418 827 mentis
1439 786 1542 825 vox
1569 771 1752 827 turbet
1776 785 1840 825 ac
1862 768 2140 838 impediat,

2265 764 2411 835 Πλὴν
2441 763 2662 833 ἡσύχως
2691 765 2784 815 καὶ
2810 759 3100 831 ἀταράχως
3128 758 3209 811 δεῖ
3235 756 3479 829 κράζειν,
3509 759 3587 811 ἵνα
3615 757 3679 828 μὴ
3701 758 3777 828 τὴν

568 875 743 929 donec
776 887 928 925 tuens
958 868 1108 937 operi
1146 875 1365 920 assueta
1396 865 1645 933 proﬁciat
1678 873 1731 917 et
1760 864 1903 916 vires
1931 877 1960 916 a
1985 861 2146 928 spiri-

2263 855 2536 925 αίσθησιν,
2560 856 2654 905 καὶ
2672 852 2771 922 τὴν
2791 850 3060 921 προσοχὴν
3088 848 3183 902 τοῦ
3210 848 3355 918 νοῦή
3391 846 3536 916 φωνὴ
3568 847 3781 916 συγχέου-

569 977 622 1018 ῑιι
666 964 900 1031 accipiat
957 936 1023 1013 ad
1054 960 1265 1027 integre
1295 964 1350 1010 ct
1404 955 1580 1007 valide
1641 955 1929 1008 orandum:
1989 950 2146 1004 Tunc

2266 962 2357 1011 σα,
2381 941 2728 1014 ἐμποδίζοιτο
2747 955 2760 969 θ
2793 940 2986 1009 μέχρις
3020 938 3085 992 ἂν
3110 941 3138 991 ὁ
3162 936 3308 1001 νοῦς,
3333 936 3515 999 ἐθίσας
3542 938 3595 989 ὲν
3621 937 3687 1005 τῷ
3709 936 3781 1006 Ep-

562 1058 710 1112 buim
748 1069 853 1109 non
887 1053 1093 1120 indiget
1118 1051 1233 1104 oris
1270 1048 1510 1117 loquela,
1545 1048 1654 1099 imo
1694 1052 2028 1113 neapotcst,
2060 1055 2148 1095 so-

2265 1054 2370 1107 γῳ,
2397 1034 2686 1106 προκόψοι,
2708 1031 2805 1085 καὶ
2847 1029 3078 1100 δύναμιν
3097 1028 3251 1083 λάϐοι
3291 1026 3444 1099 παρὰ
3460 1027 3550 1081 τοῦ
3578 1027 3782 1096 Πνεύμα-

458 1204 471 1223 κ
568 1150 619 1204 lo
646 1147 927 1204 intellectu
970 1143 1107 1198 satis
1134 1153 1424 1210 occupata,
1455 1149 1624 1192 totum
1662 1138 1840 1192 facere
1879 1147 2037 1201 opus.

2267 1146 2381 1192 τος,
2418 1129 2498 1189 είς
2524 1126 2584 1180 τὸ
2600 1125 2804 1192 ὑλικῶς
2844 1126 2944 1181 καὶ
2970 1124 3244 1196 κραταιῶς
3271 1121 3540 1193 εὔχεσθαι.
3574 1120 3689 1174 Τότε
3704 1121 3781 1188 γὰρ

564 1243 624 1291 οὐ
653 1242 847 1312 χρῄζει
878 1240 1063 1294 λαλεῖν
1092 1239 1181 1293 διὰ
1212 1241 1506 1310 στόματος,
1534 1239 1655 1292 οὐδὲ
1688 1240 1796 1311 γὰρ
1823 1237 2071 1299 δύναται,
2109 1228 2451 1308 ἀρκούμενος
2477 1224 2641 1295 μόνον
2669 1223 2750 1294 τῷ
2778 1222 2864 1291 νοτ
2886 1223 3182 1293 ὁλόκληρον
3228 1219 3498 1274 ποιεῖσθαι
3524 1217 3615 1290 τὴν
3645 1217 3775 1288 ἔργα·

566 1339 709 1391 σίαν.

786 1417 1060 1485 Quomodo
1108 1428 1346 1488 oporteat
1396 1426 1626 1472 mentem
1678 1417 1939 1470 cohibere.

2461 1425 2599 1494 Περὶ
2640 1424 2748 1480 τοῦ
2775 1424 2902 1490 πῶς
2920 1424 3015 1478 δεῖ
3038 1427 3277 1493 κρατεῖν
3307 1429 3411 1481 τὸν
3437 1428 3600 1487 νοῦν.

642 1535 794 1589 Scito
825 1535 1099 1589 neminem
1129 1549 1158 1588 a
1194 1533 1489 1602 semetipso
1541 1545 1703 1602 posse
1749 1531 1968 1584 frenare
1996 1543 2151 1583 inen-

2329 1538 2515 1599 Σύνες,
2539 1538 2619 1589 ὅτι
2657 1536 2829 1598 οὐδεὶς
2853 1535 3079 1589 δύναται
3105 1535 3198 1601 ἀφ’
3226 1537 3417 1588 ἐαυτοῦ
3445 1538 3691 1607 κρατῆσαι
3710 1540 3778 1591 τὸν

572 1640 710 1695 teut,
753 1627 855 1682 nisi
888 1629 1005 1697 ipse
1028 1627 1321 1683 frenetura
1350 1626 1545 1695 spiritu
1578 1626 1829 1680 :infrcna
1872 1624 2015 1677 enim
2042 1633 2149 1686 est,

2257 1630 2401 1692 νοῦν,
2434 1631 2484 1682 εἰ
2516 1628 2591 1700 μὴ
2621 1628 2867 1699 κρατηθῇ
2897 1611 3047 1701 παρὰ
3072 1629 3165 1680 τοῦ
3205 1626 3517 1696 Πνεύματος
3537 1647 3549 1660 ο
3577 1632 3780 1700 ἀκράτη-

569 1737 675 1775 non
732 1730 925 1776 natura
980 1730 1164 1788 utpote
1217 1734 1433 1788 semper
1489 1716 1750 1780 mobilis;,
1794 1716 1890 1770 sed
1927 1714 2049 1783 quia
2082 1715 2152 1767 ob

2258 1741 2350 1786 τος
2374 1725 2481 1792 γάρ
2531 1723 2699 1783 ἐστιν,
2744 1720 2805 1772 οὐ
2837 1719 2981 1773 κατὰ
3033 1719 3195 1788 φύσιν
3224 1720 3297 1780 ὡς
3347 1722 3659 1792 ἀεικίνητος,
3693 1724 3780 1775 ἀλλ’

572 1814 843 1868 incuriam
874 1811 1158 1883 agitationi
1188 1821 1469 1875 consueta,
1498 1811 1565 1865 ab
1587 1809 1740 1863 initio
1770 1810 1923 1861 t‘reno
1953 1807 2154 1860 desue-

2259 1818 2367 1870 ἀπὸ
2394 1817 2491 1885 τῆς
2516 1814 2776 1884 ἀμελείας
2820 1814 2916 1883 τὴν
2944 1813 3246 1883 περιφορὰν
3274 1815 3786 1886 οίκειωσάμενος,ἁρ-

569 1909 666 1960 vit.
701 1905 912 1976 Quippe
944 1904 1320 1959 mandatorum
1352 1900 1750 1969 regeneratoris
1777 1901 1947 1954 nostri
1979 1909 2155 1952 trans-

2198 1953 2232 2006 Β
2258 1916 2428 1991 χῆθεν
2453 1917 2529 1977 είς
2558 1912 2715 1967 τοῦτο
2737 1913 2941 1975 ἐθίσας.
2966 1913 3063 1963 Διά
3088 1912 3197 1979 γὰρ
3226 1911 3326 1979 τῆς
3357 1908 3465 1961 τῶν
3492 1908 3702 1962 ἐντολῶν
3714 1907 3785 1957 τοῦ

562 1998 865 2066 gressioue,
926 2012 956 2050 a
1005 1996 1119 2060 Deo
1204 1995 1444 2065 separati
1499 2008 1714 2054 sumus,
1772 2006 1935 2045 sensu
1991 1990 2149 2043 intel-

2204 1988 2232 2006 υ
2260 1988 2726 2075 ἀναγεννήσαντος
2752 2006 2900 2073 ἡμᾶς
2934 2002 3321 2073 παραὸἀσεως,
3364 2003 3427 2052 ἐκ
3471 1997 3603 2051 Θεοῦ
3632 1998 3791 2068 ἐχωρί-

568 2088 867 2144 lectualem
936 2089 1054 2158 ejus
1104 2084 1325 2147 sensum
1380 2097 1436 2139 et
1499 2086 1758 2138 unionem
1793 2082 1970 2137 exuti.
2028 2081 2155 2135 lude

2241 2075 2365 2156 ’σθη
2375 2103 2495 2156 μεν,
2514 2087 2612 2160 τὴν
2639 2090 2698 2144 ἐν
2712 2091 2961 2161 αἰσθήσει
2984 2094 3177 2164 γοερὰν
3190 2092 3353 2147 αὐτοῦ
3367 2090 3616 2165 αἴσθησιν
3633 2113 3686 2149 τε
3718 2094 3793 2149 καὶ

568 2184 714 2238 enim
737 2183 958 2251 delapsa
993 2198 1169 2247 meus,
1203 2191 1258 2236 et
1288 2200 1315 2233 a
1354 2180 1465 2233 Deo
1491 2188 1765 2249 separata,
1832 2192 2155 2245 quocunque

2261 2179 2457 2232 ἕνωσιν
2518 2180 2909 2247 ἀπολέσαντες.
2980 2183 3222 2238 Ἐκεῖθεν
3270 2185 3377 2254 γὰρ
3417 2186 3793 2256 ἐξολισθήσαςᾶ

567 2279 747 2348 agitur
776 2288 835 2330 ut
875 2277 1108 2346 captiva,
1168 2291 1271 2329 nec
1305 2285 1488 2343 poteSt
1525 2271 1685 2327 aliter
1736 2272 1954 2335 sistere,
1989 2284 2154 2338 quam

2263 2272 2408 2336 νοῦς,
2444 2275 2538 2326 καὶ
2560 2273 2653 2326 τοῦ
2678 2275 2815 2328 Θεοῦ
2863 2277 3176 2346 χωρισθεὶς,
3211 2276 3488 2347 πανταχοῦ
3535 2279 3713 2346 ἄγεται
3734 2276 3791 2339 ὡς

568 2370 615 2423 si
649 2368 760 2422 Deo
787 2367 1028 2429 obediat,
1085 2374 1140 2420 et
1203 2374 1310 2419 stet
1360 2363 1503 2432 apud
1535 2378 1683 2426 eum,
1729 2362 1889 2429 eique
1940 2363 2155 2416 uuiatur

2261 2364 2606 2433 αἰχμάλωτος
2625 2382 2641 2398 ο
2669 2370 2764 2421 καὶ
2795 2368 2859 2421 οὐ
2889 2368 3113 2423 δυνατὸν
3159 2353 3333 2433 ἄλλως
3369 2369 3635 2435 ἵστασθαι,
3663 2370 3708 2423 εἰ
3735 2368 3792 2437 μὴ

566 2477 688 2516 cum
721 2460 932 2521 laetitia,
979 2467 1036 2514 et.
1076 2469 1330 2526 precetur
1361 2473 1488 2510 eum
1524 2455 1746 2509 assidue
1781 2469 1846 2507 ac
1897 2467 2153 2522 perseve-

2260 2452 2379 2521 Θεῷ
2396 2452 2669 2525 ὑποταγῇ,
2715 2456 2809 2511 καὶ
2840 2454 2941 2528 στῇ
2977 2457 3109 2530 παρ’
3135 2459 3325 2528 αὑτοῦ,
3358 2459 3454 2525 καὶ¹
3481 2459 3626 2532 αὑτῷ
3651 2459 3792 2529 mea

566 2563 775 2618 ranter,
801 2565 858 2607 et
879 2554 927 2606 ei
957 2550 1267 2605 tnentaliter
1296 2550 1627 2603 confiteatur
1652 2547 1899 2617 quotidie
1932 2548 2148 2614 qumvis

2263 2546 2383 2615 μετ’
2405 2538 2767 2618 εὐφροσύνης,
2791 2550 2887 2601 καὶ
2917 2549 3102 2619 δέηται
3127 2550 3294 2605 αὐτοῦ
3327 2552 3566 2622 συνεχῶς
3591 2552 3676 2605 καὶ
3704 2552 3797 2602 ἐπι-

565 2658 790 2718 peccata
835 2646 968 2717 :qui
1023 2644 1204 2701 omnia
1257 2644 1437 2696 statim
1494 2641 1727 2712 iguoacit
1785 2640 1869 2693 liis
1896 2640 1989 2707 qui
2031 2652 2152 2692 cum

2263 2640 2332 2709 μό
2343 2656 2461 2705 νως,
2485 2641 2579 2693 καὶ
2610 2640 2787 2711 τούτῳ
2810 2640 3202 2712 ἐξομολογῆται
3228 2643 3350 2697 καθ’
3376 2644 3612 2712 ἑκάστην
3634 2642 3797 2710 νοερῶς

569 2739 884 2793 humilitate
950 2751 1014 2791 ac
1079 2735 1416 2790 contritione
1471 2744 1687 2805 petunt,
1725 2746 1889 2803 atque
1939 2718 2156 2801 semper

2259 2733 2361 2793 ὅσα
2384 2732 2671 2802 πταίομεν,
2701 2733 2762 2796 ὃς
2791 2737 2884 2786 καὶ
2928 2737 3202 2805 συγχωρεῖ
3246 2735 3425 2790 πάντα
3459 2736 3677 2802 εὐθέως,
3705 2736 3801 2796 τοῖς

573 2841 827 2884 sanctum
884 2829 1057 2899 ipsius
1110 2843 1307 2881 nomen
1373 2828 1627 2882 invocant
1663 2844 1677 2881 :
1717 2847 1735 2878 ι
1791 2826 2157 2890 Conlitemiui,

2259 2825 2319 2875 ἐν
2346 2823 2676 2878 ταπεινώσει
2725 2826 2819 2890 καὶ
2855 2826 2912 2877 ἐν
2943 2825 3204 2898 συντριϐῇ
3236 2827 3471 2895 αἰτοῦσι,
3531 2828 3624 2882 καὶ
3658 2827 3733 2881 ἀεὶ
3754 2826 3800 2877 sb

566 2922 765 2993 inquit,
791 2920 1044 2987 Domino,
1059 2932 1111 2974 et
1138 2921 1387 2976 iuvocate
1411 2937 1606 2975 nomen
1631 2932 1885 2974 sanctum
1916 2919 2037 2989 ejus
2070 2920 2111 2973 ¹.
2133 2937 2151 2969 ι

2258 2917 2430 2987 ὄνομα
2461 2919 2521 2972 τὸ
2555 2919 2712 2986 ᾇγιον
2745 2916 2909 2971 αὐτοῦ
2966 2918 3435 2990 ἐπικαλουμένοις.
3478 2938 3498 2972 ι
3550 2918 3801 2989 Ἐξομολω

567 3015 731 3083 Atqui
774 3012 1191 3079 respirationem
1254 3013 1580 3066 retraltemlo
1611 3023 1663 3065 et
1688 3028 1750 3066 os
1779 3011 2151 3081 comprimen-

2260 3008 2443 3076 γεῖσθε
2474 3012 2602 3083 γὰρ,
2660 3013 2814 3079 φησι,
2868 3011 3184 3081 τῴΚυρίῳ,
3245 3014 3339 3065 καὶ
3396 3008 3802 3067 ἐπικαλεῖσθετὺ

567 3108 638 3160 do
669 3106 962 3160 cohibetur
991 3119 1167 3168 mens,
1202 3103 1297 3158 sed
1336 3103 1532 3172 partim
1567 3115 1622 3156 et
1689 3105 1884 3158 iterum
1918 3105 2151 3173 dissipa-

2258 3101 2429 3171 ὄνομα
2461 3103 2521 3155 τὸ
2557 3102 2709 3170 ἅγιον
2745 3104 2930 3157 αὐτοῦ.
2962 3124 2979 3155 ι
3024 3106 3186 3175 Καὶή
3223 3106 3471 3177 ἀναπνοὴ
3515 3107 3571 3160 δὲ
3593 3105 3681 3159 τοῦ
3698 3105 3805 3158 ἀναε

569 3206 678 3249 tur.
707 3194 843 3250 Cum
880 3206 1060 3248 autem
1097 3195 1319 3248 advenit
1350 3197 1598 3261 operatio
1663 3196 1957 3260 orationis,
2021 3203 2151 3248 tunc

2271 3194 2529 3264 σπασμοῦ
2557 3197 2616 3248 ἐν
2638 3194 2716 3265 τῷ
2737 3197 3059 3265 συσφίγγειν
3081 3196 3142 3249 τὸ
3166 3199 3336 3268 στόμα
3357 3201 3554 3268 κρατεί
3576 3198 3658 3250 τὸν
3685 3195 3803 3257 νοῦν,

565 3305 699 3346 vere
740 3292 853 3343 haec
886 3288 1032 3340 illam
1087 3288 1289 3342 retinet
1352 3288 1403 3340 in
1456 3289 1657 3356 scipsa,
1709 3300 1762 3341 et
1810 3286 2067 3351 laetificat,
2102 3295 2152 3341 et

2219 3284 2396 3360 ςάλλά
2456 3287 2719 3356 μερικῶς,
2755 3289 2850 3341 καὶ
2891 3289 3052 3343 πάλιν
3103 3292 3538 3355 διασκεδάζεται.
3574 3293 3693 3345 Ὅτε
3732 3284 3806 3342 οὖν

565 3385 882 3454 captivitate
912 3382 1127 3437 eximit.
1165 3380 1475 3450 Aliquando
1512 3390 1695 3435 tamen
1744 3390 1924 3434 mente
1954 3388 2146 3433 orante

2259 3381 2391 3452 ἔλθῃ
2415 3384 2447 3449 ή
2487 3383 2741 3452 ἐνέργεια
2794 3382 2893 3451 τῆς
2920 3383 3247 3452 προσευχῆς,
3284 3384 3405 3437 τότε
3438 3384 3643 3454 κυρίως
3694 3378 3805 3446 αὐτὴ

563 3490 621 3534 et
661 3478 713 3530 in
753 3477 918 3529 corde
953 3475 1218 3537 cohibita,
1253 3475 1513 3544 cogitatio
1570 3486 1857 3543 evagatur,
1889 3473 1982 3527 sed
2041 3488 2150 3527 me-

2260 3474 2456 3541 κρατεί
2508 3472 2673 3525 αὑτὸν
2706 3472 2837 3542 παρ’
2893 3475 3082 3544 ἑαυτῇ,
3140 3475 3235 3527 καὶ
3273 3475 3592 3546 εὐφραίνει,
3622 3473 3707 3528 καὶ
3730 3472 3806 3539 τῆς

566 3572 771 3623 ditatis.
818 3565 884 3620 Et
908 3566 1025 3621 haec
1058 3564 1261 3620 nemini
1319 3566 1626 3634 subjicitur,
1668 3564 1772 3619 nisi
1804 3562 2065 3634 perfectis
2097 3564 2149 3617 in

2260 3562 2637 3633 αἰχμαλωσίας
2693 3564 2971 3635 ἀπείργει.
3025 3548 3174 3634 Πλὴν
3225 3564 3370 3619 ἔστιν
3432 3567 3526 3620 ὅτε
3573 3564 3664 3619 τοῦ
3712 3564 3807 3624 νοὸς

568 3661 777 3731 Spiritu
836 3668 1024 3713 sancto
1050 3668 1106 3712 et
1160 3658 1571 3714 aberrationum
1629 3659 1973 3719 vacationem
2009 3657 2141 3710 ade-

2260 3658 2720 3726 προσευχομένου,
2755 3659 2850 3713 καὶ
2879 3660 2939 3712 ἐν
2961 3658 3161 3730 καρδία
3194 3660 3508 3727 ἱσταμένου,
3541 3660 3688 3729 καὶὴ
3717 3655 3809 3710 διὰ-

567 3754 676 3825 ptis
704 3752 754 3806 in
782 3750 1004 3806 Christo
1038 3747 1191 3818 Jesu.

2260 3765 2377 3800 νοια
2405 3748 2693 3819 ῥέμϐεται,
2728 3750 2864 3805 ἄλλα
2894 3750 3195 3821 μελετῶσα.
3238 3750 3385 3821 Αὕτη
3414 3751 3474 3804 δὲ
3509 3752 3677 3806 οὐδενὶ
3701 3750 3808 3801 ὑποσ

2257 3845 2543 3904 τάσσεται,
2578 3845 2627 3896 εἰ
2661 3843 2736 3914 μὴ
2768 3846 2877 3907 τοῖς
2900 3843 3127 3907 τελείοις
3150 3828 3511 3913 ἐν’Πνεύματι
3548 3845 3702 3915 ἁγίῳ,
3720 3842 3809 3902 τοῖς

2260 3935 2321 3987 τὸ
2349 3934 2698 4005 ἁρέμϐαστον
2725 3935 2998 4005 φθάσασιν
3024 3938 3080 3990 ἐν
3113 3937 3336 4008 Χριστῷ
3366 3937 3572 4008 Ἰησοῦ.

804 4036 1081 4119 Quomodo
1109 4038 1383 4106 eiicienda:
1417 4040 1520 4092 sint
1548 4040 1912 4109 cogitationes.
2358 4052 2391 4101 ι

2358 4048 2499 4115 Περὶ
2530 4050 2635 4103 τοῦ
2670 4050 2798 4113 πῶς
2829 4048 2925 4103 δεῖ
2952 4049 3188 4105 διώκειν
3216 4053 3357 4117 τοὺς
3383 4052 3729 4121 λογισμούς.

637 4154 810 4219 Nemo
844 4170 1085 4225 unquam
1116 4155 1354 4212 novitius
1384 4155 1606 4225 expellit
1634 4155 2017 4225 cogitationes,
2050 4155 2157 4210 nisi

2336 4162 2410 4213 Οὐ
2436 4161 2622 4215 διώκει
2644 4163 2728 4227 τίς
2742 4180 2874 4217 ποτε
2894 4164 3154 4234 ἀρχάριος
3185 4164 3462 4232 λογισμὸν,
3484 4166 3534 4218 εί
3558 4165 3630 4234 μὴ
3656 4165 3681 4216 ὁ
3702 4161 3811 4221 Θεὸς

566 4252 709 4307 Deus
740 4267 835 4313 ras
866 4251 1069 4316 eiiciat.
1109 4250 1350 4311 Fortium
1387 4251 1533 4304 enim
1565 4261 1650 4304 est
1684 4264 1778 4303 eas
1821 4263 2066 4318 pugnare
2098 4260 2153 4300 et

2262 4253 2429 4327 διώξῃ
2454 4255 2639 4308 αὐτόν.
2681 4256 2802 4308 Τῶν
2828 4255 3070 4310 δυνατῶν
3096 4256 3202 4325 γάρ
3244 4257 3360 4308 ἐστι
3408 4254 3710 4325 πολεμῆσαι
3738 4249 3811 4304 καὶ

563 4345 776 4415 fingere.
810 4343 925 4405 lino
960 4357 1026 4396 ne
1067 4343 1121 4396 hi
1151 4342 1369 4411 quidem
1410 4341 1530 4409 illas
1557 4355 1589 4405 a
1616 4341 1926 4409 semetipsis
1980 4356 2150 4394 remo-

2261 4344 2451 4410 διῶξαι
2484 4345 2704 4410 αὐτούς.
2745 4346 2906 4399 Ἀλλά
2930 4347 3025 4399 καὶ
3052 4340 3200 4399 οῦτοι
3239 4346 3338 4400 οὐκ
3369 4347 3461 4415 ἀφ’
3488 4346 3693 4400 ἑαυτῶν
3713 4341 3810 4396 διώ-

562 4447 713 4507 vem,
746 4433 840 4491 sed
874 4448 1000 4487 cum
1043 4430 1152 4485 Deo
1196 4431 1247 4485 in
1279 4431 1523 4500 praelium
1559 4440 1749 4485 contra
1795 4447 1890 4487 eas
1932 4446 2149 4485 moven-

2262 4456 2450 4495 κουσιν
2477 4442 2696 4506 αὐτοὺς,
2729 4442 2867 4495 ἀλλὰ
2899 4440 3037 4511 μετά
3087 4441 3222 4495 Θεοῦ
3263 4443 3541 4498 κινοῦνται
3570 4446 3649 4506 εἰς
3682 4440 3812 4496 πόλις⁸

563 4542 679 4596 tur,
714 4537 903 4597 utpote
938 4534 1275 4580 armaturam
1318 4524 1489 4592 ipsius
1522 4523 1719 4577 induti.
1752 4524 1830 4577 'l'u
1862 4538 1990 4577 vero
2022 4524 2150 4576 insi«

2264 4549 2366 4600 μον
2395 4531 2535 4603 πρὸς
2580 4533 2804 4597 αὐτοὺς,
2859 4534 2934 4597 ὡς
2982 4534 3321 4606 ἐνδεδυμένοι
3381 4537 3480 4606 τὴν
3538 4532 3809 4590 πανοπλίαν

564 4623 825 4676 lientibus
877 4617 1324 4688 cositatiouibus,
1378 4617 1570 4670 invoca
1633 4615 1920 4674 Dominum
1970 4616 2151 4672 Jesum

2225 4631 2235 4673 ι
2262 4626 2449 4681 αὐτοῦ.
2482 4628 2556 4679 Σὺ
2582 4628 2638 4687 δὲ
2669 4628 2980 4700 ἐρχομένων
3005 4629 3113 4682 τῶν
3142 4629 3437 4699 λογισμῶν,
3459 4628 3717 4684 ἐπικαλοῦ
3741 4624 3812 4678 τὸν

561 4714 757 4766 erehro
785 4718 839 4763 et
871 4717 1304 4778 perseveranter,
1329 4717 1383 4761 et
1404 4706 1736 4775 fugabuntur
1763 4722 1777 4771 ;
1802 4722 1904 4760 non
1930 4705 2148 4769 ferente:

2263 4720 2473 4791 Κύριον
2516 4719 2726 4789 Ἰησοῦν
2750 4719 2956 4791 συχνῶς
2994 4721 3089 4774 καὶ
3132 4722 3434 4791 ἐπιμὸνως,
3479 4723 3579 4775 καὶ
3617 4717 3812 4790 φεύξον-

562 4805 710 4860 enim
756 4802 986 4857 inditum
1037 4816 1106 4869 ex
1158 4799 1409 4853 oratione
1455 4797 1607 4852 cordi
1659 4795 1954 4864 fervorem,
2006 4799 2149 4867 quasi

2262 4822 2376 4863 ταιο
2410 4810 2484 4880 μὴ
2515 4796 2774 4881 φέροντες
2805 4809 2915 4878 γὰρ
2950 4808 3048 4880 τὴν
3096 4811 3161 4863 ἐκ
3192 4811 3288 4880 τῆς
3313 4810 3623 4880 προσευχῆς
3660 4804 3815 4862 ἀναδι-

563 4896 693 4963 igne
745 4892 1046 4962 combustae
1092 4892 1321 4967 fugient.
1356 4908 1377 4941 ι
1406 4888 1532 4945 Jesu
1569 4890 1808 4952 nomine,
1845 4889 2021 4959 inquit
2049 4890 2150 4959 (lli.

2263 4900 2495 4970 δομένην
2534 4900 2838 4973 καρδιακὴν
2874 4900 3103 4972 θέρμην,
3137 4902 3212 4965 ώς
3256 4903 3365 4955 ἀπὸ
3402 4903 3573 4972 πυρὸς
3608 4899 3809 4967 καιόμε-

561 5003 713 5054 tnax,
747 4986 960 5056 ﬂagella
990 4985 1197 5039 hostes.
1235 5001 1254 5035 ι
1289 4983 1481 5051 Itaque
1515 4981 1659 5037 Deus
1687 4992 1874 5036 noster
1906 4993 1987 5037 est
2018 4984 2148 5052 ignis

2265 5011 2344 5046 νοι
2378 4992 2695 5063 φεύγουσιν.
2736 4994 2934 5064 Ἰησοῦ,
2972 4994 3136 5064 φησὶν
3178 4981 3206 5046 ὅ
3244 4994 3342 5065 τῆς
3389 4994 3692 5064 Κλίμακος,
3718 4989 3813 5044 ὀνό-

559 5093 885 5135 consumens
940 5076 1267 5146 nequitiam.
1304 5073 1600 5142 Promptus
1651 5073 1718 5133 ad
1757 5073 2015 5133 auxilium
2059 5075 2146 5127 Do-

2268 5101 2396 5152 ματι
2457 5084 2685 5155 μάστιζε
2745 5084 3059 5155 πολεμίους.
3114 5086 3258 5138 Διότι
3296 5088 3323 5138 ὁ
3354 5086 3482 5148 Θεὸς
3526 5084 3684 5155 ἡμῶν
3723 5080 3812 5146 τδρ

558 5171 742 5227 minus
795 5155 1109 5239 promptam
1170 5168 1330 5222 faciet
1381 5166 1681 5221 vindictam
1734 5180 1925 5221 eorum
1962 5169 2055 5239 qui
2089 5178 2145 5222 ao

2265 5168 2665 5230 καταναλίσκον
2694 5176 2813 5229 ἐστὶ
2834 5176 2934 5249 τὴν
2968 5173 3289 5246 μοχθηρίαν.
3334 5174 3390 5228 Ὀ
3419 5179 3591 5246 ταχὺς
3610 5177 3686 5237 εις
3706 5171 3814 5241 βοή⁶

558 5260 738 5331 ipsum
782 5271 893 5317 tota
929 5261 1111 5314 anima
1150 5259 1240 5314 diu
1283 5268 1556 5327 noctuque
1588 5256 1846 5311 clamant.
1882 5256 1985 5324 Qui
2022 5274 2145 5312 vero

2266 5266 2417 5320 θειαν
2440 5267 2645 5337 Κύριος
2675 5252 2901 5336 ποιήσει⁵
2934 5266 3034 5336 τὴν
3060 5265 3336 5334 ἐκδίκησιν
3365 5265 3569 5329 εὐθέως
3602 5266 3703 5317 τῶν
3720 5263 3815 5316 ὁλο-

558 5367 667 5407 non
697 5353 861 5409 habet
892 5353 1271 5423 operationem
1306 5349 1592 5413 orationis,
1632 5347 1741 5403 alio
1784 5351 1946 5404 modo
1978 5343 2145 5403 fundii

2265 5360 2450 5430 ψύχως
2489 5358 2737 5429 βοώντων
2759 5361 2898 5429 πρὸς
2928 5359 3092 5427 αὑτὸν
3141 5359 3352 5431 ἡμέρας
3399 5359 3492 5412 καὶ
3519 5358 3727 5421 νυκτός.
3765 5352 3815 5406 ’0

559 5444 719 5512 illas,
760 5446 999 5516 Moysem
1062 5445 1310 5500 imitans.
1360 5443 1439 5497 Eo
1489 5440 1634 5497 enim
1685 5450 1946 5509 surgente
1993 5450 2046 5496 et
2092 5444 2146 5495 ad

2265 5453 2321 5505 δέ
2361 5452 2434 5522 μὴ
2466 5450 2605 5521 ἔχων
2635 5452 2917 5531 ἐνέργειαν
2954 5451 3283 5522 προσευχῆς,
3323 5449 3668 5519 ἀλλοτρόπως
3710 5460 3814 5513 τρο-

566 5538 763 5593 cmlum
815 5537 1032 5591 levante
1068 5550 1266 5590 manus
1301 5546 1354 5587 et
1387 5536 1597 5599 oculos,
1635 5534 1782 5603 fugat
1826 5535 1947 5588 illas
1993 5539 2153 5592 Deus.

2304 5544 2463 5597 ίοῦται
2511 5544 2729 5605 αὐτοὺς,
2760 5544 2853 5595 τὸν
2882 5543 3087 5596 Μωσέα
3131 5540 3480 5612 μιμούμενος.
3516 5534 3816 5608 Διεγερθέν-
3886 5590 3891 5595 ,

562 5627 772 5685 Deinde
810 5645 1002 5684 rursus
1047 5630 1267 5690 sedens,
1298 5628 1489 5696 incipit
1529 5629 1837 5681 orationem
1870 5628 2149 5697 patienter

2267 5653 2355 5697 τος
2386 5636 2518 5706 γὰρ,
2552 5636 2740 5698 καὶείς
2760 5634 2987 5704 οὐρανὸν
3020 5634 3359 5694 ἐκτείναντος
3388 5634 3481 5694 τὰς
3506 5634 3693 5701 χεῖρας
3738 5624 3814 5680 καὶ

562 5723 629 5777 Ει
661 5724 764 5778 hoc
787 5722 947 5776 modo
982 5725 1153 5777 utitur
1196 5724 1286 5791 qui
1324 5726 1562 5777 nondum
1594 5723 1797 5775 virtute
1832 5723 1999 5791 pollet
2032 5738 2149 5778 ora-

2267 5730 2326 5780 τὸ
2348 5728 2523 5799 ὄμμα,
2565 5725 2861 5795 φυγαδεύει
2894 5728 3091 5788 αὐτοὺς
3120 5727 3148 5778 ὁ
3179 5727 3329 5788 θεός.
3364 5719 3492 5777 Εἶτα
3521 5723 3684 5776 πάλιν
3707 5718 3811 5773 καθ·

567 5813 755 5869 tionis.
822 5813 934 5866 lino
986 5825 1039 5867 et
1079 5816 1170 5884 qui
1223 5817 1383 5870 habet
1435 5815 1701 5871 orationis
1759 5819 2154 5892 operationem,

2267 5819 2467 5887 ἐσθεὶς,
2513 5821 2741 5891 ἄρχεται
2786 5818 2887 5889 τῆς
2934 5816 3239 5887 προσευχῆς
3269 5814 3569 5886 ἐπιμόνωςυ
3602 5814 3692 5869 καὶ
3717 5808 3814 5864 τοὺ-

635 5932 651 5971 ⁹
692 5932 841 5993 l‘sal.
871 5946 978 5998 ειν,
1021 5933 1068 5989 1.
