4020 6490
1751 219 1857 247 f
1912 227 2185 240 u—“uyrm
2201 228 2239 237 ο.

517 375 584 434 33
1343 378 1353 390 ’
1483 386 1891 447 ΡΠᾸΞΟΕΡΤᾹ
1935 390 2014 447 AI

2137 394 2565 458 ESYCIIASTA
2577 404 2636 461 S.

3548 401 3687 468 1335

438 519 515 570 τῳ
538 500 614 570 τῷ
664 500 847 568 τρόπῳ
878 501 1092 568 χρᾶται,
1127 502 1153 551 ὁ
1186 500 1349 570 μήπω
1404 503 1738 571 κεκτημένος
1778 505 2005 574 δύναμιν

2122 519 2295 563 :ontra
2352 526 2642 578 corporeas
2711 519 3013 583 passiones,
3067 518 3306 572 acetliam
3377 519 3581 573 scilicet
3622 535 3688 573 ae

442 593 772 663 προσευχῆς,
810 592 945 646 ἀλλὰ
976 594 1068 644 καὶ
1087 593 1115 642 ὁ
1163 592 1299 661 ἔχων
1325 592 1421 662 τὴν
1450 595 1547 662 τῆς
1577 598 1887 666 προσευχῆς
1917 599 2006 649 ἐν.

442 688 680 757 ἐργειαν,
704 688 796 738 ἐπὶ
841 685 948 738 τῶν
974 683 1305 753 σωματικῶν
1339 684 1550 747 παθῶν,
1590 686 1819 756 άκηδίας
1842 691 2006 756 φημὶ,

441 780 532 832 καὶ
553 778 829 847 πορνείας,
875 776 983 833 τῶν
1018 776 1268 846 σκληρῶν
1300 777 1395 829 καὶ
1428 775 1745 844 βαρυτέρων
1792 778 2001 842 παθῶν,

444 867 699 928 πολλάκις
731 866 1100 937 ἐγειρόμενος,
1157 864 1388 917 ἐκτείνει
1424 862 1521 924 τὰς
1552 864 1739 932 χεῖρας
1769 865 1849 926 είς
1880 863 2006 935 βοή-

442 959 593 1010 θειαν
639 960 758 1010 κατ’
788 957 985 1011 αὐτῶν.
1018 956 1163 1024 Πλὴν
1210 955 1455 1023 ὀλιγάκις
1513 954 1599 1009 διὰ
1648 955 1747 1025 τὴν
1799 954 2008 1025 πλάνην

442 1051 600 1105 τοῦτο
633 1053 797 1115 ποιεῖ,
849 1049 940 1101 καὶ
965 1048 1125 1102 πάλιν
1157 1046 1469 1111 καθέζεται,
1527 1048 1724 1116 μήπως
1759 1048 2006 1119 φαντάσῃ

443 1144 531 1196 τὸν
567 1142 689 1195 νοῦν
709 1140 873 1195 αὑτοῦ
906 1140 934 1192 6
958 1140 1150 1210 ἐχθρὸς
1178 1139 1405 1202 ἀνωθεν,
1435 1138 1719 1209 μόρφωσιν
1750 1139 2009 1210 ἀληθείας

442 1232 604 1303 δῆθεν
623 1231 856 1294 δεικνύς.
884 1231 959 1283 Τὸ
987 1230 1095 1296 γὰρ
1122 1228 1265 1299 ἔχειν
1279 1229 1371 1281 τὸν
1408 1227 1531 1283 νοῦν
1564 1228 1696 1293 ἅνω,
1723 1231 1812 1282 καὶ
1838 1230 2005 1293 κάτω,

2111 600 2405 669 luxuriam,
2433 604 2597 660 duras
2654 609 3118 677 gravissimasque
3164 611 3510 677 cupiditates,
3541 625 3685 678 szepe

2106 705 2353 761 surgens,
2388 695 2560 749 tendit
2612 712 2800 752 manus
2853 700 2920 751 ad
2976 700 3234 752 auxilium
3264 699 3525 753 adversus
3562 715 3680 754 eas.

2106 782 2248 837 Raro
2270 792 2474 847 tamen,
2497 798 2638 839 metu
2665 789 2889 852 erroris,
2911 790 3009 844 hoc
3032 790 3179 853 facit,
3204 800 3258 845 et
3284 791 3478 843 iterum
3506 790 3679 855 sedet,

2109 888 2178 927 ne
2236 875 2401 927 menti
2448 891 2558 930 suae
2599 877 2782 930 illudat
2821 879 3050 948 desuper
3096 881 3373 942 inimicus,
3441 878 3676 947 efﬁgiem

2105 963 2313 1018 scilicet
2370 967 2612 1020 veritatis
2664 968 2947 1023 exhibens.
3008 968 3140 1024 Nam
3198 971 3398 1025 habere
3437 982 3673 1027 mentem

2104 1068 2346 1119 sursum,
2384 1067 2437 1111 et
2479 1056 2755 1120 deorsum,
2807 1068 2859 1112 ct.
2901 1060 2956 1113 in
2986 1060 3170 1122 corde,
3200 1069 3256 1114 et
3288 1062 3490 1128 ubique
3538 1063 3681 1117 inof-

2105 1142 2332 1209 fensam,
2359 1157 2413 1198 et
2446 1146 2768 1202 incolumem
2797 1164 3040 1214 servare,
3064 1151 3192 1205 solis
3217 1153 3476 1219 competit
3510 1169 3667 1207 mun-

2103 1233 2186 1287 dis
2216 1246 2382 1302 atque
2418 1237 2691 1306 perfectis.

452 1299 549 1382 καὶ
578 1329 634 1377 ἐν
664 1328 885 1398 καρδίᾳ,
936 1330 1030 1382 καὶ
1088 1329 1369 1401 πανταχοῦ
1414 1331 1740 1399 ἄπταιστον,
1799 1338 1976 1404 μόνων
2012 1332 2142 1385 ἴδιόν
2198 1299 2314 1386 ἐστ-ι
2341 1299 2449 1384 τῶν
2490 1331 2750 1401 καθαρῶν
2776 1299 2868 1385 καὶ
2896 1329 3143 1396 τελείων,
3175 1329 3390 1399 ἀϐλαϐῆ
3419 1328 3682 1398 διατηρῆ-

452 1415 567 1451 σαι.
624 1447 637 1451 -

800 1493 937 1561 Περὶ
960 1493 1064 1546 τοῦ
1100 1492 1221 1558 πῶς
1244 1493 1338 1545 δεῖ
1370 1494 1652 1560 ψάλλειν.

520 1604 582 1655 Ol
624 1604 723 1671 μὲν
751 1604 994 1673 ὀλιγάκις
1046 1605 1313 1672 λέγουσιν,
1350 1606 1399 1657 οἱ
1424 1605 1481 1658 δὲ
1527 1606 1805 1669 πολλάκις,
1833 1607 2011 1677 ἕτεροι

445 1693 505 1746 δέ
531 1693 639 1745 οὐδ’
668 1694 823 1757 ὅλως.
857 1696 927 1748 Σὺ
954 1696 1010 1749 δέ
1053 1696 1194 1764 μήτε
1232 1696 1488 1759 πολλάκις
1516 1695 1704 1764 ψάλλε,
1753 1697 2014 1765 σύγχυσις

448 1785 556 1851 γάρ
578 1799 591 1813 ·
622 1785 758 1853 μήτε
813 1784 922 1837 οὐδ’
951 1786 1108 1849 ὅλως,
1131 1785 1218 1837 διὰ
1248 1784 1346 1853 τὴν
1376 1784 1847 1837 ἐπακολουθοῦσαν
1879 1784 2013 1854 χαύ-

451 1889 615 1924 νωσιν
662 1875 754 1925 καὶ
788 1874 1049 1943 ἀμέλειαν
1069 1890 1084 1905 ο
1125 1874 1260 1927 ἀλλά
1285 1876 1411 1937 τοὺς
1440 1875 1687 1943 ὀλιγάκις
1714 1876 2016 1943 ψάλλοντας

453 1974 711 2041 μίμησαι.
750 1974 862 2026 Πᾶν
886 1973 994 2041 γὰρ
1027 1971 1223 2042 μέτρον
1273 1971 1514 2040 ἄριστον,
1542 1971 1680 2025 κατά
1725 1972 1851 2034 τοὺς
1888 1971 2019 2023 ἀσο-

452 2079 583 2130 φους
612 2063 827 2132 σοφούς.
852 2063 924 2116 Τὸ
954 2062 1061 2132 γὰρ
1093 2062 1265 2117 πολλὰ.
1288 2062 1511 2132 ψάλλειν
1547 2063 1654 2115 τῶν
1706 2060 2024 2129 πρακτικῶν

452 2152 590 2215 ἐστι,
623 2151 710 2203 διὰ
733 2151 830 2220 τὴν
858 2150 1133 2219 ἀγνωσίαν
1174 2151 1268 2205 καὶ
1293 2150 1384 2203 τὸν
1415 2150 1604 2214 κόπον,
1635 2149 1694 2199 οὺ
1742 2147 1848 2199 τῶν
1885 2151 2021 2214 ἡσυ-

453 2241 689 2311 χαστῶν,
742 2243 1094 2312 ἀρκουμένων
1136 2242 1194 2293 ἐν
1221 2241 1338 2311 Θεῷ
1374 2242 1519 2310 μόνῳ
1541 2239 1935 2310 προσεύχεσθαι
1967 2240 2023 2289 ἐν

452 2332 670 2402 καρδίᾳ,
701 2334 795 2385 καὶ
834 2332 1132 2402 ἀπέχεσθαι
1159 2333 1464 2400 νοημάτων.
1494 2330 1718 2400 Ἡσυχία
1743 2330 1850 2400 γάρ
1877 2330 2024 2381 ἐστιν

453 2421 712 2485 ἀπόθεσις
742 2423 1039 2492 νοημάτων
1075 2422 1349 2491 αἰσθητῶν
1387 2438 1446 2475 τε
1480 2416 1577 2474 καὶ
1614 2420 1843 2491 νοητῶν,
1881 2419 2024 2472 κατά

453 2517 543 2567 τὸν
591 2514 688 2583 τῆς
718 2514 1020 2580 Κλίμακος.
1055 2515 1165 2582 Τὴν
1214 2513 1321 2581 γάρ
1350 2512 1576 2581 δύναμιν
1613 2508 1779 2563 αὐτοῦ
1841 2509 2021 2560 πᾶσαν

454 2606 786 2666 κενώσαντος
806 2606 864 2658 ἐν
894 2607 959 2675 τῇ
997 2604 1164 2675 πολλῇ
1199 2602 1505 2673 ψαλμῳδίᾳ,
1541 2602 1794 2670 άτονήσει
1838 2601 1866 2652 6
1899 2598 2022 2660 νοῦς

452 2698 531 2758 είς
561 2694 623 2747 τὸ
642 2696 716 2764 μὴ
746 2696 1020 2764 κραταιῶς
1046 2696 1138 2750 καὶ
1160 2693 1433 2761 ἐπιμόνως
1460 2690 1873 2763 προσεύχεσθαι.
1907 2689 2022 2741 Νύ-

452 2805 600 2858 κτωρ
628 2789 746 2858 μὲν,
771 2789 934 2859 φησὶν
960 2790 988 2841 6
1016 2790 1114 2856 τῆς
1137 2787 1439 2857 Κλίμακος,
1475 2787 1541 2839 τά
1566 2784 1734 2837 πολλὰ
1765 2786 1827 2853 τῇ
1852 2799 2021 2852 προσ-

449 2883 582 2949 ευχῇ
650 2880 929 2947 δίδου,τά
996 2879 1054 2932 δὲ
1118 2879 1326 2949 βραχέα
1374 2880 1440 2949 τῇ
1492 2869 1803 2946 ψαλμῳδίᾳ.
1862 2874 2018 2928 Οῦτω

449 2978 542 3029 καὶ
575 2975 639 3028 σὺ
677 2974 910 3042 ὀφείλεις
961 2975 1154 3026 ποιεῖν.
1188 2974 1316 3024 Ὅτε
1368 2970 1483 3041 ἴδῃς
1515 2974 1573 3023 ἐν
1601 2970 1681 3040 τῷ
1722 2967 2022 3036 καθίσματί

453 3084 545 3119 σου
574 3065 901 3136 ἐνεργοῦσαν
956 3065 1053 3134 τὴν
1084 3065 1391 3135 προσευχὴν
1442 3065 1536 3116 καὶ
1586 3061 1662 3131 μὴ
1708 3059 2022 3130 παυομένην

451 3156 719 3218 κινεῖσθαι
748 3159 808 3209 ἐν
833 3159 899 3225 τῇ
933 3156 1151 3225 καρδίᾳ,
1208 3159 1417 3224 μήποτε
1448 3157 1666 3225 ὰφήσῃς
1698 3150 1891 3221 αὐτὴν,
1927 3147 2021 3201 καὶ

449 3249 767 3308 ἀνίστασθαι
806 3250 1028 3319 ψάλλειν
1054 3249 1158 3310 ἕως
1183 3247 1396 3318 καιροῦ,
1435 3246 1528 3299 ἐὰν
1561 3246 1635 3316 μὴ
1663 3241 2023 3313 οἰκονομικῶς

451 3342 753 3414 καταλείψῃ
780 3359 860 3398 σε.
886 3343 990 3396 Τὸν
1015 3342 1123 3411 γὰρ
1151 3341 1284 3394 Θεὸν
1316 3338 1632 3395 καταλιπὼν
1650 3335 2021 3401 ἕσωθεν,λὲξω-

449 3437 541 3489 θεν
586 3436 804 3489 ἴστασαι
855 3433 1196 3504 προσλαλῶν,
1224 3436 1288 3486 ἐκ
1316 3431 1424 3487 τῶν
1459 3430 1677 3500 ὑψηλῶν
1708 3431 1787 3492 εἰς
1825 3429 1892 3481 τά
1919 3445 2019 3499 χα-

450 3526 693 3597 μαιπετῆ
744 3525 1155 3596 παρεκκλίνων·
1190 3523 1327 3577 ἀλλά
1373 3522 1466 3576 καὶ
1502 3521 1765 3590 σύγχυσιν
1822 3521 2015 3581 ποιεῖς,

450 3617 544 3674 καὶ
571 3617 665 3671 τὸν
706 3614 829 3669 νοῦν
863 3616 1220 3685 ἐκταράττεις
1249 3613 1359 3667 ἀπὸ
1402 3612 1503 3681 τῆς
1549 3612 1790 3681 γαλήνης
1820 3608 2013 3663 αὑτοῦ·

449 3708 650 3780 ἡσυχία
680 3710 811 3780 γάρ,
838 3707 977 3762 κατά
1012 3707 1074 3760 τὸ
1098 3706 1269 3776 ὄνομα
1317 3705 1510 3775 αὐτῆς,
1541 3704 1635 3757 καὶ
1669 3703 1769 3772 τὴν
1820 3700 2017 3770 πρᾶξιν

447 3803 729 3872 κέκτηται,
768 3799 857 3854 διά
876 3799 936 3854 τὸ
968 3800 1029 3854 ἐν
1057 3800 1247 3869 εἰρήνῃ
1282 3798 1380 3850 καὶ
1405 3796 1623 3869 γαλήνῃ,
1654 3793 1799 3866 ἔχειν
1825 3793 2015 3860 αὑτήν.

457 3895 517 3945 '0
542 3893 674 3954 θεὸς
711 3893 818 3963 γάρ
862 3892 1051 3962 εἰρήνη
1111 3891 1248 3953 ἐστὶ,
1287 3888 1604 3957 συγχύσεως
1634 3887 1727 3940 καὶ
1766 3884 2016 3956 κραυγῆς

448 3985 719 4037 ἐπέκεινα.
765 3984 856 4036 Δεί
905 3983 1016 4051 γὰρ
1063 3979 1355 4048 ὰγγελικὸν
1392 3976 1532 4031 εἶναι
1579 3976 1801 4031 καὶτὸν
1845 3974 2015 4044 ὕμνον

445 4073 602 4145 ημῶν
636 4072 778 4126 κατά
805 4073 866 4124 τὸ
899 4070 1241 4137 πολίτευμα,
1273 4068 1368 4121 καὶ
1394 4067 1456 4121 οὐ
1491 4067 1752 4137 σαρκικόν
1773 4082 1785 4095 ·
1817 4064 1876 4117 τὸ
1906 4066 2014 4131 γὰρ

447 4164 585 4234 μετὰ
621 4166 802 4231 φωνῆς
842 4165 900 4215 ὲν
956 4163 1171 4230 κραυγῇ
1232 4158 1452 4227 ψάλλειν
1521 4155 1846 4225 συμϐολικόν
1896 4157 2011 4206 ἐστι

444 4256 637 4325 νοερᾶς
671 4234 938 4323 κραυγῆς,
987 4253 1083 4304 καὶ
1126 4249 1215 4303 διὰ
1241 4252 1339 4319 τὴν
1372 4249 1647 4325 ρᾳθυμίαν
1699 4247 1794 4300 καὶ
1823 4246 2012 4318 ἀγροι-

444 4323 565 4398 κίαν
588 4345 744 4415 ήμῶν
765 4343 985 4405 δίδοται,
1019 4340 1109 4395 διά
1131 4341 1193 4394 τὸ
1217 4323 1590 4408 ἐπανάγεσθάι
1627 4338 1764 4408 πρὸς
1797 4336 1845 4389 τ’
1883 4336 2015 4405 άλη-

2497 1481 2769 1563 Quomodo
2808 1498 3034 1563 psallere
3066 1508 3322 1563 oporteat.

2194 1609 2300 1664 Alii
2362 1609 2553 1662 dicunt
2617 1624 2762 1673 raro,
2805 1609 2894 1661 alii
2948 1624 3111 1675 smpe,
3146 1608 3236 1661 alii
3284 1622 3582 1675 nunquam.
3613 1605 3695 1659 Tu

2126 1715 2254 1752 vero
2306 1716 2408 1755 nec
2464 1714 2605 1768 saepe
2642 1699 2827 1768 psalle,
2866 1716 2932 1752 ne
2991 1700 3320 1766 perturberis
3358 1717 3370 1761 ;
3409 1713 3510 1753 nec
3559 1713 3701 1749 nun-

2125 1807 2310 1858 quam,
2363 1804 2431 1843 ne
2482 1799 2739 1857 sequatur
2800 1789 3053 1844 remissio
3076 1798 3129 1844 et
3160 1789 3523 1856 incuriagsed
3573 1802 3699 1841 raro

2129 1881 2422 1950 psallentes
2463 1880 2700 1933 iinitare.
2730 1879 2866 1932 Nam
2889 1895 3048 1934 omne
3070 1880 3405 1933 moderatum
3434 1882 3697 1947 optimum

2126 1981 2228 2038 est,
2251 1970 2403 2040 juxta
2441 1971 2582 2024 haud
2615 1971 2951 2039 desipieules
2976 1971 3266 2039 sapientes.
3300 1970 3523 2023 Multum
3552 1970 3698 2022 enim

2128 2062 2384 2131 psallere,
2408 2072 2491 2117 est
2517 2063 2905 2131 practicorum,
2933 2063 3107 2115 adhuc
3126 2072 3288 2115 extra
3315 2062 3521 2128 gnosim
3547 2062 3701 2114 laboc

2128 2152 2387 2216 rautiunt,
2422 2154 2571 2207 haud
2613 2168 2745 2208 vero
2789 2155 3116 2222 quieturum,
3152 2152 3443 2206 valentium
3499 2153 3550 2206 itt
3582 2151 3699 2206 solo

2130 2246 2236 2300 Deo
2263 2245 2426 2302 corde
2462 2261 2620 2300 orare
2648 2258 2701 2299 et
2733 2245 3207 2312 acogitationibus
3278 2259 3493 2299 vacare.
3525 2263 3542 2294 ι
3592 2243 3701 2297 Νο-

2124 2347 2375 2399 cturnus,
2397 2337 2570 2404 inquit
2602 2337 2830 2400 Climax,
2858 2336 3080 2389 nmltum
3114 2335 3342 2389 orationi
3387 2336 3476 2400 da,
3505 2349 3700 2403 parum

2125 2427 2454 2494 psalmodiis.
2505 2449 2524 2479 ι
2552 2427 2642 2479 Sic
2673 2437 2728 2480 et
2759 2434 2813 2480 ttt
2848 2427 3024 2480 facere
3054 2426 3240 2480 debes.
3272 2426 3406 2481 Cum
3462 2426 3613 2479 vides
3643 2424 3697 2478 in

2124 2519 2366 2574 sessione
2418 2528 2506 2570 tua
2558 2519 2772 2584 operari
2825 2518 3126 2570 orationem
3155 2527 3211 2571 et
3239 2516 3610 2569 indesinenter
3639 2515 3693 2567 in

2124 2612 2287 2664 corde
2306 2609 2619 2672 ntoveri,'ne
2647 2623 2886 2676 unquam
2919 2607 3334 2670 dimittaseam,
3364 2621 3468 2661 neu
3506 2620 3698 2672 surgas

2127 2712 2186 2754 ut
2221 2702 2423 2769 psallas
2457 2703 2522 2754 ad
2551 2713 2787 2769 tempus,
2812 2698 2913 2752 uisi
2942 2708 3015 2765 te,
3049 2699 3365 2766 providente
3387 2698 3516 2760 Deo,
3546 2696 3702 2752 dere-

2126 2793 2358 2860 linquat.
2404 2791 2539 2846 Nam
2598 2791 2767 2847 Deum
2817 2791 3135 2859 relinquens
3182 2790 3430 2853 interius,
3463 2787 3704 2841 exterius

2123 2897 2238 2938 stas
2257 2884 2641 2953 alloquens,ex
2671 2882 2994 2937 sublimibus
3021 2882 3088 2935 ad
3112 2882 3392 2935 terrestria
3418 2879 3701 2940 deﬂexus;

2125 2976 2254 3044 quin
2286 2976 2448 3030 etiam
2486 2975 2859 3030 confusionem
2888 2974 3057 3036 facis,
3086 2983 3142 3027 et
3169 2980 3428 3025 mentem
3450 2969 3707 3023 exturbas

2125 3082 2155 3120 a
2199 3082 2295 3122 sua
2349 3067 2783 3134 tranquillitate;
2839 3079 3041 3134 nempe
3058 3065 3234 3133 quies,
3266 3072 3324 3115 ut
3357 3061 3559 3114 indicat
3599 3074 3701 3111 n0-

2131 3177 2254 3213 men
2305 3159 2447 3228 eius,
2479 3159 2548 3213 ad
2596 3159 2805 3227 praxim
2861 3172 2922 3213 se
2955 3154 3223 3221 exletidit,
3245 3164 3306 3211 ut.
3337 3170 3456 3211 eam
3489 3156 3543 3209 in
3575 3150 3707 3221 pace

2128 3252 2536 3321 serenitateqtte
2565 3259 2764 3305 teneat.
2799 3249 2941 3304 Deus
2970 3248 3115 3303 enim
3148 3263 3247 3316 pax
3280 3257 3385 3311 est,
3422 3247 3540 3299 sine
3579 3259 3711 3299 con-

2126 3342 2342 3398 fusione
2373 3358 2438 3398 ac
2468 3341 2725 3396 tumultu.
2759 3338 2986 3408 Oportet
3032 3340 3192 3409 igitur
3232 3339 3536 3408 angelicum
3588 3351 3709 3390 esse

2126 3432 2389 3503 hymnum
2430 3443 2674 3487 nostrum
2709 3441 2871 3500 atque
2904 3439 3134 3496 statum,
3160 3430 3305 3483 haud
3344 3444 3479 3481 vero
3515 3442 3712 3481 carna-

2127 3523 2253 3578 lem.
2287 3521 2424 3576 Nam
2478 3537 2600 3575 cum
2637 3538 2771 3576 voce
2811 3522 3051 3576 clamosa
3085 3519 3341 3589 psallere,
3372 3521 3588 3589 signum
3624 3529 3709 3572 est

2126 3613 2346 3681 trepida:
2376 3612 2594 3678 mentis,
2614 3622 2900 3681 etpropter
2934 3612 3222 3682 segnitiem
3256 3618 3310 3665 et
3343 3610 3702 3664 rusticitatem

2123 3713 2365 3758 nostram
2409 3703 2745 3768 conceditur,
2777 3712 2837 3757 ut
2875 3703 2941 3756 ad
2995 3703 3288 3757 veritatem
3342 3709 3709 3757 revertamur.
3746 3754 3749 3761 ,

2121 3790 2508 3846 Neseientibus
2554 3793 2705 3849 enim
2735 3791 3041 3845 orationem
3071 3803 3214 3852 esse,
3248 3799 3307 3843 ut
3354 3790 3430 3843 ait
3461 3786 3702 3844 Joannes

2122 3884 2354 3947 Clitnax,
2392 3885 2596 3940 fontem
2632 3884 2894 3938 virtutqu
2927 3883 3119 3938 insitas
3167 3884 3363 3936 anima:
3394 3882 3538 3937 vires
3575 3882 3704 3935 irri-

2122 3988 2358 4048 gantem,
2383 3977 2642 4032 convenit
2669 3977 2901 4029 multum
2930 3974 3183 4043 psallere,
3203 3984 3258 4028 et
3276 3975 3394 4029 sine
3419 3988 3700 4035 mensura,

2121 4079 2175 4123 et
2201 4082 2414 4135 semper
2443 4068 2654 4120 variare
2682 4066 2873 4129 multa,
2891 4078 2944 4121 et
2965 4081 3238 4135 nunquam
3265 4078 3502 4127 cessare,
3526 4067 3699 4119 donec

2120 4173 2151 4212 a
2214 4158 2381 4212 multa
2438 4158 2814 4226 laboriosaque
2871 4156 3023 4226 praxi
3074 4156 3141 4211 ad
3178 4156 3696 4224 contemplationem

2120 4251 2430 4319 progressi,
2487 4249 2793 4303 orationem
2874 4248 3167 4303 mentalent
3228 4248 3504 4301 inveniant
3564 4246 3708 4300 intra

2123 4339 2269 4407 ipsos
2314 4347 2654 4407 operantem.
2694 4338 2812 4393 Alia
2840 4339 3041 4407 quippe
3082 4349 3166 4394 est
3200 4339 3398 4408 quietis
3424 4336 3706 4406 praxis,,ct

443 4440 530 4508 θῆ.
562 4438 685 4500 Τοῖς
713 4436 818 4507 γάρ
863 4435 937 4505 μὴ
964 4434 1128 4487 είδόσι
1174 4433 1502 4503 προσευχήν,
1541 4432 1678 4503 ὅπερ
1710 4430 1860 4484 ἐστὶν
1883 4430 2010 4501 ἀρε-

2127 4430 2230 4485 alia
2287 4430 2608 4496 C(BﬂObiliB;
2670 4434 3043 4499 unusquisque
3089 4439 3270 4485 autem
3330 4428 3707 4482 invocatione

439 4527 547 4580 τῶν
573 4526 746 4595 πηγὴ,
773 4523 913 4578 κατά
931 4524 1023 4577 τὸν
1047 4523 1145 4593 τῆς
1169 4522 1446 4593 Κλίμακος
1465 4522 1737 4592 Ἰωάννην,
1760 4520 2014 4591 ἀρδεύου-

444 4634 509 4669 σα
532 4616 676 4686 φυτά
708 4616 805 4679 τάς
840 4616 938 4685 τῆς
967 4614 1142 4685 ψυχῆς
1171 4613 1448 4684 δυνάμεις,
1501 4613 1704 4684 πρέπει
1751 4611 1812 4664 τὸ
1842 4610 2014 4664 πολλὰ

439 4706 677 4776 ψάλλειν,
715 4705 810 4757 καὶ
849 4706 1128 4773 ἀμέτρως,
1174 4702 1269 4756 καὶ
1305 4702 1394 4756 ἀεὶ
1425 4704 1483 4754 ἐν
1529 4700 1774 4770 ποικιλίᾳ
1804 4698 2013 4752 πολλῶν

441 4795 600 4865 εἶναι,
644 4795 741 4850 καὶ
773 4793 1046 4864 μηδέποτε
1105 4793 1395 4858 παύεσθαι,
1442 4792 1546 4856 ἕως
1576 4791 1642 4846 ἂν
1670 4791 1778 4845 άπὸ
1813 4790 2013 4861 πολλῆς

439 4888 696 4942 ἐπιπόνου
734 4883 986 4955 πράξεως
1027 4885 1108 4946 είς
1142 4883 1378 4954 θεωρίαν
1408 4881 1749 4953 προκόψωσι,
1780 4898 2012 4952 προσευ-

437 4980 538 5052 χήν
601 4977 792 5048 νοερὰν
847 4975 1178 5045 εὑρηκότες,
1234 4975 1564 5044 ἐνεργοῦσαν
1614 4973 1763 5049 ἐντος
1807 4973 2006 5028 αὐτῶν.

442 5072 613 5143 Ἀλλη
639 5072 749 5141 γάρ
771 5070 888 5121 ἐστι
917 5068 1016 5137 τῆς
1053 5067 1283 5137 ἡσυχίας
1308 5068 1341 5138 ἠ
1377 5067 1594 5135 πρᾶξις,
1619 5067 1713 5119 καὶ
1736 5066 1898 5136 ἐτέρα
1916 5065 2008 5119 τοῦ

441 5164 728 5218 κοινοϐίου.
755 5159 1109 5224 Ἓκαστοςδὲ
1138 5163 1194 5213 ἐν
1231 5153 1275 5227 ᾧ
1300 5159 1503 5230 ἐκλήθη
1533 5159 1878 5229 προσμένων,
1903 5175 2010 5211 σωο

440 5259 682 5327 θήσεται.
710 5255 801 5308 Διὸ
838 5253 1053 5308 δέδοικα
1072 5253 1300 5324 γράφειν
1328 5253 1415 5306 διά
1430 5253 1556 5316 τοὺς
1583 5252 1845 5316 ἀσθενεῖς,
1870 5249 2010 5322 ὀρῶν

444 5367 503 5402 σε
556 5349 719 5418 μέσον
778 5346 984 5400 τούτων
1020 5345 1512 5417 ἀναστρεφόμενον.
1580 5346 1695 5410 Πᾶς
1736 5344 1844 5415 γὰρ
1878 5346 1907 5398 6
1950 5343 2011 5407 ἐξ

439 5441 628 5510 ἀκοῆς,
664 5439 696 5508 ἢ
736 5438 1019 5509 μαθήσεως
1051 5439 1109 5491 ἐν
1150 5440 1423 5510 προσευχῇ
1481 5436 1725 5506 πάσχων,
1776 5435 2009 5490 ἀπόλλυ-

438 5549 549 5594 ται,
579 5531 654 5594 ὡς
682 5531 770 5583 τὸν
811 5531 1109 5600 ὀδηγοῦντα
1142 5531 1217 5599 μὴ
1252 5530 1618 5600 κεκτημένος’
1652 5531 1681 5581 6
1710 5529 1767 5581 δὲ
1805 5529 2007 5597 γευσά-

444 5619 601 5693 μενος
626 5623 722 5693 τῆς
752 5623 991 5693 χάριτος,
1010 5623 1216 5691 ὀφείλει
1248 5623 1574 5702 συμμέτρως
1599 5621 1836 5691 ψάλλειν,
1873 5622 2009 5674 κατά

442 5718 565 5780 τοὺς
621 5716 889 5784 Πατέρας,
951 5716 1012 5768 τὸ
1046 5716 1295 5769 πλεῖστον
1331 5715 1726 5785 ἀσχολούμενος
1783 5716 1862 5779 είς
1909 5713 2007 5785 τὴν

2121 4538 2218 4579 sua
2272 4538 2618 4592 permanens,
2651 4522 2970 4577 salvabitur.
3003 4522 3189 4590 Itaque
3224 4536 3418 4576 vereor
3459 4520 3702 4574 scribere

2122 4622 2341 4684 propter
2380 4614 2608 4676 debiles,
2646 4614 2837 4667 videns
2895 4621 2948 4666 te
3001 4612 3239 4666 medium
3283 4614 3423 4666 inter
3449 4626 3542 4664 eos
3569 4627 3699 4664 cott-

2123 4714 2454 4761 versantem.
2497 4702 2758 4773 Quisquis
2801 4702 2948 4756 enim
3011 4717 3080 4757 ex
3129 4701 3269 4755 fama
3318 4712 3373 4756 et
3423 4702 3702 4755 auditione

2125 4797 2358 4851 orationi
2391 4797 2619 4867 passivae
2664 4803 2836 4861 vacat,
2869 4807 3085 4862 pessum
3115 4794 3179 4856 it,
3211 4794 3335 4862 quia
3372 4793 3560 4849 ducem
3591 4810 3700 4847 non

2126 4889 2325 4946 habet:
2375 4889 2467 4959 qui
2521 4897 2702 4941 autem
2744 4886 2983 4955 gustavit
3051 4885 3303 4955 gratiam,
3361 4884 3524 4941 debet
3575 4901 3696 4939 cum

2126 4996 2376 5036 mensura
2418 4979 2671 5050 psallere,
2699 4979 3020 5047 plerumque
3066 4978 3301 5031 orationi
3333 4993 3574 5041 vacans;
3609 4978 3714 5046 qui

2123 5087 2255 5127 vero
2313 5070 2495 5141 segnis
2550 5079 2665 5133 est,
2699 5068 2894 5138 psallat
2947 5068 3197 5139 legatque
3258 5084 3421 5137 opera
3481 5067 3699 5120 Patrum

2123 5164 2383 5234 practica.
2420 5161 2697 5230 Siquidem
2735 5176 2839 5215 non
2868 5163 3034 5217 remis
3066 5162 3270 5231 indiget
3298 5160 3473 5223 navis,
3536 5170 3700 5213 vento

2124 5260 2243 5312 vela
2304 5257 2543 5321 inﬂante,
2586 5256 2879 5309 secundam
2936 5270 3128 5324 nempe
3180 5268 3365 5306 auram
3412 5256 3461 5306 ei
3509 5254 3705 5321 spiritu

2124 5348 2344 5402 alﬂante
2379 5346 2445 5400 ad
2495 5347 2727 5401 strictim
2756 5346 3047 5400 labentium
3082 5347 3135 5398 in
3168 5345 3310 5399 salso
3341 5345 3696 5414 cupiditatum

2128 5442 2285 5507 mari,
2313 5439 2406 5494 sed
2461 5439 2774 5505 immorata,
2796 5438 2965 5490 remis
2996 5446 3088 5489 aut
3114 5435 3321 5506 cymba-
3357 5435 3616 5488 trahitur.
3645 5435 3699 5486 Si

2126 5533 2215 5600 qui
2278 5546 2403 5586 vero
2463 5530 2749 5585 ambitiose
2802 5529 3062 5599 objiciunt
3112 5537 3328 5582 sanctos
3374 5527 3581 5593 Patres,
3614 5537 3707 5581 aut

2128 5624 2339 5693 aliquos
2383 5638 2528 5677 nunc
2570 5621 2853 5690 degentes,
2889 5632 3142 5689 tanquam
3169 5630 3275 5670 tota
3311 5628 3469 5672 nocte
3501 5628 3706 5673 stantes

2127 5725 2180 5770 et
2225 5716 2485 5771 facientes
2518 5712 2893 5780 psalmodiam,
2925 5711 3029 5767 illis
3060 5727 3124 5767 cx
3167 5710 3447 5778 Scriptura
3481 5726 3701 5782 respon-
