4020 6530
444 322 582 387 i335

1712 326 2098 386 GREGORII
2141 324 2477 388 SlNAITZE

3566 313 3695 378 1326

437 438 629 490 demus
681 451 787 489 non
832 436 1092 491 omnibus
1135 435 1317 490 omnia
1352 449 1472 490 esse
1504 436 1768 502 perfecta.
1804 449 2019 503 prttplet‘

2133 441 2446 512 προσευχήν
2472 456 2488 469 ο
2540 434 2803 508 ῥᾳθυμῶν
2833 432 2917 498 δὲ,
2959 430 3201 500 ψάλλειν,
3239 428 3273 500 ἢ
3307 428 3692 497 ἀναγινώσκειν

435 525 604 581 studii
646 529 927 593 penuriam
983 537 1037 579 et
1083 527 1302 578 virtutis
1359 526 1672 590 del'eCtutn,
1706 533 1800 581 sed
1856 544 2022 596 parva

434 617 651 687 magnis
686 632 791 669 non
820 631 943 670 csac
980 631 1204 685 prorsus
1248 632 1436 685 parva,
1473 633 1572 672 nec
1609 633 1805 687 magna
1840 620 2025 687 parvis

437 709 654 777 penitus
696 722 909 776 magna.
961 705 1096 761 Nam
1154 709 1414 777 perfectis
1445 710 1630 765 omnia
1665 721 1793 765 sunt
1839 710 2021 763 facilia

434 807 685 865 operatu.
748 797 873 853 Ideo
914 810 1022 851 nou
1081 810 1275 853 omnes
1315 809 1443 853 sunt
1486 813 1723 868 semper,
1762 816 1909 854 nunc
1942 801 2024 853 vel

432 888 588 954 olim,
619 889 872 958 practici.
911 904 1009 945 nec
1042 904 1235 944 omnes
1260 892 1509 946 eamdem
1533 892 1675 946 viam
1711 905 2020 960 tenuerunt,

433 986 530 1034 aut
575 994 749 1048 usque
794 983 861 1033 ad
912 981 1074 1036 ﬁdem
1130 995 1515 1039 servaverunt.
1572 984 1727 1040 Multi
1792 988 1940 1040 enim
1995 1004 2025 1039 ιι

430 1072 589 1139 praxi
620 1075 964 1128 devenerunt
990 1075 1058 1129 ad
1087 1076 1634 1147 contemplationem,
1658 1087 1712 1133 et
1748 1080 1816 1135 ab
1848 1081 2025 1134 omni-

432 1165 536 1220 bus
587 1165 1008 1233 requieveruut,
1059 1167 1363 1222 Sabbatum
1432 1169 1804 1224 custodientes
1871 1170 2025 1239 juxta

434 1254 606 1322 legem
642 1252 902 1323 Spiritus,
944 1263 998 1309 et
1035 1255 1092 1309 in
1123 1256 1240 1311 solo
1273 1257 1382 1311 Deo
1422 1258 1587 1313 laetati
1623 1271 1773 1323 sum,
1825 1261 2027 1312 divinis

432 1346 615 1399 satiati
654 1345 888 1406 deliciis,
919 1356 975 1400 et
1020 1346 1200 1417 gratia
1235 1347 1498 1416 prohibiti
1529 1364 1557 1400 a
1596 1349 1880 1417 psallendo
1924 1348 2028 1402 ali-

431 1437 631 1504 quidve
661 1438 807 1492 aliud
839 1437 1172 1499 meditando,
1210 1438 1264 1492 itt
1297 1455 1582 1494 excessum
1618 1441 1755 1507 rapti
1791 1442 1858 1495 ad
1887 1450 2026 1493 tem-

432 1544 556 1597 pus,
600 1541 656 1583 et
717 1538 966 1584 votorum
1015 1544 1284 1584 summam
1316 1532 1513 1596 partim
1544 1541 1600 1588 et
1624 1533 1781 1602 quasi
1807 1533 2027 1587 arrltam

431 1618 691 1672 assecuti.
740 1618 844 1672 Alii
898 1633 1032 1673 vero
1087 1634 1259 1687 usque
1290 1622 1356 1674 ad
1393 1624 1564 1675 linem
1614 1623 1669 1675 iu
1723 1621 1877 1691 praxi
1909 1637 2026 1675 ma-

430 1722 654 1775 nentes,
680 1713 734 1767 in
761 1712 936 1767 salute
958 1713 1396 1779 obdormierunt,
1427 1717 1735 1770 mercedem
1761 1717 1814 1769 in
1839 1715 2029 1770 futuro

2131 536 2200 587 τὰ
2226 531 2503 604 πρακτικὰ
2530 529 2637 582 τῶν
2682 526 2959 597 Πατὲρων.
2992 525 3067 577 Οὐ
3101 522 3209 593 γὰρ
3262 521 3446 593 χρῄζει
3481 523 3518 590 ἡ
3564 521 3692 584 ναῦς

2131 624 2345 687 κώπας,
2378 621 2471 675 τοῦ
2510 622 2714 690 ἀνέμου
2744 617 2834 671 τὸν
2879 615 3111 684 φώσωνα
3143 614 3573 678 ὑπεκτείναντος,
3609 614 3692 666 αῖ-

2133 733 2248 769 σιον
2287 716 2423 784 αὐτῇ
2459 711 2636 783 αὔραν
2662 709 2756 763 τοῦ
2789 708 3101 778 πνεύματος
3133 706 3533 777 χορηγούμενον
3563 705 3694 776 πρὸς

2131 808 2288 876 νῆξιν
2317 802 2652 865 ἐπιπολαίως
2690 801 2790 869 τῆς
2840 799 3090 869 ἁλμυρᾶς
3136 796 3408 865 θαλάσσης
3442 795 3557 847 τῶν
3588 812 3693 880 παῖ

2133 901 2262 963 θῶν,
2290 898 2406 952 ἀλλ’
2461 894 2749 965 ἱσταμένη,
2786 894 2907 954 ταῖς
2952 889 3254 960 κώπαις,ἢ
3301 887 3379 958 τῷ
3433 888 3695 959 πλοιαρίῳ

2136 991 2493 1064 παρέλκεται.
2525 988 2589 1041 Ei
2640 986 2697 1040 δέ
2728 1002 2875 1048 τινες
2919 982 3312 1054 προϐάλλονται
3352 981 3475 1045 τοὺς
3510 982 3696 1049 ἁγίους

2132 1082 2385 1154 Πατέρας
2414 1078 2754 1150 φιλονείκως,
2789 1076 2823 1147 ἦ
2859 1074 3096 1128 ἐνταῦθά
3129 1091 3302 1140 τινας,
3342 1073 3417 1138 ὡς
3445 1075 3530 1127 ὅτι
3558 1090 3694 1127 παν-

2131 1176 2313 1246 νύχιον
2363 1171 2642 1225 ἐποιοῦντο
2688 1167 2911 1231 στάσιν,
2966 1168 3060 1219 καὶ
3116 1165 3455 1218 ἀδιάλειπτον
3516 1165 3695 1235 ψαλμ-

2132 1268 2320 1337 ῳδίαν,
2353 1259 2765 1331 ἁποκρινόμεθα
2790 1259 2999 1319 τούτοις
3032 1258 3095 1309 ὲκ
3121 1257 3230 1308 τῶν
3250 1256 3498 1325 Γραφῶν,
3523 1259 3608 1309 ὅτι
3637 1257 3693 1308 οὐ

2083 1400 2089 1407 .
2132 1359 2352 1412 πάντων
2384 1354 2562 1407 πάντα
2588 1352 2769 1405 τέλεια
2800 1349 2866 1404 δι’
2896 1351 3100 1402 ἔνδειαν
3145 1348 3381 1419 σπουδῆς
3426 1348 3521 1402 καὶ
3564 1349 3697 1400 ἀπο-

2131 1451 2255 1521 ρίαν
2281 1448 2583 1516 δυνάμεως,
2607 1442 2743 1496 ἀλλά
2774 1441 2843 1494 τὰ
2876 1443 2976 1510 μὲν
3011 1439 3182 1511 μικρὰ
3225 1442 3335 1501 τοῖς
3360 1440 3616 1510 μεγάλοις
3637 1440 3693 1491 οὐ

2131 1541 2351 1600 πάντως
2378 1535 2571 1607 μικρὰ,
2599 1535 2669 1587 τὰ
2697 1533 2757 1587 δὲ
2788 1533 2999 1603 μεγάλα
3043 1531 3195 1601 παρά
3229 1534 3342 1595 τοῖς
3372 1535 3587 1602 μικροῖς
3636 1533 3691 1583 οὐ

2129 1632 2354 1693 πάντως
2410 1629 2611 1681 τέλεια.
2657 1626 2782 1688 Τοῖς
2832 1625 2942 1693 γὰρ
2984 1623 3232 1689 τελείοις,
3292 1623 3469 1677 πάντα
3500 1624 3693 1693 εὐχερῆ

2128 1720 2513 1790 ἐνεργούμενα.
2546 1716 2692 1768 Διότι
2727 1716 2788 1768 ού
2824 1714 3022 1777 πάντες
3047 1714 3153 1766 εἰσὶ
3177 1714 3285 1778 ἀεὶ,
3312 1711 3426 1777 νῦν,
3455 1714 3489 1783 ἢ
3510 1715 3690 1779 πάλαι,

431 1804 632 1859 saeculo
684 1806 980 1873 recepturi.
1014 1805 1245 1871 Quidam
1281 1821 1411 1862 vero
1440 1809 1642 1862 mortui
1682 1807 2019 1864 al‘lirmantut

2132 1789 2425 1884 πρακτικοί
2449 1828 2462 1840 -
2496 1808 2616 1862 οὐδὲ
2660 1807 2862 1869 πάντες
2880 1807 2979 1875 τὴν
3011 1803 3323 1887 αὐτὴνγόδὸν
3365 1804 3630 1866 ὥδευσαν,
3662 1805 3693 1875 ἦ

433 1897 638 1952 bonum
670 1898 892 1954 odorem
931 1900 983 1952 iu
1021 1901 1235 1968 signum
1270 1914 1380 1953 sua:
1417 1899 1613 1955 salutis
1647 1910 1769 1968 post
1798 1910 2019 1955 mortem

2127 1903 2234 1965 ἓως
2269 1901 2459 1964 τέλους
2485 1901 2832 1970 ἐκράτησαν·
2861 1896 3046 1950 πολλοὶ
3101 1897 3208 1966 γάρ
3242 1896 3347 1948 ἀπὸ
3384 1896 3692 1967 πρακτικῆς

429 1993 739 2055 exhalasse,
779 1992 871 2062 qui
898 1994 1077 2046 adhuc
1111 1992 1220 2046 vivi
1252 1993 1481 2061 gratiam
1514 1993 1733 2061 quidem
1765 1993 2019 2059 baptismi

2127 1986 2288 2062 ἦλθον
2308 1992 2389 2053 είς
2422 1990 2678 2062 θεωρίαν,
2696 1988 2793 2044 καὶ
2821 1988 3171 2042 κατέπαυσαν
3200 1989 3266 2039 ἐκ
3290 1985 3536 2047 πάντων,
3566 1986 3695 2038 σαε-

435 2083 745 2148 hahebant,
781 2095 838 2138 ut
879 2099 1094 2149 omnes,
1127 2088 1222 2138 sed
1270 2084 1342 2140 ob
1374 2085 1747 2154 captivitatem
1779 2095 1834 2138 et
1878 2085 2019 2155 igno-

2127 2083 2444 2146 ϐατίσαντες
2492 2080 2636 2137 κατά
2686 2083 2782 2135 τὸν
2811 2078 3177 2151 πνευματικὸν
3202 2080 3387 2151 νόμον,
3420 2079 3601 2133 καιὲν
3627 2076 3701 2129 τῶ

430 2176 663 2229 rantiam
693 2178 892 2230 mentis
924 2192 1038 2230 sua:
1069 2191 1175 2230 non
1206 2191 1329 2230 cum
1354 2190 1417 2230 ea
1471 2176 1700 2246 mystice
1722 2177 2019 2231 communi-

2127 2175 2242 2246 Θεῷ
2280 2176 2427 2246 μόνῳ
2451 2174 2829 2244 εὐφραίνοντο,
2858 2171 3249 2243 κεκορεσμένοι
3269 2173 3366 2240 τῆς
3397 2168 3551 2235 θείας
3569 2184 3695 2239 τρυ-

430 2274 718 2320 caverunt.
747 2266 855 2321 Alii
897 2266 1075 2320 adhuc
1109 2267 1162 2320 in
1192 2276 1427 2336 utraque
1456 2264 1674 2321 laudem
1714 2266 1938 2333 habent,
1971 2269 2019 2321 in

2127 2268 2252 2335 φῆςν
2278 2265 2374 2319 καὶ
2409 2266 2485 2336 μὴ
2516 2262 2959 2336 συγχωρούμενοι
2978 2261 3223 2332 ψάλλειν,
3240 2261 3274 2330 ἢ
3297 2259 3426 2313 ἀλλο
3454 2276 3510 2312 τι
3542 2254 3699 2328 μελε-

432 2357 739 2427 psalmodia
769 2366 825 2414 et
859 2357 913 2411 itt
943 2358 1214 2422 oratione,
1241 2368 1295 2413 et
1340 2358 1421 2413 sic
1471 2360 1700 2430 degunt,
1728 2360 1903 2429 gratia
1946 2359 2019 2413 di~

2127 2361 2224 2429 τᾷν
2243 2358 2397 2429 παρὰ
2420 2360 2519 2429 τῆς
2546 2358 2769 2429 χάριτος
2789 2373 2803 2388 ’
2836 2357 2917 2419 είς
2944 2354 3204 2423 ἔκπληξιν
3255 2352 3406 2414 ὄντες
3437 2351 3547 2413 ἕως
3576 2366 3691 2403 και-

430 2455 531 2506 tati
557 2465 774 2519 semper
804 2459 1021 2520 agente,
1045 2462 1100 2505 et
1125 2466 1404 2521 nunquam
1438 2452 1598 2506 obice
1627 2452 1736 2506 ullo
1762 2451 2019 2521 impediti.

2128 2449 2246 2521 ροῦ,
2300 2450 2607 2520 φθάσαντες
2645 2448 2756 2501 τῶν
2790 2444 3032 2519 ὀρεκτῶν
3062 2445 3124 2499 τὸ
3153 2444 3381 2515 ἔσχατον
3433 2440 3693 2513 μερικῶς,

429 2546 539 2601 Alii
591 2546 813 2600 demum
867 2558 1037 2611 usque
1083 2544 1152 2599 ad
1200 2545 1360 2599 linem
1421 2546 1660 2599 maxima
1716 2544 2019 2614 polluerunt

2127 2541 2200 2600 ὼς
2248 2539 2307 2591 ὲν
2360 2537 2663 2609 ἀῤῥαὸῶνι.
2700 2536 2884 2591 ’Ἄλλοι
2912 2536 2970 2589 δὲ
3012 2535 3118 2598 ἕως
3147 2533 3333 2596 τέλους
3362 2534 3420 2585 ὲν
3454 2532 3533 2602 τῷ
3559 2549 3695 2602 πρα-

431 2635 638 2703 quiete,
657 2634 826 2689 vitam
850 2636 1115 2703 privatam
1138 2640 1388 2704 agentes,
1411 2635 1665 2689 oratione
1688 2634 1799 2688 sola
1822 2635 2019 2702 optime

2127 2620 2301 2698 κτικῷ
2340 2628 2624 2698 ἐσώθησαν
2655 2625 3034 2695 κοιμηθέντες,
3084 2623 3185 2695 τὴν
3234 2620 3592 2676 ἀνταπόδοσιν
3642 2619 3694 2670 ὲν

431 2726 702 2790 cententi,
727 2735 786 2781 ut
807 2725 909 2780 soli
951 2740 1076 2780 cum
1101 2726 1242 2787 solo,
1276 2726 1387 2780 Deo
1421 2725 1556 2779 uniti
1585 2739 1599 2778 :
1628 2743 1748 2778 naut
1774 2724 2019 2791 perfecti,

2127 2720 2205 2792 τῷ
2245 2719 2490 2791 μέλλοντι
2549 2717 2925 2789 ἐκδεχόμενον
2974 2715 3118 2778 τινὲς
3169 2714 3226 2767 δὲ
3276 2715 3334 2765 ἐν
3366 2712 3441 2781 τῷ
3488 2711 3695 2778 θανάτῳ

431 2829 493 2872 ιιι
547 2817 804 2882 diximus,
862 2818 1048 2873 omnia
1098 2817 1308 2882 valent,
1371 2816 1824 2872 iuconfortauto
1877 2819 2019 2883 ipsos

2129 2812 2666 2884 πληροφορηθέντες,
2699 2813 2775 2870 ὼς
2810 2810 2949 2881 μετά
2979 2809 3208 2862 θάνατον
3242 2807 3571 2876 μυρίσαντες
3621 2804 3695 2864 είς

432 2906 675 2972 Christo,
717 2905 806 2962 cui
837 2906 1011 2979 gloria
1034 2906 1089 2961 in
1117 2907 1315 2962 saecula
1348 2907 1695 2962 saeculorum.
1724 2910 1915 2961 Amen.

2129 2905 2353 2971 ἔνδειξιν
2376 2907 2474 2974 τῆς
2501 2904 2711 2959 ἑαυτῶν
2736 2900 3027 2972 σωτηρίας,
3069 2901 3177 2991 τὴν
3203 2903 3364 2971 χάριν
3384 2897 3479 2951 τοῦ
3510 2892 3694 2966 βαπτίο

435 3030 647 3081 σματος
674 3011 916 3080 ἔχοντες,
954 3007 1031 3069 ὡς
1072 3005 1298 3070 πάντες,
1329 2997 1428 3056 καί.
1464 3002 1553 3056 διὰ
1582 3002 1681 3074 τὴν
1711 3000 2101 3072 αἰχμαλωσίαν
2134 3002 2231 3055 καὶ
2250 3009 2352 3075 τὴν
2372 3002 2650 3072 ἀγνωσίαν
2674 3002 2771 3054 τοῦ
2804 3000 2925 3064 νοὸς
2947 2995 3128 3072 αὐτῶν
3160 2995 3237 3067 μὴ
3265 2993 3693 3063 κοινωνήσαντες

435 3110 716 3178 μυστικῶς
754 3107 875 3177 μετ’
903 3104 1080 3173 αὐτῆς
1109 3103 1192 3154 ἔτι
1240 3100 1446 3163 ζῶντες
1479 3119 1494 3135 ο
1549 3102 1730 3172 ἕτεροι
1758 3100 1816 3152 δὲ
1848 3098 1906 3151 ἐν
1933 3101 2271 3170 ἀμφοτέροις
2318 3097 2694 3168 εὐδοκιμοῦσι,
2736 3099 2804 3168 τῇ
2851 3092 3147 3164 ψαλμῳδίᾳ
3186 3088 3281 3144 καὶ
3306 3089 3369 3158 τῇ
3396 3089 3690 3157 προσευχῇ,

433 3212 532 3262 καὶ
571 3206 717 3260 οὕτω
748 3205 1025 3271 διάγουσι,
1062 3199 1331 3253 πλουσίαν
1366 3197 1585 3267 ἔχοντες
1619 3199 1720 3266 τὴν
1752 3197 1919 3266 χάριν
1964 3196 2041 3260 ὡς
2073 3197 2412 3269 ἀεικίνητον,
2463 3200 2558 3252 καὶ
2595 3195 2867 3265 μηδέποτε
2915 3195 2980 3247 ἐκ
3018 3208 3166 3256 τινος
3219 3187 3638 3260 ἐμποδιζόμενοι
3667 3195 3684 3211 ⁸

433 3306 588 3362 ἄλλοι
614 3304 671 3357 δὲ
704 3304 809 3364 ἕως
836 3300 1028 3360 τέλους
1062 3297 1305 3367 μάλιστα
1325 3295 1425 3364 τὴν
1458 3293 1695 3364 ἡσυχίαν
1720 3291 2035 3363 ἐκράτησαν
2069 3291 2282 3345 ἰδιῶται
2311 3292 2489 3356 ὄντες,
2514 3291 2849 3363 ἀρκούμενοι
2877 3289 2937 3340 ιν
2962 3290 3028 3358 τῇ
3059 3284 3336 3354 προσευχῇ
3364 3282 3529 3350 μόνον
3558 3283 3690 3332 πάνυ

432 3402 639 3466 καλῶς,
676 3401 751 3462 ὠς
783 3398 940 3465 μόνοι
973 3393 1114 3463 πρὸς
1149 3394 1315 3460 μόνον
1347 3390 1483 3443 Θεὸν
1505 3386 1804 3446 ἑνωθέντες
1832 3403 1847 3418 ο
1889 3386 1940 3438 οἱ
1969 3386 2081 3455 γὰρ
2113 3387 2340 3453 τέλειοι,
2373 3389 2449 3452 ὡς
2482 3389 2735 3455 εἴπομεν,
2772 3384 2952 3438 πάντα
2988 3381 3269 3454 ἰσχύουσιν
3323 3378 3383 3431 ἐν
3408 3374 3487 3446 τῷ
3539 3374 3687 3432 ἐνδυ·

431 3495 709 3566 γαμοῦντι
746 3490 946 3550 αὐτοὺς
980 3484 1229 3557 Χριστῷ,
1259 3475 1303 3553 ᾧ
1335 3484 1369 3553 ἡ
1404 3481 1535 3549 δόξα
1563 3483 1646 3545 εἰς
1676 3482 1803 3545 τοὺς
1833 3482 2042 3544 αἰῶνας
2074 3479 2187 3536 τῶν
2213 3482 2457 3537 αἰώνων.
2489 3482 2691 3552 Ἀμήν.

1024 3854 1280 3924 Ejusdem
1344 3859 1415 3913 ad
1469 3860 1879 3929 interrogantem
1942 3859 2223 3929 quemdam
2259 3861 2327 3915 de
2389 3861 2586 3915 uertitis
2636 3859 2998 3915 moderamine
3023 3858 3125 3932 (l).

499 4319 579 4375 De
612 4330 805 4374 ventre
835 4318 969 4388 quid
1002 4318 1202 4385 dicam,
1228 4320 1546 4388 passionum
1580 4325 1744 4388 rege?
1779 4322 1834 4377 Si
1881 4341 2009 4394 pos-

432 4413 510 4468 sis
533 4428 657 4466 cum
682 4425 920 4466 enecare
950 4421 1004 4465 et
1026 4412 1447 4466 semimortuum
1486 4414 1688 4476 facere,
1729 4431 1795 4470 ne
1826 4420 2013 4469 remit-

429 4515 534 4559 tas.
561 4503 887 4559 Dominatur
917 4502 1072 4568 mihi,
1106 4502 1306 4569 amice,
1327 4515 1381 4557 et
1409 4504 1458 4557 ei
1492 4505 1727 4561 famulor
1756 4519 2018 4562 utservus

426 4606 482 4651 et
511 4597 780 4667 captivus.
821 4594 919 4651 Est
950 4610 1087 4667 coop
1101 4606 1288 4651 orator
1310 4599 1719 4664 daemonum,et
1754 4601 2016 4654 vitiorum

428 4692 650 4763 domus.
706 4688 812 4743 Per
841 4704 969 4744 eum
1003 4689 1063 4743 ﬁt
1093 4690 1279 4759 lapsus
1318 4700 1614 4757 noster,.et
1643 4707 1741 4760 per
1769 4707 1894 4746 eum
1928 4709 2016 4747 re-

428 4782 723 4845 surrectio,
781 4798 908 4838 cum
939 4782 1189 4839 ordinem
1226 4791 1446 4851 servat;
1479 4794 1535 4838 et
1572 4799 1667 4854 per
1707 4799 1833 4839 eum
1866 4786 2015 4839 exci-

429 4872 611 4927 dimus
640 4872 816 4941 prima
853 4874 1206 4943 secundaque
1234 4874 1500 4945 dignitate
1557 4878 1768 4934 divina.
1827 4877 2015 4944 Quare

430 4972 690 5031 corrupto
729 4970 899 5018 veteri
922 4965 1166 5030 homine,
1198 4970 1440 5022 renovati
1473 4969 1736 5022 sumusiu
1757 4969 2013 5034 Christo;

429 5053 528 5109 sed
547 5068 676 5109 ecce
706 5055 902 5124 relapsi
934 5072 1125 5113 sumus
1147 5074 1322 5128 nuper
1355 5080 1383 5113 ει
1409 5059 1542 5125 Deo,
1574 5077 1675 5124 per
1706 5074 2013 5133 transgres-

432 5145 642 5202 sionem
684 5149 1065 5205 mandatorum
1100 5155 1333 5224 gratiam
1395 5156 1446 5208 iu
1510 5157 1757 5225 profectu
1792 5172 2017 5213 conser-

434 5238 678 5293 vantiutn
736 5250 791 5295 et
820 5243 1165 5313 augentium,
1196 5245 1326 5300 licet
1357 5262 1470 5316 prae
1502 5248 1808 5317 ignorantia
1850 5249 2023 5307 simus

434 5331 587 5402 elati,
650 5347 914 5407 putantes
969 5356 1070 5398 nos
1116 5357 1243 5397 cum
1306 5341 1417 5397 Deo
1450 5358 1591 5398 esse.
1634 5344 1801 5398 Valde
1835 5354 2020 5398 autem

438 5423 700 5485 diﬂ‘erunt
747 5432 1049 5491 nutrimine
1113 5448 1369 5502 corpora,
1406 5445 1467 5488 ut
1500 5435 1690 5491 Patres
1721 5436 2019 5491 dixerunt:

444 5530 569 5573 nam
621 5522 712 5577 uni
773 5524 1025 5594 multum,
1085 5527 1241 5582 alteri
1303 5543 1493 5597 parum
1526 5529 1768 5599 exigitur
1799 5529 1867 5581 ad
1903 5544 1999 5583 sus

435 5607 690 5670 tincudas
719 5620 1001 5675 naturales
1022 5620 1142 5692 ejus
1173 5621 1342 5685 vires,
1363 5630 1417 5675 et
1440 5621 1635 5690 cuique
1666 5637 1766 5691 pro
1790 5620 2023 5676 vietha-

2204 4323 2341 4392 Περὶ
2377 4319 2479 4389 τῆς
2525 4322 2762 4395 γαστρὸς
2805 4321 2860 4374 τί
2904 4322 3065 4388 εἴπω,
3095 4320 3193 4390 τῆς
3234 4318 3554 4391 βασιλίσσης
3585 4315 3689 4369 τῶν

2131 4413 2352 4480 παθῶν;
2391 4413 2517 4468 Ἐὰν
2547 4412 2785 4485 δυνηθῇς
2815 4413 3089 4482 νεκρῶσαι
3113 4412 3305 4482 αὐτὴν,
3336 4414 3430 4464 καὶ
3462 4405 3688 4481 ἡμιθανῆ

2128 4504 2573 4575 ἀπεργάσασθαι,
2607 4504 2683 4575 μὴ
2713 4503 2971 4579 meum.
2993 4503 3396 4574 Κατεκυρίευσέ
3426 4502 3688 4572 μου,ἁγα-

2131 4599 2289 4672 πητὲ,
2318 4590 2413 4652 καί
2448 4597 2698 4669 λατρεύω
2730 4596 2905 4670 ταύτῃ
2940 4596 3015 4659 ὡς
3044 4594 3225 4658 δοῦλος
3249 4593 3421 4663 αὐτῆς
3450 4592 3544 4647 καὶ
3569 4587 3688 4643 ὑπό·

2130 4693 2375 4756 σπονδος,
2422 4693 2455 4762 ἡ
2491 4690 2755 4761 συνεργὸς
2783 4690 2894 4742 τῶν
2949 4688 3239 4759 δαιμόνων,
3264 4687 3357 4740 καὶ
3384 4686 3445 4740 τὸ
3467 4685 3573 4739 τῶν
3596 4698 3688 4735 πα·-

2129 4785 2239 4838 θῶν
2272 4785 2717 4854 κατοικητήριον·
2750 4783 2818 4836 δι’
2858 4782 3028 4852 αὐτῆς
3059 4782 3168 4852 ’γὰρ
3201 4781 3407 4849 γίνεται
3432 4781 3466 4851 ὴ
3498 4776 3686 4835 πτῶσις

2129 4880 2308 4952 ἡμῶν,
2339 4880 2435 4932 καὶ
2460 4878 2528 4932 δι’
2552 4878 2723 4947 αὐτῆς
2758 4879 2791 4947 ὴ
2824 4875 3141 4940 ἀνάστασις,
3168 4874 3297 4928 ὅταν
3322 4874 3573 4942 εὐτακτῇ,
3603 4865 3687 4921 καὶ

2127 4968 2194 5021 δι’
2233 4968 2401 5038 αὐτῆς
2447 4965 2885 5037 ἐκπεπτώκαμεν
2930 4964 3024 5018 τοῦ
3054 4965 3274 5034 πρώτου
3317 4964 3410 5017 καὶ
3445 4959 3680 5028 δευτέρου

2127 5060 2436 5133 ἀξιώματος
2469 5059 2563 5114 τοῦ
2588 5058 2791 5112 θεῖκοῢ.
2814 5059 2959 5113 Διότι
2990 5056 3376 5127 διαφθαρέντος
3404 5054 3496 5107 τοῦ
3524 5050 3682 5122 ἀρχῆ-

2129 5155 2242 5222 θεν,
2307 5156 2468 5209 πάλιν
2521 5152 2986 5221 ἀνεκαινίσθημεν
3030 5155 3088 5206 ὲν
3138 5148 3402 5220 Χριστῷ,
3457 5147 3547 5199 καὶ
3583 5139 3677 5195 ἰδοὺ

2127 5248 2547 5309 ἐκπεπτωκότες
2586 5247 2752 5317 ἐσμὲν
2777 5246 2902 5315 ἄρτι
2934 5246 2999 5299 ἐκ
3026 5242 3121 5298 τοῦ
3160 5240 3318 5308 Θεοῦ,
3344 5241 3431 5295 διά
3454 5239 3552 5309 τῆς
3584 5233 3678 5288 τῶν

2125 5339 2359 5392 ἐντολῶν
2389 5336 2669 5407 ἀμελείας,
2705 5338 2811 5389 τῶν
2841 5335 3224 5403 φυλασσόντων
3244 5331 3335 5386 καὶ
3362 5328 3675 5395 αὐξανόντων

2125 5431 2225 5501 τὴν
2259 5429 2418 5500 χάριν
2444 5428 2503 5480 ἐν
2530 5429 2806 5498 προκοπῇ,
2841 5425 2946 5479 κάν
2977 5424 3300 5494 ἀγνοοῦντες
3326 5415 3672 5491 ὲπαιρὼμεθαο

2127 5520 2409 5583 δοκοῦντες
2440 5518 2578 5589 μετά
2620 5517 2757 5572 Θεοῦ
2785 5512 2968 5571 ἐἷναι.
3005 5515 3211 5579 Πολλὰς
3260 5515 3316 5567 δὲ
3356 5507 3601 5582 διαφοράς
3622 5506 3673 5557 ἐν

2124 5615 2197 5683 τῇ
2248 5613 2422 5683 τροφῇ
2455 5609 2638 5680 ἔχουσι
2685 5609 2755 5664 τὰ
2790 5607 3041 5680 σώματα,
3094 5607 3169 5672 ὡς
3200 5608 3249 5662 oi
3278 5605 3515 5677 Πατέρες
3539 5598 3670 5672 είρή-

512 5795 590 5867 (1)
626 5798 757 5860 Sine
785 5802 945 5859 titulo
975 5803 1031 5859 in
1058 5804 1267 5861 εει-ποθ.
1292 5802 1577 5877 Supplevit
1605 5807 1901 5877 interpres.
1942 5808 2103 5868 Enir.
2136 5807 2310 5866 Pun.

3952 6056 3956 6307 ἓ
