4020 6472
243 375 375 440 1337

1277 382 1373 443 PR
1385 383 1688 443 )ECEPTA
1734 382 1835 442 AD
1878 382 2445 450 HESYCHASTAS.

3354 384 3487 451 i338

240 510 387 553 κασι.
418 493 511 544 καὶ
560 493 589 544 ὁ
629 492 729 561 μὲν
764 490 963 560 ὀλίγον,
992 493 1019 545 ὀ
1052 491 1110 545 δὲ
1140 491 1274 547 πολύ
1309 490 1489 546 δέεται
1516 493 1652 563 πρὸς
1713 494 1797 547 σύ-

1903 496 2018 551 bitu
2048 499 2367 569 requiritur.
2397 500 2647 554 Attamen
2693 497 2950 568 quietista
2982 513 3203 569 semper
3236 500 3486 553 esuriens

241 600 427 637 στασιν
482 585 580 653 τῆς
606 583 842 654 φυσικῆς
872 583 1035 637 αὐτοῦ
1074 584 1374 654 δυνάμεως,
1406 584 1638 646 ἕκαστος
1663 585 1804 639 κατά

236 679 334 747 τήν
366 676 596 747 δύναμιν
644 676 738 729 καὶ
791 680 890 745 τὴν
939 676 1051 741 ἕξιν
1096 677 1530 749 ὲπαρκούμενος.
1565 678 1805 748 Ὄμωςὸ

237 768 544 837 ἡσυχάζων,
588 767 819 820 πάντοτε
854 766 1038 837 ἐνδεὴς
1061 766 1267 835 ὀφείλει
1296 764 1456 830 εἶναι,
1490 767 1566 838 μὴ
1614 784 1805 837 κορενο-

236 859 482 929 νύμενος·
517 857 885 928 βαρυνομένου
944 859 1053 928 γὰρ
1111 857 1208 910 τοῦ
1255 860 1548 928 στομάχου,
1580 858 1675 911 καὶ
1707 855 1801 910 τοῦ

234 951 349 1013 νοὸς
377 949 701 1011 θολωθέντος
733 949 821 1002 διὰ
849 949 1059 1014 τούτου,
1090 948 1210 1002 οὐδὲ
1245 950 1553 1020 προσευχὴν
1581 948 1803 1002 δύναται

232 1042 410 1109 λέγειν
443 1040 738 1112 κραταιῶς,
771 1040 804 1110 ἥ
839 1040 1117 1111 καθαρῶς,
1169 1040 1284 1094 ἀλλ’
1339 1042 1403 1094 ὲκ
1449 1041 1549 1112 τῆς
1599 1039 1801 1094 ἀναθυ-

233 1136 471 1204 μιάσεως
496 1130 605 1184 τῶν
634 1130 845 1183 πολλῶν
877 1129 1180 1201 βρωμάτων
1202 1130 1279 1200 τῷ
1309 1129 1461 1200 ὕπνῳ
1490 1130 1801 1200 καταφερό-

233 1243 415 1296 μενος,
442 1223 773 1294 κοιμηθῆναι
798 1223 1009 1293 ταχέως
1038 1224 1310 1287 ἐπιποθεῖ,
1345 1222 1405 1287 ἐξ
1426 1217 1487 1277 οὐ
1509 1222 1800 1292 φαντασίαι

229 1319 589 1390 ἀναρίθμητοι
635 1320 693 1371 ὲν
724 1316 802 1387 τῷ
827 1317 980 1388 ὕπνῳ
1031 1316 1385 1369 ἐπιπίπτουσι
1436 1316 1515 1386 τῷ
1544 1316 1642 1368 νοΐ.
1675 1314 1800 1369 Τοι-

227 1408 432 1479 γαροῦν
458 1408 533 1475 τῷ
569 1407 878 1477 βουλομένῳ
930 1408 1205 1478 σωτηρίας
1249 1409 1455 1476 τυχεῖν,
1490 1406 1584 1459 καὶ
1609 1404 1793 1476 βιαζο·

229 1503 376 1570 μένῳ
427 1499 520 1553 διὰ
571 1499 661 1551 τὸν
727 1497 930 1570 Κύριον
992 1499 1210 1568 ἡσύχως
1240 1498 1456 1567 βιῶναι,
1485 1497 1674 1567 ἄρτου,
1721 1498 1797 1560 ὡς

222 1593 403 1663 οἶμαι,
434 1591 591 1662 λίτρα
622 1592 799 1643 ίκανοῖ
850 1592 1024 1659 αὐτῷ,
1079 1591 1174 1643 καὶ
1229 1590 1441 1654 ὓδατος,
1486 1590 1582 1643 καὶ
1626 1590 1792 1652 οῐνου,

224 1683 365 1737 κατά
384 1683 484 1752 τήν
510 1682 746 1751 ἡμέραν,
771 1682 920 1750 τρία,
948 1681 981 1750 ἦ
1012 1681 1255 1752 τέσσαρα
1281 1683 1538 1753 ποτήρια,
1565 1680 1659 1734 καὶ
1688 1679 1796 1733 ἀπὸ

219 1775 332 1827 τῶν
389 1774 818 1844 παρατυχόντων
874 1772 1181 1841 βρωμάτων
1213 1773 1395 1840 ὀλίγον
1453 1774 1519 1826 ἐκ
1576 1772 1793 1825 πάντων

220 1868 365 1918 κατὰ
386 1866 578 1933 καιρὸν
610 1864 1064 1934 μεταλαμϐάνειν,
1115 1864 1502 1932 ἀπωθούμενον
1530 1863 1630 1931 τὴν
1655 1859 1792 1929 πλη-

221 1957 447 2025 σμονὴν,
483 1956 568 2007 ἶνα
609 1957 710 2009 κάν
756 1956 929 2026 τούτῳ
962 1954 1140 2024 σοφῶς
1190 1955 1552 2025 χρησάμενος,
1585 1953 1676 2005 τὸν
1700 1949 1795 2005 τύ-

218 2067 321 2117 φον
348 2048 434 2101 διὰ
467 2049 562 2118 τῆς
596 2050 660 2102 ὲκ
688 2050 906 2103 πάντων
944 2048 1303 2119 μεταλήψεως
1341 2049 1600 2116 ἐκφυγεῖν
1632 2045 1791 2114 δυνή-

218 2156 404 2209 σηται,
461 2141 552 2192 καὶ
605 2141 675 2193 τά
723 2139 816 2194 τοῦ
849 2140 984 2194 Θεού
1042 2139 1160 2193 λίαν
1190 2140 1331 2193 καλά
1386 2142 1667 2210 ποιήματα
1716 2134 1792 2207 μὴ

220 2228 548 2300 βδελύξοιτο,
573 2231 909 2303 εὐχαριστῶν
938 2230 1085 2303 αὐτῷ
1115 2232 1255 2302 ὑπὲρ
1278 2232 1513 2285 πάντων·
1538 2230 1631 2284 καὶ
1653 2227 1790 2297 αὕτη

210 2329 327 2382 τῶν
352 2328 630 2399 φρονίμων
680 2330 713 2396 ή
771 2328 1065 2399 διάκρισις.
1099 2330 1224 2393 Τοῖς
1252 2329 1309 2382 δὲ
1337 2330 1623 2384 ἀσθενοῦσι
1656 2331 1800 2384 κατά

214 2422 423 2483 πίστιν,
466 2420 563 2474 καὶ
600 2418 743 2472 κατὰ
768 2420 971 2491 ψυχὴν,
1026 2421 1061 2491 ή
1111 2422 1292 2491 ἀποχὴ
1339 2422 1499 2475 πλέον
1533 2422 1801 2492 συμφέρει

211 2512 328 2565 τῶν
358 2512 656 2581 ἐδωδίμων,
679 2507 761 2575 οἷς
783 2513 993 2582 λάχανα
1021 2512 1224 2566 ἐσθίειν
1271 2512 1558 2566 ἐκέλευσεν
1585 2512 1614 2564 ὁ
1649 2513 1803 2565 Ἀπό-

214 2602 427 2671 στόλος,
469 2604 559 2657 διὰ
601 2606 665 2657 τὸ
708 2605 783 2676 μή
817 2606 1100 2657 πιστεύειν
1129 2605 1325 2667 αὐτοὺς
1352 2605 1418 2657 ὲκ
1449 2602 1586 2657 Θεοῦ
1627 2603 1799 2672 φυλα-

210 2695 433 2769 χθῆναι.
463 2696 528 2748 Τί
582 2697 641 2748 δέ
682 2714 763 2749 σοι
824 2698 985 2759 εἴπω,
1010 2696 1093 2749 ὅτι
1126 2696 1330 2749 κανόνα
1386 2692 1679 2767 ἐζήτησας,
1705 2694 1801 2749 καὶ

214 2787 387 2858 βάρος
436 2788 595 2851 πολὺ,
635 2787 813 2858 γέρων
864 2788 974 2854 ῶν;
1034 2790 1289 2855 νεώτεροι
1338 2789 1399 2841 οὐ
1455 2788 1708 2841 δύνανται
1739 2789 1802 2842 ἐν

216 2876 450 2948 σταθμῷ
480 2879 577 2931 καὶ
631 2880 835 2949 μέτρῳ,
874 2879 970 2932 καὶ
1012 2879 1127 2942 πῶς
1165 2881 1229 2933 σύ
1293 2879 1590 2949 κρατήσεις
1630 2878 1797 2945 αὐτό;

208 2968 329 3039 Τὴν
360 2968 680 3040 ἐλευθερίαν
735 2970 842 3039 γὰρ
894 2971 1095 3042 πρέπει
1131 2988 1212 3022 σοι
1256 2972 1480 3040 κρατεῖν
1522 2971 1582 3021 ὲν
1613 2955 1799 3035 παντὶ,

211 3059 452 3113 ἐσθίοντι
472 3075 485 3089 ⁶
514 3060 563 3113 εἱ
599 3059 657 3113 δὲ
690 3061 943 3131 ἧττασαι,
988 3061 1295 3132 μεταμελοῦ
1316 3101 1330 3124 ,
1360 3060 1456 3115 καὶ
1488 3060 1651 3114 πάλιν
1679 3062 1801 3114 ἐπι·-

1905 589 2064 643 debet
2087 604 2233 657 esse,
2267 605 2379 644 non
2414 598 2732 646 saturatos:
2763 597 2990 661 gravato
3021 591 3170 645 enim
3201 589 3486 645 stomacho

1902 690 1959 735 et
1990 692 2169 736 mente
2198 697 2294 751 per
2330 683 2476 738 hunc
2511 684 2751 748 turbata,
2803 698 2912 738 non
2950 692 3130 753 potest
3177 682 3482 736 orationem

1905 771 2089 827 dicere
2146 772 2369 829 fortiter
2413 788 2478 828 ac
2542 788 2701 845 pure,
2754 774 2853 830 sed
2889 774 3183 827 multorum
3231 772 3481 826 ciborum

1904 862 2201 932 vaporibus
2234 863 2302 917 ad
2351 879 2603 919 somnum
2635 873 2845 935 raptus,
2901 865 3103 919 cubare
3150 865 3258 919 cito
3306 864 3478 931 cupit,

1902 958 2047 1010 unde
2105 956 2389 1010 innumera
2432 957 2486 1010 in
2536 971 2729 1011 somno
2761 958 3141 1027 phantasmata
3192 957 3362 1013 menti
3397 957 3482 1010 in-

1905 1054 2132 1116 gruunt.
2176 1046 2323 1114 Ergo
2347 1048 2553 1101 volenti
2586 1048 2816 1103 salutem
2845 1048 3129 1115 consequi,
3160 1057 3214 1102 et
3259 1047 3477 1101 conanti

1901 1144 2124 1205 propter
2185 1136 2473 1191 Dominum
2524 1139 2964 1207 quiete-vivere,
2998 1140 3179 1210 panis,
3230 1146 3288 1193 ut
3324 1148 3476 1207 puto,

1901 1226 2042 1281 libra
2070 1226 2286 1292 sufﬁcit,
2328 1239 2383 1282 et
2426 1243 2583 1297 aqua:
2638 1244 2703 1285 ac
2739 1229 2851 1283 vini
2890 1231 2993 1284 tria
3046 1231 3124 1285 vel
3158 1241 3356 1299 quator
3388 1245 3482 1298 po.

1913 1319 2057 1383 cula,
2083 1329 2141 1372 et
2191 1333 2260 1373 ex
2311 1320 2728 1376 occurrentibus
2776 1320 2916 1376 cibis
2963 1322 3216 1376 omnibus
3247 1335 3480 1391 paucum

1901 1411 2207 1475 desumere,
2262 1410 2463 1478 reiecta
2514 1413 2692 1480 copia,
2749 1420 2807 1466 ut
2839 1413 2944 1468 hoc
2987 1429 3163 1484 pauco
3203 1413 3482 1483 sapienter

1901 1512 2084 1564 utens,
2155 1503 2463 1571 superbiam
2531 1503 2800 1557 sumendo
2849 1518 2919 1558 ex
2973 1504 3224 1559 omnibus
3293 1504 3481 1573 fugere

1900 1596 2093 1662 possit,
2128 1605 2184 1647 et
2222 1595 2588 1663 pulcherrima
2618 1595 2714 1649 Dei
2774 1610 2937 1666 Opera
2989 1611 3095 1650 non
3155 1597 3475 1659 abhorreat,

1901 1685 2103 1755 gratias
2136 1687 2182 1740 ei
2216 1703 2384 1755 agens
2415 1687 2483 1741 de
2518 1689 2808 1744 omnibus:
2840 1698 2892 1742 ct
2920 1690 3024 1743 hoc
3046 1699 3131 1743 est
3151 1689 3476 1756 sapientium

1897 1780 2186 1849 judicium.
2218 1779 2454 1835 Inﬁrmis
2485 1793 2664 1836 autem
2701 1781 2805 1837 fide
2834 1791 2889 1837 et
2928 1783 3110 1835 anima
3152 1784 3326 1853 magis
3352 1797 3480 1850 pro-

1903 1873 2023 1926 dest
2052 1874 2238 1926 carnis
2266 1873 2633 1929 abstinentia:
2667 1874 2866 1944 quibus
2908 1874 3174 1944 legmnina
3222 1876 3481 1944 praecepit

1902 1965 2215 2033 Apostolus,
2257 1966 2381 2034 quia
2418 1980 2523 2019 non
2556 1964 2788 2020 credunt
2816 1966 2917 2036 ipsi
2946 1981 3005 2019 se
3034 1981 3063 2017 a
3115 1964 3227 2020 Deo
3254 1979 3481 2019 servan-

1905 2058 2024 2112 dos.
2090 2056 2228 2122 Quid
2283 2071 2409 2110 vero
2463 2057 2554 2110 tibi
2621 2056 2796 2110 dinam
2883 2056 3143 2125 quaerenti
3210 2057 3477 2127 regulam,

1907 2164 2073 2218 grave
2101 2149 2318 2218 pondus
2346 2148 2590 2203 seniori?
2619 2150 2678 2203 id
2698 2149 2947 2219 juniores
2976 2165 3083 2204 non
3124 2149 3395 2203 sustinent
3425 2148 3480 2202 in

1907 2251 2114 2295 statera
2146 2252 2197 2295 et
2232 2256 2509 2304 mensura,
2542 2250 2597 2295 et
2625 2242 2898 2310 quomodo
2929 2251 2985 2295 tu
3045 2239 3271 2295 sufferes
3311 2238 3480 2294 illud?

1902 2331 2231 2385 Libertatem
2294 2334 2389 2387 tibi
2457 2334 2765 2387 comedenti
2832 2333 3090 2388 convenit
3152 2346 3375 2386 servare
3424 2331 3480 2385 in

1902 2424 2199 2489 omnibus;
2261 2425 2404 2493 quod
2458 2425 2504 2479 si
2554 2425 2827 2489 .vincaris,
2884 2423 3166 2495 resipisce,
3203 2432 3258 2476 et
3304 2437 3480 2477 novos

1903 2516 2100 2568 adhibe
2132 2515 2307 2578 nisus,
2344 2531 2455 2569 nec'
2479 2517 2667 2570 desine
2698 2517 2775 2570 sic
2809 2513 2992 2570 facere
3020 2528 3257 2582 semper,
3290 2516 3478 2581 lapsus

1900 2623 2205 2673 resurgere,
2260 2623 2324 2662 ac
2360 2617 2714 2663 contemnere
2743 2622 2958 2676 semper
2987 2615 3041 2660 te
3078 2606 3256 2675 ipsum
3285 2645 3301 2670 ,
3365 2619 3479 2658 non

1901 2711 2028 2750 vero
2060 2696 2247 2761 alium,
2295 2709 2349 2751 et
2377 2698 2601 2753 habebis
2661 2699 2927 2767 requiem,
2991 2698 3267 2767 sapienter
3318 2710 3480 2751 casus

1899 2788 1952 2842 in
1992 2789 2275 2844 victoriam
2305 2802 2544 2851 vertens,
2568 2790 2721 2856 juxta
2765 2790 3126 2858 Scripturam.
3188 2789 3267 2844 Ne
3303 2800 3479 2842 tamen

1898 2879 2137 2933 excedas
2197 2894 2506 2934 mensuram
2556 2895 2719 2949 quam
2757 2892 2918 2933 antea
2969 2879 3477 2944 determinavinnts,

1899 2979 1956 3024 et
1988 2970 2185 3023 sufﬁcit
2215 2970 2351 3024 tibi:
2408 2984 2585 3039 neque
2646 2970 2795 3024 enim
2850 2978 3061 3024 tantum
3122 2970 3482 3024 corroborant

1898 3075 2097 3130 corpus
2163 3060 2268 3113 alia
2349 3059 2628 3122 alimenta,
2680 3071 2946 3130 quantum
3002 3060 3164 3131 panis
3217 3070 3274 3114 et
3325 3074 3483 3128 aqua:

215 3151 498 3223 χείρησον,
530 3152 628 3206 καὶ
689 3151 766 3222 μὴ
811 3151 995 3224 παύσῃ
1024 3152 1168 3206 οὔτω
1211 3151 1381 3205 ποιῶν
1425 3152 1680 3216 πάντοτε,
1713 3151 1797 3204 πί-

1899 3157 2160 3222 sumptio.
2230 3151 2523 3221 Propterea
2574 3152 2800 3208 dicebat
2868 3152 3153 3223 propheta,
3206 3151 3312 3207 alia
3381 3164 3481 3220 pro

213 3260 392 3308 πτων,
426 3243 520 3296 καὶ
574 3243 950 3315 ἐγειρόμενος,
998 3249 1095 3297 καὶ
1145 3245 1495 3314 μεμφόμενος
1518 3243 1605 3297 ἀεί
1637 3260 1800 3296 σεαυ-

210 3336 331 3400 τὸν,
363 3336 460 3388 καὶ
488 3336 565 3406 μὴ
594 3335 775 3401 ἄλλον,
808 3338 903 3390 καὶ
951 3334 1094 3402 ἕξεις
1136 3338 1465 3400 ἀνάπαυσιν,
1501 3338 1680 3406 σοφῶς
1713 3337 1802 3390 διὰ

212 3426 528 3495 πτωμάτων
558 3426 657 3497 τὴν
691 3427 849 3497 νίκην
879 3427 1222 3495 ποιούμενος,
1252 3427 1392 3479 κατά
1421 3424 1519 3496 τὴν
1552 3426 1797 3496 Γραφήνο

212 3515 359 3586 πλὴν
408 3518 483 3587 μὴ
515 3518 862 3589 παρασαίνῃς
900 3519 991 3571 τὸν
1029 3519 1155 3588 ὅρον
1200 3518 1259 3572 ὃν
1302 3516 1671 3587 προεθέμεθα,
1703 3517 1801 3571 καὶ

212 3608 382 3677 ἀρκεῖ
409 3622 513 3660 σοι’
545 3607 667 3661 οὐδὲ
696 3609 804 3679 γὰρ
839 3608 1137 3677 ρωννύουσι
1178 3608 1238 3662 τὸ
1294 3609 1453 3679 σῶμα
1507 3609 1568 3661 αί
1612 3607 1799 3660 λοιπαὶ

214 3697 451 3768 βρώσεις
491 3698 766 3765 τοσοῦτον,
797 3700 921 3752 ὅσον
951 3701 985 3768 ή
1012 3698 1108 3752 τοῦ
1135 3699 1300 3765 ἄρτου
1351 3699 1443 3752 καὶ
1474 3699 1665 3760 ὓδατος
1700 3715 1798 3767 μευ

208 3790 470 3862 τάληψις.
509 3792 609 3845 Διά
660 3791 820 3846 τοῦτο
869 3792 1057 3860 ἔλεγεν
1095 3795 1125 3846 ὁ
1174 3793 1486 3864 Προφήτης,
1530 3793 1614 3846 Τὰ
1661 3792 1799 3846 ἄλλα

208 3884 296 3943 είς
347 3883 502 3935 οὐδὲν
535 3881 786 3953 θέμενος,
829 3884 912 3936 υἱὲ
960 3882 1271 3955 ἀνθρώπου,
1324 3881 1549 3954 σταθμῷ
1576 3884 1666 3937 τὸν
1694 3884 1797 3955 ἆρ-

209 3988 309 4025 τον
354 3989 452 4025 σου
503 3974 741 4042 φάγεσαι
792 3974 886 4026 καὶ
943 3974 1128 4045 μέτρῳ
1178 3975 1239 4026 τὸ
1272 3972 1417 4044 ὕδωρ
1456 3990 1551 4026 σου
1587 3975 1793 4027 πίεσαιο

206 4066 361 4132 τρεῖς
388 4064 498 4135 γὰρ
536 4065 693 4134 ὄρους
714 4064 828 4136 ἔχει
873 4066 907 4136 ή
941 4064 1164 4134 βρῶσις,
1197 4065 1555 4136 ἐγκράτειαν,
1588 4065 1793 4136 αὐτάρ-

211 4174 396 4220 κειαν,
424 4159 519 4209 καὶ
554 4157 740 4227 κόρον.
780 4158 1110 4226 Ἐγκράτειά
1140 4160 1257 4211 ἐστι
1309 4158 1371 4211 τὸ
1403 4159 1593 4229 πεινᾷν
1622 4160 1797 4210 ἑστια-

1898 3242 2071 3298 nibilo
2101 3254 2408 3315 reputans:
2456 3242 2546 3299 «In
2600 3244 2852 3313 pondere
2909 3258 3108 3313 panem
3172 3253 3324 3296 tuum
3369 3257 3481 3297 co-

1898 3336 2107 3397 medes,
2163 3344 2218 3387 et
2238 3348 2436 3403 aquam
2489 3333 2543 3386 in
2573 3348 2828 3389 mensura
2860 3333 3012 3387 bibes
3047 3331 3085 3384 ³.
3132 3349 3153 3382 ι
3177 3329 3314 3384 Nam
3347 3337 3464 3387 tres

1895 3428 2061 3483 habet
2120 3428 2395 3481 nutrimen
2465 3424 2773 3481 terminos:
2866 3422 3305 3490 temperantiam,
3356 3419 3478 3476 fru-

1898 3519 2179 3590 galitatem
2236 3528 2293 3571 et
2332 3516 2698 3571 saturitatem.
2734 3514 2791 3568 In
2846 3512 3226 3582 temperantia,
3290 3522 3479 3582 pastus

1897 3609 2075 3662 adhuc
2129 3607 2348 3671 esurit;
2416 3606 2470 3659 in
2511 3606 2841 3675 frugalitate,
2876 3617 2974 3659 nec
3004 3603 3180 3658 esurit
3217 3617 3319 3657 nec
3352 3617 3480 3674 gra-

1895 3711 2092 3765 vatur;
2153 3698 2205 3751 in
2267 3698 2577 3763 saturitate,
2628 3705 2886 3766 gravatur
2926 3693 3169 3763 paulum.
3212 3693 3321 3748 Sed
3351 3702 3480 3763 post

1900 3792 2237 3848 saturitatem
2287 3791 2466 3845 adhuc
2514 3791 2821 3851 comedere,
2870 3797 3024 3856 porta
3058 3795 3143 3840 est
3195 3786 3478 3857 ingluvie.

1896 3900 1994 3954 per
2050 3898 2211 3953 quam
2243 3883 2452 3938 luxuria
2491 3882 2809 3951 ingreditur.
2845 3878 2925 3932 Tu
2961 3893 3089 3934 vero
3145 3879 3260 3934 hac
3294 3880 3465 3948 probe

1897 3977 2102 4042 sciens,
2158 3991 2257 4043 pro
2315 3974 2522 4030 viribus
2594 3974 2701 4028 tuis
2759 3972 2953 4026 melius
3002 3972 3162 4041 elige,
3218 3978 3328 4026 nun
3376 3986 3475 4026 ex-

1905 4069 2106 4122 cedens
2134 4068 2375 4123 limites:
2434 4083 2558 4121 nam
2594 4066 2850 4136 perfectis
2901 4067 3165 4135 competit
3230 4065 3475 4134 Apostoli

1902 4160 2074 4214 instar
2103 4159 2346 4226 «satiari,
2382 4170 2437 4214 et
2460 4160 2691 4225 esurire,
2721 4169 2777 4211 ct
2803 4160 2981 4211 omnia
3036 4172 3192 4224 posse
3215 4159 3290 4208 ⁸.»

212 4252 385 4303 Θέντα
411 4265 428 4281 ’
468 4250 777 4321 αὐτάρκεια
818 4252 897 4317 δὲ,
940 4256 1001 4305 τὸ
1042 4255 1180 4323 μήτε
1226 4255 1438 4324 πεινᾷν,
1480 4256 1619 4323 μήτε
1660 4252 1945 4325 βαρεῖσθαι
1970 4269 1985 4283 ο
2049 4252 2211 4322 κόρος
2242 4251 2320 4314 δὲ,
2355 4251 2415 4301 τὸ
2450 4249 2717 4317 βαρεῖσθα
2777 4250 2999 4319 μικρόν.
3027 4249 3101 4300 Τὸ
3129 4248 3187 4302 δὲ
3219 4249 3361 4313 μετά
3396 4250 3460 4298 τὸ

212 4344 555 4415 κορεσθῆναι
585 4348 751 4401 πάλιν
781 4345 1005 4415 ἐσθίειν,
1055 4347 1195 4417 θύρα
1242 4347 1363 4400 ἐστὶ
1425 4346 1898 4417 γαστριμαργίας,
1955 4343 2019 4396 δι’
2052 4340 2120 4415 ἦς
2150 4344 2184 4412 ή
2212 4343 2439 4413 πορνεία
2464 4342 2797 4412 εἰσέρχεται.
2825 4342 2897 4394 Σύ
2926 4341 2982 4394 δὲ
3005 4341 3179 4396 ταῦτα
3215 4342 3461 4412 ἀκριϐῶς

215 4437 623 4505 ἐπιστάμενος,
652 4439 795 4491 κατά
835 4446 934 4507 τήν
963 4441 1063 4509 σήν
1093 4440 1325 4510 δύναμιν
1358 4439 1420 4492 τὸ
1459 4442 1711 4508 κρεῖττον
1734 4437 2001 4504 ἐπίλεξαι,
2036 4437 2112 4505 μὴ
2158 4437 2508 4508 ὐπερὸαίνων
2550 4436 2675 4495 τοὺς
2709 4435 2871 4503 ὅρους
2901 4450 2917 4465 ·
2950 4433 3061 4486 τῶν
3090 4432 3202 4502 γὰρ
3232 4433 3461 4486 τελείων

215 4534 348 4587 ἐστὶ
374 4537 470 4589 καὶ
496 4535 684 4599 ⁴τοῦτο,
714 4520 859 4589 κατά
880 4536 973 4588 τὸν
1012 4534 1365 4595 Ἀπόστολον,
1399 4534 1460 4586 τὸ
1497 4534 1712 4605 πεινᾷν,
1741 4534 1835 4585 καὶ
1860 4529 2246 4601 χορτάζεσθαι,
2277 4531 2372 4583 καὶ
2395 4532 2454 4582 ὲν
2479 4531 2615 4581 πᾶσι
2642 4526 2905 4584 δυνατοὺς
2927 4522 3093 4579 εἶναι.

210 4643 354 4709 Περὶ
381 4642 642 4709 πλάνης,
683 4642 754 4694 ἐν
784 4634 832 4708 ᾧ
864 4643 960 4694 καὶ
988 4641 1120 4709 περὶ
1157 4640 1406 4694 πολλῶν
1426 4639 1792 4695 ὑποθέσεων.

288 4735 432 4805 Ὀρα
462 4734 520 4786 δὲ
552 4735 633 4787 ὅτι
665 4733 925 4803 βούλομαί
955 4751 1012 4785 σε
1045 4733 1289 4803 ἀκριϐῶς
1318 4732 1517 4785 εἰδέναι
1548 4730 1795 4799 περὶτῆς

207 4826 450 4897 πλάνης,
502 4826 598 4879 τοῦ
658 4823 1023 4893 φυλάττεσθαι
1093 4825 1153 4889 ἐξ
1209 4825 1380 4893 αὐτῆς
1411 4863 1427 4889 ,
1485 4822 1683 4893 μήπως
1737 4821 1795 4887 ἐξ

207 4918 441 4986 ἀγνοίας
492 4917 814 4987 φερόμενος,
858 4914 1062 4985 βλαόῇς
1119 4916 1188 4968 τά
1248 4917 1500 4984 μέγιστα,
1547 4914 1641 4969 καὶ
1697 4912 1795 4982 τὴν

205 5009 393 5081 ψυχὴν
439 5008 737 5078 ἀπολέσῃς.
782 5007 930 5058 Διότι
981 5006 1218 5067 εὐκόλως
1263 5006 1435 5058 κλίνει
1485 5006 1546 5059 τὸ
1600 5004 1792 5069 αὐτεξ-

206 5100 404 5157 ούσιον
433 5100 528 5153 τοῦ
578 5100 764 5169 ἀνθρώ
777 5115 874 5152 που
906 5098 1040 5168 πρὸς
1070 5097 1352 5150 κοινωνίαν
1383 5097 1492 5148 τῶν
1518 5096 1790 5161 ἐναντίων,

211 5192 317 5249 καὶ
356 5193 594 5262 μάλιστα
649 5190 757 5242 τῶν
811 5187 1075 5258 ἀπείρων,
1116 5187 1225 5239 τῶν
1275 5187 1685 5257 μετερχομένων
1719 5187 1795 5250 ὡς

211 5285 313 5339 ὑπ’
347 5284 547 5336 αὐτῶν⁹
573 5284 737 5350 tm»;
761 5283 869 5351 γὰρ
898 5280 1099 5343 αὐτῶν,
1129 5280 1223 5331 καὶ
1255 5277 1439 5349 κύκλῳ
1465 5280 1515 5331 οί
1544 5279 1794 5349 δαίμονες

212 5374 330 5430 τῶν
372 5375 654 5444 ἀρχαρίων
686 5374 778 5427 καὶ
817 5371 1176 5442 ίδιορῤύθμων
1234 5369 1551 5437 πεφύκασι,
1597 5370 1794 5423 διατεί-

212 5484 405 5529 νοντες
436 5466 670 5534 παγίδας
725 5465 1023 5533 λογισμῶν,
1068 5463 1160 5517 καὶ
1198 5464 1431 5523 λάκκους
1462 5463 1792 5531 πτωμάτων,

213 5555 316 5611 καὶ
347 5553 747 5623 φαντασμάτων
799 5553 1037 5624 ὄλεθρον·
1067 5555 1100 5624 ή
1151 5554 1304 5614 πόλις
1336 5552 1444 5623 γὰρ
1473 5552 1649 5605 αὐτῶν
1703 5554 1795 5604 ὐπ’

320 5744 540 5798 ³Ιίιιεὶι.
586 5758 654 5805 tv,
694 5741 774 5802 ιι),
812 5739 899 5793 Η.
976 5739 995 5769 ²
1031 5734 1256 5804 Ριιιιὶιψ.
1300 5749 1373 5800 tv,
1412 5736 1493 5791 η.
1532 5738 1615 5789 13.

2109 4624 2186 4679 De
2232 4639 2433 4689 errore,
2488 4624 2573 4677 ubi
2599 4632 2647 4676 et
2675 4628 2739 4677 de
2770 4622 2948 4677 multis
2995 4622 3255 4676 materiis.

1976 4735 2129 4790 Scito
2157 4749 2244 4789 me
2271 4734 2410 4789 velle
2442 4733 2537 4788 tibi
2571 4733 2793 4801 penitus
2828 4734 3173 4787 innotescere
3202 4747 3469 4799 errorem,

1895 4837 1950 4881 ut
1975 4839 2173 4882 caveas
2200 4825 2270 4878 ab
2296 4840 2383 4890 eo,
2418 4839 2519 4879 nec
2542 4825 2852 4894 ignorantia
2882 4825 3105 4889 ductus,
3161 4823 3470 4877 maximum

1889 4919 2091 4972 subeas
2124 4921 2405 4983 damnum,
2437 4927 2491 4971 et
2556 4917 2793 4970 animam
2825 4917 3041 4986 perdas.
3111 4917 3247 4971 Nam
3312 4916 3473 4972 facile

1899 5010 2198 5065 inclinatur
2227 5009 2458 5063 liberum
2535 5009 2773 5063 hominis
2810 5009 3102 5063 arbitrium
3147 5011 3214 5062 ad
3276 5007 3470 5065 advero

1893 5103 2159 5156 rariorum
2193 5104 2531 5165 societatem,
2579 5115 2640 5152 ac
2666 5102 2965 5168 praesertim
2986 5101 3128 5169 apud
3158 5101 3471 5169 inexpertos

1891 5200 1946 5245 et
1965 5193 2177 5260 seipsos
2199 5192 2402 5246 ducere
2425 5204 2825 5259 praesumentes
2845 5192 2956 5245 :eis
2975 5191 3472 5261 siquidempropio-

1890 5299 1977 5339 res
1991 5285 2323 5340 novitiorum
2340 5292 2394 5338 et
2410 5283 2566 5337 solita
2575 5286 2779 5338 riorum
2796 5287 3072 5339 (Immunes
3090 5285 3467 5349 circumstant,

1898 5378 2191 5433 tendentes
2252 5376 2640 5446 cogitationum
2687 5376 2913 5431 insidias
2958 5384 3012 5429 et
3057 5376 3280 5443 laqueos
3338 5390 3471 5444 pec-

1888 5480 2165 5533 caturum,
2200 5477 2255 5522 et
2313 5469 2690 5537 phantasmata
2746 5470 3014 5523 exitiosa:
3075 5467 3268 5520 civitas
3316 5466 3465 5519 enim

1892 5558 2104 5612 illorum
2130 5559 2233 5614 sub
2264 5569 2532 5629 potestate
2569 5562 2925 5615 barbarorum
2954 5564 3059 5620 est,
3116 5571 3218 5611 nec
3275 5552 3465 5611 mirari
