4020 6460
602 376 750 464 ἰειιο

1888 386 2286 450 GREGOIUI
2327 386 2598 446 διΝΑιΤι
2621 387 2662 444 Ε

3695 380 3804 446 135.6

607 516 822 579 oportet
853 507 895 561 si
922 505 1046 576 quis
1096 515 1265 569 erret,
1298 513 1392 556 aut
1441 504 1690 568 excedat,
1719 512 1813 557 aut
1856 503 1910 556 in
1943 516 2189 555 errorem

2322 500 2562 565 ἐξουσίαν
2591 499 2698 554 τῶν
2741 500 3030 573 βαρϐάρων
3080 506 3227 573 ἐστὶ,
3260 509 3350 561 καὶ
3375 508 3435 561 ού
3476 511 3549 564 δεῖ
3575 513 3819 583 θαυμάζειν

603 603 809 655 incidat
859 610 952 651 aut
1011 597 1263 666 accipiat,
1329 602 1422 650 aut
1484 597 1761 650 contraria
1828 594 2041 649 veritati
2108 598 2188 647 vi-

611 692 757 755 deat,
823 698 912 741 aut
971 687 1117 739 dicat
1157 701 1225 740 ex
1260 686 1652 754 inexperientia
1681 695 1735 738 et
1759 685 2067 754 ignorantia
2104 700 2190 739 res

614 785 984 849 int-ongruas:
1048 781 1253 848 smpius
1313 783 1459 834 enim
1524 779 1723 848 aliquis
1766 793 1833 832 ex
1915 777 2190 848 imperitia

611 875 882 945 loquendo
902 875 967 928 de
998 874 1251 937 veritate,
1284 872 1388 926 alia
1424 888 1527 942 pro
1563 873 1684 926 aliis
1718 871 1890 925 inscie
1913 886 2187 933 asserens,

610 969 784 1020 nescit
817 982 924 1029 res,
961 976 1019 1019 ut
1049 975 1197 1024 sunt.
1226 977 1381 1041 recte
1410 965 1611 1028 dicere,
1644 974 1699 1016 et
1742 961 1943 1015 multos
1983 962 2189 1026 turbat,

609 1072 660 1113 el
703 1061 1057 1128 approbrium
1086 1068 1142 1113 et
1179 1057 1345 1112 risum
1379 1056 1550 1111 trahit
1576 1066 1631 1112 et
1662 1054 1918 1113 affertad
1946 1055 2187 1125 quietos.

616 1151 724 1204 Nec
776 1151 918 1203 eriim
963 1150 1162 1201 mirum
1231 1159 1317 1203 est
1366 1163 1555 1202 errare
1615 1147 1859 1215 aliquem
1920 1147 2189 1199 novitiuzn

609 1243 776 1296 etiam
818 1252 938 1310 post
978 1244 1181 1295 multos
1216 1241 1457 1307 labores,
1509 1240 1636 1310 quia
1676 1240 1728 1293 id
1761 1240 1965 1293 accidit
2008 1239 2194 1290 inultis

611 1337 727 1389 sive
764 1351 908 1389 nunc
946 1335 1059 1387 sive
1083 1334 1210 1387 olim
1242 1334 1415 1387 Deum
1465 1333 1860 1402 quaerentibus.
1895 1332 1987 1385 Dei
2045 1333 2191 1383 enim

612 1431 900 1489 memoria,
934 1442 1027 1481 seu
1066 1425 1329 1480 mentalis
1362 1427 1565 1489 oratio,
1620 1437 1706 1480 est
1740 1424 2028 1479 sublimior
2077 1439 2196 1477 0m-

617 1521 779 1575 nibus
833 1521 1111 1587 operibus,
1169 1530 1361 1588 estque
1423 1529 1477 1572 et
1525 1519 1641 1587 ipsa
1692 1520 1953 1571 virtutum
2002 1523 2191 1584 caput,

613 1614 759 1665 sicut
794 1627 947 1664 amor
1000 1611 1115 1665 Dei.
1171 1610 1237 1664 Et
1281 1610 1373 1679 qui
1433 1610 1784 1678 impudenter
1827 1618 1881 1663 et
1936 1609 2194 1662 audacter

615 1705 729 1757 vult
775 1706 840 1758 ad
876 1703 1040 1757 Deum
1084 1706 1344 1759 accedere
1381 1715 1434 1757 et
1467 1719 1604 1771 pure
1633 1718 1757 1757 eum
1812 1701 2083 1758 confiteri.
2138 1710 2194 1755 et

613 1800 897 1864 possidere
931 1812 1056 1851 eum
1087 1799 1136 1849 in
1167 1797 1352 1863 seipso
1373 1797 1677 1859 contendit,
1714 1797 1758 1849 is
1784 1796 1940 1848 facile
1968 1804 2192 1848 necatur

617 1889 841 1956 abillis,
876 1904 906 1942 a
966 1888 1302 1942 daemonibus
1333 1888 1569 1955 scilicet,
1629 1890 1674 1943 si
1736 1888 2183 1955 derelinquatur:

617 1998 739 2035 nam
764 1980 1128 2035 confidentius
1159 1990 1215 2035 et
1241 1990 1563 2049 arroganter
1592 1981 1884 2048 exquirens
1915 1994 2033 2047 quae
2063 1986 2191 2031 sunt

616 2090 717 2127 suo
760 2074 924 2127 statui
995 2074 1297 2138 contraria,
1349 2090 1472 2128 cum
1522 2072 1788 2143 jactantia
1853 2072 2022 2137 rejici!
2074 2085 2194 2138 qua:

616 2174 747 2219 sum
772 2168 1112 2235 tempestiva.
1175 2165 1331 2235 Smpe
1364 2175 1544 2220 autem
1586 2167 1856 2219 miserans
1908 2162 2191 2228 Dominus,

618 2238 742 2309 cum
778 2270 873 2309 nos
897 2256 1045 2310 videt
1077 2256 1132 2310 in
1159 2257 1283 2310 altis
1312 2256 1567 2321 audaces,
1606 2271 1712 2311 non
1744 2256 1872 2310 sinit
1908 2272 2007 2309 nos
2074 2266 2194 2309 ten-

620 2348 749 2416 tati,
784 2359 1017 2404 utsuam
1068 2354 1302 2421 quisque
1334 2366 1638 2422 agnoscens
1695 2353 2193 2421 praesumptionem,

620 2451 817 2510 Sponte
850 2453 1221 2509 convertatur,
1253 2446 1572 2514 priusquam
1631 2447 1913 2515 contingat
1941 2460 1971 2498 a
1994 2447 2198 2499 daemo-

619 2536 782 2588 nibns
833 2535 1184 2603 cpprobriunt
1241 2546 1296 2589 et
1329 2540 1383 2589 in
1418 2537 1730 2591 hominibus
1758 2537 1942 2591 irrisio
1972 2546 2066 2592 aut
2101 2551 2193 2606 ge-

620 2625 783 2678 mitus
811 2640 826 2682 :
857 2635 912 2678 et
937 2626 1168 2681 maxime
1193 2627 1436 2695 indulget
1468 2629 1733 2696 quaarenti
1757 2644 1879 2682 cum
1912 2629 2193 2697 patientia,

621 2724 679 2770 et
729 2716 1057 2783 humilitate,
1117 2729 1171 2772 et
1216 2720 1523 2789 praesertim
1581 2735 1703 2773 eum
1776 2721 2087 2775 obedientia
2145 2730 2200 2774 et

622 2809 1047 2877 interrogatione
1075 2811 1313 2864 virorum
1349 2811 1613 2865 mirabilis
1678 2811 1826 2864 illius
1875 2811 2057 2880 operis
2106 2826 2199 2880 pe-

622 2900 873 2965 ritorum,
901 2915 970 2954 ne
1013 2916 1112 2971 pro
1146 2902 1419 2958 frumento
1455 2902 1687 2957 tribulos
1720 2913 1912 2969 motat,
1962 2913 2017 2958 et
2052 2917 2200 2957 ama-

625 2992 917 3046 ritudinem
955 3006 1052 3058 pro
1087 2993 1392 3057 dulcedine,
1449 3004 1503 3049 et
1567 3010 1664 3064 pro
1720 2994 1898 3048 salute
1958 2994 2201 3047 inveniat

628 3083 945 3149 perniciem.
980 3081 1112 3137 Nam
1139 3083 1309 3139 fortes
1346 3093 1401 3139 et
1431 3085 1652 3154 perfecti
1697 3102 1911 3156 semper
1936 3084 2202 3155 singulari

2312 597 2360 646 εί
2395 594 2672 664 ὲπλανήθη
2727 612 2832 657 τις.
2890 594 2922 666 ἦ
2975 596 3191 667 ἐξέστη,
3247 601 3279 672 ἢ
3341 602 3540 672 πλάνην
3575 606 3819 683 ἐδέξατο,ή

2309 683 2547 753 δέχεται,
2594 686 2627 757 ἢ
2669 685 2924 754 ἀλλότρια
2971 688 3071 759 τῆς
3118 690 3374 759 ἀληθείας
3409 695 3588 766 ὀρᾷ,ῆ
3626 698 3752 766 λέγει
3779 704 3820 766 ἐξ

2310 777 2563 846 ἀπειρίας
2600 778 2696 830 καὶ
2745 779 3020 847 ἀγνωσίας
3045 783 3111 834 τὰ
3142 783 3242 836 οὐκ
3290 784 3553 856 ἀνήκοντα
3573 809 3584 820 ν
3612 792 3820 858 πολλάκις

2312 869 2422 939 γὰρ
2462 871 2570 923 ἀπὸ
2600 871 2866 936 ἰδιωτείας
2912 891 2997 938 τις
3029 876 3156 946 περὶ
3192 877 3295 946 τῆς
3354 880 3605 951 ἀληθείας
3634 886 3821 955 φθεγγό.

2315 977 2494 1029 μενος,
2526 962 2661 1017 ἄλλα
2709 964 2822 1017 ἀντ’
2855 965 3032 1019 ἄλλων
3057 966 3358 1038 λεληθότως
3384 972 3575 1041 λαλῶν,
3608 977 3697 1033 οὐκ
3718 975 3822 1033 οἶδεν

2313 1055 2487 1105 είπείν
2532 1054 2727 1125 ὀρθῶς,
2780 1055 2857 1120 ὡς
2912 1059 3047 1128 ἔχει,
3102 1061 3195 1112 καὶ
3218 1062 3444 1129 πολλοὺς
3478 1066 3822 1138 ἐθρόησεν,καὶ

2313 1142 2515 1207 ὄνειδος
2560 1146 2654 1198 καὶ
2693 1147 2906 1213 γέλωτα
2940 1151 3183 1221 ἀνοήτως
3233 1156 3551 1224 φερόμενος,
3599 1163 3698 1224 τοῖς
3724 1165 3823 1232 ήσν-

2314 1236 2541 1305 χάζουσι
2561 1239 2945 1310 προεξένησεν·
2973 1243 3072 1296 οὐκ
3095 1243 3211 1298 ἐστι
3242 1248 3349 1319 γὰρ
3377 1249 3693 1319 θαυμαστὸν,
3721 1255 3826 1306 πλα-

2314 1327 2546 1399 νηθῆναί
2586 1347 2708 1383 τινα
2761 1332 3023 1403 ἀρχάριον
3058 1335 3153 1388 καὶ
3189 1338 3326 1406 μετά
3378 1339 3599 1405 πολλοὺς
3652 1342 3824 1407 κόπους,

2314 1419 2447 1473 διότι
2474 1420 2668 1489 γέγονε
2719 1423 2956 1491 πολλοῖς,
3011 1428 3107 1479 καὶ
3136 1431 3249 1492 τοῖς
3292 1430 3409 1495 νῦν,
3452 1434 3674 1497 καὶτοῖς
3700 1438 3825 1488 πάλαι

2314 1512 2407 1565 τὸν
2452 1513 2586 1565 Θεὸν
2638 1515 2981 1584 ἐκζητοῦσιν.
3030 1519 3095 1572 Ἥ
3123 1524 3230 1588 γάρ
3258 1522 3350 1574 τοῦ
3380 1523 3511 1577 Θεοῦ
3550 1526 3735 1596 μνήμη,
3756 1528 3826 1579 εἴτ’

2315 1601 2410 1656 οῦν
2437 1607 2470 1675 ὴ
2499 1606 2663 1677 νοερά
2697 1612 2994 1681 προσευχὴ,
3020 1613 3323 1685 ὑψηλοτέρα
3348 1617 3551 1687 πασῶν,
3565 1619 3662 1671 τῶν
3701 1622 3827 1688 ἐργα-

2319 1696 2451 1748 σιῶν
2506 1699 2677 1762 ἐστιν,
2732 1701 2870 1772 αὕτη
2918 1704 3013 1756 καὶ
3057 1707 3265 1778 κεφαλὴ
3307 1710 3534 1778 ἀρετῶν,
3565 1712 3634 1775 ὡς
3683 1712 3827 1779 ἀγάπη

2316 1787 2474 1843 Θεοῦ.
2502 1792 2612 1844 Καὶ
2649 1794 2677 1845 6
2727 1794 2959 1858 ἀναιδῶς
2984 1797 3077 1850 καὶ
3103 1798 3343 1868 θρασέως
3390 1801 3693 1872 βουλόμενος
3728 1804 3827 1871 πρὸς

2316 1880 2409 1932 τὸν
2431 1881 2563 1935 Θεὸν
2583 1884 2845 1939 εἰσελθεῖν
2871 1889 2964 1940 καὶ
2991 1890 3270 1960 ὁμολογεῖν
3299 1892 3459 1946 αὑτὸν
3487 1894 3739 1964 καθαρῶς,
3763 1895 3830 1946 καὶ

2316 1974 2623 2043 κτήσασθαι
2653 1978 2817 2031 αὑτὸν
2857 1982 2914 2033 ὲν
2942 1982 3121 2052 ἑαυτῷ
3152 1983 3488 2055 βιαζόμενος,
3520 1986 3733 2049 εὐκόλως
3758 1987 3829 2038 θει-

2318 2080 2577 2119 νατουται
2604 2070 2632 2121 ὁ
2670 2069 2910 2134 τοιοῦτος
2946 2072 3039 2125 ὑπ’
3060 2073 3261 2136 αὐτῶν,
3287 2076 3394 2128 τῶν
3421 2075 3678 2143 δαιμόνων
3702 2076 3831 2145 λέγω,

2320 2157 2373 2210 εἰ
2422 2162 2993 2234 παραχωρηθήσεται’
3028 2166 3316 2238 τολμηρῶς
3354 2168 3464 2238 γάρ
3512 2170 3603 2222 καὶ
3631 2170 3832 2233 αὐθαδῶς

2326 2262 2395 2315 τὰ
2426 2261 2576 2333 παρά
2597 2261 2697 2332 τὴν
2721 2262 2857 2317 ἰδίαν
2877 2262 3208 2315 κατάστασιν
3237 2260 3562 2328 ἐκζητήσας,
3597 2255 3718 2326 μετὰ
3739 2253 3839 2305 ἀλα·

2327 2356 2555 2420 ζωνείας
2591 2353 2843 2409 ἐκδιώκει
2885 2354 2992 2426 πρὸ
3028 2352 3221 2423 καιροῦ
3267 2351 3490 2420 φθάσαι.
3537 2348 3770 2409 Πολλάκις
3798 2344 3838 2396 δὲ

2325 2447 2880 2519 σπλαγχνιζόμενοςὸ
2919 2447 3144 2516 Κύριος,
3187 2446 3335 2515 ημᾶς
3400 2442 3611 2512 βλέπων
3658 2444 3709 2492 ἐν
3759 2440 3837 2497 τοῖς

2322 2542 2545 2612 ὑψηλοῖς
2577 2542 2907 2612 τολμηροὺς,
2955 2540 3014 2593 οὐ
3055 2539 3372 2608 παραχωρεί
3402 2533 3761 2606 πειρασθῆναι,
3777 2531 3838 2581 ἵνα

2320 2633 2419 2701 τὴν
2468 2632 2664 2685 ἑαυτοῦ
2731 2632 2963 2692 ἕκαστος
3003 2630 3263 2697 ἐπιγνοὺς
3300 2629 3499 2698 οἴησιν,
3560 2625 3647 2693 ἀφ’
3691 2619 3839 2676 ἑαυτοῦ

2322 2724 2657 2794 ἐπιστραφῇ,
2685 2724 2791 2793 πρὸ
2834 2723 2928 2776 τοῦ
2956 2723 3212 2791 γενέσθαι
3257 2720 3455 2782 ὄνειδος
3507 2718 3750 2788 δαιμόνων
3774 2713 3841 2763 καὶ

2321 2814 2515 2882 γέλως,
2549 2816 2580 2885 ἦ
2617 2816 2890 2884 κλαυθμὸς
2931 2818 2989 2869 ὲν
3030 2813 3358 2884 ἀνθρώποις,
3404 2814 3504 2866 καὶ
3556 2811 3762 2881 μάλιστα
3786 2801 3841 2872 τῷ

2325 2906 2465 2975 μετὰ
2537 2909 2925 2978 μακροθυμίας
2989 2905 3306 2976 ὲκζητοῦντι
3359 2906 3451 2957 καὶ
3498 2898 3840 2958 ταπεινώσεως.

2321 2998 2420 3050 καὶ
2453 2990 2529 3050 τὸ’
2560 2999 2747 3067 μεῖζον
2794 2998 2914 3068 μεθ’
2964 2997 3245 3067 ὑποταγῆς
3278 2995 3372 3048 καὶ
3424 2994 3726 3065 ἐρωτήσεως
3764 2986 3841 3039 τῶν

2323 3091 2607 3162 ἐμπείρων
2635 3090 2795 3144 τοῦτο
2852 3091 2911 3144 τὸ
2943 3090 3255 3161 θαυμαστὸν
3296 3089 3475 3159 ἔργον,
3537 3087 3713 3156 μήπως
3752 3079 3842 3132 ἀντὶ

626 3174 925 3227 certamine
972 3173 1240 3231 dimicant
1292 3192 1420 3234 eum
1458 3179 1818 3244 daemonibus,
1856 3190 1911 3234 et
1960 3180 2199 3250 gladium

2326 3183 2510 3245 σίτου,
2577 3183 2822 3248 ἀκάνθας
2884 3182 3193 3254 λεληθότως
3249 3180 3444 3253 θερίσῃ
3492 3178 3584 3231 καὶ
3642 3172 3841 3242 πικρίαν,

624 3263 870 3331 spiritus,
936 3266 1028 3336 qui
1087 3278 1172 3325 est
1219 3270 1444 3325 verbum
1495 3272 1612 3335 Dei,
1666 3280 1853 3326 contra
1881 3273 2203 3343 eosjugiter

626 3360 876 3414 vibrant:
935 3360 1144 3415 debiles
1198 3377 1328 3416 vero
1382 3371 1439 3418 et
1501 3364 1696 3418 novitii
1761 3366 1886 3434 fuga
1933 3375 2093 3419 caute
2139 3380 2205 3420 ac

627 3451 816 3507 timide
842 3454 995 3521 quasi
1042 3469 1166 3509 arce
1204 3465 1446 3522 utentes,
1492 3468 1548 3512 et
1582 3457 1788 3513 bellum
1842 3458 2201 3522 declinantes,

626 3563 727 3602 nec
786 3546 1174 3617 intempestive
1237 3549 1527 3619 audentes,
1589 3559 1820 3604 mortem
1874 3553 2065 3607 vitant.
2122 3550 2203 3605 Tu

624 3652 828 3705 autem,
864 3641 909 3693 si
965 3643 1102 3694 bene
1141 3641 1356 3709 quietus
1402 3656 1481 3708 es,
1533 3652 1864 3712 exspectans
1918 3658 2041 3697 cum
2099 3644 2206 3697 Deo

625 3735 908 3797 unionem,
942 3734 1051 3787 noli
1081 3734 1370 3789 admittere
1433 3735 1478 3790 si
1528 3736 1660 3804 quid
1697 3735 1884 3790 videas
1922 3736 2203 3800 sensibile,

626 3828 713 3879 vel
739 3824 1099 3894 intelligibile,
1127 3826 1213 3881 vel
1237 3828 1501 3892 exterius,
1527 3828 1609 3881 vel
1641 3828 1891 3895 interius,
1929 3828 2009 3883 vel
2042 3830 2207 3883 etiam

629 3917 922 3987 imaginem
956 3916 1182 3980 Christi,
1218 3917 1305 3972 vel
1338 3919 1519 3973 adhuc
1550 3920 1724 3987 angeli
1759 3928 1854 3973 aut
1885 3921 2058 3974 sancti
2090 3920 2205 3974 for-

564 4002 575 4013 ’
630 4028 802 4075 mam,
860 4010 943 4064 vel
988 4009 1162 4065 lucem
1221 4013 1396 4064 menti
1455 4012 1757 4066 exhibitam
1824 4024 1920 4066 aut
1951 4012 2208 4078 efﬁctam,

629 4108 758 4174 quia
810 4114 864 4159 et
924 4105 1041 4174 ipsa
1090 4118 1245 4159 mens
1302 4105 1466 4161 habet
1512 4106 1620 4161 vim
1668 4105 1997 4175 imaginandi
2030 4125 2059 4162 ιι
2113 4122 2209 4160 sua

634 4211 852 4263 natura,
877 4210 931 4253 et
960 4207 1176 4268 optatas
1203 4197 1361 4253 facile
1393 4210 1569 4267 potest
1600 4214 1992 4270 repraesentare
2009 4202 2210 4254 formas

635 4295 719 4345 his
775 4292 869 4361 qui
905 4293 1143 4346 nondum
1209 4291 1450 4360 perfecte
1491 4295 1559 4347 ad
1585 4294 1756 4363 ipsam
1796 4295 2111 4358 attendunt,
2159 4303 2214 4347 et

634 4384 715 4438 sic
770 4385 822 4437 in
853 4384 1089 4452 seipsam
1144 4384 1311 4438 infert
1367 4383 1780 4438 detrimentum.
1825 4385 1948 4453 Ipsa
1997 4399 2214 4453 quoque

637 4477 897 4531 memoria
939 4477 1207 4531 bonorum
1269 4485 1365 4530 aut
1436 4475 1701 4530 malorum
1773 4476 1985 4530 turbide
2043 4473 2212 4528 animi

635 4585 854 4626 sensum
922 4569 1218 4639 percellere
1274 4580 1330 4622 et
1398 4569 1464 4622 ad
1515 4569 1856 4636 phantasiam
1943 4565 2217 4622 adducere

634 4664 773 4719 solet
807 4682 823 4719 :
862 4663 1006 4718 unde
1061 4662 1373 4733 hnjnsmodi
1411 4661 1625 4715 animus
1664 4676 1693 4712 a
1747 4659 1927 4727 seipso
1959 4659 2019 4713 lit
2045 4660 2217 4728 phan-

637 4756 888 4819 tasticus,
922 4770 1026 4808 non
1061 4755 1304 4824 quietus.
1331 4755 1463 4809 Ideo
1519 4768 1653 4806 cave
1713 4765 1782 4804 ne
1835 4751 1965 4819 quid
2024 4750 2218 4805 credas

637 4847 803 4901 citius
834 4850 1169 4909 assentiens,
1206 4851 1373 4901 etiam
1425 4847 1472 4901 si
1510 4848 1711 4899 bonum
1767 4848 1862 4907 sit,
1921 4853 2216 4912 antequam

637 4941 1342 5008 interrogaverisexpertos
1381 4950 1434 4992 et
1462 4938 1691 4993 multmn
1754 4936 2097 5006 exquisieris,
2146 4949 2219 4988 ne

638 5034 779 5090 forte
804 5036 1057 5088 damnum
1092 5036 1308 5098 subeas,
1340 5032 1436 5087 scd
1485 5046 1642 5086 mane
1677 5029 1806 5082 illud
1841 5043 1983 5098 :egre
2016 5026 2216 5093 ferens,

636 5140 688 5180 et
721 5142 938 5196 semper
972 5141 1198 5180 servans
1235 5136 1472 5180 mentem
1501 5133 1649 5177 tuam
1670 5121 1791 5175 sine
1815 5120 2020 5185 colore,
2043 5118 2218 5173 forma

638 5221 953 5290 autelligie:
990 5234 1114 5272 nam
1148 5232 1290 5286 saepe
1337 5215 1466 5270 illud
1498 5214 1664 5269 etiam
1699 5211 1844 5280 quod
1892 5211 2039 5265 Deus
2108 5209 2216 5263 mi-

641 5322 791 5369 serat
821 5313 888 5367 ad
918 5312 1292 5382 probationem
1324 5321 1379 5364 et
1412 5322 1700 5369 coronam,
1733 5304 1921 5359 multis
1958 5303 2218 5356 damnum

644 5410 864 5463 intulit:
900 5406 1008 5461 vult
1040 5407 1186 5461 enim
1214 5402 1478 5456 Dominus
1511 5410 1696 5454 noster
1719 5405 1965 5451 nostrum
1990 5398 2223 5466 probare

646 5518 754 5571 quo
784 5510 971 5570 vergat
1003 5500 1238 5554 liberum
1262 5495 1571 5549 arbitrium.
1608 5491 1708 5557 Qui
1740 5503 1870 5557 ergo
1927 5487 2075 5542 videt
2120 5487 2223 5541 ali-

647 5596 778 5664 quid
830 5593 1106 5647 intellectu
1139 5602 1231 5643 aut
1259 5602 1446 5651 sensu,
1489 5585 1615 5638 licet
1659 5581 1924 5636 divinitus
1972 5579 2221 5643 missum,

650 5700 702 5736 et
738 5684 1060 5739 inconsultis
1089 5681 1276 5753 peritis
1313 5676 1507 5745 accipit
1532 5676 1685 5736 illud,
1724 5673 1880 5727 facile
1928 5680 2079 5727 errat
2131 5679 2225 5724 aut

651 5786 935 5830 erraturus
965 5785 1069 5834 est.
1092 5786 1151 5829 ut
1181 5772 1392 5828 facilius
1429 5768 1717 5837 recipiens.
1776 5764 2004 5834 Oportet
2041 5773 2223 5819 autem

652 5866 923 5924 novitiusn
948 5868 1229 5922 attendere
1257 5866 1435 5919 cordis
1465 5858 1792 5930 operationi,
1833 5868 2090 5927 tan-luam
2117 5868 2222 5907 non

2249 4534 2291 4586 D

2322 3277 2446 3331 ἀντὶ
2482 3277 2846 3348 γλυκύτητος,
2888 3277 2981 3330 καὶ
3024 3275 3151 3330 ἀντὶ
3179 3273 3473 3354 σωτηρίας,
3509 3272 3701 3342 εὑρήσῃ
3728 3261 3843 3318 ἀπώ-

2321 3368 2495 3422 λειαν.
2537 3369 2661 3423 Τῶν
2691 3370 2801 3440 γάρ
2833 3369 3079 3423 δυνατῶν
3118 3370 3215 3422 xa‘t
3251 3367 3475 3419 τελείων
3514 3365 3626 3417 ἐστὶ
3658 3373 3846 3431 μονομα-

2324 3459 2439 3525 χεῖν
2465 3456 2553 3509 ἀεὶ
2592 3458 2733 3527 μετά
2771 3457 2880 3510 τῶν
2911 3456 3204 3527 δαιμόνων,
3235 3456 3331 3509 καὶ
3366 3455 3463 3526 τὴν
3503 3454 3754 3524 μάχαιραν
3774 3444 3843 3499 τοῦ

2324 3546 2659 3616 πνεύματος,
2711 3548 2746 3619 ἦ
2797 3548 2915 3601 ἐστι
2955 3548 3108 3619 ῥῆμα
3140 3546 3298 3611 Θεοῦ,
3334 3545 3469 3617 πρὸς
3499 3544 3685 3605 αὐτοὺς
3708 3541 3845 3606 διηνε·

2309 3639 2433 3703 -κῶς
2456 3641 2780 3709 ἀνατείνειν,
2811 3642 2860 3694 οἱ
2881 3641 2944 3694 δὲ
2966 3641 3213 3703 ἀσθενεῖς
3236 3640 3329 3693 καὶ
3353 3638 3624 3710 ἀρχάριοι,
3655 3637 3711 3702 τῇ
3736 3630 3843 3699 φυγῇ

2327 3732 2447 3804 μετ’
2474 3733 2766 3799 εὐλαϐείας
2814 3735 2908 3789 καὶ
2932 3733 3122 3804 φόϐου,
3155 3733 3229 3796 ὡς
3252 3731 3570 3803 ὀχυρώματι
3603 3730 3842 3799 χρώμενοι.

2324 3828 2419 3879 καὶ
2453 3827 2544 3880 τὸν
2577 3828 2821 3898 πόλεμον
2841 3827 3290 3901 παραιτούμενοι,
3324 3825 3398 3896 μὴ
3425 3824 3534 3893 πρὸ
3559 3818 3735 3891 καιροῦ
3759 3814 3846 3867 τολ-

2326 3919 2557 3987 μῶντες,
2604 3920 2697 3973 τὸν
2742 3920 2968 3975 θάνατον
3009 3919 3378 3989 διαφεύγουσι.
3433 3917 3506 3969 Σὺ
3556 3915 3610 3968 δὲ
3642 3911 3724 3967 ἐὰν
3750 3910 3845 3977 ἠΰν·

2325 4011 2500 4083 χάζῃς
2527 4012 2732 4076 καλῶς,
2766 4012 3082 4082 προσδοκῶν
3123 4012 3264 4082 μετά
3287 4010 3380 4063 τοῦ
3410 4008 3548 4063 Θεοῦ
3588 4003 3733 4066 εἶναι,
3769 4018 3845 4070 μη·

2324 4102 2517 4155 δεποτε
2548 4100 2831 4173 παραδέξῃ
2856 4100 2912 4154 εί
2954 4120 3007 4155 τι
3038 4102 3102 4155 ἂν
3135 4102 3248 4173 ἴδῃς
3287 4100 3564 4169 αἰσθητὸν,
3620 4098 3650 4168 ἢ
3684 4090 3842 4160 νοερὸν,

2325 4195 2358 4265 ἢ
2387 4194 2608 4261 ἐἔξωθεν,
2661 4196 2693 4267 ἢ
2728 4195 2955 4262 ἔσωθεν,
2989 4197 3021 4269 ἢ
3060 4194 3161 4247 κᾶν
3195 4190 3332 4257 εἶδος
3363 4190 3599 4264 Χριστοῦ
3624 4232 3637 4255 ,
3668 4189 3697 4261 ἢ
3727 4182 3846 4253 δῆθεν

2325 4288 2587 4356 ἀγγέλου,
2633 4291 2667 4359 ἡ
2709 4288 2867 4357 ἁγίου
2928 4288 3163 4359 μορφὴν,
3199 4289 3231 4358 ἢ
3275 4288 3387 4355 φῶς
3432 4279 3770 4355 φαντάζεσθαι
3790 4272 3845 4340 τῷ

2329 4376 2434 4441 νοῒ.
2486 4377 2520 4448 ἢ
2565 4376 2838 4431 ὲκτυποῦν
2872 4417 2887 4443 ,
2920 4378 3003 4431 ὅτι
3036 4380 3129 4432 καὶ
3175 4376 3334 4438 αὐτὸς
3362 4378 3391 4429 6
3423 4375 3547 4438 νοῦς
3572 4375 3659 4443 ἀφ’
3696 4362 3843 4423 ἑαυτοῦ

2330 4469 2490 4537 φύσει
2542 4469 2654 4541 ἔχει.
2698 4470 2758 4524 τὸ
2813 4470 3197 4541 φανταστικὸν,
3234 4470 3329 4523 καὶ
3376 4468 3572 4539 ῥαδίως
3603 4459 3846 4535 μορφάζειν

2328 4563 2576 4629 δύναται,
2622 4565 2701 4626 εἱς
2747 4562 2785 4618 ἃ.
2815 4564 3031 4633 ἐφίεται
3081 4564 3195 4628 τοῖς
3241 4565 3408 4633 μήπω
3451 4561 3685 4632 ἀκριὸῶς
3712 4552 3845 4616 τούτῳ

2329 4657 2715 4726 προσέχουσιν,
2746 4657 2806 4721 ὃς
2841 4657 2937 4711 καὶ
2975 4658 3056 4721 είς
3110 4656 3304 4710 ἑαυτὸν
3333 4655 3583 4725 ἐπιφέρει
3637 4650 3723 4720 τὴν
3760 4642 3845 4713 βὶά·

2332 4750 2462 4818 δην.
2492 4750 2604 4803 Καὶ
2630 4748 2768 4821 αὐτὴ
2799 4749 2860 4804 δὲ
2898 4753 2932 4821 ή
2966 4750 3155 4820 μνήμη
3201 4747 3310 4800 τῶν
3348 4745 3588 4815 ἀγαθῶν,
3625 4742 3656 4812 ἢ
3685 4734 3842 4793 κακῶν.

2328 4839 2536 4893 τυποῦν
2571 4841 2784 4912 ἀθρόως
2812 4842 2908 4894 τοῦ
2934 4840 3025 4894 νοῦ
3055 4840 3152 4909 τὴν
3182 4839 3457 4907 αἴσθησιν,
3493 4837 3585 4889 καὶ
3612 4831 3731 4902 πρὸς
3747 4840 3842 4894 φαεν·

2329 4934 2524 4987 τασίαν
2546 4935 2772 5001 ἀνάγειν
2805 4934 3016 4985 εἴωθενο
3062 4932 3196 4984 ὅπου
3228 4932 3321 4983 καὶ
3354 4929 3560 4997 γίνεται
3591 4915 3843 4994 φανταστῆῖ

2329 5026 2358 5078 6
2389 5024 2630 5088 τοιοῦτος
2654 5027 2746 5092 ἀφ’
2774 5023 2993 5086 ἑαυτοῦ,
3019 5021 3116 5076 xal.
3144 5022 3243 5091 οὐχ
3282 5020 3606 5090 ἠσυχαστής.
3630 5014 3717 5066 Διά
3731 5005 3851 5060 τοῦτα

2332 5118 2569 5189 πρόσεχε
2596 5117 2671 5188 μὴ
2699 5115 2998 5186 πιστεύσῃς
3033 5132 3087 5167 τι
3142 5109 3613 5180 συγκαταθέμενος
3657 5098 3841 5189 ταχέωςτ

2331 5186 2435 5264 κάν
2478 5186 2683 5278 ἀγαθόν
2733 5211 2872 5273 ἐστι,
2920 5206 3027 5277 πρὸ
3081 5205 3403 5276 ἐρωτήσεως
3461 5196 3743 5270 ἐμπείρων,
3779 5186 3846 5240 καὶ

2330 5304 2635 5369 ἐξετάσεως
2676 5302 2901 5373 πολλῆς,
2932 5302 3027 5371 ,ἵνα
3087 5300 3161 5370 μὴ
3207 5297 3432 5367 βλαϐῇς,
3475 5292 3609 5347 ἀλλά
3640 5286 3750 5358 μένε
3777 5281 3846 5351 βα·

2334 5396 2598 5467 ροῦμενος
2627 5397 2765 5466 πρὸς
2799 5395 2952 5460 αὑτὸ,
2985 5394 3072 5447 ἀεὶ
3102 5378 3282 5463 τηρῶν
3312 5407 3403 5442 σου
3427 5388 3516 5441 τὸν
3537 5384 3655 5439 νοῦν
3674 5381 3846 5467 ἄχρονν,

2332 5465 2596 5552 ἀνείδεον,
2632 5465 3041 5556 ἀσχημάτιστον
3068 5501 3082 5515 ·
3117 5483 3375 5545 πολλάκις
3399 5479 3503 5550 γὰρ
3529 5476 3619 5531 καὶ
3648 5470 3763 5542 πρὸς
3787 5465 3848 5517 δο-

2334 5582 2501 5652 κιμὴν
2554 5583 2619 5633 ἐκ
2666 5578 2802 5632 Θεοῦ
2866 5577 3119 5648 πεμφθὲν
3171 5562 3259 5629 διὰ
3317 5573 3613 5642 στέφανον,
3666 5559 3846 5617 πολλοίς

2332 5673 2534 5742 ἔϐλαψε
2562 5688 2573 5700 ’
2608 5673 2856 5743 βούλεται
2910 5670 3018 5740 γὰρ
3050 5672 3079 5722 6
3116 5669 3316 5737 Κύριος
3341 5665 3491 5735 ἡμῶν
3531 5661 3588 5714 τὸ
3633 5656 3845 5743 ήμέτερξν

2333 5763 2681 5828 αὐτεξούσιον
2713 5760 3029 5831 δοκιμάζειν
3090 5757 3192 5811 ποῦ
3248 5757 3424 5826 ῥέπει.
3467 5752 3523 5804 '0
3567 5738 3843 5813 θεασάμεύς

2333 5876 2381 5911 τι
2414 5857 2552 5911 κατά
2596 5855 2856 5920 διάνοιαν,
2893 5854 2923 5919 ἢ
2960 5853 3099 5907 κατά
3144 5849 3409 5915 αἴσθησιν,
3444 5842 3543 5898 κᾶν
3583 5839 3741 5896 θεόθεν
3764 5832 3840 5887 εἴη.

3969 5862 3971 5981 l
