4020 6504
361 486 494 553 1341
1395 490 1810 552 ΡΒᾹΞΟΕΡΤΛ
1846 489 1944 549 AD

2051 491 2485 552 ESYCHASTA
2495 494 2553 553 S.

3461 500 3599 565 1342

352 595 448 646 καὶ
475 592 644 662 χωρὶς
676 592 784 647 τῶν
832 594 1113 666 ἐμπείρων
1157 596 1400 667 δέξηται,
1451 600 1691 671 εὐχερῶς
1722 602 1925 657 πλανᾶ-

2051 604 2258 671 :rranti,
2293 604 2400 659 alia
2424 619 2555 659 vero
2582 604 2766 659 omnia
2791 619 2897 660 non
2933 605 3208 675 excipere,
3254 620 3425 671 usque
3467 610 3594 664 dum

348 703 463 749 ται,
508 686 541 756 ἥ
592 686 775 756 μέλλει
816 688 1143 754 πλανᾶσθαι,
1203 691 1279 753 ὡς
1351 692 1775 763 εύπαρὰδεκτος.
1831 699 1923 750 Δεῖ

2051 697 2294 752 ιεὰειιῑιιε
2327 698 2631 766 passiones.
2682 698 2824 752 Deus
2857 704 3002 753 enim
3037 713 3143 754 non
3174 699 3488 768 indignatur
3540 703 3594 759 in

350 778 407 831 δὲ
446 777 540 830 τὸν
574 778 837 848 ἁρχάριον
880 782 967 849 τῇ,
1008 782 1277 851 καρδιακῇ
1328 784 1576 855 ἐνεργείᾳ
1611 787 1921 857 προσέχειν,

349 871 426 932 ὼς
451 870 682 927 ἀπλανεῖ
702 910 718 935 ,
742 871 811 923 τά
830 872 874 925 δ’
903 871 1036 926 ἄλλα
1064 874 1242 927 πάντα
1272 873 1346 944 μὴ
1377 877 1797 948 παραδέχεσθαι,
1818 880 1923 943 ἓως

350 960 545 1028 καιροῦ
573 961 795 1030 εἰρήνης
822 961 1032 1014 παθῶν.
1077 961 1136 1015 '0
1183 964 1293 1031 γὰρ
1335 963 1467 1028 Θεὸς
1492 967 1592 1020 οὐκ
1620 970 1920 1036 ἀγανακτεῖ

351 1051 487 1121 πρὸς
534 1051 625 1109 τὸν
667 1051 843 1121 ἐαυτῷ
877 1053 1121 1122 ἀκριϐῶς
1149 1056 1484 1125 προσέχοντα
1507 1058 1596 1110 διὰ
1644 1060 1742 1128 τὴν
1784 1062 1921 1116 πλά-

2026 796 2308 844 caventem
2345 789 2451 843 sibi
2478 787 2765 858 diligenter
2794 797 2938 843 metu
2963 790 3190 855 erroris,
3220 791 3435 847 etiamsi
3466 794 3596 862 quid

2027 877 2097 932 ab
2125 879 2243 945 ipso
2267 879 2490 932 missum
2518 879 2660 933 haud
2686 878 2972 935 admiserit
3001 880 3124 935 sine
3169 881 3598 952 interrogatione

2025 977 2079 1022 et
2103 969 2269 1023 multa
2292 967 2664 1036 inquisitione,
2694 969 2792 1024 sed
2824 985 2946 1024 eum
2977 971 3157 1038 potius
3183 972 3366 1027 laudat
3399 983 3458 1026 ut
3511 989 3598 1029 sa-

2025 1058 2283 1127 pientem,
2313 1058 2416 1111 etsi
2445 1058 2770 1127 quibusdam
2798 1059 2869 1114 sit
2914 1060 3106 1114 iratus.

362 1152 485 1204 νην,
512 1136 621 1189 κᾶν
654 1137 829 1204 οὕτως
856 1141 931 1211 μὴ
965 1144 1328 1214 προσδέξηται
1357 1146 1417 1200 τδ
1436 1144 1569 1216 παρ’
1591 1144 1782 1210 αὐτοῦ,
1813 1145 1939 1214 δίχα
1957 1142 2277 1214 ἐρωτήσεως
2306 1140 2404 1192 καὶ
2430 1137 2635 1209 πολλῆς
2682 1143 2940 1213 ἐρεύνης,
2979 1138 3113 1195 ἀλλὰ
3153 1139 3358 1211 μᾶλλον
3381 1142 3597 1199 ἐπαινεῖ

346 1229 424 1288 ὡς
450 1232 636 1300 σοφὸν,
666 1233 772 1289 κᾶν
799 1238 891 1290 ἐπί
914 1255 1068 1301 τινας
1097 1242 1504 1313 ἠγανάκτησεν.

432 1345 507 1400 Οὐ
544 1346 753 1407 πάντας
779 1343 836 1396 δὲ
872 1343 1077 1412 ὀφείλει
1115 1343 1346 1412 ἐρωτᾷν,
1379 1340 1490 1394 ἀλλ’
1527 1341 1621 1393 ἐνα
1655 1341 1748 1393 τὸν
1768 1341 1933 1409 ἐμπι-

368 1436 660 1490 στευθέντα
708 1435 806 1487 καὶ
834 1434 1038 1503 ἐτέρων
1079 1434 1434 1504 κυδέρνησιν,
1486 1432 1582 1485 καὶ
1612 1432 1711 1502 βίῳ
1733 1433 1936 1502 ἀστραο

366 1527 812 1597 πτοντα,πτωχδν
832 1527 928 1597 μὲν
944 1526 1330 1592 δντα,πολλοὺς
1344 1525 1399 1578 δὲ
1415 1525 1936 1589 πλουτίζοντα,κατὰ

366 1624 464 1694 τὴν
492 1623 737 1693 Γραφήν.
773 1621 966 1675 Πολλοὶ
1003 1622 1112 1690 γὰρ
1140 1621 1357 1693 ἄπειροι
1416 1619 1645 1685 πολλοὺς
1672 1620 1934 1690 ἀνοήτους

366 1715 628 1784 ἐὸλαψαν,
661 1708 736 1768 ὧν
756 1714 818 1766 τὸ
844 1717 1016 1785 κρῖμα
1045 1713 1168 1779 ἐξου
1179 1731 1230 1767 σι
1259 1713 1397 1781 μετά
1421 1714 1672 1767 θάνατον.
1699 1713 1773 1766 Οὐ
1802 1712 1940 1766 πάν-

366 1822 477 1859 των
503 1805 613 1876 γάρ
661 1805 808 1858 ἐστιν
828 1804 1093 1874 όδηγῆσαι
1148 1805 1240 1858 καὶ
1274 1804 1489 1869 ἄλλους,
1522 1804 1638 1856 ἀλλ’
1667 1798 1749 1867 οἷς
1780 1801 1934 1872 ἐδόθη

366 1898 401 1965 ὴ
434 1894 554 1948 θεία
589 1894 884 1964 διάκρισις,
922 1893 1065 1946 κατά
1120 1892 1213 1946 τὸν
1258 1895 1615 1961 Ἀπόστολον,
1666 1893 1942 1963 διάκρισις

2126 1338 2242 1392 Νοη
2277 1353 2467 1394 omnes
2501 1348 2714 1407 oportet
2746 1342 3109 1411 interrogare,
3142 1347 3237 1398 sed
3282 1358 3449 1398 unum
3493 1344 3629 1399 alios

2057 1428 2257 1483 ducere
2305 1430 2567 1485 scientem
2606 1441 2661 1485 et
2702 1430 2814 1484 vita
2860 1431 3254 1503 refulgentem,
3298 1432 3389 1502 qui
3430 1448 3630 1502 pauper

2054 1521 2124 1576 sit
2152 1529 2208 1576 et
2239 1523 2435 1577 multos
2452 1521 2809 1592 locupletatis,
2839 1524 2991 1593 juxta
3026 1523 3365 1595 Scripturam
3403 1526 3445 1578 ‘.
3479 1524 3632 1580 Multi

2055 1615 2200 1670 enim
2244 1615 2511 1683 inexperti
2559 1616 2785 1697 multos.
2815 1616 3187 1685 imprudentes
3240 1616 3630 1686 perdiderunt,
3722 1648 3727 1653 ι

2053 1721 2285 1776 quorum
2330 1708 2738 1762 damnationem
2779 1707 3037 1762 subibunt
3065 1716 3185 1777 post
3220 1719 3471 1763 mortem.
3510 1706 3633 1765 Non

2053 1801 2299 1854 omnium
2335 1800 2480 1854 enim
2522 1810 2605 1854 est
2635 1799 2772 1854 alios
2811 1800 3046 1864 ducere;
3082 1800 3179 1855 sed
3217 1780 3416 1869 quibus
3449 1800 3632 1855 divina

2055 1891 2339 1955 discretio,
2370 1892 2627 1945 discretio
2662 1906 2855 1959 nempe
2880 1892 3191 1960 spirituum,
3219 1893 3370 1963 juxta
3404 1894 3633 1962 Aposto-

372 1983 717 2053 πνευμάτων,
744 1984 777 2052 ὴ
812 1983 1094 2048 διαιροῦσα
1124 1985 1187 2037 τὸ
1212 1987 1392 2055 χεῖρον
1415 1985 1524 2039 ἀπὸ
1554 1983 1649 2037 τοῦ
1693 1984 1941 2063 κρείττο-

2055 1983 2188 2051 lum,
2222 1984 2422 2037 bonum
2467 1999 2496 2037 a
2540 1982 2678 2037 malo
2722 1997 2979 2052 separatis
3016 1984 3194 2051 gladio
3234 1984 3383 2038 verbi
3417 1986 3460 2039 ³.
3492 1983 3629 2040 Natu

370 2092 478 2141 νος,
508 2076 575 2145 τῇ
605 2075 846 2144 μαχαίρᾳ
874 2075 967 2127 τοῦ
995 2074 1179 2144 λόγου.
1203 2076 1474 2138 Ἕκαστος
1501 2077 1610 2146 γὰρ
1638 2076 1775 2131 ίδίαν
1800 2077 1946 2143 γνῶ-

376 2183 485 2233 σιν,
517 2166 612 2220 καὶ
634 2166 905 2235 διάκρισιν
933 2168 1167 2239 φυσικὴν
1190 2208 1206 2233 ,
1256 2167 1291 2241 ἢ
1325 2170 1656 2241 πρακτικὴν,
1686 2169 1722 2241 ἢ
1768 2169 1944 2240 μαθη⁴

379 2278 614 2351 ματικὴν
640 2279 924 2347 κέκτηται,
962 2280 1057 2331 καὶ
1084 2279 1146 2332 ού
1177 2277 1273 2349 τὴν
1301 2277 1397 2332 τοῦ
1430 2280 1741 2350 πνεύματος
1773 2281 1947 2337 ἀπαν-

375 2386 487 2433 τες.
523 2367 622 2421 Διά
640 2367 797 2429 τοῦτο
823 2368 1010 2435 ἔλεγεν
1038 2370 1067 2420 ό
1098 2368 1261 2439 σοφὸς
1291 2368 1514 2439 Σειράχ,
1546 2372 1611 2423 Οἱ
1642 2372 1953 2442 εἰρηνεύον-

373 2460 466 2524 τές
506 2476 609 2524 σοι,
638 2458 883 2514 εστωσαν
917 2458 1127 2525 πολλοὶ,
1175 2460 1225 2512 οἱ
1271 2459 1328 2512 δὲ
1375 2459 1671 2529 σύμϐουλοί
1718 2478 1835 2526 σου,
1871 2458 1954 2527 εἷς

375 2546 485 2598 ἀπὸ
508 2544 715 2615 χιλίων.
746 2546 821 2598 Ού
853 2545 1048 2616 μικρὸς
1076 2546 1132 2600 δὲ
1168 2547 1320 2614 ἀγών
1356 2549 1525 2612 ἐστιν,
1555 2548 1736 2619 εὑρεῖν
1756 2551 1950 2622 ὁδηγὸν
1988 2547 1997 2557 ’

375 2635 613 2706 ἀπλανῆ,
641 2636 734 2690 καὶ
779 2639 892 2701 τοῖς
926 2638 1131 2709 ἔργοις,
1177 2639 1274 2693 καὶ
1324 2642 1438 2703 τοῖς
1488 2639 1687 2709 λόγοις,
1720 2644 1813 2697 καὶ
1839 2646 1952 2707 τοῖς

374 2729 657 2797 νοήμασιν.
725 2726 814 2781 Ἐν
870 2728 1081 2793 τούτοις
1138 2729 1332 2800 ὁρᾶταί
1414 2747 1497 2795 τις
1545 2732 1795 2804 ἀπλανὴς
1852 2732 1948 2796 ὢν,

371 2819 500 2871 ὅταν
531 2819 883 2890 ἐμμάρτυρον
917 2820 1026 2872 ἀπὸ
1077 2820 1187 2873 τῶν
1244 2820 1404 2874 θείων
1434 2822 1667 2892 Γραφῶν
1718 2824 1817 2896 ἔχῃ
1854 2827 1948 2879 καὶ

372 2910 470 2980 τὴν
502 2909 723 2981 πρᾶξιν,
760 2913 854 2963 καὶ
889 2912 988 2979 τὴν
1026 2912 1311 2981 φρόνησιν,
1348 2917 1753 2986 μετριοφρονῶν
1776 2920 1832 2970 ἐν
1868 2913 1950 2981 οἷς

373 3003 456 3055 δεῖ
484 3006 724 3072 φρονεῖν.
770 3003 871 3055 Βία
917 3004 1175 3074 γὰρ-οὐκ
1204 3004 1379 3075 ὀλίγη,
1417 3007 1619 3074 φθάσαι
1666 3009 1766 3078 τὴν
1814 3010 1951 3079 ἀλή-

377 3093 528 3146 θειαν
553 3092 825 3165 φανερῶς,
854 3095 949 3148 καὶ
982 3095 1322 3165 καθαρεῦσαι
1370 3099 1479 3151 ἀπὸ
1533 3101 1641 3154 τῶν
1689 3104 1950 3154 ἐναντίων

371 3188 473 3256 τῆς
496 3185 739 3256 χάριτος,
774 3185 855 3239 ὅτι
897 3187 954 3238 ἐν
981 3188 1218 3257 σχήματι
1244 3188 1500 3259 ἀληθείας
1520 3191 1709 3246 εἴωθεν
1737 3193 1817 3257 (ἐν
1840 3194 1952 3256 τοῖς

2055 2072 2430 2144 unusquisque
2472 2075 2747 2144 propriam
2793 2074 2958 2130 habet
3006 2077 3290 2132 scientiam
3331 2086 3388 2132 et
3424 2079 3633 2133 discre-

2055 2168 2257 2222 tionem
2301 2167 2644 2236 naturalem,
2685 2175 2780 2221 aut
2819 2168 3111 2237 practicam
3137 2208 3153 2234 ,
3194 2181 3288 2223 aut
3328 2169 3632 2225 mathema-

2055 2257 2241 2323 ticam,
2262 2257 2354 2311 sed
2367 2257 2702 2325 spirituaietn
2731 2273 2840 2312 non
2858 2264 3067 2313 omnes.
3088 2258 3383 2327 Propterea
3413 2259 3633 2314 dicebat.
3718 2314 3723 2319 .

2054 2348 2275 2416 sapiens
2322 2345 2516 2401 Sirach
2540 2347 2598 2404 ἐ
2624 2367 2642 2400 ι
2677 2346 2827 2404 Multi
2852 2348 3065 2418 paciﬁci
3092 2349 3203 2404 sint
3232 2352 3353 2416 tibi,
3380 2360 3435 2405 et
3451 2351 3633 2406 consi-

2054 2439 2245 2494 liarius
2286 2441 2357 2494 sit
2383 2441 2475 2495 tibi
2509 2455 2649 2496 unus
2679 2443 2746 2494 de
2775 2442 2941 2495 mille.
2971 2460 2991 2493 ι
3028 2442 3135 2497 Sed
3166 2458 3272 2499 non
3302 2459 3468 2514 parva
3486 2444 3631 2499 ditii-

2054 2531 2228 2585 cultas
2243 2531 2583 2586 estinvenire
2610 2532 2798 2586 ducem
2822 2548 2927 2585 non
2960 2536 3322 2588 errabundum
3349 2537 3647 2605 operibus,’

2050 2623 2503 2691 sermonibusque
2549 2635 2607 2678 et
2652 2626 3092 2694 cogitationibus.
3140 2629 3200 2681 In
3240 2628 3324 2683 bis
3355 2629 3629 2698 reperitur

2052 2713 2251 2783 aliquis
2282 2716 2487 2770 erroris
2525 2730 2741 2783 expers,
2777 2732 2896 2770 eum
2935 2718 3214 2786 probatam
3241 2719 3440 2773 divinis
3481 2719 3630 2773 Scri-

2054 2806 2230 2874 pturis
2261 2806 2426 2862 habet
2456 2809 2828 2878 operationem
2867 2822 2921 2864 et
2952 2813 3315 2880 prudentiam,
3352 2814 3631 2867 moderate

2051 2900 2269 2967 sapiens
2318 2903 2372 2955 in
2427 2902 2623 2968 quibus
2679 2912 2895 2972 Oportet
2954 2919 3168 2973 sapere.
3228 2903 3363 2958 Nam
3413 2907 3462 2958 vi
3521 2920 3631 2960 non

2053 2993 2264 3047 modica
2300 3008 2437 3063 opus
2476 3003 2562 3049 est
2599 2995 2665 3048 ad
2709 2995 3055 3050 manifestam
3096 2996 3381 3051 veritatem
3432 3011 3630 3051 conse-

2053 3086 2323 3153 quendam
2369 3080 2801 3140 et'liberandam
2857 3087 2928 3141 ab
2976 3088 3214 3142 inimicis
3253 3090 3464 3157 gratiae,
3504 3088 3632 3157 quia

2053 3176 2155 3230 sub
2187 3176 2369 3246 specie
2413 3177 2659 3233 veritatis
2703 3177 2839 3232 solet
2885 3178 3156 3242 diabolus,
3191 3179 3460 3248 imprimis
3493 3180 3634 3248 apud

372 3276 663 3348 ἁρχαρίοις
694 3277 952 3347 μάλιστα)
978 3279 1007 3330 ὁ
1049 3279 1297 3344 διάϐολος
1318 3282 1583 3338 δεικνύειν
1615 3284 1714 3354 τὴν
1745 3285 1944 3356 πλάνην

2058 3267 2297 3332 tirones,
2346 3268 2634 3322 ostendere
2686 3283 2839 3322 suam
2887 3268 3193 3333 fallaciam,
3242 3285 3339 3325 sua
3403 3285 3634 3340 nequam

372 3367 559 3431 αὑτοῦ,
610 3370 1103 3441 μετασχηματίζων
1131 3372 1202 3425 τὰ
1229 3374 1441 3444 πονηρὰ
1470 3374 1637 3428 αὐτοῦ
1670 3375 1745 3440 ὡς
1784 3393 1952 3431 πνευ-

374 3460 602 3532 ματικά.

450 3553 545 3606 Διά
571 3551 729 3605 τοῦτο
755 3555 783 3605 ὁ
819 3554 956 3623 πρὸς
991 3554 1091 3624 τὴν
1133 3555 1379 3626 καθαρὰν
1410 3559 1718 3629 προσευχὴν
1747 3560 1950 3627 φθάσαι

373 3640 691 3706 σπουδάζων
717 3644 775 3696 ἐν
806 3643 1027 3714 ἡσυχίᾳ,
1062 3647 1120 3697 ἐν
1164 3645 1353 3714 τρόμῳ
1393 3646 1575 3715 πολλῷ
1602 3650 1698 3700 καὶ
1740 3648 1947 3714 πένθει,

370 3737 464 3789 καὶ
509 3738 576 3806 τῇ
611 3735 678 3788 δι’
726 3737 1049 3806 ἐρωτήσεως
1091 3738 1700 3809 ἐμπείρο›ν.όδηγήσει,
1748 3741 1951 3808 ὀφείλει

367 3825 594 3890 ὁδεύειν,
622 3827 717 3879 καὶ
743 3826 953 3880 κλαίειν
982 3827 1216 3881 πάντοτε
1244 3828 1384 3898 ὑπὲρ
1421 3828 1531 3882 τῶν
1581 3831 1726 3884 ἰδίων
1769 3832 1950 3900 ἀμαρ-

368 3918 518 3981 τιῶν,
550 3917 889 3986 λυπούμενος
938 3920 1035 3972 καὶ
1067 3919 1400 3993 φοϐούμενος
1435 3922 1631 3992 μήπως
1685 3922 1944 3995 κολασθῇ,

369 4010 402 4080 ἢ
434 4007 528 4061 τοῦ
556 4008 690 4061 Θεοῦ
720 4009 931 4080 ἐκπέσῃ
966 4009 1258 4080 χωρισθεὶς
1284 4010 1397 4076 νῦν,
1423 4011 1457 4081 ἢ
1488 4014 1546 4065 ἐν
1575 4012 1653 4081 τῷ
1678 4014 1945 4083 μέλλοντι.

371 4103 539 4155 Ὅταν
562 4097 655 4155 οὖν
680 4101 764 4173 ἴδῃ
786 4101 816 4153 ὁ
841 4101 1087 4164 διάϐολός
1118 4118 1240 4155 τινα
1272 4098 1541 4168 πενθικῶς
1575 4104 1852 4174 διάγοντα,
1882 4107 1945 4160 οὐ

368 4191 668 4262 προσμένει
704 4193 839 4253 ἐκεῖ,
874 4190 972 4261 τὴν
1006 4192 1071 4243 ἐκ
1118 4191 1213 4244 τοῦ
1251 4191 1481 4256 πένθους
1506 4197 1946 4266 προσγινομένην

366 4284 696 4337 ταπείνωσιν
715 4282 956 4336 δειλιῶψ
982 4284 1030 4336 εί
1051 4283 1105 4337 δὲ
1135 4284 1466 4353 φαντάζεται
1496 4286 1565 4339 τά
1591 4287 1770 4357 ὑψηλὰ
1811 4290 1948 4359 μετά

365 4375 593 4442 οἰήσεως
646 4372 848 4441 φθάσαι
877 4413 892 4437 ,
949 4374 1113 4426 πόθον
1159 4375 1450 4428 σατανικδν
1494 4376 1589 4430 καὶ
1637 4378 1738 4430 οὐκ
1773 4377 1947 4450 ἀληθῆ

364 4460 720 4531 κεκτημένος,
743 4463 853 4523 τοῖς
886 4461 1079 4515 ἑαυτοῦ
1101 4462 1337 4526 δικτύοις
1364 4466 1622 4535 δεσμεύει
1652 4468 1815 4522 αὑτὸν
1849 4469 1947 4522 εύ-

366 4553 538 4615 κόλως
566 4553 642 4615 ὡς
671 4553 837 4606 αὐτοῦ
858 4554 1160 4625 ὑπηρέτην.
1187 4556 1285 4609 Διὰ
1321 4557 1480 4611 τοῦτο
1508 4559 1763 4630 μέγιστον
1785 4562 1948 4614 ὅπλον

2054 3362 2434 3425 phantasmata
2467 3359 2731 3413 exhibens
2767 3368 3025 3428 tanquam
3058 3360 3384 3430 spiritualia.

2120 3535 2414 3604 Propterea
2466 3537 2558 3604 qui
2609 3552 2799 3605 puram
2840 3536 3038 3606 quietis
3082 3538 3385 3593 orationem
3439 3553 3634 3596 conse-

2049 3631 2144 3695 qui
2195 3628 2397 3695 studet,
2439 3628 2493 3682 in
2544 3637 2779 3682 tremore
2839 3629 3011 3683 multo
3057 3639 3222 3698 atque
3272 3630 3441 3697 luctu,
3491 3633 3633 3687 duce

2051 3721 2349 3788 peritorum
2424 3721 2891 3791 interrogatione,
2958 3721 3240 3777 ambulare
3313 3723 3515 3789 debet,
3574 3735 3632 3780 et

2050 3811 2180 3866 ﬂere
2222 3828 2436 3881 semper
2475 3827 2572 3866 sua
2623 3827 2864 3880 peccata,
2901 3829 3137 3869 maerens
3172 3826 3227 3869 et
3258 3815 3454 3870 timens
3496 3831 3562 3871 ne
3598 3833 3630 3870 a

2054 3907 2164 3962 Deo
2195 3909 2410 3962 excidat
2440 3924 2503 3962 ac
2533 3919 2818 3978 separetur
2856 3914 2908 3960 in
2953 3909 3208 3978 praesenti
3243 3907 3497 3964 futurove
3526 3924 3630 3963 sa:-

2051 4000 2192 4053 culo.
2236 3998 2466 4065 Quando
2542 4003 2702 4069 igitur
2780 4001 2926 4055 videt
2984 4001 3231 4056 diabolus
3280 4000 3513 4071 aliquem
3575 4002 3629 4055 in

2048 4088 2197 4145 luctu
2246 4092 2558 4153 viventem,
2613 4107 2722 4145 non
2775 4091 2852 4146 ibi
2904 4105 3185 4154 remanet,
3237 4080 3523 4146 orientem'
3561 4109 3630 4147 ex

2052 4181 2199 4234 luctu
2250 4180 2551 4237 formidans
2593 4182 2988 4249 humilitatem;
3026 4184 3073 4238 si
3111 4197 3238 4237 vero
3282 4196 3343 4237 se
3384 4182 3487 4236 sibi
3539 4198 3633 4236 su-

2050 4274 2241 4329 blimia
2292 4277 2616 4342 adepturum
2669 4275 3022 4345 imaginatur,
3058 4274 3373 4329 'satanicutn
3424 4276 3630 4330 habens

2050 4378 2107 4423 et
2149 4384 2257 4422 non
2310 4383 2496 4423 verum
2547 4370 2910 4434 desiderium,
2953 4370 3046 4423 ille
3096 4368 3210 4423 suis
3256 4368 3464 4422 retibus
3506 4382 3628 4421 eum

2050 4459 2211 4517 facile
2266 4463 2511 4532 implicat
2568 4472 2628 4517 ut
2679 4479 2837 4517 suum
2899 4478 3143 4517 servum.
3185 4461 3374 4530 Itaque
3418 4461 3632 4531 optimo

2052 4565 2230 4610 tectus
2259 4564 2342 4610 est
2377 4564 2553 4618 scuto,
2592 4555 2684 4624 qui
2736 4555 2976 4623 possidet
3007 4554 3062 4606 in
3111 4554 3360 4606 oratione
3400 4553 3630 4619 luctum,

364 4645 590 4715 κρατεῖν
646 4647 706 4697 ἐν
763 4647 1064 4717 προσευχῇ,
1097 4646 1193 4700 καὶ
1244 4645 1306 4700 τὸ
1339 4647 1551 4713 πένθος,
1604 4650 1690 4703 ἵνα
1743 4651 1818 4721 μὴ
1865 4654 1943 4715 είς

2055 4654 2114 4699 ut
2154 4662 2259 4700 non
2297 4647 2349 4700 in
2386 4645 2864 4714 praasumptionem
2906 4660 2970 4698 ex
3012 4642 3279 4696 orationis
3317 4641 3501 4695 laetitia
3543 4643 3629 4696 in-

366 4737 543 4804 οίησιν
579 4724 692 4786 ἀπὸ
736 4733 834 4802 τῆς
887 4736 1063 4803 χαρᾶς
1105 4734 1207 4805 τῆς
1249 4737 1559 4808 προσευχῆς
1616 4743 1944 4810 περιπίπτῃ,

364 4824 504 4893 ελλά
544 4824 649 4894 τὴν
670 4822 1032 4893 χαρμολύπην
1080 4825 1258 4896 ἐαυτῷ
1313 4826 1689 4896 ἐκλεγόμενος,
1732 4830 1947 4902 τηρήσῃ

365 4915 611 4985 ἀϐλασῆε
648 4918 681 4984 ἠ
720 4913 828 4984 γὰρ
862 4912 1110 4983 ἀπλανὴς
1168 4917 1465 4987 προσευχὴ,
1516 4918 1550 4987 η
1578 4917 1753 4990 θέρμη
1808 4923 1946 4990 μετὰ

365 5007 468 5076 τῆς
496 5005 806 5077 προσευχῆς
832 5004 926 5057 τοῦ
973 5003 1170 5073 Ἰησοῦ,
1211 5006 1305 5059 τοῦ
1339 5007 1590 5077 βαλόντος
1614 5011 1725 5078 πῦρ
1745 5011 1825 5074 είς
1847 5011 1946 5083 τὴν

367 5099 472 5166 γῆν
498 5098 597 5168 τῆς
627 5096 854 5166 καρδίας
878 5094 1038 5165 ἡμῶν
1066 5097 1233 5159 ἐστιν,
1277 5098 1311 5166 ἡ
1340 5098 1667 5166 φλογίζουσα
1697 5100 1766 5154 τὰ
1802 5103 1942 5174 πάθη

368 5188 444 5251 ὡς
466 5186 728 5248 ἀκάνθας,
751 5188 846 5238 καὶ
867 5185 1206 5255 εὐφροσύνην
1232 5187 1328 5240 καὶ
1370 5188 1662 5258 ἱλαρότητα
1689 5192 1946 5261 ἐμποιοῦσ-

360 5294 441 5330 σα
472 5279 539 5347 τῇ
569 5275 738 5346 ψυχῇ,
766 5276 860 5330 καὶ⁸
900 5277 1035 5345 μήτε
1069 5275 1236 5341 δεξιὰ,
1272 5278 1305 5349 ὴ
1348 5279 1638 5348 ἀριστερὰ,
1669 5279 1702 5351 ἢ
1730 5281 1940 5339 ἀνωθεν

369 5368 663 5436 ἐρχομένη,
693 5366 809 5425 ἀλλ’
851 5366 910 5417 ἐν
938 5366 1135 5436 καρδίᾳ
1182 5366 1550 5434 βλυστάνουσα
1575 5369 1731 5441 δίκην
1759 5373 1942 5442 πηγῆς

370 5456 564 5520 ὓδατος
592 5460 657 5509 ἐκ
683 5456 775 5510 τοῦ
800 5455 1065 5521 ζωοποιοῦ
1098 5457 1442 5525 Πνεύματος’
1487 5462 1580 5513 καὶ
1616 5462 1817 5533 ταύτην
1847 5464 1942 5533 μό-

370 5565 470 5616 νην
494 5549 551 5599 ἐν
589 5546 788 5616 καρδίᾳ
846 5563 941 5598 σου
979 5546 1215 5616 πόθησον
1250 5549 1430 5619 εὑρεῖν
1477 5552 1570 5603 καὶ
1618 5554 1940 5622 κτήσασθαι,

369 5639 550 5707 τηρῶν
585 5654 679 5689 σου
724 5638 817 5689 τὸν
873 5636 1002 5690 νοῦν
1048 5640 1134 5691 ἀεὶ
1174 5639 1515 5709 ἀφάνταστον
1539 5681 1554 5707 ,
1593 5644 1687 5696 καὶ
1736 5645 1941 5714 γυμνὸν

371 5730 657 5798 νοημάτων
675 5727 769 5781 καὶ
799 5727 1093 5798 λογισμῶν,
1123 5731 1215 5783 καὶ
1244 5732 1319 5802 μὴ
1344 5732 1531 5800 φοϐοῦ·
1560 5736 1586 5786 ό
1610 5735 1719 5804 γὰρ
1744 5737 1935 5803 εἰπὼν,

458 5925 470 5956 ³
502 5925 546 5984 ll
577 5921 702 5980 Cor.
737 5940 806 5993 γι,
842 5926 923 5979 l0.

1044 5928 1061 5957 ²
1091 5926 1106 5979 l
1141 5924 1264 5979 Cor.
1306 5941 1406 5993 xu,
1456 5925 1552 5991 l0;
1591 5923 1754 5980 llcbr.
1801 5943 1851 5991 v,
1889 5925 1980 5994 ll;

2044 4737 2214 4803 cidat,
2247 4738 2343 4793 sed
2374 4737 2648 4791 laetiﬁcum
2690 4749 2981 4791 maerorem
3035 4733 3141 4787 subi
3185 4734 3412 4802 eligens,
3443 4743 3627 4787 servet

2046 4831 2334 4886 intactum.
2371 4830 2506 4883 Nam
2555 4830 2730 4883 oratio
2771 4845 2879 4882 non
2923 4842 3149 4881 erronea
3191 4836 3274 4880 est
3313 4825 3485 4879 oratio
3519 4824 3628 4878 fer-

2045 4925 2170 4980 vida
2201 4924 2356 4989 Jcsu,
2387 4925 2476 4993 qui
2511 4924 2656 4977 misit
2691 4922 2867 4992 ignem
2898 4922 2949 4974 in
2986 4933 3185 4975 terram
3219 4921 3397 4974 cordis
3429 4924 3626 4986 nostri,

2045 5004 2373 5073 comburens
2412 5018 2538 5069 vitia
2558 5016 2698 5069 sicut
2725 5016 2932 5084 spinas,
2966 5014 3323 5080 lmtitiamque
3351 5020 3405 5066 et
3437 5011 3626 5064 hilari-

2046 5115 2212 5161 tatem
2231 5105 2461 5179 alierens
2479 5106 2697 5168 animae,
2724 5119 2824 5157 nec
2848 5104 2914 5157 ad
2939 5104 3242 5165 dexteram,
3278 5111 3372 5156 aut
3407 5103 3470 5154 ad
3496 5101 3627 5155 sini-

2055 5206 2251 5261 stram,
2287 5204 2381 5250 aut
2411 5210 2627 5249 sursum
2661 5195 2870 5262 abiens,
2903 5197 2998 5250 sed
3030 5197 3080 5248 in
3116 5195 3278 5248 corde
3319 5194 3626 5250 scaturiens

2054 5288 2210 5358 quasi
2248 5287 2371 5341 fons
2411 5300 2566 5354 aqua:
2610 5301 2637 5337 a
2674 5285 2890 5339 vivilico
2920 5286 3136 5355 spiritu.
3168 5283 3318 5337 Illam
3358 5285 3528 5338 solam
3572 5285 3623 5337 in

2054 5379 2215 5434 corde
2265 5389 2361 5441 tuo
2412 5380 2600 5446 cupias
2655 5378 2901 5432 invenire
2956 5392 3020 5431 ac
3076 5376 3360 5443 consequi,
3404 5392 3628 5431 servans

2052 5479 2289 5524 mentem
2344 5479 2491 5523 tuam
2547 5485 2762 5539 semper
2809 5469 3103 5538 imaginum
3164 5467 3514 5534 idvarumque
3566 5484 3630 5522 ac

2051 5561 2440 5631 cogitationum
2504 5572 2827 5630 expertem;
2887 5575 2989 5613 nec
3046 5560 3259 5612 timeas.
3315 5556 3416 5623 Qui
3480 5559 3627 5611 enim

2056 5650 2242 5706 dixit"
2276 5671 2290 5705 :
2321 5670 2340 5703 ι
2383 5650 2587 5706 liabete
2642 5654 2890 5706 ﬁduciam
2928 5667 2943 5704 :
2993 5664 3091 5718 rgo
3138 5665 3296 5715 sum,
3344 5647 3508 5703 nolite
3558 5652 3628 5702 ti-

2058 5758 2223 5808 ntere,
2253 5762 2276 5795 ι
2316 5743 2431 5813 ipse
2473 5745 2750 5798 nobiscum
2780 5750 2860 5796 est
2894 5756 3056 5809 quem
3101 5741 3418 5808 quaerimus,
3451 5751 3630 5808 prote-

3123 5927 3143 5957 δ
3175 5923 3358 5980 Matth.
3390 5941 3501 5990 xw,
3535 5923 3627 5980 27.

2028 5927 2227 5999 Eplics.
2274 5944 2349 5993 vt,
2391 5928 2475 5982 17.
2612 5927 2630 5957 ³
2661 5926 2829 5981 Eccli.
2864 5941 2939 5991 vi,
2972 5926 3024 5981 6.
