4020 6506
512 427 652 493 1313
1761 418 2099 480 GREGORJ

2206 416 2538 477 ΞΙΝΑΙΤίΕ
3629 432 3752 494 ιδῃ

506 560 641 616 gens
664 558 761 596 nos
792 556 1022 611 semper.
1056 537 1169 593 Nec
1208 538 1469 592 debemus
1495 538 1693 591 timere
1722 547 1817 589 aut
1849 550 2093 604 gemere,

2220 564 2239 598 ι
2269 547 2557 615 Θαρσεῖτε,
2585 542 2853 613 ὲγώείμι,
2886 543 2962 616 μὴ
2990 543 3265 614 φοϐεῖσθε,
3286 563 3304 597 ι
3328 546 3483 614 αὐτός
3512 553 3627 605 ξπ,
3655 555 3761 622 μεθ’

506 637 678 691 Deum
735 637 1074 688 invocantes.
1123 631 1279 698 Quod
1331 632 1377 686 si
1430 632 1522 700 qui
1576 630 1818 700 perversi
1869 639 1999 685 sunt
2041 641 2093 684 et

2216 639 2373 707 ἡμῶν
2421 637 2501 707 (ὃν
2534 635 2829 705 ζητοῦμεν,
2863 635 3250 707 ὑπερασπίζων
3303 638 3453 709 ἡμῶν
3499 644 3757 715 πάντοτε).

506 730 708 784 mentis
750 727 1019 796 iacturam
1066 724 1384 790 subierunt,
1425 725 1566 779 scito
1601 722 1652 777 id
1696 738 1765 776 ex
1811 721 2093 790 singulari-

2217 730 2328 783 Καὶ
2376 728 2477 781 οὐκ
2510 726 2797 795 ὀφείλομεν
2849 725 3077 796 δειλιᾷν,
3123 728 3464 801 ἢστενάζειν
3513 732 3607 784 τὸν
3643 733 3759 787 Θεὸν

504 830 615 875 tate
647 818 915 873 orationis
946 828 1001 871 ct
1035 816 1292 886 superbia
1323 815 1615 871 accidisse.
1649 814 1752 881 Qui
1785 818 1929 869 enim
1964 815 2091 869 obe-

2217 820 2659 887 ἐπικαλούμενοι,
2688 820 2749 872 Et
2782 817 2841 870 δὲ
2876 819 2971 872 καί
2999 835 3143 882 τινες
3194 819 3588 892 ἐξετράπησαν,
3642 824 3756 895 βλα-

503 913 721 966 dienter
780 925 905 962 cum
958 908 1389 979 interrogatione
1439 917 1494 961 et
1543 905 2090 974 humilitate.qua¢ril

2215 914 2402 977 ϐἐντες
2454 911 2554 982 τὴν
2587 910 2760 980 φρένα
2785 949 2801 975 ,
2836 910 2939 981 δρα
3001 912 3084 964 ὅτι
3129 910 3239 965 ἀπὸ
3282 911 3650 985 ίδιορῤυθμίας
3679 917 3759 969 καὶ

502 1004 715 1066 Deum,
768 1016 1045 1068 nunquam
1094 1000 1335 1068 peribit,
1385 999 1558 1069 gratia
1599 996 1808 1053 Christi
1858 998 2089 1052 volentis

2216 1003 2669 1078 ὑψηλοφροσύνης
2695 1003 2855 1056 τοῦτο
2883 1002 3236 1059 πεπόνθασιν.
3280 1005 3340 1059 '0
3367 1005 3473 1077 γὰρ
3504 1008 3626 1061 καθ’
3651 1009 3760 1063 ὑπο-

498 1110 697 1149 omnes
743 1093 997 1148 homines
1050 1092 1235 1148 salvos
1269 1090 1412 1146 fieri.
1454 1090 1536 1145 Ac
1566 1093 1671 1144 etsi
1702 1091 1886 1145 veniat
1918 1099 2085 1146 tenta«

2211 1100 2386 1171 ταγὴν
2422 1098 2562 1169 μετά
2583 1096 2904 1167 ἐρωτήσεως
2938 1096 3032 1150 καὶ
3077 1098 3574 1170 ταπεινοφροσύνης
3600 1098 3760 1171 ζητῶν

498 1185 603 1250 tio,
637 1185 703 1239 ad
734 1184 1112 1251 probationem
1156 1189 1212 1235 et
1259 1196 1519 1237 coronam
1550 1181 1842 1252 contingit,
1875 1180 2085 1249 permit-

2211 1193 2301 1247 τὸν
2328 1191 2482 1256 Θεδν,
2516 1189 2772 1242 οὐδέποτε
2804 1187 3157 1260 βλαϐήσεται,
3189 1191 3370 1261 χάριτι.
3399 1192 3656 1260 Χριστοῦ,
3677 1194 3757 1246 τοῦ

502 1280 671 1333 tentis
700 1278 796 1333 Dei
832 1287 1142 1347 promptum
1170 1275 1448 1346 accipiens
1476 1274 1740 1329 auxilium
1774 1276 1938 1327 modo
1968 1273 2089 1327 huic

2211 1283 2418 1345 πάντας
2442 1279 2764 1352 ἀνθρώπους
2788 1279 3030 1345 θέλοντος
3066 1281 3320 1352 σωθῆναι.
3345 1283 3408 1336 El
3435 1284 3490 1336 δὲ
3508 1286 3605 1337 καὶ
3636 1302 3759 1355 συμ-

501 1375 745 1441 cognito.
775 1371 909 1425 Nam
934 1381 1082 1424 recte
1110 1369 1380 1423 viventem
1408 1380 1940 1437 conversantemque
1968 1369 2088 1421 irre-

2210 1376 2278 1448 ϐῇ
2312 1375 2641 1450 πειρασμὸς,
2689 1373 2826 1444 πρὸς
2866 1372 3093 1444 δοκιμὴν
3128 1376 3222 1427 καὶ
3261 1377 3520 1444 στέφανον
3547 1379 3756 1445 γίνεται,

505 1463 971 1535 prehensibiliter,
1002 1472 1059 1517 et
1089 1460 1269 1516 studio
1302 1460 1551 1530 placendi
1585 1460 1903 1515 hominibus
1933 1470 2092 1529 atque

2206 1469 2419 1539 ταχέως
2444 1467 2582 1538 ἔχων
2610 1466 2709 1536 τὴν
2734 1465 2829 1519 τοῦ
2862 1465 3313 1537 παραχωροῦντος
3346 1468 3478 1522 Θεοῦ
3504 1470 3758 1541 βοήθειαν,

505 1558 763 1627 superbia
816 1557 1138 1620 immunem,
1194 1553 1498 1608 innumeris
1545 1552 1871 1623 aggrediens
1917 1560 2092 1605 tenta-

2207 1563 2274 1616 δι’
2296 1559 2389 1622 οὒς
2418 1555 2528 1612 οἶδε
2560 1558 2817 1627 τρόπους.
2850 1556 2954 1611 Τὸν
2985 1556 3094 1628 γὰρ
3122 1558 3297 1628 ὀρθῶς
3340 1558 3576 1629 βιοῦντα,
3599 1562 3760 1632 ἀμέρ..

511 1650 756 1705 tionibus
810 1658 923 1702 tota
971 1647 1282 1703 daemonum
1340 1646 1575 1716 phalanx
1630 1662 1737 1700 non
1797 1645 1989 1710 lmdet,
2038 1653 2098 1699 ut

2210 1668 2359 1712 πτως
2392 1666 2451 1702 τε
2505 1647 3019 1718 ἀναστρεφόμενον,
3072 1649 3165 1700 καὶ
3205 1649 3537 1719 ἀπεχόμενον
3570 1652 3758 1722 ἀνθρω.

504 1744 664 1797 aiunt
702 1741 931 1808 Patres;
973 1740 1064 1809 qui
1108 1754 1237 1794 vero
1270 1744 1595 1809 arroganter
1625 1751 1679 1791 et
1710 1736 1933 1805 proprio
1967 1750 2091 1789 con-

2212 1739 2546 1809 παρεσκείας
2591 1739 2686 1789 καί
2723 1733 3205 1807 ὑψηλοφροσύνης,
3236 1737 3339 1789 κᾶν
3369 1737 3597 1807 μυρίους
3624 1740 3757 1808 κινή-

507 1836 634 1892 silio
680 1834 1001 1899 ambulant,
1051 1832 1106 1886 bi
1151 1834 1407 1885 damnum
1457 1829 1618 1884 facile
1668 1829 1922 1884 subeunt.
1973 1828 2094 1881 ldeo

2210 1849 2293 1886 σει
2331 1830 2451 1884 κατ’
2494 1828 2660 1883 αὐτοῦ
2717 1830 3056 1899 πειρασμοὺς
3105 1830 3254 1882 πᾶσα
3296 1830 3404 1881 τῶν
3443 1828 3756 1899 δαιμόνωνή

504 1930 713 1999 regiam
765 1926 931 1981 debet
992 1925 1139 1982 viam
1174 1924 1390 1992 quietus
1444 1937 1660 1993 semper
1708 1932 1915 1976 tenere.
1961 1921 2091 1974 Nam

2167 1900 2175 1949 ⁵
2207 1921 2408 1993 φάλαξ,
2432 1923 2493 1975 οὐ
2532 1920 2745 1991 βλάψει,
2773 1891 2849 1984 ὥς
2880 1891 3040 1991 φασιν
3065 1921 3115 1974 οί
3139 1921 3375 1989 Πατέρες
3396 1937 3411 1950 ·
3445 1922 3495 1973 οί
3527 1891 3582 1973 δὲ
3606 1891 3754 1973 αὐθιιἐ

504 2034 723 2074 omnem
749 2030 1043 2071 excessum
1071 2013 1230 2069 facile
1259 2015 1609 2084 praesumptio
1635 2012 1790 2081 sequi
1822 2015 1981 2078 solet,
2007 2014 2091 2068 cui

2204 2017 2312 2081 δὼς
2368 2015 2465 2070 καὶ
2501 2014 2808 2077 ίδιοϐούλως
2849 2016 3229 2084 πορευόμενοι,
3260 2008 3407 2064 οὗτοι
3446 2014 3542 2067 καὶ
3575 2013 3756 2082 βλάϐην

500 2128 660 2168 error
676 2112 938 2167 suci-edit.
956 2111 1162 2165 Cohibe
1177 2112 1468 2165 elationem
1495 2110 1694 2164 mentis
1718 2109 1934 2178 paulum
1951 2125 2087 2163 com-

2205 2108 2448 2179 εὐχερῶς
2478 2106 2821 2176 ὑφίστανται.
2845 2108 2943 2160 Διά
2975 2104 3136 2159 τοῦτο
3159 2102 3442 2175 βασιλικὴν
3478 2105 3596 2158 ὁδόν
3625 2106 3755 2173 ὀφεί-

506 2206 795 2273 primi-nde
824 2205 876 2258 in
898 2204 1147 2259 oratione
1170 2219 1255 2268 os,
1282 2202 1429 2257 haud
1456 2217 1584 2257 vero
1617 2203 1829 2257 uariunt
1856 2203 2093 2272 respira-

2203 2199 2285 2253 λει
2319 2203 2347 2254 ὁ
2375 2199 2664 2269 ἡσυχάζων
2707 2198 2794 2251 ἀεὶ
2842 2200 3084 2269 κρατεῖν.
3135 2198 3214 2269 Τῇ
3252 2197 3361 2268 γὰρ
3407 2197 3674 2268 ὑπερϐολῇ
3706 2200 3752 2248 ἐν

507 2299 714 2352 tionem
744 2300 887 2352 sicut
916 2298 1177 2368 imperiti,
1214 2308 1271 2350 ut
1305 2313 1414 2351 non
1451 2297 1707 2367 superbia
1741 2298 1926 2351 cadas.
1962 2297 2094 2352 Tres

2204 2293 2340 2347 πᾶσι
2413 2291 2611 2355 ὁαδίως
2661 2291 2695 2360 ἠ
2742 2290 2918 2360 οἴησις
2966 2289 3345 2344 ἐπακολουθεῖν
3391 2291 3650 2360 πέφυκεν,
3700 2292 3754 2358 ἦν

508 2404 691 2447 autem
719 2402 851 2447 sunt
880 2391 1113 2445 virtutes
1142 2390 1366 2460 quietis,
1394 2406 1532 2460 quas
1560 2398 1780 2458 oportet
1808 2388 2095 2461 diligenter

2205 2397 2381 2466 πλάνη
2414 2392 2746 2463 διαδέχεται.
2775 2388 2986 2461 Κράτει
3032 2386 3126 2440 τὸν
3166 2380 3481 2455 ἀνασασμδν
3529 2382 3621 2438 τοῦ
3658 2383 3758 2445 νοῦ.

507 2497 754 2555 servare,
785 2492 841 2538 et
868 2482 1099 2552 singulis
1135 2481 1283 2535 horis
1310 2483 1544 2536 scrutari
1576 2497 1650 2536 an
1690 2482 1742 2535 in
1772 2482 1852 2536 eis
1883 2496 2094 2551 semper

2203 2490 2387 2558 ὀλίγον
2448 2485 2696 2555 σφίγγων
2747 2483 2805 2536 ὲν
2847 2481 3120 2552 προσευχῇ
3150 2479 3212 2532 τὸ
3261 2478 3457 2546 στόμα,
3500 2478 3591 2530 καὶ
3611 2476 3665 2530 οὗ
3684 2476 3760 2527 τὸν

503 2575 792 2644 degamus,
821 2589 890 2629 ne
915 2574 1191 2629 oblivione
1218 2575 1429 2643 decepti
1453 2586 1609 2629 extra
1634 2590 1729 2630 eas
1754 2575 2090 2645 gradiantur.

2203 2582 2307 2650 τῆς
2337 2579 2511 2651 ῥινὸς,
2557 2577 2634 2639 ώς
2684 2575 2735 2627 οί
2778 2573 3034 2641 ἀμαθεῖς,
3064 2572 3153 2626 ἵνα
3199 2570 3274 2641 μὴ
3307 2569 3510 2639 βλαϐῇς
3536 2566 3762 2635 ἐξογκοῦ-

507 2665 576 2718 Ει
629 2667 712 2719 hae
749 2664 969 2735 quidem
1016 2675 1149 2721 sunt
1186 2680 1201 2718 :
1241 2666 1623 2734 temperantia,
1669 2667 1968 2728 silentium,
2016 2667 2094 2721 sui

2207 2690 2388 2745 μενος.
2413 2670 2574 2737 Τρεῖς
2602 2669 2660 2721 δὲ
2689 2665 2885 2737 ἀρεταί
2922 2666 3030 2719 είσι
3070 2662 3167 2734 τῆς
3194 2663 3443 2733 ἡσυχίας,
3484 2663 3549 2725 ἃς
3576 2661 3654 2715 δεῖ
3676 2676 3760 2727 φυ-

506 2759 822 2828 despectus,
861 2758 912 2811 id
948 2766 1072 2824 est,
1113 2757 1412 2813 humilitas.
1453 2757 1594 2813 Sunt
1635 2759 1781 2814 enim
1822 2759 2093 2830 generales

2203 2764 2423 2818 λάττειν
2454 2758 2719 2833 ἀκριϐῶς,
2751 2757 2846 2811 καὶ
2889 2754 3012 2810 καθ’
3038 2754 3192 2825 ὤραν
3224 2754 3471 2824 ὲρευνᾷν,
3505 2754 3552 2805 εἰ
3583 2753 3639 2803 ὲν
3675 2751 3758 2803 αὖ·

507 2858 564 2903 et
598 2865 721 2905 sese
754 2850 989 2903 invicem
1022 2860 1378 2917 conservant,
1401 2865 1468 2904 ex
1496 2851 1686 2920 eisque
1714 2851 1890 2906 oratio
1920 2850 2094 2905 nasci

2203 2861 2325 2922 ταῖς
2352 2858 2439 2910 ἀεὶ
2470 2853 2843 2925 διατρίϐομεν,
2876 2853 3076 2922 μήπως
3122 2849 3228 2904 ὑπὸ
3259 2849 3429 2920 λήθης
3485 2845 3763 2913 κλεπτόμε-

511 2951 601 2997 ῑιιι·
651 2953 706 2999 et
759 2943 962 2999 crescit
1017 2957 1254 3012 semper.
1314 2942 1472 2998 Varie
1521 2954 1704 2999 autem
1768 2946 2098 3016 principium

2206 2969 2310 3012 νοι,
2360 2949 2559 3015 ἔξωθεν
2601 2947 2781 3003 αὐτῶν
2823 2944 3203 3017 πορευώμεθα.
3233 2944 3300 2997 Ai
3333 2942 3390 2996 δέ
3424 2941 3567 2995 εἰσιν
3603 2931 3758 2993 αὗται·

509 3034 698 3101 gratia:
724 3034 794 3102 ,in
833 3033 1091 3088 oratione
1128 3032 1510 3090 manifestatur
1551 3035 1693 3104 apud
1730 3036 2018 3104 quosdam,
2049 3045 2096 3092 et

2210 3046 2244 3115 ᾗ
2288 3041 2604 3110 ἐγκράτεια,
2644 3039 2678 3109 ἡ
2710 3035 2911 3105 σιωπὴ,
2937 3033 3031 3088 καὶ
3057 3035 3091 3105 ἡ
3119 3030 3490 3103 αὑτομεμψία,
3517 3030 3763 3083 τουτέστιν

511 3124 829 3179 nndtimode
860 3122 1177 3178 distributio
1213 3120 1478 3192 Spiritus,
1505 3125 1583 3178 ait
1610 3124 1900 3193 Apostolus
1931 3124 1973 3189 ³,
2006 3138 2098 3193 pro

2206 3136 2240 3205 ὴ
2288 3132 2640 3194 ταπείνωσις.
2678 3127 3033 3200 Περιεκτικαὶ
3060 3126 3170 3197 γάρ
3198 3126 3344 3190 είσι,
3393 3123 3489 3177 καὶ
3544 3121 3761 3188 ἀλλήλων

509 3217 688 3284 ipsius
728 3215 1012 3268 voluntate
1054 3215 1302 3268 cernitur
1336 3229 1402 3268 ac
1434 3215 1807 3284 cognoscitur,
1843 3216 1919 3270 ita
1947 3226 2007 3269 ut
2036 3214 2096 3268 ad

2208 3225 2565 3293 φυλακτικαὶ,
2592 3223 2652 3290 ἐξ
2675 3215 2752 3276 ὧν
2782 3223 2816 3293 ἠ
2849 3219 3129 3290 προσευχὴ
3157 3218 3400 3272 τίκτεται
3447 3219 3545 3270 καὶ
3568 3213 3761 3278 αὐξάνει

510 3309 803 3379 imaginem
858 3306 988 3362 Elia:
1033 3305 1308 3362 Thesbitae
1349 3307 1402 3360 in
1453 3306 1611 3362 nobis
1659 3316 1921 3376 appareat
1958 3308 2001 3363 ⁸.
2038 3307 2097 3363 In

2208 3318 2522 3381 διαπαντός.
2578 3315 2864 3386 Διαφόρως
2910 3313 2969 3367 δὲ
3022 3313 3057 3383 ἡ
3106 3310 3253 3382 ἀρχὴ
3306 3310 3406 3373 τῆς
3458 3309 3673 3379 χάριτος
3712 3306 3759 3354 ἐν

511 3402 785 3456 nonnullis
811 3401 1033 3472 quidem
1061 3401 1295 3472 spiritus
1329 3400 1565 3465 timoris,
1592 3401 1919 3456 subvertens
1949 3413 2098 3455 mon-

2209 3412 2490 3481 προσευχῇ
2524 3406 2883 3475 ἀναφαίνεται
2926 3404 3006 3467 είς
3038 3419 3214 3465 τινας,
3254 3401 3348 3454 καὶ
3377 3394 3760 3469 πολυτρόπωςὸ

509 3505 593 3549 tes
614 3494 1001 3565 cupiditatum,
1027 3504 1085 3548 et
1108 3501 1403 3549 conterens
1427 3504 1611 3562 petras
1637 3507 1732 3547 seu
1754 3493 1890 3547 dura
1911 3492 2096 3554 corda.

2213 3503 2482 3576 μερισμὸς
2519 3501 2615 3556 τοῦ
2644 3499 2976 3572 πνεύματος,
3005 3498 3171 3568 φησὶν
3193 3499 3223 3550 ὁ
3275 3493 3612 3556 Ἀπὸστολος,
3643 3487 3761 3542 κατὰ

508 3588 856 3656 supervenit;
906 3588 979 3642 ita
1036 3595 1096 3642 ut
1141 3589 1338 3643 timore
1382 3587 1538 3656 quasi
1585 3586 1758 3642 clavis
1803 3588 2003 3656 ligatur
2048 3596 2095 3642 et

2212 3598 2311 3668 τὴν
2340 3595 2508 3651 αὐτοῦ
2538 3596 2762 3666 θέλησιν
2800 3593 3102 3665 καθορᾶται
3153 3591 3247 3644 καὶ
3277 3587 3620 3658 γινώσκεται,
3643 3583 3761 3636 ὥστε

510 3692 724 3736 inortua
761 3681 857 3736 ﬁat
890 3696 1043 3737 caro.
1076 3682 1136 3735 In
1169 3682 1295 3736 aliis
1328 3690 1511 3736 autem
1547 3683 1841 3735 commotio
1869 3694 1964 3735 seu
1993 3678 2097 3732 ala-

2211 3691 2355 3745 κατὰ
2403 3691 2496 3744 τὸν
2549 3689 2720 3743 τύπον
2752 3685 2937 3741 Ἠλιοῦ
2971 3685 3074 3738 ’τοῦ
3108 3682 3388 3745 Θεσϐίτου,
3433 3683 3531 3732 καὶ
3568 3682 3623 3731 ὲν
3652 3677 3760 3747 ἡμῖν

507 3775 697 3840 critas,
729 3790 893 3844 quam
921 3784 976 3829 et
1006 3773 1440 3830 exsultationem
1482 3773 1686 3827 clarius
1728 3771 1920 3827 Patres
1948 3772 2094 3826 dixe-

2213 3784 2484 3852 φαίνεται.
2521 3782 2620 3835 Ἐν
2645 3762 2755 3835 τισι
2794 3783 2892 3848 μὲν
2952 3777 3169 3847 πνεῦμα
3199 3777 3385 3847 φόϐου,
3429 3773 3640 3827 διαὶύον
3676 3772 3758 3837 ὅρη

509 3876 667 3936 runt,
697 3867 930 3923 maxime
956 3865 1341 3922 immaterialis
1364 3875 1421 3920 et
1442 3864 1825 3921 substantialis
1846 3864 1901 3918 in
1928 3864 2096 3920 visce-

2211 3873 2423 3940 παθῶν,
2456 3873 2553 3928 καὶ
2579 3871 2867 3944 συντρίϐον
2894 3871 3120 3940 πέτρας,
3151 3868 3250 3932 τὰς
3279 3866 3517 3939 σκληρὰς
3541 3863 3758 3935 καρδίας.

512 3963 667 4017 ribus
696 3960 1005 4015 ostenditur
1031 3975 1049 4015 :
1081 3962 1227 4029 quod
1259 3958 1408 4014 enim
1446 3972 1557 4045 non
1593 3966 1677 4013 est
1709 3956 2017 4012 subsistens
2049 3962 2099 4010 et

2211 3969 2457 4040 ἔρχεται,
2482 3966 2626 4022 ὥστε
2658 3967 2768 4021 ἀπὸ
2796 3964 2890 4019 τοῦ
2942 3963 3111 4034 φόϐου
3141 3961 3527 4033 καθηλοῦσθαι,
3558 3961 3644 4013 καὶ
3679 3954 3773 4024 τὴν·

506 4053 897 4120 substantiale,
934 4067 1047 4108 non
1092 4051 1328 4107 exsistit.
1355 4051 1511 4121 Apud
1563 4050 1703 4106 alios
1754 4049 2010 4118 denique,
2050 4058 2093 4103 et

2212 4062 2392 4132 σάρκα
2424 4060 2631 4132 νεκρὰν
2664 4058 2932 4129 γίνεσθαιο
2982 4059 3041 4111 ὲν
3090 4056 3299 4127 ἑτέροις
3326 4054 3384 4108 δὲ
3440 4050 3754 4120 συσσεισμὸς.

516 4147 790 4217 imprimis
823 4145 968 4215 apud
1001 4146 1240 4201 maxime
1271 4147 1325 4200 in
1355 4145 1604 4199 oratione
1629 4156 1970 4214 progressos,
2001 4156 2103 4194 au-

2212 4153 2315 4207 εῐτ⁹
2339 4148 2433 4209 οὖν
2455 4151 2770 4222 ἀγαλλίαμα
2814 4150 2865 4222 (ὃ
2910 4150 3007 4204 καὶ
3048 4151 3326 4219 σκίρτημα
3367 4145 3697 4217 τρανώτερον
3717 4140 3757 4192 oi

517 4256 632 4294 ram
674 4240 817 4295 lucis
865 4250 1089 4294 tenuem
1137 4252 1201 4293 ac
1244 4237 1422 4292 lenem
1472 4235 1620 4292 alllat
1662 4235 1842 4300 Deus,
1884 4232 2104 4291 Christo

2214 4242 2457 4315 Πατέρες
2484 4243 2789 4315 εἰρήκασι),
2818 4242 2875 4295 ὲν
2903 4238 3143 4310 πρώτοις
3170 4238 3354 4303 ἀῦλον,
3396 4238 3493 4291 καὶ
3533 4233 3755 4293 οὐσιῶδες

518 4333 800 4388 habitante
833 4332 886 4386 in
924 4332 1111 4398 corde,
1137 4331 1292 4399 juxta
1310 4328 1674 4401 Apostolum,
1706 4338 1762 4384 et
1792 4330 2019 4398 mystice
2049 4326 2103 4381 in

2214 4336 2273 4388 ἐν
2304 4334 2638 4405 σπλάγχνοις
2681 4333 2982 4387 δείκνυται.
3018 4331 3094 4384 Τὸ
3137 4330 3246 4399 γὰρ
3276 4328 3523 4383 ἀνούσιον
3554 4326 3643 4381 καὶ
3677 4325 3755 4376 ἁν-

516 4426 711 4495 spiritu
736 4426 1064 4494 refulgente.
1085 4424 1389 4494 Propterea
1412 4424 1629 4479 dicebat
1649 4423 1794 4479 Deus
1818 4422 1881 4477 ad
1905 4420 2102 4486 Etiam,

2214 4423 2543 4487 υπόστατον,
2584 4422 2679 4476 καὶ
2717 4422 2792 4494 μὴ
2827 4421 2887 4475 δν
2926 4421 3096 4474 ἐστίν’
3136 4421 3196 4473 ὲν
3234 4419 3445 4490 ἑτέροις
3485 4416 3574 4484 δὲ,
3603 4414 3754 4468 τελευ-

519 4521 574 4573 in
598 4529 783 4574 monte
805 4516 988 4574 Horeb
1009 4517 1029 4550 ³
1054 4534 1070 4572 :
1099 4537 1117 4569 ι
1148 4516 1265 4572 Non
1287 4518 1340 4573 in
1362 4520 1728 4579 commotione
1749 4515 2097 4578 Dominum,»

2171 4554 2183 4599 ν
2213 4517 2363 4567 ταῖον
2412 4513 2587 4586 αὔραν
2623 4514 2831 4586 λεπτὴν
2870 4514 3050 4582 φωτὸς
3082 4512 3389 4582 εἰρηναίανο
3411 4512 3471 4563 ὲν
3519 4512 3623 4572 τοῖς
3650 4521 3758 4602 πρῗ

517 4613 732 4667 scilicet
754 4613 810 4669 in
834 4609 1256 4681 particularibus
1286 4610 1525 4664 tironum
1554 4609 1836 4680 operibus,
1863 4606 1958 4662 sed
1993 4625 2013 4657 ι
2047 4607 2104 4662 in

2166 4591 2179 4602 ’
2214 4602 2413 4672 κύψασι
2441 4603 2675 4673 μάλιστα
2720 4603 2778 4655 ὲν
2826 4602 3103 4672 προσευχῇ
3128 4640 3143 4665 ,
3176 4601 3390 4671 ἐνεργεῖ
3445 4599 3474 4651 ό
3506 4597 3646 4658 Θεδς,
3677 4591 3753 4644 τοῦ

518 4720 653 4761 aura
683 4704 832 4759 tenui
858 4722 876 4756 ι
908 4704 1048 4758 lucis
1069 4719 1215 4769 esse,
1234 4704 1308 4758 ibi
1339 4704 1629 4758 Dominum
1657 4702 1957 4771 perfectam
1982 4714 2105 4755 esse

2213 4694 2453 4765 Χριστοῦ
2482 4697 2539 4748 ὲν
2562 4693 2761 4765 καρδίᾳ
2775 4693 3120 4765 οἰκήσαντος,
3146 4690 3286 4745 κατὰ
3313 4691 3404 4745 τὸν
3444 4686 3751 4749 Ἀπόστολον,

519 4800 820 4853 orationem
856 4794 1176 4853 ostendens.

2216 4785 2311 4840 καὶ
2338 4784 2614 4857 μυστικῶς
2648 4783 3083 4855 ἀναφαινομένου
3111 4785 3169 4837 ὲν
3200 4783 3489 4854 πνεύματι.
3515 4780 3607 4835 Διά
3626 4776 3755 4831 τοῦτο

519 4884 708 4951 ἔλεγεν
732 4885 760 4935 ὁ
800 4883 934 4944 Θεὸς
965 4878 1106 4945 πρὸς
1146 4876 1245 4932 τὸν
1283 4876 1473 4932 Ἠλίαν
1504 4877 1563 4930 ὲν
1603 4876 1724 4946 δρει
1757 4875 1988 4947 Χωρὴϐ,
2024 4873 2231 4929 ὅτιούκ
2251 4881 2309 4927 ὲν
2335 4875 2470 4943 τῷδε
2525 4877 2557 4947 ἢ
2611 4874 2748 4949 τῷδε
2778 4878 3006 4949 Κύριος,
3044 4877 3157 4934 τῶν
3194 4875 3480 4947 ἀρχαρίων
3520 4869 3761 4944 μερικαῖἱ

522 4978 836 5047 ἐνεργείας,
864 4975 982 5029 ἀλλ’
1010 4979 1068 5027 ὲν
1091 4973 1241 5047 αὖρα
1269 4974 1443 5047 λεπτῇ
1475 4975 1676 5044 φωτὸς,
1701 4976 1869 5029 κάκεῖ
1892 4973 2119 5040 Κύριος,
2157 4973 2220 5026 τὸ
2255 4973 2465 5027 τέλειον
2487 4972 2778 5042 ὑποδείξας
2804 4976 2909 5047 τῆς
2939 4975 3255 5048 προσευχῆς

601 5070 866 5137 Quwstia.
903 5072 1042 5137 Quid
1071 5073 1238 5130 iaciat
1269 5076 1487 5147 aliquis,
1521 5093 1646 5131 cum
1691 5076 2112 5133 transformatur

2294 5083 2504 5161 ,Ἐρώτα
2552 5081 2618 5135 Τί
2662 5082 2883 5147 ποιήσει
2931 5094 3037 5142 τις.
3085 5078 3173 5130 ὅτε
3206 5064 3751 5161 μετασχηματίζεταιό

525 5162 741 5219 daemon
773 5164 830 5218 in
860 5165 1110 5234 angelum
1145 5168 1304 5232 lucis,
1335 5179 1391 5223 et
1419 5169 1699 5224 hominem
1729 5169 1971 5239 de'cipit?

2218 5157 2427 5246 δαίμων
2482 5176 2564 5238 είς
2610 5172 2843 5243 ἄγγελον
2897 5170 3100 5240 φωτὸς,
3139 5168 3234 5221 καὶ
3257 5165 3540 5235 ἀποπλανᾷ
3561 5162 3642 5215 τὸν
3670 5157 3748 5211 ἆν-

599 5339 1148 5414 Responsio.Propter
1163 5345 1271 5403 hoc
1290 5346 1502 5415 indiget
1526 5348 1688 5405 homo
1707 5352 1880 5405 multa
1902 5351 2116 5410 discre-

2220 5271 2544 5429 opt-22;.
2588 5357 2691 5411 Διὰ
2716 5354 2878 5410 τοῦτο
2917 5353 3111 5425 χρείαν
3155 5350 3270 5422 ἔχει
3296 5351 3325 5403 ό
3354 5348 3620 5419 ἄνθρωπος
3640 5339 3742 5429 πολς

531 5432 693 5500 tione,
721 5443 777 5488 ut
801 5435 1099 5493 discrimen
1125 5440 1255 5494 boni
1284 5455 1349 5495 ac
1379 5443 1508 5497 mali
1538 5451 1821 5513 agnoscat.
1848 5443 1929 5502 Ne
1951 5446 2118 5517 igitur

2217 5450 2315 5521 λῆς
2341 5427 2685 5520 διακρίσεως,
2711 5447 2799 5500 ἵνα
2830 5444 2932 5517 τὴν
2963 5442 3230 5512 διαφορὰν
3255 5440 3349 5494 τοῦ
3379 5437 3541 5493 καλοῦ
3572 5427 3744 5488 καὶτοῦ

530 5531 581 5575 te
611 5526 720 5579 cito
753 5533 808 5579 ct
840 5527 1035 5583 leviter
1075 5533 1272 5584 credas
1313 5535 1729 5601 apparentibus,
1763 5536 1860 5591 sed
1895 5551 2117 5596 remane

2218 5540 2391 5597 κακοῦ
2438 5538 2798 5613 ὲπιγινώσκῃ.
2827 5536 2922 5609 Μὴ
2967 5531 3060 5589 οὖν
3099 5532 3322 5589 σεαυτὸν
3362 5531 3497 5601 ταχὺ
3545 5521 3756 5580 ἐπιδίδου.

528 5620 725 5685 gravis,
764 5628 818 5674 et
859 5631 982 5690 post
1024 5624 1251 5679 multam
1290 5626 1666 5693 probationem
1695 5629 1897 5685 bonum
1929 5646 2112 5700 serva,

2217 5635 2330 5698 τοῖς
2366 5631 2715 5702 φαινομένοις
2750 5611 2854 5683 διὰ
2905 5626 3235 5695 κουφότητα,
3266 5622 3394 5675 me
3438 5619 3557 5691 μένε
3586 5611 3746 5702 βαρὺς,

531 5714 728 5770 malum
770 5731 899 5803 vero
925 5718 1104 5789 abjice
1129 5737 1144 5774 :
1175 5722 1340 5778 debes
1372 5724 1536 5794 igitur
1562 5726 1798 5796 probare
1823 5741 1880 5787 et
1902 5732 2112 5789 discer-

2219 5726 2314 5780 καὶ
2340 5700 2481 5794 μετά
2510 5700 2835 5792 δοκιμασίας
2865 5718 3067 5789 πολλῆς
3100 5716 3296 5786 κάτεχε
3342 5714 3402 5768 τὸ
3429 5710 3597 5767 καλόν.
3622 5703 3681 5756 Tt
3698 5700 3743 5753 δὲ

601 5897 617 5927 ¹
649 5896 670 5955 Ι
698 5898 822 5957 Cor.
860 5917 960 5958 xu.
1036 5906 1056 5937 ³
1089 5904 1158 5961 lll
1187 5907 1323 5978 Reg.
1359 5925 1471 5981 xix,
1504 5913 1592 5969 ll.
1671 5917 1690 5948 ³
1720 5886 1952 5991 lli-Reg.
1981 5938 2094 5993 xxx,
2143 5924 2228 5992 ll,
2267 5926 2352 5983 12.
