4020 6486
265 482 406 548 ηις)

1295 477 1712 544 ΡΗΑΞΩΕΡΤΑ
1756 480 1856 539 AD
1893 476 2468 541 HESYCHASTAS.

2237 308 2257 318 4
2264 316 2273 319 νγ
2282 317 2287 321 ς
2306 306 2406 322 ..λι-και..

3367 462 3503 527 1346

252 611 491 685 πονηρὸν
520 609 846 682 ἀπόρῤιπτεο
874 604 1108 677 ὀφείλεις
1135 605 1196 661 et
1219 605 1530 676 δοκιμάζειν
1581 603 1675 658 καὶ
1700 604 1818 658 δια-

1926 609 2074 659 nere,
2109 608 2175 648 ac
2221 601 2407 662 postea
2459 585 2706 642 credere.
2756 583 2907 637 Scito
2946 578 3174 651 proinde
3215 579 3502 635 manifeSta

253 706 480 777 κρίνειν,
510 701 603 755 καὶ
628 701 750 754 τότε
780 699 1075 752 πιστεύειν.
1116 698 1357 751 Γίνωσκε
1388 695 1565 750 τοίνυν
1611 698 1691 750 ὅτι
1716 712 1819 763 φα·-

252 796 387 867 νερά
414 796 521 847 εἰσι
554 793 625 846 τὰ
667 792 1018 862 ἐνεργήματα
1039 790 1136 858 τῆς
1164 789 1406 860 χάριτος,
1451 788 1595 858 ἅπερ
1627 790 1655 840 ὁ
1704 787 1820 840 δαί-

255 904 399 956 μων,
428 886 534 939 κᾶν
566 882 1129 954 μετασχηματίζηται,
1163 882 1464 950 παρασχεῖν
1494 880 1555 932 οὐ
1576 879 1818 933 δύναται.

252 977 330 1033 Οὐ
373 976 678 1046 πραότητα,
732 973 833 1026 οὐκ
878 972 1198 1036 ἐπιείκειαν,
1251 973 1312 1023 οὐ
1374 971 1720 1036 ταπείνωσιν,
1758 969 1820 1023 οὐ

256 1070 414 1138 μῖσος
441 1065 534 1119 τοῦ
570 1064 798 1132 κόσμου,
827 1062 925 1132 οὐχ
949 1061 1142 1132 ἡδονὰς
1167 1061 1261 1114 καὶ
1292 1061 1438 1130 πάθη
1458 1061 1641 1125 παύει,
1679 1062 1822 1130 ειπερ

254 1161 365 1211 εἰσὶ
405 1158 502 1227 τῆς
541 1157 763 1227 χάριτος
811 1155 1159 1224 ἐνεργήματα
1190 1193 1204 1218 ,
1257 1152 1424 1220 τύφος
1478 1153 1535 1204 δέ
1601 1154 1748 1205 ἐστιν
1785 1155 1819 1221 ἡ

254 1249 464 1302 ἐκείνου
495 1246 762 1314 ἐνέργεια,
797 1247 890 1297 καὶ
913 1241 1349 1313 ὑψηλοφροσύνη,
1389 1244 1482 1294 καὶ
1515 1241 1705 1305 δειλία,
1731 1243 1824 1293 καὶ

254 1340 410 1392 πᾶσα
435 1336 626 1389 κακία.
668 1335 763 1387 Ἐκ
808 1334 906 1402 τῆς
950 1331 1229 1402 ἐνεργείας
1258 1329 1545 1400 τοιγαροῦν
1596 1329 1823 1381 δύνασαι

254 1428 459 1497 γνῶναι
481 1425 541 1477 τὸ
561 1423 866 1492 ὲλλαμφθὲν
887 1422 1003 1492 φῶς
1023 1426 1081 1474 ὲν
1095 1424 1160 1491 τῇ
1176 1421 1318 1490 ψυχῇ
1344 1438 1457 1484 σου,
1476 1418 1669 1493 [εΞῙτοῦ
1687 1418 1824 1474 Θεοῦ

255 1521 429 1581 ἐστιν,
463 1514 497 1585 ἢ
533 1513 625 1566 τοῦ
662 1514 892 1565 Σατανᾶ.
953 1510 1019 1563 Ἠ
1070 1509 1259 1579 θρίδαξ
1309 1509 1465 1578 ὁμοία
1514 1508 1632 1560 ἐστὶ
1683 1508 1822 1561 κατὰ

255 1610 355 1678 τὴν
407 1608 598 1677 ὅρασιν
626 1606 692 1673 τῇ
721 1602 952 1673 πικρίδι,
980 1601 1074 1652 καὶ
1105 1599 1167 1652 τὸ
1205 1601 1346 1666 ὅξος,
1381 1600 1564 1669 ὅμοιον
1595 1598 1674 1670 τῷ
1695 1597 1825 1668 οἴνῳ

256 1699 401 1752 κατὰ
421 1698 520 1768 τὴν
554 1697 715 1761 ἰδέαν,
768 1694 883 1748 ἀλλ’
923 1695 987 1747 ἐκ
1020 1695 1115 1763 τῆς
1171 1692 1410 1760 γεύσεως
1444 1695 1472 1744 ὁ
1501 1691 1707 1762 λάρυγξ
1736 1709 1823 1758 γι-

257 1798 460 1844 νώσκει
491 1790 584 1843 καὶ
631 1787 897 1857 διακρίνει
932 1786 1030 1855 τὴν
1068 1786 1302 1839 ἑκάστου
1341 1785 1639 1854 διαφοράνο
1680 1782 1824 1837 οὕτω

258 1881 356 1933 καὶ
388 1882 421 1949 ἡ
444 1879 588 1949 ψυχὴ
610 1879 704 1930 ἐὰν
734 1877 833 1950 ἔχῃ
854 1876 1148 1945 διάκρισιν,
1181 1876 1243 1926 ἐκ
1275 1874 1373 1943 τῆς
1391 1873 1605 1948 ,νοερᾶς
1630 1871 1790 1941 αίσθή
1818 1899 1825 1905 ι

1922 703 2049 743 esse
2096 701 2259 752 opera
2306 681 2520 749 gratiae,
2555 692 2675 746 qua:
2721 676 2955 738 daemon,
2992 669 3243 739 quamvis
3286 670 3503 724 simulet

1892 774 2164 846 'przeberc
2200 773 2408 841 nequit.
2450 771 2568 823 Non
2620 762 3122 838 mansuetudinem,
3158 775 3264 814 non
3309 762 3506 815 decen-

1922 873 2090 932 tiam,
2134 880 2242 919 non
2290 861 2686 921 humilitatem,
2735 869 2844 909 non
2896 851 3082 906 mundi
3132 850 3346 911 odium.
3392 863 3501 901 non

1923 962 2260 1029 voluptatum
2291 965 2349 1011 et
2376 953 2636 1007 vitiorum
2666 949 2851 1018 fugam
2907 953 3182 1013 operatur,
3216 955 3337 1009 qua:
3375 948 3505 993 sunt

1926 1049 2114 1120 gratia:
2145 1059 2330 1113 opera,
2367 1043 2461 1098 sed
2495 1038 2744 1110 operatio
2790 1036 2909 1102 ejus
2957 1044 3137 1087 tumor
3175 1040 3279 1096 est,
3315 1039 3369 1083 et
3408 1044 3501 1083 su-

1925 1140 2133 1210 perbia,
2163 1147 2217 1191 et
2253 1137 2435 1197 timor,
2462 1142 2518 1187 et
2551 1130 2730 1184 omnis
2763 1126 3028 1197 nequitia.
3060 1122 3198 1192 Ergo
3227 1136 3290 1175 ex
3321 1119 3504 1189 operi.

1925 1232 2028 1287 bus
2067 1242 2399 1298 cognoscere
2442 1234 2596 1295 potes
2643 1232 2822 1275 utrum
2868 1217 3132 1285 affulgens
3171 1214 3361 1266 animae
3396 1221 3503 1264 tua:

1926 1322 2018 1376 lux
2064 1321 2153 1374 Dei
2193 1320 2283 1382 sit,
2320 1334 2384 1372 an
2441 1316 2679 1371 Satanae.
2728 1311 2962 1364 Lactuca
3009 1307 3126 1359 visu
3175 1303 3367 1358 similis
3418 1307 3504 1353 est

1928 1411 2217 1475 meconidi,
2251 1417 2305 1463 et
2346 1417 2562 1462 acetum
2611 1412 2834 1471 aspectu
2878 1398 3061 1454 simile
3105 1404 3186 1449 cst
3230 1394 3376 1453 vino,
3408 1390 3504 1444 sed

1929 1513 2085 1574 gustu
2127 1501 2373 1570 agnoscit
2410 1508 2601 1566 guttur
2628 1510 2691 1549 ac
2722 1492 2986 1546 discernit
3018 1488 3285 1556 cujusque
3313 1481 3506 1537 discri-

1928 1611 2051 1650 men
2091 1612 2105 1648 :
2139 1598 2217 1648 sic
2249 1602 2304 1647 et
2341 1593 2544 1654 anima,
2581 1587 2630 1643 si
2664 1585 2864 1639 habeat
2909 1579 3309 1636 discretionem,
3344 1570 3504 1625 intel-

1929 1683 2140 1737 lectuali
2172 1696 2334 1735 sensu
2361 1679 2569 1748 judicat
2600 1674 2775 1731 sancti
2812 1669 3047 1739 Spiritus
3079 1671 3297 1722 cltnrisu
3320 1670 3407 1717 ala
3448 1670 3504 1713 et

1930 1775 2146 1832 Sztlall‘J.‘
2179 1775 2578 1843 phantasmata.

256 1988 401 2032 σεως
433 1970 690 2037 γινώσκει
733 1974 800 2021 τὰ
830 1967 923 2019 τοῦ
953 1965 1107 2033 ἁγίου
1143 1964 1455 2034 Πνεύματος
1488 1963 1821 2034 χαρίσματα,
1922 2008 1927 2013 .

257 2062 354 2114 καὶ
376 2062 444 2114 τὰ
471 2059 563 2113 τοῦ
592 2060 805 2112 Σατανᾶ
842 2058 1221 2127 φαντάσματα.

1664 4052 1719 4061 -ν-
1737 4045 2110 4065 Μάχων-...-
