4020 6488
268 443 404 507 1⁸49

1585 456 2161 517 PROSOPONELE.

3361 456 3500 522 1359

274 562 366 628 τῆς
423 561 533 614 ἀνω
580 561 858 628 εὐγενείνς
915 562 1180 632 ἀπορροὴ,
1224 564 1297 627 ὡς
1353 566 1648 633 ἕμπνευσις
1703 565 1832 621 οὖσα
1865 570 1905 625 Α
1936 589 2024 623 ται
2052 570 2409 639 δριμύτερον“
2466 572 2889 642 συναισθάνομαι
2936 574 2999 644 δὴ
3045 575 3138 627 καὶ
3191 576 3330 643 αὕτη
3384 578 3494 629 τῶν

272 650 426 710 Θεοῦ,
466 651 559 701 καὶ
602 650 763 705 εἰκὼν
795 652 1016 718 ἀρχικὴ,
1048 654 1139 704 καὶ
1169 653 1379 721 βασιλὶς
1406 655 1513 705 τῶν
1536 656 1708 723 χαμαὶ
1739 658 1828 721 ἐρ·-

272 744 512 812 χομένων
541 741 777 794 πάντων.
814 743 887 793 Οὐ
911 741 1018 809 γάρ
1053 743 1214 795 δεὶσω
1270 744 1441 797 ταῦτα
1468 747 1827 813 σεμνολογεϊν,

273 833 349 903 μὴ
373 836 464 885 καὶ
493 834 631 898 δόξω
654 834 956 901 κομπάζειν
982 835 1112 903 παρ’
1149 836 1297 902 ὑμῖν,
1328 839 1402 898 ὡς
1432 837 1607 899 ἄλλως
1660 854 1828 904 μεγα-

274 929 521 997 λήγορος,
553 922 611 978 εὖ
641 926 803 977 εἰδόσι
836 926 931 978 καὶ
974 927 1362 994 σεδασαμένοις
1419 929 1618 996 τούμὸν
1643 929 1716 991 ὡς
1739 929 1825 981 θέ-

274 1036 363 1089 μις
390 1020 625 1086 ἀξίωμα.
667 1017 821 1070 Ἐπεὶ
841 1018 948 1086 γὰρ
977 1019 1007 1087 ή
1039 1019 1345 1088 ἀρχέτυπος
1372 1020 1530 1089 ήμῶν
1560 1019 1832 1087 ἀγαθότης

237 1089 254 1104 ’
273 1105 332 1161 εὖ
353 1111 525 1161 ποιεῖν
556 1110 850 1173 πεφυκυῖα,
874 1108 1142 1177 ὑπέστησε
1169 1110 1358 1178 νοητὸν
1387 1111 1483 1163 καὶ
1506 1112 1690 1179 νοερὸν
1737 1113 1832 1163 κό-

276 1215 429 1265 σμον,
460 1197 731 1264 ὑπέστησε
755 1199 965 1249 τουτονὶ
1001 1198 1092 1250 τὸν
1118 1199 1408 1267 σύμπαντα
1442 1201 1692 1266 ούρανὸν,
1737 1201 1835 1253 καὶ

273 1286 346 1341 ὧν
404 1289 631 1357 οὐρανὸς
688 1288 928 1356 σύνοχος,
978 1288 1121 1355 ἔγνω
1162 1290 1427 1343 τελευτῶν
1456 1294 1744 1360 συντεμείν
1773 1309 1833 1343 τε

273 1382 366 1433 καὶ
398 1380 637 1431 συνελεῖν
662 1380 838 1432 πάντα
875 1381 933 1431 ἐν
981 1381 1062 1435 ἐνὶ
1111 1380 1304 1450 βραχεῖ
1353 1382 1598 1451 κράματι
1646 1399 1705 1433 τε
1741 1382 1836 1434 ταὶ

273 1470 571 1536 πλάσματι,
603 1470 678 1531 ὡς
708 1470 773 1522 ἂν
800 1468 1040 1539 κρατῆρι
1066 1488 1172 1524 τινι
1196 1470 1484 1540 παμῖμιγές
1533 1490 1585 1526 τι
1645 1472 1835 1542 χρῆμα

274 1563 368 1615 καὶ
394 1559 791 1626 πολυδύναμον,
825 1558 984 1613 τοῦτο
1013 1561 1078 1630 δὴ
1102 1561 1131 1614 ὃ
1173 1561 1393 1629 λέγεταί
1433 1580 1492 1615 τε
1549 1564 1644 1615 καὶ
1688 1563 1836 1617 ἔστιν

274 1655 577 1721 ἄνθρωπος.
624 1652 904 1705 Ἐντεῦθεν
961 1654 1117 1720 κάγὼ
1159 1656 1193 1724 η
1241 1656 1402 1724 νοερά
1443 1658 1538 1709 καὶ⁵
1571 1657 1838 1719 ἀθάνατος

277 1746 568 1813 συνεδέθην
587 1745 831 1815 αἰσθητῷ
864 1747 958 1799 καὶ
985 1745 1185 1815 θνητῷ,
1238 1749 1334 1800 καὶ
1382 1749 1683 1818 συνεζύγην
1748 1750 1837 1801 ού-

275 1839 433 1906 ρανία
456 1836 667 1904 γεώδει,
699 1838 797 1890 καὶ
832 1838 1136 1909 θεράπαίνῃ
1167 1839 1421 1892 δέσποινα
1440 1856 1455 1872 ο
1483 1841 1583 1893 οὐκ
1611 1839 1728 1892 οἶδα
1756 1836 1837 1903 οἷς

275 1944 385 1980 τισι
416 1927 595 1994 λόγοις
619 1926 762 1981 οὕτω
784 1927 946 1993 δόξαν
992 1928 1110 1998 Θεῷ
1138 1945 1153 1959 ι
1195 1929 1322 1992 ἴσως
1376 1930 1444 1981 ἵν’
1495 1933 1662 1998 ἄμφω
1701 1931 1838 2000 ὁμοῦ

274 2021 366 2071 τὸν
416 2018 505 2072 ἐπ’
556 2020 787 2088 ἐργασία
831 2019 1239 2087 καλοκαγαθίας
1286 2021 1453 2088 ζυγὲν
1499 2022 1717 2074 ἕλκοντε
1749 2024 1842 2075 καὶ

279 2113 640 2180 συμπνέοντε,
679 2111 939 2181 ἑκάτερον
972 2112 1073 2179 τῆς
1109 2112 1373 2180 ἐκατέρου
1420 2112 1697 2181 ὼναίμεθα
1745 2113 1846 2179 φύς

276 2220 413 2265 σεως
448 2203 615 2254 ἀὐτὸ
656 2204 753 2271 μὲν
785 2202 1178 2254 ἐπενδύσασθαι
1237 2203 1563 2271 ἀφθαρσίαν,
1625 2204 1700 2265 ὡς
1754 2204 1844 2254 εύ-

275 2294 523 2360 γενισθέν
551 2295 617 2362 τῇ
655 2292 931 2361 συμπνοίᾳ
950 2291 1043 2344 τοῦ
1075 2293 1406 2361 κρείττονος,
1437 2293 1532 2344 καὶ
1559 2298 1845 2358 κοινωνίας

274 2384 546 2438 ἀθανάτου
576 2384 913 2451 γευσάμενον
952 2398 967 2414 ο
996 2382 1106 2449 ἐγὼ
1143 2382 1217 2449 δέ.
1253 2384 1392 2453 αὐτῇ
1446 2382 1542 2435 τοῦ
1599 2384 1843 2452 χείρονος

278 2476 530 2541 συζεύξει
559 2474 920 2543 καμπτομένη
942 2474 1042 2526 ὅσα
1065 2475 1162 2525 καὶ
1195 2476 1424 2540 κύφωνι,
1458 2477 1844 2543 μετριοπαθεῖν

276 2569 372 2621 καὶ
411 2564 739 2633 καθυφιέναι
763 2563 858 2616 τοῦ
894 2565 986 2619 ἐπὶ
1036 2563 1116 2631 τῷ
1167 2564 1442 2634 ἀξιώματι
1484 2568 1582 2634 τῆς
1638 2565 1846 2628 εἰκόνος

274 2655 744 2729 φρονήματοςριαὶ
770 2655 843 2725 μὴ
872 2655 1170 2723 τυφοῦσθαι
1196 2658 1290 2709 καὶ
1316 2659 1645 2710 ἀποστατεῖν
1688 2656 1845 2721 Θεοῦ,

274 2751 417 2804 κατά
445 2750 538 2802 τὸν
564 2751 695 2818 πρτν
723 2747 998 2816 ἑωσφόρον
1028 2763 1041 2777 ο
1099 2746 1482 2800 ταπεινοῦσθαι
1532 2747 1591 2801 δὲ
1646 2749 1846 2817 μᾶλλον

274 2840 383 2893 ὑπὸ
420 2839 519 2908 τὴν
562 2837 831 2907 κραταιὰν
860 2836 1026 2889 αὑτοῦ
1052 2838 1233 2906 χεῖρα,
1263 2837 1360 2888 καὶ
1377 2834 1551 2897 οὕτως
1603 2836 1845 2906 ἔχεσθαι,

276 2932 383 3000 ἐμὲ
443 2931 540 2999 μὲν
597 2928 755 2992 Θεοῦ,
795 2928 929 2996 ἐμοῦ
972 2929 1028 2981 δὲ
1070 2929 1130 2980 τὸ
1173 2928 1351 2995 σῶμα,
1383 2930 1479 2980 καὶ
1516 2929 1650 2998 μηδὲ
1712 2931 1847 2998 πρὸς

278 3020 458 3091 βραχὺ
493 3020 524 3088 ἢ
553 3019 652 3088 ἐμὲ
674 3019 773 3086 τῆς
791 3018 1038 3085 ζωούσης
1062 3018 1261 3081 αἰτίας,
1293 3018 1325 3087 ἥ
1357 3018 1503 3071 τοῦτ’
1558 3019 1693 3087 ἐμοῦ
1749 3021 1849 3090 τῆς

275 3111 556 3182 ψυχούσης
589 3111 997 3178 ἀπερῤωγέναι.
1020 3108 1188 3162 Ταῦθ’
1218 3110 1268 3161 οἱ
1291 3110 1676 3179 δημιουργικοὶ
1701 3109 1848 3177 λόγοι

1930 662 2200 731 ὀδυνηρῶν
2228 663 2553 730 ἀλγηδόνων,
2600 663 2882 717 Ἐντεῦθεν
2916 667 3009 719 καὶ
3029 666 3491 737 κλαυθμυρισμοὶ,

1930 751 2037 803 τῶν
2093 750 2378 818 γενεθλίων
2431 752 2689 821 ᾀσμάτων
2748 755 3135 823 ἀντίφθογγοι,
3192 760 3285 809 καὶ
3338 774 3498 827 περι-

1934 840 2259 907 σφίγγουσαι
2294 845 2493 895 ταινίαι
2527 845 2620 896 καὶ
2654 846 2856 913 κειρίαι
2888 849 3238 913 σπαργάνων,
3300 864 3497 915 συγγε-

1931 935 2038 994 νεῖς
2064 935 2330 1001 ἐνταφίων
2375 936 2609 1004 δεσμῶν,
2641 941 2734 989 καὶ
2762 938 3034 1005 σκίμπους
3071 938 3104 1008 ἢ
3153 938 3357 999 λίκνον,
3412 943 3499 991 ἐν’·

1931 1025 2105 1095 αργὴς
2136 1027 2300 1079 εἰκὼν
2331 1028 2635 1095 μνήματος,
2664 1027 2740 1088 ὡς
2788 1028 3067 1081 κάνταῦθα
3100 1029 3497 1081 ἐπαναδιπλοῦ-

1934 1117 2056 1168 σθαί
2087 1134 2177 1185 μοι
2203 1116 2271 1169 τὰ
2300 1117 2558 1187 δυσχερῆ,
2596 1117 2692 1169 ἀτε
2723 1119 2816 1170 καὶ
2872 1119 3138 1188 δευτέρων
3187 1121 3499 1188 ἐπιτιθεμέ-

1933 1220 2039 1256 νων
2067 1204 2269 1258 τούτων
2298 1206 2390 1258 ἰπὶ
2434 1207 2635 1276 πρώτῳ
2663 1207 2897 1277 δεσμῶν.
2945 1211 3058 1262 Οὐκ
3092 1210 3353 1278 ἀκόμψως
3393 1212 3498 1280 γὰρ

1933 1297 2086 1365 παρὰ
2130 1299 2242 1358 τοῖς
2303 1301 2485 1365 σοφοῖς
2557 1299 2929 1368 πολυωνύμως
3003 1300 3091 1352 καὶ
3156 1282 3499 1370 παρωνύμως

1935 1385 2092 1438 τοῦτο
2126 1385 2369 1438 καλεῖται
2402 1387 2494 1437 καὶ
2520 1387 2708 1452 τάφος,
2744 1388 2836 1439 καὶ
2869 1388 3103 1456 φρουρά,
3166 1387 3261 1440 καὶ
3312 1388 3497 1457 χιτὼν,

1937 1476 2031 1527 καὶ
2054 1475 2224 1543 σῆμα,
2257 1475 2351 1527 καὶ
2379 1474 2547 1542 δέμας
2575 1474 2723 1544 παρὰ
2778 1475 2870 1527 τὸν
2902 1475 3118 1544 δεσμὸν,
3166 1476 3258 1528 καὶ
3307 1480 3502 1545 σκῆνος

1939 1566 2087 1633 παρά
2111 1565 2210 1634 τὴν
2241 1567 2298 1617 ἐν
2326 1565 2473 1634 αὐτῷ
2531 1565 2789 1635 παρόδιον
2834 1565 3124 1634 σκήνωσιν.
3176 1562 3309 1619 Εἶτα
3373 1566 3502 1617 αὐτὸ

1942 1655 2040 1720 μὲν
2061 1651 2233 1714 οὕτως
2258 1653 2559 1722 δεδεμένον,
2584 1653 2816 1718 γάλακτι
2864 1655 3143 1720 τρέφεται,
3184 1655 3279 1706 καὶ
3334 1672 3505 1706 κατα-

1938 1743 2112 1813 ϐραχὺ
2136 1743 2359 1809 αὔξεται
2381 1761 2395 1775 ο
2421 1743 2532 1812 ἐγὼ
2562 1744 2617 1797 δὲ
2646 1746 2782 1800 ἀλλά
2817 1748 2912 1798 καὶ
2936 1746 3073 1813 αὑτὴ
3099 1744 3173 1805 ὥς
3204 1762 3308 1797 τινι
3334 1762 3502 1797 ποτα-

1946 1834 2031 1902 μῷ
2062 1834 2422 1902 τελματώδει,
2447 1835 2721 1888 ἐνδεθεῖσα
2743 1837 2821 1904 τῷ
2844 1836 3104 1906 πλαδαρῷ
3161 1835 3355 1903 τούτῳ,
3408 1835 3503 1887 καὶ

1940 1926 2009 1978 δι’
2038 1927 2321 1997 ἐπιρροίας
2341 1930 2437 1979 καὶ
2462 1928 2761 1997 ἀπορροίας
2786 1928 3014 1981 ἁεννάου
3042 1930 3239 1998 ῥέοντι,
3263 1930 3503 1996 φέρομαι

1942 2011 2053 2068 οἷον
2090 2016 2394 2085 ὑπόϐρυχα,
2447 2019 2538 2069 καὶ
2576 2017 2724 2087 βυθῷ
2763 2018 2999 2087 ἐσχάτης
3046 2018 3231 2080 ἀνοίας
3284 2017 3507 2084 ἐγκυϐι-

1947 2108 2077 2172 στῶ,
2131 2109 2226 2161 καὶ
2283 2108 2380 2177 οὐχ
2432 2110 2519 2161 οἵα
2574 2110 2636 2161 τέ
2696 2112 2809 2178 εἰμι
2853 2108 3040 2162 ἔννουν
3072 2109 3122 2160 τί
3150 2109 3243 2161 καὶ
3268 2109 3506 2178 ἐμαυτῆς

1945 2200 2076 2252 ίδιον
2099 2199 2363 2268 ἐνεργεῖν,
2401 2201 2660 2269 πλησμίῳ
2680 2200 3028 2267 ἐγκαταδῦσα
3052 2198 3225 2269 ὑγρῷ.

2016 2287 2162 2357 Πλὴν
2193 2289 2353 2359 ταυτὶ
2386 2289 2484 2357 μὲν
2512 2291 2561 2341 εί
2612 2290 2706 2341 καὶ
2751 2288 2925 2350 ἄλλως
2962 2288 3199 2357 σχέτλια,
3242 2289 3512 2358 ἀνάσχετα

1943 2378 1988 2430 δ’
2010 2379 2179 2443 ὅμως,
2211 2378 2305 2431 καὶ
2330 2377 2426 2446 οὐχ
2449 2374 2538 2430 οἷα
2569 2379 2661 2430 καὶ
2687 2378 3021 2447 μέμφεσθαι,
3050 2378 3145 2431 ἆτε
3177 2378 3359 2445 νόμοις
3408 2377 3513 2445 φύ-

1946 2484 2084 2529 σεως
2106 2470 2201 2520 καὶ
2239 2468 2418 2536 είρμῷ
2470 2469 2742 2533 γενέσεως
2798 2470 3044 2537 ἀκινήτῳ
3096 2466 3459 2535 διεξαγόμενα
3490 2485 3509 2501 ο

1945 2562 2122 2613 ἐκεῖνο
2170 2559 2228 2612 δέ
2283 2559 2691 2629 σχετλιώτερον,
2756 2561 2836 2612 ὅτι
2900 2562 2995 2613 καὶ
3027 2559 3120 2612 τοῦ
3181 2560 3345 2628 βυθοῦ
3410 2560 3512 2627 τῆς

1894 2722 1899 2725 _
1945 2652 2129 2714 ἀνοίας
2154 2652 2537 2721 ἀνανηχομένη
2570 2654 2723 2719 ποτὲ,
2752 2656 2844 2706 καί
2876 2653 3035 2721 λόγου
3062 2654 3202 2720 φωτὶ
3244 2653 3513 2722 περιλάμ-

1948 2741 2144 2794 πεσθαι
2169 2742 2471 2811 ἀρχομένη,
2504 2742 2604 2810 τῆς
2626 2744 2945 2812 σωματικῆς
2973 2743 3329 2813 δργανώσεως
3357 2749 3515 2812 προῖ-

1945 2832 2115 2899 ούσης
2141 2833 2235 2884 ἐπὶ
2260 2832 2320 2884 τὸ
2340 2831 2739 2902 ἐντελέστερον,
2788 2834 2898 2885 οὐδ’
2932 2834 3166 2887 ἐνταῦθα
3217 2837 3312 2887 τοῦ
3354 2836 3517 2905 ἀνοη-

1946 2926 2151 2977 ταίνειν
2180 2922 2433 2992 καθαρῶ,
2466 2924 2902 2993 ἀπαλλάττομαι,
2933 2925 3122 2993 ῶσπερ
3179 2926 3299 2979 οὐδέ
3358 2928 3404 2978 οἱ
3451 2929 3515 2979 ἐκ

1952 3016 2143 3085 μέθης,
2177 3016 2210 3086 ἢ
2252 3016 2443 3086 κάρου,
2482 3017 2515 3085 ἦ
2562 3017 2818 3085 χώματος
2843 3018 3225 3087 ἀναφέροντες,
3245 3019 3337 3070 τοῦ
3375 3021 3521 3070 ἐκεῖ-

1954 3110 2042 3161 θεν
2080 3108 2288 3175 ἰλίγγου
2319 3109 2415 3161 καὶ
2444 3110 2542 3177 τῆς
2575 3109 2906 3171 σκοτοδινίας
2931 3109 3176 3180 ἀκριϐῶς
3204 3111 3368 3174 εὐθὺς
3422 3130 3518 3165 κα-

275 3203 654 3271 ἐννοήσαντες,
681 3200 740 3251 οὐ
771 3199 912 3252 λίνον
945 3199 1073 3267 λίνῳ
1106 3200 1486 3261 συνάπτουσιν,
1540 3201 1846 3270 ἀεικίνητον
1878 3219 1922 3276 c
1956 3199 2266 3269 θαρεύουσι.
2302 3199 2448 3270 Πλὴν
2476 3200 2570 3253 καὶ
2596 3201 2696 3264 τὰς
2724 3202 2904 3272 κῆρας
2938 3207 3167 3258 ταυτασὶ
3204 3205 3305 3275 τῆς
3339 3206 3524 3268 ἀνοίας

276 3296 357 3357 δὲ,
392 3295 464 3355 ὡς
492 3292 647 3361 έφην,
685 3290 1065 3360 ἐτεροκινήτῳ,
1107 3292 1201 3344 καὶ
1228 3290 1466 3359 συνθέτῳ
1513 3290 1694 3360 ἁπλῆν
1728 3295 1851 3345 ἐπι-

276 3384 565 3437 πλέκουσι.
632 3382 697 3434 Τί
754 3381 863 3449 γὰρ
928 3382 1111 3435 αὐτοῖς
1172 3381 1626 3450 ἀπειροδυνάμοις
1676 3381 1850 3446 οὖσιν,

277 3474 697 3541 ἀσύγκλωστον;
730 3472 821 3525 καὶ
840 3474 941 3525 ὅσα
998 3471 1094 3540 μὲν
1134 3471 1296 3534 εὐθὺς
1321 3475 1380 3524 ἐν
1418 3474 1553 3542 αὐτῇ
1602 3476 1668 3543 τῇ
1706 3476 1857 3541 γενέ-

280 3584 368 3620 σει
401 3566 703 3634 ὑφίσταμαι
733 3564 988 3633 δυσχερῆ,
1024 3562 1085 3614 οὐ
1109 3560 1202 3613 τοῦ
1255 3562 1520 3630 παρόντος
1569 3563 1852 3632 τραγῳδῆ-

284 3675 380 3711 σαι
430 3656 622 3726 καιροῦ
652 3670 667 3687 ο
692 3652 830 3724 πλὴν
875 3653 994 3707 δότε
1034 3669 1123 3720 μοι
1154 3652 1288 3722 πρὸς
1314 3652 1487 3722 βραχὺ
1510 3653 1855 3706 ἀνακλαύσα-

280 3749 432 3805 σθαι.

355 3842 429 3894 Ού
462 3839 649 3908 φθάνω
685 3839 999 3907 συμφυῆναι
1031 3837 1109 3908 τῷ
1144 3836 1324 3906 θνητῷ
1357 3836 1515 3906 τῷδε,
1572 3837 1666 3889 καὶ
1724 3838 1854 3907 πρὶν

278 3932 503 3999 ζωῶσαι
526 3930 850 3998 κυούμενον,
888 3931 946 3981 ἐν
977 3929 1157 3998 μήτρᾳ
1191 3928 1588 3998 τυμϐευομένῳ
1660 3930 1856 3984 συνθά-

279 4037 512 4089 πτομαι,
544 4019 639 4072 καὶ
665 4018 739 4080 ὡς
779 4018 836 4068 ἐν
864 4013 1034 4083 διπλῷ
1095 4014 1340 4084 σπηλαίῳ
1391 4014 1480 4066 τὸν
1515 4015 1708 4086 νεκρὸν
1758 4016 1857 4083 τῆς

279 4116 502 4186 Σάρρας
530 4110 781 4181 Ἀϐραὰμ
811 4110 1028 4178 ἔθαψεν,
1057 4107 1199 4161 οὕτω
1243 4111 1335 4160 καὶ
1373 4106 1508 4174 αὐτὴ
1550 4106 1722 4174 διπλῷ
1770 4108 1860 4174 ἐγ-

282 4205 706 4275 κατορύττομαι
768 4202 1037 4272 μνήματιτ
1068 4201 1132 4253 Εἰ
1162 4199 1269 4269 γάρ
1296 4198 1439 4252 κατὰ
1486 4199 1610 4261 τοὺς
1662 4198 1858 4264 σοφοὺς

283 4295 348 4348 τὸ
387 4284 725 4363 σῶμασῆμα
754 4289 910 4356 ἐμοῦ,
939 4286 1096 4341 τοῦτο
1137 4287 1194 4340 δὲ
1220 4289 1286 4356 τῇ
1319 4287 1503 4356 μήτρᾳ
1550 4285 1860 4355 ἐνσοριάςε-

284 4404 400 4449 ται,
426 4386 540 4445 πῶς
574 4384 634 4441 οὐ
666 4384 816 4450 διττῇ
842 4381 1009 4451 θήκῃ,
1041 4378 1119 4446 τῷ
1150 4377 1375 4448 ἐμϐρύῳ
1402 4378 1496 4430 καὶ
1554 4379 1620 4446 τῇ
1654 4379 1858 4447 μήτρα,

286 4474 730 4544 ἐντυμὸεύομαι;
767 4470 1044 4532 Τοιούτοις
1080 4470 1218 4538 μετά
1257 4468 1449 4538 πρῶτα
1481 4484 1860 4540 προσπτυσσο-

1953 3289 2059 3344 οἶδε
2082 3293 2176 3344 καὶ
2192 3294 2406 3361 χρόνος,
2434 3294 2528 3345 καὶ
2563 3292 2901 3361 μαθημάτων
2946 3295 3213 3363 ἀνάληψις
3266 3298 3524 3360 ἁποξύειν

1953 3379 2043 3432 τοῦ
2063 3380 2346 3449 λογισμοῦ,
2379 3381 2474 3433 καὶ
2505 3381 2971 3451 μετεγχαράττειν
3004 3383 3209 3449 γνῶσιν
3266 3387 3361 3436 καὶ
3396 3386 3523 3438 σύν-

1953 3486 2067 3522 εσιν
2094 3487 2107 3501 ·
2140 3471 2238 3540 τὴν
2271 3471 2326 3524 δέ
2353 3488 2415 3538 γε
2446 3471 2748 3541 θρεπτικὴν
2787 3473 3098 3541 τυραννίδα,
3127 3477 3217 3526 καί
3241 3475 3521 3529 ἀπαυστον

1953 3561 2321 3630 δασμολογίαν
2351 3560 2460 3612 τῶν
2495 3561 2825 3631 ἐσθιομένων
2857 3563 3117 3615 ἑκάστοτε
3162 3564 3255 3616 καὶ
3296 3566 3523 3634 πινομέ-

1955 3669 2084 3716 νων,
2114 3652 2147 3721 ῆ
2176 3652 2274 3714 τὰς
2327 3653 2767 3721 ἑπιτρεφομένας
2815 3654 2948 3722 παρ’
2985 3654 3153 3722 αὐτῆς
3202 3658 3325 3707 κατ’
3388 3656 3523 3725 ἐμοῦ

1955 3743 2240 3812 δυνάμεις,
2271 3743 2372 3811 τὴν
2400 3742 2806 3813 ἐπιθυμητικὴν
2836 3747 2934 3799 καὶ
2959 3745 3239 3814 θυμοειδῆ,
3279 3747 3362 3810 τίς
3393 3750 3523 3817 χρό-

1955 3851 2043 3895 νος
2074 3835 2117 3903 ἣ,
2165 3835 2251 3897 τίς
2306 3836 2584 3904 ἐπιστήμη
2627 3834 2940 3903 παραλῦσαι
2983 3835 3044 3888 τὸ
3092 3840 3351 3906 παράπαν
3373 3837 3525 3908 ἴσχυ-

1960 3944 2020 3979 σε
2051 3946 2065 3991 ;
2109 3926 2204 3989 Τίς
2226 3926 2326 3995 τὴν
2353 3925 2600 3979 δουλείαν
2628 3926 2834 3979 τούτων
2876 3927 3220 3980 ἐκδεδυκέναι
3252 3930 3519 3998 καυχήσε-

1957 4035 2048 4071 ται
2084 4019 2212 4083 ;Τίς
2237 4017 2548 4086 ἁδδηφάγον
2570 4017 2813 4087 γαστέρα
2842 4019 2938 4070 καὶ
2952 4018 3147 4087 λαιμὸν
3180 4020 3520 4087 μαινόμενον,

1958 4110 2016 4161 ἐν
2054 4109 2216 4177 κημῷ
2250 4108 2527 4175 νηστείας,
2561 4108 2655 4160 καὶ
2675 4109 2877 4176 χαλινῷ
2898 4109 3221 4177 ἐγκρατείας
3253 4106 3387 4178 ἧγξε
3416 4129 3523 4178 χω-

1962 4200 2045 4268 ρὶς
2081 4198 2257 4267 ὑμῶν,
2291 4197 2340 4250 οἳ
2364 4200 2607 4267 κρεῖττον
2640 4198 2672 4266 ἢ
2743 4200 2861 4249 κατ’
2894 4198 3182 4266 ἄνθρωπον
3211 4197 3309 4267 τὴν
3358 4198 3521 4265 φύσιν

1965 4292 2485 4361 ὑπερεφρονήσατες
2521 4291 2700 4343 Καὶεί
2725 4292 2837 4352 τοῖς
2889 4290 3143 4358 ἀγγέλοις
3182 4291 3530 4361 παρημιλλή-

1964 4381 2116 4451 θητε,
2145 4382 2315 4453 θνητὰ
2338 4382 2538 4449 σαρκία
2571 4382 2968 4451 περικείμενοι,
3001 4383 3096 4434 καὶ
3130 4383 3531 4452 καθυπέρτεροι

1963 4474 2250 4544 δαιμονίας
2282 4473 2498 4540 φύσεως
2519 4472 2874 4541 διεδείχθητε,
2923 4476 3113 4527 καινὸν
3144 4475 3316 4536 οὐδὲν,
3357 4477 3404 4526 εί
3437 4476 3532 4526 καὶ

289 4573 462 4639 μένην
497 4568 590 4617 καὶ
617 4562 1088 4633 περιπλεκομένην
1121 4560 1179 4614 τὸ
1205 4559 1357 4629 φίλον
1379 4561 1539 4628 σῶμα
1590 4558 1859 4624 δεξιοῦται
1893 4549 1936 4605 υ
1964 4565 2129 4622 αὐτοῦ
2158 4566 2290 4617 πολὺ
2316 4565 2583 4631 πρότερον
2633 4565 2860 4633 περιῆτε
2900 4564 2993 4615 τοῦ
3054 4565 3304 4633 σώματος
3335 4580 3350 4595 °
3396 4563 3529 4616 ὥσθ’

288 4658 723 4726 φιλοφρονήμασι
750 4671 764 4685 ·
786 4654 1065 4715 τοιαύταις
1097 4652 1447 4714 είσοικίξεται
1479 4651 1858 4718 ξεναγήσεσιν.

288 4742 455 4801 Οἷαδέ
474 4748 566 4800 καὶ
587 4748 653 4799 τὰ
672 4745 759 4798 ἐπ’
778 4745 983 4807 αὐτοῖς
1008 4743 1231 4809 ἀδελφὰ,
1251 4744 1409 4808 φασὶ,
1425 4741 1517 4793 καὶ
1533 4740 1858 4809 ὁμόχρωμα,

291 4841 385 4893 καὶ
434 4839 534 4903 τῆς
564 4836 730 4889 αὑτοῦ
764 4832 1086 4905 κεραμείας,
1134 4832 1232 4885 εἰτ’
1275 4827 1369 4884 οῦν
1419 4830 1862 4900 πηλοπλαστικῆς

293 4931 531 4997 φύσεως.
555 4927 795 4980 Ἐκεῖθεν
823 4926 929 4993 γὰρ
963 4923 1058 4976 τοῦ
1100 4922 1256 4986 ξυνοῦ
1287 4922 1448 4990 ἡρίου
1505 4921 1863 4979 ἐκπίπτοντες

293 5023 343 5074 οἱ
373 5020 692 5090 ὀμόθαπτοι,
721 5018 819 5086 τῆς
848 5016 945 5085 μὲν
979 5017 1036 5067 ἐν
1067 5015 1252 5082 μήτρᾳ
1280 5012 1455 5079 ταφῆς
1482 5013 1648 5080 ἄμφω
1690 5009 1864 5062 ἀπα).-

290 5110 599 5178 λαττόμεθα
629 5125 643 5137 ·
680 5109 791 5174 ἐγὼ
818 5106 874 5158 δὲ
907 5109 972 5175 τῇ
999 5106 1056 5157 ἐν
1088 5103 1231 5172 αὐτῷ
1253 5103 1420 5153 είσέτι
1468 5101 1562 5153 καὶ
1603 5099 1698 5152 νῦν
1757 5100 1865 5151 ἐνί-υ

295 5194 492 5270 σχόμαι
517 5214 531 5227 ο
559 5198 651 5250 καὶ
675 5197 748 5260 ὼς
794 5196 1059 5264 τλήμονες
1087 5194 1181 5245 τοῦ
1218 5192 1378 5244 αὑτοῦ
1431 5192 1546 5261 βίου
1594 5190 1868 5259 ξυνέμπο-

299 5308 403 5363 ροι,
436 5289 714 5359 ἀρχόμεθα
753 5290 851 5357 μὲν
879 5284 1218 5353 ταλαιπώρου
1247 5283 1414 5353 ζωῆς,
1437 5284 1496 5335 οὐ
1533 5283 1714 5350 μέντοι
1745 5282 1867 5351 χαί-

297 5399 486 5456 ρομεν,
518 5384 591 5445 ὡς
624 5380 688 5432 ἂν
721 5387 784 5431 εκ
813 5380 1035 5439 σκότους
1066 5380 1143 5439 εἰς
1198 5376 1313 5442 φῶς
1356 5375 1707 5442 ἐκραγέντες,
1770 5375 1866 5425 καὶ

296 5471 543 5532 σπῶντες
579 5470 712 5537 ἀέρα
745 5468 1053 5536 φερέσϐιον,
1085 5469 1177 5517 καὶ
1202 5466 1466 5532 ζωογὸνον
1493 5463 1867 5530 ἀσπαζόμενοι

292 5563 448 5631 ἣλιον
472 5579 485 5593 ·
516 5559 638 5613 οὒτε
673 5558 1118 5629 περισκιρτῶμεν
1148 5557 1245 5625 τὴν
1275 5554 1623 5622 γειναμένην,
1660 5553 1733 5613 ὡς
1769 5554 1867 5622 ἆρ-

294 5671 404 5714 νες,
443 5652 475 5721 ἢ
511 5653 720 5721 μόσχοι,
750 5649 782 5717 ἦ
814 5649 995 5717 νεϐροὶ
1021 5649 1118 5709 τὰς
1163 5647 1437 5714 μητέρας“
1475 5645 1608 5696 ἀλλὰ
1645 5644 1705 5720 τρ
1744 5645 1863 5708 μὲν,

295 5745 392 5796 ἆτε
429 5744 487 5805 ἐξ
520 5742 753 5808 ἀγγείων
789 5739 1069 5807 ὲνθέρμων
1129 5738 1324 5804 αἴφνης
1382 5735 1574 5804 ψυχρῷ
1634 5738 1867 5803 προσπί-

297 5848 429 5884 πτον
484 5834 558 5902 τῷ
593 5831 920 5901 περιέχοντι,
950 5829 1105 5897 ἀλγεῖ
1134 5831 1196 5899 τῇ
1241 5829 1510 5897 μεταόολῇ
1542 5829 1635 5879 καὶ
1680 5828 1864 5879 ὀδυνᾶ-
1898 5828 1917 5835 “

1967 4653 2330 4724 ὑπεξαιρετέα
2357 4670 2448 4721 μοι
2477 4653 2573 4705 τοῦ
2606 4653 2770 4721 λόγου
2802 4653 2870 4705 τά
2894 4654 3161 4723 ὑμέτερα.
3205 4654 3327 4705 Τῶν
3358 4654 3402 4702 δ’
3430 4655 3531 4706 ἄλ-

1965 4746 2072 4799 λων
2104 4746 2153 4798 οἳ
2186 4744 2280 4798 νῦν
2311 4744 2493 4813 βροτοί
2531 4746 2661 4809 είσι,
2695 4744 2779 4806 τίς
2807 4743 2885 4805 ὡς
2937 4742 3096 4805 ἄλλος
3153 4744 3294 4813 ἀνὴρ
3341 4743 3532 4796 ἐπιθυρ

1969 4832 2130 4902 μιῶν,
2160 4835 2404 4902 ἐφίμωσε
2434 4833 2603 4902 θυμὸν
2630 4832 3114 4903 βρυχώμενονςΤίς
3148 4832 3312 4901 σοφοῦ
3351 4835 3553 4902 σοφώ(

1966 4940 2124 4993 τερος
2178 4924 2256 4977 ῶν
2327 4925 2748 4993 ἐφαρμάκευσεν
2820 4923 3159 4990 ἐπιθυμίαν,
3219 4925 3318 4994 οὐχ
3372 4922 3549 4997 ἦττοή

1966 5016 2196 5078 ἀσπίδος
2225 5014 2508 5084 θανατώδη
2533 5015 2608 5067 ἰὸν
2630 5015 3095 5084 ἐγχρίμπτουσαν,
3136 5016 3227 5067 καὶ
3263 5018 3400 5088 πρὸς
3433 5001 3556 5093 τὴν⁶

1968 5107 2271 5177 ἐπᾴδουσαν
2293 5105 2476 5176 φωνὴν
2500 5107 2784 5175 κακοήθως
2810 5106 3184 5174 κωφεύουσαν,
3230 5108 3262 5176 ἢ
3294 5111 3435 5160 κατά
3471 5109 3533 5159 τὸ

1971 5195 2163 5257 σκεῦος
2191 5196 2291 5261 τῆς
2316 5194 2569 5261 ἐκλογῆς,
2622 5195 2698 5256 ὡς
2750 5195 2867 5264 ἔχιν
2914 5194 3307 5264 καθαψαμένην
3345 5200 3531 5250 ἀπε-τι-

1971 5287 2166 5352 νάξατο
2195 5302 2211 5350 ;
2241 5286 2337 5348 Τίς
2361 5285 2589 5353 τραφεὶς
2618 5284 2714 5339 καὶ
2743 5287 3027 5354 γενόμενος
3057 5286 3423 5353 εὐαγγελικῶς
3455 5285 3534 5347 ὡς

1971 5377 2041 5429 τὰ
2099 5378 2228 5444 περὶ
2275 5376 2362 5426 τὶν
2412 5374 2672 5444 Ἀζαρίαν
2702 5370 2914 5437 παιδία,
2971 5373 3032 5425 οὐ
3059 5372 3435 5442 προσεκύνησε
3464 5377 3531 5442 τῇ

1970 5464 2154 5529 ὀπαδῷ
2181 5464 2291 5518 τῶν
2319 5462 2644 5531 σωματικῶν
2685 5462 2902 5533 ἡδονῶν,
2942 5460 3186 5527 πολυύλῳ
3233 5461 3328 5513 καὶ
3374 5460 3536 5512 mlu-

1972 5557 2261 5627 χρημάτῳ,
2317 5556 2389 5617 ὡς
2415 5557 2734 5607 οὐδ’ἐκεῖνα
2765 5555 2842 5622 τῷ
2889 5557 2952 5606 ἐκ
2980 5554 3181 5621 χρυσοῦ
3225 5554 3320 5604 καὶ
3363 5553 3539 5621 ἀργύ-

1976 5664 2090 5715 ρου,
2112 5646 2309 5714 χαλκοῦ
2338 5663 2393 5696 τε
2422 5645 2516 5698 καὶ
2558 5646 2774 5714 σιδήρου
2804 5645 3146 5713 χειροκμήτῳ
3204 5643 3490 5711 ἱνδάλματι
3520 5659 3538 5708 ;

1975 5739 2090 5799 Τίς,
2121 5738 2207 5790 ἵνα
2230 5737 2459 5802 συνέλω,
2490 5735 2586 5805 τὴν
2647 5737 2834 5804 σειρὰν
2884 5733 3350 5803 γαστριμαργίας,
3406 5752 3541 5803 πορ-

1976 5830 2144 5893 νείας,
2174 5829 2606 5897 ’,ιλοχρηματίας
2654 5828 2930 5890 διέσπασε,
2980 5829 3073 5878 καὶ
3107 5828 3205 5878 οὐκ
3246 5826 3538 5881 ἐσφιγκται
