4020 6480
618 303 650 318 υ

325 418 458 488 I353

1647 424 2234 500 \‘ROSOPOPGEUEL

3426 436 3568 507 1354

326 539 489 593 θίοπα
542 541 922 609 λευκαίνουσα,
980 550 1151 618 φλόγα
1211 551 1486 618 ξαίνουσα,
1536 559 1656 610 καθ’
1713 558 1894 626 ὑγρῶν
1923 556 1966 611 Α
1997 576 2204 623 κουσιν,
2243 559 2274 627 ἢ
2307 558 2574 611 ἕλκονται.
2610 558 2718 612 Καί
2747 576 2836 623 μοι
2878 558 3151 627 σκέψασθε
3179 558 3395 630 πρῶτον
3454 554 3565 616 ὦτα

328 630 636 704 γράφουσα,
663 639 722 704 ἐξ
750 640 937 709 ἄμμου
973 645 1204 711 σχοινίον
1236 646 1534 702 πλέκουσα.
1601 652 1664 702 Ὢ
1713 654 1891 719 πράγ-

333 746 512 795 ματος.
552 730 783 785 ἀπίστου
826 736 840 788 ί
909 733 1093 805 διττῆς
1140 738 1365 806 ἀλογίας
1426 742 1676 806 ἐξουσίαν
1729 746 1894 795 πεπί-

332 838 562 890 στευμαι
594 839 611 856 ν
642 825 742 894 τῆς
783 828 882 894 μὲν
911 828 1060 883 ἔνδον
1090 833 1181 884 καὶ
1211 835 1489 904 προσεχῶς
1553 835 1893 904 ὑπεζευγμέ-

330 929 427 981 ἰης
461 930 571 980 μοι,
621 917 721 984 τῆς
747 918 805 970 δὲ
833 922 1170 992 πορρωτέρω
1202 923 1295 976 καὶ
1352 925 1603 995 θύραθεν.
1665 927 1805 980 Ἀλλ’
1862 928 1895 994 ή

334 1009 434 1075 μὲν
459 1006 698 1075 ἐξωτέρα
723 1010 1066 1077 δεδούλωται,
1102 1016 1195 1068 καὶ
1225 1017 1423 1083 νόμους
1448 1017 1726 1085 ὑποταγῆς
1754 1019 1893 1087 ήγά-

331 1118 524 1170 πησεν.
580 1103 745 1156 Οὐδὲν
803 1103 911 1172 γάρ
951 1106 1069 1159 ’τῶν
1118 1109 1331 1176 ἀλόγων
1397 1110 1495 1180 τὴν
1547 1108 1897 1179 ἀρμόζούσαν

329 1184 635 1263 ὑπηρεσίαν
660 1199 955 1261 ἀναίνεται,
984 1201 1118 1254 ἀλλὰ
1152 1204 1245 1255 καὶ
1289 1202 1416 1271 βοῦς
1466 1205 1629 1273 ζυγὸν
1660 1208 1897 1275 ἐπαυχεο

329 1287 555 1353 νίζεται,
585 1290 681 1344 καὶ
705 1292 875 1362 πάχος
912 1294 1018 1362 γῆς
1044 1296 1310 1364 ῥήγνυσιν
1336 1298 1574 1369 ἀρότρῳ,
1604 1301 1699 1353 καὶ
1724 1299 1895 1353 ταῦτα

330 1380 778 1452 προϐεϐλημένος
812 1385 872 1438 ἐν
901 1387 1015 1449 τοῖς
1054 1389 1351 1458 κροτάφοις
1381 1392 1635 1458 κεράτων
1684 1393 1891 1461 ἀκμάς,

327 1475 403 1535 ὡς
435 1473 601 1537 ἄλλας
621 1477 826 1547 αἰχμάς
865 1494 881 1511 ο
917 1478 1038 1532 οὐδὲ
1064 1479 1227 1543 ῖππος
1257 1482 1515 1546 ὠκύπους
1548 1484 1647 1553 τὴν
1687 1486 1895 1554 ὑπουρ-

329 1566 457 1631 γίαν
481 1567 868 1637 διαπέφευγεν,
912 1572 1052 1626 ἀλλά
1076 1574 1280 1647 καίπερ
1309 1575 1589 1647 ἀγέρωχος
1618 1577 1717 1638 ὢν,
1749 1579 1896 1647 δέχε-

327 1675 416 1711 ται
480 1657 582 1729 μὲν
637 1661 832 1732 χαλινὰ
872 1663 949 1730 τῷ
1010 1665 1259 1735 στόματι,
1305 1669 1462 1737 φέρει
1513 1668 1571 1721 δὲ
1597 1670 1894 1739 ἀναϐάτην,

332 1750 563 1818 εἰρήνην
584 1752 788 1819 ἄγοντα
829 1754 923 1806 καὶ
957 1755 1286 1825 μαχόμενον.
1323 1748 1578 1812 Πείθεται
1627 1759 1722 1811 καὶ
1772 1758 1895 1823 ὄνος

329 1841 491 1905 φύσει
528 1842 702 1912 νωθὴς
735 1845 830 1897 ἐπὶ
854 1843 953 1914 τὴν
985 1846 1313 1915 ἀχθοφορίαν
1358 1849 1691 1917 καλούμενος
1726 1866 1741 1881 °

326 1931 403 1992 ὡς
436 1930 528 1984 τὸν
553 1931 783 2001 ἔκφορον
810 1934 977 1988 ἵππον
1006 1936 1237 2006 ἐπέσχον
1274 1937 1351 2007 τῷ
1378 1938 1602 2009 χαλινῷ,
1630 1938 1774 1991 οὕτω
1802 1938 1891 1990 τὸν

329 2022 665 2075 νωθέστατον
685 2022 806 2077 ὄνον
829 2024 1023 2079 ἔπεισα
1057 2028 1330 2097 παιδαρίῳ
1356 2028 1452 2082 καὶ
1490 2029 1710 2099 ῥοπάλῳ
1763 2031 1891 2084 θᾶτ-

327 2128 420 2164 τον
459 2112 812 2182 πορεύεσθαι.
847 2117 913 2169 Τί
933 2116 1075 2183 λέγω
1106 2120 1340 2173 τιθασσά
1385 2122 1547 2175 ταυτὶ
1578 2124 1749 2190 κτήνη
1798 2123 1893 2175 καλ⁵

330 2205 599 2273 ὑποζύγια
626 2223 640 2270 ς
675 2206 778 2261 οὐκ
803 2208 1028 2277 ἄρκτος,
1060 2211 1120 2263 οὑ
1151 2211 1417 2278 πάρδαλις
1455 2214 1522 2265 τὰ
1555 2213 1665 2267 τῶν
1688 2214 1892 2283 θηρίων

325 2295 770 2367 ἀμειλικτότερα,
813 2298 913 2352 οὐκ
959 2302 1124 2363 αὐτὸς
1175 2302 1374 2369 ἐλέφας
1443 2306 1551 2357 τῶν
1600 2306 1891 2373 γεωλόφων

328 2384 681 2454 ὑπερανέχων
716 2386 793 2455 τῷ
818 2388 1058 2469 μεγέθει,
1114 2390 1176 2443 οὑ
1205 2391 1343 2446 λέων
1366 2394 1395 2445 ό
1418 2395 1526 2447 τῶν
1558 2396 1892 2465 ἀγρίωνρβα-

330 2476 534 2542 σιλεὺς,
567 2476 936 2531 ἀποστατοῦσι
996 2480 1094 2549 τῆς
1148 2482 1426 2554 ήμετέρας
1475 2484 1651 2555 ἀρχῆς
1683 2502 1697 2519 ο
1756 2488 1891 2554 ἀγα-

329 2567 476 2621 πῶσι
521 2568 577 2620 δὲ
622 2567 920 2638 δι’ἀγορᾶς
981 2569 1077 2624 καὶ
1109 2571 1356 2642 θεάτρων
1406 2576 1466 2628 ἐν
1509 2578 1627 2639 ταῖς
1674 2576 1891 2631 πόλεσιν

324 2659 594 2729 ἀγόμενα,
616 2660 711 2712 καὶ
740 2659 1026 2729 διατριϐὴν
1040 2664 1404 2735 παρεχόμενα
1433 2669 1547 2731 τοῖς
1599 2667 1892 2737 θεωμένοις

327 2753 426 2806 σὺν
457 2744 717 2819 ἐκπλήξει
760 2753 856 2805 καὶ
893 2752 1134 2823 θαύματι
1161 2772 1179 2789 θ
1246 2757 1367 2810 ούδέ
1425 2762 1537 2824 τοῖς
1597 2761 1889 2832 μετεώροις

324 2837 531 2912 δρνισιν
593 2843 905 2913 ἀπέχρησεν
976 2846 1057 2908 είς
1130 2848 1483 2920 ἀποδρασμδν
1541 2850 1674 2923 ὕψος
1732 2855 1891 2924 ἀέρος

324 2935 655 3004 ἀμέτρητον,
681 2934 870 3007 ὥσπερ
895 2938 1014 2992 οὐδὲ
1040 2942 1149 3004 τοῖς
1180 2942 1392 3011 ίχθύσιν
1447 2946 1532 3009 είς
1568 2947 1890 3018 ἀποκρυϐὴν

326 3027 488 3096 βυθὸς
526 3027 801 3097 θαλάσσης
828 3029 1146 3098 βαθύτατος.
1181 3033 1294 3086 Καὶ
1354 3033 1452 3105 τήν
1503 3037 1601 3106 μὲν
1649 3037 1887 3108 θηριώδη

326 3123 423 3175 καὶ
454 3123 689 3189 θυραίαν
726 3121 950 3190 ἀλογίαν
974 3122 1116 3175 οὕτω
1142 3122 1563 3196 τιθασσεύομεν,
1610 3130 1687 3191 ώς
1742 3130 1885 3196 ἐξὸν,

324 3217 421 3266 καὶ
457 3213 775 3283 δαμάζομεν
803 3231 815 3244 ·
842 3212 943 3282 τὴν
967 3213 1025 3267 δέ
1056 3215 1324 3281 σύνοικον,
1381 3219 1478 3273 καὶ
1511 3213 1545 3293 ᾖ
1600 3221 1886 3292 προσεχῶς
1914 3202 1958 3261 C

322 3304 642 3373 ἐποχεῖσθαι
692 3304 1023 3372 τετάγμεθα,
1087 3308 1182 3360 καὶ
1226 3308 1369 3363 κατά
1420 3310 1580 3378 λόγον
1641 3316 1886 3380 κοσμεῖν,

323 3398 423 3448 οὐκ
455 3395 650 3465 ἔχομεν
680 3397 793 3458 πῶς
841 3397 1346 3468 ἀπομειλιξώμεθα,
1395 3402 1492 3455 καὶ
1544 3402 1890 3473 διαπραΰνω-

325 3505 429 3556 μεν
462 3489 597 3557 πρὶς
629 3488 690 3541 τὸ
720 3489 1005 3555 κατήκοον.
1043 3490 1232 3544 Καίτοι
1260 3492 1443 3562 ἐκείνη
1489 3492 1589 3563 μὲν
1650 3495 1892 3549 ἐκκεκώ-

324 3577 824 3647 φηταιφύσειπρδς
870 3578 964 3633 ﬁt?”
990 3578 1147 3644 Λόγον
1185 3593 1201 3608 ο
1255 3578 1396 3650 αὔτη
1436 3581 1494 3634 δὲ
1535 3582 1736 3645 ἐπαΐει,
1795 3585 1890 3638 καί

323 3680 440 3730 πως
479 3670 852 3738 ἐπέστραπται
881 3685 895 3700 ·
930 3669 1064 3723 ἀλλά
1093 3670 1154 3723 τδ
1197 3672 1486 3740 ἀλόγιστον
1532 3673 1709 3744 πάντη
1771 3677 1890 3728 ἐπι-

329 3760 567 3813 πειθέστε
580 3777 673 3829 ρον
704 3759 780 3827 τῷ
811 3760 952 3829 λόγῳ
985 3760 1206 3831 μᾶλλον,
1248 3763 1279 3828 ἦ
1330 3762 1391 3815 τὸ
1416 3764 1668 3832 πεφυκὸς
1700 3763 1890 3833 λογοῦ·

323 3851 449 3903 σθαί
466 3868 539 3919 πη
559 3853 654 3903 καὶ⁸
676 3850 1032 3921 ρυθμίζεσθαι
1051 3868 1065 3884 ⁸
1086 3855 1309 3908 κάκεῖνο
1339 3857 1441 3925 μὲν
1476 3856 1742 3925 ὑπουργεῖ
1794 3855 1889 3908 καὶ⁵

323 3943 647 3993 συνεκπονεῖ
686 3941 758 3995 τά
780 3942 1094 3999 συνοίσοντα
1133 3944 1349 4015 σώματι
1378 3962 1393 3979 ο
1422 3947 1581 4017 σῶμα
1612 3948 1666 3999 δέ
1694 3964 1891 4017 συνερ-

327 4029 424 4097 γδν
463 4031 585 4099 ἐμοὶ
612 4030 766 4087 δοθὲν
790 4034 870 4096 είς
896 4035 1096 4104 ἀρετῆς
1128 4035 1267 4105 ἔργα
1296 4037 1582 4101 κάλλιστα,
1615 4040 1697 4102 είς
1742 4040 1890 4093 ἀντί-

324 4122 450 4185 ξουν
482 4122 577 4175 καὶ
602 4122 763 4177 πλέον
793 4124 1160 4196 ἀντιπρᾶττον
1191 4128 1499 4198 ἐλέγχεται,
1547 4134 1642 4185 καὶ
1698 4131 1891 4188 θᾶττον

326 4211 427 4281 ἐμὲ
452 4212 856 4280 συναλογιστεῖν
883 4214 1036 4285 αὐτῷ
1061 4217 1486 4288 παραϐιάζεται,
1531 4219 1564 4288 ἢ
1595 4218 1726 4271 αὐτὸ
1769 4220 1893 4287 ἐμοὶ

325 4301 804 4370 συλλογικεύεσθαι
863 4306 1133 4360 πείθεται.
1188 4308 1301 4362 Καὶ
1359 4308 1422 4362 τὸ
1474 4309 1651 4362 αίτιον
1677 4308 1891 4379 εἴρηται

324 4390 579 4460 πρόσθεν,
609 4393 694 4446 ὅτι
746 4394 868 4446 ἐπεὶ
900 4396 1170 4466 γενομένη
1216 4398 1310 4450 ἐπὶ
1366 4399 1504 4467 τιμῇ
1567 4399 1627 4452 οὑ
1671 4398 1892 4469 ξυνίημι

323 4484 390 4538 τά
420 4485 637 4553 πρῶτα,
671 4485 766 4539 an
792 4486 871 4557 τῷ
902 4487 1108 4558 νεογνῷ
1157 4491 1371 4560 σαρκίῳ
1423 4492 1889 4563 συννηπιάζουσα,

323 4576 422 4629 είτ’
451 4573 546 4632 οὗν
585 4553 1885 4649 σκυϐιὶλῳὖλτιιςτχοιλδαὶίκῶς.είπιεῖνίσυγδιαταζ
1918 4553 1966 4610 θ

323 4668 492 4735 δῦσα,
540 4671 641 4724 καὶ
711 4670 1014 4743 όστρεῶδες
1083 4674 1474 4745 ἀμπισχομένη
1531 4676 1887 4747 περίϐλημα,

325 4762 864 4834 παρασύμϐάλλομαι
902 4766 997 4816 παλ⁵
1030 4766 1465 4834 όμοιοῦμαιτοῖς
1518 4768 1742 4835 κτήνεσι
1796 4767 1892 4819 καὶ

324 4854 574 4923 ἀνοήτοις
658 4855 953 4924 δυνάμεσιν
985 4870 1000 4886 ο
1048 4856 1146 4925 ὀψὲ
1204 4857 1261 4908 δὲ
1302 4857 1544 4910 συνιέναι
1588 4858 1623 4927 ή
1677 4856 1889 4927 ἄφρων,

328 4945 478 5015 καλή
510 4945 669 5016 μωρά
693 4964 822 5000 ποτε
845 4947 1064 5016 φρονεῖν
1102 4946 1405 5016 ἀρχομένη,
1455 4945 1733 5000 ἐπιϐάλλω
1793 4946 1891 5015 μὲν

332 5035 748 5101 μεταποιεῖσθαι
770 5036 871 5104 τῆς
901 5033 1252 5104 καθηκούσης
1287 5036 1489 5104 ἀρχῆς,
1520 5036 1617 5089 καὶ
1671 5036 1893 5106 σώματι

326 5126 424 5179 καὶ
450 5125 660 5195 μορίοις
708 5123 960 5194 σώματος
1001 5122 1144 5178 κατά
1188 5123 1345 5191 λόγον
1395 5124 1733 5195 ἐπιστατεῖν,
1794 5123 1894 5178 καὶ

330 5216 467 5287 πρὸς
495 5215 558 5268 τὸ
598 5214 809 5285 πρέπον
867 5212 1083 5283 ἑκάστῳ
1139 5212 1434 5279 ἐπανάγειν
1475 5210 1850 5283 λειτούργημα
1874 5227 1889 5241 ⁸

325 5306 468 5362 αὑτά
524 5306 583 5360 δέ
634 5306 772 5360 ἀλλά
816 5306 913 5359 καλ
963 5305 1335 5376 προλαλοῦντα
1363 5347 1380 5372 ,
1442 5307 1591 5376 ὅμως
1648 5306 1888 5376 ἀτεχνῶς

327 5400 511 5452 ἐκεῖνα
535 5399 718 5467 ἔργοις
746 5398 1100 5468 κεκράγασιν,
1130 5398 1231 5451 ὅσα
1257 5398 1308 5451 oi
1338 5398 1551 5451 πολῖται
1593 5398 1687 5451 τοῦ
1737 5400 1896 5467 εὐγε-

330 5487 456 5551 νοῦς
492 5486 784 5557 ἀνθρώπου
831 5489 974 5543 κατά
1022 5489 1121 5559 τὴν
1170 5489 1532 5560 εὑαγγελικὴν
1576 5490 1893 5560 παραϐολὴν

334 5582 644 5644 στείλαντος
676 5581 996 5652 πρεσϐείαν,
1035 5582 1242 5649 ἔλεγον,
1272 5581 1347 5634 Οὑ
1378 5582 1605 5650 θέλομέν
1637 5599 1698 5634 σε
1735 5581 1893 5652 βασι-

332 5672 520 5726 λεῦσαι
548 5672 632 5739 ἐφ’
683 5673 848 5740 ἡμᾶς.
881 5673 1107 5740 Ἀγουσι
1157 5672 1261 5742 γὰρ
1296 5671 1513 5734 θᾶττον,
1559 5672 1590 5742 ἢ
1645 5673 1890 5740 ἄγονται,

336 5764 429 5816 καὶ
452 5763 893 5817 ἀντεπισπῶνται
918 5764 1051 5833 πρὸς
1076 5764 1141 5816 τά
1176 5763 1381 5834 συνήθη
1412 5765 1564 5832 σφίσι
1599 5765 1695 5818 καὶ
1741 5766 1891 5834 φίλα,

335 5855 370 5921 ἢ
393 5856 730 5909 ἐπισπῶνται
775 5856 909 5918 πρὸς
938 5855 1006 5907 τὰ
1033 5854 1280 5917 βέλτιστα
1317 5874 1327 5887 ⁸
1368 5859 1456 5910 καὶ
1497 5858 1655 5912 πλέον
1702 5858 1893 5911 ἀνθέλ-

620 5941 891 6002 Ρλτιιυι.
931 5941 1024 5999 Gn
1072 5936 1190 6003 CL.

2000 652 2095 704 καὶ
2121 650 2366 719 δμματα,
2404 650 2551 707 ὅπως
2602 650 2668 701 τά
2711 649 2809 716 μὲν
2860 652 2961 703 οὐκ
3005 649 3371 719 ἐμπίπλαται,
3426 653 3566 706 κατὰ

1997 729 2090 794 τὸν
2110 741 2565 810 Ἐκκλησιαστὴν,
2586 740 2678 793 τοῦ
2707 741 2950 804 ἀκούειν,
2983 743 3047 793 τὰ
3066 742 3121 793 δὲ
3144 741 3237 794 τοῦ
3261 744 3415 813 όρᾷν,
3448 758 3520 796 κα
3547 771 3558 781 -

2000 834 2113 885 θότι
2140 835 2254 894 τοῖς
2287 834 2384 902 μὲν
2412 833 2523 886 οὐδ’
2554 833 2895 901 ἐπιζυγῶσαι
2917 833 3086 904 θύρας
3144 833 3373 899 ἔξεστιν,
3432 836 3570 889 ἀναι

2000 925 2371 992 πεπταμένοις
2428 925 2518 976 ἀεί
2550 941 2566 957 ο
2632 927 2747 987 τοῖς
2793 925 2851 979 δὲ
2906 925 3319 996 παραπέτασμα
3365 910 3425 979 τδ
3462 928 3570 980 τῶν

1999 1016 2287 1086 βλεφάρων
2310 1015 2569 1084 ἐπίθεμα,
2603 1015 2702 1069 καὶ
2730 1018 2763 1086 ή
2796 1017 3137 1085 ἀποστροφὴ,
3179 1019 3277 1071 καὶ
3303 1019 3444 1071 κατά
3475 1019 3569 1070 τίιν

2001 1106 2174 1175 μέγαν
2213 1104 2333 1159 Ἰὼϐ
2362 1106 2594 1175 διαθήκη
2627 1106 2723 1160 τοῦ
2801 1108 2875 1175 μὴ
2935 1108 3229 1175 καταθρεῖν
3276 1110 3564 1179 περίεργα.

1995 1200 2159 1253 ’Λλλά
2188 1198 2437 1254 τίταῦτα
2464 1202 2604 1269 πρὸς
2634 1201 2732 1272 τὴν
2765 1201 3197 1270 προχειροτάτην
3246 1200 3428 1255 αὐτῶν
3472 1203 3567 1253 καὶ

2003 1290 2232 1362 ἄχρονον
2261 1292 2464 1363 μικροῦ
2501 1293 2668 1364 ῥιπήν
2697 1297 2791 1347 καὶ
2829 1294 3139 1363 ἀπληστίαν
3176 1292 3571 1362 πολυπράγμο-

1999 1404 2102 1450 να;
2132 1374 2266 1438 Εἶτα
2282 1385 2379 1439 καὶ
2407 1385 2674 1453 γλῶτταν.
2719 1384 2794 1438 Τὸ
2815 1385 3187 1455 ἀκατάσχετον
3225 1385 3416 1450 κακὸν,
3474 1385 3567 1437 τὸν

1996 1479 2201 1548 κόσμον
2230 1480 2328 1545 τῆς
2357 1479 2575 1541 ἀδικίας
2600 1478 2742 1533 κατά
2769 1478 2861 1531 τὸν
2892 1474 3217 1545 ἀδελφόθεον
3257 1478 3515 1532 Ἰάκωϐον
3548 1495 3562 1508 ο

1995 1571 2030 1636 ἦ
2066 1587 2129 1638 γε
2160 1572 2254 1623 καὶ
2284 1574 2414 1640 πρὶν
2445 1572 2656 1637 ἐφεῖναι
2678 1571 2770 1624 τὸν
2789 1570 3075 1641 λογισμὸν,
3126 1570 3222 1623 καὶ
3270 1572 3339 1624 τά
3371 1570 3566 1624 λεκτέα

1997 1663 2320 1731 ἐπισκῆψαι,
2356 1662 2741 1733 προεξάλλεται
2762 1663 3097 1731 αὐτάγγελος
3133 1663 3436 1735 προπετὴς,
3475 1666 3568 1716 ἐκ-

1998 1754 2387 1823 φερομυθοῦσα
2414 1754 2511 1807 ὅσα
2538 1754 2614 1823 μὴ
2641 1753 2771 1824 χρὴ,
2799 1755 2897 1811 καὶ
2930 1753 3105 1807 ταῦτα
3133 1754 3411 1816 τοσούτοις
3433 1756 3567 1807 ἀπο-

1800 1851 1895 1903 καὶ
1930 1871 1972 1930 Β
1997 1846 2382 1916 ταφρευομένη
2415 1848 2672 1915 φυσικοῖς
2703 1847 2896 1917 ἐρκεσι
2922 1862 2936 1879 ο
2975 1846 3029 1900 τί
3054 1847 3108 1899 δὲ
3164 1849 3193 1899 ό
3251 1848 3566 1917 οίσοφάγος,

1997 1939 2026 1991 ὁ
2058 1938 2326 2006 πανδεχὴς
2353 1938 2572 2003 ἀγωγός
2596 1954 2611 1969 ·
2645 1938 2696 1990 τί
2744 1938 2802 1990 δέ
2853 1940 2887 2007 ή
2919 1941 3219 2006 μαινομένη
3248 1939 3342 1991 καὶ
3372 1938 3565 2007 ἐκμαίο

1993 2045 2157 2081 νουσα
2189 2029 2300 2099 ἁφή
2332 2047 2345 2093 ;
2382 2024 2531 2095 ’Λρα
2588 2028 2915 2081 κατακούειν
2947 2024 3058 2081 οἶδε
3114 2029 3275 2096 λόγου
3325 2029 3423 2081 καὶ
3467 2029 3566 2095 τῆς

1994 2119 2234 2185 ἐφέστιος
2262 2118 2509 2172 ἵστασθαι
2542 2136 2558 2184 ;
2587 2118 2801 2187 Καρδία
2837 2117 2894 2170 δὲ
2935 2118 3011 2181 τί,
3068 2119 3197 2172 ὅταν
3237 2118 3374 2186 πρὸς
3430 2118 3568 2185 άμυ-

1994 2227 2089 2264 ναν
2114 2210 2358 2278 καχλάζῃ
2389 2211 2455 2279 τῇ
2495 2208 2643 2273 ζέσει
2684 2209 3111 2277 μαιμάσσουσας
3173 2210 3240 2279 ἣν
3295 2210 3567 2276 θαυμάζω

1992 2300 2111 2361 πῶς
2139 2302 2171 2370 ή
2200 2299 2448 2370 ῥαψῳδία
2488 2300 2722 2369 κυνηδὸν
2769 2300 3115 2354 ὖλακτοῦσαν
3165 2300 3472 2364 ποιεῖ,“ἀλλ’
3506 2298 3569 2354 οὐ

1994 2391 2201 2461 μᾶλλον
2236 2390 2597 2460 βρυχωμένην
2627 2391 2897 2447 λεόντεια.
2944 2393 3069 2443 Ἐπὶ
3104 2392 3239 2445 πᾶσι
3292 2394 3351 2445 τὸ
3398 2391 3568 2461 θυμοο

1992 2480 2186 2541 πλεκές
2210 2478 2312 2548 τῆς
2341 2479 2635 2549 ἐπιθυμίας
2664 2479 2853 2548 μόριον
2920 2480 3031 2533 τίνι
3064 2479 3132 2532 ἂν
3176 2481 3567 2550 προσεικάζοι·

1990 2591 2084 2638 το;
2118 2564 2356 2640 Πότερον
2377 2571 2634 2642 ἀθανάτῳ
2655 2572 2812 2642 κακῷ
2849 2575 2915 2643 τῇ
2938 2573 3175 2643 Σκύλλη,
3204 2572 3237 2643 ἢ
3270 2577 3336 2643 τῇ
3365 2574 3567 2642 παλιμ-

1991 2666 2116 2732 φυεῖ
2156 2663 2354 2734 ’λ’δρᾳ,
2389 2663 2422 2731 ἢ
2459 2662 2536 2733 τῷ
2591 2664 3015 2732 ἐκατογκεφάλῳ
3076 2664 3299 2731 Τυφῶνι
3330 2663 3569 2729 ;Τοσούο

1988 2773 2100 2818 τοις
2137 2755 2385 2825 ὀργάνων
2410 2753 2708 2824 βαράθροις
2733 2755 2827 2808 καὶ
2861 2756 3067 2823 μορίων
3116 2754 3317 2825 χάραξι
3368 2754 3569 2824 τούμὸν

1989 2848 2320 2916 ἐνδιαίτημα
2340 2847 2784 2917 κεχαράδρωται,
2810 2839 2892 2909 οἷς
2918 2846 3200 2900 ἀλλόκοτοι
3243 2846 3339 2899 καὶ
3385 2847 3567 2911 ἀλογοι

1989 2941 2246 3010 δυνάμεις
2301 2938 2377 3002 ὡς
2405 2940 2558 3006 ὄφεις
2591 2936 2933 2993 παντοδαποὶ
2975 2939 3090 3002 τοῖς
3134 2938 3430 3010 θηριώδεσι
3468 2956 3571 3007 xv,»

1991 3033 2187 3100 ραμοῖς
2212 3022 2314 3100 τῆς
2338 3029 2543 3100 Λιϐύης
2572 3028 3087 3099 ἐμπεφωλεύκασιν,
3117 3030 3205 3093 ·ἀς
3235 3040 3343 3097 περ
3374 3030 3570 3082 τιθασ-

1991 3125 2171 3176 σεύειν
2206 3121 2306 3192 μέν
2333 3121 2426 3175 καὶ
2455 3120 2763 3191 ἐξημεροῦν
2793 3120 3197 3191 ἐπαγγέλλεται
3256 3120 3318 3173 τὸ
3346 3119 3447 3188 τῆς
3496 3124 3573 3173 εί·-

1991 3219 2148 3276 κόνος
2181 3214 2400 3284 ἀξίωμα
2433 3215 2539 3267 ’τά
2596 3214 2710 3268 άνω
2760 3214 2818 3267 δὲ
2879 3214 3029 3268 κάτω
3080 3212 3569 3281 μετακυλίνδεται⁶

1991 3307 2177 3360 ἐκεῖνα
2208 3306 2320 3374 γὰρ
2350 3306 2551 3375 μᾶλλον
2577 3304 3021 3373 συναγριαίνουσι
3050 3306 3143 3356 καὶ
3176 3303 3573 3372 ἁποθηριοῦσι)

1990 3394 2066 3459 Cu;
2106 3396 2176 3449 τὰ
2236 3396 2429 3449 πολλά.
2481 3395 2661 3465 Ὅπερ
2707 3396 2801 3449 καὶ
2854 3396 3013 3464 ὑμεῖς
3076 3394 3412 3460 ὑπιδόμενοι,
3475 3396 3572 3449 καὶ

1993 3486 2189 3539 παθεῖν
2250 3478 2647 3554 φυλαξάμενοι,
2705 3479 2751 3538 ὧ
2802 3485 3085 3556 μακάριοι,
3136 3484 3341 3552 ἔγνωτε
3378 3487 3436 3551 ἐξ
3475 3487 3571 3539 ἀν·-

1993 3572 2230 3643 θρώπων
2258 3573 2649 3644 ἀφανισθῆναι,
2697 3574 2906 3644 λόχμας
2955 3573 3349 3645 κατειληφότες
3400 3576 3563 3643 θηρο-

1992 3666 2252 3736 τρόφους,
2301 3664 2397 3719 καὶ
2445 3663 2618 3737 άντρα
2640 3664 2940 3734 αὑτόροφα,
3004 3666 3098 3720 καὶ
3162 3668 3262 3735 γῆς
3317 3664 3572 3733 ἀνηλίους

1996 3760 2198 3837 μυχοὺς
2249 3757 2564 3820 ὑποδύντες,
2614 3759 2711 3811 καὶ
2751 3757 2821 3810 δι’
2850 3758 3070 3826 ἐρήμης
3114 3758 3375 3826 ἀοικήτου
3430 3758 3565 3810 πλα-

1992 3847 2212 3918 ζόμενοι
2248 3848 2472 3918 αίθριοι,
2516 3846 2600 3900 ἵνα
2652 3847 2772 3909 ταῖς
2836 3847 3109 3915 πονηραῖς
3164 3846 3399 3909 εἰσόδοις
3459 3846 3569 3897 τῶν

1995 3938 2327 4008 σωματικῶν
2355 3936 2792 4005 ἐπεζυγωμένων
2842 3935 3176 4004 αἰσθήσεων,
3221 3934 3281 3987 τὸ
3318 3937 3417 4004 μὲν
3472 3936 3571 4004 τῆς

1992 4030 2188 4096 ἀλόγου
2231 4028 2409 4099 ψυχῆς
2447 4026 2921 4097 ἀποθηριούμενον
2972 4029 3185 4098 ἀτρεμῇ
3241 4028 3513 4099 ἀτροφοῦν
3551 4071 3566 4095 ,

1990 4124 2052 4177 τδ
2082 4123 2140 4176 δὲ
2172 4123 2362 4192 νοερὸν
2390 4122 2491 4189 τῆς
2524 4121 2751 4190 λογικῆς
2783 4121 2961 4191 ψυχῆς
2994 4122 3258 4191 σχολάζον
3300 4121 3410 4175 τῶν
3443 4124 3573 4191 περὶ

1991 4215 2059 4267 τά
2099 4213 2338 4283 αἰσθητά
2381 4211 2753 4283 τυρϐασμῶν,
2810 4211 3038 4283 ἄσχολον
3090 4214 3403 4286 προσανέχῃ
3461 4217 3573 4277 τοῖς

1993 4302 2123 4374 περὶ
2179 4304 2248 4357 τά
2291 4304 2457 4374 νοητά
2507 4303 2882 4375 θεωρήμασιν.
3595 4348 3603 4367 ,

2063 4391 2211 4451 Εἶεν.
2233 4396 2377 4465 Ἐγὼ
2397 4396 2497 4466 μὲν
2513 4394 2654 4451 οὕτω
2679 4396 2769 4450 διά
2796 4395 3051 4467 βραχέων
3068 4396 3387 4465 παρέδειξα,
3413 4398 3574 4466 ήλίκα

1991 4487 2054 4540 τὸ
2101 4487 2438 4557 ὑπηρετικὸν
2464 4487 2623 4556 σῶμα
2655 4487 2778 4540 κατ’
2804 4486 2939 4557 ἐμοῦ
2971 4488 3315 4541 νεανιεύεται
3343 4504 3358 4518 υ
3389 4488 3450 4539 τὸ
3491 4490 3570 4550 δὲ,

1993 4574 2195 4642 καίπερ
2244 4574 2471 4628 τοιαῦτα
2524 4573 2828 4643 ἐνυϐρίζειν
2886 4575 3130 4644 ἐναργῶς
3188 4574 3565 4643 ἐλεγχόμενον,

1992 4666 2143 4734 ὅμως
2170 4663 2270 4718 οὐκ
2298 4663 2553 4728 ἀνέξεται
2595 4665 2670 4734 μὴ
2703 4665 2824 4734 οὑχὶ
2849 4665 2946 4717 καὶ
2967 4664 3061 4717 νῦν
3096 4665 3369 4733 ἀντερεῖν,
3405 4666 3571 4716 δπυῖα

1995 4754 2256 4817 πολλάκις
2302 4753 2551 4825 θρασέως
2611 4752 3134 4825 ἐλευθεροστομοῦν,
3188 4755 3249 4807 οὑ
3300 4754 3569 4818 δουλικῶς

1994 4845 2412 4916 ὑποτονθορίζον
2440 4844 2806 4910 αὑθαδίζεται,
2844 4844 2941 4899 ἀτε
2997 4845 3087 4899 διά
3148 4844 3369 4911 πάντων
3418 4847 3570 4899 ἀντι.

1998 4936 2212 4992 κεῖσθαί
2246 4954 2338 5006 μοι
2360 4929 2716 5001 ἐσπουδακδς,
2747 4936 2823 4998 ώς
2854 4934 3047 5004 ἐχθρὸν
3077 4935 3264 5003 φύσει,
3305 4938 3362 4988 ἐν
3390 4934 3574 5007 ἔργοις

1993 5028 2385 5099 ἀντιπρᾶττον,
2416 5030 2475 5082 ἐν
2501 5028 2683 5095 λόγοις
2714 5025 3060 5096 ἀντιλογοῦν,
3090 5030 3187 5081 καὶ
3216 5028 3353 5091 ὅλως
3412 5028 3572 5097 μηδέ-

1996 5140 2129 5178 ποτε
2160 5121 2511 5191 συμϐατικῶς
2550 5110 2648 5176 καὶ
2673 5121 2977 5184 ἐνσπόνδως
3033 5119 3183 5190 ἔχον.
3232 5123 3399 5191 Φήσει
3459 5121 3571 5171 τοί-

1995 5234 2089 5270 νυν
2126 5216 2292 5286 μηδὲν
2324 5204 2685 5285 πλημμελεῖν,
2736 5213 2923 5267 ποιοῦν
2953 5213 3068 5279 ικαὶ
3111 5212 3342 5280 πάσχον,
3395 5209 3431 5263 ἀ
3475 5209 3571 5262 νῦν

1995 5308 2331 5377 ἐγκαλεῖται,
2366 5307 2458 5359 καὶ
2503 5305 2704 5374 μᾶλλόν
2738 5311 2801 5367 γε
2831 5304 2932 5367 τάς
2959 5303 3087 5372 περὶ
3128 5302 3227 5371 τὴν
3256 5301 3569 5370 ἀπολλυμέ-

1999 5418 2098 5470 νην
2128 5400 2329 5470 βρῶσιν
2379 5390 2660 5468 μοχθηρὰς
2693 5395 2977 5466 ἐργασίας,
3022 5395 3116 5445 καὶ⁸
3157 5392 3254 5462 τὴν
3288 5392 3568 5446 ἄπαυστον

1996 5494 2314 5564 εἴσπραξιν
2372 5490 2625 5545 σύνθετον
2680 5489 2788 5557 γὰρ
2818 5487 2876 5542 ὃν
2906 5486 2999 5539 καὶ
3053 5485 3176 5556 ῥέον
3230 5483 3319 5537 ἀεὶ
3367 5485 3464 5543 διά,
3509 5501 3568 5537 τε

1997 5585 2207 5656 ἀδήλων
2238 5583 2332 5637 καὶ
2379 5580 2675 5653 προφανῶν
2719 5581 2921 5649 πόρων,
2970 5576 3283 5643 ἀναγκαίως
3320 5576 3571 5629 ἀπαιτεῖν

1999 5677 2097 5746 τὴν
2152 5675 2416 5744 ἀνάλογον
2466 5677 2543 5745 τῇ
2592 5671 2822 5727 κενώσει
2884 5668 3409 5738 ἀνταναπλήρωσιν
3470 5670 3571 5721 οὐκ

1998 5768 2170 5830 ἄλλως
2199 5767 2257 5820 δὲ
2284 5762 2798 5837 διαμεμηχανῆσθαι
2826 5761 2985 5815 τοῦτο
3014 5761 3116 5830 τὴν
3162 5759 3345 5829 φύσιν,
3378 5746 3459 5813 ὅτι
3495 5762 3571 5827 μὴ

1999 5858 2085 5911 διὰ
2121 5860 2303 5912 σιτίων
2336 5859 2425 5910 καὶ
2455 5855 2634 5910 ποτῶν
2659 5872 2672 5883 ·
2708 5853 2898 5906 οὔκουν
2922 5850 3075 5903 οὐδὲν
3102 5852 3455 5922 ἁμαρτάνειν,
3489 5851 3570 5901 νόει

3048 5937 3121 5999 43
