4020 6462
540 413 682 485 1¹ἶ59

1855 410 1899 470 G
1915 409 2233 472 REGORH
2301 409 2621 471 ΙιΑιΑιιιΕ

3657 404 3769 473 1380

541 550 624 610 είς
674 543 993 614 ἐφάμαρτον
1048 536 1374 608 πλησμονὴν
1432 536 1523 589 καὶ
1553 536 1772 604 τρυφήν
1794 551 1809 566 ·
1848 537 1944 589 καὶ
1974 534 2127 595 ὅπως
2153 538 2201 594 Α
2230 533 2329 603 τῆς
2362 531 2552 600 ὥσπερ
2572 531 2628 583 ἐν
2656 527 2875 596 θεάτρῳ
2891 526 3062 597 κώμῳ
3084 524 3299 597 δούσης,
3322 528 3420 581 οὐκ
3448 527 3503 580 ὲν
3533 528 3761 602 δικαστη-

543 639 671 708 ἐμοὶ
703 628 1026 705 πειρωμένη
1061 629 1477 703 ἐπιτροπεύειν,
1503 628 1600 681 καὶ
1643 627 1780 700 πρὸς
1808 626 1868 680 τὸ
1911 643 2126 698 σωφρο-

550 731 807 797 νέστερον
855 723 1182 794 ἀνακρούειν
1232 720 1620 785 ἐπανίσταται,
1646 720 1740 774 καί
1779 719 2125 782 ἀνθίσταται,

542 823 603 875 τὸ
621 820 922 888 αὐτόνομον
946 818 1070 881 ἔθος
1094 817 1171 879 ὡς
1192 816 1359 887 νόμον
1376 814 1636 884 ἀκίνητον
1653 811 2125 883 προϐαλλόμενον,

542 912 632 971 οἷά
654 933 738 979 τις
772 913 1090 983 ἀδάμαστος
1124 912 1346 983 μόσχος,
1403 908 1672 977 ἀτιμάζον
1710 906 1805 958 τδν
1835 904 2001 974 ζυγὸν
2029 905 2134 973 τῆς·

542 1008 814 1072 δουλείας,
844 1006 941 1060 καὶ
971 1004 1137 1058 πνέον
1165 1003 1351 1074 ὕϐριν,
1378 1002 1477 1056 καὶ
1503 998 1776 1068 ταυρηδὸν
1812 995 2129 1064 ὲξοιστρού-

548 1116 710 1169 μενον
732 1115 746 1129 ο
779 1096 842 1150 τὸ
875 1096 1200 1167 δεινότερον,
1251 1094 1335 1146 ὅτι
1369 1093 1498 1155 τοὺς
1542 1090 1864 1160 πεπηγότας
1909 1086 2130 1158 φύσεως

543 1194 707 1264 ὅρους
760 1187 1080 1261 ὑπερπηδᾷ.
1143 1185 1497 1255 Τεταγμένον
1548 1183 1659 1252 γὰρ
1719 1181 1953 1250 ἄγεσθαι
1986 1180 2129 1249 πρὸς

546 1283 705 1355 ἐμοῦ,
741 1282 778 1338 ά
797 1300 861 1335 τε
888 1280 1120 1349 λογικῆς
1149 1279 1244 1333 καὶ⁵
1271 1276 1780 1349 ἡγεμονικωτέρας,
1826 1271 1960 1326 αὐτὸ
1993 1270 2132 1340 μᾶλ-

545 1381 638 1434 λον
661 1379 962 1449 φιλονεικεῖ
992 1377 1188 1447 ἄρχειν
1211 1373 1372 1443 ἐμοῦ,
1401 1372 1639 1429 ἐκοῦσάν
1675 1387 1733 1424 τε
1758 1369 1854 1424 καὶ
1885 1370 2129 1426 ἄκουσαν

545 1468 889 1523 ἐπισπᾶσθαι
916 1464 1053 1537 πρὸς
1084 1465 1146 1518 τὸ
1199 1461 1617 1531 συνεκπορίζειν
1649 1459 1721 1514 τὰ
1767 1459 1892 1512 καθ’
1933 1456 2130 1526 ἡδονὴν

544 1562 720 1632 αὐτῷ,
784 1561 882 1614 καὶ
947 1559 1405 1628 συνασχημονεῖν,
1444 1556 1638 1625 ὥσπερ
1690 1553 1800 1606 τινὶ
1856 1553 2005 1621 χειρὶ⁵
2055 1548 2133 1603 δι-

546 1656 760 1725 πάλτῳ,
793 1652 1147 1724 αἰχμαλωσίᾳ
1179 1649 1469 1719 βιαιοτάτῃ
1515 1648 1611 1700 καὶ
1641 1645 1868 1715 γοητείᾳ
1895 1644 2133 1697 πιθανω-

544 1750 686 1821 τάτῃ
717 1745 1153 1815 ἀπειργομένην.
1189 1739 1672 1812 Παρετραγῲδησα
1694 1739 1793 1791 καὶ
1825 1738 1926 1791 ὅσα
1957 1753 2128 1806 προσο

546 1839 899 1912 επιτρίϐεταί
928 1856 1022 1910 μοι
1054 1834 1292 1905 ἐπαχθῆ,
1321 1834 1378 1887 ἔν
1406 1849 1466 1886 τε
1497 1835 1564 1903 τῇ
1587 1829 1853 1903 νηπιώδει
1877 1830 1973 1884 καί
1997 1845 2129 1897 πρε-

2231 625 2333 696 ρίῳ
2363 622 2801 693 κατηγορούσης,
2829 619 3104 688 ἠκούσατε
3124 619 3323 689 δήπου,
3351 619 3607 679 θειότατοι
3633 621 3742 677 δικα

2228 718 2374 772 σταί.
2427 717 2644 786 Ἀφέτῳ
2678 717 2791 784 γὰρ
2838 714 3079 783 γλώττῃ.
3129 714 3215 767 ῖνα
3251 713 3324 784 μὴ
3361 713 3522 768 πλέον
3541 731 3589 767 τι
3618 713 3763 781 λέγω,

2227 813 2579 881 ἀταμιεύτως
2631 811 2923 880 ἐχρήσατο,
2968 807 3078 862 οὐδ’
3132 806 3208 870 ὡς
3261 807 3546 876 ὁμοδούλου
3574 809 3763 879 γοῦν,ἦ

2226 906 2303 967 ὡς
2333 904 2472 972 αὐτή
2509 920 2667 972 φησι,
2705 900 2975 970 συζυγοῦς
3003 899 3321 970 φειδομένη,
3350 899 3425 963 ὡς
3445 901 3498 952 δὲ
3542 902 3766 971 ἀργυρω.

2227 999 2374 1069 νήτῳ
2427 994 2750 1066 ἀνδραπόδῳ
2805 992 3250 1062 προσφερομένη,
3305 995 3399 1045 καί
3430 993 3643 1060 μονονοὺ
3691 998 3769 1046 καί

2230 1089 2518 1150 κονδύλους
2540 1089 2768 1156 συχνοὺς
2796 1084 3215 1153 ἐπεντρίϐουσαδ
3236 1083 3346 1153 ἐγὼ
3375 1086 3450 1150 δὲ,
3484 1086 3602 1138 ἐπεὶ
3626 1086 3769 1153 κάμοὶ

2227 1183 2409 1250 λέγειν
2447 1181 2669 1251 ἐφίησιν
2722 1181 2756 1244 ἡ
2796 1178 2950 1249 ὑμῶν
2983 1180 3277 1243 ἐπιείκεια,
3307 1179 3546 1249 φλαῦρον
3582 1179 3672 1249 μὶν
3696 1184 3768 1234 ού·

2228 1276 2320 1331 δέν
2349 1275 2479 1345 ἐρῶ·
2507 1274 2781 1343 εὐφημεῖν
2805 1273 2914 1342 γὰρ
2933 1273 3146 1343 ἀνάγκη
3167 1289 3181 1301 ⁸
3211 1270 3248 1325 ὃ.
3266 1272 3321 1325 δὲ
3344 1273 3577 1341 συνείρει
3599 1275 3768 1341 ἐγκλήο

2233 1386 2382 1439 ματα
2411 1365 2535 1420 κατ’
2578 1364 2732 1435 ἐμοῦ,
2792 1364 2945 1421 ταῦθ’
2974 1365 3050 1427 ὡς
3097 1366 3164 1418 ἂν
3201 1363 3313 1419 οἷόν
3343 1384 3402 1420 τε
3439 1363 3504 1431 ὦ,
3548 1366 3766 1420 διαλύσα-

2233 1458 2358 1512 σθαι
2412 1457 2776 1529 πειράσομαι.
2815 1456 2998 1522 Ἀπαξ
3030 1456 3090 1508 δέ
3136 1474 3228 1527 μοι
3254 1458 3312 1510 ἐν
3362 1476 3424 1527 γε
3451 1459 3528 1528 τῷ
3572 1462 3770 1530 παρόντι

2230 1549 2481 1619 δοθείσης
2535 1547 2841 1620 ἰσηγορίας,
2888 1548 3156 1618 δεήσομαι
3219 1549 3396 1618 ὑμῶν,
3450 1551 3774 1621 διαπραδνειν

2231 1642 2333 1712 τὴν
2382 1643 2522 1712 ἐμὴν
2561 1641 2874 1708 δέσποιναν,
2928 1641 2983 1694 εί
3030 1660 3090 1711 γε
3135 1642 3514 1709 άναξιοπαθεῖν
3559 1646 3771 1713 οἰνιμένη,

2233 1736 2371 1804 πρὸς
2406 1735 2576 1807 ὀργὴν
2606 1734 2795 1789 ἀκούει
2830 1737 2938 1791 τῶν
2972 1735 3304 1803 λεγομένων,
3337 1738 3424 1791 καὶ
3453 1735 3610 1806 ὓϐριν
3631 1737 3774 1803 ἄλλην

2237 1835 2332 1884 καὶ
2364 1830 2526 1883 τοῦτο
2552 1826 2785 1898 νομίζει,
2826 1829 2886 1882 τὸ
2908 1828 3367 1898 ἀντιφθέγγεσθαί
3393 1830 3443 1882 οἰ
3475 1830 3669 1901 τολμᾷν
3692 1832 3772 1899 ἐσμέ

545 1902 781 2001 σϐυτίκῇ
835 1902 1047 2000 ἡλικίᾳ,
1104 1902 1295 1979 el"in
1343 1924 1508 1993 φύσει
1533 1902 1868 1991 ἀνέγκλητα,
1900 1920 2036 1973 ἀλλὰ
2062 1918 2132 1971 τὰ
2164 1902 2205 1956 Β
2231 1925 2330 1994 τὴν
2366 1924 2540 1993 ἀρχήν
2563 1940 2576 1953 ·
2607 1921 2922 1992 ἀναμνῆσαί
2962 1938 3022 1973 τε
3050 1921 3219 1986 ὅπως,
3263 1921 3388 1975 οὔτε
3430 1924 3460 1976 δ
3503 1921 3641 1987 θεῖος
3675 1923 3776 1977 Ἰὼϐ

545 2021 983 2093 κακοδαιμονίαν
1016 2019 1391 2073 ἐπιτείνοντα.
1456 2016 1550 2078 Ὠς
1581 2015 1693 2085 γὰρ
1718 2013 1819 2066 οὐκ
1842 2010 2130 2082 ἀποχρών-

546 2135 658 2172 των
685 2117 797 2169 τῶν
815 2116 875 2167 ἐν
905 2112 1238 2184 ἀκμαζούσῃ
1265 2110 1361 2163 καὶ
1390 2107 1674 2178 σφυζούσῃ
1696 2106 1830 2175 πρὸς
1858 2105 1929 2158 τὰ
1954 2103 2131 2172 αἴσχι-

534 2227 653 2263 στα
689 2207 900 2273 κακῶν,
930 2206 1027 2258 καὶ
1059 2203 1117 2257 αί
1146 2203 1279 2273 παρ’
1313 2200 1552 2270 ἑκάτερα
1574 2197 1783 2266 ταύτης
1826 2195 1926 2259 τάς
1957 2211 2128 2248 κακο·

547 2303 794 2373 πραγίας
850 2297 1061 2352 ἑαυτῶν
1119 2293 1576 2362 συνεισφέρουσι·
1632 2290 1727 2343 καί
1776 2285 1864 2342 διὰ
1910 2287 2132 2342 πάντων

547 2393 747 2467 ἡλίκην
768 2392 864 2446 καί
887 2391 1021 2459 ὅσην
1045 2388 1372 2459 ἐφύϐριστον
1398 2383 1658 2437 ἐπαντλεῖ
1677 2399 1766 2453 μοι
1792 2379 2133 2450 τληπάθειαν

550 2466 611 2542 τδ
639 2466 882 2559 χρηστὸν
931 2483 1085 2537 τουτί
1139 2480 1322 2551 σῶμα,
1381 2473 1976 2549 μετρίως’παρὲδειξα.
2012 2473 2132 2526 Ἵνα

548 2581 684 2651 γοῦν
712 2578 918 2651 μηκέτι
947 2574 1192 2649 αἰσχρῶς
1223 2574 1399 2637 οὓτως
1440 2574 1473 2643 ἡ
1498 2572 1667 2625 εἰκὼν
1698 2569 1793 2623 τοῦ
1841 2567 1981 2622 Θεοῦ
2006 2569 2132 2622 ἀτι-

552 2674 780 2746 μάζοιτο
814 2675 882 2744 τῇ
916 2671 1121 2742 πηλίνῃ
1152 2666 1410 2738 συζυγία,
1443 2666 1538 2719 καὶ
1588 2666 1623 2736 ἠ
1652 2663 1823 2734 κυρία
1852 2661 2005 2734 παρὰ
2033 2659 2130 2715 τοῦ

549 2769 659 2823 ὑπὸ
717 2768 881 2837 χεῖρα
922 2761 1267 2835 τύραννοῖτο,
1312 2758 1576 2829 ὑμέτερόν
1629 2759 1750 2808 ἐστι
1811 2755 1908 2808 καὶ
1945 2752 2133 2806 λοιπὸν

547 2857 647 2927 τὴν
679 2855 860 2926 ψῆφον
893 2853 1236 2920 ἐπενεγκεῖν,
1288 2850 1382 2902 καὶ
1416 2848 1517 2918 τὴν
1571 2846 1956 2915 ἁρμόττουσαν
2011 2845 2134 2896 ἐπι-

548 2952 723 3005 θεῖναι
772 2948 852 3017 τῷ
896 2946 1176 3024 ὑϐρίζοντι
1230 2943 1430 3012 δίκην,
1484 2942 1578 2994 καὶ
1638 2938 1713 3009 μὴ
1767 2939 1977 3004 ἐφεῖναι
2020 2936 2135 2988 ἀδι-

547 3042 667 3097 κεῖν
696 3056 765 3109 με
810 3037 1117 3091 είσέπέιτα.
1161 3035 1224 3089 Εἰ
1278 3033 1391 3103 γὰρ
1443 3035 1470 3086 ὁ
1519 3033 1578 3084 ἐν
1603 3030 1955 3099 Εὐαγγελίοις
1980 3029 2134 3081 ἐκεῖ-

548 3150 641 3197 νος
669 3130 886 3202 κριτὴς,
942 3128 1083 3197 μήτε
1136 3125 1208 3179 τὰ
1271 3125 1409 3195 πρὸς
1469 3124 1604 3176 Θεὸν
1638 3120 1930 3191 περιδεὴς,
1991 3120 2131 3189 μήτε

545 3226 618 3280 τὰ
699 3225 841 3294 πρὸς
913 3218 1235 3290 ἀνθρώπους
1301 3217 1546 3287 αἰδήμων
1574 3257 1590 3282 ,
1661 3216 1942 3284 ἐκδίκησιν
2032 3229 2131 3266 πε-

548 3318 771 3388 ποίηκε,
835 3311 1021 3384 πολλῷ
1069 3311 1274 3381 μᾶλλον
1307 3310 1471 3380 ὑμεῖς
1526 3307 1684 3379 ἐμοῦ,
1715 3308 1767 3360 οἰ
1797 3307 1893 3359 καὶ
1914 3304 1983 3359 τὰ
2013 3306 2131 3359 θεῖα

545 3411 707 3469 δσιοι,
726 3406 822 3462 καὶ
848 3405 1100 3468 εὐλαϐεῖς
1127 3406 1200 3457 τά
1225 3401 1571 3474 ἀνθρώπινα.
1605 3398 1690 3469 Μὴ
1716 3398 1827 3467 γὰρ
1856 3395 2132 3461 ἀξιούσθω

548 3500 790 3571 φειδοῦς,
824 3500 873 3553 εἰ
898 3497 1039 3567 πρὸς
1070 3494 1362 3567 ἱκετηρίαν
1388 3491 1667 3563 προτείνει
1694 3491 1754 3544 τὸ
1786 3491 2007 3561 οἰκτρὸν
2036 3490 2132 3544 καὶ

551 3593 786 3665 μογερδν
801 3595 900 3665 τῆς
930 3589 1095 3645 αὑτοῦ
1128 3590 1377 3660 φύσεως⁸
1405 3585 1544 3640 ἀλλὰ
1569 3588 1668 3656 τῆς
1702 3581 2134 3645 ἐπαναστάσεως

546 3690 643 3742 καὶ
675 3682 1029 3754 καταφανοῦς
1055 3680 1380 3752 τυραννίδος
1412 3676 1825 3750 βδελυξάμενοι,
1860 3675 2009 3729 δυοῖν
2034 3674 2133 3729 θά-

549 3793 708 3850 τερον
729 3777 959 3845 ποιῆσαι
986 3770 1343 3833 δικαιώσατε,
1381 3769 1415 3842 ἢ
1443 3769 1572 3840 ἐμοὶ
1597 3769 1785 3822 δοῦναι
1816 3766 2055 3839 χρῆσθαί
2082 3765 2132 3819 οί

546 3868 577 3922 δ
615 3884 669 3922 τι
701 3867 796 3922 καὶ
824 3864 1108 3936 βούλομαι,
1143 3860 1461 3933 στρεϐλοῦν,
1507 3858 1833 3931 μαστιγοῦν,
1868 3864 2133 3928 λιμαγχο-

547 3961 682 4023 νεῖν,
715 3958 866 4029 πάσῃ
930 3958 1153 4027 μηχανῇ
1208 3952 1543 4024 βασανίζειν,
1581 3951 1679 4005 καὶ
1707 3950 1784 4022 μὴ
1810 3948 2134 4002 εὐθύνεσθαι

548 4053 710 4122 εἴπερ
740 4051 1010 4120 πηρώσω,
1043 4048 1139 4101 καὶ
1170 4046 1436 4116 παράπαν
1474 4040 1968 4114 κατεργάσομαι,ἢ
1990 4039 2132 4093 κατά

546 4146 712 4216 ζῆλον
738 4142 1101 4197 ἀποστολικδν
1127 4138 1469 4210 παραδοῦναι
1494 4135 1576 4207 τῷ
1601 4135 1768 4205 κοινῷ
1798 4133 2134 4204 παλαμναίῳ

548 4241 646 4292 καὶ
697 4237 944 4307 δημοσίῳ
994 4232 1202 4302 δημίῳ,
1256 4231 1335 4300 τῷ
1364 4230 1604 4300 Σατανᾷ.
1635 4222 1735 4281 Ὧν
1777 4228 1889 4298 γὰρ
1929 4227 2135 4294 ἀγγεῖα

551 4331 719 4400 θῆρες
755 4327 945 4399 χθονδς
980 4327 1272 4397 οίκήσουσι
1309 4321 1456 4377 κατὰ
1481 4322 1543 4374 τὸ
1592 4321 1797 4389 λόγιον,
1825 4318 2042 4373 οἰκοῦσι
2074 4317 2132 4370 δὲ

548 4426 722 4497 δήπου
747 4422 836 4476 διὰ
862 4421 964 4491 τῆς
993 4417 1329 4490 ἐμπαθείας,
1376 4414 1582 4469 τούτων
1622 4415 1719 4468 καὶ
1748 4413 1933 4466 ποιναί
1970 4409 2133 4482 μερό-

549 4532 669 4570 πων
706 4515 1001 4583 ἄγκτειραι
1023 4525 1038 4540 ·
1079 4508 1256 4572 οὕτως
1289 4504 1524 4577 πληγὲν,
1550 4502 1678 4558 νοῦν
1699 4502 1855 4556 ,οίσει
1877 4500 1941 4554 τὸ
1969 4501 2133 4570 ἀνόη-

2232 2017 2333 2088 τὴν
2365 2019 2475 2069 τῶν
2508 2018 2653 2071 ίδὶων
2698 2016 2928 2070 οἰκετῶν
2963 2016 3100 2087 πρὸς
3131 2015 3296 2070 αὐτὸν
3343 2016 3530 2085 κρίσιν
3576 2018 3773 2086 ἐφαύλι-

2234 2107 2346 2172 ζεν,
2375 2105 2452 2168 ὡς
2483 2107 2647 2168 αὐτός
2685 2122 2789 2158 που
2825 2105 2985 2173 φησί,
3036 2105 3131 2158 καὶ
3176 2105 3237 2157 οὐ
3286 2103 3543 2173 ψεύδεται
3576 2105 3775 2175 δηλαδή.

2235 2198 2376 2266 Πρὸς
2405 2201 2517 2259 τοῖς
2550 2195 2733 2257 ἄλλοις
2755 2194 2864 2263 γάρ
2890 2194 3076 2258 καλοῖς
3124 2194 3218 2246 καὶ
3240 2193 3493 2265 ἀληθινὸς
3520 2195 3776 2266 ἅνθρωπος

2238 2289 2703 2360 μεμαρτύρηται·
2741 2287 2866 2342 οὔτε
2921 2288 3028 2359 μὴν
3080 2288 3266 2351 ὀΘεδς
3323 2289 3456 2358 παρ’
3488 2289 3648 2343 αὐτοῦ
3698 2288 3777 2343 τοῦ

2245 2379 2368 2431 Ἰὼϐ
2430 2381 2521 2431 ἐπὶ
2576 2379 2734 2448 δίκην
2794 2378 3281 2448 προκαλούμενος,
3342 2379 3419 2440 ὡς
3484 2380 3779 2448 βλάσφημον

2231 2469 2453 2543 ἤλεγξε.
2486 2470 2611 2535 Πῶς
2640 2472 2770 2541 γὰρ,
2804 2471 2864 2533 ὅς
2890 2488 2955 2539 γε
2985 2470 3136 2540 παρὰ
3170 2471 3269 2540 μὲν
3303 2471 3379 2541 τῷ
3417 2470 3549 2542 θείῳ
3586 2470 3779 2541 Ἠσαίᾳ,

2241 2587 2258 2638 ι
2292 2565 2453 2619 Δεῦτε
2474 2567 2569 2620 καὶ
2586 2564 2956 2636 διαλεχθῶμεν
2971 2565 3104 2634 πρὸς
3126 2564 3326 2634 ἄνδρας
3344 2564 3779 2636 πεπλημμεὶηκό-

2233 2675 2353 2721 τας,
2395 2676 2415 2709 ι
2459 2660 2589 2728 φησί
2614 2672 2630 2689 ο
2660 2656 2895 2727 παρὰδὲ
2934 2657 3012 2728 τῷ
3049 2657 3271 2727 μεγάλῳ
3309 2659 3477 2713 Δαϐὶδ
3528 2661 3779 2728 εἰσάγεται

2232 2750 2639 2819 δικαιούμενος,
2664 2749 2785 2811 κκαὶ
2832 2748 3000 2803 νικῶν
3032 2751 3091 2802 ἐν
3123 2749 3201 2820 τῷ
3240 2751 3562 2820 κρίνεσθαι;
3596 2751 3778 2805 Οὐκοῦν

2236 2845 2329 2899 καὶ
2363 2846 2399 2915 ἡ
2445 2844 2568 2898 κατ’
2613 2843 2803 2897 εἰκόνα
2845 2843 2981 2897 Θεοῦ
3021 2842 3295 2915 μιμείσθω
3350 2844 3445 2898 τοῦ
3497 2845 3778 2914 ἀρχετύπου

2234 2939 2334 3006 τὴν
2382 2937 2720 3008 ἀγαθότητα,
2758 2937 2853 2990 καὶ
2911 2937 3306 3008 μεγαλοψύχως
3360 2937 3655 3008 ἀνεχέσθω,
3696 2937 3781 3005 τῆς

2235 3033 2345 3084 εἴτε
2385 3029 2620 3102 κρίσεως
2661 3030 2893 3100 ταυτησί
2941 3028 3048 3100 χρὴ
3100 3029 3302 3097 λέγειν,
3346 3031 3454 3084 εῖτε
3510 3032 3605 3084 καί
3630 3028 3784 3084 διαλέ-

2237 3124 2394 3187 ξεως,
2429 3124 2524 3210 καὶ
2551 3122 2671 3194 μεθ’
2730 3122 2857 3176 οἴων
2898 3121 3176 3193 λογισμῶν
3194 3123 3395 3187 ἐκεῖνος
3418 3121 3446 3174 ὁ
3466 3123 3565 3193 τῆς
3593 3120 3781 3190 ἀνδρίας

2237 3216 2605 3285 ἀδαμάντινος
2636 3217 2733 3269 καὶ
2776 3214 3014 3285 χρυσοῦς
3039 3214 3285 3285 ἀνδριὰς,
3334 3216 3432 3279 τὰς
3468 3217 3605 3287 πρὸς
3644 3216 3782 3269 αὐτὸν

2191 3304 2195 3309 ’
2235 3309 2519 3370 οἰκετικὰς
2568 3307 2728 3369 δίκας
2781 3307 3061 3375 προσίετο.
3114 3306 3352 3378 Πότερον
3398 3307 3534 3376 γὰρ,
3571 3307 3781 3374 ἐλεγενό

2237 3403 2530 3471 μακάριος,
2565 3402 2662 3470 οὐχ
2690 3399 2766 3462 ώς
2794 3401 2891 3452 καὶ
2926 3397 3036 3465 ἐγὼ
3077 3399 3347 3469 ἐγενόμην
3375 3400 3433 3451 ἐν
3461 3401 3674 3469 γαστρὶ,
3702 3397 3782 3451 καὶ

2234 3496 2433 3548 ἐκεῖνοι
2480 3493 2819 3562 γεγόνασιν;
2854 3492 2916 3545 El
2957 3490 3005 3544 δ’
3058 3490 3187 3553 ίσως
3224 3490 3362 3561 αὐτὴ
3410 3491 3780 3562 παραπλησίως

2233 3584 2549 3653 λογίζεσθαι
2589 3585 2683 3637 καὶ
2715 3583 2897 3650 λέγειν
2941 3583 3056 3647 τοῖς
3093 3580 3187 3635 τοῦ
3212 3583 3426 3637 δικαίου
3475 3583 3596 3636 Ἰὼϐ
3638 3599 3778 3636 κατο-

2237 3681 2375 3738 κνεῖ,
2405 3675 2521 3729 ἀλλ’
2554 3675 2746 3746 ἔμοιγε
2787 3675 2905 3728 δότε
2942 3676 3142 3740 εἰπεῖν,
3186 3678 3237 3728 εἰ
3278 3676 3370 3729 καί
3407 3676 3776 3746 ἀντιστρόφωκ

2235 3771 2330 3823 καὶ
2361 3768 2635 3838 ἀνομοίως
2682 3768 2844 3838 ὃμοια
2866 3785 2882 3800 ’
2920 3768 3051 3839 παρ’
3084 3769 3211 3821 ὅσον
3241 3768 3362 3821 ἐκεῖ
3408 3768 3511 3838 μὲν
3539 3769 3779 3835 δεσπότης

2234 3862 2370 3935 πρὸς
2396 3862 2740 3932 θεράποντας
2771 3860 3144 3916 ἐπιεικεύετο·
3183 3853 3287 3916 ὧδε
3335 3861 3391 3914 δὲ
3421 3861 3557 3931 πρὸς
3595 3862 3782 3915 δέσποι-

2234 3975 2333 4011 ναν
2361 3956 2423 4009 τὸ
2474 3954 2872 4026 θεραπευτικὸν
2916 3953 3389 4025 παρῤησιάζομαι.
3427 3949 3507 4006 Ἦ
3539 3955 3644 4025 γὰρ
3678 3952 3780 4021 ούχὶ

2234 4050 2332 4105 καὶ
2369 4049 2512 4119 αὐτὴ
2535 4049 2682 4118 χειρί
2706 4045 2846 4101 Θεοῦ
2880 4046 3148 4111 ἔκτισται,
3184 4044 3262 4110 ὡς
3298 4045 3409 4115 ἐγὼ
3443 4050 3775 4116 πέπλασμαις

2235 4144 2311 4196 Ού
2342 4143 2452 4212 γὰρ
2483 4140 2549 4212 δὴ
2588 4141 2684 4195 καὶ
2713 4139 2775 4193 τὸ
2809 4139 3018 4208 κτίσμα
3044 4132 3185 4192 εἷναι
3229 4138 3365 4193 Θεοῦ
3407 4140 3778 4211 ἀπαρνήσεται,

2233 4236 2285 4290 εἰ
2312 4236 2408 4289 καὶ
2437 4235 2497 4287 τὸ
2547 4232 2774 4303 πλάσμα
2805 4231 2958 4294 ίσως,
2997 4231 3071 4295 ὡς
3116 4232 3261 4286 θεῖον
3305 4230 3439 4286 οῦσα
3480 4231 3776 4301 ἐμφύσημα,

2234 4326 2355 4379 οὐδὲ
2406 4322 2766 4393 κακοσχόλοις
2801 4321 3030 4393 ἀνδράσι
3078 4322 3469 4390 φενακισθεῖσα
3519 4321 3779 4391 πεισθήσε-

2233 4433 2350 4480 ται,
2382 4415 2535 4477 θείας
2559 4415 2751 4477 οὐσίας
2788 4408 2932 4467 εἰναι
2967 4414 3265 4485 ἀπόρροιαι,
3300 4413 3356 4466 οῖ
3382 4429 3446 4481 γε
3478 4414 3589 4484 ὅσῳ
3610 4410 3780 4480 σεμνύ-

2235 4523 2349 4561 νειν
2389 4506 2758 4571 ἐσπούδασαν,
2802 4505 3086 4574 ταυτοφυῆ
3129 4502 3209 4575 τῷ
3237 4503 3356 4574 Θεῷ
3390 4505 3777 4574 ἀποφαίνοντες.

550 4626 663 4675 τον,
694 4609 788 4661 καὶ
839 4605 1006 4660 ἐαυτό
1058 4620 1192 4658 ποτε
1245 4600 1542 4670 γνώσεται,
1601 4598 1698 4651 καὶ
1728 4595 1822 4650 τοῦ
1847 4596 2133 4666 παροινεῖν
2164 4602 2210 4659 ι)
2238 4597 2481 4670 τοσούτῳ
2511 4597 2940 4668 καθυϐρίζοντες
2966 4597 3172 4665 ταύτην
3210 4596 3522 4661 ἐλάνθανον,
3551 4596 3649 4660 ἕως
3677 4594 3781 4646 ἀλό-

551 4700 924 4766 πεπαύσεται,
977 4695 1290 4766 μεταϐαλὸν
1318 4692 1425 4746 ἀπὸ
1444 4690 1540 4745 τοῦ
1558 4690 1724 4743 ὅπλον
1755 4685 1897 4742 εἶναι
1923 4687 2134 4751 ἀδικίας

548 4797 632 4859 είς
658 4792 1015 4861 δικαιοσύνης
1046 4789 1246 4857 εὐφυὲς
1269 4786 1526 4855 ὄργανον.
1585 4781 1776 4843 Οὕτως
1807 4781 1868 4832 ού
1906 4780 2134 4834 στασιά-

546 4896 721 4957 ’σομεν
745 4885 840 4937 τοῦ
876 4880 1090 4946 λοιποῦ,
1131 4879 1243 4932 οὐδ’
1296 4876 1811 4947 ὲτεροζυγήσομεν·
1869 4874 2136 4943 ὁμόφρονι

548 4980 608 5033 δὲ
646 4975 926 5045 συμπνοία
955 4976 1024 5026 τὰ
1056 4972 1328 5025 σπουδαῖα
1362 4967 1887 5036 συνεκπονήσομεν,
1923 4965 2138 5017 3.2110:-

556 5072 910 5143 ραπεύσομεν
932 5069 1025 5121 τὸν
1057 5066 1420 5130 συζεύξαντα,
1443 5063 1541 5115 καί⁵
1573 5058 1989 5131 μνηστεύσομεν
2012 5059 2138 5111 ἐαυ-

551 5168 667 5228 τοῖς
694 5165 794 5231 τὴν
823 5161 1249 5232 ἐπηγγελμένην
1294 5156 1706 5227 μακαριότητα,
1734 5150 1799 5204 δι’
1827 5151 1981 5221 ὑμῶν
2004 5150 2140 5203 διαι-

552 5257 734 5327 τητῶν
773 5256 892 5325 ἃμα
920 5256 1016 5307 καὶ
1040 5251 1347 5322 πρέσϐεων.

626 5391 853 5447 ΕΤΕΡΔ
890 5388 1082 5444 ΜΕΛΕ
1100 5387 1202 5449 [Η.
1238 5387 1356 5440 ΚΑΙ
1407 5386 1596 5439 ΑΥΤΙΙ
1635 5375 2068 5437 ΔΝΤΙΘΕΤΙΚΗ

1144 5458 1546 5512 ΑΝΑΣΚΕΙἩ.

559 5598 739 5670 Τίνας
761 5601 835 5656 ἂν
862 5600 1017 5654 εἴποι
1042 5600 1267 5666 λόγους
1304 5593 1479 5663 Σῶμα
1516 5590 1670 5645 κατὰ
1728 5586 1941 5658 Ψυχῆς
1980 5589 2144 5642 δικα-

803 5693 1052 5763 ζόμενον
1070 5689 1199 5760 μετ’
1225 5687 1420 5755 αὐτῆς
1450 5685 1520 5738 ἐν
1552 5681 1892 5746 δικασταῖς.

630 5807 805 5877 Ὀσην
842 5804 943 5876 μὲν
969 5802 1129 5874 ὓϐριν
1160 5802 1255 5855 καὶ
1283 5798 1580 5869 λοιδορίαν,
1612 5797 1710 5851 καὶ
1740 5795 1903 5866 ἡλίκα
1950 5793 2141 5864 σκώμ-

564 5914 709 5966 ματα
741 5897 1141 5968 ξυμφορήσασα
1167 5891 1397 5963 κατέχεέ
1437 5909 1538 5963 μου
1570 5893 1600 5962 ἡ
1641 5890 1816 5961 σεμνὴ
1840 5888 2011 5959 ψυχὴ,
2045 5888 2143 5941 αύ-

2238 4706 2353 4758 γων
2391 4690 2489 4743 καὶ
2517 4690 2740 4759 θάμνων
2769 4688 2863 4742 καί
2890 4687 3095 4742 σικυῶν
3119 4687 3475 4756 κατάγοντες,
3505 4687 3597 4741 καὶ
3623 4686 3679 4738 οὐ
3701 4683 3781 4753 μό-

2226 4784 2330 4835 νον
2360 4782 2536 4851 αὑτὴν
2588 4781 2933 4850 ἀσυμμέτρῳ
2970 4782 3104 4849 τιμῇ
3153 4779 3247 4832 καλ⁸
3292 4780 3506 4849 ἀτιμίᾳ,
3538 4778 3663 4831 ἀλλὰ
3703 4775 3779 4826 καὶ

2236 4874 2336 4946 τὴν
2361 4874 2626 4928 ἀνωτάτω
2659 4873 2823 4940 φύσιν
2850 4872 3184 4943 ὑϐρίζοντες.
3221 4872 3437 4941 Ἐπειδὴ
3467 4874 3572 4940 γὰρ
3616 4866 3780 4938 βουλη-

2239 4968 2359 5039 θείη
2386 4966 2522 5020 ποτὲ
2554 4964 2688 5029 Θεδς
2719 4966 2924 5019 πλάσαι
2947 4965 3037 5018 τὸν
3066 4964 3352 5031 ἄνθρωπον
3373 4982 3387 4997 υ
3418 4963 3668 5017 ἀνακτέον
3688 4960 3778 5025 γέρ

2242 5078 2337 5132 μοι
2366 5061 2458 5113 τὸν
2494 5059 2652 5128 λόγον
2690 5063 2771 5120 εἰς
2795 5058 3008 5111 οἰκείαν
3031 5059 3207 5128 ἀρχήν
3234 5074 3250 5088 ·
3288 5058 3351 5109 ού
3394 5059 3459 5126 τῇ
3489 5058 3581 5124 γῇ,
3606 5054 3663 5106 οὐ
3685 5051 3776 5107 τοῖς

2241 5152 2433 5205 ῦδασιν
2464 5151 2758 5219 ἐξαγαγεῖν
2805 5149 2903 5203 καὶ
2944 5149 3153 5213 τοῦτον,
3198 5147 3273 5205 ὡς
3317 5148 3483 5202 τάλλα
3520 5145 3644 5215 γένη
3686 5139 3776 5193 τῶν

2240 5243 2398 5309 ζώων
2429 5243 2738 5307 ἐκέλευσεν,
2784 5242 2920 5296 ἀλλὰ
2962 5240 3092 5312 χοῦν
3121 5240 3321 5306 λαϐὼν,
3366 5236 3528 5301 αὐτὸς
3557 5235 3740 5289 ἔπλασε
3761 5243 3773 5259 ·

2241 5336 2340 5390 καὶ
2372 5334 2449 5397 ὡς
2478 5335 2511 5403 ἡ
2545 5332 2748 5395 πλάσις
2789 5331 3066 5398 θειοτέρα,
3097 5329 3238 5382 οὕτω
3262 5330 3357 5382 καὶ
3388 5328 3449 5380 τὸ
3472 5326 3651 5397 σχῆμα
3674 5319 3776 5374 τοῦ·

2245 5428 2346 5498 μὸν
2373 5425 2770 5496 ἀρχικώτερον.
2803 5424 2880 5478 Ού
2910 5422 3018 5493 γὰρ
3058 5421 3419 5492 τετρααελές
3460 5419 3554 5475 καὶ
3580 5412 3775 5485 πρηνὲς.

2241 5521 2485 5591 γαστέρα
2516 5520 2610 5573 καὶ
2640 5518 2884 5588 κεφαλὴν
2912 5519 3047 5588 πρὸς
3080 5517 3185 5587 γῆν
3208 5512 3555 5569 διατανυσθὲν
3584 5509 3672 5562 καὶ
3701 5521 3779 5557 κυ-

2242 5613 2452 5677 πτάζον
2488 5613 2600 5677 ἀεὶ,
2627 5611 2744 5666 ἀλλ’
2783 5611 2964 5680 ὄρθιον
2988 5610 3083 5662 καὶ
3106 5609 3226 5662 ὅλον
3258 5607 3546 5678 μετέωρον,
3590 5595 3778 5670 μικρηῖς

2247 5708 2344 5775 μὲν
2377 5705 2475 5757 καλ⁵
2507 5704 2679 5773 ἴχνεσι
2725 5701 3025 5768 πελμάτων
3070 5699 3217 5754 δυοῖν
3246 5697 3513 5768 ἐπιψαῦον
3552 5694 3647 5762 τῆς
3672 5687 3777 5755 γῆς.

2245 5795 2381 5864 ὑψθῦ
2407 5795 2464 5849 δὲ
2511 5793 2755 5862 κεφαλὴν
2797 5793 2993 5861 ἀνέχον
3025 5791 3122 5845 καὶ
3153 5790 3417 5845 ἀναπνέον
3463 5783 3665 5853 αίθρια,
3704 5789 3779 5829 και

2245 5883 2479 5955 οὐρανοῦ
2510 5884 2685 5954 κάλλη
2708 5881 3151 5951 καταθεώμενον,
3188 5881 3283 5934 καὶ
3318 5875 3517 5950 γυμνὸν
3547 5873 3640 5943 μεθ’
3660 5881 3777 5933 συμ-
