4020 6476
314 461 447 532 1361

1646 446 2225 512 ΡΙὶΟΞΟΡΟΡίΕΙίΕ.

3425 428 3570 499 ωδε

316 580 467 648 φυῶν
494 576 923 648 περιῶημάτων
953 572 1049 627 καὶ
1071 567 1472 643 προϐλημάτων
1497 564 1673 634 ψιλὸν,
1697 566 1883 633 χεῖρας
1915 570 1960 625 Α
1990 558 2409 627 συνιστάμενον,
2447 555 2498 609 τί
2531 570 2659 648 ποτε
2685 554 2793 648 ἄρα
2819 554 2916 608 καὶ
2953 553 3285 648 πλημμελῶ,
3318 556 3371 609 εί
3413 574 3560 626 φυσιν

319 675 505 743 μέντοι
554 667 1023 740 προϐεϐλημένον,
1072 664 1275 717 οἰκεῖον
1325 661 1519 730 λογικῇ
1568 659 1739 727 ψυχῆ,
1791 658 1893 709 καὶ

317 762 655 832 παντουργδν
701 760 777 823 ὡς
808 756 1137 828 τεχνουργδν
1175 754 1432 824 ὄργανον.
1476 749 1554 801 Δι’
1577 747 1758 802 αὐτῶν
1780 746 1891 815 γὰρ

319 855 685 924 ἀμφιέννυται
717 852 815 922 μέν
864 850 972 902 τῶν
1004 848 1309 917 είροκόπων
1349 844 1444 899 καὶ
1494 842 1892 910 τετανοτρίχων

320 944 719 1013 ἀπαθέστερον,
748 941 847 995 καὶ
877 940 987 994 τῶν
1018 940 1122 993 ὄτα
1154 937 1383 1007 βύρσας,
1414 935 1447 1004 ἦ
1486 933 1705 1003 φολίδας
1741 934 1895 987 αὐτο.

317 1035 468 1104 φυῶς
492 1034 862 1103 ἀμπίσχονται
891 1030 1195 1097 στεγανώτε
1206 1046 1319 1099 ρον,
1345 1028 1441 1080 καὶ
1470 1026 1580 1079 τῶν
1608 1026 1893 1096 εὐπτέρων

317 1122 548 1192 ὀρνίθων
580 1120 1078 1193 περικαλλέστερον
1104 1135 1119 1150 ·
1148 1118 1420 1172 ὥπλισται
1449 1117 1508 1169 δὲ
1535 1116 1894 1185 ἀμυντηρίοις

318 1214 710 1284 χειροκμήτοις
762 1212 1226 1281 ἐπικρατέστερον
1268 1210 1379 1264 τῶν
1408 1210 1601 1269 ὁπλαῖς
1635 1208 1668 1277 ἢ
1701 1207 1895 1276 κέρασι

323 1303 676 1374 μαχομένων,
708 1303 742 1374 ἢ
779 1303 959 1357 ὀδοῦσι
990 1304 1086 1357 καὶ
1111 1301 1314 1373 ὐνυξιν.
1354 1300 1510 1355 Οὕτω
1542 1300 1598 1353 δέ
1626 1316 1716 1369 μοι
1743 1298 1896 1368 φιλο-

318 1395 525 1464 τέχνως
575 1395 946 1464 πεπλασμένῳ
996 1394 1285 1448 ἐνέπνευσε
1315 1394 1411 1446 καὶ
1452 1392 1619 1462 πνοὴν
1663 1390 1808 1460 ζωῆς
1864 1390 1892 1442 ὁ

320 1488 479 1551 Θεὸς,
522 1488 621 1542 καὶ
658 1487 720 1540 τὸ
748 1488 807 1554 ἐξ
834 1488 1038 1557 ἀμφοῖν
1071 1487 1285 1554 κρᾶμα,
1314 1485 1603 1555 ἄνθρωπον
1627 1483 1722 1538 καὶ
1764 1482 1898 1535 ίδίαν

324 1579 510 1631 είκόνα
541 1578 822 1649 ὠνόμασε,
857 1580 952 1632 καὶ
972 1580 1163 1648 ἄρχειν
1196 1575 1378 1640 πεζῶν
1401 1593 1484 1641 τε,
1522 1577 1616 1628 καὶ
1661 1573 1896 1643 νηκτῶν,

325 1670 420 1722 καὶ
453 1670 672 1737 πτηνῶν
706 1669 940 1736 ἐπέταξε
968 1688 984 1702 σ
1020 1671 1118 1724 καί⁵
1144 1667 1258 1721 οὐτ’
1289 1667 1400 1734 ἐγὼ
1419 1668 1596 1737 ψυχῆς
1624 1666 1755 1719 ἄνευ
1787 1664 1902 1717 ότι-

327 1760 525 1814 ποτοῦν
557 1761 821 1831 πράττειν
875 1760 1145 1831 δυναίμην
1191 1762 1281 1824 ἀν,
1315 1757 1428 1811 οὔτ’
1469 1758 1535 1810 αῦ
1562 1757 1708 1827 ψυχὴ
1730 1756 1902 1826 χωρὶς

330 1852 489 1921 ἐμοῦ.
519 1853 730 1907 Αὐτίκα
757 1854 867 1925 γὰρ
920 1854 1266 1922 τούπίσημον
1296 1850 1390 1904 τοῦ
1432 1850 1553 1904 κατ’
1596 1849 1801 1911 είκόνα,
1840 1849 1903 1900 τὸ

326 1945 517 2012 ἄρχειν
541 1943 654 1997 τῶν
695 1943 849 2007 ζώων
887 1943 1155 2013 δηλονότι,
1209 1943 1326 2006 πῶς
1370 1942 1435 1995 ἂν
1462 1942 1605 2012 ψυχῇ
1632 1940 1763 2010 ψιλῇ
1801 1938 1904 1993 σώ-

333 2052 523 2103 ματος,
550 2035 585 2105 ἢ
631 2036 731 2103 τὴν
776 2035 949 2106 ἀρχὴν
1003 2034 1430 2104 κατωρθώθη,ῆ
1480 2034 1576 2086 καὶ
1626 2033 1907 2085 είσέπειτα

329 2128 642 2195 διεγένετο;
682 2128 806 2191 Πῶς
852 2128 920 2181 ἂν
951 2128 1117 2190 ἵππος
1151 2126 1435 2196 ἐπωχήθη,
1486 2124 1561 2196 μὴ
1601 2124 1710 2177 τῶν
1759 2123 1907 2192 ἐμῶν

331 2219 531 2290 χειρῶν
590 2220 1060 2290 χαλκευσαμένων
1114 2219 1352 2290 χαλινά;
1395 2219 1514 2280 Πῶς
1568 2218 1729 2287 ἔτεμε
1783 2215 1909 2286 βοῦς

329 2310 584 2376 αῦλακας
638 2310 715 2381 μὴ
767 2312 996 2363 τουτωνὶ
1046 2309 1464 2378 τεκτηναμένων
1513 2306 1654 2375 ζυγά
1694 2324 1755 2360 τε
1814 2307 1911 2360 καὶ

331 2404 577 2475 ἀροτρα;
609 2404 672 2455 Et
702 2402 743 2455 δ’
773 2403 989 2471 ἐπινοίᾳ
1029 2400 1209 2470 ψυχῆς
1240 2400 1467 2471 εῦρτιται
1497 2399 1705 2452 ταῦτα’
1753 2397 1912 2451 τοῦτο

335 2494 495 2564 κάγὼ
532 2496 733 2564 είριηκα
782 2493 900 2556 νῦν,
930 2492 1004 2553 ὡς
1052 2491 1316 2561 ἑκάτερον
1363 2490 1589 2559 θατέρου
1622 2490 1909 2558 δεόμενον⁹

334 2556 518 2656 ἐκείνη
553 2556 780 2645 ἐπινοεῖ,
814 2583 924 2651 ἐγὼ
959 2584 1019 2635 τὸ
1052 2556 1336 2652 ἐπινοηθέν
1361 2556 1651 2652 αὐτουργῶ
1673 2601 1684 2613 ·
1717 2556 1914 2658 θεωρεῖ

334 2677 430 2728 καὶ
455 2674 748 2744 προϐάλλει
800 2674 926 2733 τοὺς
963 2674 1246 2741 τεχνικοὺς
1293 2671 1484 2739 λόγους
1535 2673 1694 2745 αὐτὴ,
1733 2680 1915 2746 χεῖρες

336 2766 473 2833 ἐμαὶ
520 2764 654 2833 ὓλην
705 2766 935 2832 εὐεργὸν
988 2762 1413 2829 ὑποϐάλλουσαι,
1464 2766 1523 2815 τὸ
1557 2766 1914 2819 ἀνατυπωθὲν

335 2855 712 2924 είδοποίησαν,
757 2854 852 2907 καὶ
895 2852 1049 2906 οῦπω
1087 2852 1297 2917 δοῦλον,
1331 2853 1489 2922 εἰπερ
1528 2852 1603 2916 ὡς
1649 2853 1913 2926 δοῦλον,ἢ
1947 2890 1961 2904 .

333 2944 586 3013 ὄργανον,
614 2942 770 2996 ταῦθ’
807 2943 1089 3013 ὐπουργῶ,
1134 2942 1247 2995 ἀλλ’
1274 2942 1350 3005 ὡς
1385 2943 1645 2997 κοινωνὸν
1687 2943 1787 3013 τῆς
1815 2946 1915 2998 αὐ-

334 3035 432 3101 τῆς
477 3033 636 3099 ἀξίας
686 3032 763 3102 τῷ
793 3032 918 3087 κατ’
968 3034 1152 3086 είκόνα
1192 3033 1440 3103 συνεργῷ
1489 3036 1554 3104 τῇ
1590 3034 1758 3105 ψυχῇ,
1819 3037 1917 3090 καὶ

338 3124 611 3177 συναίτιόν
650 3125 768 3194 εἰμι
820 3123 929 3177 τῶν
978 3124 1185 3177 καλῶν.
1226 3123 1644 3195 Ἰσχυρισαίμην
1690 3128 1799 3197 γάρ
1853 3129 1917 3181 ἐκ

1990 650 2103 713 κῶς
2130 651 2315 703 σιτίων
2341 648 2436 703 καὶ
2478 647 2651 701 ποτῶν
2693 647 2914 716 ἐφίεμαι
2940 664 2956 713 ;
2994 648 3111 701 Τίνι
3137 648 3192 700 δε
3222 647 3379 718 ὕϐρει
3404 665 3565 718 προσ-

1989 744 2238 814 τρίϐεται
2266 745 2300 812 ἡ
2336 742 2503 813 ψυχὴ,
2541 740 3018 810 συνεκπορίζουσά
3044 758 3135 808 μοι
3160 741 3343 805 ταυτὶ,
3381 740 3568 811 ὥσπερ

1990 835 2091 886 οὐκ
2135 833 2401 886 ἐπαΐουσα
2430 833 2522 885 τοῦ
2550 832 2782 903 βοῶντος
2830 831 3149 895 ἀποστόλου,
3187 850 3207 883 ι
3239 832 3432 895 Οὐδεὶς
3476 832 3569 904 τὴι

1993 923 2185 977 ἐαυτοῦ
2209 924 2386 993 σάρκα
2412 925 2694 992 ἐμίσησεν,
2728 922 2846 974 ἀλλ’
2870 921 3144 992 ἐκτρέφει,
3173 924 3266 975 καὶ
3292 922 3486 975 θάλπει
3509 942 3523 987 ;
3549 942 3569 974 ι

1996 1014 2120 1076 Πῶς
2170 1013 2277 1083 γάρ
2312 1013 2379 1066 ἂν
2406 1013 2440 1083 ἢ
2494 1016 2595 1083 τὴν
2637 1013 2809 1081 ἀρχὴν
2882 1010 3114 1080 ὑπέστη,
3149 1011 3183 1078 ἢ
3233 1010 3370 1077 μετὰ
3404 1010 3571 1063 ταῦτα

1997 1102 2250 1171 συνέστη,
2286 1102 2387 1155 οὐκ
2432 1098 2806 1170 ἀποχρώντως
2834 1100 3195 1171 τρεφόμενον,
3235 1099 3376 1170 ὅπερ
3407 1099 3573 1162 εὐθὺς

1996 1193 2055 1244 ἐν
2088 1190 2275 1259 μήτρα
2324 1188 2723 1258 πλαττόμενον,
2764 1187 2854 1240 διά
2886 1186 2983 1239 τοῦ
3032 1186 3328 1256 λεγομένου
3362 1186 3573 1257 χορίου,

2000 1282 2100 1336 εἶτ’
2134 1278 2231 1334 οῦν
2262 1279 2531 1350 ὀμφαλοῦ,
2573 1282 2846 1349 τρέφομαι
2873 1279 2949 1348 τῷ
2994 1277 3324 1348 καταμηνίῳ
3354 1276 3573 1346 αἵματι,

1996 1372 2072 1436 ὡς
2105 1374 2271 1440 φυτὸν
2317 1372 2349 1441 ἢ
2380 1370 2658 1441 ζωόφυτον
2688 1387 2703 1437 ;
2749 1369 2989 1424 Ἐκεῖθεν
3019 1368 3077 1422 δὲ
3110 1361 3393 1440 προελθὸν,
3419 1366 3575 1437 τιθη-

1998 1464 2195 1533 νοῦμαι
2225 1464 2492 1531 γάλακτος
2520 1466 2777 1536 ἐπιρροῇ,
2806 1463 2910 1528 ἓως
2938 1465 3167 1518 ὀδόντων
3199 1465 3261 1518 ἐκ
3287 1464 3507 1533 φύσεως
3557 1477 3574 1493 ·

2000 1557 2142 1610 ἐπὰν
2175 1555 2230 1608 δὲ
2260 1557 2294 1625 ἡ
2347 1554 2613 1622 φιλόζωος
2646 1559 2810 1624 φύσις
2856 1556 3125 1628 ὀδοντὼσῃ
3158 1574 3249 1627 μοι
3293 1556 3356 1610 τὸ
3403 1555 3576 1625 στόμα

2000 1645 2151 1709 ὀξέσι
2190 1646 2285 1698 καὶ
2317 1645 2602 1714 πλατέσιν,
2633 1645 2775 1701 ὥστε
2824 1647 2918 1700 καλ¹
2952 1648 3174 1716 τέμνειν
3213 1649 3305 1702 καὶ
3347 1648 3579 1700 λεαίνειν

2004 1741 2227 1811 ῥαδίως,
2263 1738 2567 1807 τηνικαῦτα
2614 1738 2711 1792 καὶ
2761 1738 3259 1810 ἐπίστερῤοτέρων
3303 1738 3580 1807 ἐδωδίμων

2006 1831 2375 1901 παραπέμπει
2403 1831 2708 1902 τράπεζαν.
2739 1829 2924 1893 Οὕτως
2952 1828 3217 1899 ούσιὼδης
3247 1830 3360 1892 τοῖς
3394 1828 3578 1898 σῶμα·

2009 1939 2093 1975 σιν
2121 1923 2156 1993 ἡ
2188 1924 2386 1993 τροφὴ,
2432 1922 2528 1976 καὶ
2560 1922 2842 1992 συστοιχία
2867 1937 2881 1952 ο
2912 1921 3009 1975 καὶ
3058 1921 3174 1988 εἴγε
3208 1920 3283 1992 μὴ
3330 1918 3584 1972 πειστέον

2008 2016 2121 2076 τοῖς
2149 2015 2373 2082 λέγουσι
2426 2016 2523 2068 καὶ
2567 2014 2732 2068 λίθων
2779 2015 2957 2076 ἐνίους
2997 2013 3314 2084 τρέφεσθαι,
3349 2012 3483 2065 ἀλλά
3512 2013 3584 2082 τῇ

2010 2104 2264 2177 ἐνεργείᾳ
2304 2107 2648 2171 πιστευτέον,
2693 2105 2768 2168 ὡς
2805 2104 2961 2158 οὐδὲν
2990 2105 3098 2157 τῶν
3128 2102 3389 2175 ἐμψύχων
3419 2102 3583 2173 ἀτρο-

2012 2197 2111 2263 φόν
2151 2197 2322 2261 ἐστιν,
2356 2195 2429 2259 ῶς
2453 2195 2644 2265 δένδρα
2678 2195 2775 2249 καὶ
2803 2194 3044 2264 βοτάναι,
3083 2195 3178 2248 καὶ
3205 2177 3346 2262 φυτά
3381 2181 3589 2259 πάντα,

2010 2287 2107 2339 καὶ
2135 2286 2253 2350 ζῶα
2284 2287 2603 2341 παντοδαπά
2626 2303 2639 2316 ·
2686 2288 2736 2339 ει
2779 2287 2836 2339 δὲ
2869 2288 2966 2340 καὶ
2997 2285 3249 2356 δαίμονες
3290 2288 3381 2339 καὶ
3420 2285 3585 2339 ἀστέ-

2014 2397 2130 2449 ρες,
2161 2380 2209 2432 οἱ
2241 2377 2343 2449 μὲν
2381 2378 2536 2451 λοιϐῇ
2575 2395 2636 2432 τε
2676 2378 2869 2451 κνίσσῃ
2900 2395 2980 2444 τε,
3007 2380 3058 2431 οἱ
3101 2378 3159 2431 δὲ
3186 2376 3590 2447 ἅναθυμιάσεσι

2012 2475 2330 2542 τρέφονται,
2349 2471 2671 2542 Ἑλληνικῆς
2700 2470 2981 2533 ἐποποιίας
3025 2470 3125 2525 καὶ
3149 2467 3467 2538 φιλοσοφίας
3496 2468 3588 2521 λε-

2014 2561 2242 2631 γούσης,
2265 2563 2366 2615 οὐκ
2398 2560 2530 2631 ἐμοῦ
2560 2561 2747 2614 κλύειν
2784 2562 3075 2632 πάρεστιν.
3116 2560 3357 2615 Ἐκεῖναι
3389 2560 3498 2629 γὰρ
3524 2559 3588 2612 τὸ

2012 2654 2292 2722 δαιμόνιον
2343 2653 2512 2720 φῦλον
2564 2652 2825 2723 ὐλοχαρές
2863 2669 2924 2706 τε
2952 2652 3060 2705 ’καὶ
3106 2650 3363 2721 φιληδοῦν
3397 2650 3588 2716 ἐδόξαο

2017 2762 2140 2811 σαν,
2169 2747 2262 2799 καὶ
2299 2747 2411 2807 τοῖς
2449 2745 2683 2814 ἀστρασι
2714 2743 2894 2815 ψυχάς
2934 2743 3279 2813 ἐχαρίσαντο.
3333 2738 3491 2796 Οὕτω
3529 2740 3593 2794 δὲ

2017 2836 2253 2907 θρεπτοῦ
2310 2837 2512 2899 παντὸς
2566 2837 2718 2899 ὄντος
2751 2836 2998 2912 ἐμψύχου
3040 2836 3314 2910 σώματος,
3374 2835 3586 2904 ἀνάγκη

2017 2932 2126 2982 πᾶν
2162 2929 2259 2997 μὲν
2283 2928 2312 2982 ὃ
2350 2930 2416 2983 ἂν
2453 2928 2692 3000 ἔμψυχον
2730 2925 2765 3005 ᾗ
2801 2932 2896 2987 καὶ
2928 2931 3227 3003 τρέφεσθαι
3276 2933 3436 3000 φύτει
3493 2935 3590 2987 καὶ

2018 3017 2119 3089 ζῇν
2156 3018 2228 3072 ’δ
2279 3018 2336 3072 δέ
2376 3018 2451 3090 μὴ
2504 3019 2785 3092 τρέφεται,
2825 3019 2962 3090 μηδέ
3020 3021 3113 3091 ζῇ,
3173 3020 3293 3072 οὐδὲ
3345 3021 3590 3090 ἔμψυχον

1998 3105 2159 3162 ἐἶναι
2181 3108 2560 3184 τοῦτο.Ταύτῃ
2587 3111 2680 3164 καὶ
2695 3114 2723 3164 ὀ
2745 3112 2935 3181 Σωτὴρ
2960 3112 3018 3166 οὐ
3042 3112 3200 3180 μόνον
3222 3098 3315 3172 οὓς
3333 3113 3411 3174 είς
3445 3110 3591 3181 ζωὴν

338 3214 437 3281 τῆς
480 3215 758 3284 γραφικῆς
817 3214 1110 3284 ἀνθρώπου
1163 3214 1518 3283 φυσιολογίας
1569 3216 1915 3286 ὁρμώμενον⁹
1941 3221 1988 3285 C
2022 3202 2263 3271 ἐπανῆγε
2288 3202 2624 3273 θνήσκοντας
2655 3202 2859 3256 ἐσθίειν
2891 3201 3163 3265 ἐκέλευεν,
3193 3202 3329 3257 ἀλλά
3357 3202 3453 3256 καὶ
3491 3202 3592 3254 αύ·

342 3306 420 3374 μὴ
471 3305 538 3357 ἂν
574 3306 756 3376 ψυχὴν
818 3307 1008 3377 μόνην,
1054 3308 1193 3377 μήτε
1249 3307 1409 3376 σῶμα
1454 3307 1615 3374 μόνον
1660 3307 1915 3374 λέγεσθαι

338 3396 649 3466 ἄνθρωπον,
694 3396 833 3451 ἀλλά
876 3398 937 3449 τὺ
988 3400 1423 3469 συναμφότερον,
1464 3398 1523 3450 δν
1554 3399 1619 3471 δὴ
1665 3401 1763 3456 καὶ
1796 3401 1917 3456 κατ’

339 3488 523 3540 εἰκόνα
579 3489 940 3556 πεποιηκέναι
972 3489 1103 3551 Θεὸς
1154 3490 1372 3555 λέγεται
1403 3504 1418 3520 ⁸
1449 3490 1663 3561 ἀμέλει,
1694 3492 1768 3555 ὡς
1819 3492 1915 3546 τοῦ

342 3579 636 3650 ἀνθρώπου
694 3580 961 3643 κοινωνῶ,
999 3579 1142 3632 οὕτω
1174 3582 1391 3653 μετέχω
1421 3583 1638 3637 καὶτοῦ
1672 3584 1802 3636 κατ’
1826 3584 1918 3637 ἀν-

345 3670 566 3740 θρωπον
604 3671 935 3741 ἀξιώματος.
972 3669 1115 3727 Ἀλλ’
1147 3674 1247 3744 ἐμὲ
1284 3674 1383 3745 μὲν
1423 3672 1774 3748 τοιοῦτονρν,
1805 3674 1918 3727 δια-

342 3764 546 3831 γράφει
568 3761 671 3832 τῆς
700 3762 959 3835 τοιαύτης
998 3763 1302 3832 εὐγενείας,
1338 3767 1434 3819 καὶ
1465 3760 1553 3818 οἷα
1585 3766 1738 3820 νόθον
1779 3770 1917 3821 ἁπο-

341 3852 628 3924 κηρύττει,
666 3850 854 3910 δοῦλον
913 3856 1285 3922 ἀποκαλοῦσα,
1342 3858 1375 3927 ἡ
1430 3858 1683 3928 βελτίστη
1731 3859 1873 3929 ψυχή
1900 3875 1916 3891 ⁸

343 3945 548 4016 ἑαυτὴν
600 3946 657 4000 δὲ
703 3947 1007 4015 ἔμπνευσιν
1057 3947 1229 4014 θείαν,
1262 3949 1355 4001 καὶ
1412 3947 1664 4019 βασιλίδα
1695 3952 1790 4004 καὶ
1836 3951 1921 4005 δέ·

344 4056 572 4093 σποιναν
622 4037 780 4108 ἐμοῦ.
854 4037 962 4092 Καὶ
1017 4036 1163 4110 εἶχον
1221 4040 1321 4108 μὲν
1387 4040 1921 4113 ἐξεργαστικώτερον

343 4132 623 4197 ἐπεξιέναι
666 4131 745 4200 τῷ
780 4131 951 4201 τόπῳ,
984 4132 1081 4185 καὶ
1125 4132 1311 4184 πεῖσαι
1353 4133 1551 4203 μηκέτι
1595 4134 1783 4186 δοῦλον
1824 4152 1921 4189 κα-

345 4225 456 4275 λεῖν
484 4226 543 4275 τὸ
572 4223 886 4293 ὁμόδουλον,
912 4224 1007 4275 καὶ
1037 4224 1326 4293 συνάρχον,
1358 4225 1556 4293 ἀρετῆς
1580 4241 1637 4277 τε
1674 4225 1918 4295 μετέχον,

344 4316 441 4367 καὶ
468 4313 615 4385 ζωῆς
665 4318 763 4385 τῆς
803 4331 860 4367 τε
894 4314 988 4368 νῦν
1037 4315 1132 4367 καὶ
1172 4315 1270 4382 τῆς
1301 4317 1360 4367 ἐν
1396 4316 1572 4369 ἐλπίδι
1616 4317 1877 4387 κειμέιης
1904 4334 1917 4348 ·

343 4408 562 4478 ἀπόχρη
604 4407 662 4459 δέ
714 4406 808 4460 καὶ
846 4405 1081 4459 τοσαῦτα
1130 4406 1262 4476 παρ’
1305 4407 1434 4478 ὑμῖν
1483 4409 1680 4475 είπείν,
1723 4404 1803 4472 οἷς
1832 4412 1925 4464 ἐπὶ

342 4498 470 4561 τοὺς
500 4499 834 4568 άσκητικοὺς
877 4496 1074 4560 ἄθλους
1104 4497 1278 4551 ταῦτα
1325 4500 1683 4553 συνεϐάλλετο
1706 4502 1773 4556 τὰ
1804 4518 1925 4569 γεν-

2015 3298 2107 3361 τδς
2139 3297 2314 3351 θανὼν
2353 3296 2446 3351 καὶ
2484 3296 2740 3358 ἀναϐιοὺς
2776 3295 2946 3364 ἔφαγέ
2984 3312 3043 3349 τε
3083 3297 3180 3348 καὶ
3214 3295 3355 3358 ἔπιε,
3383 3296 3593 3365 τεκμή-

2022 3405 2136 3457 ριον
2165 3388 2361 3442 ἀλυτον
2385 3388 2477 3441 τοῦ
2508 3387 2802 3441 ἀναϐιῶναι
2830 3388 2891 3440 τὸ
2930 3387 3233 3458 θρεφθῆναι
3284 3388 3588 3457 τιθέμενος.

2022 3478 2129 3539 Καὶ
2159 3478 2316 3545 φύσις
2349 3479 2447 3547 μὲν
2476 3480 2509 3548 ἡ
2536 3479 2792 3549 σώτειρα,
2831 3477 3003 3540 οὕτως
3028 3473 3171 3548 αἷμα
3198 3478 3450 3546 σώματος
3473 3494 3595 3546 γενι·

2019 3568 2190 3630 νῶσα,
2234 3568 2329 3620 καὶ
2368 3568 2581 3637 τρέφει,
2615 3568 2826 3636 ἀστομα
2861 3568 2959 3637 μὲν
2992 3568 3067 3620 ἐτ’
3088 3568 3219 3622 ὄντα
3251 3571 3345 3619 καὶ
3377 3567 3595 3638 ἔμϐρυα

2019 3657 2087 3711 δι’
2137 3660 2384 3727 αἱμάτων
2415 3659 2733 3729 μητρικῶν·
2772 3660 2943 3730 νήπια
2990 3659 3044 3710 δέ
3085 3658 3439 3723 ἁνοδόντωτα,
3490 3659 3593 3725 γά·-

2021 3753 2177 3806 λακτι
2203 3767 2217 3782 ν
2244 3752 2601 3804 τελειωθέντα
2633 3751 2710 3811 δέ,
2762 3751 3059 3823 πανδαισίᾳ
3108 3750 3425 3822 παντοδαπῇ
3452 3765 3468 3783 ο
3498 3751 3594 3805 καὶ

2021 3843 2122 3896 οὐκ
2146 3843 2437 3912 αὐξόμενον
2467 3843 2564 3910 μὲν
2605 3843 2903 3910 τιθηνεῖται
2933 3843 3027 3895 καὶ
3049 3842 3390 3910 παιδοκομεῖ,
3412 3843 3596 3912 ἀκμά-

2024 3951 2127 3987 σαν
2157 3934 2214 3987 δὲ
2242 3936 2335 3986 καὶ
2368 3933 2596 3998 άναυξὲς
2619 3934 2720 4003 ἤδη
2753 3934 2978 4002 γεγονὸς
3003 3933 3260 3988 ἐπέλιπεν
3287 3949 3301 3963 ·
3335 3933 3473 3987 ἀλλὰ
3500 3935 3596 3987 καὶ

2021 4024 2127 4087 ἕως
2149 4025 2332 4093 γήρως
2365 4026 2458 4077 καὶ
2481 4024 2769 4093 πρεσϐείου
2791 4024 2865 4087 ὡς
2887 4026 3071 4094 ἀγαθὴ
3090 4026 3286 4095 τροφὸς
3308 4026 3596 4094 ἐμπνέοντι

2023 4116 2286 4186 πάρεστι,
2317 4117 2581 4186 μηδαμῶς
2608 4118 2977 4187 ἀφισταμένη,
3008 4117 3086 4189 μὴ
3104 4119 3342 4187 νύκτωρ,
3372 4115 3449 4187 μὴ
3476 4117 3598 4187 μεθ’

2021 4200 2260 4278 ἡμέραν.
2292 4209 2398 4261 Καὶ
2432 4207 2805 4262 καθευδόντων
2846 4209 2944 4277 μὲν
2993 4209 3102 4279 γάρ
3135 4209 3237 4281 οὐκ
3286 4211 3518 4280 ἀτρεμεῖ
3561 4212 3597 4281 ἡ

2024 4268 2291 4371 θρεπτικὴ
2318 4300 2545 4370 δύναμις
2566 4316 2582 4330 ο
2617 4300 2731 4354 ἀλλ’
2765 4268 3165 4372 ἀκοίμητοςῶξ
3191 4268 3371 4374 άγαθη
3397 4268 3600 4375 τροφὸς

2024 4392 2318 4458 ἐμπνέοντι
2372 4390 2631 4461 πάρεστι,
2667 4392 2742 4463 μὴ
2781 4393 2964 4461 ἀγαθά
3000 4395 3403 4465 ἐκπονουμένηο
3446 4396 3515 4447 τά
3541 4396 3599 4448 δέ

2024 4499 2088 4551 γε
2125 4482 2213 4536 διὰ
2260 4483 2531 4553 στόματος
2562 4483 2909 4553 ἀληλεσμένα
2938 4486 3004 4555 τῇ
3037 4486 3237 4555 γαστρὶ
3277 4485 3600 4553 ἐντιθέμενα

342 4595 472 4643 ναεα
513 4591 763 4657 σώματα,
794 4588 870 4649 ὥς
913 4605 973 4642 τε
1030 4590 1130 4660 οὐχ
1183 4591 1307 4644 ὅσον
1371 4592 1429 4643 ἐν
1470 4593 1549 4661 τῷ
1607 4594 1921 4660 παραυτίκα
1950 4598 1999 4657 D
2028 4575 2460 4638 καταπέττουσα,
2490 4576 2584 4627 καὶ
2616 4573 2981 4644 χυλοποιοῦσα
3015 4576 3113 4644 μὲν
3139 4576 3206 4630 τὰ
3232 4576 3447 4644 πρῶτα,
3475 4574 3597 4631 εἶτα

344 4682 737 4751 πνευματικῶν
788 4682 1147 4752 χαρισμάτων
1193 4682 1267 4746 ὡς
1321 4685 1785 4755 συμπεπονηκότα
1819 4701 1923 4736 πα-

348 4774 723 4842 ραπὲλαυσαν,
756 4772 893 4825 ἀλλὰ
922 4775 1017 4827 καὶ
1045 4775 1103 4827 ἐν
1145 4776 1212 4844 τῇ
1253 4775 1691 4845 προσδοκωμένη
1729 4774 1925 4843 παλιγ-

342 4867 568 4936 γενεσία
626 4868 745 4929 τοῖς
811 4867 1108 4935 μακαρίοις
1168 4867 1353 4918 αὐτῶν
1415 4866 1923 4936 συμϐασιλεύσουσι

346 4960 644 5029 πνεύμασι,
700 4960 793 5011 καὶ
841 4956 1314 5026 συνεκλάμψουσιν
1346 4957 1422 5020 ὡς
1463 4958 1492 5009 ὀ
1544 4958 1733 5028 ἥλιος·
1784 4958 1925 5030 πλὴν

346 5052 419 5103 οὐ·
440 5051 577 5103 πάνυ
608 5066 663 5103 τι
697 5049 829 5119 περὶ
870 5048 1063 5101 τούτου
1114 5048 1410 5117 διοίσομαι.
1446 5049 1699 5101 Καλείτω
1733 5051 1806 5112 ὡς
1838 5051 1926 5105 θε-

351 5143 506 5210 μιτὸν
539 5141 704 5210 αὐτῇ,
752 5140 1209 5210 κατεμφορείσθω
1248 5137 1350 5207 τῆς
1400 5138 1669 5204 ἐξουσίας,
1722 5139 1923 5206 ἀγέτω,

347 5232 586 5299 φερέτω,
634 5229 859 5301 χρήσθω
899 5245 992 5298 μοι
1047 5229 1151 5282 ὅτι
1189 5225 1257 5282 ἂν
1310 5227 1596 5297 βούλοιτο·
1648 5229 1807 5298 μόνον
1848 5231 1926 5301 μὴ

347 5322 650 5392 ἐγκαλείτω
686 5339 777 5391 μοι
807 5321 876 5374 τά
909 5320 1199 5384 ἀνεύθυνα,
1233 5320 1355 5391 μηδ’
1384 5320 1627 5373 ἀναίτιον
1665 5317 1724 5373 ὃν
1749 5321 1928 5375 αἰτιά-

347 5418 462 5469 σθω
503 5434 591 5486 με.
636 5417 937 5470 Ἠκούσατε
991 5415 1102 5485 γὰρ
1127 5408 1214 5467 οἷα
1264 5414 1617 5485 κατηγόρηκέ
1663 5430 1789 5483 μου,
1839 5399 1926 5482 ἐφ’

347 5503 429 5569 οἷς
458 5508 755 5578 τρέφεσθαί
796 5525 857 5560 τε
894 5507 988 5561 καὶ
1036 5505 1440 5577 ἀμφιέννυσθαι
1494 5505 1653 5572 ἀξιῶ,
1692 5507 1927 5577 ψυχικόν

353 5602 514 5669 μένον
545 5600 646 5663 ἐτι,
679 5598 1064 5668 καῖψυχικαῖς
1093 5599 1356 5667 δυνάμεσι
1398 5598 1798 5668 διοικούμενον,
1831 5599 1927 5651 καὶ

351 5691 511 5745 οὔπω
543 5693 620 5753 εἰς
645 5694 1017 5759 πνευματικὴν
1047 5690 1562 5761 μεταστοιχειωθέν.
1595 5692 1790 5744 Ἀλλου
1815 5690 1925 5761 γὰρ

354 5783 469 5854 βίου
495 5783 655 5835 τοῦτο
682 5783 777 5836 καὶ
808 5782 969 5851 ἄλλης
995 5782 1228 5851 διαίτης,
1254 5782 1329 5844 ῶς
1357 5798 1522 5849 φατιν
1546 5783 1597 5835 οἱ
1627 5800 1926 5854 παροιμια-

353 5874 640 5930 σταίσνῦν
695 5875 750 5927 δὲ
806 5876 1002 5943 ῥοὰδες
1052 5875 1110 5929 ὃν
1155 5876 1250 5928 καὶ
1309 5876 1617 5946 ἐρεκτικαῑς
1663 5876 1922 5948 δυνάμεσι

2027 4667 2083 4718 ἐν
2109 4665 2281 4735 ἥπατι
2311 4667 2611 4720 ἁνέλκουσα
2636 4667 2733 4719 καὶ
2755 4665 3147 4736 ἐξαιματοῦσα,
3192 4666 3449 4721 κάκεῖθεν
3479 4668 3598 4723 δια-

2026 4760 2336 4827 νεμητικῶς
2390 4761 2469 4822 είς
2508 4760 2615 4811 πᾶν
2669 4758 2857 4829 μόριον
2885 4757 2971 4812 διὰ
3016 4760 3126 4813 τῶν
3155 4757 3368 4829 φλεϐῶν
3413 4779 3614 4845 παρα..

2027 4855 2344 4923 πέμπουσα,
2379 4855 2476 4907 καὶ
2505 4855 2568 4906 τὸ
2598 4852 2939 4923 κατάλληλον
2967 4852 3183 4923 ἑκάστῳ
3216 4857 3615 4925 προσφύουσα.ἱ

2026 4946 2136 4999 Καὶ
2168 4946 2330 5017 χάρις
2379 4946 2518 5016 αὐτὴ
2559 4945 2731 5016 πολλὴ
2760 4947 2859 5015 τῆς
2889 4946 3019 5017 περὶ
3050 4947 3196 5017 ἡμᾶς
3232 4946 3614 5020 προμηθείας,’

2026 5039 2093 5092 δι’
2114 5033 2178 5112 ἦς
2208 5039 2245 5094 ἃ.
2271 5039 2367 5110 τὴν
2399 5040 2576 5111 ἀρχὴν
2600 5039 2780 5105 ἔτεκε,
2812 5038 2985 5092 ταῦτα
3019 5039 3114 5093 καὶ
3137 5041 3418 5095 εἰσέπειτα
3443 5042 3603 5111 στέρε-

2026 5150 2134 5202 γει,
2169 5136 2264 5185 καὶ
2292 5135 2395 5185 οὐκ
2440 5133 2504 5202 ἐᾷ
2533 5131 2858 5202 διαρρυῆναι
2906 5134 3030 5196 ταῖς
3080 5132 3457 5204 προσπλάσεσι
3490 5117 3616 5213 τῶνξ

2025 5225 2245 5295 τροφῶν
2280 5225 2646 5288 ἐπισκευάζου
2655 5240 2745 5277 σα.

2100 5314 2209 5367 Καὶ
2239 5313 2402 5385 φύσις
2453 5312 2574 5379 μὲν,
2620 5313 2696 5377 ὡς
2745 5314 2984 5387 εἴρηται,
3014 5316 3157 5371 οὕτω
3205 5316 3450 5383 πλάττει,
3506 5322 3606 5374 καὶ

2028 5403 2419 5478 προσπλάττει,
2469 5407 2563 5459 καὶ
2600 5407 2882 5478 συνίστησι
2905 5424 2921 5440 ο
2956 5408 3101 5479 ψυχὴ
3140 5409 3198 5462 δὲ
3247 5410 3464 5481 λογικὴ,
3508 5416 3603 5467 καὶ

2027 5498 2181 5552 ταῦτ’
2218 5500 2274 5552 ἐν
2310 5498 2524 5568 σώματι
2572 5499 2726 5566 οὖσα,
2767 5502 3177 5569 ἀντινομοθετεί
3208 5503 3274 5573 τῇ
3310 5501 3493 5571 φύσει,
3528 5506 3605 5569 ὡς
3680 5516 3684 5520 ‘

2028 5593 2163 5665 ἄλλη
2194 5593 2478 5662 τύραννος,
2515 5595 2612 5647 καὶ
2632 5591 2713 5655 οἷς
2753 5593 2855 5663 μὲν
2887 5593 2984 5664 τὴν
3023 5596 3300 5665 ἐφήμερον
3328 5599 3608 5668 ὁσημέραι

2029 5689 2178 5756 ζητῶ
2223 5685 2453 5757 τροφὴν,
2512 5688 2929 5757 γαστρίμαργον
2970 5685 3253 5756 ὀνομάζει,
3300 5689 3396 5741 καὶ
3447 5691 3606 5743 πίθον

2028 5782 2342 5851 ἄπληστον·
2380 5776 2462 5844 οἷς
2508 5782 2562 5834 δὲ
2597 5781 2774 5852 χαίρω
2810 5781 3163 5851 τρεφόμενον,
3193 5782 3469 5853 ἡδυπαθὲς
3512 5786 3610 5838 καὶ

2031 5872 2335 5943 φιλήδονον.
2388 5872 2612 5943 Τρυφὴν
2656 5874 2764 5942 γὰρ
2815 5872 2915 5941 τὴν
2970 5870 3175 5943 τροφὴν
3215 5872 3487 5945 ὁρίζεται,
3520 5875 3601 5927 διὰ
