4020 6462
239 465 244 468 _
349 393 486 459 1369

1697 381 2278 448 ΡΒΟΞΟΡΟΡίΕΙίΕ.

3457 373 3592 436 1370

345 515 670 578 φανήσεται.
696 507 763 560 δι’
790 500 866 560 ὧν
893 505 1190 575 ἀρυομένη,
1222 505 1316 557 καὶ
1351 503 1731 574 πιμπλαμένη,
1762 504 1921 558 έωλο-
1950 513 1988 570 Α
2024 506 2286 570 συνελεῖν,
2335 505 2428 560 καὶ
2472 507 2558 560 διὰ
2617 505 2862 576 βραχέων
2917 505 3284 575 παραστῆσαι,
3320 506 3392 567 ὡς
3423 505 3456 559 ἃ
3488 507 3590 576 μὲν

345 601 582 671 κρασίαν
632 600 821 670 ῶσπερ
857 600 1118 667 καταχέει
1175 613 1303 664 μου,
1357 598 1452 649 καὶ
1499 595 1918 664 ἐμπαροινεῖτά

346 695 621 761 οίσχιστα.
660 692 732 744 Σὺ
777 689 933 758 τάμά
979 689 1333 757 αἰσθητήρια,
1380 687 1472 740 καὶ
1505 687 1605 749 τὰς
1637 689 1695 739 ἐν
1735 689 1920 748 αὐτοῖς

349 785 612 853 δυνάμεις
645 784 824 850 λέγεις
863 781 1070 843 κακῶς,
1116 779 1393 850 χαράδρας
1433 779 1528 832 καὶ
1551 779 1793 847 φωλεοὺς
1826 778 1920 846 θη-

352 877 566 947 ριιῖιδεις
597 875 1032 944 ἐπονομάζουσα.
1063 873 1131 926 δι’
1156 866 1230 925 ὧν
1260 873 1328 924 τὰ
1358 871 1588 940 μέγιστα
1621 870 1682 924 εὖ
1713 886 1920 922 πεπον-

352 972 478 1024 θυῖα
515 966 688 1028 οὕτως
725 966 1101 1035 ἀγνωμονεῖς;
1137 964 1211 1017 Οὐ
1265 966 1381 1026 ταῖς
1417 963 1751 1034 μαθητικαῖς
1801 965 1921 1015 ἐπι-

355 1063 592 1132 στήμαις
644 1061 744 1112 ὅσα
791 1058 886 1112 καὶ
938 1056 1207 1127 γεφύραις
1260 1057 1352 1108 ἐπὶ
1401 1056 1499 1125 τήν
1542 1058 1598 1118 ἐς
1653 1055 1723 1108 τά
1755 1055 1922 1124 νοητά

357 1154 694 1223 πόρθμευσιν
729 1151 1026 1220 κέχρησαι;
1073 1148 1195 1211 Πῶς
1227 1143 1320 1200 οῦν
1351 1146 1552 1210 ταύτας
1605 1147 1704 1217 τὴν
1745 1145 1920 1216 ἀρχὴν

352 1248 419 1300 ἂν
447 1246 666 1316 ἐκτήσω
724 1245 895 1314 χωρὶς
923 1243 1032 1296 τῶν
1059 1242 1206 1310 ἐμῶν
1227 1239 1562 1311 αίσθήσεων;
1595 1235 1744 1310 τΑρα
1769 1241 1921 1308 ἀριθ-

356 1337 589 1408 μητικὴν
633 1338 729 1389 καὶ
784 1335 1090 1405 ἁρμονικὴν
1117 1333 1272 1404 ἔσχες
1314 1333 1380 1386 ἄν
1420 1349 1575 1395 ποτε,
1611 1331 1688 1402 μὴ
1751 1330 1922 1400 οὔσης

352 1428 518 1496 ἀκοῆς
538 1427 591 1496 ﬁ)
610 1427 742 1495 ,ἀριθ
751 1426 868 1494 μῶν
916 1423 1224 1491 ἀναλογίας,
1243 1421 1276 1492 ἢ
1294 1419 1656 1490 γεωμετρίαν,
1681 1418 1924 1489 ἢάστρο-

351 1520 564 1588 λογίαν,
598 1519 674 1588 μὴ
726 1516 1070 1585 φωτιζούσης
1119 1512 1406 1583 ὅψεωςοῆ
1460 1511 1774 1580 σφυγμικὴν
1829 1513 1924 1562 καὶ

359 1609 634 1680 ιατρικήν,
669 1609 745 1678 μὴ
775 1609 874 1676 τῆς
902 1606 1140 1676 άπτικῆς
1177 1604 1272 1659 καὶ
1310 1602 1612 1672 γευστικῆς
1643 1601 1922 1656 ὁδοποιού-

359 1722 458 1774 σης
490 1702 606 1767 σσί;
643 1701 774 1762 Ταῖς
815 1701 978 1768 ἐμαῖς
1005 1697 1186 1752 τοίνυν
1235 1697 1554 1764 αἰσθήσεσιν
1587 1693 1922 1764 ἀναιρουμέ-

359 1814 476 1858 ναις
523 1792 1078 1862 συνανατρεπομένων
1124 1789 1232 1843 τῶν
1283 1790 1393 1842 σῶν
1435 1787 1710 1857 γεφυρῶν,
1741 1787 1794 1840 τί
1843 1802 1923 1838 σοι

359 1842 960 1955 ᾁξζξε›,ᾀίζζῄᾇμὲι
981 1842 1087 1933 ναι
1131 1878 1356 1950 περὶτὰ
1399 1842 1631 1948 αι’σοήἑά
1665 1842 1928 1929 καλινδεῖ-
1957 1842 1998 1896 Β

364 1979 510 2044 σθαι,
543 1977 576 2046 ἢ
605 1976 739 2047 μηδέ
769 1974 973 2028 τούτων
1017 1973 1156 2034 ὅλως
1201 1969 1568 2040 ἐφάπτεσθαι,
1618 1967 1754 2038 μηδὲ
1801 1969 1928 2021 ὅσον

363 2071 464 2140 γῆς
499 2070 714 2140 ἔντερον
769 2067 1067 2123 ἀπολαύειν
1119 2062 1449 2133 αἰσθητικῆς
1479 2060 1652 2129 ζωῆς.
1697 2059 1930 2129 φυτικῆς

362 2164 421 2217 δέ
451 2165 618 2233 μόνης
644 2160 807 2228 τυχόν
835 2178 850 2226 ;
895 2160 985 2212 καὶ
1016 2157 1128 2210 τότ’
1160 2155 1226 2211 ἂν
1253 2154 1422 2216 ὅντως
1461 2154 1518 2208 ἐν
1549 2153 1797 2223 μνήματι
1836 2151 1931 2204 καὶ

361 2253 724 2323 δεσμωτηρίῳ
752 2251 995 2320 ἀλαμπεῖ
1027 2245 1521 2317 κατορωρυγμένη,
1552 2244 1648 2300 καὶ
1676 2241 1930 2311 σκυϐάλῳ

363 2347 494 2416 ὕλης
539 2345 905 2414 ἐγκαταδῦσα,
939 2341 1034 2394 καὶ
1071 2340 1177 2392 ίλύῖ
1225 2337 1390 2408 βυθοῦ
1439 2337 1770 2407 ἐμπαγεῖσα,
1821 2336 1926 2402 ήν-

364 2441 512 2504 τλεις
542 2437 740 2507 τυφλὸν
805 2435 918 2505 βίον
967 2431 1310 2494 ἀσπάλακος,
1340 2430 1374 2498 ἦ
1429 2444 1575 2489 τινος
1627 2425 1930 2494 ζωοφύτου,

367 2533 528 2602 μόνον
556 2548 624 2600 με
653 2525 1014 2599 περικειμένη
1036 2524 1110 2586 ὡς
1138 2521 1277 2591 αὑτὴ
1300 2519 1605 2589 κωμῳδεῖς,
1635 2517 1930 2586 όστρεῶδες

368 2623 712 2694 περίόλημα.
751 2619 864 2674 Νῦν
893 2618 950 2670 δέ
975 2616 1089 2671 ἀλλ’
1119 2613 1228 2682 ἐγώ
1263 2630 1323 2666 σε
1345 2611 1453 2666 ἀπὸ
1479 2610 1746 2679 γενέσεως
1777 2609 1934 2664 ἀϐλε-

370 2713 612 2768 πτοῦσαν
638 2714 717 2772 είς
745 2707 946 2779 γνῶσιν
973 2706 1314 2776 ὠμμάτωσα,
1335 2703 1426 2758 καὶ
1447 2699 1732 2771 φιλοσοφία
1759 2715 1932 2768 προσ-

367 2809 595 2876 ήγαγον,
647 2802 743 2854 καὶ
797 2798 1038 2866 γεύσασα
1064 2795 1158 2851 τοῦ
1201 2794 1398 2864 φωτὸς,
1431 2792 1638 2846 δέδωκα
1667 2791 1736 2844 δι’
1765 2789 1930 2844 αὑτοῦ

368 2892 793 2964 ἐνοπτρίσασθαι
825 2889 924 2960 μέν
959 2888 1061 2956 γῆς
1096 2885 1282 2955 πῆξιν,
1316 2882 1474 2954 χύσιν
1510 2881 1809 2951 θαλάσσης.
1835 2881 1929 2933 ού-

370 2984 534 3056 ρανοῦ
593 2979 916 3050 σφαίρωσιν,
957 2976 1054 3032 καὶ
1091 2975 1158 3028 τά
1210 2976 1268 3026 ἐν
1313 2971 1530 3042 οὐρανῷ
1572 2972 1752 3024 πάντα
1798 2967 1930 3031 θαύ-

371 3073 682 3149 ματαοτῆς
714 3071 771 3123 δέ
821 3068 908 3122 διὰ
963 3068 1180 3127 πάντων
1231 3064 1556 3131 ἐναρμονίου
1607 3059 1934 3129 συμφωνίας

2020 597 2361 666 ἐγκαλοῦμαι
2395 597 2530 667 πρὸς
2555 599 2652 666 τῆς
2682 597 2882 667 ψυχῆς,
2913 597 3182 657 πεπονθός
3209 599 3328 663 είμι
3362 595 3587 663 μᾶλλον,

2018 691 2052 761 ἢ
2094 690 2355 761 δεδρακὸς
2383 705 2396 720 ·
2453 692 2490 743 ἂ.
2528 688 2586 742 δέ
2622 690 2764 759 δρῶν
2797 692 2913 758 ειμι
2949 688 3092 743 κατά
3144 688 3307 757 φύσιν
3342 689 3436 740 καὶ
3467 705 3594 741 συν-

2019 781 2185 852 δρῶν,
2247 779 2428 834 ταῦτά
2455 782 2582 835 εἰσι.
2643 781 2754 848 Τῆς
2805 780 3125 848 φιλοσοφίας
3161 780 3268 848 γάρ
3322 779 3390 832 δι’
3413 773 3480 850 ἧς
3511 781 3592 839 εἰς

2019 872 2153 926 Θεδν
2183 871 2518 942 ἀναγόμεθα,
2568 871 2894 942 σχιζομένης
2941 873 3021 934 εἷς
3045 889 3104 925 τε
3139 875 3199 924 τ’)
3235 872 3464 943 θεωρεῖν
3496 872 3593 925 καὶ

2023 963 2510 1034 πρακτικεύεσθαι,
2547 966 2596 1016 εί
2657 963 2756 1032 μὲν
2794 964 2885 1016 τὸν
2923 963 3202 1034 θεωρητὴν
3236 964 3350 1033 βίον
3378 962 3597 1031 ἅγαπή-

2025 1073 2157 1119 σειε,
2186 1056 2253 1110 δι’
2286 1057 2421 1126 ἐμοῦ
2445 1057 2541 1110 καὶ
2569 1054 2786 1125 φύσεως
2808 1055 2944 1126 ἔργα
2972 1055 3344 1117 διοπτάνεται,
3377 1057 3473 1108 καὶ
3503 1055 3594 1107 διὰ

2024 1149 2132 1204 τῶν
2169 1149 2571 1218 μαθηματικῶν
2624 1149 2879 1220 γεφυρῶν
2919 1151 2998 1211 εἰς
3029 1150 3100 1202 τὰ
3141 1149 3306 1218 νοητά
3331 1135 3592 1216 διαπορθ-

2028 1241 2277 1313 μεύεται,
2301 1245 2411 1304 ,καὶ
2441 1241 2774 1304 τελευταῖον,
2830 1242 2860 1294 ὃ
2893 1257 3091 1310 φασιν,
3131 1242 3210 1301 είς
3239 1240 3401 1292 αὐτὴν
3429 1256 3597 1290 πετα-

2025 1335 2212 1387 σθείσα
2247 1333 2339 1385 τὸν
2367 1333 2578 1404 βατῆρα
2601 1333 2701 1404 τῆς
2731 1333 3010 1400 θεολογίας
3047 1333 3396 1386 ἀνεπαύσατο
3417 1349 3431 1364 ο
3460 1335 3508 1388 εί
3538 1334 3596 1387 δέ

2024 1425 2130 1494 πρὸ
2159 1425 2268 1479 τῶν
2295 1423 2648 1494 θεωρητικῶν
2676 1425 2937 1494 γεφυρῶν
2984 1425 3085 1494 τὴν
3128 1424 3443 1494 πρακτικὴν
3501 1426 3597 1492 θή-

2025 1531 2138 1566 σειε
2163 1515 2429 1584 κλίμακα,
2459 1515 2699 1569 ἐνταῦθα
2723 1515 2823 1569 καὶ
2856 1514 3058 1584 μᾶλλον
3089 1516 3191 1582 ἐμὲ
3229 1516 3413 1576 πόνοις
3441 1515 3594 1576 ίδίοις

2024 1597 2391 1678 ἐπιϐαθρεῦον
2422 1606 2666 1677 εὑρίσκει
2693 1607 2790 1671 τὰς
2829 1607 3008 1668 πάσας
3040 1606 3302 1675 βαθμίδος
3324 1606 3434 1658 τῶν
3457 1607 3596 1673 πρά-

2025 1698 2160 1764 ξεων
2179 1713 2194 1728 ο
2223 1699 2362 1751 εἴπω
2393 1699 2454 1751 τὸ
2485 1699 2575 1752 ἐπὶ
2612 1699 2769 1761 πᾶσι,
2799 1698 2867 1751 δι’
2899 1699 2997 1768 ἐμέ
3019 1701 3048 1751 ὁ
3081 1697 3255 1768 βραχύ
3277 1714 3328 1749 τι
3351 1696 3484 1766 παρ’
3500 1699 3597 1764 ἀγ-

2026 1789 2219 1857 γέλους
2245 1789 2626 1859 ὴλαττωμένος
2662 1789 2970 1859 ἄνθρωπος,
3023 1783 3315 1856 παραπόλύ
3346 1806 3398 1840 τι
3429 1789 3598 1854 ἀγγέ-

2028 1884 2134 1935 λων
2166 1884 2442 1954 διήνεγκε.
2479 1882 2576 1944 Τίς
2603 1882 2713 1951 γὰρ
2747 1883 2815 1936 ἂν
2841 1882 3092 1950 ἀγγέλων
3133 1880 3386 1951 δυνηθείη
3427 1882 3599 1950 μιμή-

2031 1973 2229 2026 σασθαι
2253 1975 2388 2028 Θεοῦ
2414 1973 2586 2043 πάθη,
2618 1977 2711 2027 καὶ
2735 1973 2986 2038 θάνατον,
3012 1973 3088 2034 ὡς
3113 1972 3398 2043 ἄνθρωπος
3451 1971 3598 2024 δεδύο

2030 2085 2231 2136 νηται;
2282 2067 2351 2118 δι’
2417 2067 2518 2135 ἐμέ
2560 2065 2732 2136 δήπου
2796 2065 3084 2135 ξεόμενον,
3145 2062 3595 2132 στρεϐλούμενον,

2031 2156 2525 2227 κρεουργούμενον,
2551 2158 2701 2219 τέλος
2734 2157 3156 2226 θανατούμενον,
3185 2155 3282 2208 καὶ
3299 2153 3376 2223 τῷ
3401 2154 3598 2206 τεθεω-

2033 2251 2180 2319 μένῳ
2204 2247 2298 2302 τοῦ
2331 2249 2582 2318 Σωτῆρος
2620 2249 2835 2317 σώματι
2870 2245 3388 2317 συμμορφούμενον,
3449 2245 3508 2296 ἐν
3557 2237 3601 2309 ᾧ

2031 2342 2126 2394 καὶ
2145 2340 2243 2410 τὴν
2289 2341 2566 2410 ἁμαρτίαν
2595 2341 2941 2408 κατέκρινεν,
2993 2339 3082 2390 ἵνα
3109 2337 3171 2390 τὸ
3202 2335 3478 2404 δικαίωμα
3503 2336 3598 2387 τοῦ

2029 2429 2167 2482 Θεοῦ
2195 2429 2459 2501 πληρωθῇ
2513 2431 2571 2481 ἐν
2621 2431 2776 2498 ἡμῖν.
2837 2428 2992 2481 Ἐπεὶ
3036 2428 3091 2480 δέ
3139 2428 3235 2480 καὶ
3267 2427 3599 2480 πυνθάνεταί

2035 2539 2134 2590 μου
2154 2523 2188 2591 ἡ
2208 2521 2376 2590 ψυχὴ,
2404 2523 2558 2587 ποτε,
2586 2521 2684 2572 καὶ
2713 2522 2771 2572 ἐν
2796 2522 2902 2573 τίνι
2929 2520 3038 2571 τῶν
3060 2518 3284 2587 ἡλικιῶν
3313 2517 3595 2584 ὑποταγῆς

2031 2613 2120 2664 ναί
2145 2611 2195 2664 οἱ
2223 2609 2481 2681 δύναμαι,
2518 2609 2628 2676 ἐγὼ
2665 2609 2832 2681 μηδὲν
2889 2609 3162 2679 μελλῆσαν
3193 2606 3600 2676 ἀποκρινοῦμαι

2031 2704 2202 2766 οὕτως
2251 2703 2543 2767 ἁπλοϊκῶς,
2604 2703 2713 2755 Καὶ
2743 2702 2870 2755 πότε
2910 2701 2968 2754 ού
3000 2700 3257 2767 δύναμαι,
3288 2701 3427 2752 κάπὶ
3457 2701 3602 2762 τίνος

2030 2796 2138 2849 τῶν
2167 2795 2394 2865 ἡλικιῶν
2416 2795 2476 2847 ού
2509 2793 2779 2864 κατήκοόν
2805 2795 2921 2864 είμι
2946 2795 3076 2865 πρὸς
3100 2793 3128 2845 ὂ
3159 2794 3225 2845 ἂν
3259 2793 3396 2860 αὐτή
3433 2808 3574 2844 σπου
3592 2819 3604 2831 -

2031 2888 2200 2951 δαῖον,
2243 2887 2354 2939 είτε
2408 2884 2616 2954 φαῦλον
2646 2883 3040 2954 παρακαλοῦσα
3090 2884 3312 2953 ἡγῆται,
3343 2882 3417 2944 ώς
3445 2883 3604 2950 δῆλον

2033 2981 2097 3032 ἐκ
2125 2979 2232 3032 τῶν
2260 2977 2486 3048 τεχνῶν.
2510 2977 2793 3046 Φιλολόγον
2821 2976 3013 3046 ἔλαχον
3033 2975 3212 3047 ψυχὴν
3245 2975 3342 3029 καὶ
3369 2975 3604 3043 φιλόκα-

2033 3068 2162 3142 λον;
2217 3068 2426 3136 ’ἐπομαι
2490 3068 2890 3136 παιδαγωγοῖς,
2942 3067 3294 3128 διδασκάλοις
3318 3064 3605 3132 πείθομαι,

367 3171 458 3222 τὸν
489 3161 871 3235 γενεσιουργὸν
921 3159 1210 3227 ἀλαλήτοις
1263 3154 1524 3224 φθόγγοις
1572 3151 1932 3224 περιᾳδούσης
1961 3169 2004 3226 c
2038 3159 2391 3231 προσεδρεύω
2439 3159 2773 3228 διατρισαῖς.
2805 3161 2913 3212 Καὶ
2937 3160 2988 3211 τί
3036 3159 3146 3211 τῶν
3176 3157 3478 3226 ἐλευθέρων
3510 3159 3606 3210 καὶ

369 3255 840 3328 ἐπακροάσασθαι,
891 3251 984 3306 καὶ
1023 3251 1111 3303 διὰ
1162 3248 1425 3319 μεγέθους
1485 3245 1798 3314 κτισμάτων
1844 3245 1937 3298 καὶ

369 3353 619 3414 κάλλους,
646 3348 739 3402 καὶ
767 3347 1038 3413 κινήσεως
1078 3341 1374 3411 εὐρύθμου,
1411 3340 1472 3391 τὸ
1523 3337 1704 3391 κινοῦν
1746 3337 1938 3405 ἀκινή-

369 3461 498 3504 τως,
527 3441 622 3494 καὶ
655 3438 873 3507 πρῶτον
917 3434 1082 3488 καλὸν
1119 3429 1586 3492 και-αὐτοκάλλος
1634 3427 1934 3494 ἐφάντασα,

372 3535 467 3587 καὶ
494 3533 606 3584 οἴου
639 3525 951 3598 ἀρχετύπου
978 3525 1212 3592 γέγονας
1258 3523 1380 3575 κατ’
1410 3521 1597 3576 εἰκόνα
1627 3520 1933 3588 ἀνέμνησα.

374 3625 566 3676 Καίτοι
614 3619 668 3671 τί
700 3617 890 3669 τούτου
939 3613 1140 3682 γένοιτ’
1177 3613 1244 3664 ἂν
1289 3611 1435 3680 ψυχῇ
1483 3608 1935 3677 τιμαλφέστερον,

371 3711 505 3763 θεὸν
535 3706 812 3776 εὑρίσκειν
851 3704 943 3759 διὰ,
962 3702 1067 3754 τῶν
1100 3701 1441 3770 φαινομένων
1486 3697 1645 3767 ἐμαῖς
1682 3695 1941 3765 αἰσθήσε-

373 3820 499 3869 σιν;
536 3803 612 3855 Ού
643 3801 804 3867 μόνον
831 3797 886 3850 δὲ
915 3798 986 3850 τά
1021 3795 1213 3864 πρῶτα
1245 3791 1417 3854 οῦτως
1461 3791 1555 3844 ἐπὶ
1599 3789 1731 3843 Θεὸν
1764 3788 1940 3842 ἄνεισι

369 3897 438 3949 δι’
471 3895 626 3964 ἐμοῦ,
657 3891 791 3946 ἀλλὰ
823 3890 916 3942 καὶ
945 3887 1329 3941 ἀποπίπτουσα
1366 3880 1522 3946 Θεοῦ,
1561 3880 1627 3934 δι’
1661 3878 1796 3949 ἐμοῦ
1835 3878 1940 3937 πά-

371 3989 457 4046 λιν
496 3985 759 4040 ἐπάνεισι.
791 3984 870 4035 Δι’
903 3981 1004 4050 ἐμὲ
1039 3979 1144 4048 γάρ
1178 3977 1462 4046 μετανοίας
1489 3973 1584 4027 καὶ
1609 3971 1937 4042 συγγνώμης

373 4081 538 4138 τόπον
578 4072 733 4146 εὗρεν
756 4091 772 4107 ο
805 4076 853 4126 εἰ
876 4074 984 4140 γάρ
1008 4067 1074 4142 ἦν
1103 4069 1308 4138 ἀζυγής
1333 4066 1466 4136 ἐμοῦ
1497 4064 1592 4119 καὶ
1627 4064 1936 4134 ἀσώματος,

371 4173 480 4228 οὐδ’
508 4172 574 4224 ἂν
603 4169 702 4238 τὴν
739 4167 914 4235 ἀρχὴν
953 4161 1064 4232 εἶχε
1097 4163 1375 4232 μετανοεῖν
1419 4157 1828 4228 ἁμαρτάνουσα,
1865 4155 1940 4216 ὡς

372 4263 492 4316 ούδέ
523 4260 572 4313 οί
597 4255 1035 4314 καταπίπτοντες
1063 4249 1315 4319 ἄγγελον
1349 4249 1440 4302 νῦν
1464 4248 1520 4302 δὲ
1553 4247 1650 4300 καὶ
1675 4247 1826 4300 τουτὶ
1849 4247 1940 4302 τά-

2043 3252 2381 3322 μαθημάτων
2406 3250 2744 3320 τυπούμενον
2767 3254 2867 3302 οὑκ
2894 3251 3233 3319 ἐκμάττομαι
3261 3267 3276 3316 ;
3307 3249 3474 3302 Πάλιν
3503 3248 3606 3318 βάι

2041 3361 2238 3397 ναυσον
2264 3345 2654 3412 κεκλήρωμαι;
2688 3341 3010 3408 διδάσκομαι
3052 3338 3211 3403 αὖθις
3239 3341 3604 3404 τεκτονεύειν,

2037 3436 2071 3504 ἢ
2101 3435 2423 3501 λιθοδομετν,
2477 3435 2510 3503 ἢ
2544 3433 2831 3503 χαλκεύειν
2861 3433 2948 3485 ἐπ’
2978 3431 3184 3500 ἄκμοσι
3231 3432 3606 3500 βαρυκτύποις

2037 3526 2267 3596 ἐστηκός
2289 3525 2360 3594 ’ἢ
2394 3529 2504 3587 τοῖς
2531 3525 2660 3594 περὶ
2693 3525 2793 3591 γῆν
2825 3524 3042 3592 ἱδρῶσιν
3073 3523 3511 3594 ἐλλιμνάζεσθαι,
3570 3525 3604 3593 ἦ

2038 3612 2173 3678 πρὸς
2203 3612 2437 3682 ἀνέμους
2463 3610 2690 3682 ἀγρίους
2717 3612 2813 3665 καὶ
2842 3613 3149 3682 μαινόμενα
3173 3613 3397 3682 κύματα
3430 3631 3606 3682 παρα-

2040 3703 2359 3757 εάλλεσθαιο
2389 3702 2561 3756 ἐνίοτε
2589 3704 2683 3756 καὶ
2709 3705 2787 3766 είς
2825 3704 2986 3770 βυθὸν
3021 3705 3173 3758 κάτω
3204 3706 3349 3774 κὰηοα
3377 3708 3607 3776 νηχόμε-

2041 3811 2130 3846 νον
2164 3794 2421 3863 φέρομαι,
2446 3794 2540 3846 καὶ
2568 3794 2972 3862 στρατιωτικῶς
3000 3794 3326 3865 βαλλόμενον
3345 3797 3439 3847 καὶ
3460 3800 3606 3865 ἐρει-

2040 3882 2268 3951 κόμενον
2293 3882 2501 3954 πάσῃσι
2532 3881 2750 3953 βολῇσιν
2773 3884 2990 3952 ἀντέχω
3015 3900 3030 3912 ⁸
3065 3884 3153 3936 ἵνα
3180 3883 3256 3954 μή
3272 3885 3416 3952 λέγω
3438 3888 3607 3939 ὁπόσα

2044 3978 2453 4045 ματαιοτεχνεῖν
2492 3975 2815 4045 βιαζόμενον
2871 3975 3355 4046 παιδοτριϐοῦμαι,
3386 3979 3475 4029 ὅτε
3505 3993 3608 4029 κα-

2039 4066 2296 4134 ταράτοις
2326 4066 2752 4134 θαυματοποιοῖς
2789 4067 3185 4136 ὑποκείσομαι,
3234 4071 3332 4122 καὶ
3360 4071 3608 4123 διδάσκο-

2044 4174 2141 4226 μαι
2176 4158 2271 4210 ἐπὶ
2316 4158 2528 4225 σχοίνου
2581 4156 2856 4226 μετεώρου
2921 4159 3270 4231 ἀκροϐατεῖν,
3329 4162 3422 4216 καὶ
3467 4164 3608 4216 κατὰ

2045 4247 2213 4318 ξιφῶν
2254 4249 2557 4319 ὀρχεῖσθαι,
2614 4250 2710 4302 καὶ
2749 4251 3036 4321 κυϐιστᾷν,
3088 4253 3179 4304 καὶ
3213 4251 3409 4305 λιθίδια
3440 4271 3610 4307 καταο

374 4353 540 4424 γαθον
580 4344 905 4418 κεχάρισταί
945 4344 994 4396 οί
1015 4343 1103 4395 διὰ
1125 4341 1223 4411 τὴν
1269 4339 1408 4411 ἐμὴν
1438 4337 1705 4404 σύζευξιν.
1747 4335 1943 4390 Ἠλίκα
2044 4340 2349 4412 ϐροχθίζειν
2375 4341 2472 4394 καὶ
2506 4341 2760 4410 σιδήρια·
2794 4342 2889 4394 καὶ
2923 4344 2974 4396 τί
3008 4344 3117 4396 τῶν
3146 4342 3290 4396 οῦτω
3311 4344 3500 4399 δεινῶν
3522 4346 3608 4397 καὶ

373 4446 484 4515 γάρ
517 4442 604 4508 ἂν,
639 4439 729 4492 καὶ
753 4438 854 4491 ὅσα
905 4435 1069 4503 αίσχη
1103 4430 1499 4502 προσμάξαιτο,
1533 4428 1620 4486 διὰ
1659 4428 1768 4482 τῶν
1795 4427 1944 4496 ἐμῶν
1973 4498 2014 4515 ἢ
2045 4432 2328 4502 σχετλίων,
2355 4431 2452 4484 καὶ
2473 4431 2647 4494 ἄλλως
2670 4431 2972 4502 δυσέργων,
3000 4435 3063 4486 ἐκ
3089 4435 3373 4505 παιδαρίου
3405 4452 3610 4503 γυμνα-

377 4536 617 4607 ίδρώτων
654 4530 1032 4599 ἀποσμήχεται
1060 4525 1256 4586 ταῦτα,
1286 4523 1383 4578 καὶ
1421 4521 1941 4592 καταλαμπρύνεται
1973 4498 2017 4554 D
2048 4524 2273 4594 ξάμενον
2315 4523 2377 4576 οὐ
2408 4523 2772 4592 τελεσιουργῶ
2792 4564 2806 4589 ,
2849 4525 2944 4577 καὶ
3003 4523 3250 4594 ἀκμάζον
3279 4527 3377 4595 μὲν
3411 4526 3610 4594 φιλοτι.

373 4631 550 4700 χιόνος
581 4623 927 4692 λευκότερον.
976 4617 1149 4688 ’Υπὲρ
1183 4617 1365 4669 πᾶσαν
1404 4615 1510 4684 γὰρ
1541 4613 1680 4665 πόαν
1719 4609 1942 4663 πλυνόν-

374 4736 506 4784 των,
561 4716 659 4771 καὶ
695 4714 827 4781 παρ’
861 4711 1010 4765 ἅπαν
1063 4709 1318 4772 ὑσσώπου
1367 4703 1844 4777 περιρραντήριον,
1883 4701 1944 4751 τὸ

373 4810 646 4882 ἀπορρέον
675 4806 785 4860 τῶν
811 4803 981 4872 ἐμῶν,
1004 4803 1076 4863 ῶς
1107 4802 1173 4854 ἂν
1203 4799 1339 4868 αὑτὴ
1369 4798 1466 4867 μὲν
1500 4795 1734 4858 καλέσοι,
1768 4809 1943 4864 χαρα-

372 4901 519 4969 δρῶν
540 4915 553 4929 ⁸
586 4897 662 4958 ὡς
691 4895 736 4949 δ’
775 4894 886 4962 ἐγώ
919 4908 1084 4960 φημι,
1139 4889 1359 4958 κρηνῶν
1398 4887 1605 4942 διειδῶν
1630 4886 1880 4954 δάκρυον,
1909 4884 1944 4954 ή

375 4989 584 5053 ἀσιτία,
621 4989 653 5059 ή
682 4983 1094 5043 δυσκολόκοιτος
1147 4979 1434 5049 χαμευνία,
1465 4980 1497 5048 ή
1540 4978 1882 5046 γονυπέτεια,
1908 4977 1944 5045 ή

375 5085 434 5135 ἐν
463 5080 794 5150 προσευχαῖς
823 5073 1211 5146 ἀρρέμὸαστος
1245 5069 1639 5138 ἀναστήλωσις,
1673 5069 1706 5138 ἡ
1757 5067 1946 5120 ἐπιπί-

376 5185 586 5223 πτουσα
631 5166 711 5238 τῷ
761 5165 951 5235 στήθει
991 5159 1372 5231 στερνοτυπία,
1433 5161 1460 5211 ὁ
1511 5157 1793 5210 ἐκπίπτων
1848 5157 1944 5210 τοῦ

321 5256 332 5324 ’,
377 5263 607 5330 στήθους
640 5257 970 5328 βαρύστονος
1015 5252 1242 5316 καπνὸς,
1283 5250 1379 5304 τοῦ
1429 5251 1580 5313 ἐντὸς
1610 5248 1944 5320 ἐμπρησμοῦ

379 5351 776 5420 σημαντήριον,
807 5345 977 5399 τᾶλλα
1007 5336 1178 5418 δι’-ὧν
1208 5342 1267 5395 τὸ
1294 5342 1670 5409 πολυδύναμον
1697 5343 1796 5410 τῆς
1845 5357 1943 5408 με-

381 5443 595 5502 τανοίας
644 5443 902 5510 κίρναται
942 5437 1255 5506 φάρμακον.
1295 5433 1574 5486 Τοσούτων
1602 5433 1821 5500 ἀγαθῶν
1853 5433 1946 5501 θη·-

382 5533 618 5603 σαυροὺς
657 5527 774 5585 οἶδα
815 5528 1099 5599 ταμιεύειν
1134 5526 1266 5594 ἐγὼ,
1293 5526 1321 5578 ὁ
1361 5528 1511 5596 παρά
1545 5528 1612 5595 τῇ
1659 5526 1765 5594 ἐμῇ
1795 5524 1940 5594 ψυχῇ

385 5624 734 5694 τετρημένος,
773 5621 868 5673 καί⁸
897 5621 1064 5689 μηδὲν
1094 5621 1300 5688 στέγων
1328 5619 1508 5681 πίθος.

463 5714 604 5768 ’Λ).λ’
638 5712 1017 5782 ἀπειροκάλως
1063 5711 1192 5768 τσως
1225 5710 1352 5779 παρ’
1379 5712 1507 5780 ύμῖν
1547 5713 1660 5772 τοῖς
1705 5711 1812 5764 τῶν
1835 5728 1943 5763 τοι-

1338 5805 1357 5816 σο

389 5811 551 5869 αὑτων
582 5805 805 5870 τρίϐωσι
837 5803 1064 5870 διέξειμι
1100 5804 1168 5857 τὰ
1195 5803 1316 5857 καθ’
1338 5805 1582 5860 ἕκαστον.
1617 5804 1734 5870 Χρὴ
1766 5805 1940 5856 τοίνυν

2046 4617 2317 4686 μούμενον
2357 4615 2776 4685 ἐπιδείκνυμαι·
2818 4615 3182 4683 παρακμάζον
3217 4615 3274 4668 δὲ
3325 4616 3476 4669 οὐδὲν
3511 4611 3609 4686 ἦτ-

2045 4725 2137 4759 τον
2168 4709 2381 4760 ἐκπονῶ
2412 4708 2483 4775 τῇ
2535 4708 2706 4776 πείρᾳ
2769 4705 3143 4776 ῥωννύμενον·
3177 4705 3270 4758 καὶ
3309 4705 3611 4775 γηράσκον,

2043 4798 2104 4850 ού
2135 4797 2289 4867 λήγω
2312 4795 2592 4867 ’μανθάνον
2621 4799 2711 4851 καί
2739 4815 2792 4850 τι
2843 4797 3284 4864 διαμηχανᾶσθαι
3318 4798 3428 4850 τῶν
3477 4801 3612 4852 νέων

2047 4889 2387 4959 σοφώτερον·
2412 4889 2508 4941 καὶ
2530 4888 2761 4940 καθόλου
2796 4889 2980 4956 φάναι,
3005 4887 3105 4939 οὑκ
3131 4886 3246 4940 ἔστι
3267 4905 3320 4939 τι
3349 4889 3610 4958 τεχνητὸν

2045 4979 2144 5032 καὶ
2175 4977 2446 5044 διδακτὸν,
2481 4977 2569 5046 ἐφ’
2617 4979 2754 5045 ὅπερ
2809 4979 2910 5031 οὐκ
2944 4977 3173 5048 ἄγομαι,
3217 4977 3514 5050 βουλομένῃ
3543 4981 3607 5046 τῇ

2044 5071 2192 5141 ψυχῇ
2224 5069 2391 5139 μηδὲν
2413 5069 2794 5139 ἀντιπράττον,
2829 5069 2863 5138 ἢ
2899 5069 3216 5139 ἀντιλογοῦν
3238 5087 3251 5101 ο
3286 5070 3361 5134 ὼς
3391 5072 3510 5123 οὐδὲ
3541 5070 3610 5122 τά

2044 5165 2438 5231 εύπειθέστερα
2486 5163 2594 5215 τῶν
2623 5161 2936 5230 ὑποζυγίων
2987 5163 3220 5217 καὶτῶν
3250 5161 3497 5231 ὀργάνων
3540 5161 3610 5213 τὰ

2043 5253 2242 5324 ἄψυχα.
2260 5253 2369 5306 Καὶ
2397 5251 2530 5322 πρὸς
2554 5251 2621 5304 τὰ
2645 5252 2743 5315 τῆς
2776 5253 2974 5322 ἀρετῆς
2995 5252 3151 5325 ἔργα,
3175 5252 3243 5304 τὰ
3267 5250 3448 5322 πολλῴ
3481 5250 3612 5322 ήδίω

2044 5346 2290 5408 ἐκείνων,
2323 5345 2421 5397 καὶ
2451 5345 2631 5414 ῥᾴδια,
2664 5346 2730 5416 τῇ
2771 5345 2931 5414 φύσει
2963 5345 3325 5414 προσήκοντα,
3359 5342 3610 5396 σκαιότα-

2044 5437 2136 5490 τόν
2164 5437 2302 5505 είμι,
2333 5435 2428 5488 καὶ
2450 5435 2720 5501 ἀντίξουν,
2756 5436 2851 5488 καὶ
2883 5436 2957 5499 ώς
2983 5435 3236 5504 ἀνταῖρον
3267 5435 3361 5486 καὶ
3388 5434 3610 5486 στασιά-

2045 5525 2136 5590 ζον
2163 5523 2664 5596 ἐκπεπολέμωμαι;
2699 5528 2838 5580 Ἀλλ’
2869 5527 2967 5579 οὐκ
2990 5528 3056 5580 ἄν
3088 5544 3170 5578 σοι
3224 5525 3498 5578 πεισθεῖεν
3529 5527 3613 5577 λε-

2043 5617 2217 5688 γούσῃ
2244 5617 2398 5670 τοῦτο
2427 5621 2476 5670 οί
2501 5619 2797 5671 καλλίνικοι
2835 5621 3128 5688 μάρτυρες,
3165 5612 3257 5670 καὶ
3281 5617 3329 5668 οί
3360 5615 3612 5679 δικάζον-

2046 5727 2136 5772 τες
2168 5703 2314 5763 οῦτοι
2345 5709 2583 5780 ἀσκηταί
2604 5724 2617 5738 ·
2650 5709 2698 5761 οἶ
2730 5709 2818 5762 διὰ
2846 5726 2953 5759 των
2987 5711 3044 5760 ἐν
3087 5708 3334 5777 σώμασιν
3359 5707 3610 5776 ἀγώνων,
3681 5701 3684 5703 λ

2046 5803 2140 5866 τὰς
2171 5801 2476 5870 ἀσωμάτων
2501 5802 2689 5871 φύσεις
2711 5801 2739 5853 ὑ
2753 5801 3170 5869 περεϐάλλοντο.
3209 5799 3372 5856 ’Λλλά
3423 5800 3612 5862 καιρὸς
