3954 6306
1595 352 2163 362 Μαι--.ω
2540 348 2708 356 ’m
2744 348 2785 354 ⁸-⁵
2967 353 3344 363 ‹”---
3371 355 3416 359 σν·-

225 338 3487 408 ·”
447 363 494 371 ⁸-
543 363 575 372 ³·

1113 393 1192 398 --η
1283 392 1458 398 (me-
1513 389 1872 396 -M_.-...__-.---

253 396 268 400 -
306 397 351 407 ο.

1453 524 1621 567 ANNO
1663 523 1890 567 DOMINI

1937 522 2237 567 MLXXXIX

793 700 2936 972 B.LANFRANCUS

222 1053 1171 1149 CANTUARIENSIS
1226 1050 2245 1146 ARCHIEPISCOPUS
2281 1049 2434 1140 ΕΤ
2470 1046 2951 1142 ANGLI/E
3019 1049 3494 1142 PRIMAS.

1653 1250 2049 1264 u———-————-

1256 1373 2475 1529 PBOLEGOMENA.

680 1762 1207 1827 SERENISSIMO
1258 1761 1604 1825 PRINCIPI
1669 1762 1775 1825 DE
1832 1762 2131 1835 CON'I‘Y,
2164 1760 2568 1824 ARMANDO
2628 1761 3065 1824 BORBONIO.

292 1890 691 1948 Aret-bissimus
718 1889 962 1944 animum
1018 1888 1174 1943 dolor
1203 1887 1539 1953 lancinabat,
1583 1902 1815 1943 serents-
1848 1897 1895 1953 Α
1921 1887 2073 1942 ribus
2100 1900 2388 1960 expressas
2412 1896 2468 1940 et
2509 1886 2561 1940 in
2591 1899 2806 1940 omnem
2839 1887 3218 1957 posteritatem
3272 1889 3509 1959 transfu-

217 1979 359 2036 sime
390 1979 665 2050 princeps,
697 1994 821 2034 cum
846 1978 1086 2033 viderem
1128 1993 1384 2047 magnum
1418 1976 1814 2046 Lanfrancum,

219 2072 716 2142 splendidissimum
771 2069 956 2125 mundi
1006 2068 1264 2136 oculum,
1301 2070 1407 2125 situ
1461 2079 1517 2123 et
1565 2068 1817 2139 squalore

219 2166 457 2219 obsitum
514 2165 779 2228 sordere,
833 2163 1171 2219 densissimis
1230 2163 1521 2219 obductum
1574 2163 1818 2218 tenebris

223 2268 547 2326 perpetuum
600 2258 711 2327 pati
757 2257 1098 2328 deliquium;
1135 2258 1227 2327 qui
1270 2273 1392 2313 cum
1441 2256 1813 2323 eruditionis',

222 2354 339 2400 tum
382 2348 692 2401 sanctitatis
732 2348 964 2414 facibus,
1008 2350 1088 2404 sic
1127 2350 1273 2405 inter
1310 2358 1504 2404 Caetera
1541 2348 1692 2405 orbis
1735 2347 1818 2403 lu-

218 2438 372 2493 tnina
406 2439 678 2507 quondam
700 2439 923 2493 emicuit

397 2529 585 2595 Qualis
622 2530 906 2585 discutiens
932 2530 1191 2601 fugientia
1231 2529 1445 2602 Lucifer
1481 2540 1648 2599 astra,

396 2618 535 2675 Cum
560 2636 708 2674 roseo
733 2620 939 2674 clarum
964 2622 1197 2693 prove/tit
1222 2638 1310 2676 ore
1334 2622 1472 2677 diem
1501 2622 1601 2694 (1).

298 2710 452 2767 Nunc
500 2721 719 2777 autem,
756 2711 940 2768 divino
986 2711 1203 2769 alllante
1269 2714 1530 2783 numine,
1580 2716 1819 2788 querelis

222 2804 364 2859 meis
389 2804 581 2860 modus
619 2804 939 2874 imponitur,
971 2804 1096 2859 dum
1117 2846 1131 2871 ,
1158 2805 1437 2861 eliminata
1465 2816 1627 2863 nocte
1669 2816 1819 2863 tene-

223 2898 559 2968 brarumque
600 2898 823 2967 expulsa
854 2898 1117 2969 caligine,
1150 2899 1515 2956 clarissumum
1558 2902 1609 2956 in
1659 2901 1818 2958 Occi-

223 2988 391 3041 dente
427 2997 611 3044 nostro
660 2989 810 3044 sidus
850 2990 1043 3056 oritur,
1097 2990 1438 3063 Galliamque
1485 2993 1817 3062 postliminio

222 3081 444 3145 invisit,
500 3092 558 3137 ut
605 3098 851 3141 errorum
909 3084 1137 3140 nebulas
1197 3088 1477 3157 sapientiae
1531 3104 1644 3145 sua).
1698 3089 1818 3144 luce

224 3173 503 3228 discutiat.
534 3174 601 3229 Et
636 3190 768 3229 sane
815 3175 1074 3233 Ecclesiae
1109 3194 1221 3234 sua:
1270 3194 1556 3252 supremus
1588 3181 1676 3237 ille
1707 3182 1815 3239 Mo-

1917 1995 2029 2043 sas,
2060 1993 2184 2033 cum
2224 1978 2484 2053 singulari
2508 1978 2871 2036 admiratione
2898 1981 3164 2039 memoria
3190 1982 3511 2044 saeculorum

1917 2070 2224 2127 intuebitur

1984 2159 2184 2216 Beatus
2232 2160 2343 2216 Lan
2373 2177 2603 2228 rancus,
2634 2163 2973 2233 ingeniorum
3022 2163 3242 2236 phoenix
3294 2182 3515 2241 suaeque

1916 2253 2095 2308 artatis
2124 2254 2467 2320 miraculum,
2484 2255 2551 2310 ad
2574 2255 2627 2310 id
2649 2255 2913 2313 doctrinas
2941 2268 2998 2313 et
3021 2261 3343 2317 eruditionis
3366 2266 3517 2321 venit

1918 2346 2063 2417 quod
2105 2345 2386 2415 superiora
2417 2346 2614 2400 sazcula
2664 2349 2755 2402 vix
2790 2348 2844 2402 in
2872 2349 2983 2403 alio
3009 2351 3296 2420 viderunt,
3330 2365 3513 2424 poste—

1920 2435 2065 2489 riora
2102 2435 2365 2490 admirari
2400 2438 2572 2507 magis
2614 2453 2781 2509 quam
2830 2440 3033 2496 imitari
3075 2453 3391 2512 potuerunt.
3428 2447 3511 2501 Ad

1920 2541 2041 2581 cum
2068 2568 2083 2593 ,
2112 2526 2259 2583 velut
2297 2529 2366 2583 ad
2411 2528 2643 2584 alterum
2693 2530 3075 2598 Salomonem,
3098 2522 3099 2525 “
3122 2550 3228 2592 non
3261 2538 3421 2593 modo
3442 2540 3511 2595 ab

1920 2616 2126 2673 ultimis
2157 2614 2345 2673 Gallia:
2390 2618 2610 2687 ﬁnibus,
2640 2621 2734 2677 sed
2784 2623 3163 2680 remotissimis
3212 2628 3374 2682 etiam
3406 2629 3515 2683 En,

1920 2723 2065 2777 rep-.e
2093 2709 2391 2778 provinciis
2415 2708 2856 2780 frequentissuuo
2875 2728 3142 2770 concursu
3170 2717 3510 2774 celeberrimi

1915 2797 2118 2868 quique
2160 2798 2544 2868 convolabant,
2590 2809 2650 2855 ut
2692 2802 3086 2871 amplissimum
3133 2805 3263 2863 illud
3314 2808 3514 2867 divinae

1918 2906 1996 2960 sa;
2015 2890 2198 2946 ientia:
2228 2891 2499 2947 theatrum
2525 2894 2864 2965 suspicerent
2893 2896 2995 2968 (Ξ).
3020 2899 3262 2958 Athenas
3291 2903 3346 2957 in
3373 2904 3510 2960 Bec-

1917 2997 2082 3036 ccnse
2105 2983 2413 3038 ctenobium
2447 2984 2747 3052 transtulit,
2772 2984 3030 3045 Romana:
3059 2992 3225 3049 decus
3255 2993 3514 3065 eloquen-

1922 3073 2009 3127 tiae
2038 3073 2091 3128 in
2138 3073 2366 3129 Galliam
2413 3077 2704 3144 evocavit;
2739 3078 2857 3149 ejus
2907 3080 3099 3150 ludus,
3135 3084 3231 3140 toti
3281 3085 3513 3158 Europa:

1920 3161 2129 3217 oEicina
2159 3166 2460 3235 sapientiae,
2490 3165 2575 3221 vel
2602 3184 2776 3238 equus
2818 3170 3107 3240 Trojanus,
3145 3189 3210 3229 ex
3263 3191 3371 3248 quo
3402 3176 3514 3231 cla-

224 3264 450 3318 demwr
487 3274 788 3335 Opportune
832 3268 1126 3333 consuluit,
1164 3285 1287 3325 cum
1336 3245 1449 3329 hac
1498 3282 1821 3344 Mupcslaw
1852 3245 1896 3304 Β
1925 3256 2124 3313 rissimi
2183 3259 2444 3318 doctrina:
2483 3260 2648 3318 duces
2697 3263 2750 3323 in
2813 3265 3137 3323 Christianae
3200 3270 3511 3341 reipublicae

226 3352 594 3412 Lanfrancum
642 3357 797 3428 quasi
828 3374 896 3414 ex
925 3359 1215 3416 oblivionis
1269 3362 1473 3419 tumulo
1520 3366 1820 3420 redivivum

224 3447 518 3516 excitavit,
560 3459 620 3504 ut
666 3451 771 3506 hoc
809 3452 1007 3507 saaculo
1050 3454 1347 3510 redivivam
1406 3458 1675 3514 haereseos
1724 3459 1824 3533 hy-

223 3536 409 3602 dram,
442 3554 546 3593 non
591 3556 658 3596 ex
683 3540 929 3607 Lernaeo,
963 3545 1058 3600 sed
1086 3560 1153 3600 ex
1204 3545 1443 3603 Lemano
1492 3547 1611 3603 lacu
1646 3564 1823 3608 emer-

223 3642 379 3695 sam,
416 3632 606 3687 eodem
651 3648 762 3705 quo
801 3635 1071 3705 perfidum
1118 3639 1248 3695 olim
1287 3639 1675 3713 Berengarium
1709 3659 1821 3699 sua:

226 3721 492 3777 doctrinae
522 3723 629 3779 telo
654 3725 949 3783 confodiat.
983 3727 1328 3801 Pugnaturus
1359 3734 1542 3805 itaque
1569 3752 1695 3791 cum
1737 3737 1823 3793 in-

230 3812 557 3871 fensissimis
592 3818 714 3872 tidei
747 3818 993 3877 hostibus
1022 3821 1217 3879 iterum
1252 3824 1307 3881 in
1338 3812 1558 3881 arenam
1590 3829 1818 3885 descen-

228 3905 339 3969 dit,
364 3922 598 3977 eumque
636 3911 933 3980 principem
971 3914 1035 3968 ad
1065 3915 1372 3986 perfugium
1400 3921 1614 3989 quaerit,
1638 3922 1692 3975 in
1721 3938 1818 3978 cu-

223 3994 315 4066 jus
340 4000 459 4054 sinu
486 4009 542 4055 et
575 4002 738 4059 tutela
765 4003 975 4060 fortiter
1003 3996 1301 4076 dimicare,
1319 4010 1536 4067 vincere
1563 4013 1819 4084 gloriose,

226 4085 515 4155 quiescere
568 4104 692 4145 cum
722 4091 917 4148 ﬁducia
950 4097 1140 4154 possit.
1184 4098 1479 4156 Connnode
1506 4101 1672 4175 igitur
1700 4119 1821 4164 sese

228 4180 303 4233 ad
332 4188 383 4236 te
423 4184 633 4253 recipit,
671 4185 725 4244 in
760 4202 867 4257 quo
896 4204 1003 4248 uno
1044 4193 1226 4250 omnia
1272 4209 1393 4267 quae
1441 4196 1509 4250 ad
1558 4202 1822 4256 securita-

229 4279 342 4326 tem
368 4278 703 4344 certaminis,
731 4293 886 4350 Spem
914 4282 1174 4354 victoriae,
1216 4286 1588 4345 celebritatem
1631 4293 1823 4347 trium-

228 4362 325 4431 phi
351 4364 661 4424 desiderare
690 4380 909 4441 posset,
938 4374 1150 4431 abunde
1188 4388 1505 4448 reperturus
1533 4390 1635 4435 est.
1664 4383 1821 4437 habit

229 4453 334 4523 ipsi
361 4457 494 4529 regii
520 4462 738 4530 generis
763 4464 1022 4534 splendor
1049 4478 1452 4537 ornamentum,
1481 4458 1655 4542 pietas
1698 4490 1823 4543 per-

230 4545 460 4616 fugium,
505 4550 818 4609 humanitas
869 4555 1107 4611 favorem
1141 4599 1156 4625 ,
1188 4561 1422 4617 eruditio
1467 4563 1774 4631 pncsidlum
1802 4603 1817 4631 ,
1846 4592 1893 4652 ρ

221 4638 460 4706 aequitas
476 4640 812 4714 suffragium,
846 4646 1019 4703 virtus
1045 4648 1468 4706 firmamentum.

305 4726 416 4784 Nec
439 4746 568 4786 vero
601 4734 928 4805 quemquam
960 4753 1181 4796 movere
1202 4742 1404 4810 poterit
1444 4745 1589 4816 quod
1632 4753 1685 4799 te
1733 4746 1818 4801 di—

225 4818 343 4871 vini
408 4820 566 4888 hujus
612 4827 794 4893 operis
845 4836 1173 4884 assertorem
1229 4830 1522 4903 elegerint,
1570 4833 1615 4889 si
1661 4834 1821 4890 modo

228 4907 497 4983 intelligat
534 4929 619 4968 me
644 4916 933 4975 Lanfranci
979 4922 1149 4975 nostri
1196 4920 1443 4990 virtutes,
1470 4924 1523 4979 in
1580 4934 1631 4981 te
1676 4926 1821 4981 velut

227 5000 287 5057 in
332 5003 660 5062 nitidissimo
686 5010 902 5078 speculo
940 5013 1273 5079 relucentes,
1300 5016 1639 5083 observasse,
1683 5018 1819 5073 adeo

228 5104 292 5148 ut
329 5095 511 5152 dolere
574 5099 828 5156 desierim
864 5102 1092 5159 Galliam
1137 5106 1445 5163 Lanfrauco
1476 5109 1655 5163 orbari
1683 5151 1697 5173 ,
1724 5108 1814 5165 ubi

231 5192 407 5239 totum
461 5187 513 5241 in
548 5196 599 5242 te
654 5205 937 5263 superesse
968 5195 1306 5253 adverterem
1330 5239 1345 5264 ,
1376 5213 1578 5269 easque
1621 5200 1775 5256 dotes
1800 5240 1815 5264 ,

230 5289 371 5347 quas
421 5278 474 5330 in
524 5294 590 5351 eo
630 5272 913 5340 universus
956 5288 1228 5356 quondam
1274 5290 1425 5346 orbis
1460 5291 1736 5362 obstupuit
1761 5301 1819 5348 et

231 5366 420 5432 coluit,
457 5370 510 5423 in
555 5380 606 5426 te
655 5375 770 5443 pari
820 5375 1024 5433 honore
1066 5382 1404 5438 venerandas
1450 5397 1821 5453 agnoscerem.

230 5453 379 5526 Quas
412 5458 629 5528 quidem
682 5479 789 5517 non
834 5466 970 5522 meis
1002 5466 1364 5536 lineamentis,
1415 5472 1511 5528 sed
1547 5472 1653 5527 luis
1678 5472 1825 5526 colo-

307 5615 383 5707 (ξ.)
418 5617 739 5707 Guillelmns
793 5623 1037 5707 Malines.
1092 5628 1186 5684 lib.
1246 5648 1303 5687 tu
1364 5632 1438 5685 De
1489 5638 1627 5707 gest.
1681 5630 1820 5705 Bcg.

230 5682 553 5758 Anglorum,
584 5708 751 5761 agens
784 5696 849 5749 de
874 5682 1205 5754 Laufranco.

557 5809 830 5875 PATBDL.
874 5811 1001 5881 CL.

1923 3347 2266 3403 commodum
2298 3359 2353 3404 et
2393 3363 2775 3409 ornamentum
2812 3359 3152 3427 prodierunt.
3202 3362 3281 3422 Eo
3330 3363 3515 3420 fulmi-

1924 3447 2090 3493 naute
2152 3438 2363 3496 Gracia
2424 3445 2749 3512 exhorruit,
2790 3448 2938 3503 Italia
2986 3450 3288 3523 ingemuit,
3334 3458 3511 3511 Gallia

1924 3528 2298 3599 triumphavit.
2329 3531 2422 3587 Sic
2448 3541 2500 3588 te
2533 3544 2642 3601 tua,
2685 3537 3032 3596 sei-enissime
3078 3556 3354 3613 princeps,
3385 3560 3514 3600 cru.

1924 3621 2058 3677 ditio
2085 3622 2379 3694 singularis
2400 3625 2494 3680 toti
2515 3627 2631 3682 orbi
2656 3630 3023 3699 spectaculum
3052 3635 3321 3703 exhibuit,
3345 3646 3511 3709 atque

1922 3713 2165 3768 omnium
2215 3715 2268 3770 in
2317 3726 2367 3770 te
2418 3719 2630 3775 animos
2698 3722 2992 3794 oeuilosqne
3042 3729 3334 3789 convertit.
3377 3730 3514 3799 Quis

1922 3804 2067 3862 enim
2111 3806 2180 3861 ad
2204 3817 2478 3878 stuporem
2502 3825 2671 3881 usque
2698 3829 2803 3868 non
2831 3824 2918 3870 est
2949 3817 3249 3875 demiratus
3271 3831 3507 3881 mentem

1924 3905 2070 3951 tuam
2101 3898 2332 3967 quodam
2384 3900 2507 3969 igne
2532 3904 2829 3973 volucrem,
2860 3923 3025 3978 quam
3054 3911 3198 3966 nulla
3228 3913 3514 3972 diliicultas

1924 4002 2228 4043 remoretur
2256 4008 2272 4058 ;
2323 3994 2674 4071 sagacitatem
2723 3999 2932 4063 animi,
2973 4001 3061 4056 cui
3118 4003 3253 4059 nihil
3311 4006 3513 4077 imper-

1923 4080 2069 4134 vium
2097 4080 2378 4150 objicitur;
2407 4084 2632 4156 ingenii,
2669 4092 2925 4147 torrentis
2948 4093 3120 4150 instar
3157 4097 3512 4165 exundantis.

1922 4170 2377 4229 fmcnnditatem?
2407 4176 2766 4246 lngenuarum
2812 4183 3012 4239 artium
3051 4201 3215 4242 succo
3246 4204 3277 4241 a
3311 4191 3514 4247 teneris

1922 4260 2155 4318 feliciter
2188 4266 2483 4333 enutritus,
2513 4267 3013 4338 Splendidissimum
3043 4275 3299 4333 Minervae.
3330 4294 3516 4336 sacra-

1923 4355 2063 4409 rium
2094 4358 2381 4424 evstiti‘sti;
2413 4368 2470 4413 et
2500 4361 2651 4427 dum.
2677 4362 2892 4419 Cresare
2917 4364 3115 4436 major,
3142 4368 3313 4427 frater
3342 4382 3468 4431 tuus
3492 4418 3512 4442 ,

1921 4447 2173 4519 princeps
2199 4449 2609 4516 invictissitnus,
2648 4468 2927 4512 armorum
2952 4455 3179 4527 fulmen,
3201 4460 3511 4525 Germania:

1923 4547 1979 4592 ct
2016 4538 2185 4611 Bclgii
2220 4550 2427 4606 terror,
2469 4541 2656 4598 Gallia:
2685 4546 2954 4615 columen,
2985 4550 3174 4609 Martis
3213 4567 3393 4613 castra
3418 4573 3515 4614 se—

1923 4639 2121 4698 ctatus,
2152 4633 2259 4687 imo
2288 4632 2431 4689 Mars
2472 4634 2630 4703 alter,
2660 4636 2882 4695 bellicas
2910 4657 3010 4698 suo
3039 4659 3169 4701 ense
3207 4645 3390 4705 lauros
3413 4651 3511 4708 de-

1924 4725 2097 4790 metit,
2126 4735 2202 4792 tu,
2229 4728 2442 4784 mitiora
2472 4740 2692 4786 secutus
2718 4731 2973 4791 Minervae
2995 4747 3194 4802 castra.
3212 4740 3265 4796 in
3287 4744 3515 4799 umbra-

1926 4814 2035 4870 tilis
2058 4817 2181 4870 vitae
2204 4818 2397 4873 studiis
2420 4820 2620 4874 artium
2644 4821 2855 4878 laureas
2879 4825 3194 4899 palmasque
3221 4830 3509 4904 collegisti.

1922 4905 1991 4961 Et
2020 4909 2207 4977 prima:
2233 4911 2449 4978 quidem
2480 4911 2584 4966 illae
2626 4914 2756 4969 visa:
2792 4926 2920 4973 sunt
2945 4922 3217 4992 Surgentis
3250 4932 3507 4993 tanquam

1924 4997 2126 5067 ingenii
2161 4997 2326 5064 faces,
2355 5003 2554 5069 quibus
2596 5002 2662 5056 ad
2694 5004 2897 5073 majora
2937 5010 3238 5078 [includens
3269 5013 3507 5069 cluxisti.

1925 5088 2184 5147 Volétavit
2243 5091 2439 5162 ingenii
2507 5094 2691 5166 vigore
2755 5098 2952 5172 inclyta
3005 5117 3119 5172 per.
3164 5105 3511 5176 antiquorum

1926 5180 2375 5253 cncyelopcediam
2438 5185 2843 5255 adolescentia,
2897 5198 2950 5245 et
2992 5207 3304 5263 supremum
3360 5196 3511 5254 brevi

1925 5274 2275 5328 scientiarum
2338 5275 2565 5347 attigisti
2614 5281 2864 5349 apicem,
2910 5286 3256 5356 ccelestisque
3308 5288 3512 5361 ingenii

1927 5366 2120 5434 pennis
2158 5367 2421 5424 subnixus
2461 5372 2511 5427 in
2558 5375 2856 5430 secretiora
2913 5379 3194 5449 theologia
3256 5398 3374 5455 mys
3397 5385 3513 5442 eria

1927 5459 2244 5527 penetrasti.
2283 5461 2544 5527 Quamvis
2586 5472 2764 5520 autent
2808 5468 3158 5526 nobilissimis
3202 5474 3410 5529 artibus
3456 5485 3515 5536 et

2000 5635 2241 5716 (‘2)_h_iilo
2266 5638 2521 5716 prispjit._
2561 5644 2627 5716 In
2659 5643 2773 5697 Vita
2819 5644 2875 5699 Β.
2909 5646 3231 5716 Lanfranci;
3272 5651 3514 5713 Malmei—

1923 5708 2069 5771 λων..
2096 5708 2190 5764 lib.
2220 5724 2232 5762 l
2266 5708 2464 5766 Pontif.
2498 5713 2810 5788 Anglorum.
2854 5718 3108 5776 Chronic.
3146 5708 3438 5786 Beetzeilsn.
