3954 6306
449 358 501 415 Η
926 366 929 367 ⁷
1186 352 1247 408 Β.
1284 352 1748 411 LANFRANCUS
1784 346 2335 413 CANT‘UAIHENSIS
2374 358 2963 420 ARCHIEPISCOPUS
3648 358 3716 417 12

374 468 383 475 ’
440 471 682 529 scientiis
727 470 966 524 animum
995 478 1144 524 tuum
1176 468 1469 538 plurinnun
1498 469 1804 535 exornaris,
1838 472 2015 525 minus
2047 478 2094 535 Α
2127 472 2281 540 laris,
2321 475 2485 553 animi
2540 477 2795 532 modestia
2838 479 3111 533 retineret.
3146 479 3235 534 Eae
3286 488 3413 535 sunt
3442 498 3563 554 quae
3601 479 3711 556 spi-

437 574 524 625 est
546 576 723 618 tamen
752 562 893 631 quod
924 561 1015 616 tibi
1045 560 1560 629 eontuleruutquam
1580 561 1721 629 quod
1740 574 1769 613 a
1795 568 1846 614 te
1862 574 2025 614 orna-

439 664 681 711 mentum
739 660 1111 722 acceperunt;
1151 666 1247 708 eas
1280 651 1547 721 siquidem
1597 650 1731 722 regii
1784 652 1859 706 tui
1906 667 2029 708 san-

400 746 619 817 _guinis
674 746 1053 800 communione
1099 744 1331 813 quadam
1384 744 1562 814 regias
1616 742 1815 809 fecisti,
1859 753 1913 799 et
1961 744 2029 799 ad

440 847 604 893 tanta:
645 837 924 909 dignitatis
953 836 1180 891 evexisti
1238 835 1532 907 fastigium,
1577 844 1636 890 ut
1690 847 1834 890 sneut
1879 836 2026 891 omni

439 928 648 986 hou'ore
669 940 724 984 et
765 930 1025 1000 dignitate
1069 928 1240 1001 major
1267 944 1344 991 es,
1376 929 1455 983 sic
1502 944 1601 983 nec
1649 928 1779 998 ipsis
1808 929 2029 984 honoris

442 1020 646 1090 aliquid
694 1028 789 1074 aut
829 1019 1162 1075 excellentiae
1197 1019 1370 1087 possit
1409 1019 1685 1073 accedere.
1732 1016 2032 1088 Singularis

438 1112 677 1167 eruditio
707 1112 766 1165 Β.
790 1110 1077 1166 Lanfranci
1110 1109 1243 1164 nihil
1270 1111 1335 1165 de
1362 1108 1477 1178 ejus
1502 1112 1701 1166 virtute
1738 1120 1791 1165 et
1833 1110 2033 1180 pietate

442 1205 701 1265 detraxit.
725 1203 815 1259 sed
862 1212 1050 1258 mutuo
1101 1202 1353 1257 amicitia:
1385 1203 1609 1269 foedere,
1637 1211 1690 1259 et
1728 1204 2033 1259 communis

443 1298 721 1353 societatis
766 1296 1094 1351 commercio
1132 1295 1394 1350 doctrina:
1426 1296 1683 1365 pietatem
1726 1295 2030 1364 conjunxit.

444 1388 575 1458 Ejus
619 1390 727 1443 vita
779 1387 1203 1444 clarissimarum
1250 1389 1507 1443 virtutum
1567 1389 1745 1461 imago
1778 1390 2030 1456 exstitit,

444 1497 635 1537 norma
674 1496 908 1545 morum,
934 1480 1191 1535 vitiorum
1235 1495 1484 1535 censura.
1520 1479 1850 1534 Edomandis
1879 1491 2033 1535 erro-

444 1584 565 1624 rum
623 1570 914 1634 monstris,
961 1570 1302 1639 protercudis
1371 1570 1649 1624 Interescon
1722 1570 2032 1639 portentis,

444 1662 870 1716 exterminandis
910 1660 1055 1715 vitiis
1112 1659 1314 1733 jugiter
1373 1660 1661 1715 insudavit.
1712 1660 2033 1715 Primeum

444 1753 809 1807 Benedictina:
845 1752 1205 1808 observantia:
1241 1752 1479 1823 vigorem
1514 1753 1567 1807 in
1590 1752 1779 1808 ordine
1822 1761 2037 1808 restau-

2133 556 2342 621 rantem
2386 568 2437 622 in
2484 576 2534 625 te
2579 569 2938 626 Lanfrancum
2970 572 3141 628 oculis
3178 575 3378 630 nostris
3430 578 3717 645 exhibent,

2132 668 2187 712 et
2212 668 2269 712 ut
2294 674 2415 713 eum
2450 660 2543 715 tibi
2575 663 2665 717 uni
2712 663 2963 718 sisterem
2992 680 3033 735 7a
3078 681 3165 721 me
3211 678 3531 738 exegerunt,
3584 670 3720 725 insi-

2134 748 2449 817 gnissimum
2521 761 2647 819 puta
2710 752 3015 823 theologum
3054 795 3070 818 ,
3126 754 3496 826 theologorum
3559 758 3724 828 hujus

2132 841 2308 895 aetatis
2329 844 2621 912 corypheo,
2649 844 2857 899 ordinis
2908 845 3271 901 restitutorem
3320 848 3724 904 studiosissimo

2134 930 2372 999 ejusdem
2402 936 2771 1005 prOpagatori,
2795 938 3094 1006 principem
3145 938 3305 1008 regite
3339 940 3524 1010 stirpis
3570 942 3726 1010 prin-

2134 1023 2262 1096 cipi.
2299 1023 2449 1079 Haud
2479 1026 2726 1094 equidem
2775 1036 2978 1084 temere
3003 1027 3367 1085 Lanfrancum
3420 1032 3726 1103 principem

2139 1115 2479 1184 nuncupavi,
2524 1133 2544 1166 ‹
2591 1116 2684 1185 qui
2728 1116 2951 1172 absente
2992 1122 3125 1189 rege
3177 1120 3429 1190 princeps
3479 1132 3619 1189 erat,
3667 1132 3730 1178 et

2136 1216 2319 1263 custos
2342 1206 2572 1278 Angliae,
2605 1206 2865 1278 subjectis
2905 1209 3007 1265 sibi
3045 1212 3298 1266 omnibus
3344 1213 3680 1282 principibus
3708 1255 3729 1281 ,

2137 1310 2194 1356 et
2216 1299 2534 1368 juvantibus
2565 1300 2617 1354 in
2657 1302 2723 1355 iis
2758 1317 2877 1371 qua:
2930 1301 2997 1356 ad
3029 1300 3398 1358 defensidnem
3443 1313 3497 1359 et
3548 1306 3732 1377 dispo-

2136 1392 2390 1447 sitionem
2442 1393 2527 1447 vel
2572 1407 2770 1461 pacem
2820 1394 2973 1465 regni
3031 1384 3379 1464 pertinebant
3429 1399 3733 1453 secundum

2140 1481 2287 1553 leges
2320 1482 2509 1552 patria:
2538 1480 2681 1553 (3).")

2210 1571 2634 1628 Illustrissimum
2659 1588 2789 1641 ergo
2831 1574 3128 1645 principem
3178 1574 3259 1646 (ut
3305 1577 3486 1649 spero)
3536 1594 3597 1633 ea
3621 1572 3735 1648 qua

2141 1664 2355 1719 infimos
2395 1666 2557 1719 etiam
2590 1667 2731 1720 soles
2782 1665 3119 1722 humanitate
3172 1668 3312 1737 apud
3365 1677 3417 1724 te
3458 1670 3735 1737 admittes,

2141 1754 2296 1822 cujus
2314 1756 2670 1811 eruditionem
2685 1755 2820 1809 adeo
2841 1768 3129 1813 veneratus
3142 1766 3225 1813 est
3246 1759 3559 1815 Alexander
3571 1776 3740 1832 papa,

450 1844 614 1906 ravit,
643 1855 719 1909 et,
751 1853 810 1897 ut
852 1840 972 1913 ejus
1025 1845 1258 1913 scriptor
1290 1820 1413 1899 vitae
1458 1844 1699 1915 loquitur
1744 1844 1892 1916 (Milo
1921 1845 2037 1900 Cri-
2072 1820 2115 1874 Β
2147 1820 2359 1901 υι-θιιηι
2385 1847 2437 1900 iu
2468 1846 2757 1917 singularis
2792 1846 3181 1901 benevolentia:
3227 1820 3606 1918 argumentum
3635 1820 3736 1906 du;

432 1934 694 2005 spinus),
738 1955 755 1987 ι
790 1936 1144 1990 ccenohialem
1177 1937 1420 1991 ordinem
1492 1937 1583 2007 qui
1630 1936 1915 2007 prolapsus
1974 1937 2040 1992 ad

447 2031 692 2086 laiealem
745 2029 1153 2085 dissidutionetu
1224 2026 1445 2091 fuerat,
1487 2028 1551 2081 ad
1604 2027 2041 2097 probatissimam

448 2122 904 2177 monasteriorum
944 2120 1283 2190 disciplinam
1322 2117 1657 2173 reformavit.
1698 2138 1715 2170 ι
1748 2118 2041 2174 Labentem

429 2206 632 2285 itaque
674 2216 918 2269 ordinem
952 2213 1187 2280 fuleivit,
1229 2223 1528 2284 torpentem
1576 2213 1860 2282 excitavit,
1890 2230 2046 2271 reua-

448 2315 690 2360 scentem
727 2304 883 2370 fovit,
927 2304 1170 2359 adultum
1201 2304 1498 2374 roboravit.
1549 2303 1605 2357 In
1636 2320 1741 2374 qua
1785 2321 1864 2370 re,
1897 2288 2047 2361 sere-

447 2398 675 2453 nissime
725 2397 997 2466 princeps,
1042 2411 1147 2450 non
1197 2394 1498 2471 absimilem
1553 2397 1764 2451 uavasti
1799 2410 2041 2471 operam.

446 2487 635 2558 Neque
671 2502 807 2556 opus
836 2496 1003 2542 estea
1037 2485 1282 2555 pluribus
1310 2470 1685 2553 comprobare,
1720 2500 1841 2555 quae
1876 2484 2041 2540 solem

448 2580 628 2650 ipsum
663 2586 877 2634 testem
905 2578 1234 2635 habuerunt.
1266 2575 1401 2645 Ipsi,
1444 2575 1543 2644 ipsi
1577 2590 1765 2628 sumus
1798 2574 1891 2629 tibi
1924 2589 2044 2628 ma-

450 2671 860 2727 trifestissimuzn
900 2681 1004 2724 tua:
1032 2668 1251 2723 virtutis
1279 2667 1713 2731 menumentum,
1749 2676 2046 2737 nostroque

453 2762 740 2816 commodo
796 2758 1005 2828 experti
1058 2774 1165 2828 quo
1236 2757 1401 2811 animi
1460 2758 1638 2812 studio
1699 2756 2047 2811 Benedictiuo

435 2846 628 2905 'ordini
681 2848 1036 2902 instaurando
1078 2846 1443 2910 incumberes,
1492 2846 1605 2915 qua
1661 2845 2041 2901 benevolentia

452 2941 929 3011 congregationem
978 2946 1219 3015 nostram
1266 2937 1731 3007 complectereris,
1776 2952 1883 3007 qua
1931 2954 2049 2991 mu-

438 3032 732 3087 nificentia
790 3029 1090 3094 ornaveris,
1136 3044 1242 3099 qua
1290 3044 1420 3083 cura
1457 3028 1863 3099 propagaveris.
1894 3027 2046 3094 Quod

2143 1939 2269 2009 plici
2321 1938 2482 2009 pallio
2532 1939 2812 2008 insignire!
2844 1978 2859 2003 ,
2912 1948 2968 1994 et
3016 1940 3085 1994 ab
3134 1938 3251 2007 ejus
3300 1942 3596 1996 tenerrimo
3643 1942 3737 1997 vix

2146 2031 2322 2086 divelli
2356 2040 2629 2100 pateretur
2654 2031 2902 2100 amplexu
2928 2030 3029 2101 (4).
3079 2031 3196 2085 Τιιο
3234 2031 3381 2085 illum
3412 2031 3599 2087 favore
3650 2034 3736 2087 di-

2146 2121 2424 2193 gnaberis,
2454 2138 2615 2190 quem
2645 2122 2918 2191 principes
2949 2122 3234 2193 magniﬁce
3273 2131 3622 2192 exceperunt,
3648 2139 3738 2177 re-

2124 2198 2241 2282 rges
2270 2213 2321 2266 in
2346 2212 2553 2283 deliciis
2584 2212 2911 2277 habuerunt,
2965 2212 3225 2282 praesules
3284 2228 3495 2268 summa
3552 2214 3743 2268 obser-

2130 2296 2327 2381 jvautia
2355 2305 2674 2369 coluerunt,
2723 2319 2886 2374 quem
2934 2305 3110 2359 anxiis
3164 2304 3304 2360 votis
3356 2304 3585 2375 Anglia,
3628 2304 3738 2359 imo

2149 2403 2291 2447 totus
2314 2395 2462 2447 orbis
2492 2395 2736 2465 expetiit.
2774 2395 2851 2449 En
2882 2395 3093 2449 seiiieet
3133 2410 3197 2450 ea
3227 2393 3402 2449 malus
3452 2395 3559 2449 situ
3602 2409 3741 2465 pra:-

2147 2481 2311 2547 celsa,
2345 2484 2525 2553 specie
2558 2485 2778 2547 eximia,
2808 2482 3083 2538 fructuum
3134 2485 3383 2540 ubertate
3435 2484 3741 2551 luxurians,

2148 2573 2209 2626 Β.
2236 2573 2495 2627 Herluiuo
2518 2574 2732 2629 ctelitus
2753 2560 3125 2629 demonstrata
3155 2574 3256 2647 (5),
3278 2592 3441 2646 quam
3474 2592 3542 2632 ex
3558 2577 3742 2647 opimo

2149 2661 2334 2716 Galliae
2364 2671 2562 2717 nostrae
2592 2662 2705 2717 solo
2734 2662 3001 2730 evulsam,
3029 2665 3257 2719 nimium
3292 2665 3480 2737 gloria:
3538 2675 3744 2722 nostra:

2150 2752 2395 2808 invidens
2424 2752 2745 2809 Guillelmus
2778 2768 2873 2809 rex
2912 2755 2967 2809 in
3015 2755 3225 2826 Anglici
3250 2757 3401 2825 regni
3432 2756 3590 2813 horto
3614 2738 3746 2815 con-

2136 2836 2313 2908 sevit;
2361 2845 2454 2901 sed
2488 2847 2646 2900 hodie
2670 2846 2990 2918 primigenio
3008 2840 3126 2904 ‘soto
3158 2849 3426 2916 restituta,
3458 2851 3748 2923 pristinam

2150 2949 2247 3003 per
2278 2944 2330 2991 te
2359 2934 2746 2992 fecunditatem
2778 2948 3086 3008 recuperat,
3135 2948 3190 2994 et
3214 2940 3268 2995 in
3306 2941 3483 3012 gentis
3537 2949 3743 2997 nostra:

2152 3025 2315 3081 decus
2343 3037 2397 3080 et
2422 3026 2841 3083 emolumentum
2868 3016 3221 3095 reviviscens,
3276 3032 3391 3085 suis
3408 3031 3603 3086 melius
3631 3030 3740 3085 fixa

454 3125 619 3178 trium
637 3120 1089 3177 mouaSIeriorum
1109 3119 1422 3175 accessione
1444 3119 1637 3173 nonita
1663 3118 1866 3187 pridem
1888 3126 2045 3172 aucta
2077 3157 2123 3219 Ε
2157 3117 2453 3183 radicibus,
2515 3118 2727 3174 felicius
2774 3120 3039 3190 pubescit,
3091 3121 3351 3177 adolescit
3405 3110 3749 3193 generosius,

457 3214 552 3277 sit,
583 3228 611 3267 a
639 3222 688 3268 te
712 3212 895 3267 habet.
920 3210 1071 3278 Quod
1111 3210 1324 3275 floreat,
1358 3221 1507 3264 tuum
1543 3218 1642 3265 est.
1681 3208 1834 3276 Quod
1868 3209 2051 3263 incon-

459 3320 621 3367 cussa
646 3312 985 3375 permaneat,
1010 3302 1103 3357 tibi
1133 3302 1312 3357 debet.
1347 3300 1504 3355 Tanti
1547 3300 1792 3355 beneficii
1819 3300 2049 3371 gratiam

464 3397 563 3451 tibi
583 3407 863 3466 acceptam
888 3394 1075 3450 referri
1106 3394 1149 3450 si
1172 3411 1276 3449 non
1306 3394 1671 3466 agnoscimus,
1690 3394 1848 3460 caeci;
1878 3394 1921 3449 si
1946 3378 2050 3448 non

464 3489 805 3559 profitemur,
824 3487 994 3542 simus
1019 3485 1236 3555 ingrati.
1268 3484 1487 3538 Minime
1516 3499 1643 3539 vero
1665 3485 1749 3539 his
1773 3483 2050 3554 angustio-

465 3581 617 3633 ribus
650 3577 908 3632 cancellis
935 3586 1023 3630 tua
1048 3575 1221 3645 pietas
1248 3575 1558 3639 clauditur;
1591 3573 1753 3629 latius
1791 3589 1911 3628 sese
1951 3571 2054 3628 dif-

468 3669 667 3731 fundit,
709 3676 871 3737 atque
908 3666 960 3720 in
1012 3680 1299 3719 commune
1335 3665 1503 3718 totius
1546 3663 1799 3719 Ecclesiae
1851 3662 2052 3718 bonum

467 3759 768 3822 exuberat,
816 3772 937 3828 quae
976 3758 1028 3811 in
1077 3766 1129 3811 te
1176 3755 1482 3825 przesidiurn
1524 3765 1804 3826 repertura
1845 3764 1931 3809 est
1985 3769 2051 3808 eo

468 3861 741 3924 potentius
765 3867 873 3922 quo
904 3860 955 3905 te
987 3864 1117 3920 regtt
1153 3863 1430 3919 sangutnts
1468 3856 1722 3919 splendor
1767 3845 2052 3902 sublimius

446 3964 449 3973 ·
469 3944 672 3999 evexit.

540 4037 778 4090 Caeteras
810 4037 961 4090 dotes
988 4036 1184 4105 quibus
1213 4035 1269 4089 Β.
1295 4033 1661 4089 Lanfraucum
1705 4031 1877 4087 refers
1923 4025 2055 4085 emi-

448 4143 763 4195 lmcrarcm,
795 4129 896 4184 nisi
923 4144 1009 4183 me
1036 4128 1144 4193 illa,
1168 4136 1274 4198 qua
1310 4126 1669 4182 Lanfrancum
1697 4140 1911 4197 quoque
1938 4126 2056 4182 imi—

548 4283 627 4355 (3)
664 4283 813 4355 idem
837 4281 964 4338 Milo
988 4292 1044 4339 et
1070 4280 1450 4355 malmesburg.
1476 4280 1566 4337 ubi
1591 4295 1775 4352 supra.

545 4352 623 4426 (4)
661 4354 822 4410 lidem
848 4363 1098 4425 auctores
1123 4352 1258 4408 locis
1277 4352 1480 4407 citatis.
1512 4404 1533 4415 κ.

490 4494 819 4519 cm-

821 4497 1127 4515 m-

2159 3208 2405 3265 funditur
2446 3210 2688 3266 uberius.
2726 3210 3090 3278 Quamobrem
3122 3215 3334 3283 quoties
3377 3212 3746 3291 Lanfrancum

2158 3301 2462 3357 nominabit
2492 3303 2806 3373 posteritas,
2853 3313 2959 3358 tua:
3012 3305 3199 3375 gratiae
3250 3305 3581 3363 meminerit.
3638 3304 3750 3360 Nos

2160 3394 2377 3450 interim
2402 3394 2707 3450 immortale
2734 3395 2837 3451 hoc
2860 3394 3051 3466 gratia:
3081 3398 3282 3451 donum
3306 3397 3505 3453 animis
3537 3398 3747 3454 nostris

2131 3482 2266 3537 ‘alte
2296 3481 2676 3549 inscribemus,
2726 3499 2832 3552 quo
2886 3483 3210 3540 immortalis
3245 3486 3435 3555 vrgeat‘
3472 3487 3613 3556 apud
3648 3501 3751 3541 nos

2132 3578 2379 3628 'tuorum
2408 3572 2793 3628 beneticiorutu
2818 3574 3098 3628 memoria.
3131 3573 3243 3645 Ego
3277 3590 3406 3629 vero
3431 3570 3595 3631 totius
3624 3590 3752 3631 con.

2160 3666 2491 3738 gregationis
2518 3664 2577 3722 S.
2607 3665 2779 3722 Mauri
2823 3666 3042 3722 nomine
3094 3665 3223 3722 illud
3274 3666 3534 3739 polliceor
3580 3667 3750 3739 proti-

2134 3766 2139 3771 ’
2160 3767 2405 3830 teorque.

2232 3849 2613 3905 Serenissima:
2642 3858 2746 3905 tute
2770 3848 3079 3905 celsitudini
3111 3849 3482 3907 deditissimus
3512 3850 3753 3907 devotis-

2158 3940 2436 4011 simusque
2459 3951 2663 3997 orator.

2846 4031 2908 4087 F.
2931 4030 3109 4088 Lucas
3140 4031 3463 4089 Dacnsnws.

2307 4125 2558 4196 Ejusdem
2589 4123 3026 4197 congregationis
3047 4134 3229 4181 asceta
3256 4124 3662 4181 Benedictinus.

2242 4281 2322 4351 (5)
2345 4279 2617 4336 Gilbertus
2643 4278 2880 4350 CriSplu.
2913 4278 2966 4333 in
2992 4278 3109 4333 Vita
3140 4278 3284 4335 beati
3314 4277 3580 4335 Herluini.

1132 4489 3754 4515 Mm

1568 4589 1752 4704 AD
1824 4584 2630 4702 LECTOREM.

552 4768 629 4824 Ita
654 4776 755 4830 est.
789 4767 1008 4835 Lector,
1054 4781 1399 4838 nequaquam
1449 4781 1601 4821 meus
1639 4765 1833 4822 fuisset
1868 4742 2071 4833 magni
2100 4764 2147 4825 υ
2173 4772 2337 4828 opera
2367 4742 2568 4825 publici
2592 4740 2744 4826 juris
2774 4755 2955 4812 facere
2987 4757 3390 4830 protelaverim,
3415 4770 3469 4817 et
3490 4776 3590 4817 cur
3615 4763 3763 4823 votis

485 4859 773 4917 Laufranci
802 4860 1199 4931 evulgationem
1219 4857 1462 4930 aggredt,
1483 4858 1679 4913 nedum
1706 4858 2071 4914 adnotationi-

490 4957 592 5008 lms
619 4952 914 5016 illustrare,
942 4953 995 5006 ni
1022 4936 1686 5020 jttssissentanimumque
1713 4947 2069 5013 addidissent,

496 5064 524 5093 ρ
556 5062 781 5113 mini-mn
826 5054 956 5098 nutu
981 5044 1189 5114 pendeo
1223 5051 1385 5108 totus,
1425 5043 1752 5111 superiores,
1778 5057 1985 5097 necnon
2019 5052 2073 5096 et

498 5140 676 5203 ιεἰιγκς
709 5136 804 5188 viri
835 5135 1000 5197 docti,
1031 5149 1152 5188 cum
1185 5132 1384 5197 verbis,
1424 5141 1533 5186 tum
1559 5132 1753 5188 litteris
1776 5133 2071 5204 impensius

496 5250 517 5257 λ»
566 5234 888 5282 ἷκτίιὶδεθηί.
948 5226 1015 5279 Et
1051 5240 1179 5279 vero
1231 5239 1342 5279 suae
1406 5224 1629 5278 inscitia!
1680 5240 1784 5277 non
1836 5208 2071 5287 nescius,

619 5301 831 5372 cimicis
860 5318 1301 5373 exercitamenlis
1328 5315 1636 5371 necessario
1684 5315 2071 5387 lltlerpcllaltls,

639 5413 817 5461 c'ii::<lt‘
849 5408 1163 5478 interruptis
1202 5408 1392 5461 studiis
1441 5407 1703 5460 duntaxat
1765 5405 2076 5460 incumbere

1604 5524 1630 5547 τι
1668 5511 1845 5548 terum
1892 5495 2071 5566 gravi-

729 5508 830 5539 t-w:
878 5499 1054 5547 υττξιὶιρ
1076 5512 1207 5547 mm;
1244 5498 1399 5545 τέἶτνννπ
1456 5510 1499 5535 θ’

1498 5596 1552 5638 et
1608 5584 2078 5639 observationibus

794 5695 911 5745 qu...
942 5696 1004 5745 po
1038 5682 1147 5730 est?
1182 5678 1254 5727 lin
1287 5690 1472 5739 causa,
1530 5682 1586 5726 ιιι
1632 5673 1792 5733 scias,
1845 5672 2077 5742 benigne

497 5769 690 5831 lector,
748 5760 870 5820 cur~
902 5768 1082 5820 tandin
1137 5762 1433 5819 beatissimi
1496 5761 1635 5815 illius
1684 5760 2075 5833 archiepisc0pi

2148 4848 2555 4905 nonnullorum
2586 4848 2738 4903 ocius
2760 4864 2823 4904 ac
2852 4848 3062 4906 felicius
3097 4849 3281 4907 forsan
3320 4868 3428 4908 non
3460 4855 3761 4922 respondeo

2173 4943 2295 4996 rim.
2341 4940 2410 4996 Ut
2443 4950 2500 4993 ut
2525 4941 2597 4995 sit
2628 4943 2862 5006 tandem,
2911 4944 3054 5012 quod
3100 4943 3243 4999 bono
3287 4946 3469 5003 animo
3526 4947 3760 5014 contuli,

2171 5033 2307 5102 aequi
2338 5032 2570 5101 bonique
2602 5032 2850 5086 consulas
2876 5033 3055 5086 velim.
3722 5028 3725 5029 ν

2245 5122 2300 5176 lu
2334 5122 2434 5175 hac.
2464 5137 2624 5190 porro
2653 5123 2886 5176 editione
2915 5123 3041 5190 quid
3095 5124 3511 5192 prmstiterimus
3572 5127 3764 5198 paucis

2177 5228 2283 5267 non
2309 5214 2403 5264 alis
2433 5226 2488 5265 re
2516 5213 2621 5265 erit
2655 5212 2886 5278 aperire.
2920 5212 3095 5266 Vitam
3126 5212 3187 5266 B.
3220 5213 3531 5281 Lanfranci,
3586 5218 3732 5285 puhli
3754 5250 3766 5258 -

2150 5320 2295 5360 cam
2330 5321 2355 5356 a
2399 5305 2552 5357 nobis
2604 5304 2656 5356 in
2708 5303 2877 5357 lucem
2931 5304 3228 5369 emissam,
3286 5307 3455 5375 ipsius
3508 5296 3765 5376 operibus

2150 5396 2540 5465 rprtelixitnus;
2575 5393 2739 5447 multa
2772 5405 2951 5448 tamen
2978 5403 3163 5449 notatu
3217 5396 3554 5465 dignissima,
3588 5410 3644 5452 et
3668 5415 3765 5473 va-

2183 5483 2650 5553 rietatejucunda,
2678 5498 2903 5554 quzeque
2935 5484 3034 5538 viri
3083 5485 3392 5549 scientiam,
3429 5487 3761 5556 doctrinam,

2183 5580 2462 5648 pietatem,
2503 5578 2821 5646 sapientiam
2871 5577 3309 5645 Spectabiliorem
3352 5580 3605 5643 reddunt,
3658 5595 3762 5634 au-

2183 5662 2736 5738 ctrrrprmtermisiSse
2785 5669 3040 5736 videtur,
3087 5685 3184 5724 nos
3252 5686 3350 5739 pro
3394 5671 3655 5741 singulari
3705 5672 3762 5727 Su

2184 5761 2894 5817 sanctissimumdoctorem
2919 5761 3222 5827 devotione,
3256 5776 3317 5815 ex
3352 5761 3581 5817 diversis
3627 5777 3765 5830 prin-
