3954 6306
190 315 254 368 13

1552 301 2073 361 PROLEGOMENA.

3384 302 3549 367 Ν,

188 431 342 499 cipue
372 427 660 482 coaetaneis
684 424 768 480 vel
799 408 1121 494 supparibus
1170 418 1526 490 scr'ptoribus
1552 433 1615 473 ea
1667 416 1774 471 col-
1809 421 1847 476 Α
1879 415 2073 484 ginulze
2094 412 2486 467 onerabantur.
2528 411 2756 484 Obliqua
2808 413 2977 468 multa
3023 422 3077 470 et
3139 430 3453 472 transversa

187 517 379 588 ligcre.
411 517 656 584 natisque
678 523 732 569 et
768 511 1239 567 observationibus
1285 509 1525 561 inserere
1584 518 1773 559 sumus

192 609 463 677 majorem
490 610 543 663 in
576 607 791 662 modum
824 603 1097 660 delectati.
1146 600 1453 669 Adjccimus
1482 599 1565 655 his
1588 596 1776 681 funda-

187 702 366 757 tiones
388 710 441 754 ct
469 699 745 770 privilegia
773 695 1226 752 monasteriorum
1271 692 1458 747 Sancti
1488 687 1774 771 Stephani,

186 805 396 847 necnon
423 789 790 846 Sanctissimae
837 787 1125 842 Trinitatis
1178 782 1632 846 Cadomensium;
1686 794 1779 834 eo-

186 898 306 938 rum
333 883 477 937 enim
501 890 693 936 auctor
714 879 816 935 fuit
862 896 923 935 ac
951 878 1114 933 veluti
1146 875 1404 930 fundator
1428 876 1487 929 Β.
1521 871 1781 927 Lanfran-

185 989 314 1033 cus;
356 973 410 1026 in
442 987 655 1026 summo
710 971 1071 1025 versabantur
1121 966 1440 1021 discrimine
1494 961 1778 1032 (quemad-

188 1062 407 1117 modum
438 1061 553 1115 suis
580 1060 713 1114 locis
737 1056 1116 1126 indicavimus)
1147 1065 1311 1124 atque
1338 1054 1453 1109 hzec
1488 1052 1602 1120 ipsa
1652 1065 1783 1104 exo—

190 1154 415 1225 ptabant
443 1152 585 1207 docti
611 1151 713 1205 viri
745 1148 1020 1220 permulti.
1054 1147 1162 1203 Illa:
1207 1146 1425 1201 tandem
1479 1144 1783 1199 adnotatio—

195 1260 295 1301 nes
330 1261 434 1300 non
488 1242 807 1313 spernendis
836 1238 1223 1303 monumentis,
1257 1238 1309 1293 in
1338 1236 1560 1309 pulvere
1588 1245 1641 1291 et
1674 1235 1783 1291 situ

192 1335 537 1399 laetantibus,
570 1333 720 1388 fuere
747 1348 776 1387 a
802 1332 958 1387 nobis
990 1332 1282 1386 decoratae.

261 1424 706 1480 Elucubrationes
729 1422 781 1477 in
810 1421 1077 1492 Epistolas
1102 1420 1161 1473 Β.
1188 1418 1362 1483 Pauli,
1392 1426 1616 1487 propter
1654 1430 1785 1486 ope-

188 1516 265 1570 ris
289 1515 626 1584 dignitatem,
659 1513 890 1583 primum
928 1511 1178 1567 obtinent
1228 1509 1435 1574 locum;
1502 1506 1602 1562 SS.
1655 1507 1785 1560 Am-

186 1606 427 1660 brOSium
464 1614 517 1660 et
544 1605 902 1674 AugnStinum
944 1603 1200 1659 continuo
1249 1601 1443 1667 ferme,
1474 1600 1557 1655 bis
1588 1607 1787 1654 autter

1878 507 2108 571 inerant,
2140 506 2213 558 ita
2233 505 2375 575 quod
2398 507 2532 561 ordo
2570 514 2746 576 textus
2801 507 3163 576 Epistolarum
3227 511 3456 567 minime

1878 605 2209 660 servaretur,
2232 610 2421 650 verum
2452 610 2572 665 quae
2599 611 2667 650 ΘΧ
2697 610 2806 650 uno
2833 608 3053 652 HUCIOI‘G
3098 602 3451 666 protereban-

1880 696 1967 742 tur
1996 688 2047 741 in
2087 687 2324 757 qualibet
2355 689 2570 758 pagina,
2599 704 2651 742 v.
2686 704 2761 758 g.,
2804 688 2860 742 S.
2894 686 3180 758 Augustini
3202 694 3462 750 continuo

1880 777 2162 845 scripturae
2190 777 2379 831 ordine
2418 777 2652 842 inverso,
2706 779 3171 846 expendebantur.
3229 780 3463 839 Verum-

1884 876 2214 920 tamencum
2257 866 2462 921 nullum
2511 867 2656 922 aliud
2704 870 2983 938 exemplar
3038 871 3189 942 (licet
3231 873 3466 930 diversis

1882 957 2218 1010 diversarum
2272 959 2551 1027 regionum
2595 959 2728 1015 viris
2773 961 2966 1027 doctis,
3017 972 3072 1018 et
3121 965 3466 1035 antiquariis,

1882 1050 2070 1121 Anglis
2106 1049 2431 1120 praesertim,
2482 1049 2854 1117 Nortmannis,
2908 1052 3160 1124 etBelgis
3216 1057 3471 1127 scripsis-

1884 1154 2022 1205 sem,
2044 1143 2113 1196 ob
2138 1141 2298 1211 idque
2321 1140 2582 1210 plurimas
2609 1140 2830 1207 Parisiis
2852 1141 3215 1201 Bibliothecas
3243 1146 3470 1203 lustras-

1885 1231 2019 1303 sem)
2052 1232 2381 1302 suppeditari
2413 1234 2699 1302 potuisset,
2730 1249 2948 1290 onmem
2988 1253 3196 1303 curam,
3250 1255 3468 1295 omnem

1887 1324 2149 1390 laborem,
2175 1341 2337 1379 omne
2361 1326 2619 1390 studium,
2643 1342 2859 1382 onmem
2881 1328 3113 1398 denique
3143 1330 3467 1391 industriam

1868 1414 2104 1487 adhibui
2133 1426 2377 1485 utquam
2415 1417 2836 1487 castigatissime
2868 1420 3302 1477 Commentarius
3340 1425 3474 1488 iste,

1888 1509 1955 1562 ad
1984 1508 2167 1562 limam
2199 1509 2393 1579 saepius
2432 1517 2487 1563 et
2539 1509 2787 1565 incudem
2848 1516 3114 1569 revocatis
3166 1519 3471 1580 sententiis,

1888 1603 2169 1667 ederetur;
2203 1601 2464 1670 impedire
2501 1602 2854 1659 nihilominus
2905 1605 2957 1659 id
3009 1620 3188 1675 operae
3230 1612 3476 1680 nequivit

184 1697 525 1751 solummodo
552 1670 654 1751 $8:
687 1696 1077 1767 Hieronymum
1108 1703 1162 1748 et
1197 1693 1516 1763 Gregorium
1537 1693 1786 1763 Magnum
1817 1670 2019 1773 _unin
2056 1702 2234 1746 errata
2270 1693 2609 1761 irrepscrint,
2642 1695 2852 1749 sicutet
2899 1696 2952 1749 in
2976 1670 3292 1768 appendice,
3320 1670 3475 1773 ’ψιοά

186 1789 241 1842 in
265 1789 501 1843 medium
526 1787 752 1860 profert,
789 1787 1118 1859 praefertque
1141 1801 1253 1842 sua:
1276 1786 1563 1841 sententia:
1592 1793 1783 1838 auctor
1816 1768 1857 1826 Β
1889 1786 2065 1839 minus
2093 1786 2334 1851 studiose
2364 1786 2756 1857 diligenterque
2805 1775 3189 1862 chalcographi
3221 1768 3475 1850 sese-ha-

187 1890 395 1935 nostcr.
430 1879 573 1935 Loca
603 1880 892 1935 citavimus
913 1879 976 1932 B.
1002 1877 1314 1949 Augustini,
1348 1885 1546 1948 praeter
1570 1875 1785 1947 paucis-

174 1970 355 2035 sima;
383 1970 554 2024 sancti
588 1985 717 2025 vero
744 1968 1016 2024 Ambrosii
1043 1967 1379 2032 nullatenus,
1415 1965 1614 2035 quippe
1644 1966 1785 2019 inter

186 2052 308 2130 ejus
368 2074 533 2131 opera
587 2075 656 2116 ne
716 2059 939 2114 verbum
1010 2059 1224 2128 quidem
1293 2057 1579 2112 citatormn
1638 2070 1667 2109 a
1721 2055 1781 2109 Β.

188 2153 519 2221 Lanfranco,
563 2154 665 2209 etsi
696 2153 899 2207 diutius
936 2152 1270 2221 multumque
1303 2150 1356 2203 in
1418 2149 1521 2203 illis
1569 2148 1788 2202 adiuve-

188 2248 408 2302 nicndis
438 2246 909 2309 desudaverimus,
942 2244 1098 2298 licuit
1120 2243 1400 2307 invenire;
1432 2240 1526 2296 sed
1551 2240 1789 2295 maxime

187 2336 259 2391 ab
287 2336 528 2405 Epistola
559 2337 626 2390 ad
659 2336 931 2390 Romanos
985 2335 1050 2388 ad
1102 2332 1399 2403 Epistolam
1448 2331 1515 2385 ad
1564 2328 1790 2385 Galatas

188 2443 397 2496 usque;
435 2426 706 2497 siquidem
757 2427 809 2480 in
861 2422 1129 2494 Epistolas
1178 2424 1245 2478 ad
1298 2422 1572 2476 Romanos
1621 2428 1677 2473 et
1722 2418 1790 2472 ad

188 2518 509 2574 Corinthios
565 2519 728 2572 verba
772 2517 873 2572 sub
910 2516 1127 2571 nomine
1179 2514 1241 2568 Ι).
1276 2512 1549 2568 Ambrosii
1590 2511 1791 2581 produ-

191 2619 305 2675 cta,
334 2610 386 2663 in
415 2609 822 2663 Commentario
845 2609 945 2679 ipsi
989 2622 1273 2679 perperam
1314 2605 1552 2674 ascripto
1589 2617 1789 2658 occur-

193 2717 320 2757 rere
351 2700 639 2766 nonnulla;
673 2699 812 2754 haud
834 2699 1083 2769 equidem
1112 2706 1532 2767 consequenter,
1567 2694 1659 2750 sed
1686 2708 1790 2748 una

195 2803 291 2848 aut
328 2793 494 2849 altera
527 2794 665 2849 linea
698 2794 839 2848 intra
886 2793 1099 2863 paginrc
1161 2791 1442 2846 dimidium
1499 2788 1790 2843 identidem

184 2884 481 2954 'dcsumpta
514 2884 747 2947 videtur,
774 2897 1166 2951 nonnunquam
1192 2884 1298 2935 duo
1320 2891 1415 2935 aut
1452 2879 1553 2933 tria
1605 2876 1790 2932 verba.

190 2974 357 3030 Unde
400 2964 592 3045 magna
646 2974 775 3029 mihi
829 2974 1065 3044 suspicio
1092 2980 1176 3027 est
1221 2971 1280 3026 Β.
1333 2969 1795 3038 Ῑλίιηῐιτιηοὶωγο

199 3066 612 3121 Counnentaria
660 3068 835 3121 sancti
886 3065 1160 3120 Ambrosii
1207 3064 1507 3129 exstitisse,
1559 3076 1679 3133 qua:
1728 3061 1794 3114 ad

200 3168 393 3214 nostra
428 3168 667 3227 tempora
702 3158 1116 3227 haudquaquam
1159 3164 1541 3225 pervenerunt,
1597 3154 1683 3209 vel
1726 3152 1800 3206 la-
1826 3152 1871 3177 “

204 3260 327 3304 tere
364 3249 600 3303 alicubi.
633 3249 716 3304 Ab
749 3250 849 3304 hac
904 3249 1213 3320 conjectura
1272 3249 1494 3303 minime
1547 3248 1807 3307 abhorret

198 3340 477 3397 Antonius
512 3340 838 3396 l’ossevinus‘
875 3340 928 3395 in
981 3340 1258 3411 Apparatu
1313 3354 1472 3394 sacro
1522 3338 1590 3393 de
1643 3339 1797 3396 hisce

202 3431 638 3488 Commentariis
658 3447 858 3502 agens:
889 3450 907 3482 ι
936 3428 1054 3483 lam
1084 3445 1233 3494 vero,
1260 3429 1460 3500 inquit,
1512 3428 1803 3484 Commen-

192 3524 382 3578 ‘tarios
404 3523 456 3577 in
483 3522 756 3593 Epistolas
785 3520 938 3576 Pauli
980 3535 1087 3575 non
1146 3534 1267 3574 esse
1315 3519 1612 3584 Ambrosii,
1639 3520 1804 3575 hosce

207 3614 304 3685 qui
328 3614 438 3669 dati
470 3624 598 3669 sunt
648 3613 825 3684 prelo,
881 3612 977 3668 sed
1037 3611 1310 3667 interiisse
1356 3625 1677 3683 persuasum
1725 3618 1811 3665 est

194 3704 328 3760 fere
353 3705 686 3760 doctoribus.
723 3723 740 3756 ι

286 3796 586 3866 Agnoveris
606 3795 770 3851 etiam
805 3795 859 3849 in
917 3794 1020 3849 hoc
1069 3793 1255 3849 eodem
1311 3792 1601 3848 Lanfranci
1650 3792 1811 3848 Com-

214 3888 485 3942 mentario
512 3888 775 3958 quasdam
816 3886 1142 3949 sententias,
1168 3901 1287 3953 quae
1312 3886 1582 3940 Ambrosii
1613 3900 1809 3941 nomen

204 3993 332 4049 prae
356 3994 417 4033 se
444 3979 644 4044 ferunt,
679 3993 866 4034 revera
898 3993 1020 4033 esse
1040 3977 1358 4048 Augustini,
1382 3978 1653 4041 videlicet,
1686 3992 1810 4049 pag.

219 4068 345 4133 ηε,
371 4069 424 4124 in
455 4068 633 4140 Epist.
668 4069 733 4123 ad
766 4067 1011 4133 Galatas,
1036 4066 1101 4122 ad
1136 4069 1250 4122 haec
1304 4067 1466 4122 verba
1515 4067 1708 4138 capitis
1732 4068 1766 4122 5
1796 4085 1811 4122 :

204 4159 709 4225 lediator’autem,
746 4166 903 4225 etc.,'
935 4160 981 4214 εἰ
1011 4156 1190 4213 Filius
1254 4157 1351 4212 Dei
1400 4158 1659 4224 naturali,
1703 4167 1813 4215 etc.
1903 4155 1907 4158 ’

217 4250 353 4305 Item
381 4249 606 4316 ibidem,
636 4264 761 4321 pag.
803 4249 907 4306 129
936 4266 951 4303 :
976 4246 1079 4303 Sed
1109 4247 1365 4303 conclusit
1389 4246 1814 4315 Conclusio,ctc.

206 4343 292 4399 Et
314 4342 381 4398 ad
409 4352 572 4414 caput
601 4342 634 4396 ι
661 4342 904 4413 ejusdem
930 4341 1189 4412 Epistolas
1219 4356 1341 4411 pag.
1376 4341 1472 4396 131
1510 4339 1817 4395 :Elementa

1888 1875 2124 1929 buerint.

1958 1970 2204 2026 Glossula
2228 1971 2447 2042 quidem
2478 1974 2845 2032 inlerlinearis
2869 1978 2925 2047 in,
2945 1984 3281 2053 autographa
3301 1996 3478 2042 exsta-

1888 2062 2001 2128 bat,
2031 2064 2123 2120 sed
2152 2078 2273 2118 cum
2301 2066 2691 2123 obscuritatem
2721 2070 2967 2142 ingerere
2995 2074 3268 2132 videretur
3314 2079 3483 2150 (litte-

1892 2169 2007 2207 ram
2034 2154 2179 2209 enim
2232 2158 2589 2225 grammatice
2644 2160 2900 2229 explanat
2952 2166 3201 2235 subinde)
3263 2168 3483 2237 interje—

1891 2252 2057 2307 ctam,
2086 2244 2345 2297 nimirum
2387 2246 2713 2313 explicatins
2760 2252 2926 2306 verba
2982 2255 3309 2311 enodantem
3363 2261 3480 2327 pla-

1892 2333 2005 2386 cuit
2036 2333 2319 2401 evulgare;
2346 2335 2412 2387 ab
2437 2337 2676 2390 auctoris
2694 2347 2875 2392 tamen
2905 2348 2961 2393 et
2986 2352 3184 2407 mente,
3245 2356 3300 2399 et
3321 2362 3479 2402 sensu

1880 2416 2202 2485 verborum,
2244 2437 2349 2476 non
2382 2431 2769 2493 transversum,
2818 2436 2871 2480 ut
2897 2428 3068 2495 aiunt,
3119 2448 3346 2503 unguem
3374 2438 3485 2492 ds-

1896 2511 2053 2565 cessi.
2114 2512 2183 2565 At
2212 2522 2473 2582 quantum
2504 2513 2584 2569 fas
2614 2515 2735 2579 fuit,
2794 2520 3049 2589 potuique
3077 2522 3341 2591 divinare,
3366 2544 3489 2597 ger-

1897 2618 2054 2657 mana
2085 2602 2376 2659 Lanfranci
2410 2607 2572 2660 verba
2600 2609 2885 2678 descripsi,
2919 2621 2968 2664 et
2999 2613 3085 2667 ubi
3126 2614 3335 2673 litteras
3359 2634 3488 2674 sco-

1897 2706 2086 2747 sumve
2111 2692 2386 2764 explicare
2418 2709 2522 2750 non
2554 2695 2814 2764 valerent,
2847 2712 3045 2769 puncta
3072 2704 3313 2776 interjcci
3367 2710 3486 2765 let-0
3578 2736 3581 2747 κ

1896 2784 2212 2852 verborum;
2238 2786 2320 2841 vel
2342 2802 2473 2842 sane
2496 2788 2539 2842 si
2563 2792 2779 2859 quando
2804 2793 3116 2852 obscuriora
3137 2805 3486 2869 attexuerim,

1898 2876 1951 2931 in
1982 2877 2228 2949 margine
2253 2879 2596 2951 conjecturas
2618 2882 2810 2952 adjeci.

1970 2970 2111 3022 Loca
2167 2968 2363 3025 divina:
2412 2970 2707 3042 Scriptura:
2751 2989 2872 3030 cum
2903 2978 3136 3050 vulgatis
3176 2982 3387 3050 Bibliis,
3429 2998 3489 3040 et

1902 3061 2200 3116 sententias
2240 3061 2302 3115 Β.
2347 3062 2632 3133 Augustini
2659 3081 2781 3122 cum
2811 3069 3047 3126 editione
3074 3073 3483 3146 Antuerpiensi.

1906 3155 2147 3210 omnium
2171 3156 2606 3229 castigatissima,
2638 3161 2966 3219 contulimus
3000 3184 3012 3219 :
3037 3166 3305 3233 Quantum
3329 3171 3395 3227 ad
3425 3172 3490 3228 S.

1908 3247 2273 3317 Ambrosium,
2320 3250 2572 3309 conferre
2622 3242 2775 3310 licuit
2797 3256 2951 3323 nihil,
2999 3271 3221 3330 propter
3249 3265 3493 3321 rationes

1908 3338 2158 3408 superius
2186 3339 2403 3398 allatas.

1982 3428 2048 3483 Et
2070 3430 2194 3500 quia
2225 3429 2286 3483 Β.
2311 3431 2648 3491 Lanfrancus
2668 3435 2901 3507 glossula
2925 3454 3020 3495 sua
3044 3443 3303 3501 continuo
3324 3462 3493 3519 prope

1912 3526 2119 3574 textum
2169 3523 2442 3588 emendat,
2479 3540 2579 3581 nos
2620 3542 2684 3581 ea
2713 3528 2781 3585 de
2809 3545 2867 3585 re
2896 3530 3210 3603 glossulam,
3242 3539 3330 3593 ubi
3363 3540 3497 3594 sitn-

1912 3611 2032 3683 plex
2084 3612 2183 3669 fuit
2212 3617 2503 3685 correctio,
2554 3619 2934 3690 subticuimus,
2954 3634 3009 3678 et
3039 3625 3319 3699 Vulgatatn
3356 3633 3499 3687 hanc

1913 3704 2085 3775 ipsam
2101 3721 2288 3763 sumus
2314 3707 2366 3762 in
2394 3719 2580 3765 nostra
2607 3711 2847 3769 editione
2873 3718 3066 3784 secuti,
3091 3721 3279 3791 paucis
3305 3723 3496 3781 saltem

1914 3798 2157 3869 exceptis
2193 3814 2314 3869 quae
2355 3802 2661 3867 inconsulto
2701 3806 2989 3877 irrepsere,
3031 3812 3261 3882 exempli
3302 3818 3501 3884 gratia,

1915 3889 2366 3947 Itolocaustomata
2410 3910 2508 3965 pro
2560 3897 3011 3969 Itolocautomata,
3055 3906 3303 3975 quamvis
3354 3907 3496 3962 idem

1917 3994 2131 4041 sonent.

1987 4078 2082 4133 lllo
2117 4079 2170 4133 in
2218 4078 2617 4139 Commentario
2664 4083 2797 4141 duas
2844 4087 3184 4156 patissimutn
3215 4091 3284 4147 ob
3310 4106 3506 4147 causas

1921 4169 2061 4239 (mea
2094 4174 2383 4243 sententia)
2427 4174 2681 4231 brevitati
2711 4182 2920 4235 studuit
2950 4194 3181 4249 auctor;
3214 4185 3383 4239 altera
3422 4196 3508 4240 est

1919 4262 2174 4330 quoniam
2225 4263 2279 4319 id
2309 4271 2440 4319 tunc
2463 4268 2741 4334 temporis,
2777 4284 2842 4323 ac
2893 4270 3064 4324 multo
3090 4272 3261 4340 prius,
3289 4273 3505 4330 divina-

1921 4367 2042 4407 rum
2098 4366 2282 4408 rerum
2358 4364 2817 4413 commentatores
2889 4374 3101 4415 sacram
3166 4360 3507 4434 Scripturam

206 4435 282 4490 id
308 4444 407 4503 est,
432 4436 752 4506 temporibus
773 4433 1059 4499 servitutis,
1106 4442 1214 4488 etc.
1258 4433 1487 4489 Exstant
1532 4432 1649 4487 haec
1675 4433 1819 4500 apud
1849 4456 1901 4517 Ι)
1922 4443 2211 4506 λακωνικῶς
2240 4443 2775 4517 interpretabantur;
2810 4450 2979 4509 altera
3010 4468 3159 4522 vero,
3184 4432 3312 4527 quia
3338 4457 3507 4513 studii

223 4525 606 4595 Augustinum,
640 4525 733 4580 lib.
772 4524 1137 4595 Expositionis
1172 4522 1427 4592 Epistula:
1470 4522 1537 4579 ad
1578 4520 1822 4585 Galatas,

223 4623 358 4670 ante
381 4615 642 4671 medium.
666 4615 733 4670 Et
758 4616 871 4670 haec
897 4614 1207 4685 objicienda
1239 4611 1447 4682 putavi,
1483 4622 1752 4682 quatenus
1779 4614 1825 4668 si

208 4705 408 4777 quaid
437 4718 609 4777 genus
641 4705 952 4781 offenderis,
982 4704 1178 4769 lector,
1241 4704 1463 4774 colligas
1513 4718 1576 4757 ea
1625 4702 1828 4774 promi-

226 4804 361 4853 scue
380 4805 435 4851 et
460 4798 758 4851 oscitanter
787 4811 818 4849 a
843 4795 1066 4851 librario
1094 4793 1265 4849 fuisse
1320 4792 1381 4848 Β.
1425 4792 1717 4848 Ambrosio
1742 4807 1828 4847 as-

228 4888 461 4960 signata.
503 4887 695 4943 Omnia
724 4890 903 4943 alitem
926 4901 1271 4958 percurrere,
1298 4893 1462 4955 atque
1478 4883 1545 4937 ad
1566 4883 1826 4939 amussim

220 4986 513 5046 revocare,
550 4989 605 5035 et
637 4980 783 5035 locos
814 4995 880 5035 ex
941 4989 1178 5049 utroque
1220 4979 1446 5033 doctore
1511 4976 1581 5031 ab
1637 4977 1827 5031 eodem

232 5073 546 5129 Lanl‘ranco
582 5081 861 5128 mutuatos
890 5072 1189 5135 conferre,
1247 5069 1485 5139 ingentis
1518 5076 1663 5123 esset
1713 5067 1731 5132 (
1762 5080 1831 5122 ne

216 5162 413 5219 dicam
446 5166 713 5219 Immanas
741 5163 1132 5233 propemodum
1192 5161 1338 5217 vires
1369 5159 1729 5229 excedentis)
1778 5167 1833 5214 et

218 5254 443 5310 laboris
474 5254 704 5309 forsitan
730 5253 911 5307 vacui.

311 5366 541 5423 Caduca:
570 5368 705 5423 adeo
724 5376 881 5422 erant
906 5365 1100 5420 littera:
1129 5378 1193 5419 ac
1215 5361 1587 5416 minutissima:
1612 5359 1831 5431 (coaeta-

242 5472 343 5513 nea
370 5464 567 5512 tamen“
597 5468 652 5512 et
709 5472 814 5511 non
862 5453 1152 5526 iueleganti
1206 5468 1367 5507 manu
1406 5449 1693 5518 exaratte),
1755 5449 1831 5502 uti

243 5550 419 5605 visunt
453 5549 704 5621 fugerent
726 5548 1049 5617 aliquando;
1083 5546 1263 5599 lituris
1293 5545 1516 5612 insuper
1542 5541 1832 5596 Con‘imen-

246 5641 420 5695 tarius
460 5641 739 5709 plerisque
794 5640 848 5694 in
900 5638 1036 5692 locis
1080 5634 1579 5700 contaminabatur,
1626 5632 1836 5687 mendis

246 5748 356 5787 non
382 5733 647 5800 carebat,
686 5731 962 5788 asteriscis
1005 5739 1061 5785 et
1111 5728 1280 5784 obelis
1318 5725 1668 5785 subobscuris
1697 5741 1834 5779 mar-

1928 4549 2139 4604 parum,
2168 4535 3010 4612 meditationis;quamplurimum
3039 4545 3243 4602 divinis
3276 4548 3329 4601 in
3359 4546 3513 4602 Serio

1927 4624 2522 4723 muris-intelligenda,
2556 4647 2655 4687 usu
2693 4634 2863 4704 probe
2895 4636 2979 4691 vir
3023 4637 3111 4692 ille
3133 4638 3331 4694 divinae
3359 4643 3514 4696 theo-

1928 4716 2027 4770 ria
2049 4716 2446 4791 scientissimus
2471 4732 2701 4787 noverat
2720 4723 3130 4784 insumendum.
3172 4772 3183 4777 ς

2000 4804 2141 4862 Loca
2172 4823 2203 4862 e
2238 4808 2384 4864 Petri
2431 4809 2726 4869 Lombardi
2775 4814 3258 4876 lucubrationibus
3291 4820 3513 4877 in'Pau-

1929 4896 2039 4950 lum
2062 4898 2332 4968 descripta
2381 4913 2448 4953 ac
2497 4898 2653 4955 initio
2700 4899 3229 4963 Commentariorum
3279 4926 3309 4963 a
3356 4912 3514 4969 nobis

1930 4995 2156 5050 attexta,
2218 4988 2362 5043 aliud
2402 5005 2537 5060 opus
2579 4992 2634 5046 in
2677 4988 2949 5062 Epistolas
2993 4997 3235 5066 Apostoli
3276 5001 3515 5056 edidisSe

1929 5079 2292 5135 Lanlrancum
2321 5083 2605 5154 indigitare
2628 5086 2901 5153 videntur,
2942 5099 3128 5158 utpote
3149 5106 3292 5160 quae,
3314 5101 3514 5159 praeter

1932 5171 2037 5226 duo
2074 5172 2399 5240 posteriora,
2438 5176 2663 5232 minime
2689 5180 3013 5247 prostantin
3047 5182 3132 5236 his
3166 5180 3515 5237 Commenta-

1934 5265 2052 5318 riis.
2086 5262 2249 5319 Forte
2273 5264 2416 5320 aliud
2447 5269 2715 5337 sepultum
2746 5271 3010 5330 hactenus
3040 5274 3280 5344 pulvere,
3328 5275 3515 5331 blattis

1911 5347 2203 5426 'tiueisque
2252 5358 2686 5428 depraedantibus
2725 5378 2972 5433 exesum.
3031 5366 3164 5420 Cum
3213 5381 3343 5423 vero
3374 5367 3516 5421 ullus

1935 5445 2289 5503 dubitationis
2319 5463 2454 5504 mete
2475 5463 2717 5505 assertor
2746 5469 3015 5523 nusquam
3052 5464 3326 5521 occurrat,
3364 5459 3515 5527 quod

1935 5541 2276 5612 publicamus
2342 5536 2804 5599 Commentarium
2858 5545 3016 5613 nobis
3079 5547 3300 5603 interim
3351 5547 3518 5603 fuerit

1937 5630 2151 5687 solatio.

2012 5723 2323 5781 Tractatum
2370 5724 2447 5785 De
2492 5725 2836 5783 eucharistiae
2873 5737 3218 5799 sacramento
3261 5728 3515 5797 (repetita
