  <div class='ocr_page' id='page_1' title='image "/cluster/home/n/w/nwhite01/storage/ocr_20150623/150/hvd.32044015473788/013.png"; bbox 0 0 3954 6306; ppageno 0'>
   <div class='ocr_carea' id='block_1_1' title="bbox 500 326 3012 435">
    <p class='ocr_par' dir='ltr' id='par_1_1' title="bbox 500 326 3012 435">
     <span class='ocr_line' id='line_1_1' title="bbox 500 326 3012 435; baseline 0.001 -12"><span class='ocrx_word' id='word_1_1' title='bbox 500 353 564 435; x_wconf 63' lang='lat' dir='ltr'><strong>is</strong></span> <span class='ocrx_word' id='word_1_2' title='bbox 1236 374 1297 427; x_wconf 84' lang='lat' dir='ltr'><strong>n.</strong></span> <span class='ocrx_word' id='word_1_3' title='bbox 1340 368 1799 428; x_wconf 70' lang='lat' dir='ltr'><strong>LANFBANCUS</strong></span> <span class='ocrx_word' id='word_1_4' title='bbox 1827 326 2375 425; x_wconf 67' lang='lat' dir='ltr'><strong>eAx&#39;rusntsssrs</strong></span> <span class='ocrx_word' id='word_1_5' title='bbox 2412 332 3012 426; x_wconf 70' lang='lat' dir='ltr'><strong>mentemscorus.</strong></span> 
     </span>
    </p>
   </div>
   <div class='ocr_carea' id='block_1_2' title="bbox 3702 372 3799 428">
    <p class='ocr_par' dir='ltr' id='par_1_2' title="bbox 3702 372 3799 428">
     <span class='ocr_line' id='line_1_2' title="bbox 3702 372 3799 428; baseline 0.031 -3"><span class='ocrx_word' id='word_1_6' title='bbox 3702 372 3799 428; x_wconf 66' lang='grc'><strong>16</strong></span> 
     </span>
    </p>
   </div>
   <div class='ocr_carea' id='block_1_3' title="bbox 491 481 3789 559">
    <p class='ocr_par' dir='ltr' id='par_1_3' title="bbox 491 481 3789 559">
     <span class='ocr_line' id='line_1_3' title="bbox 491 481 3789 559; baseline -0.003 -11"><span class='ocrx_word' id='word_1_7' title='bbox 491 494 726 549; x_wconf 69' lang='grc' dir='ltr'><strong>ε.ἒίῐῖοηρ</strong></span> <span class='ocrx_word' id='word_1_8' title='bbox 780 488 1055 545; x_wconf 77' lang='lat' dir='ltr'><strong>uiultoties</strong></span> <span class='ocrx_word' id='word_1_9' title='bbox 1107 487 1443 558; x_wconf 82' lang='lat' dir='ltr'><strong>evu.gatum)</strong></span> <span class='ocrx_word' id='word_1_10' title='bbox 1486 482 1693 556; x_wconf 85' lang='lat' dir='ltr'><strong>primus</strong></span> <span class='ocrx_word' id='word_1_11' title='bbox 1724 482 1866 538; x_wconf 85' lang='lat' dir='ltr'><strong>eruit</strong></span> <span class='ocrx_word' id='word_1_12' title='bbox 1904 481 2075 535; x_wconf 83' lang='lat' dir='ltr'><strong>Fran-</strong></span> <span class='ocrx_word' id='word_1_13' title='bbox 2105 484 2154 543; x_wconf 77' lang='grc' dir='ltr'>Α</span> <span class='ocrx_word' id='word_1_14' title='bbox 2184 482 2355 537; x_wconf 89' lang='lat' dir='ltr'><strong>virum</strong></span> <span class='ocrx_word' id='word_1_15' title='bbox 2414 491 2659 537; x_wconf 88' lang='lat' dir='ltr'><strong>sanctum</strong></span> <span class='ocrx_word' id='word_1_16' title='bbox 2693 497 2919 559; x_wconf 62' lang='lat' dir='ltr'><strong>summa:</strong></span> <span class='ocrx_word' id='word_1_17' title='bbox 2963 482 3307 538; x_wconf 71' lang='lat' dir='ltr'><strong>abstinentiae</strong></span> <span class='ocrx_word' id='word_1_18' title='bbox 3344 483 3653 545; x_wconf 81' lang='lat' dir='ltr'><strong>addictum,</strong></span> <span class='ocrx_word' id='word_1_19' title='bbox 3705 499 3789 537; x_wconf 83' lang='lat' dir='ltr'><strong>ac</strong></span> 
     </span>
    </p>
   </div>
   <div class='ocr_carea' id='block_1_4' title="bbox 476 571 2076 647">
    <p class='ocr_par' dir='ltr' id='par_1_4' title="bbox 476 571 2076 647">
     <span class='ocr_line' id='line_1_4' title="bbox 476 571 2076 647; baseline -0.009 -7"><span class='ocrx_word' id='word_1_20' title='bbox 476 587 673 641; x_wconf 80' lang='lat' dir='ltr'><strong>&#39;eiscus</strong></span> <span class='ocrx_word' id='word_1_21' title='bbox 704 580 939 637; x_wconf 83' lang='lat' dir='ltr'><strong>Carreus</strong></span> <span class='ocrx_word' id='word_1_22' title='bbox 968 594 1062 634; x_wconf 88' lang='lat' dir='ltr'><strong>seu</strong></span> <span class='ocrx_word' id='word_1_23' title='bbox 1090 576 1419 647; x_wconf 70' lang='lat' dir='ltr'><strong>Quadratus,</strong></span> <span class='ocrx_word' id='word_1_24' title='bbox 1451 574 1737 631; x_wconf 89' lang='lat' dir='ltr'><strong>Beccensis</strong></span> <span class='ocrx_word' id='word_1_25' title='bbox 1783 571 2076 636; x_wconf 71' lang='lat' dir='ltr'><strong>ctrnobita,</strong></span> 
     </span>
    </p>
   </div>
   <div class='ocr_carea' id='block_1_5' title="bbox 492 662 2075 744">
    <p class='ocr_par' dir='ltr' id='par_1_5' title="bbox 492 662 2075 744">
     <span class='ocr_line' id='line_1_5' title="bbox 492 662 2075 744; baseline -0.009 -14"><span class='ocrx_word' id='word_1_26' title='bbox 492 676 636 744; x_wconf 81' lang='lat' dir='ltr'><strong>quod</strong></span> <span class='ocrx_word' id='word_1_27' title='bbox 677 675 909 744; x_wconf 85' lang='lat' dir='ltr'><strong>ipsemet</strong></span> <span class='ocrx_word' id='word_1_28' title='bbox 959 672 1012 725; x_wconf 92' lang='lat' dir='ltr'><strong>in</strong></span> <span class='ocrx_word' id='word_1_29' title='bbox 1059 684 1183 735; x_wconf 87' lang='lat' dir='ltr'><strong>sua,</strong></span> <span class='ocrx_word' id='word_1_30' title='bbox 1218 684 1379 737; x_wconf 90' lang='lat' dir='ltr'><strong>quam</strong></span> <span class='ocrx_word' id='word_1_31' title='bbox 1421 666 1671 722; x_wconf 90' lang='lat' dir='ltr'><strong>tractatui</strong></span> <span class='ocrx_word' id='word_1_32' title='bbox 1723 662 2075 735; x_wconf 62' lang='lat' dir='ltr'><strong>prmiiximus,</strong></span> 
     </span>
    </p>
   </div>
   <div class='ocr_carea' id='block_1_6' title="bbox 472 756 2077 833">
    <p class='ocr_par' dir='ltr' id='par_1_6' title="bbox 472 756 2077 833">
     <span class='ocr_line' id='line_1_6' title="bbox 472 756 2077 833; baseline -0.009 -12"><span class='ocrx_word' id='word_1_33' title='bbox 472 764 888 833; x_wconf 77' lang='lat' dir='ltr'><strong>‘nuncupatoria</strong></span> <span class='ocrx_word' id='word_1_34' title='bbox 939 760 1168 831; x_wconf 88' lang='lat' dir='ltr'><strong>epistola</strong></span> <span class='ocrx_word' id='word_1_35' title='bbox 1208 766 1620 815; x_wconf 85' lang='lat' dir='ltr'><strong>commonstrat.</strong></span> <span class='ocrx_word' id='word_1_36' title='bbox 1660 756 1767 810; x_wconf 91' lang='lat' dir='ltr'><strong>Sed</strong></span> <span class='ocrx_word' id='word_1_37' title='bbox 1797 769 1928 810; x_wconf 87' lang='lat' dir='ltr'><strong>vero</strong></span> <span class='ocrx_word' id='word_1_38' title='bbox 1956 768 2077 808; x_wconf 89' lang='lat' dir='ltr'><strong>cum</strong></span> 
     </span>
    </p>
   </div>
   <div class='ocr_carea' id='block_1_7' title="bbox 493 845 2081 919">
    <p class='ocr_par' dir='ltr' id='par_1_7' title="bbox 493 845 2081 919">
     <span class='ocr_line' id='line_1_7' title="bbox 493 845 2081 919; baseline -0.009 -9"><span class='ocrx_word' id='word_1_39' title='bbox 493 857 548 911; x_wconf 88' lang='lat' dir='ltr'><strong>in</strong></span> <span class='ocrx_word' id='word_1_40' title='bbox 579 855 666 910; x_wconf 64' lang='lat' dir='ltr'><strong>ilia</strong></span> <span class='ocrx_word' id='word_1_41' title='bbox 680 854 866 911; x_wconf 84' lang='lat' dir='ltr'><strong>Carrei</strong></span> <span class='ocrx_word' id='word_1_42' title='bbox 893 852 1130 906; x_wconf 84' lang='lat' dir='ltr'><strong>editione</strong></span> <span class='ocrx_word' id='word_1_43' title='bbox 1172 848 1483 919; x_wconf 81' lang='lat' dir='ltr'><strong>Berengarii</strong></span> <span class='ocrx_word' id='word_1_44' title='bbox 1519 845 1913 917; x_wconf 80' lang='lat' dir='ltr'><strong>professionem</strong></span> <span class='ocrx_word' id='word_1_45' title='bbox 1947 859 2081 913; x_wconf 87' lang='lat' dir='ltr'><strong>pon-</strong></span> 
     </span>
    </p>
   </div>
   <div class='ocr_carea' id='block_1_8' title="bbox 500 934 2077 1016">
    <p class='ocr_par' dir='ltr' id='par_1_8' title="bbox 500 934 2077 1016">
     <span class='ocr_line' id='line_1_8' title="bbox 500 934 2077 1016; baseline -0.01 -14"><span class='ocrx_word' id='word_1_46' title='bbox 500 946 648 1003; x_wconf 88' lang='lat' dir='ltr'><strong>titice</strong></span> <span class='ocrx_word' id='word_1_47' title='bbox 685 944 948 1016; x_wconf 77' lang='lat' dir='ltr'><strong>Gregorio</strong></span> <span class='ocrx_word' id='word_1_48' title='bbox 982 941 1066 997; x_wconf 81' lang='lat' dir='ltr'><strong>Vll</strong></span> <span class='ocrx_word' id='word_1_49' title='bbox 1092 941 1315 1005; x_wconf 88' lang='lat' dir='ltr'><strong>factam,</strong></span> <span class='ocrx_word' id='word_1_50' title='bbox 1352 948 1405 994; x_wconf 91' lang='lat' dir='ltr'><strong>et</strong></span> <span class='ocrx_word' id='word_1_51' title='bbox 1443 938 1690 1009; x_wconf 65' lang='lat' dir='ltr'><strong>quaedam</strong></span> <span class='ocrx_word' id='word_1_52' title='bbox 1720 934 2077 1006; x_wconf 82' lang='lat' dir='ltr'><strong>praecedentia</strong></span> 
     </span>
    </p>
   </div>
   <div class='ocr_carea' id='block_1_9' title="bbox 493 1024 2081 1105">
    <p class='ocr_par' dir='ltr' id='par_1_9' title="bbox 493 1024 2081 1105">
     <span class='ocr_line' id='line_1_9' title="bbox 493 1024 2081 1105; baseline -0.01 -12"><span class='ocrx_word' id='word_1_53' title='bbox 493 1047 551 1094; x_wconf 89' lang='lat' dir='ltr'><strong>et</strong></span> <span class='ocrx_word' id='word_1_54' title='bbox 609 1034 993 1105; x_wconf 82' lang='lat' dir='ltr'><strong>subsequentia</strong></span> <span class='ocrx_word' id='word_1_55' title='bbox 1044 1033 1211 1087; x_wconf 88' lang='lat' dir='ltr'><strong>verba</strong></span> <span class='ocrx_word' id='word_1_56' title='bbox 1274 1027 1780 1084; x_wconf 81' lang='lat' dir='ltr'><strong>animadvertissem</strong></span> <span class='ocrx_word' id='word_1_57' title='bbox 1814 1066 1830 1092; x_wconf 92' lang='lat'><strong>,</strong></span> <span class='ocrx_word' id='word_1_58' title='bbox 1880 1027 1951 1080; x_wconf 88' lang='lat' dir='ltr'><strong>ab</strong></span> <span class='ocrx_word' id='word_1_59' title='bbox 1999 1024 2081 1078; x_wconf 91' lang='lat' dir='ltr'><strong>his</strong></span> 
     </span>
    </p>
   </div>
   <div class='ocr_carea' id='block_1_10' title="bbox 498 1113 2076 1191">
    <p class='ocr_par' dir='ltr' id='par_1_10' title="bbox 498 1113 2076 1191">
     <span class='ocr_line' id='line_1_10' title="bbox 498 1113 2076 1191; baseline -0.008 -14"><span class='ocrx_word' id='word_1_60' title='bbox 498 1127 773 1190; x_wconf 70' lang='lat' dir='ltr'><strong>videlicet,</strong></span> <span class='ocrx_word' id='word_1_61' title='bbox 822 1124 903 1178; x_wconf 81' lang='lat' dir='ltr'><strong>Ad</strong></span> <span class='ocrx_word' id='word_1_62' title='bbox 945 1124 1057 1177; x_wconf 78' lang='lat' dir='ltr'><strong>Iure</strong></span> <span class='ocrx_word' id='word_1_63' title='bbox 1101 1120 1346 1191; x_wconf 77' lang='lat' dir='ltr'><strong>Gregorii</strong></span> <span class='ocrx_word' id='word_1_64' title='bbox 1399 1116 1627 1189; x_wconf 83' lang='lat' dir='ltr'><strong>septimi,</strong></span> <span class='ocrx_word' id='word_1_65' title='bbox 1666 1125 1797 1181; x_wconf 92' lang='lat' dir='ltr'><strong>etc.,</strong></span> <span class='ocrx_word' id='word_1_66' title='bbox 1831 1116 1897 1168; x_wconf 89' lang='lat' dir='ltr'><strong>ad</strong></span> <span class='ocrx_word' id='word_1_67' title='bbox 1943 1113 2076 1167; x_wconf 87' lang='lat' dir='ltr'><strong>illa:</strong></span> 
     </span>
    </p>
   </div>
   <div class='ocr_carea' id='block_1_11' title="bbox 497 1203 2079 1279">
    <p class='ocr_par' dir='ltr' id='par_1_11' title="bbox 497 1203 2079 1279">
     <span class='ocr_line' id='line_1_11' title="bbox 497 1203 2079 1279; baseline -0.011 -5"><span class='ocrx_word' id='word_1_68' title='bbox 497 1219 629 1274; x_wconf 84' lang='lat' dir='ltr'><strong>Cum</strong></span> <span class='ocrx_word' id='word_1_69' title='bbox 660 1229 836 1273; x_wconf 82' lang='lat' dir='ltr'><strong>autem</strong></span> <span class='ocrx_word' id='word_1_70' title='bbox 857 1216 951 1271; x_wconf 79' lang='lat' dir='ltr'><strong>sub</strong></span> <span class='ocrx_word' id='word_1_71' title='bbox 997 1212 1249 1279; x_wconf 83' lang='lat' dir='ltr'><strong>Nicelao,</strong></span> <span class='ocrx_word' id='word_1_72' title='bbox 1274 1221 1381 1267; x_wconf 91' lang='lat' dir='ltr'><strong>etc.</strong></span> <span class='ocrx_word' id='word_1_73' title='bbox 1414 1208 1621 1278; x_wconf 91' lang='lat' dir='ltr'><strong>adjecta</strong></span> <span class='ocrx_word' id='word_1_74' title='bbox 1652 1206 1819 1263; x_wconf 89' lang='lat' dir='ltr'><strong>fuisse</strong></span> <span class='ocrx_word' id='word_1_75' title='bbox 1842 1206 1911 1260; x_wconf 90' lang='lat' dir='ltr'><strong>ab</strong></span> <span class='ocrx_word' id='word_1_76' title='bbox 1932 1203 2079 1261; x_wconf 82' lang='lat' dir='ltr'><strong>evul-</strong></span> 
     </span>
    </p>
   </div>
   <div class='ocr_carea' id='block_1_12' title="bbox 495 1298 2080 1383">
    <p class='ocr_par' dir='ltr' id='par_1_12' title="bbox 495 1298 2080 1383">
     <span class='ocr_line' id='line_1_12' title="bbox 495 1298 2080 1383; baseline -0.011 -18"><span class='ocrx_word' id='word_1_77' title='bbox 495 1312 874 1383; x_wconf 81' lang='lat' dir='ltr'><strong>gatorehacce</strong></span> <span class='ocrx_word' id='word_1_78' title='bbox 918 1304 1231 1376; x_wconf 84' lang='lat' dir='ltr'><strong>conjectura</strong></span> <span class='ocrx_word' id='word_1_79' title='bbox 1271 1302 1569 1358; x_wconf 88' lang='lat' dir='ltr'><strong>movebar:</strong></span> <span class='ocrx_word' id='word_1_80' title='bbox 1620 1300 1761 1354; x_wconf 88' lang='lat' dir='ltr'><strong>haud</strong></span> <span class='ocrx_word' id='word_1_81' title='bbox 1799 1298 1945 1352; x_wconf 91' lang='lat' dir='ltr'><strong>enim</strong></span> <span class='ocrx_word' id='word_1_82' title='bbox 1994 1311 2080 1349; x_wconf 91' lang='lat' dir='ltr'><strong>me</strong></span> 
     </span>
    </p>
   </div>
   <div class='ocr_carea' id='block_1_13' title="bbox 496 1389 2078 1466">
    <p class='ocr_par' dir='ltr' id='par_1_13' title="bbox 496 1389 2078 1466">
     <span class='ocr_line' id='line_1_13' title="bbox 496 1389 2078 1466; baseline -0.009 -10"><span class='ocrx_word' id='word_1_83' title='bbox 496 1402 701 1457; x_wconf 85' lang='lat' dir='ltr'><strong>latebat</strong></span> <span class='ocrx_word' id='word_1_84' title='bbox 752 1400 815 1455; x_wconf 87' lang='lat' dir='ltr'><strong>B.</strong></span> <span class='ocrx_word' id='word_1_85' title='bbox 857 1398 1227 1453; x_wconf 87' lang='lat' dir='ltr'><strong>Lanfrancum</strong></span> <span class='ocrx_word' id='word_1_86' title='bbox 1258 1393 1487 1466; x_wconf 88' lang='lat' dir='ltr'><strong>epistola</strong></span> <span class='ocrx_word' id='word_1_87' title='bbox 1528 1392 1561 1446; x_wconf 82' lang='lat'><strong>5</strong></span> <span class='ocrx_word' id='word_1_88' title='bbox 1597 1392 1662 1445; x_wconf 88' lang='lat' dir='ltr'><strong>ad</strong></span> <span class='ocrx_word' id='word_1_89' title='bbox 1710 1389 2078 1446; x_wconf 76' lang='lat' dir='ltr'><strong>Alexandrum</strong></span> 
     </span>
    </p>
   </div>
   <div class='ocr_carea' id='block_1_14' title="bbox 497 1481 2081 1562">
    <p class='ocr_par' dir='ltr' id='par_1_14' title="bbox 497 1481 2081 1562">
     <span class='ocr_line' id='line_1_14' title="bbox 497 1481 2081 1562; baseline -0.006 -17"><span class='ocrx_word' id='word_1_90' title='bbox 497 1507 694 1562; x_wconf 82' lang='lat' dir='ltr'><strong>papam</strong></span> <span class='ocrx_word' id='word_1_91' title='bbox 755 1496 1044 1544; x_wconf 89' lang='lat' dir='ltr'><strong>tractatum</strong></span> <span class='ocrx_word' id='word_1_92' title='bbox 1094 1501 1249 1541; x_wconf 91' lang='lat' dir='ltr'><strong>suum</strong></span> <span class='ocrx_word' id='word_1_93' title='bbox 1306 1486 1383 1539; x_wconf 91' lang='lat' dir='ltr'><strong>De</strong></span> <span class='ocrx_word' id='word_1_94' title='bbox 1433 1498 1663 1553; x_wconf 88' lang='lat' dir='ltr'><strong>corpore</strong></span> <span class='ocrx_word' id='word_1_95' title='bbox 1713 1492 1770 1538; x_wconf 90' lang='lat' dir='ltr'><strong>et</strong></span> <span class='ocrx_word' id='word_1_96' title='bbox 1816 1481 2081 1553; x_wconf 73' lang='lat' dir='ltr'><strong>sanguine</strong></span> 
     </span>
    </p>
   </div>
   <div class='ocr_carea' id='block_1_15' title="bbox 499 1571 2082 1648">
    <p class='ocr_par' dir='ltr' id='par_1_15' title="bbox 499 1571 2082 1648">
     <span class='ocr_line' id='line_1_15' title="bbox 499 1571 2082 1648; baseline -0.009 -9"><span class='ocrx_word' id='word_1_97' title='bbox 499 1584 713 1640; x_wconf 78' lang='lat' dir='ltr'><strong>Domini</strong></span> <span class='ocrx_word' id='word_1_98' title='bbox 756 1590 947 1638; x_wconf 91' lang='lat' dir='ltr'><strong>contra</strong></span> <span class='ocrx_word' id='word_1_99' title='bbox 989 1578 1398 1648; x_wconf 83' lang='lat' dir='ltr'><strong>Berengarium,</strong></span> <span class='ocrx_word' id='word_1_100' title='bbox 1444 1575 1667 1631; x_wconf 89' lang='lat' dir='ltr'><strong>Cadomi</strong></span> <span class='ocrx_word' id='word_1_101' title='bbox 1716 1574 1930 1629; x_wconf 82' lang='lat' dir='ltr'><strong>abbatis</strong></span> <span class='ocrx_word' id='word_1_102' title='bbox 1960 1571 2082 1626; x_wconf 89' lang='lat' dir='ltr'><strong>fun-</strong></span> 
     </span>
    </p>
   </div>
   <div class='ocr_carea' id='block_1_16' title="bbox 498 1664 2081 1748">
    <p class='ocr_par' dir='ltr' id='par_1_16' title="bbox 498 1664 2081 1748">
     <span class='ocr_line' id='line_1_16' title="bbox 498 1664 2081 1748; baseline -0.009 -17"><span class='ocrx_word' id='word_1_103' title='bbox 498 1686 712 1748; x_wconf 86' lang='lat' dir='ltr'><strong>gentem</strong></span> <span class='ocrx_word' id='word_1_104' title='bbox 737 1672 927 1735; x_wconf 73' lang='lat' dir='ltr'><strong>cilicio,</strong></span> <span class='ocrx_word' id='word_1_105' title='bbox 954 1670 1301 1726; x_wconf 87' lang='lat' dir='ltr'><strong>elucubrasse</strong></span> <span class='ocrx_word' id='word_1_106' title='bbox 1326 1665 1664 1738; x_wconf 78' lang='lat' dir='ltr'><strong>professum;</strong></span> <span class='ocrx_word' id='word_1_107' title='bbox 1691 1664 2081 1733; x_wconf 88' lang='lat' dir='ltr'><strong>constabatque</strong></span> 
     </span>
    </p>
   </div>
   <div class='ocr_carea' id='block_1_17' title="bbox 499 1756 2079 1837">
    <p class='ocr_par' dir='ltr' id='par_1_17' title="bbox 499 1756 2079 1837">
     <span class='ocr_line' id='line_1_17' title="bbox 499 1756 2079 1837; baseline -0.008 -13"><span class='ocrx_word' id='word_1_108' title='bbox 499 1766 824 1837; x_wconf 77' lang='lat' dir='ltr'><strong>Gregorium</strong></span> <span class='ocrx_word' id='word_1_109' title='bbox 859 1779 963 1819; x_wconf 90' lang='lat' dir='ltr'><strong>non</strong></span> <span class='ocrx_word' id='word_1_110' title='bbox 1006 1763 1196 1817; x_wconf 89' lang='lat' dir='ltr'><strong>eadem</strong></span> <span class='ocrx_word' id='word_1_111' title='bbox 1230 1768 1573 1831; x_wconf 90' lang='lat' dir='ltr'><strong>tempestate,</strong></span> <span class='ocrx_word' id='word_1_112' title='bbox 1600 1773 1785 1813; x_wconf 87' lang='lat' dir='ltr'><strong>verum</strong></span> <span class='ocrx_word' id='word_1_113' title='bbox 1826 1756 1945 1827; x_wconf 91' lang='lat' dir='ltr'><strong>plus</strong></span> <span class='ocrx_word' id='word_1_114' title='bbox 1979 1756 2079 1811; x_wconf 89' lang='lat' dir='ltr'><strong>tri-</strong></span> 
     </span>
    </p>
   </div>
   <div class='ocr_carea' id='block_1_18' title="bbox 2181 575 3789 645">
    <p class='ocr_par' dir='ltr' id='par_1_18' title="bbox 2181 575 3789 645">
     <span class='ocr_line' id='line_1_18' title="bbox 2181 575 3789 645; baseline -0.001 -16"><span class='ocrx_word' id='word_1_115' title='bbox 2181 575 2498 641; x_wconf 79' lang='lat' dir='ltr'><strong>monachos,</strong></span> <span class='ocrx_word' id='word_1_116' title='bbox 2580 584 2783 630; x_wconf 64' lang='lat' dir='ltr'><strong>sancta:</strong></span> <span class='ocrx_word' id='word_1_117' title='bbox 2841 575 3039 645; x_wconf 74' lang='lat' dir='ltr'><strong>regula:</strong></span> <span class='ocrx_word' id='word_1_118' title='bbox 3090 575 3515 641; x_wconf 80' lang='lat' dir='ltr'><strong>observatores,</strong></span> <span class='ocrx_word' id='word_1_119' title='bbox 3554 576 3649 645; x_wconf 90' lang='lat' dir='ltr'><strong>qui</strong></span> <span class='ocrx_word' id='word_1_120' title='bbox 3716 577 3789 630; x_wconf 76' lang='lat' dir='ltr'><strong>in</strong></span> 
     </span>
    </p>
   </div>
   <div class='ocr_carea' id='block_1_19' title="bbox 2182 665 3785 738">
    <p class='ocr_par' dir='ltr' id='par_1_19' title="bbox 2182 665 3785 738">
     <span class='ocr_line' id='line_1_19' title="bbox 2182 665 3785 738; baseline -0.001 -18"><span class='ocrx_word' id='word_1_121' title='bbox 2182 666 2528 722; x_wconf 85' lang='lat' dir='ltr'><strong>resarcienda</strong></span> <span class='ocrx_word' id='word_1_122' title='bbox 2578 665 2862 738; x_wconf 88' lang='lat' dir='ltr'><strong>disciplina</strong></span> <span class='ocrx_word' id='word_1_123' title='bbox 2930 666 3232 721; x_wconf 89' lang='lat' dir='ltr'><strong>mouastica</strong></span> <span class='ocrx_word' id='word_1_124' title='bbox 3282 682 3502 721; x_wconf 88' lang='lat' dir='ltr'><strong>omnem</strong></span> <span class='ocrx_word' id='word_1_125' title='bbox 3540 681 3785 735; x_wconf 80' lang='lat' dir='ltr'><strong>operam</strong></span> 
     </span>
    </p>
   </div>
   <div class='ocr_carea' id='block_1_20' title="bbox 2160 754 3789 825">
    <p class='ocr_par' dir='ltr' id='par_1_20' title="bbox 2160 754 3789 825">
     <span class='ocr_line' id='line_1_20' title="bbox 2160 754 3789 825; baseline 0 -11"><span class='ocrx_word' id='word_1_126' title='bbox 2160 754 2470 825; x_wconf 44' lang='lat' dir='ltr'><strong>&#39;navarent,</strong></span> <span class='ocrx_word' id='word_1_127' title='bbox 2508 760 2814 815; x_wconf 88' lang='lat' dir='ltr'><strong>dedeceret.</strong></span> <span class='ocrx_word' id='word_1_128' title='bbox 2857 758 3123 815; x_wconf 68' lang='lat' dir='ltr'><strong>Caeterum</strong></span> <span class='ocrx_word' id='word_1_129' title='bbox 3170 760 3617 815; x_wconf 88' lang='lat' dir='ltr'><strong>instaurationem</strong></span> <span class='ocrx_word' id='word_1_130' title='bbox 3648 761 3789 814; x_wconf 67' lang='lat' dir='ltr'><strong>vita:</strong></span> 
     </span>
    </p>
   </div>
   <div class='ocr_carea' id='block_1_21' title="bbox 2181 851 3788 922">
    <p class='ocr_par' dir='ltr' id='par_1_21' title="bbox 2181 851 3788 922">
     <span class='ocr_line' id='line_1_21' title="bbox 2181 851 3788 922; baseline 0.001 -19"><span class='ocrx_word' id='word_1_131' title='bbox 2181 851 2461 915; x_wconf 77' lang='lat' dir='ltr'><strong>solitarize,</strong></span> <span class='ocrx_word' id='word_1_132' title='bbox 2513 866 2636 921; x_wconf 74' lang='lat' dir='ltr'><strong>quze</strong></span> <span class='ocrx_word' id='word_1_133' title='bbox 2669 861 2982 907; x_wconf 89' lang='lat' dir='ltr'><strong>asservatur</strong></span> <span class='ocrx_word' id='word_1_134' title='bbox 3029 851 3082 905; x_wconf 92' lang='lat' dir='ltr'><strong>in</strong></span> <span class='ocrx_word' id='word_1_135' title='bbox 3140 851 3368 922; x_wconf 89' lang='lat' dir='ltr'><strong>collegio</strong></span> <span class='ocrx_word' id='word_1_136' title='bbox 3418 852 3788 906; x_wconf 83' lang='lat' dir='ltr'><strong>Benedictino</strong></span> 
     </span>
    </p>
   </div>
   <div class='ocr_carea' id='block_1_22' title="bbox 2182 940 3786 1012">
    <p class='ocr_par' dir='ltr' id='par_1_22' title="bbox 2182 940 3786 1012">
     <span class='ocr_line' id='line_1_22' title="bbox 2182 940 3786 1012; baseline 0 -17"><span class='ocrx_word' id='word_1_137' title='bbox 2182 940 2569 1012; x_wconf 71' lang='lat' dir='ltr'><strong>Cantabrigiae,</strong></span> <span class='ocrx_word' id='word_1_138' title='bbox 2597 942 2760 996; x_wconf 88' lang='lat' dir='ltr'><strong>aliam</strong></span> <span class='ocrx_word' id='word_1_139' title='bbox 2794 942 3019 996; x_wconf 90' lang='lat' dir='ltr'><strong>minime</strong></span> <span class='ocrx_word' id='word_1_140' title='bbox 3036 957 3157 997; x_wconf 87' lang='lat' dir='ltr'><strong>esse</strong></span> <span class='ocrx_word' id='word_1_141' title='bbox 3188 959 3216 997; x_wconf 90' lang='lat' dir='ltr'><strong>a</strong></span> <span class='ocrx_word' id='word_1_142' title='bbox 3250 942 3509 1004; x_wconf 82' lang='lat' dir='ltr'><strong>Decrctis,</strong></span> <span class='ocrx_word' id='word_1_143' title='bbox 3544 943 3686 1007; x_wconf 87' lang='lat' dir='ltr'><strong>sive,</strong></span> <span class='ocrx_word' id='word_1_144' title='bbox 3716 954 3786 1003; x_wconf 82' lang='lat' dir='ltr'><strong>ut</strong></span> 
     </span>
    </p>
   </div>
   <div class='ocr_carea' id='block_1_23' title="bbox 2181 1034 3785 1097">
    <p class='ocr_par' dir='ltr' id='par_1_23' title="bbox 2181 1034 3785 1097">
     <span class='ocr_line' id='line_1_23' title="bbox 2181 1034 3785 1097; baseline 0.002 -11"><span class='ocrx_word' id='word_1_145' title='bbox 2181 1046 2393 1095; x_wconf 82' lang='lat' dir='ltr'><strong>vocant,</strong></span> <span class='ocrx_word' id='word_1_146' title='bbox 2422 1035 2792 1097; x_wconf 60' lang='lat' dir='ltr'><strong>(heremoniis.</strong></span> <span class='ocrx_word' id='word_1_147' title='bbox 2838 1034 2996 1090; x_wconf 82' lang='lat' dir='ltr'><strong>ﬁdem</strong></span> <span class='ocrx_word' id='word_1_148' title='bbox 3040 1035 3171 1091; x_wconf 89' lang='lat' dir='ltr'><strong>facit</strong></span> <span class='ocrx_word' id='word_1_149' title='bbox 3205 1034 3470 1091; x_wconf 89' lang='lat' dir='ltr'><strong>Seldenus</strong></span> <span class='ocrx_word' id='word_1_150' title='bbox 3507 1034 3575 1090; x_wconf 89' lang='lat' dir='ltr'><strong>ad</strong></span> <span class='ocrx_word' id='word_1_151' title='bbox 3627 1034 3785 1090; x_wconf 82' lang='lat' dir='ltr'><strong>Ead-</strong></span> 
     </span>
    </p>
   </div>
   <div class='ocr_carea' id='block_1_24' title="bbox 2183 1126 2982 1195">
    <p class='ocr_par' dir='ltr' id='par_1_24' title="bbox 2183 1126 2982 1195">
     <span class='ocr_line' id='line_1_24' title="bbox 2183 1126 2982 1195; baseline -0.003 -16"><span class='ocrx_word' id='word_1_152' title='bbox 2183 1128 2315 1180; x_wconf 88' lang='lat' dir='ltr'><strong>meri</strong></span> <span class='ocrx_word' id='word_1_153' title='bbox 2336 1126 2629 1179; x_wconf 82' lang='lat' dir='ltr'><strong>Historiam</strong></span> <span class='ocrx_word' id='word_1_154' title='bbox 2646 1126 2982 1195; x_wconf 71' lang='lat' dir='ltr'><strong>przefatione.</strong></span> 
     </span>
    </p>
   </div>
   <div class='ocr_carea' id='block_1_25' title="bbox 2253 1215 3781 1287">
    <p class='ocr_par' dir='ltr' id='par_1_25' title="bbox 2253 1215 3781 1287">
     <span class='ocr_line' id='line_1_25' title="bbox 2253 1215 3781 1287; baseline -0.001 -18"><span class='ocrx_word' id='word_1_155' title='bbox 2253 1216 2332 1270; x_wconf 81' lang='lat' dir='ltr'><strong>Ad</strong></span> <span class='ocrx_word' id='word_1_156' title='bbox 2357 1216 2624 1286; x_wconf 75' lang='lat' dir='ltr'><strong>epistolas</strong></span> <span class='ocrx_word' id='word_1_157' title='bbox 2647 1216 2789 1287; x_wconf 91' lang='lat' dir='ltr'><strong>quod</strong></span> <span class='ocrx_word' id='word_1_158' title='bbox 2821 1217 3033 1280; x_wconf 88' lang='lat' dir='ltr'><strong>attinet,</strong></span> <span class='ocrx_word' id='word_1_159' title='bbox 3060 1215 3408 1271; x_wconf 77' lang='lat' dir='ltr'><strong>adhibuimus</strong></span> <span class='ocrx_word' id='word_1_160' title='bbox 3435 1215 3781 1285; x_wconf 82' lang='lat' dir='ltr'><strong>ipsissimum</strong></span> 
     </span>
    </p>
   </div>
   <div class='ocr_carea' id='block_1_26' title="bbox 2183 1304 3781 1377">
    <p class='ocr_par' dir='ltr' id='par_1_26' title="bbox 2183 1304 3781 1377">
     <span class='ocr_line' id='line_1_26' title="bbox 2183 1304 3781 1377; baseline -0.001 -18"><span class='ocrx_word' id='word_1_161' title='bbox 2183 1306 2489 1377; x_wconf 80' lang='lat' dir='ltr'><strong>exemplum</strong></span> <span class='ocrx_word' id='word_1_162' title='bbox 2543 1304 2696 1374; x_wconf 85' lang='lat' dir='ltr'><strong>cujus</strong></span> <span class='ocrx_word' id='word_1_163' title='bbox 2753 1306 2998 1360; x_wconf 89' lang='lat' dir='ltr'><strong>meminit</strong></span> <span class='ocrx_word' id='word_1_164' title='bbox 3040 1305 3332 1360; x_wconf 85' lang='lat' dir='ltr'><strong>cardinalis</strong></span> <span class='ocrx_word' id='word_1_165' title='bbox 3362 1305 3631 1361; x_wconf 87' lang='lat' dir='ltr'><strong>Baronius</strong></span> <span class='ocrx_word' id='word_1_166' title='bbox 3658 1307 3781 1358; x_wconf 76' lang='lat' dir='ltr'><strong>An-</strong></span> 
     </span>
    </p>
   </div>
   <div class='ocr_carea' id='block_1_27' title="bbox 2182 1395 3784 1460">
    <p class='ocr_par' dir='ltr' id='par_1_27' title="bbox 2182 1395 3784 1460">
     <span class='ocr_line' id='line_1_27' title="bbox 2182 1395 3784 1460; baseline 0.001 -11"><span class='ocrx_word' id='word_1_167' title='bbox 2182 1395 2295 1450; x_wconf 88' lang='lat' dir='ltr'><strong>nal.</strong></span> <span class='ocrx_word' id='word_1_168' title='bbox 2355 1396 2849 1451; x_wconf 90' lang='lat' dir='ltr'><strong>ecclesiasticorum</strong></span> <span class='ocrx_word' id='word_1_169' title='bbox 2932 1408 3079 1450; x_wconf 88' lang='lat' dir='ltr'><strong>tome</strong></span> <span class='ocrx_word' id='word_1_170' title='bbox 3151 1396 3214 1460; x_wconf 91' lang='lat' dir='ltr'><strong>ll,</strong></span> <span class='ocrx_word' id='word_1_171' title='bbox 3264 1398 3330 1450; x_wconf 89' lang='lat' dir='ltr'><strong>ad</strong></span> <span class='ocrx_word' id='word_1_172' title='bbox 3380 1411 3579 1450; x_wconf 90' lang='lat' dir='ltr'><strong>annum</strong></span> <span class='ocrx_word' id='word_1_173' title='bbox 3638 1396 3784 1450; x_wconf 76' lang='lat'><strong>[070</strong></span> 
     </span>
    </p>
   </div>
   <div class='ocr_carea' id='block_1_28' title="bbox 2185 1487 3772 1559">
    <p class='ocr_par' dir='ltr' id='par_1_28' title="bbox 2185 1487 3772 1559">
     <span class='ocr_line' id='line_1_28' title="bbox 2185 1487 3772 1559; baseline 0.001 -18"><span class='ocrx_word' id='word_1_174' title='bbox 2185 1488 2422 1559; x_wconf 91' lang='lat' dir='ltr'><strong>(illorum</strong></span> <span class='ocrx_word' id='word_1_175' title='bbox 2494 1488 2694 1544; x_wconf 90' lang='lat' dir='ltr'><strong>etenim</strong></span> <span class='ocrx_word' id='word_1_176' title='bbox 2762 1488 3050 1543; x_wconf 87' lang='lat' dir='ltr'><strong>nonnullas</strong></span> <span class='ocrx_word' id='word_1_177' title='bbox 3090 1489 3156 1542; x_wconf 88' lang='lat' dir='ltr'><strong>ad</strong></span> <span class='ocrx_word' id='word_1_178' title='bbox 3209 1503 3423 1543; x_wconf 83' lang='lat' dir='ltr'><strong>sacrant</strong></span> <span class='ocrx_word' id='word_1_179' title='bbox 3468 1487 3772 1543; x_wconf 80' lang='lat' dir='ltr'><strong>Historiam</strong></span> 
     </span>
    </p>
   </div>
   <div class='ocr_carea' id='block_1_29' title="bbox 2184 1579 3782 1651">
    <p class='ocr_par' dir='ltr' id='par_1_29' title="bbox 2184 1579 3782 1651">
     <span class='ocr_line' id='line_1_29' title="bbox 2184 1579 3782 1651; baseline -0.001 -17"><span class='ocrx_word' id='word_1_180' title='bbox 2184 1588 2513 1650; x_wconf 82' lang='lat' dir='ltr'><strong>spectantes,</strong></span> <span class='ocrx_word' id='word_1_181' title='bbox 2545 1579 2750 1635; x_wconf 88' lang='lat' dir='ltr'><strong>eisdem</strong></span> <span class='ocrx_word' id='word_1_182' title='bbox 2804 1579 3105 1635; x_wconf 85' lang='lat' dir='ltr'><strong>Annalibus</strong></span> <span class='ocrx_word' id='word_1_183' title='bbox 3141 1580 3418 1651; x_wconf 79' lang='lat' dir='ltr'><strong>intexuit),</strong></span> <span class='ocrx_word' id='word_1_184' title='bbox 3441 1579 3533 1650; x_wconf 89' lang='lat' dir='ltr'><strong>qui</strong></span> <span class='ocrx_word' id='word_1_185' title='bbox 3560 1588 3782 1650; x_wconf 78' lang='lat' dir='ltr'><strong>postea-</strong></span> 
     </span>
    </p>
   </div>
   <div class='ocr_carea' id='block_1_30' title="bbox 2183 1670 3787 1744">
    <p class='ocr_par' dir='ltr' id='par_1_30' title="bbox 2183 1670 3787 1744">
     <span class='ocr_line' id='line_1_30' title="bbox 2183 1670 3787 1744; baseline 0.001 -21"><span class='ocrx_word' id='word_1_186' title='bbox 2183 1688 2343 1744; x_wconf 86' lang='lat' dir='ltr'><strong>quam</strong></span> <span class='ocrx_word' id='word_1_187' title='bbox 2380 1671 2667 1727; x_wconf 88' lang='lat' dir='ltr'><strong>Lanfranei</strong></span> <span class='ocrx_word' id='word_1_188' title='bbox 2714 1672 3003 1741; x_wconf 82' lang='lat' dir='ltr'><strong>epistolam</strong></span> <span class='ocrx_word' id='word_1_189' title='bbox 3034 1672 3346 1727; x_wconf 75' lang='lat' dir='ltr'><strong>Alexandro</strong></span> <span class='ocrx_word' id='word_1_190' title='bbox 3387 1670 3787 1740; x_wconf 70' lang='lat' dir='ltr'><strong>“inscriptam</strong></span> 
     </span>
    </p>
   </div>
   <div class='ocr_carea' id='block_1_31' title="bbox 2187 1762 3785 1836">
    <p class='ocr_par' dir='ltr' id='par_1_31' title="bbox 2187 1762 3785 1836">
     <span class='ocr_line' id='line_1_31' title="bbox 2187 1762 3785 1836; baseline -0.003 -15"><span class='ocrx_word' id='word_1_191' title='bbox 2187 1766 2391 1828; x_wconf 90' lang='lat' dir='ltr'><strong>retulit,</strong></span> <span class='ocrx_word' id='word_1_192' title='bbox 2448 1766 2552 1821; x_wconf 88' lang='lat' dir='ltr'><strong>ista</strong></span> <span class='ocrx_word' id='word_1_193' title='bbox 2600 1764 2845 1835; x_wconf 89' lang='lat' dir='ltr'><strong>profert:</strong></span> <span class='ocrx_word' id='word_1_194' title='bbox 2885 1782 2904 1817; x_wconf 85' lang='grc'><em>‹</em></span> <span class='ocrx_word' id='word_1_195' title='bbox 2940 1765 3231 1836; x_wconf 91' lang='lat' dir='ltr'><strong>llucusque</strong></span> <span class='ocrx_word' id='word_1_196' title='bbox 3285 1762 3513 1833; x_wconf 87' lang='lat' dir='ltr'><strong>epistola</strong></span> <span class='ocrx_word' id='word_1_197' title='bbox 3550 1763 3618 1817; x_wconf 87' lang='lat' dir='ltr'><strong>ad</strong></span> <span class='ocrx_word' id='word_1_198' title='bbox 3648 1765 3785 1816; x_wconf 81' lang='lat' dir='ltr'><strong>Ate-</strong></span> 
     </span>
    </p>
   </div>
   <div class='ocr_carea' id='block_1_32' title="bbox 496 1829 3784 1931">
    <p class='ocr_par' dir='ltr' id='par_1_32' title="bbox 496 1829 3784 1931">
     <span class='ocr_line' id='line_1_32' title="bbox 496 1829 3784 1931; baseline -0.002 -13"><span class='ocrx_word' id='word_1_199' title='bbox 496 1862 601 1918; x_wconf 79' lang='lat' dir='ltr'><strong>hus</strong></span> <span class='ocrx_word' id='word_1_200' title='bbox 636 1869 758 1931; x_wconf 89' lang='lat' dir='ltr'><strong>post</strong></span> <span class='ocrx_word' id='word_1_201' title='bbox 790 1857 950 1912; x_wconf 89' lang='lat' dir='ltr'><strong>annis</strong></span> <span class='ocrx_word' id='word_1_202' title='bbox 980 1856 1146 1929; x_wconf 78' lang='lat' dir='ltr'><strong>fuisse</strong></span> <span class='ocrx_word' id='word_1_203' title='bbox 1183 1863 1424 1909; x_wconf 89' lang='lat' dir='ltr'><strong>creatum</strong></span> <span class='ocrx_word' id='word_1_204' title='bbox 1459 1850 1604 1923; x_wconf 90' lang='lat' dir='ltr'><strong>(cum</strong></span> <span class='ocrx_word' id='word_1_205' title='bbox 1620 1850 1735 1920; x_wconf 86' lang='lat' dir='ltr'><strong>jam</strong></span> <span class='ocrx_word' id='word_1_206' title='bbox 1766 1850 1820 1904; x_wconf 90' lang='lat' dir='ltr'><strong>in</strong></span> <span class='ocrx_word' id='word_1_207' title='bbox 1848 1850 2081 1904; x_wconf 84' lang='lat' dir='ltr'><strong>Cantua-</strong></span> <span class='ocrx_word' id='word_1_208' title='bbox 2116 1829 2157 1887; x_wconf 68' lang='grc' dir='ltr'><strong>Β</strong></span> <span class='ocrx_word' id='word_1_209' title='bbox 2189 1861 2450 1914; x_wconf 56' lang='lat' dir='ltr'><strong>“mn-um</strong></span> <span class='ocrx_word' id='word_1_210' title='bbox 2512 1858 2843 1929; x_wconf 83' lang='lat' dir='ltr'><strong>pontificem,</strong></span> <span class='ocrx_word' id='word_1_211' title='bbox 2891 1873 3053 1928; x_wconf 86' lang='lat' dir='ltr'><strong>quam</strong></span> <span class='ocrx_word' id='word_1_212' title='bbox 3092 1856 3278 1927; x_wconf 81' lang='lat' dir='ltr'><strong>accepi</strong></span> <span class='ocrx_word' id='word_1_213' title='bbox 3337 1871 3445 1911; x_wconf 87' lang='lat' dir='ltr'><strong>una</strong></span> <span class='ocrx_word' id='word_1_214' title='bbox 3499 1870 3624 1910; x_wconf 91' lang='lat' dir='ltr'><strong>cum</strong></span> <span class='ocrx_word' id='word_1_215' title='bbox 3653 1855 3784 1909; x_wconf 76' lang='lat' dir='ltr'><strong>aliis</strong></span> 
     </span>
    </p>
   </div>
   <div class='ocr_carea' id='block_1_33' title="bbox 499 1939 2084 2021">
    <p class='ocr_par' dir='ltr' id='par_1_33' title="bbox 499 1939 2084 2021">
     <span class='ocr_line' id='line_1_33' title="bbox 499 1939 2084 2021; baseline -0.009 -13"><span class='ocrx_word' id='word_1_216' title='bbox 499 1952 665 2008; x_wconf 78' lang='lat' dir='ltr'><strong>riensi</strong></span> <span class='ocrx_word' id='word_1_217' title='bbox 719 1950 977 2006; x_wconf 89' lang='lat' dir='ltr'><strong>cathedra</strong></span> <span class='ocrx_word' id='word_1_218' title='bbox 1029 1946 1247 2021; x_wconf 86' lang='lat' dir='ltr'><strong>sederet</strong></span> <span class='ocrx_word' id='word_1_219' title='bbox 1301 1941 1662 2012; x_wconf 75' lang='lat' dir='ltr'><strong>Lanfrancus)</strong></span> <span class='ocrx_word' id='word_1_220' title='bbox 1738 1956 1803 1996; x_wconf 90' lang='lat' dir='ltr'><strong>ac</strong></span> <span class='ocrx_word' id='word_1_221' title='bbox 1853 1939 2084 2009; x_wconf 87' lang='lat' dir='ltr'><strong>proinde</strong></span> 
     </span>
    </p>
   </div>
   <div class='ocr_carea' id='block_1_34' title="bbox 497 2032 2083 2113">
    <p class='ocr_par' dir='ltr' id='par_1_34' title="bbox 497 2032 2083 2113">
     <span class='ocr_line' id='line_1_34' title="bbox 497 2032 2083 2113; baseline -0.008 -15"><span class='ocrx_word' id='word_1_222' title='bbox 497 2045 699 2100; x_wconf 87' lang='lat' dir='ltr'><strong>dictam</strong></span> <span class='ocrx_word' id='word_1_223' title='bbox 737 2041 1127 2113; x_wconf 87' lang='lat' dir='ltr'><strong>professionem</strong></span> <span class='ocrx_word' id='word_1_224' title='bbox 1183 2052 1282 2093; x_wconf 91' lang='lat' dir='ltr'><strong>suo</strong></span> <span class='ocrx_word' id='word_1_225' title='bbox 1338 2034 1518 2092; x_wconf 88' lang='lat' dir='ltr'><strong>libello</strong></span> <span class='ocrx_word' id='word_1_226' title='bbox 1548 2034 1791 2090; x_wconf 89' lang='lat' dir='ltr'><strong>inserere</strong></span> <span class='ocrx_word' id='word_1_227' title='bbox 1823 2032 1967 2088; x_wconf 86' lang='lat' dir='ltr'><strong>haud</strong></span> <span class='ocrx_word' id='word_1_228' title='bbox 1992 2045 2083 2101; x_wconf 81' lang='lat' dir='ltr'><strong>po-</strong></span> 
     </span>
    </p>
   </div>
   <div class='ocr_carea' id='block_1_35' title="bbox 505 2135 1002 2193">
    <p class='ocr_par' dir='ltr' id='par_1_35' title="bbox 505 2135 1002 2193">
     <span class='ocr_line' id='line_1_35' title="bbox 505 2135 1002 2193; baseline -0.014 0"><span class='ocrx_word' id='word_1_229' title='bbox 505 2138 675 2193; x_wconf 78' lang='lat' dir='ltr'><strong>tuisse</strong></span> <span class='ocrx_word' id='word_1_230' title='bbox 698 2135 1002 2191; x_wconf 79' lang='lat' dir='ltr'><strong>videbatur.</strong></span> 
     </span>
    </p>
   </div>
   <div class='ocr_carea' id='block_1_36' title="bbox 574 2217 2087 2282">
    <p class='ocr_par' dir='ltr' id='par_1_36' title="bbox 574 2217 2087 2282">
     <span class='ocr_line' id='line_1_36' title="bbox 574 2217 2087 2282; baseline -0.009 0"><span class='ocrx_word' id='word_1_231' title='bbox 574 2228 779 2282; x_wconf 86' lang='lat' dir='ltr'><strong>Deinde</strong></span> <span class='ocrx_word' id='word_1_232' title='bbox 828 2223 1025 2280; x_wconf 89' lang='lat' dir='ltr'><strong>collato</strong></span> <span class='ocrx_word' id='word_1_233' title='bbox 1057 2221 1313 2277; x_wconf 81' lang='lat' dir='ltr'><strong>Tractatu</strong></span> <span class='ocrx_word' id='word_1_234' title='bbox 1345 2221 1413 2274; x_wconf 85' lang='lat' dir='ltr'><strong>ad</strong></span> <span class='ocrx_word' id='word_1_235' title='bbox 1445 2219 1546 2273; x_wconf 85' lang='lat' dir='ltr'><strong>tria</strong></span> <span class='ocrx_word' id='word_1_236' title='bbox 1597 2233 1703 2273; x_wconf 90' lang='lat' dir='ltr'><strong>ms.</strong></span> <span class='ocrx_word' id='word_1_237' title='bbox 1728 2217 2087 2273; x_wconf 83' lang='lat' dir='ltr'><strong>bibliotheca-</strong></span> 
     </span>
    </p>
   </div>
   <div class='ocr_carea' id='block_1_37' title="bbox 499 2309 2087 2387">
    <p class='ocr_par' dir='ltr' id='par_1_37' title="bbox 499 2309 2087 2387">
     <span class='ocr_line' id='line_1_37' title="bbox 499 2309 2087 2387; baseline -0.008 -14"><span class='ocrx_word' id='word_1_238' title='bbox 499 2336 621 2374; x_wconf 91' lang='lat' dir='ltr'><strong>rum</strong></span> <span class='ocrx_word' id='word_1_239' title='bbox 678 2318 881 2387; x_wconf 68' lang='lat' dir='ltr'><strong>ltegiaa,</strong></span> <span class='ocrx_word' id='word_1_240' title='bbox 938 2314 1230 2370; x_wconf 87' lang='lat' dir='ltr'><strong>Beccensis</strong></span> <span class='ocrx_word' id='word_1_241' title='bbox 1276 2322 1332 2368; x_wconf 90' lang='lat' dir='ltr'><strong>et</strong></span> <span class='ocrx_word' id='word_1_242' title='bbox 1380 2312 1711 2377; x_wconf 66' lang='lat' dir='ltr'><strong>Petavianae,</strong></span> <span class='ocrx_word' id='word_1_243' title='bbox 1751 2325 1962 2365; x_wconf 86' lang='lat' dir='ltr'><strong>necnon</strong></span> <span class='ocrx_word' id='word_1_244' title='bbox 2020 2309 2087 2362; x_wconf 90' lang='lat' dir='ltr'><strong>ad</strong></span> 
     </span>
    </p>
   </div>
   <div class='ocr_carea' id='block_1_38' title="bbox 496 2398 2084 2479">
    <p class='ocr_par' dir='ltr' id='par_1_38' title="bbox 496 2398 2084 2479">
     <span class='ocr_line' id='line_1_38' title="bbox 496 2398 2084 2479; baseline -0.008 -15"><span class='ocrx_word' id='word_1_245' title='bbox 496 2423 689 2466; x_wconf 74' lang='lat' dir='ltr'><strong>omnes</strong></span> <span class='ocrx_word' id='word_1_246' title='bbox 710 2423 833 2479; x_wconf 78' lang='lat' dir='ltr'><strong>quae</strong></span> <span class='ocrx_word' id='word_1_247' title='bbox 878 2412 1237 2461; x_wconf 89' lang='lat' dir='ltr'><strong>occurrerunt</strong></span> <span class='ocrx_word' id='word_1_248' title='bbox 1264 2402 1534 2479; x_wconf 85' lang='lat' dir='ltr'><strong>editiones</strong></span> <span class='ocrx_word' id='word_1_249' title='bbox 1585 2416 1707 2456; x_wconf 85' lang='lat' dir='ltr'><strong>cum</strong></span> <span class='ocrx_word' id='word_1_250' title='bbox 1750 2398 2084 2470; x_wconf 77' lang='lat' dir='ltr'><strong>ejuseemodi</strong></span> 
     </span>
    </p>
   </div>
   <div class='ocr_carea' id='block_1_39' title="bbox 498 2477 2087 2572">
    <p class='ocr_par' dir='ltr' id='par_1_39' title="bbox 498 2477 2087 2572">
     <span class='ocr_line' id='line_1_39' title="bbox 498 2477 2087 2572; baseline -0.008 -14"><span class='ocrx_word' id='word_1_251' title='bbox 498 2477 857 2572; x_wconf 73' lang='lat' dir='ltr'><strong>pt&#39;oféssienis</strong></span> <span class='ocrx_word' id='word_1_252' title='bbox 889 2514 957 2553; x_wconf 87' lang='lat' dir='ltr'><strong>ne</strong></span> <span class='ocrx_word' id='word_1_253' title='bbox 976 2496 1059 2552; x_wconf 89' lang='lat' dir='ltr'><strong>vel</strong></span> <span class='ocrx_word' id='word_1_254' title='bbox 1097 2496 1321 2550; x_wconf 89' lang='lat' dir='ltr'><strong>minima</strong></span> <span class='ocrx_word' id='word_1_255' title='bbox 1354 2477 1563 2567; x_wconf 79' lang='lat' dir='ltr'><strong>syllaba</strong></span> <span class='ocrx_word' id='word_1_256' title='bbox 1593 2493 1884 2564; x_wconf 74' lang='lat' dir='ltr'><strong>legeretur,</strong></span> <span class='ocrx_word' id='word_1_257' title='bbox 1915 2490 2087 2562; x_wconf 88' lang='lat' dir='ltr'><strong>magis</strong></span> 
     </span>
    </p>
   </div>
   <div class='ocr_carea' id='block_1_40' title="bbox 502 2581 2087 2664">
    <p class='ocr_par' dir='ltr' id='par_1_40' title="bbox 502 2581 2087 2664">
     <span class='ocr_line' id='line_1_40' title="bbox 502 2581 2087 2664; baseline -0.007 -18"><span class='ocrx_word' id='word_1_258' title='bbox 502 2593 802 2664; x_wconf 76' lang='lat' dir='ltr'><strong>augebatur</strong></span> <span class='ocrx_word' id='word_1_259' title='bbox 851 2589 1107 2659; x_wconf 90' lang='lat' dir='ltr'><strong>suspicio.</strong></span> <span class='ocrx_word' id='word_1_260' title='bbox 1176 2584 1356 2641; x_wconf 84' lang='lat' dir='ltr'><strong>Nihilo</strong></span> <span class='ocrx_word' id='word_1_261' title='bbox 1417 2595 1596 2640; x_wconf 84' lang='lat' dir='ltr'><strong>tamen</strong></span> <span class='ocrx_word' id='word_1_262' title='bbox 1648 2583 1826 2639; x_wconf 89' lang='lat' dir='ltr'><strong>secius</strong></span> <span class='ocrx_word' id='word_1_263' title='bbox 1874 2581 2087 2636; x_wconf 89' lang='lat' dir='ltr'><strong>addita-</strong></span> 
     </span>
    </p>
   </div>
   <div class='ocr_carea' id='block_1_41' title="bbox 499 2673 2087 2753">
    <p class='ocr_par' dir='ltr' id='par_1_41' title="bbox 499 2673 2087 2753">
     <span class='ocr_line' id='line_1_41' title="bbox 499 2673 2087 2753; baseline -0.008 -14"><span class='ocrx_word' id='word_1_264' title='bbox 499 2693 681 2740; x_wconf 88' lang='lat' dir='ltr'><strong>menta</strong></span> <span class='ocrx_word' id='word_1_265' title='bbox 709 2696 830 2739; x_wconf 86' lang='lat' dir='ltr'><strong>esse</strong></span> <span class='ocrx_word' id='word_1_266' title='bbox 854 2695 975 2753; x_wconf 84' lang='lat' dir='ltr'><strong>quae</strong></span> <span class='ocrx_word' id='word_1_267' title='bbox 1017 2679 1343 2749; x_wconf 87' lang='lat' dir='ltr'><strong>protulimus</strong></span> <span class='ocrx_word' id='word_1_268' title='bbox 1372 2692 1479 2732; x_wconf 90' lang='lat' dir='ltr'><strong>non</strong></span> <span class='ocrx_word' id='word_1_269' title='bbox 1509 2683 1592 2731; x_wconf 89' lang='lat' dir='ltr'><strong>est</strong></span> <span class='ocrx_word' id='word_1_270' title='bbox 1616 2691 1713 2730; x_wconf 91' lang='lat' dir='ltr'><strong>cur</strong></span> <span class='ocrx_word' id='word_1_271' title='bbox 1739 2673 2087 2739; x_wconf 81' lang='lat' dir='ltr'><strong>atlirmemus,</strong></span> 
     </span>
    </p>
   </div>
   <div class='ocr_carea' id='block_1_42' title="bbox 486 2764 2088 2844">
    <p class='ocr_par' dir='ltr' id='par_1_42' title="bbox 486 2764 2088 2844">
     <span class='ocr_line' id='line_1_42' title="bbox 486 2764 2088 2844; baseline -0.007 -15"><span class='ocrx_word' id='word_1_272' title='bbox 486 2773 939 2844; x_wconf 81' lang='lat' dir='ltr'><strong>quandoquidem</strong></span> <span class='ocrx_word' id='word_1_273' title='bbox 988 2770 1249 2840; x_wconf 88' lang='lat' dir='ltr'><strong>adjecisse</strong></span> <span class='ocrx_word' id='word_1_274' title='bbox 1274 2783 1340 2822; x_wconf 88' lang='lat' dir='ltr'><strong>ea</strong></span> <span class='ocrx_word' id='word_1_275' title='bbox 1372 2768 1433 2821; x_wconf 88' lang='grc' dir='ltr'><strong>Β.</strong></span> <span class='ocrx_word' id='word_1_276' title='bbox 1484 2765 1875 2830; x_wconf 87' lang='lat' dir='ltr'><strong>Lanfrancum,</strong></span> <span class='ocrx_word' id='word_1_277' title='bbox 1904 2764 2088 2819; x_wconf 81' lang='lat' dir='ltr'><strong>elabo-</strong></span> 
     </span>
    </p>
   </div>
   <div class='ocr_carea' id='block_1_43' title="bbox 503 2853 2086 2935">
    <p class='ocr_par' dir='ltr' id='par_1_43' title="bbox 503 2853 2086 2935">
     <span class='ocr_line' id='line_1_43' title="bbox 503 2853 2086 2935; baseline -0.009 -13"><span class='ocrx_word' id='word_1_278' title='bbox 503 2878 767 2935; x_wconf 73' lang='lat' dir='ltr'><strong>rasseque</strong></span> <span class='ocrx_word' id='word_1_279' title='bbox 812 2872 872 2917; x_wconf 86' lang='lat' dir='ltr'><strong>ut</strong></span> <span class='ocrx_word' id='word_1_280' title='bbox 918 2861 1151 2930; x_wconf 89' lang='lat' dir='ltr'><strong>amplior</strong></span> <span class='ocrx_word' id='word_1_281' title='bbox 1188 2869 1351 2930; x_wconf 88' lang='lat' dir='ltr'><strong>atque</strong></span> <span class='ocrx_word' id='word_1_282' title='bbox 1382 2856 1725 2913; x_wconf 69' lang='lat' dir='ltr'><strong>emendatio:</strong></span> <span class='ocrx_word' id='word_1_283' title='bbox 1754 2856 1892 2911; x_wconf 88' lang='lat' dir='ltr'><strong>foret</strong></span> <span class='ocrx_word' id='word_1_284' title='bbox 1934 2853 2086 2911; x_wconf 84' lang='lat' dir='ltr'><strong>libel-</strong></span> 
     </span>
    </p>
   </div>
   <div class='ocr_carea' id='block_1_44' title="bbox 502 2946 2092 3023">
    <p class='ocr_par' dir='ltr' id='par_1_44' title="bbox 502 2946 2092 3023">
     <span class='ocr_line' id='line_1_44' title="bbox 502 2946 2092 3023; baseline -0.005 -12"><span class='ocrx_word' id='word_1_285' title='bbox 502 2957 608 3023; x_wconf 89' lang='lat' dir='ltr'><strong>lus,</strong></span> <span class='ocrx_word' id='word_1_286' title='bbox 634 2971 762 3011; x_wconf 88' lang='lat' dir='ltr'><strong>vero</strong></span> <span class='ocrx_word' id='word_1_287' title='bbox 791 2952 1067 3009; x_wconf 87' lang='lat' dir='ltr'><strong>simillima</strong></span> <span class='ocrx_word' id='word_1_288' title='bbox 1090 2961 1175 3007; x_wconf 89' lang='lat' dir='ltr'><strong>est</strong></span> <span class='ocrx_word' id='word_1_289' title='bbox 1202 2951 1344 3005; x_wconf 83' lang='lat' dir='ltr'><strong>ratio</strong></span> <span class='ocrx_word' id='word_1_290' title='bbox 1367 2967 1387 3015; x_wconf 88' lang='lat'><strong><em>;</em></strong></span> <span class='ocrx_word' id='word_1_291' title='bbox 1410 2948 1551 3021; x_wconf 87' lang='lat' dir='ltr'><strong>quod</strong></span> <span class='ocrx_word' id='word_1_292' title='bbox 1568 2958 1622 3004; x_wconf 87' lang='lat' dir='ltr'><strong>et</strong></span> <span class='ocrx_word' id='word_1_293' title='bbox 1646 2948 1822 3004; x_wconf 87' lang='lat' dir='ltr'><strong>solent</strong></span> <span class='ocrx_word' id='word_1_294' title='bbox 1846 2946 2092 3018; x_wconf 79' lang='lat' dir='ltr'><strong>plerique</strong></span> 
     </span>
    </p>
   </div>
   <div class='ocr_carea' id='block_1_45' title="bbox 506 3039 2091 3115">
    <p class='ocr_par' dir='ltr' id='par_1_45' title="bbox 506 3039 2091 3115">
     <span class='ocr_line' id='line_1_45' title="bbox 506 3039 2091 3115; baseline -0.005 -11"><span class='ocrx_word' id='word_1_295' title='bbox 506 3058 784 3113; x_wconf 84' lang='lat' dir='ltr'><strong>auctores,</strong></span> <span class='ocrx_word' id='word_1_296' title='bbox 805 3044 1124 3115; x_wconf 68' lang='lat' dir='ltr'><strong>srepiuscnle</strong></span> <span class='ocrx_word' id='word_1_297' title='bbox 1171 3059 1336 3110; x_wconf 88' lang='lat' dir='ltr'><strong>opera</strong></span> <span class='ocrx_word' id='word_1_298' title='bbox 1379 3058 1410 3097; x_wconf 91' lang='lat' dir='ltr'><strong>a</strong></span> <span class='ocrx_word' id='word_1_299' title='bbox 1452 3058 1511 3097; x_wconf 88' lang='lat' dir='ltr'><strong>se</strong></span> <span class='ocrx_word' id='word_1_300' title='bbox 1535 3042 1681 3098; x_wconf 89' lang='lat' dir='ltr'><strong>edita</strong></span> <span class='ocrx_word' id='word_1_301' title='bbox 1716 3042 1815 3097; x_wconf 92' lang='lat' dir='ltr'><strong>sub</strong></span> <span class='ocrx_word' id='word_1_302' title='bbox 1840 3039 2091 3097; x_wconf 89' lang='lat' dir='ltr'><strong>incudem</strong></span> 
     </span>
    </p>
   </div>
   <div class='ocr_carea' id='block_1_46' title="bbox 510 3133 2088 3203">
    <p class='ocr_par' dir='ltr' id='par_1_46' title="bbox 510 3133 2088 3203">
     <span class='ocr_line' id='line_1_46' title="bbox 510 3133 2088 3203; baseline -0.006 -6"><span class='ocrx_word' id='word_1_303' title='bbox 510 3154 794 3197; x_wconf 81' lang='lat' dir='ltr'><strong>revocare.</strong></span> <span class='ocrx_word' id='word_1_304' title='bbox 825 3138 943 3193; x_wconf 85' lang='lat' dir='ltr'><strong>Non</strong></span> <span class='ocrx_word' id='word_1_305' title='bbox 993 3136 1083 3192; x_wconf 92' lang='lat' dir='ltr'><strong>hic</strong></span> <span class='ocrx_word' id='word_1_306' title='bbox 1122 3138 1383 3191; x_wconf 85' lang='lat' dir='ltr'><strong>immorer</strong></span> <span class='ocrx_word' id='word_1_307' title='bbox 1414 3152 1467 3189; x_wconf 81' lang='lat' dir='ltr'><strong>in</strong></span> <span class='ocrx_word' id='word_1_308' title='bbox 1498 3133 1935 3190; x_wconf 89' lang='lat' dir='ltr'><strong>commendando</strong></span> <span class='ocrx_word' id='word_1_309' title='bbox 1956 3147 2088 3203; x_wconf 80' lang='lat' dir='ltr'><strong>prae-</strong></span> 
     </span>
    </p>
   </div>
   <div class='ocr_carea' id='block_1_47' title="bbox 507 3224 2088 3300">
    <p class='ocr_par' dir='ltr' id='par_1_47' title="bbox 507 3224 2088 3300">
     <span class='ocr_line' id='line_1_47' title="bbox 507 3224 2088 3300; baseline -0.006 -11"><span class='ocrx_word' id='word_1_310' title='bbox 507 3232 682 3289; x_wconf 89' lang='lat' dir='ltr'><strong>coniis</strong></span> <span class='ocrx_word' id='word_1_311' title='bbox 734 3232 839 3287; x_wconf 89' lang='lat' dir='ltr'><strong>isto</strong></span> <span class='ocrx_word' id='word_1_312' title='bbox 880 3244 1047 3300; x_wconf 88' lang='lat' dir='ltr'><strong>opere</strong></span> <span class='ocrx_word' id='word_1_313' title='bbox 1102 3243 1296 3294; x_wconf 87' lang='lat' dir='ltr'><strong>aureo;</strong></span> <span class='ocrx_word' id='word_1_314' title='bbox 1350 3227 1482 3283; x_wconf 90' lang='lat' dir='ltr'><strong>satis</strong></span> <span class='ocrx_word' id='word_1_315' title='bbox 1533 3226 1675 3281; x_wconf 89' lang='lat' dir='ltr'><strong>enim</strong></span> <span class='ocrx_word' id='word_1_316' title='bbox 1718 3240 1988 3296; x_wconf 90' lang='lat' dir='ltr'><strong>superque</strong></span> <span class='ocrx_word' id='word_1_317' title='bbox 2022 3224 2088 3279; x_wconf 88' lang='lat' dir='ltr'><strong>de</strong></span> 
     </span>
    </p>
   </div>
   <div class='ocr_carea' id='block_1_48' title="bbox 491 3316 2095 3393">
    <p class='ocr_par' dir='ltr' id='par_1_48' title="bbox 491 3316 2095 3393">
     <span class='ocr_line' id='line_1_48' title="bbox 491 3316 2095 3393; baseline -0.006 -14"><span class='ocrx_word' id='word_1_318' title='bbox 491 3323 703 3379; x_wconf 64' lang='lat' dir='ltr'><strong>eodem</strong></span> <span class='ocrx_word' id='word_1_319' title='bbox 733 3337 896 3393; x_wconf 90' lang='lat' dir='ltr'><strong>supra</strong></span> <span class='ocrx_word' id='word_1_320' title='bbox 936 3334 1222 3375; x_wconf 89' lang='lat' dir='ltr'><strong>numerum</strong></span> <span class='ocrx_word' id='word_1_321' title='bbox 1264 3318 1536 3374; x_wconf 89' lang='lat' dir='ltr'><strong>tradidere</strong></span> <span class='ocrx_word' id='word_1_322' title='bbox 1564 3316 1881 3388; x_wconf 89' lang='lat' dir='ltr'><strong>scriptores,</strong></span> <span class='ocrx_word' id='word_1_323' title='bbox 1908 3324 1965 3369; x_wconf 89' lang='lat' dir='ltr'><strong>et</strong></span> <span class='ocrx_word' id='word_1_324' title='bbox 1995 3330 2095 3370; x_wconf 90' lang='lat' dir='ltr'><strong>nos</strong></span> 
     </span>
    </p>
   </div>
   <div class='ocr_carea' id='block_1_49' title="bbox 506 3412 2096 3490">
    <p class='ocr_par' dir='ltr' id='par_1_49' title="bbox 506 3412 2096 3490">
     <span class='ocr_line' id='line_1_49' title="bbox 506 3412 2096 3490; baseline -0.003 -18"><span class='ocrx_word' id='word_1_325' title='bbox 506 3420 717 3490; x_wconf 83' lang='lat' dir='ltr'><strong>pariter</strong></span> <span class='ocrx_word' id='word_1_326' title='bbox 764 3419 815 3473; x_wconf 90' lang='lat' dir='ltr'><strong>in</strong></span> <span class='ocrx_word' id='word_1_327' title='bbox 863 3414 1333 3473; x_wconf 88' lang='lat' dir='ltr'><strong>observationibus</strong></span> <span class='ocrx_word' id='word_1_328' title='bbox 1368 3429 1435 3470; x_wconf 79' lang='lat' dir='ltr'><strong>ex</strong></span> <span class='ocrx_word' id='word_1_329' title='bbox 1482 3412 1671 3469; x_wconf 84' lang='lat' dir='ltr'><strong>iisdem</strong></span> <span class='ocrx_word' id='word_1_330' title='bbox 1719 3412 2096 3467; x_wconf 82' lang='lat' dir='ltr'><strong>adnotavimus</strong></span> 
     </span>
    </p>
   </div>
   <div class='ocr_carea' id='block_1_50' title="bbox 506 3503 2094 3583">
    <p class='ocr_par' dir='ltr' id='par_1_50' title="bbox 506 3503 2094 3583">
     <span class='ocr_line' id='line_1_50' title="bbox 506 3503 2094 3583; baseline -0.005 -17"><span class='ocrx_word' id='word_1_331' title='bbox 506 3512 685 3583; x_wconf 87' lang='lat' dir='ltr'><strong>plura.</strong></span> <span class='ocrx_word' id='word_1_332' title='bbox 702 3509 933 3576; x_wconf 86' lang='lat' dir='ltr'><strong>Mcndis,</strong></span> <span class='ocrx_word' id='word_1_333' title='bbox 957 3508 1155 3579; x_wconf 85' lang='lat' dir='ltr'><strong>quibus</strong></span> <span class='ocrx_word' id='word_1_334' title='bbox 1173 3504 1891 3575; x_wconf 80' lang='lat' dir='ltr'><strong>scatebat,expurgavimus,</strong></span> <span class='ocrx_word' id='word_1_335' title='bbox 1914 3503 2094 3558; x_wconf 51' lang='lat' dir='ltr'><strong>distri-</strong></span> 
     </span>
    </p>
   </div>
   <div class='ocr_carea' id='block_1_51' title="bbox 510 3594 2098 3671">
    <p class='ocr_par' dir='ltr' id='par_1_51' title="bbox 510 3594 2098 3671">
     <span class='ocr_line' id='line_1_51' title="bbox 510 3594 2098 3671; baseline -0.006 -15"><span class='ocrx_word' id='word_1_336' title='bbox 510 3604 832 3671; x_wconf 78' lang='lat' dir='ltr'><strong>huimusque</strong></span> <span class='ocrx_word' id='word_1_337' title='bbox 881 3600 933 3654; x_wconf 90' lang='lat' dir='ltr'><strong>in</strong></span> <span class='ocrx_word' id='word_1_338' title='bbox 970 3598 1147 3669; x_wconf 85' lang='lat' dir='ltr'><strong>capita</strong></span> <span class='ocrx_word' id='word_1_339' title='bbox 1202 3595 1469 3660; x_wconf 91' lang='lat' dir='ltr'><strong>libellum,</strong></span> <span class='ocrx_word' id='word_1_340' title='bbox 1517 3605 1574 3651; x_wconf 88' lang='lat' dir='ltr'><strong>et</strong></span> <span class='ocrx_word' id='word_1_341' title='bbox 1617 3594 1966 3650; x_wconf 89' lang='lat' dir='ltr'><strong>citationibus</strong></span> <span class='ocrx_word' id='word_1_342' title='bbox 1995 3594 2098 3665; x_wconf 90' lang='lat' dir='ltr'><strong>(di-</strong></span> 
     </span>
    </p>
   </div>
   <div class='ocr_carea' id='block_1_52' title="bbox 509 3685 2099 3762">
    <p class='ocr_par' dir='ltr' id='par_1_52' title="bbox 509 3685 2099 3762">
     <span class='ocr_line' id='line_1_52' title="bbox 509 3685 2099 3762; baseline -0.004 -14"><span class='ocrx_word' id='word_1_343' title='bbox 509 3692 711 3749; x_wconf 88' lang='lat' dir='ltr'><strong>scussis</strong></span> <span class='ocrx_word' id='word_1_344' title='bbox 762 3691 911 3762; x_wconf 90' lang='lat' dir='ltr'><strong>prius</strong></span> <span class='ocrx_word' id='word_1_345' title='bbox 942 3706 1064 3744; x_wconf 90' lang='lat' dir='ltr'><strong>cum</strong></span> <span class='ocrx_word' id='word_1_346' title='bbox 1105 3704 1208 3743; x_wconf 93' lang='lat' dir='ltr'><strong>ms.</strong></span> <span class='ocrx_word' id='word_1_347' title='bbox 1236 3688 1322 3743; x_wconf 89' lang='lat' dir='ltr'><strong>vel</strong></span> <span class='ocrx_word' id='word_1_348' title='bbox 1350 3688 1510 3743; x_wconf 89' lang='lat' dir='ltr'><strong>editis</strong></span> <span class='ocrx_word' id='word_1_349' title='bbox 1549 3686 1847 3756; x_wconf 91' lang='lat' dir='ltr'><strong>codicibus)</strong></span> <span class='ocrx_word' id='word_1_350' title='bbox 1900 3685 2099 3757; x_wconf 87' lang='lat' dir='ltr'><strong>margi-</strong></span> 
     </span>
    </p>
   </div>
   <div class='ocr_carea' id='block_1_53' title="bbox 510 3784 1036 3840">
    <p class='ocr_par' dir='ltr' id='par_1_53' title="bbox 510 3784 1036 3840">
     <span class='ocr_line' id='line_1_53' title="bbox 510 3784 1036 3840; baseline -0.008 -1"><span class='ocrx_word' id='word_1_351' title='bbox 510 3800 608 3840; x_wconf 82' lang='lat' dir='ltr'><strong>nes</strong></span> <span class='ocrx_word' id='word_1_352' title='bbox 632 3784 1036 3839; x_wconf 86' lang='lat' dir='ltr'><strong>adornavimus.</strong></span> 
     </span>
    </p>
   </div>
   <div class='ocr_carea' id='block_1_54' title="bbox 582 3871 2094 3944">
    <p class='ocr_par' dir='ltr' id='par_1_54' title="bbox 582 3871 2094 3944">
     <span class='ocr_line' id='line_1_54' title="bbox 582 3871 2094 3944; baseline -0.005 -14"><span class='ocrx_word' id='word_1_353' title='bbox 582 3876 837 3930; x_wconf 84' lang='lat' dir='ltr'><strong>Proxime</strong></span> <span class='ocrx_word' id='word_1_354' title='bbox 897 3882 1202 3944; x_wconf 88' lang='lat' dir='ltr'><strong>sequuntur</strong></span> <span class='ocrx_word' id='word_1_355' title='bbox 1263 3874 1478 3927; x_wconf 88' lang='lat' dir='ltr'><strong>decreta</strong></span> <span class='ocrx_word' id='word_1_356' title='bbox 1534 3887 1634 3941; x_wconf 90' lang='lat' dir='ltr'><strong>pro</strong></span> <span class='ocrx_word' id='word_1_357' title='bbox 1680 3871 1871 3926; x_wconf 89' lang='lat' dir='ltr'><strong>ordine</strong></span> <span class='ocrx_word' id='word_1_358' title='bbox 1924 3871 2094 3926; x_wconf 86' lang='lat' dir='ltr'><strong>sancti</strong></span> 
     </span>
    </p>
   </div>
   <div class='ocr_carea' id='block_1_55' title="bbox 510 3960 2094 4035">
    <p class='ocr_par' dir='ltr' id='par_1_55' title="bbox 510 3960 2094 4035">
     <span class='ocr_line' id='line_1_55' title="bbox 510 3960 2094 4035; baseline -0.004 -14"><span class='ocrx_word' id='word_1_359' title='bbox 510 3965 789 4021; x_wconf 89' lang='lat' dir='ltr'><strong>Benedicti</strong></span> <span class='ocrx_word' id='word_1_360' title='bbox 824 3965 922 4035; x_wconf 88' lang='lat' dir='ltr'><strong>(De</strong></span> <span class='ocrx_word' id='word_1_361' title='bbox 953 3962 1414 4018; x_wconf 89' lang='lat' dir='ltr'><strong>annotatiunculis</strong></span> <span class='ocrx_word' id='word_1_362' title='bbox 1450 3962 1515 4016; x_wconf 88' lang='lat' dir='ltr'><strong>ad</strong></span> <span class='ocrx_word' id='word_1_363' title='bbox 1546 3962 1868 4017; x_wconf 87' lang='lat' dir='ltr'><strong>Cassianum</strong></span> <span class='ocrx_word' id='word_1_364' title='bbox 1892 3960 2094 4016; x_wconf 91' lang='lat' dir='ltr'><strong>dictum</strong></span> 
     </span>
    </p>
   </div>
   <div class='ocr_carea' id='block_1_56' title="bbox 510 4054 2095 4125">
    <p class='ocr_par' dir='ltr' id='par_1_56' title="bbox 510 4054 2095 4125">
     <span class='ocr_line' id='line_1_56' title="bbox 510 4054 2095 4125; baseline -0.004 -10"><span class='ocrx_word' id='word_1_365' title='bbox 510 4069 598 4117; x_wconf 88' lang='lat' dir='ltr'><strong>est</strong></span> <span class='ocrx_word' id='word_1_366' title='bbox 648 4059 702 4114; x_wconf 93' lang='lat' dir='ltr'><strong>in</strong></span> <span class='ocrx_word' id='word_1_367' title='bbox 747 4056 1221 4114; x_wconf 88' lang='lat' dir='ltr'><strong>observationibus</strong></span> <span class='ocrx_word' id='word_1_368' title='bbox 1275 4056 1341 4109; x_wconf 89' lang='lat' dir='ltr'><strong>ad</strong></span> <span class='ocrx_word' id='word_1_369' title='bbox 1377 4054 1555 4109; x_wconf 85' lang='lat' dir='ltr'><strong>Vitam</strong></span> <span class='ocrx_word' id='word_1_370' title='bbox 1593 4071 1714 4125; x_wconf 91' lang='lat' dir='ltr'><strong>pag.</strong></span> <span class='ocrx_word' id='word_1_371' title='bbox 1750 4056 1813 4109; x_wconf 73' lang='grc' dir='ltr'>Η</span> <span class='ocrx_word' id='word_1_372' title='bbox 1878 4064 1935 4110; x_wconf 89' lang='lat' dir='ltr'><strong>et</strong></span> <span class='ocrx_word' id='word_1_373' title='bbox 1967 4054 2095 4120; x_wconf 71' lang='lat'><strong>252)</strong></span> 
     </span>
    </p>
   </div>
   <div class='ocr_carea' id='block_1_57' title="bbox 513 4144 2094 4216">
    <p class='ocr_par' dir='ltr' id='par_1_57' title="bbox 513 4144 2094 4216">
     <span class='ocr_line' id='line_1_57' title="bbox 513 4144 2094 4216; baseline -0.003 -10"><span class='ocrx_word' id='word_1_374' title='bbox 513 4149 684 4206; x_wconf 88' lang='lat' dir='ltr'><strong>semel</strong></span> <span class='ocrx_word' id='word_1_375' title='bbox 716 4149 980 4204; x_wconf 80' lang='lat' dir='ltr'><strong>duntaxat</strong></span> <span class='ocrx_word' id='word_1_376' title='bbox 1006 4146 1146 4216; x_wconf 85' lang='lat' dir='ltr'><strong>typis</strong></span> <span class='ocrx_word' id='word_1_377' title='bbox 1178 4146 1245 4200; x_wconf 89' lang='lat' dir='ltr'><strong>ab</strong></span> <span class='ocrx_word' id='word_1_378' title='bbox 1277 4144 1489 4200; x_wconf 90' lang='lat' dir='ltr'><strong>erudito</strong></span> <span class='ocrx_word' id='word_1_379' title='bbox 1520 4161 1674 4215; x_wconf 71' lang='lat' dir='ltr'><strong>teque</strong></span> <span class='ocrx_word' id='word_1_380' title='bbox 1707 4160 1774 4199; x_wconf 89' lang='lat' dir='ltr'><strong>ac</strong></span> <span class='ocrx_word' id='word_1_381' title='bbox 1809 4146 1899 4215; x_wconf 89' lang='lat' dir='ltr'><strong>pio</strong></span> <span class='ocrx_word' id='word_1_382' title='bbox 1923 4145 2094 4201; x_wconf 87' lang='lat' dir='ltr'><strong>Bene-</strong></span> 
     </span>
    </p>
   </div>
   <div class='ocr_carea' id='block_1_58' title="bbox 513 4236 2099 4310">
    <p class='ocr_par' dir='ltr' id='par_1_58' title="bbox 513 4236 2099 4310">
     <span class='ocr_line' id='line_1_58' title="bbox 513 4236 2099 4310; baseline -0.004 -13"><span class='ocrx_word' id='word_1_383' title='bbox 513 4242 723 4299; x_wconf 70' lang='lat' dir='ltr'><strong>ilietino</strong></span> <span class='ocrx_word' id='word_1_384' title='bbox 742 4238 1180 4310; x_wconf 89' lang='lat' dir='ltr'><strong>congregationis</strong></span> <span class='ocrx_word' id='word_1_385' title='bbox 1200 4236 1515 4308; x_wconf 76' lang='lat' dir='ltr'><strong>Anglicana:</strong></span> <span class='ocrx_word' id='word_1_386' title='bbox 1545 4237 1823 4293; x_wconf 87' lang='lat' dir='ltr'><strong>Clemente</strong></span> <span class='ocrx_word' id='word_1_387' title='bbox 1853 4236 2099 4307; x_wconf 79' lang='lat' dir='ltr'><strong>Reynero</strong></span> 
     </span>
    </p>
   </div>
   <div class='ocr_carea' id='block_1_59' title="bbox 515 4328 2101 4394">
    <p class='ocr_par' dir='ltr' id='par_1_59' title="bbox 515 4328 2101 4394">
     <span class='ocr_line' id='line_1_59' title="bbox 515 4328 2101 4394; baseline -0.002 -7"><span class='ocrx_word' id='word_1_388' title='bbox 515 4334 791 4394; x_wconf 87' lang='lat' dir='ltr'><strong>mandata,</strong></span> <span class='ocrx_word' id='word_1_389' title='bbox 841 4330 935 4386; x_wconf 85' lang='lat' dir='ltr'><strong>sed</strong></span> <span class='ocrx_word' id='word_1_390' title='bbox 979 4328 1125 4386; x_wconf 82' lang='lat' dir='ltr'><strong>enim</strong></span> <span class='ocrx_word' id='word_1_391' title='bbox 1156 4328 1567 4383; x_wconf 86' lang='lat' dir='ltr'><strong>characterihus</strong></span> <span class='ocrx_word' id='word_1_392' title='bbox 1616 4328 1920 4385; x_wconf 85' lang='lat' dir='ltr'><strong>obliteratis</strong></span> <span class='ocrx_word' id='word_1_393' title='bbox 1955 4345 2101 4385; x_wconf 87' lang='lat' dir='ltr'><strong>men-</strong></span> 
     </span>
    </p>
   </div>
   <div class='ocr_carea' id='block_1_60' title="bbox 516 4418 2094 4490">
    <p class='ocr_par' dir='ltr' id='par_1_60' title="bbox 516 4418 2094 4490">
     <span class='ocr_line' id='line_1_60' title="bbox 516 4418 2094 4490; baseline 0.002 -17"><span class='ocrx_word' id='word_1_394' title='bbox 516 4421 706 4489; x_wconf 85' lang='lat' dir='ltr'><strong>disque</strong></span> <span class='ocrx_word' id='word_1_395' title='bbox 761 4418 984 4473; x_wconf 90' lang='lat' dir='ltr'><strong>libraria</strong></span> <span class='ocrx_word' id='word_1_396' title='bbox 1048 4418 1339 4489; x_wconf 47' lang='lat' dir='ltr'><strong>,oscitantia</strong></span> <span class='ocrx_word' id='word_1_397' title='bbox 1414 4422 1617 4489; x_wconf 73' lang='lat' dir='ltr'><strong>passim</strong></span> <span class='ocrx_word' id='word_1_398' title='bbox 1669 4419 1905 4485; x_wconf 83' lang='lat' dir='ltr'><strong>referta;</strong></span> <span class='ocrx_word' id='word_1_399' title='bbox 1956 4436 2094 4490; x_wconf 60' lang='lat' dir='ltr'><strong>quae.</strong></span> 
     </span>
    </p>
   </div>
   <div class='ocr_carea' id='block_1_61' title="bbox 2116 3193 2163 3256">
    <p class='ocr_par' dir='ltr' id='par_1_61' title="bbox 2116 3193 2163 3256">
     <span class='ocr_line' id='line_1_61' title="bbox 2116 3193 2163 3256; baseline 0 0"><span class='ocrx_word' id='word_1_400' title='bbox 2116 3193 2163 3256; x_wconf 88' lang='lat' dir='ltr'><strong><em>C</em></strong></span> 
     </span>
    </p>
   </div>
   <div class='ocr_carea' id='block_1_62' title="bbox 2185 1947 3786 2020">
    <p class='ocr_par' dir='ltr' id='par_1_62' title="bbox 2185 1947 3786 2020">
     <span class='ocr_line' id='line_1_62' title="bbox 2185 1947 3786 2020; baseline -0.002 -15"><span class='ocrx_word' id='word_1_401' title='bbox 2185 1954 2252 2006; x_wconf 87' lang='lat' dir='ltr'><strong>ab</strong></span> <span class='ocrx_word' id='word_1_402' title='bbox 2303 1951 2479 2004; x_wconf 86' lang='lat' dir='ltr'><strong>amico</strong></span> <span class='ocrx_word' id='word_1_403' title='bbox 2522 1950 2969 2020; x_wconf 84' lang='lat' dir='ltr'><strong>conjunctissimo</strong></span> <span class='ocrx_word' id='word_1_404' title='bbox 2998 1948 3129 2004; x_wconf 88' lang='lat' dir='ltr'><strong>mihi</strong></span> <span class='ocrx_word' id='word_1_405' title='bbox 3162 1947 3464 2004; x_wconf 86' lang='lat' dir='ltr'><strong>christiana</strong></span> <span class='ocrx_word' id='word_1_406' title='bbox 3507 1947 3786 2003; x_wconf 77' lang='lat' dir='ltr'><strong>charitate</strong></span> 
     </span>
    </p>
   </div>
   <div class='ocr_carea' id='block_1_63' title="bbox 2186 2039 3783 2099">
    <p class='ocr_par' dir='ltr' id='par_1_63' title="bbox 2186 2039 3783 2099">
     <span class='ocr_line' id='line_1_63' title="bbox 2186 2039 3783 2099; baseline -0.003 -1"><span class='ocrx_word' id='word_1_407' title='bbox 2186 2044 2406 2098; x_wconf 72' lang='lat' dir='ltr'><strong>Nicolao</strong></span> <span class='ocrx_word' id='word_1_408' title='bbox 2434 2044 2611 2098; x_wconf 77' lang='lat' dir='ltr'><strong>Fabro</strong></span> <span class='ocrx_word' id='word_1_409' title='bbox 2632 2043 2951 2099; x_wconf 85' lang='lat' dir='ltr'><strong>Parisiensi.</strong></span> <span class='ocrx_word' id='word_1_410' title='bbox 2988 2061 3008 2094; x_wconf 72' lang='grc' dir='ltr'><strong><em>ι</em></strong></span> <span class='ocrx_word' id='word_1_411' title='bbox 3053 2053 3167 2097; x_wconf 91' lang='lat' dir='ltr'><strong>etc.</strong></span> <span class='ocrx_word' id='word_1_412' title='bbox 3196 2041 3434 2096; x_wconf 90' lang='lat' dir='ltr'><strong>Fabrum</strong></span> <span class='ocrx_word' id='word_1_413' title='bbox 3474 2055 3543 2094; x_wconf 83' lang='lat' dir='ltr'><strong>ex</strong></span> <span class='ocrx_word' id='word_1_414' title='bbox 3573 2039 3783 2095; x_wconf 86' lang='lat' dir='ltr'><strong>celebri</strong></span> 
     </span>
    </p>
   </div>
   <div class='ocr_carea' id='block_1_64' title="bbox 2188 2131 3785 2204">
    <p class='ocr_par' dir='ltr' id='par_1_64' title="bbox 2188 2131 3785 2204">
     <span class='ocr_line' id='line_1_64' title="bbox 2188 2131 3785 2204; baseline -0.004 -12"><span class='ocrx_word' id='word_1_415' title='bbox 2188 2137 2514 2192; x_wconf 83' lang='lat' dir='ltr'><strong>bibliotheca</strong></span> <span class='ocrx_word' id='word_1_416' title='bbox 2568 2134 2885 2190; x_wconf 82' lang='lat' dir='ltr'><strong>Cottoniana</strong></span> <span class='ocrx_word' id='word_1_417' title='bbox 2945 2135 2999 2188; x_wconf 90' lang='lat' dir='ltr'><strong>in</strong></span> <span class='ocrx_word' id='word_1_418' title='bbox 3052 2132 3244 2204; x_wconf 79' lang='lat' dir='ltr'><strong>Anglia</strong></span> <span class='ocrx_word' id='word_1_419' title='bbox 3290 2132 3569 2202; x_wconf 84' lang='lat' dir='ltr'><strong>accepisse</strong></span> <span class='ocrx_word' id='word_1_420' title='bbox 3622 2131 3785 2185; x_wconf 83' lang='lat' dir='ltr'><strong>testis</strong></span> 
     </span>
    </p>
   </div>
   <div class='ocr_carea' id='block_1_65' title="bbox 2192 2221 3783 2296">
    <p class='ocr_par' dir='ltr' id='par_1_65' title="bbox 2192 2221 3783 2296">
     <span class='ocr_line' id='line_1_65' title="bbox 2192 2221 3783 2296; baseline -0.004 -15"><span class='ocrx_word' id='word_1_421' title='bbox 2192 2229 2322 2282; x_wconf 87' lang='lat' dir='ltr'><strong>mihi</strong></span> <span class='ocrx_word' id='word_1_422' title='bbox 2360 2237 2438 2281; x_wconf 89' lang='lat' dir='ltr'><strong>est</strong></span> <span class='ocrx_word' id='word_1_423' title='bbox 2460 2228 2600 2281; x_wconf 84' lang='lat' dir='ltr'><strong>idem</strong></span> <span class='ocrx_word' id='word_1_424' title='bbox 2632 2226 2723 2296; x_wconf 88' lang='lat' dir='ltr'><strong>qui</strong></span> <span class='ocrx_word' id='word_1_425' title='bbox 2750 2241 2909 2295; x_wconf 91' lang='lat' dir='ltr'><strong>supra</strong></span> <span class='ocrx_word' id='word_1_426' title='bbox 2940 2223 3208 2279; x_wconf 89' lang='lat' dir='ltr'><strong>Seldenus</strong></span> <span class='ocrx_word' id='word_1_427' title='bbox 3230 2222 3350 2277; x_wconf 87' lang='lat' dir='ltr'><strong>loco</strong></span> <span class='ocrx_word' id='word_1_428' title='bbox 3384 2222 3574 2277; x_wconf 89' lang='lat' dir='ltr'><strong>citato.</strong></span> <span class='ocrx_word' id='word_1_429' title='bbox 3600 2221 3783 2289; x_wconf 82' lang='lat' dir='ltr'><strong>Atque</strong></span> 
     </span>
    </p>
   </div>
   <div class='ocr_carea' id='block_1_66' title="bbox 2189 2313 3782 2388">
    <p class='ocr_par' dir='ltr' id='par_1_66' title="bbox 2189 2313 3782 2388">
     <span class='ocr_line' id='line_1_66' title="bbox 2189 2313 3782 2388; baseline -0.003 -16"><span class='ocrx_word' id='word_1_430' title='bbox 2189 2318 2317 2372; x_wconf 87' lang='lat' dir='ltr'><strong>illud</strong></span> <span class='ocrx_word' id='word_1_431' title='bbox 2345 2317 2565 2388; x_wconf 84' lang='lat' dir='ltr'><strong>quidem</strong></span> <span class='ocrx_word' id='word_1_432' title='bbox 2597 2320 2966 2388; x_wconf 86' lang='lat' dir='ltr'><strong>apographum</strong></span> <span class='ocrx_word' id='word_1_433' title='bbox 2999 2314 3379 2370; x_wconf 85' lang='lat' dir='ltr'><strong>liberalissime</strong></span> <span class='ocrx_word' id='word_1_434' title='bbox 3405 2313 3782 2368; x_wconf 82' lang='lat' dir='ltr'><strong>communica-</strong></span> 
     </span>
    </p>
   </div>
   <div class='ocr_carea' id='block_1_67' title="bbox 2188 2405 3779 2476">
    <p class='ocr_par' dir='ltr' id='par_1_67' title="bbox 2188 2405 3779 2476">
     <span class='ocr_line' id='line_1_67' title="bbox 2188 2405 3779 2476; baseline -0.001 -16"><span class='ocrx_word' id='word_1_435' title='bbox 2188 2409 2265 2463; x_wconf 87' lang='lat' dir='ltr'><strong>vit</strong></span> <span class='ocrx_word' id='word_1_436' title='bbox 2318 2408 2667 2465; x_wconf 81' lang='lat' dir='ltr'><strong>doctissimus</strong></span> <span class='ocrx_word' id='word_1_437' title='bbox 2721 2406 3087 2472; x_wconf 83' lang='lat' dir='ltr'><strong>Sirinondus;</strong></span> <span class='ocrx_word' id='word_1_438' title='bbox 3161 2421 3269 2476; x_wconf 91' lang='lat' dir='ltr'><strong>quo</strong></span> <span class='ocrx_word' id='word_1_439' title='bbox 3318 2406 3662 2474; x_wconf 88' lang='lat' dir='ltr'><strong>potissimum</strong></span> <span class='ocrx_word' id='word_1_440' title='bbox 3718 2405 3779 2459; x_wconf 79' lang='lat' dir='ltr'><strong>iu</strong></span> 
     </span>
    </p>
   </div>
   <div class='ocr_carea' id='block_1_68' title="bbox 2193 2495 3788 2567">
    <p class='ocr_par' dir='ltr' id='par_1_68' title="bbox 2193 2495 3788 2567">
     <span class='ocr_line' id='line_1_68' title="bbox 2193 2495 3788 2567; baseline -0.001 -15"><span class='ocrx_word' id='word_1_441' title='bbox 2193 2508 2380 2552; x_wconf 88' lang='lat' dir='ltr'><strong>nostra</strong></span> <span class='ocrx_word' id='word_1_442' title='bbox 2444 2500 2547 2553; x_wconf 88' lang='lat' dir='ltr'><strong>hac</strong></span> <span class='ocrx_word' id='word_1_443' title='bbox 2592 2499 2674 2552; x_wconf 90' lang='lat' dir='ltr'><strong>usi</strong></span> <span class='ocrx_word' id='word_1_444' title='bbox 2723 2513 2911 2552; x_wconf 76' lang='lat' dir='ltr'><strong>sumus</strong></span> <span class='ocrx_word' id='word_1_445' title='bbox 2951 2497 3209 2553; x_wconf 89' lang='lat' dir='ltr'><strong>editione.</strong></span> <span class='ocrx_word' id='word_1_446' title='bbox 3242 2495 3536 2566; x_wconf 78' lang='lat' dir='ltr'><strong>Suppetias</strong></span> <span class='ocrx_word' id='word_1_447' title='bbox 3561 2511 3788 2567; x_wconf 70' lang='lat' dir='ltr'><strong>quoque</strong></span> 
     </span>
    </p>
   </div>
   <div class='ocr_carea' id='block_1_69' title="bbox 2189 2589 3783 2661">
    <p class='ocr_par' dir='ltr' id='par_1_69' title="bbox 2189 2589 3783 2661">
     <span class='ocr_line' id='line_1_69' title="bbox 2189 2589 3783 2661; baseline -0.002 -15"><span class='ocrx_word' id='word_1_448' title='bbox 2189 2591 2369 2646; x_wconf 89' lang='lat' dir='ltr'><strong>attulit</strong></span> <span class='ocrx_word' id='word_1_449' title='bbox 2396 2591 2702 2661; x_wconf 82' lang='lat' dir='ltr'><strong>exemplum</strong></span> <span class='ocrx_word' id='word_1_450' title='bbox 2725 2591 3039 2646; x_wconf 87' lang='lat' dir='ltr'><strong>earumdem</strong></span> <span class='ocrx_word' id='word_1_451' title='bbox 3084 2589 3385 2644; x_wconf 89' lang='lat' dir='ltr'><strong>litterarum</strong></span> <span class='ocrx_word' id='word_1_452' title='bbox 3418 2592 3471 2657; x_wconf 70' lang='grc' dir='ltr'><strong>(θ</strong></span> <span class='ocrx_word' id='word_1_453' title='bbox 3501 2599 3783 2644; x_wconf 88' lang='lat' dir='ltr'><strong>monaste-</strong></span> 
     </span>
    </p>
   </div>
   <div class='ocr_carea' id='block_1_70' title="bbox 2190 2678 3781 2751">
    <p class='ocr_par' dir='ltr' id='par_1_70' title="bbox 2190 2678 3781 2751">
     <span class='ocr_line' id='line_1_70' title="bbox 2190 2678 3781 2751; baseline -0.006 -10"><span class='ocrx_word' id='word_1_454' title='bbox 2190 2686 2296 2751; x_wconf 87' lang='lat' dir='ltr'><strong>rio,</strong></span> <span class='ocrx_word' id='word_1_455' title='bbox 2327 2684 2380 2738; x_wconf 89' lang='lat' dir='ltr'><strong>ni</strong></span> <span class='ocrx_word' id='word_1_456' title='bbox 2413 2682 2589 2745; x_wconf 89' lang='lat' dir='ltr'><strong>fallor,</strong></span> <span class='ocrx_word' id='word_1_457' title='bbox 2625 2679 2809 2735; x_wconf 90' lang='lat' dir='ltr'><strong>Sancti</strong></span> <span class='ocrx_word' id='word_1_458' title='bbox 2839 2679 3096 2750; x_wconf 88' lang='lat' dir='ltr'><strong>Stephani</strong></span> <span class='ocrx_word' id='word_1_459' title='bbox 3127 2678 3506 2748; x_wconf 87' lang='lat' dir='ltr'><strong>Cadomensis)</strong></span> <span class='ocrx_word' id='word_1_460' title='bbox 3536 2679 3607 2733; x_wconf 88' lang='lat' dir='ltr'><strong>ab</strong></span> <span class='ocrx_word' id='word_1_461' title='bbox 3642 2694 3781 2735; x_wconf 82' lang='lat' dir='ltr'><strong>eru-</strong></span> 
     </span>
    </p>
   </div>
   <div class='ocr_carea' id='block_1_71' title="bbox 2192 2766 3783 2839">
    <p class='ocr_par' dir='ltr' id='par_1_71' title="bbox 2192 2766 3783 2839">
     <span class='ocr_line' id='line_1_71' title="bbox 2192 2766 3783 2839; baseline -0.005 -7"><span class='ocrx_word' id='word_1_462' title='bbox 2192 2775 2463 2832; x_wconf 86' lang='lat' dir='ltr'><strong>ditissimo</strong></span> <span class='ocrx_word' id='word_1_463' title='bbox 2492 2770 2701 2826; x_wconf 75' lang='lat' dir='ltr'><strong>Joanne</strong></span> <span class='ocrx_word' id='word_1_464' title='bbox 2750 2769 2797 2822; x_wconf 84' lang='lat' dir='ltr'><strong>le</strong></span> <span class='ocrx_word' id='word_1_465' title='bbox 2828 2766 3017 2823; x_wconf 75' lang='lat' dir='ltr'><strong>Prévet</strong></span> <span class='ocrx_word' id='word_1_466' title='bbox 3049 2768 3476 2839; x_wconf 82' lang='lat' dir='ltr'><strong>Rothomagcnsi</strong></span> <span class='ocrx_word' id='word_1_467' title='bbox 3510 2768 3783 2824; x_wconf 84' lang='lat' dir='ltr'><strong>canonico</strong></span> 
     </span>
    </p>
   </div>
   <div class='ocr_carea' id='block_1_72' title="bbox 2194 2858 3789 2921">
    <p class='ocr_par' dir='ltr' id='par_1_72' title="bbox 2194 2858 3789 2921">
     <span class='ocr_line' id='line_1_72' title="bbox 2194 2858 3789 2921; baseline -0.005 0"><span class='ocrx_word' id='word_1_468' title='bbox 2194 2863 2595 2921; x_wconf 85' lang='lat' dir='ltr'><strong>transmissum.</strong></span> <span class='ocrx_word' id='word_1_469' title='bbox 2652 2860 2827 2918; x_wconf 83' lang='lat' dir='ltr'><strong>Unam</strong></span> <span class='ocrx_word' id='word_1_470' title='bbox 2879 2868 2972 2915; x_wconf 77' lang='lat' dir='ltr'><strong>aut</strong></span> <span class='ocrx_word' id='word_1_471' title='bbox 3020 2860 3246 2915; x_wconf 89' lang='lat' dir='ltr'><strong>alteram</strong></span> <span class='ocrx_word' id='word_1_472' title='bbox 3292 2874 3359 2914; x_wconf 83' lang='lat' dir='ltr'><strong>ex</strong></span> <span class='ocrx_word' id='word_1_473' title='bbox 3389 2858 3509 2914; x_wconf 81' lang='lat' dir='ltr'><strong>Vita</strong></span> <span class='ocrx_word' id='word_1_474' title='bbox 3534 2859 3598 2913; x_wconf 88' lang='grc' dir='ltr'><strong>Β.</strong></span> <span class='ocrx_word' id='word_1_475' title='bbox 3637 2858 3789 2913; x_wconf 79' lang='lat' dir='ltr'><strong>Lau-</strong></span> 
     </span>
    </p>
   </div>
   <div class='ocr_carea' id='block_1_73' title="bbox 2193 2951 3793 3022">
    <p class='ocr_par' dir='ltr' id='par_1_73' title="bbox 2193 2951 3793 3022">
     <span class='ocr_line' id='line_1_73' title="bbox 2193 2951 3793 3022; baseline -0.006 -9"><span class='ocrx_word' id='word_1_476' title='bbox 2193 2957 2372 3013; x_wconf 74' lang='lat' dir='ltr'><strong>franci</strong></span> <span class='ocrx_word' id='word_1_477' title='bbox 2413 2965 2470 3012; x_wconf 91' lang='lat' dir='ltr'><strong>et</strong></span> <span class='ocrx_word' id='word_1_478' title='bbox 2535 2954 2789 3011; x_wconf 81' lang='lat' dir='ltr'><strong>Eadmeri</strong></span> <span class='ocrx_word' id='word_1_479' title='bbox 2842 2952 3078 3008; x_wconf 82' lang='lat' dir='ltr'><strong>Historia</strong></span> <span class='ocrx_word' id='word_1_480' title='bbox 3127 2951 3404 3022; x_wconf 75' lang='lat' dir='ltr'><strong>excerpsi;</strong></span> <span class='ocrx_word' id='word_1_481' title='bbox 3446 2951 3793 3022; x_wconf 66' lang='lat' dir='ltr'><strong>trigesimum</strong></span> 
     </span>
    </p>
   </div>
   <div class='ocr_carea' id='block_1_74' title="bbox 2193 3044 3791 3121">
    <p class='ocr_par' dir='ltr' id='par_1_74' title="bbox 2193 3044 3791 3121">
     <span class='ocr_line' id='line_1_74' title="bbox 2193 3044 3791 3121; baseline -0.007 -14"><span class='ocrx_word' id='word_1_482' title='bbox 2193 3052 2478 3121; x_wconf 86' lang='lat' dir='ltr'><strong>septimam</strong></span> <span class='ocrx_word' id='word_1_483' title='bbox 2525 3046 2702 3119; x_wconf 90' lang='lat' dir='ltr'><strong>(cujus</strong></span> <span class='ocrx_word' id='word_1_484' title='bbox 2739 3045 2949 3101; x_wconf 86' lang='lat' dir='ltr'><strong>initium</strong></span> <span class='ocrx_word' id='word_1_485' title='bbox 3001 3044 3269 3099; x_wconf 81' lang='lat' dir='ltr'><strong>duntaxat</strong></span> <span class='ocrx_word' id='word_1_486' title='bbox 3326 3052 3621 3113; x_wconf 88' lang='lat' dir='ltr'><strong>utrumque</strong></span> <span class='ocrx_word' id='word_1_487' title='bbox 3650 3058 3791 3112; x_wconf 85' lang='lat' dir='ltr'><strong>apo-</strong></span> 
     </span>
    </p>
   </div>
   <div class='ocr_carea' id='block_1_75' title="bbox 2195 3131 3793 3214">
    <p class='ocr_par' dir='ltr' id='par_1_75' title="bbox 2195 3131 3793 3214">
     <span class='ocr_line' id='line_1_75' title="bbox 2195 3131 3793 3214; baseline -0.008 -16"><span class='ocrx_word' id='word_1_488' title='bbox 2195 3144 2459 3214; x_wconf 86' lang='lat' dir='ltr'><strong>graphum</strong></span> <span class='ocrx_word' id='word_1_489' title='bbox 2503 3137 2832 3208; x_wconf 81' lang='lat' dir='ltr'><strong>continebat)</strong></span> <span class='ocrx_word' id='word_1_490' title='bbox 2866 3137 3127 3206; x_wconf 87' lang='lat' dir='ltr'><strong>integram</strong></span> <span class='ocrx_word' id='word_1_491' title='bbox 3154 3134 3303 3189; x_wconf 91' lang='lat' dir='ltr'><strong>misit</strong></span> <span class='ocrx_word' id='word_1_492' title='bbox 3334 3134 3474 3189; x_wconf 87' lang='lat' dir='ltr'><strong>idetn</strong></span> <span class='ocrx_word' id='word_1_493' title='bbox 3496 3133 3543 3187; x_wconf 85' lang='lat' dir='ltr'><strong>le</strong></span> <span class='ocrx_word' id='word_1_494' title='bbox 3569 3131 3793 3199; x_wconf 71' lang='lat' dir='ltr'><strong>Precor,</strong></span> 
     </span>
    </p>
   </div>
   <div class='ocr_carea' id='block_1_76' title="bbox 2197 3223 3791 3306">
    <p class='ocr_par' dir='ltr' id='par_1_76' title="bbox 2197 3223 3791 3306">
     <span class='ocr_line' id='line_1_76' title="bbox 2197 3223 3791 3306; baseline -0.006 -20"><span class='ocrx_word' id='word_1_495' title='bbox 2197 3232 2652 3306; x_wconf 86' lang='lat' dir='ltr'><strong>quemadmodum</strong></span> <span class='ocrx_word' id='word_1_496' title='bbox 2692 3244 2790 3282; x_wconf 92' lang='lat' dir='ltr'><strong>suo</strong></span> <span class='ocrx_word' id='word_1_497' title='bbox 2828 3226 2947 3281; x_wconf 92' lang='lat' dir='ltr'><strong>loco</strong></span> <span class='ocrx_word' id='word_1_498' title='bbox 2975 3226 3378 3279; x_wconf 89' lang='lat' dir='ltr'><strong>adnotavimus.</strong></span> <span class='ocrx_word' id='word_1_499' title='bbox 3426 3223 3597 3278; x_wconf 89' lang='lat' dir='ltr'><strong>Porro</strong></span> <span class='ocrx_word' id='word_1_500' title='bbox 3632 3236 3791 3277; x_wconf 81' lang='lat' dir='ltr'><strong>com-</strong></span> 
     </span>
    </p>
   </div>
   <div class='ocr_carea' id='block_1_77' title="bbox 2198 3312 3790 3396">
    <p class='ocr_par' dir='ltr' id='par_1_77' title="bbox 2198 3312 3790 3396">
     <span class='ocr_line' id='line_1_77' title="bbox 2198 3312 3790 3396; baseline -0.006 -22"><span class='ocrx_word' id='word_1_501' title='bbox 2198 3327 2380 3396; x_wconf 80' lang='lat' dir='ltr'><strong>plures</strong></span> <span class='ocrx_word' id='word_1_502' title='bbox 2412 3321 2547 3376; x_wconf 87' lang='lat' dir='ltr'><strong>alias</strong></span> <span class='ocrx_word' id='word_1_503' title='bbox 2572 3318 2855 3389; x_wconf 85' lang='lat' dir='ltr'><strong>scripsisse</strong></span> <span class='ocrx_word' id='word_1_504' title='bbox 2886 3316 3096 3370; x_wconf 86' lang='lat' dir='ltr'><strong>litteras</strong></span> <span class='ocrx_word' id='word_1_505' title='bbox 3124 3330 3281 3370; x_wconf 87' lang='lat' dir='ltr'><strong>nemo</strong></span> <span class='ocrx_word' id='word_1_506' title='bbox 3308 3313 3399 3383; x_wconf 90' lang='lat' dir='ltr'><strong>qui</strong></span> <span class='ocrx_word' id='word_1_507' title='bbox 3431 3328 3540 3368; x_wconf 88' lang='lat' dir='ltr'><strong>non</strong></span> <span class='ocrx_word' id='word_1_508' title='bbox 3576 3312 3790 3377; x_wconf 79' lang='lat' dir='ltr'><strong>videat;</strong></span> 
     </span>
    </p>
   </div>
   <div class='ocr_carea' id='block_1_78' title="bbox 2198 3404 3790 3487">
    <p class='ocr_par' dir='ltr' id='par_1_78' title="bbox 2198 3404 3790 3487">
     <span class='ocr_line' id='line_1_78' title="bbox 2198 3404 3790 3487; baseline -0.006 -17"><span class='ocrx_word' id='word_1_509' title='bbox 2198 3416 2395 3487; x_wconf 88' lang='lat' dir='ltr'><strong>quippe</strong></span> <span class='ocrx_word' id='word_1_510' title='bbox 2443 3411 2595 3481; x_wconf 85' lang='lat' dir='ltr'><strong>cujus</strong></span> <span class='ocrx_word' id='word_1_511' title='bbox 2645 3408 3131 3472; x_wconf 88' lang='lat' dir='ltr'><strong>doctrina,virtus,</strong></span> <span class='ocrx_word' id='word_1_512' title='bbox 3177 3406 3485 3478; x_wconf 87' lang='lat' dir='ltr'><strong>prudentia,</strong></span> <span class='ocrx_word' id='word_1_513' title='bbox 3517 3404 3790 3460; x_wconf 86' lang='lat' dir='ltr'><strong>sanctitas</strong></span> 
     </span>
    </p>
   </div>
   <div class='ocr_carea' id='block_1_79' title="bbox 2197 3496 3794 3580">
    <p class='ocr_par' dir='ltr' id='par_1_79' title="bbox 2197 3496 3794 3580">
     <span class='ocr_line' id='line_1_79' title="bbox 2197 3496 3794 3580; baseline -0.007 -17"><span class='ocrx_word' id='word_1_514' title='bbox 2197 3524 2295 3580; x_wconf 87' lang='lat' dir='ltr'><strong>per</strong></span> <span class='ocrx_word' id='word_1_515' title='bbox 2333 3506 2642 3561; x_wconf 83' lang='lat' dir='ltr'><strong>universam</strong></span> <span class='ocrx_word' id='word_1_516' title='bbox 2704 3517 2841 3572; x_wconf 88' lang='lat' dir='ltr'><strong>pene</strong></span> <span class='ocrx_word' id='word_1_517' title='bbox 2872 3499 3146 3568; x_wconf 84' lang='lat' dir='ltr'><strong>Europam</strong></span> <span class='ocrx_word' id='word_1_518' title='bbox 3189 3499 3538 3564; x_wconf 88' lang='lat' dir='ltr'><strong>insonuerat;</strong></span> <span class='ocrx_word' id='word_1_519' title='bbox 3580 3496 3794 3566; x_wconf 84' lang='lat' dir='ltr'><strong>quique</strong></span> 
     </span>
    </p>
   </div>
   <div class='ocr_carea' id='block_1_80' title="bbox 2197 3586 3788 3661">
    <p class='ocr_par' dir='ltr' id='par_1_80' title="bbox 2197 3586 3788 3661">
     <span class='ocr_line' id='line_1_80' title="bbox 2197 3586 3788 3661; baseline -0.007 -9"><span class='ocrx_word' id='word_1_520' title='bbox 2197 3612 2320 3652; x_wconf 78' lang='lat' dir='ltr'><strong>cum</strong></span> <span class='ocrx_word' id='word_1_521' title='bbox 2351 3612 2381 3650; x_wconf 90' lang='lat' dir='ltr'><strong>a</strong></span> <span class='ocrx_word' id='word_1_522' title='bbox 2417 3595 2644 3651; x_wconf 90' lang='lat' dir='ltr'><strong>summis</strong></span> <span class='ocrx_word' id='word_1_523' title='bbox 2684 3588 3055 3661; x_wconf 81' lang='lat' dir='ltr'><strong>pontificibus,</strong></span> <span class='ocrx_word' id='word_1_524' title='bbox 3085 3597 3195 3641; x_wconf 91' lang='lat' dir='ltr'><strong>tum</strong></span> <span class='ocrx_word' id='word_1_525' title='bbox 3249 3588 3318 3641; x_wconf 89' lang='lat' dir='ltr'><strong>ab</strong></span> <span class='ocrx_word' id='word_1_526' title='bbox 3348 3586 3639 3657; x_wconf 89' lang='lat' dir='ltr'><strong>episcopis,</strong></span> <span class='ocrx_word' id='word_1_527' title='bbox 3670 3596 3788 3641; x_wconf 86' lang='lat' dir='ltr'><strong>tum</strong></span> 
     </span>
    </p>
   </div>
   <div class='ocr_carea' id='block_1_81' title="bbox 2198 3678 3795 3758">
    <p class='ocr_par' dir='ltr' id='par_1_81' title="bbox 2198 3678 3795 3758">
     <span class='ocr_line' id='line_1_81' title="bbox 2198 3678 3795 3758; baseline -0.005 -13"><span class='ocrx_word' id='word_1_528' title='bbox 2198 3691 2360 3745; x_wconf 91' lang='lat' dir='ltr'><strong>etiam</strong></span> <span class='ocrx_word' id='word_1_529' title='bbox 2392 3705 2422 3743; x_wconf 90' lang='lat' dir='ltr'><strong>a</strong></span> <span class='ocrx_word' id='word_1_530' title='bbox 2467 3685 2817 3758; x_wconf 89' lang='lat' dir='ltr'><strong>principibus,</strong></span> <span class='ocrx_word' id='word_1_531' title='bbox 2854 3692 2909 3739; x_wconf 90' lang='lat' dir='ltr'><strong>et</strong></span> <span class='ocrx_word' id='word_1_532' title='bbox 2951 3682 3072 3737; x_wconf 88' lang='lat' dir='ltr'><strong>aliis</strong></span> <span class='ocrx_word' id='word_1_533' title='bbox 3119 3678 3411 3748; x_wconf 86' lang='lat' dir='ltr'><strong>cujuslibet</strong></span> <span class='ocrx_word' id='word_1_534' title='bbox 3456 3681 3795 3737; x_wconf 86' lang='lat' dir='ltr'><strong>conditionis</strong></span> 
     </span>
    </p>
   </div>
   <div class='ocr_carea' id='block_1_82' title="bbox 2201 3774 3792 3841">
    <p class='ocr_par' dir='ltr' id='par_1_82' title="bbox 2201 3774 3792 3841">
     <span class='ocr_line' id='line_1_82' title="bbox 2201 3774 3792 3841; baseline -0.005 -5"><span class='ocrx_word' id='word_1_535' title='bbox 2201 3782 2508 3837; x_wconf 89' lang='lat' dir='ltr'><strong>hominibus</strong></span> <span class='ocrx_word' id='word_1_536' title='bbox 2530 3774 2943 3841; x_wconf 83' lang='lat' dir='ltr'><strong>consulebatur;</strong></span> <span class='ocrx_word' id='word_1_537' title='bbox 2975 3783 3032 3829; x_wconf 90' lang='lat' dir='ltr'><strong>at</strong></span> <span class='ocrx_word' id='word_1_538' title='bbox 3071 3788 3139 3828; x_wconf 88' lang='lat' dir='ltr'><strong>ne</strong></span> <span class='ocrx_word' id='word_1_539' title='bbox 3175 3774 3371 3829; x_wconf 85' lang='lat' dir='ltr'><strong>saltem</strong></span> <span class='ocrx_word' id='word_1_540' title='bbox 3402 3790 3563 3829; x_wconf 89' lang='lat' dir='ltr'><strong>unam</strong></span> <span class='ocrx_word' id='word_1_541' title='bbox 3602 3775 3673 3829; x_wconf 86' lang='lat' dir='ltr'><strong>ab</strong></span> <span class='ocrx_word' id='word_1_542' title='bbox 3719 3790 3792 3828; x_wconf 85' lang='lat' dir='ltr'><strong>eo</strong></span> 
     </span>
    </p>
   </div>
   <div class='ocr_carea' id='block_1_83' title="bbox 2199 3866 3794 3941">
    <p class='ocr_par' dir='ltr' id='par_1_83' title="bbox 2199 3866 3794 3941">
     <span class='ocr_line' id='line_1_83' title="bbox 2199 3866 3794 3941; baseline -0.006 -11"><span class='ocrx_word' id='word_1_543' title='bbox 2199 3884 2509 3938; x_wconf 79' lang='lat' dir='ltr'><strong>exaratam,</strong></span> <span class='ocrx_word' id='word_1_544' title='bbox 2576 3872 2891 3941; x_wconf 88' lang='lat' dir='ltr'><strong>priusquam</strong></span> <span class='ocrx_word' id='word_1_545' title='bbox 2950 3866 3149 3922; x_wconf 88' lang='lat' dir='ltr'><strong>infulas</strong></span> <span class='ocrx_word' id='word_1_546' title='bbox 3215 3866 3474 3933; x_wconf 86' lang='lat' dir='ltr'><strong>deferret,</strong></span> <span class='ocrx_word' id='word_1_547' title='bbox 3544 3866 3629 3921; x_wconf 85' lang='lat' dir='ltr'><strong>fas</strong></span> <span class='ocrx_word' id='word_1_548' title='bbox 3683 3866 3794 3921; x_wconf 77' lang='lat' dir='ltr'><strong>fuit</strong></span> 
     </span>
    </p>
   </div>
   <div class='ocr_carea' id='block_1_84' title="bbox 2202 3961 3788 4039">
    <p class='ocr_par' dir='ltr' id='par_1_84' title="bbox 2202 3961 3788 4039">
     <span class='ocr_line' id='line_1_84' title="bbox 2202 3961 3788 4039; baseline -0.004 -16"><span class='ocrx_word' id='word_1_549' title='bbox 2202 3968 2442 4039; x_wconf 90' lang='lat' dir='ltr'><strong>reperire</strong></span> <span class='ocrx_word' id='word_1_550' title='bbox 2478 3984 2491 4019; x_wconf 92' lang='lat'><strong>:</strong></span> <span class='ocrx_word' id='word_1_551' title='bbox 2525 3964 2791 4019; x_wconf 73' lang='lat' dir='ltr'><strong>obvolutm</strong></span> <span class='ocrx_word' id='word_1_552' title='bbox 2821 3961 3038 4016; x_wconf 90' lang='lat' dir='ltr'><strong>fuerunt</strong></span> <span class='ocrx_word' id='word_1_553' title='bbox 3089 3962 3231 4015; x_wconf 88' lang='lat' dir='ltr'><strong>haud</strong></span> <span class='ocrx_word' id='word_1_554' title='bbox 3271 3962 3434 4016; x_wconf 87' lang='lat' dir='ltr'><strong>dubie</strong></span> <span class='ocrx_word' id='word_1_555' title='bbox 3462 3962 3561 4016; x_wconf 91' lang='lat' dir='ltr'><strong>sub</strong></span> <span class='ocrx_word' id='word_1_556' title='bbox 3592 3962 3788 4027; x_wconf 86' lang='lat' dir='ltr'><strong>ruinis.</strong></span> 
     </span>
    </p>
   </div>
   <div class='ocr_carea' id='block_1_85' title="bbox 2200 4052 3789 4122">
    <p class='ocr_par' dir='ltr' id='par_1_85' title="bbox 2200 4052 3789 4122">
     <span class='ocr_line' id='line_1_85' title="bbox 2200 4052 3789 4122; baseline -0.003 -9"><span class='ocrx_word' id='word_1_557' title='bbox 2200 4060 2327 4113; x_wconf 87' lang='lat' dir='ltr'><strong>dum</strong></span> <span class='ocrx_word' id='word_1_558' title='bbox 2376 4057 2598 4113; x_wconf 89' lang='lat' dir='ltr'><strong>circiter</strong></span> <span class='ocrx_word' id='word_1_559' title='bbox 2652 4070 2744 4109; x_wconf 90' lang='lat' dir='ltr'><strong>an.</strong></span> <span class='ocrx_word' id='word_1_560' title='bbox 2786 4053 2947 4118; x_wconf 73' lang='grc'>1624,</span> <span class='ocrx_word' id='word_1_561' title='bbox 2979 4052 3245 4107; x_wconf 88' lang='lat' dir='ltr'><strong>ditissima</strong></span> <span class='ocrx_word' id='word_1_562' title='bbox 3298 4053 3383 4106; x_wconf 83' lang='lat' dir='ltr'><strong>illa</strong></span> <span class='ocrx_word' id='word_1_563' title='bbox 3444 4061 3611 4122; x_wconf 88' lang='lat' dir='ltr'><strong>atque</strong></span> <span class='ocrx_word' id='word_1_564' title='bbox 3638 4054 3789 4109; x_wconf 84' lang='lat' dir='ltr'><strong>omni</strong></span> 
     </span>
    </p>
   </div>
   <div class='ocr_carea' id='block_1_86' title="bbox 2184 4143 3790 4227">
    <p class='ocr_par' dir='ltr' id='par_1_86' title="bbox 2184 4143 3790 4227">
     <span class='ocr_line' id='line_1_86' title="bbox 2184 4143 3790 4227; baseline -0.004 -23"><span class='ocrx_word' id='word_1_565' title='bbox 2184 4148 2549 4227; x_wconf 86' lang='lat' dir='ltr'><strong>veneratione</strong></span> <span class='ocrx_word' id='word_1_566' title='bbox 2596 4147 2755 4217; x_wconf 86' lang='lat' dir='ltr'><strong>digna</strong></span> <span class='ocrx_word' id='word_1_567' title='bbox 2797 4146 2908 4200; x_wconf 91' lang='lat' dir='ltr'><strong>ruit</strong></span> <span class='ocrx_word' id='word_1_568' title='bbox 2936 4144 3227 4200; x_wconf 88' lang='lat' dir='ltr'><strong>Beccensis</strong></span> <span class='ocrx_word' id='word_1_569' title='bbox 3259 4143 3599 4200; x_wconf 86' lang='lat' dir='ltr'><strong>Bibliotheca</strong></span> <span class='ocrx_word' id='word_1_570' title='bbox 3625 4144 3790 4213; x_wconf 89' lang='lat' dir='ltr'><strong>(proh</strong></span> 
     </span>
    </p>
   </div>
   <div class='ocr_carea' id='block_1_87' title="bbox 2201 4235 3791 4309">
    <p class='ocr_par' dir='ltr' id='par_1_87' title="bbox 2201 4235 3791 4309">
     <span class='ocr_line' id='line_1_87' title="bbox 2201 4235 3791 4309; baseline -0.001 -12"><span class='ocrx_word' id='word_1_571' title='bbox 2201 4241 2382 4297; x_wconf 84' lang='lat' dir='ltr'><strong>dolor!</strong></span> <span class='ocrx_word' id='word_1_572' title='bbox 2410 4248 2613 4309; x_wconf 90' lang='lat' dir='ltr'><strong>quanta</strong></span> <span class='ocrx_word' id='word_1_573' title='bbox 2665 4238 2934 4308; x_wconf 89' lang='lat' dir='ltr'><strong>pernicies</strong></span> <span class='ocrx_word' id='word_1_574' title='bbox 2975 4237 3108 4292; x_wconf 85' lang='lat' dir='ltr'><strong>viris</strong></span> <span class='ocrx_word' id='word_1_575' title='bbox 3151 4236 3429 4306; x_wconf 89' lang='lat' dir='ltr'><strong>litteratis)</strong></span> <span class='ocrx_word' id='word_1_576' title='bbox 3459 4235 3548 4290; x_wconf 87' lang='lat' dir='ltr'><strong>ubi</strong></span> <span class='ocrx_word' id='word_1_577' title='bbox 3576 4238 3791 4295; x_wconf 79' lang='lat' dir='ltr'><strong>scilicet</strong></span> 
     </span>
    </p>
   </div>
   <div class='ocr_carea' id='block_1_88' title="bbox 2181 4312 3791 4402">
    <p class='ocr_par' dir='ltr' id='par_1_88' title="bbox 2181 4312 3791 4402">
     <span class='ocr_line' id='line_1_88' title="bbox 2181 4312 3791 4402; baseline -0.001 -12"><span class='ocrx_word' id='word_1_578' title='bbox 2181 4312 2418 4389; x_wconf 30' lang='lat' dir='ltr'><strong>.codices</strong></span> <span class='ocrx_word' id='word_1_579' title='bbox 2446 4348 2576 4387; x_wconf 90' lang='lat' dir='ltr'><strong>mss.</strong></span> <span class='ocrx_word' id='word_1_580' title='bbox 2617 4348 2749 4386; x_wconf 89' lang='lat' dir='ltr'><strong>cura</strong></span> <span class='ocrx_word' id='word_1_581' title='bbox 2771 4341 2826 4385; x_wconf 93' lang='lat' dir='ltr'><strong>et</strong></span> <span class='ocrx_word' id='word_1_582' title='bbox 2856 4330 3034 4386; x_wconf 91' lang='lat' dir='ltr'><strong>studio</strong></span> <span class='ocrx_word' id='word_1_583' title='bbox 3066 4339 3172 4385; x_wconf 88' lang='lat' dir='ltr'><strong>tam</strong></span> <span class='ocrx_word' id='word_1_584' title='bbox 3213 4330 3272 4384; x_wconf 90' lang='grc' dir='ltr'><strong>Β.</strong></span> <span class='ocrx_word' id='word_1_585' title='bbox 3305 4328 3594 4386; x_wconf 86' lang='lat' dir='ltr'><strong>Lanfranci</strong></span> <span class='ocrx_word' id='word_1_586' title='bbox 3622 4347 3791 4402; x_wconf 81' lang='lat' dir='ltr'><strong>quam</strong></span> 
     </span>
    </p>
   </div>
   <div class='ocr_carea' id='block_1_89' title="bbox 2204 4421 3791 4490">
    <p class='ocr_par' dir='ltr' id='par_1_89' title="bbox 2204 4421 3791 4490">
     <span class='ocr_line' id='line_1_89' title="bbox 2204 4421 3791 4490; baseline 0 -11"><span class='ocrx_word' id='word_1_587' title='bbox 2204 4424 2261 4479; x_wconf 88' lang='lat' dir='ltr'><strong>S.</strong></span> <span class='ocrx_word' id='word_1_588' title='bbox 2301 4422 2543 4478; x_wconf 88' lang='lat' dir='ltr'><strong>Anschni</strong></span> <span class='ocrx_word' id='word_1_589' title='bbox 2573 4422 2876 4477; x_wconf 85' lang='lat' dir='ltr'><strong>elucubrati</strong></span> <span class='ocrx_word' id='word_1_590' title='bbox 2946 4430 2997 4477; x_wconf 76' lang='lat' dir='ltr'><strong>:t</strong></span> <span class='ocrx_word' id='word_1_591' title='bbox 3024 4421 3296 4490; x_wconf 87' lang='lat' dir='ltr'><strong>castigati,</strong></span> <span class='ocrx_word' id='word_1_592' title='bbox 3328 4421 3568 4478; x_wconf 87' lang='lat' dir='ltr'><strong>studiose</strong></span> <span class='ocrx_word' id='word_1_593' title='bbox 3603 4439 3791 4481; x_wconf 77' lang='lat' dir='ltr'><strong>asser-</strong></span> 
     </span>
    </p>
   </div>
   <div class='ocr_carea' id='block_1_90' title="bbox 514 4510 2492 4596">
    <p class='ocr_par' dir='ltr' id='par_1_90' title="bbox 514 4510 2492 4596">
     <span class='ocr_line' id='line_1_90' title="bbox 514 4510 2492 4596; baseline 0.002 -31"><span class='ocrx_word' id='word_1_594' title='bbox 514 4521 680 4580; x_wconf 84' lang='lat' dir='ltr'><strong>prout</strong></span> <span class='ocrx_word' id='word_1_595' title='bbox 733 4510 963 4567; x_wconf 86' lang='lat' dir='ltr'><strong>facultas</strong></span> <span class='ocrx_word' id='word_1_596' title='bbox 1015 4511 1273 4580; x_wconf 87' lang='lat' dir='ltr'><strong>suppetiit</strong></span> <span class='ocrx_word' id='word_1_597' title='bbox 1315 4511 1523 4583; x_wconf 87' lang='lat' dir='ltr'><strong>(nullus</strong></span> <span class='ocrx_word' id='word_1_598' title='bbox 1576 4515 1721 4569; x_wconf 87' lang='lat' dir='ltr'><strong>enim</strong></span> <span class='ocrx_word' id='word_1_599' title='bbox 1761 4515 1944 4569; x_wconf 77' lang='lat' dir='ltr'><strong>Codex</strong></span> <span class='ocrx_word' id='word_1_600' title='bbox 1993 4532 2092 4569; x_wconf 92' lang='lat' dir='ltr'><strong>ms.</strong></span> <span class='ocrx_word' id='word_1_601' title='bbox 2130 4539 2177 4596; x_wconf 75' lang='lat' dir='ltr'>D</span> <span class='ocrx_word' id='word_1_602' title='bbox 2204 4521 2492 4575; x_wconf 71' lang='lat' dir='ltr'><strong>vaballlul‘.</strong></span> 
     </span>
    </p>
   </div>
   <div class='ocr_carea' id='block_1_91' title="bbox 518 4602 2104 4676">
    <p class='ocr_par' dir='ltr' id='par_1_91' title="bbox 518 4602 2104 4676">
     <span class='ocr_line' id='line_1_91' title="bbox 518 4602 2104 4676; baseline 0.001 -19"><span class='ocrx_word' id='word_1_603' title='bbox 518 4603 803 4672; x_wconf 85' lang='lat' dir='ltr'><strong>occurrit),</strong></span> <span class='ocrx_word' id='word_1_604' title='bbox 840 4602 1224 4669; x_wconf 79' lang='lat' dir='ltr'><strong>correximus;</strong></span> <span class='ocrx_word' id='word_1_605' title='bbox 1259 4603 1425 4669; x_wconf 88' lang='lat' dir='ltr'><strong>colis,</strong></span> <span class='ocrx_word' id='word_1_606' title='bbox 1450 4604 1606 4659; x_wconf 65' lang='lat' dir='ltr'><strong>caesis</strong></span> <span class='ocrx_word' id='word_1_607' title='bbox 1632 4614 1688 4660; x_wconf 93' lang='lat' dir='ltr'><strong>et</strong></span> <span class='ocrx_word' id='word_1_608' title='bbox 1731 4606 1946 4675; x_wconf 85' lang='lat' dir='ltr'><strong>punctis</strong></span> <span class='ocrx_word' id='word_1_609' title='bbox 1986 4606 2104 4676; x_wconf 91' lang='lat' dir='ltr'><strong>plu-</strong></span> 
     </span>
    </p>
   </div>
   <div class='ocr_carea' id='block_1_92' title="bbox 519 4695 2101 4770">
    <p class='ocr_par' dir='ltr' id='par_1_92' title="bbox 519 4695 2101 4770">
     <span class='ocr_line' id='line_1_92' title="bbox 519 4695 2101 4770; baseline 0.003 -23"><span class='ocrx_word' id='word_1_610' title='bbox 519 4697 659 4749; x_wconf 82' lang='lat' dir='ltr'><strong>rima</strong></span> <span class='ocrx_word' id='word_1_611' title='bbox 684 4710 751 4751; x_wconf 83' lang='lat' dir='ltr'><strong>ex</strong></span> <span class='ocrx_word' id='word_1_612' title='bbox 782 4704 938 4765; x_wconf 89' lang='lat' dir='ltr'><strong>parte</strong></span> <span class='ocrx_word' id='word_1_613' title='bbox 968 4696 1334 4761; x_wconf 79' lang='lat' dir='ltr'><strong>distinximus,</strong></span> <span class='ocrx_word' id='word_1_614' title='bbox 1373 4695 1739 4768; x_wconf 90' lang='lat' dir='ltr'><strong>nonnullaque</strong></span> <span class='ocrx_word' id='word_1_615' title='bbox 1774 4698 1948 4768; x_wconf 85' lang='lat' dir='ltr'><strong>capita</strong></span> <span class='ocrx_word' id='word_1_616' title='bbox 1982 4699 2101 4770; x_wconf 89' lang='lat' dir='ltr'><strong>(sua</strong></span> 
     </span>
    </p>
   </div>
   <div class='ocr_carea' id='block_1_93' title="bbox 521 4784 2103 4856">
    <p class='ocr_par' dir='ltr' id='par_1_93' title="bbox 521 4784 2103 4856">
     <span class='ocr_line' id='line_1_93' title="bbox 521 4784 2103 4856; baseline 0.003 -18"><span class='ocrx_word' id='word_1_617' title='bbox 521 4784 833 4853; x_wconf 81' lang='lat' dir='ltr'><strong>prolixitate</strong></span> <span class='ocrx_word' id='word_1_618' title='bbox 862 4786 1276 4856; x_wconf 80' lang='lat' dir='ltr'><strong>importuniora)</strong></span> <span class='ocrx_word' id='word_1_619' title='bbox 1320 4786 1376 4840; x_wconf 86' lang='lat' dir='ltr'><strong>in</strong></span> <span class='ocrx_word' id='word_1_620' title='bbox 1407 4786 1679 4842; x_wconf 88' lang='lat' dir='ltr'><strong>sectiones</strong></span> <span class='ocrx_word' id='word_1_621' title='bbox 1703 4788 1883 4843; x_wconf 87' lang='lat' dir='ltr'><strong>varias</strong></span> <span class='ocrx_word' id='word_1_622' title='bbox 1919 4788 2103 4842; x_wconf 87' lang='lat' dir='ltr'><strong>divisi-</strong></span> 
     </span>
    </p>
   </div>
   <div class='ocr_carea' id='block_1_94' title="bbox 521 4875 2100 4948">
    <p class='ocr_par' dir='ltr' id='par_1_94' title="bbox 521 4875 2100 4948">
     <span class='ocr_line' id='line_1_94' title="bbox 521 4875 2100 4948; baseline -0.001 -19"><span class='ocrx_word' id='word_1_623' title='bbox 521 4891 663 4931; x_wconf 87' lang='lat' dir='ltr'><strong>mus.</strong></span> <span class='ocrx_word' id='word_1_624' title='bbox 694 4877 1002 4940; x_wconf 83' lang='lat' dir='ltr'><strong>Enimvero,</strong></span> <span class='ocrx_word' id='word_1_625' title='bbox 1038 4883 1099 4929; x_wconf 91' lang='lat' dir='ltr'><strong>ut</strong></span> <span class='ocrx_word' id='word_1_626' title='bbox 1148 4875 1329 4929; x_wconf 90' lang='lat' dir='ltr'><strong>dicam</strong></span> <span class='ocrx_word' id='word_1_627' title='bbox 1376 4876 1518 4944; x_wconf 91' lang='lat' dir='ltr'><strong>quod</strong></span> <span class='ocrx_word' id='word_1_628' title='bbox 1551 4876 1748 4944; x_wconf 83' lang='lat' dir='ltr'><strong>sentio,</strong></span> <span class='ocrx_word' id='word_1_629' title='bbox 1781 4876 2100 4948; x_wconf 86' lang='lat' dir='ltr'><strong>gravitatem</strong></span> 
     </span>
    </p>
   </div>
   <div class='ocr_carea' id='block_1_95' title="bbox 520 4963 2102 5038">
    <p class='ocr_par' dir='ltr' id='par_1_95' title="bbox 520 4963 2102 5038">
     <span class='ocr_line' id='line_1_95' title="bbox 520 4963 2102 5038; baseline 0.004 -16"><span class='ocrx_word' id='word_1_630' title='bbox 520 4966 758 5038; x_wconf 87' lang='lat' dir='ltr'><strong>stylique</strong></span> <span class='ocrx_word' id='word_1_631' title='bbox 807 4964 1144 5034; x_wconf 88' lang='lat' dir='ltr'><strong>majestatem</strong></span> <span class='ocrx_word' id='word_1_632' title='bbox 1191 4963 1252 5019; x_wconf 88' lang='grc' dir='ltr'><strong>Β.</strong></span> <span class='ocrx_word' id='word_1_633' title='bbox 1297 4964 1694 5037; x_wconf 87' lang='lat' dir='ltr'><strong>archiepiscopi</strong></span> <span class='ocrx_word' id='word_1_634' title='bbox 1725 4984 1832 5025; x_wconf 90' lang='lat' dir='ltr'><strong>non</strong></span> <span class='ocrx_word' id='word_1_635' title='bbox 1862 4970 2102 5029; x_wconf 82' lang='lat' dir='ltr'><strong>referunt</strong></span> 
     </span>
    </p>
   </div>
   <div class='ocr_carea' id='block_1_96' title="bbox 521 5054 2100 5127">
    <p class='ocr_par' dir='ltr' id='par_1_96' title="bbox 521 5054 2100 5127">
     <span class='ocr_line' id='line_1_96' title="bbox 521 5054 2100 5127; baseline 0.006 -17"><span class='ocrx_word' id='word_1_636' title='bbox 521 5058 723 5125; x_wconf 88' lang='lat' dir='ltr'><strong>ubique</strong></span> <span class='ocrx_word' id='word_1_637' title='bbox 775 5054 915 5126; x_wconf 87' lang='lat' dir='ltr'><strong>(scio</strong></span> <span class='ocrx_word' id='word_1_638' title='bbox 972 5055 1024 5109; x_wconf 89' lang='lat' dir='ltr'><strong>in</strong></span> <span class='ocrx_word' id='word_1_639' title='bbox 1091 5055 1195 5110; x_wconf 90' lang='lat' dir='ltr'><strong>hoc</strong></span> <span class='ocrx_word' id='word_1_640' title='bbox 1251 5054 1524 5110; x_wconf 86' lang='lat' dir='ltr'><strong>scribendi</strong></span> <span class='ocrx_word' id='word_1_641' title='bbox 1579 5072 1776 5127; x_wconf 90' lang='lat' dir='ltr'><strong>genere</strong></span> <span class='ocrx_word' id='word_1_642' title='bbox 1837 5063 2100 5119; x_wconf 89' lang='lat' dir='ltr'><strong>concinna</strong></span> 
     </span>
    </p>
   </div>
   <div class='ocr_carea' id='block_1_97' title="bbox 521 5146 2100 5219">
    <p class='ocr_par' dir='ltr' id='par_1_97' title="bbox 521 5146 2100 5219">
     <span class='ocr_line' id='line_1_97' title="bbox 521 5146 2100 5219; baseline 0.005 -18"><span class='ocrx_word' id='word_1_643' title='bbox 521 5153 688 5202; x_wconf 85' lang='lat' dir='ltr'><strong>verba</strong></span> <span class='ocrx_word' id='word_1_644' title='bbox 709 5161 817 5201; x_wconf 84' lang='lat' dir='ltr'><strong>non</strong></span> <span class='ocrx_word' id='word_1_645' title='bbox 845 5159 966 5200; x_wconf 87' lang='lat' dir='ltr'><strong>esse</strong></span> <span class='ocrx_word' id='word_1_646' title='bbox 989 5146 1303 5215; x_wconf 68' lang='lat' dir='ltr'><strong>qumrenda)</strong></span> <span class='ocrx_word' id='word_1_647' title='bbox 1322 5161 1416 5211; x_wconf 89' lang='lat' dir='ltr'><strong>;ea</strong></span> <span class='ocrx_word' id='word_1_648' title='bbox 1431 5150 1907 5219; x_wconf 87' lang='lat' dir='ltr'><strong>proptersuspicor</strong></span> <span class='ocrx_word' id='word_1_649' title='bbox 1932 5156 2100 5209; x_wconf 89' lang='lat' dir='ltr'><strong>multa</strong></span> 
     </span>
    </p>
   </div>
   <div class='ocr_carea' id='block_1_98' title="bbox 527 5237 2100 5311">
    <p class='ocr_par' dir='ltr' id='par_1_98' title="bbox 527 5237 2100 5311">
     <span class='ocr_line' id='line_1_98' title="bbox 527 5237 2100 5311; baseline 0.006 -21"><span class='ocrx_word' id='word_1_650' title='bbox 527 5238 654 5291; x_wconf 87' lang='lat' dir='ltr'><strong>inibi</strong></span> <span class='ocrx_word' id='word_1_651' title='bbox 693 5238 910 5292; x_wconf 87' lang='lat' dir='ltr'><strong>decreta</strong></span> <span class='ocrx_word' id='word_1_652' title='bbox 965 5250 995 5288; x_wconf 91' lang='lat' dir='ltr'><strong>a</strong></span> <span class='ocrx_word' id='word_1_653' title='bbox 1045 5237 1491 5292; x_wconf 87' lang='lat' dir='ltr'><strong>consarcinatore</strong></span> <span class='ocrx_word' id='word_1_654' title='bbox 1532 5251 1788 5310; x_wconf 85' lang='lat' dir='ltr'><strong>congesta</strong></span> <span class='ocrx_word' id='word_1_655' title='bbox 1818 5241 2011 5311; x_wconf 80' lang='lat' dir='ltr'><strong>fuisse,</strong></span> <span class='ocrx_word' id='word_1_656' title='bbox 2048 5257 2100 5302; x_wconf 90' lang='lat' dir='ltr'><strong>et</strong></span> 
     </span>
    </p>
   </div>
   <div class='ocr_carea' id='block_1_99' title="bbox 524 5326 2107 5401">
    <p class='ocr_par' dir='ltr' id='par_1_99' title="bbox 524 5326 2107 5401">
     <span class='ocr_line' id='line_1_99' title="bbox 524 5326 2107 5401; baseline 0.003 -18"><span class='ocrx_word' id='word_1_657' title='bbox 524 5346 713 5385; x_wconf 87' lang='lat' dir='ltr'><strong>revera</strong></span> <span class='ocrx_word' id='word_1_658' title='bbox 765 5330 817 5385; x_wconf 84' lang='lat' dir='ltr'><strong>id</strong></span> <span class='ocrx_word' id='word_1_659' title='bbox 867 5326 1241 5381; x_wconf 76' lang='lat' dir='ltr'><strong>demonstrare</strong></span> <span class='ocrx_word' id='word_1_660' title='bbox 1280 5328 1532 5382; x_wconf 86' lang='lat' dir='ltr'><strong>videntur</strong></span> <span class='ocrx_word' id='word_1_661' title='bbox 1557 5344 1708 5398; x_wconf 66' lang='lat' dir='ltr'><strong>quae,</strong></span> <span class='ocrx_word' id='word_1_662' title='bbox 1732 5333 1925 5401; x_wconf 89' lang='lat' dir='ltr'><strong>capitis</strong></span> <span class='ocrx_word' id='word_1_663' title='bbox 1950 5334 1987 5387; x_wconf 75' lang='lat'><strong>2</strong></span> <span class='ocrx_word' id='word_1_664' title='bbox 2019 5351 2107 5391; x_wconf 84' lang='lat' dir='ltr'><strong>se-</strong></span> 
     </span>
    </p>
   </div>
   <div class='ocr_carea' id='block_1_100' title="bbox 521 5415 2102 5491">
    <p class='ocr_par' dir='ltr' id='par_1_100' title="bbox 521 5415 2102 5491">
     <span class='ocr_line' id='line_1_100' title="bbox 521 5415 2102 5491; baseline 0.004 -18"><span class='ocrx_word' id='word_1_665' title='bbox 521 5421 702 5474; x_wconf 87' lang='lat' dir='ltr'><strong>ctione</strong></span> <span class='ocrx_word' id='word_1_666' title='bbox 726 5422 780 5474; x_wconf 71' lang='lat'><strong>2.</strong></span> <span class='ocrx_word' id='word_1_667' title='bbox 813 5433 933 5488; x_wconf 78' lang='lat' dir='ltr'><strong>pag.</strong></span> <span class='ocrx_word' id='word_1_668' title='bbox 972 5415 1102 5479; x_wconf 72' lang='lat'><strong>257,</strong></span> <span class='ocrx_word' id='word_1_669' title='bbox 1156 5415 1213 5468; x_wconf 87' lang='grc' dir='ltr'><strong>ι).</strong></span> <span class='ocrx_word' id='word_1_670' title='bbox 1246 5416 1532 5482; x_wconf 88' lang='lat' dir='ltr'><strong>habentur,</strong></span> <span class='ocrx_word' id='word_1_671' title='bbox 1568 5419 1658 5472; x_wconf 91' lang='lat' dir='ltr'><strong>ubi</strong></span> <span class='ocrx_word' id='word_1_672' title='bbox 1689 5420 1777 5475; x_wconf 90' lang='lat' dir='ltr'><strong>ille</strong></span> <span class='ocrx_word' id='word_1_673' title='bbox 1828 5423 1943 5491; x_wconf 83' lang='lat' dir='ltr'><strong>ipse</strong></span> <span class='ocrx_word' id='word_1_674' title='bbox 1969 5426 2102 5480; x_wconf 87' lang='lat' dir='ltr'><strong>cita-</strong></span> 
     </span>
    </p>
   </div>
   <div class='ocr_carea' id='block_1_101' title="bbox 525 5509 2104 5584">
    <p class='ocr_par' dir='ltr' id='par_1_101' title="bbox 525 5509 2104 5584">
     <span class='ocr_line' id='line_1_101' title="bbox 525 5509 2104 5584; baseline 0.004 -17"><span class='ocrx_word' id='word_1_675' title='bbox 525 5525 612 5567; x_wconf 91' lang='lat' dir='ltr'><strong>tur</strong></span> <span class='ocrx_word' id='word_1_676' title='bbox 635 5512 972 5567; x_wconf 84' lang='lat' dir='ltr'><strong>Lanfrancus</strong></span> <span class='ocrx_word' id='word_1_677' title='bbox 1027 5529 1040 5564; x_wconf 90' lang='lat'><strong>:</strong></span> <span class='ocrx_word' id='word_1_678' title='bbox 1092 5528 1110 5562; x_wconf 74' lang='grc' dir='ltr'>ι</span> <span class='ocrx_word' id='word_1_679' title='bbox 1178 5509 1410 5565; x_wconf 85' lang='lat' dir='ltr'><strong>Canteut</strong></span> <span class='ocrx_word' id='word_1_680' title='bbox 1477 5515 1766 5569; x_wconf 88' lang='lat' dir='ltr'><strong>matutinas</strong></span> <span class='ocrx_word' id='word_1_681' title='bbox 1823 5517 2104 5584; x_wconf 85' lang='lat' dir='ltr'><strong>(Decretas</strong></span> 
     </span>
    </p>
   </div>
   <div class='ocr_carea' id='block_1_102' title="bbox 523 5605 2103 5677">
    <p class='ocr_par' dir='ltr' id='par_1_102' title="bbox 523 5605 2103 5677">
     <span class='ocr_line' id='line_1_102' title="bbox 523 5605 2103 5677; baseline 0.001 -14"><span class='ocrx_word' id='word_1_682' title='bbox 523 5606 834 5675; x_wconf 81' lang='lat' dir='ltr'><strong>Lanfranci)</strong></span> <span class='ocrx_word' id='word_1_683' title='bbox 861 5606 1063 5660; x_wconf 87' lang='lat' dir='ltr'><strong>laudes.</strong></span> <span class='ocrx_word' id='word_1_684' title='bbox 1097 5622 1115 5658; x_wconf 74' lang='grc' dir='ltr'><strong>ι</strong></span> <span class='ocrx_word' id='word_1_685' title='bbox 1154 5605 1238 5670; x_wconf 89' lang='lat' dir='ltr'><strong>Et,</strong></span> <span class='ocrx_word' id='word_1_686' title='bbox 1277 5619 1394 5675; x_wconf 88' lang='lat' dir='ltr'><strong>cap.</strong></span> <span class='ocrx_word' id='word_1_687' title='bbox 1427 5605 1479 5671; x_wconf 91' lang='lat'><strong>8,</strong></span> <span class='ocrx_word' id='word_1_688' title='bbox 1508 5614 1642 5661; x_wconf 89' lang='lat' dir='ltr'><strong>sect.</strong></span> <span class='ocrx_word' id='word_1_689' title='bbox 1671 5623 1711 5672; x_wconf 88' lang='grc' dir='ltr'>ι,</span> <span class='ocrx_word' id='word_1_690' title='bbox 1734 5610 2103 5677; x_wconf 65' lang='lat' dir='ltr'><strong>prmscribitur</strong></span> 
     </span>
    </p>
   </div>
   <div class='ocr_carea' id='block_1_103' title="bbox 525 5696 2098 5773">
    <p class='ocr_par' dir='ltr' id='par_1_103' title="bbox 525 5696 2098 5773">
     <span class='ocr_line' id='line_1_103' title="bbox 525 5696 2098 5773; baseline 0.002 -22"><span class='ocrx_word' id='word_1_691' title='bbox 525 5709 585 5753; x_wconf 89' lang='lat' dir='ltr'><strong>ut</strong></span> <span class='ocrx_word' id='word_1_692' title='bbox 615 5696 947 5760; x_wconf 87' lang='lat' dir='ltr'><strong>cellerarius,</strong></span> <span class='ocrx_word' id='word_1_693' title='bbox 977 5711 1085 5765; x_wconf 89' lang='lat' dir='ltr'><strong>quo</strong></span> <span class='ocrx_word' id='word_1_694' title='bbox 1107 5696 1193 5749; x_wconf 91' lang='lat' dir='ltr'><strong>die</strong></span> <span class='ocrx_word' id='word_1_695' title='bbox 1215 5709 1563 5766; x_wconf 86' lang='lat' dir='ltr'><strong>computuutn</strong></span> <span class='ocrx_word' id='word_1_696' title='bbox 1597 5699 1866 5754; x_wconf 90' lang='lat' dir='ltr'><strong>rationem</strong></span> <span class='ocrx_word' id='word_1_697' title='bbox 1888 5701 2098 5773; x_wconf 82' lang='lat' dir='ltr'><strong>reddet,</strong></span> 
     </span>
    </p>
   </div>
   <div class='ocr_carea' id='block_1_104' title="bbox 528 5787 2094 5862">
    <p class='ocr_par' dir='ltr' id='par_1_104' title="bbox 528 5787 2094 5862">
     <span class='ocr_line' id='line_1_104' title="bbox 528 5787 2094 5862; baseline 0.001 -16"><span class='ocrx_word' id='word_1_698' title='bbox 528 5790 776 5846; x_wconf 73' lang='lat' dir='ltr'><strong>fesuvum</strong></span> <span class='ocrx_word' id='word_1_699' title='bbox 817 5787 1099 5857; x_wconf 86' lang='lat' dir='ltr'><strong>prandium</strong></span> <span class='ocrx_word' id='word_1_700' title='bbox 1149 5788 1407 5844; x_wconf 82' lang='lat' dir='ltr'><strong>fratribus</strong></span> <span class='ocrx_word' id='word_1_701' title='bbox 1438 5791 1721 5857; x_wconf 78' lang='lat' dir='ltr'><strong>exhibeat;</strong></span> <span class='ocrx_word' id='word_1_702' title='bbox 1752 5791 1894 5861; x_wconf 87' lang='lat' dir='ltr'><strong>quod</strong></span> <span class='ocrx_word' id='word_1_703' title='bbox 1937 5791 2094 5862; x_wconf 85' lang='lat' dir='ltr'><strong>plane</strong></span> 
     </span>
    </p>
   </div>
   <div class='ocr_carea' id='block_1_105' title="bbox 2273 4605 3789 4678">
    <p class='ocr_par' dir='ltr' id='par_1_105' title="bbox 2273 4605 3789 4678">
     <span class='ocr_line' id='line_1_105' title="bbox 2273 4605 3789 4678; baseline -0.002 -13"><span class='ocrx_word' id='word_1_704' title='bbox 2273 4610 2438 4665; x_wconf 85' lang='lat' dir='ltr'><strong>Notas</strong></span> <span class='ocrx_word' id='word_1_705' title='bbox 2485 4616 2539 4663; x_wconf 91' lang='lat' dir='ltr'><strong>et</strong></span> <span class='ocrx_word' id='word_1_706' title='bbox 2560 4607 2965 4663; x_wconf 88' lang='lat' dir='ltr'><strong>observationes</strong></span> <span class='ocrx_word' id='word_1_707' title='bbox 3010 4605 3383 4676; x_wconf 73' lang='lat' dir='ltr'><strong>adjunximns,</strong></span> <span class='ocrx_word' id='word_1_708' title='bbox 3410 4615 3490 4671; x_wconf 87' lang='lat' dir='ltr'><strong>et,</strong></span> <span class='ocrx_word' id='word_1_709' title='bbox 3521 4615 3789 4678; x_wconf 78' lang='lat' dir='ltr'><strong>quantum</strong></span> 
     </span>
    </p>
   </div>
   <div class='ocr_carea' id='block_1_106' title="bbox 2205 4698 3793 4769">
    <p class='ocr_par' dir='ltr' id='par_1_106' title="bbox 2205 4698 3793 4769">
     <span class='ocr_line' id='line_1_106' title="bbox 2205 4698 3793 4769; baseline 0 -14"><span class='ocrx_word' id='word_1_710' title='bbox 2205 4700 2360 4756; x_wconf 85' lang='lat' dir='ltr'><strong>nobis</strong></span> <span class='ocrx_word' id='word_1_711' title='bbox 2380 4700 2648 4769; x_wconf 90' lang='lat' dir='ltr'><strong>integrum</strong></span> <span class='ocrx_word' id='word_1_712' title='bbox 2691 4698 2791 4752; x_wconf 90' lang='lat' dir='ltr'><strong>fuit</strong></span> <span class='ocrx_word' id='word_1_713' title='bbox 2816 4712 3010 4767; x_wconf 89' lang='lat' dir='ltr'><strong>resque</strong></span> <span class='ocrx_word' id='word_1_714' title='bbox 3040 4698 3405 4768; x_wconf 82' lang='lat' dir='ltr'><strong>postulavere,</strong></span> <span class='ocrx_word' id='word_1_715' title='bbox 3431 4708 3645 4754; x_wconf 86' lang='lat' dir='ltr'><strong>vetusta</strong></span> <span class='ocrx_word' id='word_1_716' title='bbox 3672 4716 3793 4755; x_wconf 84' lang='lat' dir='ltr'><strong>mo-</strong></span> 
     </span>
    </p>
   </div>
   <div class='ocr_carea' id='block_1_107' title="bbox 2204 4786 3792 4857">
    <p class='ocr_par' dir='ltr' id='par_1_107' title="bbox 2204 4786 3792 4857">
     <span class='ocr_line' id='line_1_107' title="bbox 2204 4786 3792 4857; baseline -0.001 -11"><span class='ocrx_word' id='word_1_717' title='bbox 2204 4798 2460 4846; x_wconf 87' lang='lat' dir='ltr'><strong>numenta</strong></span> <span class='ocrx_word' id='word_1_718' title='bbox 2488 4789 2751 4843; x_wconf 86' lang='lat' dir='ltr'><strong>hactenus</strong></span> <span class='ocrx_word' id='word_1_719' title='bbox 2778 4788 2926 4843; x_wconf 90' lang='lat' dir='ltr'><strong>carie</strong></span> <span class='ocrx_word' id='word_1_720' title='bbox 2954 4795 3010 4842; x_wconf 90' lang='lat' dir='ltr'><strong>et</strong></span> <span class='ocrx_word' id='word_1_721' title='bbox 3038 4786 3288 4856; x_wconf 84' lang='lat' dir='ltr'><strong>squalore</strong></span> <span class='ocrx_word' id='word_1_722' title='bbox 3311 4788 3531 4852; x_wconf 68' lang='lat' dir='ltr'><strong>fmdata,</strong></span> <span class='ocrx_word' id='word_1_723' title='bbox 3560 4804 3792 4857; x_wconf 76' lang='lat' dir='ltr'><strong>susque-</strong></span> 
     </span>
    </p>
   </div>
   <div class='ocr_carea' id='block_1_108' title="bbox 2205 4878 3791 4952">
    <p class='ocr_par' dir='ltr' id='par_1_108' title="bbox 2205 4878 3791 4952">
     <span class='ocr_line' id='line_1_108' title="bbox 2205 4878 3791 4952; baseline -0.002 -15"><span class='ocrx_word' id='word_1_724' title='bbox 2205 4882 2377 4952; x_wconf 87' lang='lat' dir='ltr'><strong>deque</strong></span> <span class='ocrx_word' id='word_1_725' title='bbox 2407 4880 2588 4935; x_wconf 90' lang='lat' dir='ltr'><strong>habita</strong></span> <span class='ocrx_word' id='word_1_726' title='bbox 2628 4878 3036 4934; x_wconf 87' lang='lat' dir='ltr'><strong>interseruimus</strong></span> <span class='ocrx_word' id='word_1_727' title='bbox 3064 4893 3079 4942; x_wconf 87' lang='lat'><strong>;</strong></span> <span class='ocrx_word' id='word_1_728' title='bbox 3114 4892 3233 4946; x_wconf 62' lang='lat' dir='ltr'><strong>quae</strong></span> <span class='ocrx_word' id='word_1_729' title='bbox 3253 4893 3412 4947; x_wconf 88' lang='lat' dir='ltr'><strong>spero</strong></span> <span class='ocrx_word' id='word_1_730' title='bbox 3441 4880 3791 4948; x_wconf 81' lang='lat' dir='ltr'><strong>antiquarum</strong></span> 
     </span>
    </p>
   </div>
   <div class='ocr_carea' id='block_1_109' title="bbox 2206 4967 3788 5039">
    <p class='ocr_par' dir='ltr' id='par_1_109' title="bbox 2206 4967 3788 5039">
     <span class='ocr_line' id='line_1_109' title="bbox 2206 4967 3788 5039; baseline -0.001 -13"><span class='ocrx_word' id='word_1_731' title='bbox 2206 4988 2383 5028; x_wconf 84' lang='lat' dir='ltr'><strong>rerum</strong></span> <span class='ocrx_word' id='word_1_732' title='bbox 2429 4970 2657 5027; x_wconf 90' lang='lat' dir='ltr'><strong>curiosis</strong></span> <span class='ocrx_word' id='word_1_733' title='bbox 2681 4969 3116 5039; x_wconf 83' lang='lat' dir='ltr'><strong>exploratoribus</strong></span> <span class='ocrx_word' id='word_1_734' title='bbox 3160 4968 3274 5023; x_wconf 89' lang='lat' dir='ltr'><strong>fore</strong></span> <span class='ocrx_word' id='word_1_735' title='bbox 3305 4984 3411 5023; x_wconf 89' lang='lat' dir='ltr'><strong>non</strong></span> <span class='ocrx_word' id='word_1_736' title='bbox 3457 4967 3788 5037; x_wconf 86' lang='lat' dir='ltr'><strong>injucunda:</strong></span> 
     </span>
    </p>
   </div>
   <div class='ocr_carea' id='block_1_110' title="bbox 2207 5061 3794 5133">
    <p class='ocr_par' dir='ltr' id='par_1_110' title="bbox 2207 5061 3794 5133">
     <span class='ocr_line' id='line_1_110' title="bbox 2207 5061 3794 5133; baseline -0.003 -13"><span class='ocrx_word' id='word_1_737' title='bbox 2207 5064 2419 5120; x_wconf 85' lang='lat' dir='ltr'><strong>tametsi</strong></span> <span class='ocrx_word' id='word_1_738' title='bbox 2448 5063 2693 5133; x_wconf 60' lang='lat' dir='ltr'><strong>quadam</strong></span> <span class='ocrx_word' id='word_1_739' title='bbox 2720 5062 2945 5132; x_wconf 90' lang='lat' dir='ltr'><strong>benigna</strong></span> <span class='ocrx_word' id='word_1_740' title='bbox 2987 5077 3145 5115; x_wconf 91' lang='lat' dir='ltr'><strong>manu</strong></span> <span class='ocrx_word' id='word_1_741' title='bbox 3171 5061 3402 5131; x_wconf 69' lang='lat' dir='ltr'><strong>expungi</strong></span> <span class='ocrx_word' id='word_1_742' title='bbox 3437 5063 3506 5118; x_wconf 89' lang='lat' dir='ltr'><strong>ab</strong></span> <span class='ocrx_word' id='word_1_743' title='bbox 3547 5061 3630 5118; x_wconf 83' lang='lat' dir='ltr'><strong>eis</strong></span> <span class='ocrx_word' id='word_1_744' title='bbox 3669 5078 3794 5131; x_wconf 82' lang='lat' dir='ltr'><strong>per-</strong></span> 
     </span>
    </p>
   </div>
   <div class='ocr_carea' id='block_1_111' title="bbox 2204 5150 3792 5224">
    <p class='ocr_par' dir='ltr' id='par_1_111' title="bbox 2204 5150 3792 5224">
     <span class='ocr_line' id='line_1_111' title="bbox 2204 5150 3792 5224; baseline 0 -16"><span class='ocrx_word' id='word_1_745' title='bbox 2204 5165 2351 5224; x_wconf 88' lang='lat' dir='ltr'><strong>opto,</strong></span> <span class='ocrx_word' id='word_1_746' title='bbox 2382 5154 2614 5208; x_wconf 84' lang='lat' dir='ltr'><strong>maxime</strong></span> <span class='ocrx_word' id='word_1_747' title='bbox 2643 5168 2784 5222; x_wconf 66' lang='lat' dir='ltr'><strong>qum,</strong></span> <span class='ocrx_word' id='word_1_748' title='bbox 2818 5168 2939 5221; x_wconf 89' lang='lat' dir='ltr'><strong>pag.</strong></span> <span class='ocrx_word' id='word_1_749' title='bbox 2969 5150 3092 5215; x_wconf 78' lang='lat'><strong>538,</strong></span> <span class='ocrx_word' id='word_1_750' title='bbox 3135 5168 3202 5206; x_wconf 75' lang='lat' dir='ltr'><strong>ex</strong></span> <span class='ocrx_word' id='word_1_751' title='bbox 3249 5153 3574 5221; x_wconf 82' lang='lat' dir='ltr'><strong>pervetustis</strong></span> <span class='ocrx_word' id='word_1_752' title='bbox 3618 5168 3792 5208; x_wconf 78' lang='lat' dir='ltr'><strong>inem-</strong></span> 
     </span>
    </p>
   </div>
   <div class='ocr_carea' id='block_1_112' title="bbox 2204 5243 3795 5301">
    <p class='ocr_par' dir='ltr' id='par_1_112' title="bbox 2204 5243 3795 5301">
     <span class='ocr_line' id='line_1_112' title="bbox 2204 5243 3795 5301; baseline -0.004 0"><span class='ocrx_word' id='word_1_753' title='bbox 2204 5247 2389 5301; x_wconf 88' lang='lat' dir='ltr'><strong>branis</strong></span> <span class='ocrx_word' id='word_1_754' title='bbox 2419 5244 2703 5297; x_wconf 88' lang='lat' dir='ltr'><strong>formulam</strong></span> <span class='ocrx_word' id='word_1_755' title='bbox 2745 5243 3125 5298; x_wconf 68' lang='lat' dir='ltr'><strong>denuntiantis:</strong></span> <span class='ocrx_word' id='word_1_756' title='bbox 3167 5245 3357 5297; x_wconf 87' lang='lat' dir='ltr'><strong>mortis</strong></span> <span class='ocrx_word' id='word_1_757' title='bbox 3401 5244 3637 5299; x_wconf 75' lang='lat' dir='ltr'><strong>defuncti</strong></span> <span class='ocrx_word' id='word_1_758' title='bbox 3674 5260 3795 5297; x_wconf 80' lang='lat' dir='ltr'><strong>mc-</strong></span> 
     </span>
    </p>
   </div>
   <div class='ocr_carea' id='block_1_113' title="bbox 2206 5333 3791 5404">
    <p class='ocr_par' dir='ltr' id='par_1_113' title="bbox 2206 5333 3791 5404">
     <span class='ocr_line' id='line_1_113' title="bbox 2206 5333 3791 5404; baseline -0.001 -13"><span class='ocrx_word' id='word_1_759' title='bbox 2206 5336 2363 5391; x_wconf 90' lang='lat' dir='ltr'><strong>nachi</strong></span> <span class='ocrx_word' id='word_1_760' title='bbox 2424 5333 2743 5404; x_wconf 83' lang='lat' dir='ltr'><strong>produxisse</strong></span> <span class='ocrx_word' id='word_1_761' title='bbox 2802 5349 2888 5388; x_wconf 87' lang='lat' dir='ltr'><strong>me</strong></span> <span class='ocrx_word' id='word_1_762' title='bbox 2944 5333 3260 5397; x_wconf 80' lang='lat' dir='ltr'><strong>aﬂirmavi;</strong></span> <span class='ocrx_word' id='word_1_763' title='bbox 3317 5335 3587 5404; x_wconf 86' lang='lat' dir='ltr'><strong>siquidem</strong></span> <span class='ocrx_word' id='word_1_764' title='bbox 3649 5337 3791 5391; x_wconf 85' lang='lat' dir='ltr'><strong>hanc</strong></span> 
     </span>
    </p>
   </div>
   <div class='ocr_carea' id='block_1_114' title="bbox 2207 5424 3788 5496">
    <p class='ocr_par' dir='ltr' id='par_1_114' title="bbox 2207 5424 3788 5496">
     <span class='ocr_line' id='line_1_114' title="bbox 2207 5424 3788 5496; baseline 0.002 -16"><span class='ocrx_word' id='word_1_765' title='bbox 2207 5429 2372 5495; x_wconf 89' lang='lat' dir='ltr'><strong>ipsam</strong></span> <span class='ocrx_word' id='word_1_766' title='bbox 2420 5424 2742 5492; x_wconf 88' lang='lat' dir='ltr'><strong>jampridem</strong></span> <span class='ocrx_word' id='word_1_767' title='bbox 2794 5425 2941 5493; x_wconf 89' lang='lat' dir='ltr'><strong>prelo</strong></span> <span class='ocrx_word' id='word_1_768' title='bbox 3008 5429 3387 5496; x_wconf 86' lang='lat' dir='ltr'><strong>suppositam,</strong></span> <span class='ocrx_word' id='word_1_769' title='bbox 3435 5436 3491 5479; x_wconf 89' lang='lat' dir='ltr'><strong>et</strong></span> <span class='ocrx_word' id='word_1_770' title='bbox 3541 5426 3788 5483; x_wconf 67' lang='lat' dir='ltr'><strong>Mai-bodi</strong></span> 
     </span>
    </p>
   </div>
   <div class='ocr_carea' id='block_1_115' title="bbox 2203 5515 3788 5587">
    <p class='ocr_par' dir='ltr' id='par_1_115' title="bbox 2203 5515 3788 5587">
     <span class='ocr_line' id='line_1_115' title="bbox 2203 5515 3788 5587; baseline 0.001 -15"><span class='ocrx_word' id='word_1_771' title='bbox 2203 5517 2438 5587; x_wconf 83' lang='lat' dir='ltr'><strong>episcopi</strong></span> <span class='ocrx_word' id='word_1_772' title='bbox 2469 5515 2807 5571; x_wconf 80' lang='lat' dir='ltr'><strong>Redonensis</strong></span> <span class='ocrx_word' id='word_1_773' title='bbox 2837 5517 3092 5586; x_wconf 85' lang='lat' dir='ltr'><strong>operibus</strong></span> <span class='ocrx_word' id='word_1_774' title='bbox 3129 5520 3404 5587; x_wconf 79' lang='lat' dir='ltr'><strong>praetixam</strong></span> <span class='ocrx_word' id='word_1_775' title='bbox 3430 5517 3598 5572; x_wconf 87' lang='lat' dir='ltr'><strong>fuisse</strong></span> <span class='ocrx_word' id='word_1_776' title='bbox 3626 5517 3788 5573; x_wconf 83' lang='lat' dir='ltr'><strong>intel-</strong></span> 
     </span>
    </p>
   </div>
   <div class='ocr_carea' id='block_1_116' title="bbox 2204 5609 2328 5664">
    <p class='ocr_par' dir='ltr' id='par_1_116' title="bbox 2204 5609 2328 5664">
     <span class='ocr_line' id='line_1_116' title="bbox 2204 5609 2328 5664; baseline 0 -2"><span class='ocrx_word' id='word_1_777' title='bbox 2204 5609 2328 5664; x_wconf 81' lang='lat' dir='ltr'><strong>lexi.</strong></span> 
     </span>
    </p>
   </div>
   <div class='ocr_carea' id='block_1_117' title="bbox 2276 5698 3785 5772">
    <p class='ocr_par' dir='ltr' id='par_1_117' title="bbox 2276 5698 3785 5772">
     <span class='ocr_line' id='line_1_117' title="bbox 2276 5698 3785 5772; baseline 0.003 -20"><span class='ocrx_word' id='word_1_778' title='bbox 2276 5699 2458 5771; x_wconf 82' lang='lat' dir='ltr'><strong>Neque</strong></span> <span class='ocrx_word' id='word_1_779' title='bbox 2489 5698 2620 5754; x_wconf 88' lang='lat' dir='ltr'><strong>mihi</strong></span> <span class='ocrx_word' id='word_1_780' title='bbox 2647 5714 2971 5755; x_wconf 87' lang='lat' dir='ltr'><strong>succenseas</strong></span> <span class='ocrx_word' id='word_1_781' title='bbox 2994 5716 3114 5767; x_wconf 91' lang='lat' dir='ltr'><strong>oro,</strong></span> <span class='ocrx_word' id='word_1_782' title='bbox 3144 5703 3287 5771; x_wconf 86' lang='lat' dir='ltr'><strong>quod</strong></span> <span class='ocrx_word' id='word_1_783' title='bbox 3325 5700 3639 5772; x_wconf 66' lang='lat' dir='ltr'><strong>smpiuscule</strong></span> <span class='ocrx_word' id='word_1_784' title='bbox 3670 5702 3785 5756; x_wconf 74' lang='lat' dir='ltr'><strong>fer—</strong></span> 
     </span>
    </p>
   </div>
   <div class='ocr_carea' id='block_1_118' title="bbox 2205 5791 3787 5862">
    <p class='ocr_par' dir='ltr' id='par_1_118' title="bbox 2205 5791 3787 5862">
     <span class='ocr_line' id='line_1_118' title="bbox 2205 5791 3787 5862; baseline 0.002 -17"><span class='ocrx_word' id='word_1_785' title='bbox 2205 5807 2300 5847; x_wconf 88' lang='lat' dir='ltr'><strong>san</strong></span> <span class='ocrx_word' id='word_1_786' title='bbox 2348 5807 2434 5846; x_wconf 88' lang='lat' dir='ltr'><strong>res</strong></span> <span class='ocrx_word' id='word_1_787' title='bbox 2464 5792 2787 5849; x_wconf 87' lang='lat' dir='ltr'><strong>monasticas</strong></span> <span class='ocrx_word' id='word_1_788' title='bbox 2827 5791 3066 5862; x_wconf 86' lang='lat' dir='ltr'><strong>qualibet</strong></span> <span class='ocrx_word' id='word_1_789' title='bbox 3109 5793 3229 5848; x_wconf 87' lang='lat' dir='ltr'><strong>data</strong></span> <span class='ocrx_word' id='word_1_790' title='bbox 3272 5796 3556 5850; x_wconf 82' lang='lat' dir='ltr'><strong>occasione</strong></span> <span class='ocrx_word' id='word_1_791' title='bbox 3603 5793 3787 5848; x_wconf 57' lang='lat' dir='ltr'><strong>videtur</strong></span> 
     </span>
    </p>
   </div>
  </div>
