3954 6306
143 321 204 374 l7

1480 322 1799 380 PROLEGO
1808 324 2012 379 MENA.

3335 314 3400 369 18

139 428 490 500 θοιιεςεῐξὶὣῖθ
515 450 530 498 ;
563 433 682 488 duo:
711 431 1010 502 prtesertim
1048 447 1226 488 causa:
1261 439 1387 485 sunt
1415 447 1535 513 quae
1560 447 1644 486 me
1666 432 1732 485 ad
1760 435 1808 494 Α
1839 444 1926 502 pta
1956 439 2359 503 percurrcutcm
2385 445 2475 498 qm
2510 442 2614 481 non
2643 424 2932 497 perspiciat
2961 425 3197 480 arbitror
3239 424 3410 479 uenti-

150 528 251 582 nec
281 525 629 596 impulerunt.
660 521 842 578 Altera
880 521 930 576 id
965 521 1042 578 rei
1085 523 1267 594 exegit
1310 523 1430 594 (per
1458 538 1518 578 se
1559 522 1727 593 patet)

148 627 208 673 ut
250 617 568 688 plerumque
604 615 821 668 easdem
873 621 1308 684 pertractarem;
1350 613 1553 678 altera,
1605 613 1727 682 quia

149 725 330 768 coram
379 717 437 765 et
478 708 702 778 scriptis
749 696 1042 783 identidem
1101 721 1186 762 me
1232 707 1586 765 convenerint
1627 705 1726 759 viri

149 819 253 860 non
285 802 635 858 mediocriter
669 799 891 866 eruditi,
935 799 1204 864 nonnihil,
1250 815 1370 869 qua:
1410 799 1477 853 ad
1525 796 1730 854 ordinis

150 895 480 952 Benedictini
510 893 890 962 antiquitatem
918 907 983 947 ac
1021 891 1359 962 splendorem
1399 898 1646 962 spectant
1675 889 1728 942 in

151 987 362 1042 dttbium
388 995 725 1048 revocantes,
747 985 926 1038 varias
947 983 1337 1054 disputationes
1359 982 1727 1048 instituerunt,

151 1071 272 1150 puta
289 1079 355 1134 de
383 1077 605 1146 antiqua
630 1083 684 1132 et
707 1073 996 1130 universali
1026 1075 1224 1145 regula:
1247 1075 1301 1129 in
1330 1073 1519 1129 Galliis
1543 1073 1731 1128 ubser-
1768 1077 1770 1080 ’

155 1171 380 1240 vatione,
412 1171 478 1225 de
502 1167 806 1237 insignibus
831 1167 1119 1221 sanctitate
1141 1177 1193 1220 et
1224 1165 1447 1222 scientia
1480 1165 1610 1218 viris
1639 1163 1728 1232 qui
1765 1235 1770 1240 _

150 1253 295 1319 inter
321 1261 528 1318 sodales
557 1258 798 1330 ejusdem
826 1258 1030 1315 ordinis
1056 1259 1230 1314 solent
1265 1257 1536 1313 recenseri
1568 1275 1583 1321 ;
1612 1257 1733 1326 qui-

155 1354 252 1410 bus
311 1363 365 1408 ttt
418 1352 654 1408 facerem
705 1352 884 1417 satis,
940 1368 1061 1408 cum
1107 1351 1528 1422 locupletissima
1577 1365 1731 1419 seges

150 1437 480 1517 exsurgeret,
519 1445 730 1516 longius
768 1460 1074 1500 sermonem
1107 1445 1486 1516 porrigendum
1520 1443 1726 1516 putavi.

147 1535 300 1590 Certe
327 1533 545 1606 quidem
577 1535 891 1606 priusquam
923 1535 1026 1590 hoc
1053 1551 1189 1606 opus
1218 1535 1360 1590 not-is
1389 1544 1444 1589 ct
1473 1536 1731 1588 observa-

137 1625 380 1679 tionibus
424 1624 757 1680 concinnare
805 1627 1160 1696 aggrederer,
1209 1639 1294 1678 me
1341 1622 1530 1694 procul
1569 1623 1731 1678 dubio

144 1715 521 1786 nonnullorum
565 1713 774 1769 criticis
822 1714 1084 1770 lectorum
1142 1713 1412 1782 unguibus
1460 1721 1516 1768 et
1555 1711 1732 1769 lituris

140 1784 518 1877 vapulaturum
564 1805 857 1860 identidem
890 1815 1071 1862 mente
1097 1781 1316 1860 revolvi.
1359 1805 1571 1859 Etenim
1597 1805 1730 1860 satis
1765 1781 1805 1835 Β

139 1895 268 1950 mihi
307 1907 646 1966 compertum
683 1911 899 1966 semper
921 1894 1030 1950 fuit
1056 1896 1253 1966 prima!
1295 1895 1346 1950 in
1386 1894 1611 1950 dicendo
1638 1911 1730 1951 ce-

131 1983 404 2042 iebritatis
425 1987 591 2052 viros,
625 1995 678 2041 et
699 1987 927 2042 scientia
953 1987 1458 2058 przestantissimos,
1486 1986 1730 2043 deletiles

131 2093 427 2134 censorum
475 2080 729 2150 spongias
775 2081 866 2134 diu
911 2081 1218 2149 pertulisse.
1256 2077 1473 2150 Ecquid
1533 2081 1727 2134 mirum

134 2184 282 2239 ergo,
317 2171 363 2225 si
399 2170 528 2225 tnihi
554 2170 762 2226 laboris
812 2172 1082 2241 primitias
1129 2172 1438 2227 eventilauti
1473 2172 1574 2226 hoc
1609 2186 1734 2226 eve-

137 2262 294 2318 niat?
326 2261 397 2318 Et
437 2279 566 2318 sane
616 2279 740 2318 cum
775 2265 1027 2336 Christus
1063 2265 1179 2334 ipse
1211 2266 1260 2319 id
1312 2264 1729 2335 haudquaquam

127 2353 455 2423 praestiterit
484 2361 543 2408 ut
571 2353 810 2408 omnium
839 2355 981 2409 votis
1020 2357 1389 2425 responderet.

203 2507 441 2564 Multum
470 2505 664 2571 deliro,
701 2506 745 2561 si
773 2508 972 2576 cuique
1000 2507 1216 2576 placere
1243 2507 1483 2576 requiro.

277 2578 479 2634 Omnia
518 2578 609 2646 qui
645 2578 820 2648 potuit
849 2579 953 2642 hac
987 2581 1106 2634 sine
1129 2579 1252 2634 dote
1281 2576 1403 2632 fuit.

205 2701 412 2772 Verum
444 2716 588 2768 enim
621 2729 749 2769 vero
787 2705 983 2784 siquid
1022 2713 1490 2770 animadversione
1512 2713 1731 2785 dignum

131 2807 376 2877 prudens
403 2807 732 2862 .ctcruditus
749 2806 920 2862 lector
936 2807 1253 2873 adverterit,
1268 2807 1454 2864 verbis
1472 2807 1736 2864 litterisve

141 2899 430 2977 certiorem
459 2914 545 2954 me
573 2898 764 2954 reddat
807 2897 1050 2970 impense
1094 2915 1263 2970 r0go;
1315 2899 1468 2971 cujus
1512 2899 1734 2955 monitis

144 2991 414 3047 submisso
466 2991 780 3062 lubentique
825 2989 1006 3048 animo
1052 2993 1428 3063 acquiescam,
1473 3003 1637 3064 atque
1680 2993 1732 3048 in

1831 539 1974 578 nem.

1902 613 2010 672 Nec
2034 629 2253 681 mirum,
2277 615 2486 685 opinor,
2513 611 2654 682 apud
2673 620 2724 666 te
2747 609 2927 672 fuerit,
2945 607 3134 672 lector,
3155 609 3407 678 magnum

1831 705 2220 772 Lani'rancum,
2253 707 2387 761 adeo
2411 703 2722 774 multiplicis
2749 703 3062 756 litteraturae
3079 713 3411 768 summaeque

1831 799 2089 855 doctrime
2121 797 2440 867 locupletem
2471 795 2540 850 a’b
2569 791 2834 850 universis
2861 789 3245 860 propemodum
3279 788 3412 842 scri-

1831 890 2077 962 ptoribus
2104 888 2458 950 celebratum,
2504 883 2828 957 paucissima
2877 881 2957 937 sui
3004 879 3201 951 ingenii
3227 891 3291 930 ae
3313 891 3410 946 pe.
3440 891 3444 896 ·

1834 979 1970 1035 vitim
2001 977 2232 1049 posteris
2276 977 2622 1048 consignasse
2663 979 3043 1034 monumenta,
3079 967 3278 1039 quippe
3321 967 3446 1034 qui'

1835 1083 2068 1141 tempus,
2097 1085 2317 1142 operam
2349 1078 2401 1124 et
2442 1067 2677 1140 studium
2706 1065 2759 1120 in
2783 1063 3076 1119 erudienda
3107 1062 3411 1131 juventute,

1834 1165 1887 1220 in
1938 1163 2168 1219 diversis
2217 1157 2527 1215 auctoribus
2574 1153 2968 1228 prtelcgendis,
3025 1161 3082 1206 et
3140 1148 3412 1217 theologia

1833 1250 2585 1320 edocendo,confutandaque
2601 1263 2782 1303 coraut
2807 1255 2864 1300 et
2891 1243 3114 1314 scriptis
3139 1241 3411 1311 Berenga-

1833 1347 2057 1416 gariana
2087 1342 2302 1406 haeresi,
2349 1351 2637 1410 antequam
2667 1337 3162 1407 archiepiscopatus
3193 1345 3418 1388 munere
3507 1321 3514 1328 ’

1835 1439 2167 1492 donaretur:
2208 1442 2332 1504 post
2355 1446 2504 1496 vero,
2535 1430 2588 1484 in
2620 1428 2898 1485 subeundo
2945 1427 3208 1498 primatus
3251 1437 3420 1479 onere

1833 1527 2138 1598 ponderosa
2171 1536 2338 1582 totum
2383 1526 2618 1596 seipsum
2659 1523 2918 1588 tradidit;
2977 1529 3140 1590 atque
3179 1520 3234 1574 in
3287 1516 3419 1572 diri-

1834 1619 2043 1676 mendis
2077 1619 2329 1675 Ecclesite
2361 1616 2744 1673 controversiis
2780 1624 2833 1670 et
2871 1628 3002 1685 pace
3029 1609 3416 1682 promovenda,

1836 1709 2254 1781 iit-corrigendis
2286 1717 2342 1764 et
2390 1708 2456 1762 ad
2488 1721 2721 1776 unguem
2773 1703 3059 1758 elimandis
3107 1710 3220 1755 lum
3267 1698 3421 1755 libris
3442 1699 3456 1718 "

1831 1804 2028 1870 Sacris,
2059 1813 2172 1857 ttnu
2203 1801 2364 1856 etiam
2397 1810 2706 1856 sanctorum
2751 1796 2972 1851 Patrum
3019 1794 3236 1864 scriptis
3258 1832 3271 1854 ,
3300 1806 3420 1861 qua:

1833 1896 2134 1968 ignorantia
2173 1893 2661 1949 ecclesiastieorum
2707 1898 2761 1945 et
2807 1889 3151 1943 librariorum
3207 1880 3457 1960 inscitiai

1833 1987 2292 2049 adnlteraverant,
2325 1985 2617 2038 immensos
2645 1981 2857 2036 labores
2894 1988 2951 2033 et
2973 1978 3202 2033 sudores
3229 1981 3426 2030 exant-

1832 2079 1979 2134 lavit.
2020 2079 2099 2134 De
2125 2077 2210 2133 his
2241 2077 2360 2133 fuse
2385 2078 2436 2131 in
2471 2076 2586 2145 ejus
2629 2075 2747 2129 Vita
2776 2083 2831 2128 et
2851 2071 3102 2144 epistolis
3132 2079 3295 2140 atQue
3322 2068 3424 2123 ob--

1833 2175 2230 2230 servationibus
2266 2175 2330 2228 ad
2363 2183 2672 2242 utrumque.
2719 2169 2872 2225 lland
2919 2165 3166 2223 dissimili
3211 2164 3421 2219 ratione

1826 2265 2142 2334 complures
2177 2279 2208 2317 e
2249 2261 2617 2342 Beuedictina'
2646 2255 2855 2313 familia
2883 2263 3136 2327 spectata:
3166 2252 3423 2308 doctrina:

1835 2357 1958 2420 viri,
1983 2356 2211 2410 diversis
2239 2354 2488 2409 Ecclesia:
2508 2332 2706 2406 muniis
2727 2348 3008 2418 implicati,
3044 2345 3210 2400 multa
3233 2343 3423 2410 utique
3451 2332 3458 2341 ’

1836 2446 2038 2516 scripta
2091 2443 2413 2500 elucubrare
2455 2442 2835 2512 nequiverunt.
2905 2437 2995 2493 Na!
3045 2448 3133 2500 tu,
3196 2427 3456 2490 cauilide'

1830 2541 2024 2606 lector,
2048 2540 2332 2596 conatibus
2374 2537 2574 2592 nostris
2608 2536 2746 2600 fave,
2793 2531 2929 2588 votis
2972 2531 3312 2600 obsequere;
3365 2517 3458 2580 et:

1827 2631 2012 2688 sicubi
2059 2630 2238 2701 magni
2289 2629 2432 2684 illius
2456 2623 2845 2696 archiepiscopi
2879 2619 3340 2680 Commentarium
3368 2616 3424 2671 in

1834 2724 2093 2797 psalmos,
2127 2734 2182 2778 et
2217 2722 2509 2778 Historiam
2543 2718 2997 2782 ecclesiasdeam,
3044 2729 3163 2779 seu,
3194 2721 3254 2767 ut
3303 2710 3426 2766 aliis
3454 2703 3458 2708 ’

1835 2811 2052 2888 placet,
2107 2813 2282 2868 Vitam
2325 2809 2596 2868 Gnillelmi
2652 2805 3061 2877 Conqnestoris,
3108 2802 3428 2858 delitescere

1837 2907 2179 2980 cognoveris,
2211 2905 2340 2960 mihi
2367 2903 2561 2958 litteris
2593 2899 2867 2972 signiﬁces
2891 2911 3021 2969 rogo
3047 2894 3422 2962 obtestorque.
3448 2898 3450 2902 '

1903 3001 2267 3075 Appendicem
2317 2996 2646 3068 subiecimus
2685 2995 2755 3050 ad
2791 2993 3035 3050 ornanda
3078 2989 3423 3061 potissimum

137 3078 378 3185 ξάίίίίξηθ
427 3082 658 3185 ξςρθξίξε
689 3081 757 3152 (εί
782 3082 965 3185 fimi“
1005 3082 1216 3138 dederit
1260 3081 1516 3185 01.05""!
1544 3083 1736 3139 Ῐθοθΐίι
1753 3121 1809 3185 C
1839 3097 1982 3153 beati
2021 3091 2312 3150 Lanfranci
2349 3105 2534 3163 opera,
2571 3089 2624 3143 in
2662 3102 2770 3159 qua
2811 3085 2988 3157 prima
3036 3081 3212 3140 fronte
3253 3078 3430 3136 Chro-

141 3170 302 3244 Deus)
347 3172 615 3243 quidquid
653 3172 1031 3243 corrigendum
1086 3174 1392 3239 notaverit,
1443 3174 1737 3230 emendare

139 3263 499 3320 etcalculum
544 3264 804 3320 reducere
845 3280 952 3320 non
989 3265 1296 3337 gravabor;
1343 3265 1457 3322 scio
1506 3281 1739 3336 namque

140 3357 448 3428 scriptum:
491 3356 596 3423 Qui
641 3357 749 3412 odit
791 3359 1188 3428 correptionem,
1245 3359 1356 3423 odit
1398 3358 1734 3429 sapientiam.

144 3445 225 3503 De
252 3463 349 3503 nec
377 3463 586 3522 genere
625 3462 746 3504 esse
781 3447 946 3503 nolim
1001 3449 1279 3503 hominum
1325 3447 1438 3518 qui,
1479 3446 1740 3517 quidquid

154 3540 206 3594 in
233 3541 460 3598 buccam
508 3543 740 3603 venerit.
785 3541 869 3597 vel
916 3541 1135 3612 aliquod
1175 3556 1312 3611 opus
1349 3539 1739 3610 compegerint,

149 3629 319 3700 magis
334 3646 506 3701 quam
521 3629 923 3698 fabrefecerint,
939 3631 1121 3686 statim
1149 3629 1415 3686 extollunt
1437 3640 1491 3684 et
1517 3630 1740 3699 dignum

149 3721 521 3778 existimanta
561 3723 785 3802 nemine
833 3723 1197 3792 reprehendi;
1250 3724 1380 3794 quin
1429 3723 1624 3786 etiam,
1685 3731 1745 3776 ut

161 3813 454 3881 approbent
483 3827 675 3868 omnes
696 3822 751 3868 et
789 3814 1098 3879 lecturiant,
1137 3815 1343 3885 seipsos
1377 3821 1673 3870 ostentant.

137 3965 140 3968 I
230 3900 596 3973 Subsequitur
628 3901 890 3971 epistolas
918 3903 1172 3973 pericope
1210 3903 1472 3957 orationis
1515 3917 1545 3956 a
1587 3901 1746 3956 beato

160 3991 461 4052 Lanl‘ranco
489 3994 546 4050 in
572 3993 934 4051 Londoniensi
965 3995 1196 4051 concilio
1223 3996 1400 4052 dictae.
1433 3994 1604 4060 Hanc,
1630 3995 1750 4065 opi-

167 4099 280 4154 nor,
323 4087 829 4145 Malmesburiensis
858 4102 926 4143 ex
957 4087 1101 4142 illius
1128 4085 1365 4143 llistoria
1411 4087 1748 4144 ecclesiasti-

159 4191 226 4230 ca
255 4180 544 4234 mutuavit.
579 4178 940 4234 Posteriorem
969 4179 1146 4235 locum
1171 4181 1382 4237 obtinet
1424 4179 1634 4236 libellus
1672 4179 1747 4234 De

159 4269 380 4326 celanda
401 4269 768 4338 confessione,
793 4285 954 4341 quem
977 4286 1164 4328 verum
1197 4272 1544 4330 illustrissimi
1574 4273 1748 4328 nostri

169 4364 569 4435 archiepiscopi,
605 4365 796 4431 fetum,
846 4365 935 4420 ubi
965 4365 1022 4419 in
1073 4381 1264 4421 manus
1303 4367 1536 4437 primutn
1584 4365 1748 4420 deve-

1840 3183 1997 3244 nicon
2050 3186 2332 3242 Beccense
2391 3180 2634 3239 offendes
2662 3221 2676 3248 ,
2727 3177 2872 3250 quod
2930 3177 2996 3232 ad
3057 3173 3423 3246 integritatem

1839 3277 2016 3348 operis
2047 3275 2167 3331 ideo
2197 3272 2444 3330 conferre
2470 3268 2681 3342 putavi,
2708 3267 2832 3338 quia
2861 3267 3051 3323 beatus
3105 3265 3208 3320 iste
3247 3260 3420 3318 archi-

1842 3368 2123 3438 spiscopns
2169 3380 2273 3420 una
2313 3377 2436 3418 eum
2488 3361 2548 3416 Β.
2593 3359 2855 3415 llerluino
2900 3355 3140 3425 ejusdem
3190 3350 3426 3410 coenobii

1841 3447 2152 3518 esstructor
2184 3458 2314 3523 l'uit;
2367 3457 2421 3512 in
2447 3471 2621 3526 eoque
2669 3453 2870 3524 optima
2917 3449 3214 3520 disciplina:
3242 3462 3431 3502 mona-

1843 3555 1995 3611 διὶοω
2039 3551 2392 3607 fundamenta
2431 3547 2584 3619 jecit.
2629 3545 2844 3601 Primus
2891 3541 3020 3598 inibi
3060 3539 3275 3596 scholas
3303 3553 3430 3609 ape-

1845 3644 1973 3708 ruit,
2014 3640 2309 3710 discipulos
2356 3636 2616 3708 singulari
2650 3634 2875 3691 scientia
2908 3642 2960 3690 et
3008 3631 3252 3688 doctrina
3282 3639 3431 3685 eate-

1847 3751 1948 3792 nus
1987 3731 2199 3794 imbuit,
2250 3744 2358 3801 quo
2404 3730 2473 3785 ad
2524 3741 2806 3799 supremas
2845 3721 3100 3781 Ecclesiae
3143 3722 3433 3794 dignitates

1846 3824 2019 3881 evecti
2055 3821 2368 3877 universum
2415 3820 2604 3876 orbem
2637 3817 3066 3874 ecclesiasticum
3113 3831 3212 3871 suo
3261 3814 3434 3886 splen-

1847 3920 1980 3974 dore
2009 3916 2368 3992 illustrarent.
2397 3913 2464 3968 Et
2489 3912 2542 3968 id
2571 3904 2788 3982 quidem
2811 3909 3056 3981 pluribus
3073 3915 3191 3980 post
3220 3906 3434 3964 saeculis

1839 4006 2237 4080 perseveravit.
2279 4005 2469 4060 Testes
2501 4011 2626 4058 sunt
2652 4001 2744 4073 qui
2783 4000 2835 4056 in
2866 4000 3121 4057 Beccensi
3154 3995 3433 4054 acndemia

1850 4101 2037 4172 pietati
2061 4115 2125 4155 ac
2145 4098 2347 4152 litteris
2367 4110 2589 4166 operam
2612 4095 2834 4157 dedere,
2861 4092 3166 4170 Alexander
3191 4089 3233 4144 ll
3262 4103 3431 4158 papa:

1851 4190 2240 4263 archiepiscopi
2285 4189 2568 4244 Auselmus
2611 4197 2665 4242 et
2690 4183 3032 4240 Theobaldus
3081 4181 3438 4238 Cantuarien-

1851 4299 1958 4349 ses,
1998 4281 2346 4340 Guimundus
2395 4280 2703 4334 Aversanus
2760 4283 2814 4330 et
2863 4273 3183 4329 Guillelmus
3234 4271 3439 4327 [totho-

1854 4373 2157 4445 magensis;
2191 4368 2456 4442 episcopi,
2485 4367 2578 4422 lvo
2628 4364 3012 4429 Carnotensis;
3050 4362 3354 4418 llernostus
3377 4371 3442 4417 tu

169 4453 349 4518 uisset,
397 4454 534 4509 mihi
587 4467 692 4508 non
719 4451 1003 4522 probatum
1048 4453 1224 4510 fatear
1252 4463 1503 4526 oportet;
1551 4453 1740 4525 quippe

1847 4464 2213 4536 Gundulphus
2241 4459 2553 4526 ltoil‘enses;
2591 4457 2761 4514 Fulco
2803 4456 3147 4512 Belvacensis
3171 4471 3186 4510 τ
3211 4455 3442 4510 Richar-

171 4542 448 4598 verborum
475 4559 672 4600 sensus
702 4543 1090 4608 subobscurus,
1124 4545 1413 4614 implicata:
1438 4544 1744 4609 sententiae,

165 4634 444 4704 opiniones
493 4645 683 4690 nostro
730 4650 848 4691 aevo
903 4651 1009 4690 non
1067 4635 1317 4708 vulgares
1362 4634 1744 4707 apparebant;

172 4729 306 4782 unde
339 4729 672 4784 abhorrebat
721 4728 936 4782 animus
984 4728 1128 4783 inter
1172 4729 1304 4784 tanti
1351 4726 1452 4784 'viri
1494 4742 1659 4798 opera
1695 4727 1747 4782 id

171 4833 333 4887 genus
352 4819 597 4891 opusculi
629 4803 1011 4880 adnumerare,
1035 4819 1125 4888 qui
1153 4829 1258 4873 tam
1285 4819 1452 4882 laute,
1475 4817 1751 4886 eleganter

162 4919 222 4964 et
249 4909 481 4968 dilucide
521 4911 636 4966 suis
689 4911 740 4964 in
788 4909 910 4964 aliis
953 4911 1170 4980 scriptis
1214 4910 1505 4979 eloquitur.
1550 4909 1748 4965 Verum

163 5003 388 5070 propius
405 5003 569 5058 verba
597 5017 718 5058 cum
742 5001 1124 5072 dispexissem,
1147 5015 1364 5057 sensum
1381 5001 1750 5056 observassem

167 5096 652 5165 expendissemque
671 5110 824 5166 mqua
855 5095 1012 5150 lance
1036 5093 1354 5159 sententias,
1378 5108 1483 5148 non
1513 5094 1615 5148 has
1643 5095 1755 5150 sin-

175 5185 382 5254 gulares
412 5197 507 5241 aut
537 5187 743 5241 alienas
768 5199 797 5240 a
832 5195 1153 5242 caeterorum
1210 5184 1605 5254 theologorum,
1645 5184 1755 5239 imo

178 5291 298 5332 vero
325 5279 378 5333 in
404 5278 619 5333 easdem
651 5294 772 5333 cum
805 5293 1090 5348 suppares,
1125 5287 1236 5332 tum
1261 5275 1468 5331 medios
1496 5283 1756 5346 quotquot

172 5368 372 5423 revolvi
419 5380 669 5426 auctores
697 5371 926 5442 pedibus
966 5371 1043 5426 ire
1079 5370 1458 5435 animadverti,
1499 5370 1755 5440 quemad-

183 5457 389 5516 niodum
427 5477 527 5518 suo
557 5463 674 5519 loco
709 5473 977 5520 assertum
1008 5473 1109 5519 est.
1139 5461 1293 5517 Hand
1338 5462 1551 5518 iulicior
1580 5470 1755 5516 tamen

183 5549 494 5638 quibusdam
525 5555 576 5610 in
619 5542 752 5611 locis
789 5571 1007 5611 sensum
1040 5554 1376 5619 abstrusum,
1409 5570 1584 5624 neque
1612 5551 1756 5608 facili

187 5645 393 5712 negotio
438 5662 596 5717 posse
641 5647 920 5718 explicari.
973 5648 1125 5716 Quod
1175 5647 1581 5701 amanuensinnt
1625 5643 1760 5700 vitio

186 5743 340 5828 atque
367 5738 595 5796 inscium
618 5753 956 5807 vertendum,
990 5737 1186 5798 cmtcra
1217 5740 1274 5796 Β.
1305 5738 1592 5793 Lanfranci
1626 5737 1762 5792 srri-

1849 4557 1950 4612 dus
1998 4563 2056 4610 et
2099 4551 2393 4610 Gaul'ridus
2442 4549 2832 4614 Ebroiceuses;
2875 4555 2933 4602 et
2970 4547 3239 4603 Turoldus
3284 4544 3438 4612 Bajo-

1841 4645 2056 4710 censis;
2105 4643 2327 4698 abbates
2371 4656 2440 4696 ex
2489 4637 2921 4711 quamplurihus,
2981 4637 3258 4693 Gilbertus
3307 4636 3436 4692 Crt-

1852 4742 2036 4812 spinus
2063 4732 2696 4797 Westmonasteriensis;
2741 4731 2940 4786 Paulus
2963 4727 3022 4786 S.
3049 4729 3262 4792 Albani,
3282 4727 3437 4785 ’Lan-

1855 4831 2077 4886 francus
2111 4840 2279 4896 nepos
2321 4822 2380 4879 S.
2413 4819 2815 4892 Vandregesili;
2866 4818 3090 4874 Michael
3117 4827 3172 4874 et
3202 4817 3430 4874 Vincen-

1855 4925 1962 4978 tius
2011 4917 2404 4981 l’ratellenses;
2460 4913 2725 4983 llogerius
2767 4919 2822 4966 et
2867 4909 3162 4965 Gaul‘ridus
3203 4907 3443 4965 Gemeti-

1854 5027 2078 5078 censes;
2127 4999 2362 5064 Joannes
2415 5007 2481 5062 de
2527 5003 2746 5059 Bouleia
2791 5011 2846 5058 et
2887 5002 3126 5058 Joannes
3175 4999 3440 5055 llibaldus

1855 5104 2242 5165 Cerasienses;
2291 5098 2600 5154 Bernartius
2642 5105 2697 5151 et
2745 5094 3035 5159 Robertus,
3080 5100 3440 5162 cognomento

1857 5195 1924 5248 de
1955 5193 2159 5255 Monte,
2205 5189 2264 5245 S.
2312 5189 2589 5244 Michaelis
2625 5187 2678 5241 in
2715 5185 2956 5256 periculo
2985 5183 3174 5249 maris,
3217 5182 3330 5238 sive
3377 5182 3444 5236 de

1859 5283 2096 5349 Tumba;
2129 5282 2398 5338 Robcrtus
2427 5280 2472 5336 le
2500 5279 2671 5334 Telier
2698 5278 2756 5334 S.
2805 5276 3030 5342 Ebrulli,
3063 5275 3198 5330 alias
3227 5274 3443 5330 Uticen-

1858 5366 1959 5429 sis.
1989 5373 2145 5430 Unde
2173 5370 2433 5443 quidquid
2464 5371 2514 5425 in
2545 5370 2650 5425 illis
2683 5369 2916 5432 virtutis,
2947 5366 3206 5436 quidquid
3235 5365 3440 5437 gloriae,

1859 5466 2118 5538 quidquid
2155 5465 2312 5520 laude
2343 5463 2489 5536 digni
2525 5472 2610 5518 est
2639 5472 2802 5533 atque
2857 5458 3108 5514 utilitatis
3136 5499 3150 5525 ,
3182 5459 3442 5530 quidquid

1861 5573 1927 5614 ex
1959 5557 2149 5613 iisdem
2185 5555 2443 5612 Ecclesiae
2480 5555 2762 5611 catholij
2791 5551 3104 5619 accesserit,
3135 5549 3444 5605 Lanl‘raneo

1860 5647 2007 5704 velut
2044 5648 2181 5720 patri
2217 5656 2273 5702 et
2316 5646 2576 5718 magistro
2623 5643 2967 5700 referendum
3012 5653 3265 5699 asserunt
3307 5641 3446 5698 scri-

1854 5749 2045 5811 [plores
2077 5738 2311 5795 universi
2345 5757 2358 5792 :
2397 5739 2537 5810 quod
2585 5747 2638 5794 ct
2664 5737 2795 5794 satis
2824 5735 2998 5792 innuit
3027 5734 3098 5790 B.
3128 5735 3440 5804 llerluinus,

1809 5845 1843 5856 ν
