3954 6306
533 360 598 416 l9
1547 358 1606 414 ις.
1647 326 2032 414 marmura
2071 315 2421 412 casrcan.
2463 315 2774 412 Ananiae.

3716 364 3787 418 2c-

528 475 655 530 dum
687 475 766 530 sic
801 473 986 530 effusis
1014 475 1263 546 precibus
1317 482 1371 530 et
1400 473 1652 547 lacrymis
1691 477 1906 530 beatum
1952 475 2098 530 illum
2131 491 2176 549 Α
2203 472 2553 528 Beccensium
2599 473 2851 528 abbatqu
2895 481 3126 544 quatuor
3172 475 3411 547 priorum
3444 477 3579 534 Vitae
3624 481 3786 554 (cott-

517 566 693 646 virum
718 575 756 633 a‘
772 566 881 622 Deo
905 567 1234 636 impetravit,
1256 577 1418 624 etsuo
1440 570 1765 624 monasterio
1784 568 2090 640 acquisivit,

513 657 785 724 quatenus
821 657 1106 737 cmno‘bitaa
1130 658 1389 715 institutis
1418 661 1730 716 monasticis
1759 661 1949 737 instrui
1973 678 2095 732 pos-
2125 701 2128 704 -

513 738 726 802 seutab
767 763 834 804 eo
859 740 1032 818 iisque
1073 751 1332 820 perpetuo
1359 751 1822 818 adhaerescerent;
1855 755 2090 822 produnt

515 834 570 888 i.l
625 837 790 891 etiam
843 839 1121 908 utriusque
1151 833 1300 920 iVita
1331 829 1405 895 et
1447 833 1751 898 Chrenicon
1787 843 2088 920 Bccee'use,

516 940 726 983 necnon
783 939 839 983 et
901 930 1099 986 scholis
1147 917 1424 988 doctorem
1471 919 1834 989 Lanfrancum
1883 935 1936 990 in
1985 917 2090 992 hoc

515 1016 846 1072 monasterio
874 1017 1175 1088 przcl‘uisse,
1225 1022 1389 1090 atque
1429 1009 1520 1076 ad
1555 1023 1728 1092 ipsum
1780 1027 1884 1080 non
1934 1033 2090 1081 secus

515 1121 579 1166 ac
601 1105 904 1164 litterarum
952 1111 1370 1168 insta‘uratorem
1405 1129 1470 1168 ex
1500 1115 2088 1187 ‘universa‘propemo-
2126 1158 2128 1160 τ

513 1200 642 1254 dum
685 1199 856 1256 Gallia
882 1242 898 1268 ,
946 1203 1160 1272 Anglia,
1205 1203 1354 1260 Italia
1403 1217 1458 1262 et
1509 1195 1812 1277 Germania
1842 1195 2088 1266 alumnos
2127 1197 2129 1199 ’

512 1285 856 1349 confluxisSe.
887 1295 966 1349 Ex
989 1295 1075 1360 iis,
1098 1312 1259 1366 qrmm
1283 1285 1510 1354 feliciter
1530 1299 1774 1355 societati
1802 1298 2086 1371 religiosae,

509 1397 638 1451 quae
679 1386 932 1456 pietatem
962 1401 1115 1456 aeque
1157 1404 1220 1442 ac
1265 1390 1548 1444 scientiam
1585 1391 1786 1447 excolit
1813 1431 1829 1457 ,
1873 1403 1928 1448 et
1973 1392 2087 1450 aeri

511 1474 691 1532 studio
731 1475 797 1530 ad
835 1491 930 1533 eas
972 1478 1349 1549 adipiscendas
1402 1481 1643 1537 animum
1699 1483 1951 1555 appellit,
1996 1497 2086 1538 res

511 1567 805 1652 succedere
831 1568 1062 1635 soleant,
1087 1570 1338 1641 colligere
1362 1581 1474 1639 est;
1511 1572 1778 1629 inhabitat
1801 1575 1944 1631 enim
1973 1584 2086 1632 tum
2119 1633 2124 1638 ,

507 1657 774 1728 sapientia.
804 1673 1034 1729 quacum
1063 1661 1282 1715 veniunt
1303 1663 1507 1731 pariter
1529 1664 1710 1720 omnia
1741 1665 1901 1735 bona.

529 1765 532 1768 λ
580 1751 665 1806 Ex
689 1745 1216 1827 Codicc’papyraeeo
1245 1754 1571 1812 Chronieum
1599 1758 1741 1813 istud
1768 1765 2084 1828 excerptum

509 1850 615 1906 eat;
633 1845 767 1898 adeo
779 1844 1359 1904 scilicetcontaminate
1371 1859 1670 1914 exaratum,
1685 1859 1760 1914 ut,
1777 1851 1877 1906 nisi
1891 1859 2091 1920 quanto

472 1973 475 1976 .
511 1929 647 2002 lviii,
662 1933 722 1988 Ε.
740 1933 822 2007 Ρ.]
840 1936 942 1990 dici
967 1943 1143 2006 potest
1166 1937 1351 1993 labore
1374 1955 1438 1994 ac
1457 1940 1613 1995 taedio
1631 1939 1733 2012 legi
1748 1941 2089 2012 describique

509 2031 768 2091 potuerit.
804 2025 1008 2080 alendis
1035 2026 1303 2092 scatebat;
1354 2027 1650 2084 dictionum
1694 2030 2090 2101 contractioncs

509 2112 816 2179 percrebrze
837 2122 890 2170 ct
925 2115 1201 2180 obscurae,
1233 2129 1392 2187 atque
1424 2119 1637 2174 inversa
1687 2120 1847 2175 verba
1877 2121 2091 2178 inerant

508 2200 701 2271 plura;
763 2219 870 2276 quo
932 2205 1135 2266 factum
1199 2218 1281 2264 est
1347 2209 1421 2264 uti
1469 2209 1625 2265 nobis
1682 2213 1882 2289 passim
1929 2211 2090 2268 fuerit

506 2291 839 2363 coniecturis
889 2297 1166 2352 utendum.
1211 2297 1429 2363 Certum
1479 2309 1536 2356 et
1577 2302 1661 2356 sui-
1698 2302 1928 2364 similem
1955 2305 2090 2359 scri-

505 2378 668 2438 bendi
717 2385 933 2441 modum
981 2399 1172 2452 auctor
1199 2406 1306 2444 non
1340 2391 1522 2457 habet,
1572 2394 1664 2448 sed
1693 2395 1889 2468 stylum
1916 2403 2090 2459 mutat

505 2473 754 2542 subinde.
801 2479 1100 2554 praesertim
1130 2483 1197 2536 ad
1245 2497 1341 2536 sua
1389 2498 1557 2554 usque
1603 2469 1872 2554 tempora;
1920 2486 2089 2554 (velut

508 2565 820 2636 inspicienti
868 2572 1162 2644 constabit)
1219 2573 1388 2628 multa
1431 2575 1575 2628 enim
1617 2591 1684 2629 ex
1713 2575 1816 2628 BB.
1847 2575 2087 2632 Herluini

505 2663 564 2709 et
607 2655 896 2720 Laufranci
947 2670 1108 2738 atque
1147 2662 1404 2716 abbatum
1449 2663 1795 2718 Bccceusium
1821 2667 1986 2734 gestis
2019 2667 2086 2720 ad

503 2749 730 2808 verbum
757 2752 1117 2819 ctueudicata,
1150 2755 1335 2822 paucis
1360 2754 1650 2824 aliquando
1699 2756 1887 2817 recisis
1935 2756 2086 2812 addi-

505 2837 670 2902 tisve,
703 2841 983 2916 expilavit.
1031 2844 1324 2904 Consilium
1374 2855 1492 2901 erat
1536 2847 1587 2900 id
1619 2847 1869 2904 Chronici
1903 2849 2084 2925 pingui

505 2927 771 2996 Minerva,
823 2942 879 2987 ut
923 2933 1116 3002 aiunt,
1169 2937 1626 3003 consarcinatum,
1675 2946 1730 3001 et
1772 2938 1856 3000 sui
1907 2940 2084 2995 saeculi

505 3021 764 3079 barbarie
807 3018 1146 3095 inquinatum
1183 3030 1498 3101 elegantiori
1545 3033 1686 3103 stylo
1726 3034 2080 3101 conciuiiaie;

505 3125 694 3168 verum
727 3114 795 3168 ab
825 3114 924 3172 hoc
948 3120 1220 3186 proposito
1268 3121 1428 3174 amici
1458 3160 1472 3184 ,
1523 3121 1622 3174 viri
1665 3123 1986 3189 doctissimi,
2030 3137 2085 3179 et

2195 566 2335 621 sulto
2364 566 2422 620 Β.
2461 565 2703 624 Anselmi
2729 566 2938 632 Vitam,
2982 577 3165 639 utpote
3198 569 3472 625 multoties
3503 587 3783 637 excusam.

2195 655 2689 732 praetermisimus)
2756 658 2980 728 perinde
3045 668 3210 730 atque
3295 660 3440 715 illius
3520 661 3784 721 Chronici

2192 746 2656 806 Commentarius:
2683 748 2845 806 malui
2877 764 3110 819 namque
3135 742 3581 822 integras'edere,
3614 771 3784 826 quam

2191 836 2343 891 varia
2401 837 2705 908 fragmenta
2753 833 3224 909 observationibus
3274 833 3478 896 nostris
3529 835 3780 909 insuere;

2191 927 2350 982 sicuti
2392 925 2718 1006 jampridem
2767 929 2820 982 in
2854 929 2986 1003 suis
3036 929 3102 983 ad
3146 928 3402 1006 epistolas
3446 931 3508 986 Β.
3537 923 3784 996 Anselmi

2193 1005 2637 1077 adnotationibus
2683 1011 2938 1094 prmstitit
2982 1008 3219 1078 Joannes
3245 1005 3504 1094 Picardus
3527 1023 3584 1080 S.
3612 1007 3784 1102 Quia-3

2191 1111 2288 1168 tini
2333 1112 2672 1169 Belvacensis
2714 1113 3026 1170 canonicos
3051 1107 3335 1189 regularis,
3367 1115 3434 1172 de
3464 1109 3597 1173 viris
3636 1104 3784 1184 litte.

2191 1203 2326 1259 ratis
2353 1243 2368 1271 ,
2408 1204 2534 1260 dum
2584 1205 2829 1270 viveret,
2880 1212 2936 1260 et
2976 1211 3099 1280 post
3143 1202 3335 1259 funera
3363 1245 3380 1273 ,
3424 1205 3629 1278 optime
3667 1223 3782 1278 meo

2189 1294 2348 1350 ritus.
3078 1295 3081 1297 ’
3692 1285 3714 1290 ﬂ

2259 1385 2441 1441 Vitam
2487 1383 2548 1442 S.
2588 1384 2874 1457 Augustini
2936 1383 3230 1458 Anglorum
3287 1380 3558 1454 apostoli,
3605 1383 3770 1455 primi

2187 1475 2596 1532 Cantuariensis
2625 1474 3021 1546 archiepiscopi
3063 1483 3120 1530 et
3146 1473 3312 1529 totius
3342 1471 3642 1528 Britanniae
3671 1473 3779 1545 pri-

2187 1565 2372 1632 matis,
2423 1580 2492 1620 ex
2539 1565 2711 1620 ruinis
2752 1563 3025 1635 praedictae
3071 1563 3410 1619 bibliothecae
3455 1570 3512 1617 et
3553 1561 3779 1634 pulvere

2188 1663 2455 1726 ereptam,
2500 1653 2862 1724 publicamus,
2910 1651 3344 1724 quandoquidem
3382 1665 3470 1719 ea,
3522 1651 3592 1707 ad
3642 1667 3774 1724 pro-

2187 1744 2425 1800 bandum
2457 1743 2870 1801 Cantuariensis
2921 1743 3506 1815 Eeelesiaa’primatum
3537 1743 3590 1798 in
3639 1743 3778 1798 Ebo-

2123 1832 2166 1892 B
2194 1849 2498 1901 racensem,
2549 1834 2848 1905 srepissime
2899 1827 3039 1891 foret
3086 1834 3464 1906 producenda;
3517 1833 3774 1904 scriptam

2192 1935 2371 1980 autem
2407 1926 2475 1980 ab
2508 1925 2824 1982 amanuensi
2859 1925 2922 1981 B.
2971 1924 3274 1982 Lanfrauco
3332 1939 3588 1997 compare
3639 1925 3776 1982 indi-

2191 2031 2316 2078 cant
2351 2023 2716 2078 characteres.

2264 2111 2566 2168 Novissime
2599 2113 2878 2183 appettdici
2926 2127 3031 2167 non
3089 2111 3339 2181 indignos
3386 2109 3547 2178 luce,
3599 2125 3773 2183 neque

2191 2211 2344 2258 extra
2405 2219 2519 2257 rem
2571 2213 2833 2259 tractatus
2888 2205 3024 2258 duos
3074 2204 3148 2259 De
3195 2203 3540 2258 eucharistiae
3592 2219 3771 2259 sacra-

2195 2303 2375 2347 mento
2424 2303 2613 2348 contra
2663 2293 3069 2365 Bcrcugarinm,
3113 2293 3363 2348 duximus
3394 2293 3768 2362 apponendos;

2192 2383 2386 2438 horum
2437 2395 2690 2439 auctores
2717 2393 2842 2438 sunt
2874 2383 3026 2452 llugo
3076 2382 3436 2455 Liugouensis
3465 2381 3768 2453 episcOpus,

2189 2482 2244 2528 ct
2277 2474 2560 2528 Durandus
2608 2475 2777 2529 abbas
2823 2472 3202 2537 Troarnensis,
3255 2474 3415 2528 anibo
3445 2473 3592 2528 beati
3636 2472 3771 2527 Lan-

2190 2562 2363 2617 franci
2418 2564 2744 2634 syucbroni;
2794 2563 2886 2632 qui
2951 2562 3228 2618 fortissimi
3278 2562 3534 2617 Ecclesia.-
3590 2563 3765 2616 catho-

2189 2649 2306 2713 licae
2360 2651 2560 2706 milites
2608 2652 2709 2706 sub
2756 2653 2944 2707 eodem
2995 2651 3178 2706 labare
3223 2651 3588 2716 dimicarunt,
3633 2651 3766 2706 idem

2191 2741 2360 2797 iniere
2397 2751 2692 2809 certamen,
2747 2744 2995 2798 cumclem
3027 2744 3234 2797 hostem
3275 2741 3515 2813 aggressi
3546 2754 3679 2797 sunt
3719 2751 3767 2796 et

2187 2835 2454 2890 vicerunt.
2483 2835 2554 2890 De
2583 2834 2805 2906 llugone
2821 2844 2874 2890 et
2898 2835 3150 2890 Duraudo
3177 2835 3486 2890 testimonia
3517 2835 3570 2889 in
3599 2833 3770 2890 fronte

2189 2928 2447 2998 Cujusque
2494 2928 2674 2997 operis
2719 2928 3072 2998 prmtiximus,
3119 2927 3240 2982 vide
3280 2927 3324 2981 si
3375 2926 3542 2980 lubet.
3592 2925 3769 2981 Fuerit

2188 3004 2372 3094 operte
2431 3023 2662 3094 pretium
2723 3021 3092 3077 tantummodo
3158 3021 3298 3076 scire
3366 3018 3585 3085 locum,
3639 3019 3765 3089 qui,

2190 3129 2311 3184 pag.
2365 3113 2488 3178 -l02,
2538 3113 2600 3167 D.
2652 3114 2729 3168 sic
2777 3113 2967 3184 incipit
3011 3130 3023 3165 :
3076 3109 3222 3164 Unus
3252 3111 3419 3180 panis,
3450 3126 3614 3162 unum
3663 3123 3768 3161 cor-

507 3203 852 3273 antiquitatis
901 3221 1174 3271 amatores
1217 3223 1583 3282 removerunt,
1635 3216 1777 3290 quod
1826 3217 2082 3282 bislorica

2192 3222 2302 3272 pus,
2333 3214 2464 3270 etc.,
2512 3213 2729 3259 exstare
2778 3204 2917 3274 apud
2961 3211 3206 3256 sanctum
3251 3199 3450 3255 Bedam
3503 3199 3554 3252 in
3605 3199 3626 3252 Ι
3673 3200 3768 3252 Co-

507 3295 710 3358 veritas
733 3307 786 3361 et
817 3315 904 3368 res
935 3317 1130 3381 Ignora:
1170 3319 1274 3358 non
1301 3319 1640 3372 ornamenta,
1671 3323 1794 3380 non.
1821 3307 2085 3371 lenocinia

509 3389 800 3453 verborum
841 3393 894 3447 in
926 3394 1075 3448 hisce
1110 3397 1474 3451 monumentis
1522 3397 1912 3456 desiderarent.
1944 3401 2086 3458 Prte-

511 3488 658 3536 terea
694 3497 816 3538 cum
845 3497 1034 3542 auctor
1079 3487 1167 3542 ille
1198 3490 1432 3544 maxima
1461 3501 1613 3562 parte
1649 3508 1715 3548 ex
1759 3494 2088 3566 cbartophy-

511 3572 652 3627 lacio
679 3574 931 3637 Bcccensi
966 3591 1266 3647 recenseat,
1303 3597 1464 3637 causa
1513 3595 1595 3639 est
1622 3601 1716 3639 cur
1763 3586 1895 3640 nihil
1926 3603 2084 3656 pror-

505 3680 600 3722 sus
630 3666 1110 3733 imniutaverimus.
1149 3671 1374 3730 Brevem
1421 3675 1688 3745 Chronico
1732 3680 2080 3749 appendicem

505 3757 854 3834 subiecimus,
906 3777 1014 3830 quo
1065 3772 1174 3817 tota
1222 3767 1454 3821 coenobii
1501 3767 1784 3824 Becccnsis
1825 3770 2113 3825 abbatum‘

505 3847 675 3902 series
705 3851 890 3914 lectori
923 3852 1290 3909 exhiberetur.

573 3937 786 3994 Addita:
829 3949 976 4006 sunt,
1003 3947 1312 4005 eoruntdem
1345 3947 1640 4013 amicorum
1687 3948 2078 4017 adhortatione,

511 4111 812 4133 ψ’...-

2195 3295 2358 3350 rinth.
2389 3311 2443 3360 χ,
2473 3296 2693 3348 minime
2722 3311 2850 3349 vero
2881 3296 3018 3366 apud
3049 3293 3109 3347 D.
3138 3292 3525 3362 Augustinum;
3555 3287 3766 3343 tametsi

2192 3401 2312 3458 qmc
2341 3395 2639 3454 sequuntur
2667 3385 2825 3440 verba
2855 3369 3096 3456 proxime
3123 3391 3243 3454 post
3265 3381 3538 3447 eumdem,
3570 3380 3765 3445 locum,

2192 3458 2446 3531 nimirum
2505 3477 2574 3531 ab
2637 3476 2704 3532 iis
2757 3491 2771 3529 :
2834 3477 2896 3531 Si
2957 3478 3071 3546 quis
3119 3473 3512 3529 ntauducarerit
3565 3487 3635 3524 ex
3678 3471 3766 3522 hoc

2188 3584 2322 3637 pane
2353 3607 2369 3634 ,
2419 3577 2525 3622 etc.
2557 3607 2572 3632 ,
2630 3575 2860 3629 tractatu
2928 3565 2999 3619 26
3066 3564 3306 3634 ejusdem
3357 3561 3650 3632 Augustini
3716 3560 3765 3613 in

2188 3658 2476 3724 Joannem,
2505 3659 2684 3729 legere
2713 3669 2814 3713 est.
2855 3657 2966 3712 Hoc
2994 3668 3176 3712 nostro
3199 3654 3562 3730 qualicunque
3585 3653 3766 3707 labore

2189 3748 2388 3814 fruere,
2422 3749 2729 3804 Christiane
2763 3749 2951 3812 lector,
3001 3757 3056 3802 et
3104 3747 3221 3801 vale
3271 3747 3324 3800 in
3377 3745 3628 3811 Domino,
3663 3741 3798 3796 'cui‘

2187 3843 2285 3898 soli
2319 3845 2490 3898 honor
2514 3851 2568 3898 et
2603 3841 2771 3912 g'oria
2800 3842 2850 3896 iu
2874 3851 3155 3904 aeternum.
3183 3840 3377 3893 Amen.

1198 4293 1200 4296 ’
1257 4275 1607 4401 VITA
1696 4276 2108 4396 BEATI

2214 4277 3019 4401 LANFRANCI

1574 4497 2092 4579 ARCHIEPISCOPI
2127 4495 2700 4564 CANTUARIENSIS,

954 4654 1225 4725 Auctore
1263 4651 1874 4728 MILONE-CRISPINO,
1905 4654 2220 4718 monacho
2253 4661 2316 4717 et
2355 4661 2613 4719 cantore
2649 4655 2978 4732 Beccensi,
3015 4658 3311 4738 subpari.

1375 4815 1651 4893 (Manum,
1683 4816 1816 4868 Acta
1849 4813 1955 4871 SS.
1991 4815 2122 4874 0rd.
2157 4816 2218 4872 S.
2251 4817 2341 4882 B.,
2368 4831 2492 4874 saec.
2526 4819 2614 4882 Vl,
2645 4835 2771 4890 pars
2794 4820 2879 4889 lt.)

2019 4975 2229 4990 μ·-

1449 5091 2289 5170 OBSERVATIONES
2368 5091 2811 5172 PRIEVIZE.

571 5228 622 5283 1.
656 5227 783 5282 Milo
807 5227 1104 5289 monachus
1123 5234 1180 5281 et
1201 5237 1393 5281 cantor
1418 5225 1706 5282 Beccensis
1737 5235 2073 5290 monasterii,
2113 5233 2156 5285 ι)
2184 5237 2359 5292 rente,
2384 5243 2505 5280 cum
2532 5227 2774 5296 pluribus
2799 5228 2919 5284 aliis
2945 5229 3146 5286 audivi.
3185 5251 3203 5283 ι
3237 5231 3429 5301 Porro,
3455 5237 3555 5292 etsi
3585 5237 3754 5308 ipsum

497 5331 568 5376 ex
580 5316 742 5372 nobili
755 5315 1128 5388 Crispinorum
1157 5315 1355 5370 familia
1367 5327 1540 5381 ortus,
1554 5314 1620 5369 de
1635 5315 1806 5386 quain
1824 5315 2074 5370 observa-

409 5393 416 5396 n
493 5405 744 5464 tioribus
770 5406 836 5460 ad
866 5407 1008 5462 beati
1042 5404 1280 5460 l'lerluiui
1307 5405 1483 5461 Vitam
1515 5397 1744 5474 egimus,
1769 5404 1912 5460 beati
1937 5403 2073 5458 Lan-

497 5495 673 5559 frauci
707 5494 880 5555 Vitam
909 5497 1104 5553 litteris
1146 5495 1438 5549 mandavit.
1469 5495 1598 5570 Ejus
1625 5505 1838 5554 mtatem
1865 5512 1932 5551 ex
1970 5496 2072 5554 hac

498 5589 617 5665 ipsa
647 5587 764 5643 Vita
792 5587 1112 5660 colligimus,
1143 5571 1233 5642 ubi
1262 5588 1436 5657 capite
1463 5587 1551 5652 M,
1580 5585 1807 5656 loquens
1831 5588 1896 5642 de
1927 5587 2069 5646 beati

498 5677 792 5739 laniranci
833 5681 1077 5747 diacono,
1108 5681 1199 5752 qui
1231 5695 1262 5735 a
1292 5679 1533 5734 daemone
1577 5689 1825 5752 arreptus
1873 5679 2070 5746 fuerat,

499 5768 579 5831 sit:
601 5766 764 5832 liabet
790 5785 804 5826 :
834 5788 852 5822 ‹
881 5769 1015 5837 Hoc,
1051 5770 1206 5828 beato
1231 5767 1484 5840 Auselmo
1528 5769 1908 5840 archipracsule
1937 5769 2068 5826 refe-

2186 5328 2314 5378 ante
2357 5316 2644 5373 Laufranci
2677 5320 2882 5374 obitum
2933 5319 2986 5374 in
3023 5321 3160 5376 vivis
3194 5321 3357 5378 fuisse
3393 5341 3496 5379 non
3544 5327 3754 5381 dubite-

2183 5425 2324 5474 mus,
2355 5408 2648 5464 verisimile
2690 5418 2866 5464 tamen
2908 5419 2992 5466 est
3029 5413 3095 5466 ab
3127 5427 3191 5468 eo
3218 5413 3581 5471 Lanfrancum
3622 5433 3754 5471 nuc-

2180 5517 2341 5576 qoam
2373 5500 2546 5555 visum
2571 5500 2756 5567 fuisse,
2786 5502 2926 5570 quod
2961 5518 3026 5558 ex
3056 5502 3171 5572 ejus
3213 5505 3440 5576 prologo
3463 5517 3628 5576 patet,
3663 5507 3751 5563 ubi

2180 5591 2257 5644 ait
2296 5607 2354 5646 se
2384 5606 2444 5646 ea
2475 5606 2592 5660 quite
2639 5600 2957 5648 narraturus
2999 5603 3083 5648 est
3133 5610 3199 5648 cx
3233 5587 3474 5650 llcrluiui
3514 5597 3630 5652 Vita
3663 5611 3750 5650 ex-

2181 5681 2471 5751 cerpsisse,
2519 5692 2610 5735 aut
2657 5691 2804 5737 certe
2857 5698 2924 5738 ex
2975 5683 3185 5753 iisquae
3241 5704 3258 5736 ι
3291 5701 3320 5738 a
3355 5687 3749 5743 venerabilibus

2184 5789 2247 5830 ac
2277 5773 2558 5831 veracihus
2613 5774 2742 5829 viris
2790 5775 3080 5846 audierat;
3147 5796 3165 5829 ι
3218 5786 3271 5832 et
3314 5779 3473 5848 paulo
3522 5779 3747 5838 inferius
