3954 6306
166 290 235 353 21

172 498 407 553 dicenda
444 498 623 555 forent
649 503 839 561 audire
888 508 1061 577 potui.
1095 529 1114 563 ι
1152 510 1304 568 Haud
1336 514 1559 573 dubium
1603 498 1799 591 quini

172 589 220 643 si
246 589 562 660 .aliquando
593 593 667 649 illi
703 596 994 667 ipsummet
1044 602 1408 662 Lanfrancqu
1438 589 1637 668 audire—
1667 625 1764 670 aut

170 683 367 740 videre
398 684 594 743 fuisset
621 690 831 758 datum,
868 695 919 750 id
937 697 1003 752 ad
1026 704 1453 771 comparandam
1491 724 1605 765 suae
1633 727 1762 769 nar-

174 771 375 828 rationi
403 778 782 836 auctoritatem
809 798 914 840 non
949 787 1282 848 reticuisset.

247 862 307 918 2.
338 863 504 920 Multa
558 879 689 925 sunt
719 887 839 943 quae
880 874 1176 937 Lanfranci
1227 885 1423 942 merita
1471 888 1762 960 plurimum

174 959 588 1026 commendant,
646 971 762 1019 tum
827 964 883 1022 in
920 985 1047 1025 .rem
1102 959 1488 1048 monasticam,
1544 991 1657 1039 tum
1705 985 1762 1041 in

178 1043 526 1118 litterariam,
560 1059 673 1107 tum
720 1056 887 1112 etiam
937 1058 989 1115 in
1022 1060 1326 1121 Ecclesiam
1377 1043 1762 1129 universalem.

182 1134 253 1193 Ut
275 1154 305 1191 ει
328 1139 491 1195 rebus
512 1146 829 1202 monasticis
852 1164 1131 1209 sumamus
1150 1158 1460 1227 exordium,
1490 1160 1767 1221 Beccense

185 1227 396 1299 insigne
436 1238 852 1308 monasterium,
879 1241 924 1296 si
956 1258 1062 1299 non
1094 1246 1142 1301 ei
1190 1247 1614 1319 institutionem,
1658 1255 1765 1310 sal-

184 1326 292 1375 tem
343 1321 741 1383 incrementum
798 1339 853 1386 et
918 1335 1270 1395 stabilitatem
1335 1344 1517 1401 debet.
1581 1346 1775 1405 Alium.

183 1410 344 1479 hujus
378 1414 458 1469 rei
485 1425 679 1474 testem
734 1421 1001 1481 adbibere
1045 1445 1265 1488 necesse
1312 1450 1417 1489 non
1448 1446 1534 1492 est
1567 1450 1766 1509 praeter

180 1500 505 1562 lierluinum
554 1509 752 1581 ipsum,
810 1517 903 1585 qui
955 1524 1238 1579 asserebat
1275 1541 1335 1582 se
1370 1544 1400 1581 a
1441 1527 1549 1585 Deo
1580 1532 1765 1589 multis

176 1588 441 1666 lacrymis
462 1600 774 1668 postulasse
809 1615 864 1661 et
918 1609 1243 1679 impetrasse
1276 1614 1676 1685 Lanfrancum,
1704 1630 1764 1677 ut

175 1688 576 1744 monasterium
628 1707 809 1759 suum,
864 1700 931 1754 ad
972 1704 1115 1771 quod
1167 1715 1318 1762 recte
1366 1708 1764 1779 instituendum

176 1770 446 1846 imparem
482 1796 607 1838 sese
637 1788 897 1844 censebat
940 1792 1022 1847 vir
1074 1806 1319 1865 sanctus,
1373 1797 1489 1868 ejus
1530 1802 1759 1858 consilio
1793 1784 1836 1842 Β

173 1875 230 1921 et
255 1885 427 1949 opera
471 1876 915 1937 conﬁrmaretur.
956 1903 974 1936 ι
1017 1884 1304 1956 Multoties,
1338 1890 1616 1963 inquiebat
1648 1893 1759 1960 ille,

169 1954 546 2021 Lanfrancum
575 1967 750 2038 ipsum
777 1972 1078 2041 alloquens,
1108 1993 1207 2048 per
1260 1954 1485 2052 magu'os
1530 1984 1761 2054 gemitus

169 2044 341 2104 Deum
386 2057 592 2123 rogavi,
648 2059 937 2119 uberrimis
992 2064 1249 2138 lacrymis
1308 2070 1507 2127 divinte
1559 2073 1763 2142 suppli-

167 2141 288 2196 cavi
321 2144 715 2207 misericordia:
739 2163 795 2208 ut
824 2155 986 2212 talem
1043 2160 1177 2213 mihi
1223 2161 1401 2217 virum
1451 2172 1760 2234 praastaret,

167 2232 335 2301 cujus
390 2240 621 2297 consilio
644 2253 699 2299 et
721 2246 924 2303 auxilio
979 2248 1157 2305 locum
1198 2252 1360 2307 istum
1388 2256 1759 2324 emendarem,

164 2332 223 2379 et
269 2341 400 2395 quze
452 2330 565 2386 Deo
623 2344 809 2390 essent
870 2338 1071 2407 placita
1128 2344 1520 2399 monachorum
1577 2346 1765 2402 usibus

165 2413 568 2475 instaurarem.
614 2422 682 2478 Et
709 2429 950 2495 quando,
1012 2430 1186 2487 frater
1216 2433 1548 2500 Lanfrance,
1577 2437 1684 2492 huc
1712 2446 1765 2492 te

169 2508 321 2565 Deus
373 2514 623 2579 adduxit,
666 2533 862 2587 preces
910 2523 1235 2580 humilitatis
1293 2542 1427 2585 mea:
1479 2529 1791 2585 exauditus

168 2599 404 2656 credidi.
434 2620 455 2655 ι
486 2604 552 2659 Ει
593 2621 650 2661 re
718 2609 938 2679 quidem
984 2629 1111 2669 vera
1150 2617 1395 2673 Herluini
1446 2636 1597 2691 spem
1654 2637 1762 2675 non

170 2685 365 2745 fefellit
391 2703 657 2763 eventus;
690 2714 817 2754 nam
846 2702 1019 2772 ipsius
1062 2704 1356 2763 Lanfranci
1400 2685 1566 2780 opera
1596 2710 1761 2766 Becci

172 2785 569 2841 monasterium
601 2803 665 2843 ex
697 2792 1019 2849 tenuissimo
1072 2796 1486 2855 celeberrimum
1537 2819 1763 2860 numero

174 2875 593 2944 monachorum,
626 2880 835 2951 pietate
857 2893 911 2939 et
944 2887 1195 2944 doctrina
1240 2889 1563 2958 illustrium,
1595 2903 1761 2963 atque

174 2962 337 3018 etiam
376 2970 759 3039 temporalium
783 2973 1051 3032 bonormn
1074 2979 1353 3039 atiluentia
1376 2983 1552 3039 evasit
1576 2999 1590 3049 ;
1616 2962 1762 3054 quod

174 3065 236 3106 ex
260 3058 657 3128 subsequentis
690 3063 827 3121 Vitae
856 3076 1116 3125 contextu
1145 3072 1341 3128 melius
1370 3074 1596 3143 patebit.
1622 3075 1759 3142 Quid

174 3142 240 3200 de
289 3146 615 3208 Cadomensi
670 3154 902 3228 utroque
970 3163 1303 3218 monasterio
1371 3142 1761 3233 proferamus?

175 3250 403 3306 quorum
463 3242 695 3300 alterum
729 3247 783 3303 in
832 3249 1092 3305 honorem
1138 3254 1312 3310 sancti
1372 3254 1633 3325 Stephani
1663 3272 1789 3327 pro

177 3334 484 3401 monachis,
520 3336 755 3394 alterum
809 3340 863 3396 in
911 3342 1174 3399 honorem
1224 3355 1441 3411 saneta:
1478 3346 1763 3402 Trinitatis

158 3433 272 3489 ,pro
297 3426 840 3498 sanctimonialibus,
869 3448 897 3486 a
924 3433 1214 3490 Guillelmo
1268 3437 1404 3493 duce
1432 3438 1675 3493 construi
1709 3448 1765 3494 et

178 3510 344 3570 dotari
367 3522 693 3589 procuravit
715 3521 1077 3579 Lanfrancus.
1102 3525 1235 3580 Cum
1265 3528 1411 3582 enim
1451 3528 1763 3599 illegitimas

178 3598 333 3671 hujus
362 3609 636 3678 principis
668 3612 887 3680 nuptias
943 3616 1246 3684 approbare
1295 3598 1589 3680 renuisset,
1621 3618 1765 3673 obti-

181 3696 290 3750 nuit
333 3708 393 3755 ut
443 3716 535 3757 res
591 3704 658 3757 ad
699 3703 1006 3761 Romanum
1067 3709 1380 3778 pontificem
1434 3710 1760 3774 deferretur,

184 3784 607 3858 dispensationis
655 3796 965 3853 obtinendae
994 3800 1189 3870 gratia,
1229 3816 1391 3869 quam
1424 3800 1537 3866 ille,
1568 3811 1765 3872 agente

182 3872 485 3939 Lanfraneo
546 3885 779 3941 Villelmi
833 3887 1003 3957 ipsius
1038 3944 1041 3947 ,
1082 3889 1281 3959 legato,
1331 3907 1396 3946 ea
1448 3892 1764 3946 conditione

184 3976 471 4039 concessit,
516 3985 575 4030 ut
628 3978 734 4032 duo
776 3980 1107 4035 monasteria
1142 3982 1192 4035 in
1245 3982 1442 4052 piaculi
1498 3983 1763 4053 expiatio-

187 4070 305 4114 nem
360 4067 758 4122 conderentur.
819 4068 1035 4125 Perstat
1102 4072 1418 4128 etiamnunc
1473 4085 1765 4145 utrumque

187 4148 279 4203 sub
306 4155 499 4209 ordine
526 4165 736 4224 nostro,
772 4158 839 4212 de
867 4161 1064 4229 quibus
1106 4161 1225 4216 fuse
1274 4172 1444 4233 agunt
1491 4165 1762 4221 Acherius

186 4249 361 4296 noster
412 4247 468 4301 in
522 4249 664 4303 notis
712 4251 781 4303 ad
828 4250 1117 4306 Lanfranci
1174 4250 1374 4320 Vitam,
1426 4262 1481 4308 et
1527 4254 1761 4310 Arturus

191 4323 609 4409 Monsteriusin
669 4332 925 4393 Neustria
970 4341 1093 4409 pia;
1133 4356 1200 4395 ex
1241 4342 1326 4397 his
1367 4346 1759 4398 monasterium

1313 310 1493 369 VITA.
1537 347 1603 357 —-
1638 317 1933 382 OBSERV.
1967 328 2292 393 PRASVLE.
2368 382 2371 385 -
2468 340 2475 347 ’

171 404 499 480 suhjungit:
537 424 557 461 ι
613 409 679 465 Et
706 410 772 468 de
801 411 887 469 his
935 416 1153 486 quidem
1218 436 1325 480 non
1386 428 1570 485 omnia
1630 447 1752 502 quae
1783 441 1835 500 Α
1868 443 1994 501 talis
2047 448 2278 519 vigilans
2328 467 2476 521 cura,

3372 340 3441 413 22

2528 453 2656 512 cum
2701 460 2994 518 maximam
3062 448 3479 527 auctoritatem"

1867 540 2147 606 sapientiae
2177 545 2386 613 pariter
2408 562 2475 603 ac
2524 544 2829 609 sanctitatis
2884 564 3239 628 praerogativa
3291 581 3441 621 com-

1867 629 2103 697 paravit,
2135 636 2486 693 securitatem
2510 655 2617 695 non
2648 657 2871 711 parvatn
2911 648 3131 716 optimm
3181 653 3446 709 sollicito.

1864 720 1979 777 dini
2009 725 2348 792 promittere.
2382 729 2670 804 Ipsum'pia
2700 736 2933 806 quadam
2961 739 3215 798 violentia
3250 760 3439 801 mona-

1796 826 1799 829 ·
1867 813 2019 869 sterii
2070 815 2426 874 Cadomeusis
2490 822 2741 880 abbatem
2816 830 3028 896 statuit,
3109 848 3213 887 non
3263 836 3444 891 minus

1868 906 2229 965 reluctantem
2260 910 2614 980 subjectionis
2653 931 2840 975 amore
2864 933 3026 989 quam
3073 922 3282 979 altioris
3311 940 3437 993 gra-

1864 998 1965 1055 dus
2023 999 2234 1057 timore.
2286 1002 2467 1060 Multis
2516 1006 2710 1064 deinde
2783 1012 3240 1080 possessionibus,
3310 1016 3475 1070 item'

1866 1104 2110 1165 argento,
2168 1113 2326 1165 auro,
2374 1099 2710 1173 diversisque
2760 1106 3099 1163 ornamentis
3157 1108 3471 1165 monaste?

1868 1184 2010 1241 rium
2039 1187 2180 1244 idem
2202 1188 2566 1260 locupletavit,
2610 1211 2631 1247 ι
2660 1202 2768 1250 etc.

1938 1276 1991 1331 3.
2026 1277 2380 1348 Lanfrancus,
2444 1284 2514 1339 ad
2568 1283 3015 1344 Cantuariensem
3084 1289 3479 1361 arebiepiscor

1867 1375 2053 1437 patum
2084 1381 2386 1439 promotus,
2422 1372 2630 1441 majora
2658 1376 2808 1432 dedit
2837 1378 2890 1433 in
2925 1393 3038 1435 rem
3082 1382 3445 1440 monasticam
3474 1462 3477 1465 ν

1867 1461 2244 1529 propensionis
2283 1479 2394 1520 sua:
2440 1480 2782 1537 argumenta.
2820 1470 2973 1527 'l‘unc
3020 1474 3219 1545 quippe
3258 1491 3447 1530 mona-

1866 1552 2006 1617 chis,
2034 1555 2336 1627 praecipuas
2361 1558 2641 1629 Anglicani
2667 1564 2818 1632 regni
2860 1564 3121 1621 ecclesias
3154 1569 3449 1626 cathedrae

1866 1642 1948 1699 les
1972 1649 2388 1716 occupantibus,
2430 1650 2755 1708 invidebant
2774 1654 2984 1722 clerici,
3017 1658 3259 1728 nihilque
3281 1673 3443 1717 omit-

1870 1736 2075 1801 tebant,
2126 1753 2453 1809 quacunque
2501 1742 2628 1797 data
2679 1745 2989 1813 occasione,
3039 1759 3098 1803 ut
3125 1765 3219 1804 eos
3258 1752 3327 1806 ab
3375 1751 3443 1807 iis

1866 1827 2120 1884 ecclesiis
2158 1832 2535 1899 exturbarent,
2571 1836 2919 1895 immemores
2951 1839 3092 1895 hanc
3136 1841 3306 1899 fuisse
3335 1846 3447 1915 pri-

1867 1943 2010 1982 mam
2040 1929 2352 2001 Anglicanee
2394 1933 2655 1993 Ecclesiae
2692 1940 3034 2011 disciplinam
3072 1943 3140 1997 ab
3174 1942 3288 2009 ipso
3319 1956 3449 1996 san-

1867 2028 1956 2076 eto
1998 2022 2324 2093 Augustino,
2380 2029 2469 2097 qui
2518 2045 2639 2085 cum
2689 2033 2853 2087 sociis
2883 2034 2995 2088 suis
3041 2035 3250 2089 ordinis
3279 2032 3449 2115 nostri

1870 2117 2159 2172 monachis
2184 2118 2543 2190 Anglicanam
2574 2132 2788 2193 gentem
2824 2123 2888 2177 ad
2925 2123 3084 2179 ﬁdem
3125 2126 3447 2185 adduxerat,

1867 2204 2197 2264 institutam.
2224 2209 2543 2293 Opportuna
2576 2216 2694 2270 visa
2738 2215 2838 2271 fuit
2889 2216 3103 2272 clericis
3146 2216 3363 2273 occasio
3392 2216 3448 2271 in

1867 2310 2013 2357 tanta
2062 2320 2243 2360 rerum
2290 2309 2594 2364 mutatione
2632 2310 2992 2381 persuadendi
3055 2325 3193 2365 novo
3246 2310 3359 2380 regi
3392 2319 3481 2397 uti

1869 2396 2096 2450 clericos
2126 2399 2409 2453 monachis
2437 2400 2492 2453 in
2522 2400 2766 2457 ecclesiis
2812 2401 3213 2456 cathedralibus
3247 2400 3446 2456 substi-

1792 2502 1795 2505 λ
1869 2495 2065 2543 tucret.
2099 2488 2164 2543 Et
2187 2490 2405 2559 quidem
2431 2509 2526 2548 sua
2548 2508 2643 2559 eos
2669 2510 2777 2551 non
2807 2495 3084 2553 fefellisset
3112 2497 3318 2567 opinio,
3341 2496 3445 2551 uisi

1869 2579 2205 2637 Lanfrancus
2238 2599 2425 2639 eorum
2462 2587 2744 2643 conatibus
2790 2589 2917 2643 totis
2956 2588 3164 2644 viribus
3216 2587 3447 2643 restitis~

1865 2682 1968 2728 set.
2000 2676 2316 2734 Guillelnms
2350 2682 2548 2753 quippe
2572 2699 2663 2739 rex
2687 2672 2987 2756 episcopos,
3018 2699 3155 2755 quos
3179 2685 3230 2738 in
3256 2672 3477 2753 Anglia

1867 2766 1933 2821 de
1957 2784 2099 2822 novo
2130 2774 2508 2838 constituerat,
2536 2791 2726 2832 omnes
2745 2792 2883 2848 pene
2903 2768 3235 2833 ex'clericali
3258 2777 3473 2847 ordine_

1865 2858 2122 2932 elegerat.
2146 2865 2235 2934 qui
2260 2866 2485 2934 proinde
2510 2868 2830 2925 clericorum
2854 2868 3139 2925 conatibus
3165 2869 3445 2932 favebant,

1863 2961 1957 3007 aut
1986 2967 2120 3011 sane
2162 2973 2267 3012 non
2300 2958 2523 3013 nmltmn
2560 2963 3008 3026 adversabantur,
3038 2962 3180 3017 unde
3209 2977 3293 3016 res
3318 2961 3449 3031 ipsis

1866 3046 2003 3101 adeo
2038 3048 2343 3106 indubitata
2388 3053 2689 3122 videbatur,
2730 3073 2748 3105 ι
2784 3066 2842 3109 ιιι
2865 3054 3212 3109 Valchclinus
3242 3053 3452 3123 episeo~

1792 3126 1833 3184 C
1868 3155 1967 3210 pus
1993 3141 2418 3212 Wintoniensis,
2452 3166 2471 3198 ι
2508 3147 2679 3216 inquit
2715 3147 3043 3214 Eadmerus,
3077 3147 3166 3201 lib.
3208 3161 3248 3208 ι,
3286 3164 3303 3196 ι
3334 3146 3449 3216 jam

1869 3233 2136 3290 adunatos
2178 3251 2316 3305 pene
2356 3239 2718 3309 quadraginta
2769 3240 3014 3301 clericos,
3060 3237 3469 3322 canonicorum.

1868 3340 2023 3381 more
2080 3320 2305 3383 tonsura
2356 3344 2421 3383 ac
2471 3341 2619 3385 veste
2673 3332 2956 3386 redimitos
3015 3331 3263 3394 haberet,
3312 3341 3457 3407 quos

1866 3415 2056 3487 ejectis
2102 3420 2386 3476 monachis
2434 3420 2719 3477 Wentauae
2765 3422 3008 3476 ecclesia:
3059 3422 3147 3477 cui
3194 3420 3451 3491 praeside-

1868 3512 1963 3566 bat
2001 3527 2125 3567 mox
2154 3512 2561 3569 intromitteret.
2603 3534 2621 3567 ι
2657 3516 2816 3570 Solus
2837 3506 3118 3585 Supererat
3150 3526 3450 3569 consensus

1869 3599 2159 3656 Lanfranci
2228 3602 2578 3670 obtinendus,
2621 3620 2783 3677 quem
2851 3605 3058 3675 absque
3120 3602 3337 3674 negotio
3389 3616 3459 3677 se,

1870 3692 2287 3761 impetraturum
2342 3696 2683 3755 autumabat.
2706 3695 2786 3763 ¹Αι
2818 3710 2905 3755 res
2942 3695 3101 3769 longe
3129 3694 3290 3755 aliter
3317 3708 3457 3773 eve:

1870 3770 1973 3850 nit,
2027 3793 2087 3838 ut
2141 3786 2492 3856 prosequitur
2540 3786 2881 3853 Eadmerus;
2932 3806 2953 3847 ι
2982 3804 3107 3843 nam
3160 3788 3251 3843 ubi
3302 3790 3463 3862 quod

1872 3875 2162 3945 episcopus
2218 3876 2504 3933 moliretur
2552 3878 2796 3934 insonuit
2839 3880 3059 3935 auribus
3103 3878 3241 3947 ejus,
3301 3879 3446 3933 illico

1869 3965 2082 4022 facinus
2117 3969 2419 4036 exhorruit,
2455 3961 2556 4025 nec
2583 3984 2659 4035 se,
2694 3972 2821 4025 dum
2851 3972 3079 4037 viveret,
3106 3982 3165 4025 ut
3193 3970 3445 4026 effectum

1869 4063 2249 4129 quoquomodo
2276 4061 2400 4116 talis
2422 4062 2714 4118 voluntatis
2744 4064 3015 4119 obtineret
3046 4078 3461 4139 consensurnm.

1868 4152 2120 4205 asseruit.
2163 4172 2182 4204 ι
2218 4152 2381 4208 Multo
2404 4155 2619 4224 gravior
2641 4156 2738 4210 fuit
2775 4157 2826 4210 in
2856 4157 3151 4211 monachos
3185 4155 3459 4225 procella,

1868 4257 1991 4297 cum
2032 4244 2099 4297 de
2139 4243 2437 4313 primatiali
2489 4244 2797 4301 Cantuarizc
2829 4246 3275 4311 Ecclesiaactum
3318 4246 3441 4308 fuit,

1870 4333 2209 4401 proindeque
2254 4333 2447 4402 majori
2499 4337 2565 4389 ad
2617 4350 2736 4388 eam
2797 4335 3092 4389 sedandam
3134 4336 3443 4393 constantia

191 4411 364 4476 Sancti
433 4426 701 4496 Stephani
764 4429 1007 4482 virorum
1075 4441 1273 4483 nostra:
1342 4432 1755 4501 congregationi
1788 4467 1843 4525 Β
1867 4438 2001 4492 opus
2028 4424 2596 4525 babuitﬂLanfrancu-s;
2629 4426 2722 4484 sed
2744 4442 2867 4481 eum
2900 4442 2999 4481 nec
3029 4426 3167 4496 regis
3196 4430 3438 4488 auctori—

189 4502 363 4565 Sancti
388 4514 560 4569 Mauri
588 4516 701 4586 jam
745 4517 812 4571 ab
841 4517 1050 4587 aliquot
1080 4520 1238 4572 anuis
1288 4518 1602 4586 adjunctum
1637 4520 1757 4573 fuit.

190 4593 260 4652 De
288 4603 433 4673 cujus
482 4611 802 4665 monasterii
859 4612 1174 4667 conditione
1223 4621 1278 4667 et
1326 4614 1394 4691 de
1424 4613 1775 4691 Lanfranco”

191 4703 339 4760 (luem
377 4703 425 4756 ei
448 4686 775 4760 Guillelmus
811 4706 911 4760 loci
947 4703 1201 4761 fumlator
1230 4707 1465 4776 primum
1504 4707 1756 4787 abbatem

188 4788 439 4859 meeeit,
482 4796 564 4851 sic
609 4797 851 4867 loquitur
909 4798 1101 4853 Petrus
1136 4798 1510 4865 Pictaviensis,
1567 4809 1758 4856 auctor

190 4880 415 4948 aequalis,
449 4888 503 4941 in
531 4887 701 4957 ipsius
741 4888 1009 4944 Guillelmi
1042 4888 1221 4944 Gestis
1262 4907 1275 4943 :
1312 4907 1329 4940 ι
1367 4888 1752 4956 Lanfraneum,

191 4959 375 5037 il"Nil,
402 4978 714 5044 quemdam,
745 4979 812 5033 de
834 4994 943 5048 quo
974 4979 1120 5032 venit
1153 4979 1206 5032 in
1250 4979 1426 5043 litem,
1457 4979 1650 5049 plusne
1686 4980 1756 5033 sit

192 5060 404 5117 meritus
438 5069 796 5123 reverentiam
839 5080 1003 5140 atque
1032 5070 1257 5141 gloriam
1311 5070 1651 5128 sazcularium
1692 5087 1755 5125 ac

193 5138 485 5210 divinarum
513 5156 821 5213 litterarum
878 5138 1142 5230 singulari
1198 5159 1419 5230 peritia,
1450 5175 1517 5214 an
1549 5161 1755 5215 ordinis

195 5243 481 5301 monachici
521 5249 783 5320 singulari
829 5250 1195 5315 observantia,
1232 5253 1419 5307 intima
1470 5252 1755 5306 familiari-

198 5329 298 5379 ωε
322 5328 631 5395 Guillelmus
657 5340 894 5407 colebat,
920 5353 979 5396 ut
1005 5354 1212 5412 patrem
1236 5358 1526 5407 venerans,
1560 5357 1753 5397 verens

198 5421 251 5505 ξι
276 5431 671 5499 Ρτὶερερῑονθιη,
706 5424 936 5503 diligens
972 5443 1031 5489 ut
1054 5449 1371 5503 germanum
1396 5443 1489 5489 aut
1519 5435 1749 5505 prolem.

198 5498 268 5558 illi
289 5498 522 5576 consulta
576 5524 773 5580 anima:
815 5539 948 5589 suae,
990 5524 1061 5578 illi
1110 5525 1384 5594 speculam
1436 5520 1767 5595 quamdam,

202 5599 331 5656 unde
364 5610 641 5671 ordinibus
670 5616 1055 5673 ecclesiasticis
1088 5631 1184 5687 per
1218 5633 1434 5673 omnem
1481 5610 1769 5672 Norman?

201 5684 333 5749 illam
361 5704 780 5774 pr05piceretur,
812 5684 1105 5763 commisit.
1164 5706 1347 5762 Potuit
1383 5723 1615 5778 namque
1649 5707 1750 5764 viri

1870 4523 1972 4579 tas,
2024 4530 2125 4569 nec
2162 4515 2403 4579 aliorum
2470 4518 2775 4589 priuetpum
2841 4533 3144 4577 consensus
3201 4536 3441 4589 unquam

1864 4604 2132 4660 adducere
2166 4616 2457 4678 potuerunt
2496 4617 2552 4661 ut
2583 4609 2978 4663 monachorum
3031 4625 3091 4664 ex
3127 4625 3190 4669 ea
3241 4609 3457 4681 Eccle-l

1863 4678 1943 4752 sia
1975 4695 2276 4767 cxpulsioni
2304 4698 2667 4764 consentiret;
2691 4718 2708 4750 ι
2743 4698 2870 4765 ἱιιιο,
2912 4700 3088 4775 inquit
3116 4699 3436 4766 Eadmerus,

1862 4803 1931 4844 ne
1982 4798 2103 4859 post
2151 4789 2358 4844 obitum
2416 4805 2571 4862 suum
2600 4790 2790 4855 fieret,
2840 4792 2983 4860 quod
3029 4806 3086 4845 se
3148 4794 3442 4863 superstite

1861 4881 2071 4936 sciebat
2099 4896 2195 4950 per
2226 4880 2490 4935 auxilium
2519 4883 2614 4937 Dei
2648 4898 2992 4954 nequaquam
3028 4886 3437 4954 perliciendum,

1860 4972 2115 5027 nesciens
2147 4972 2339 5026 mortis
2392 4987 2505 5027 sua)
2558 4973 2700 5028 diem
2735 4974 2818 5028 vel
2843 4975 3051 5041 horam,
3084 4974 3191 5045 egit
3226 4976 3455 5059 sagaci--

1863 5073 1972 5118 tate
2024 5073 2080 5118 et
2126 5064 2389 5119 industria
2466 5081 2606 5136 qua.
2644 5066 2918 5136 pollebat,
2991 5076 3049 5121 ut
3113 5068 3459 5149 auctoritate:

1859 5154 2118 5209 Romana:
2154 5162 2210 5210 et
2238 5156 2559 5226 apostolica:
2584 5158 2751 5223 sedis,
2783 5160 3175 5214 monachorum
3227 5159 3440 5212 habita-

1860 5244 1934 5299 tio
1972 5244 2025 5297 in
2065 5245 2255 5299 eadem
2282 5245 2512 5300 ecclesia
2553 5245 2983 5310 confirmaretur,
3013 5256 3066 5301 et
3094 5246 3455 5323 inconvulsa,

1857 5336 1989 5390 dum
2019 5336 2273 5392 sreculnm
2301 5338 2552 5403 duraret,
2585 5335 2636 5392 in
2663 5348 2984 5409 perpetuum
3014 5334 3458 5405 stabilireturu'

1859 5427 2055 5481 Exstat
2080 5442 2142 5483 ea
2177 5428 2245 5483 de
2270 5444 2328 5483 re
2373 5428 2667 5484 Alexandri
2709 5430 2751 5483 ll
2780 5445 2931 5500 papa:
2980 5430 3257 5486 decretum
3294 5434 3437 5487 inter

1858 5518 1995 5573 alias
2050 5519 2212 5589 hujus
2263 5519 2544 5591 pontificis
2594 5521 2873 5591 epistolas,
2939 5524 3081 5593 quod
3135 5516 3451 5580 Eadmcrus

1861 5618 2063 5689 aliique
2091 5628 2347 5673 auctores
2386 5618 2667 5688 integrum
2690 5618 2804 5672 suis
2826 5618 3041 5691 scriptis
3062 5620 3447 5679 inseruerunt-

1859 5711 2069 5769 Exinde
2099 5709 2484 5775 Beuedictiuus
2532 5709 2670 5766 ordo
2701 5711 2753 5771 in
2794 5711 3171 5775 Cantuaricusi
3202 5712 3432 5783 aliisque
