4034 6290
358 341 432 398 23

1362 338 1427 396 Β.
1467 339 1858 397 LW‘RANCI
1892 338 2239 397 CANTHAR.
2281 339 2593 397 ARCHIEP.

3543 339 3617 394 24

363 451 781 531 quamplurimis
801 451 1014 525 Anglia:
1049 454 1203 525 regni
1232 454 1485 512 ecclesiis
1529 454 1937 513 eathedralihus
1970 463 2011 519 Λ
2042 466 2147 511 ret.
2198 453 2400 527 Viginti
2451 452 2692 528 quinque
2744 456 2987 513 maneria
3020 476 3036 511 ι
3070 471 3137 514 ει
3169 456 3235 513 iis
3283 465 3614 514 enumerant

370 544 742 617 perseveravit
781 559 959 614 usque
993 546 1061 601 ad
1105 545 1374 613 ejuratam
1427 556 1670 619 tempore
1716 548 1935 605 Henrici

335 632 477 701 ,νιιι
522 634 849 690 catholicam
904 634 1087 690 ﬁdem.
1139 636 1278 703 Quid
1328 646 1595 708 praeterea
1651 639 1937 695 monachis

362 725 681 797 [institerit
733 724 1092 792 Lanirancus,
1137 741 1205 783 ex
1241 728 1431 782 eodem
1484 727 1752 784 Eadmero
1790 729 1939 782 aliis.

368 830 476 887 que
523 815 839 870 auctoribus
885 816 1238 886 repetendum
1289 825 1373 873 est
1402 834 1415 882 ;
1443 833 1612 887 pauca
1659 834 1725 874 ex
1754 818 1941 873 multis

366 908 455 965 hic
476 907 717 964 delibare
750 905 1004 963 sulliciat.
1047 906 1434 965 Monachorum
1477 908 1725 964 ecclesia:
1747 908 1936 963 Sancti

367 998 672 1056 Saivatoris
724 999 887 1055 domo
939 1000 1109 1055 veteri
1157 1002 1457 1066 destructa,
1506 1020 1526 1055 ‹
1565 1002 1701 1057 alias
1742 1001 1941 1057 decore

370 1108 442 1149 ac
492 1092 867 1160 magnitudine
916 1091 1145 1151 multum
1206 1100 1522 1164 praastanles
1571 1092 1875 1147 aediﬁcavit.
1916 1112 1933 1144 ι

366 1182 544 1255 inquit
568 1182 907 1247 Eadmerus;
969 1183 1242 1249 abbatiam
1269 1183 1453 1240 Sancti
1478 1184 1695 1249 Albani,
1725 1202 1743 1234 ι
1776 1199 1939 1254 quam

365 1275 515 1341 intus
541 1282 598 1330 et
618 1282 772 1330 extra
799 1273 866 1327 ad
889 1272 1117 1329 nihilum
1168 1273 1282 1328 fere
1340 1274 1676 1336 devolutam,
1737 1274 1853 1343 ipse
1884 1281 1943 1329 ut

366 1381 545 1433 suam,
586 1366 832 1422 instituto
853 1364 901 1420 ei
934 1366 1087 1421 bona:
1140 1366 1423 1423 memoria:
1473 1365 1643 1421 Paulo
1666 1364 1884 1429 abbate,
1910 1382 1940 1420 a

365 1458 733 1515 fundamentis
772 1458 1146 1525 retedilicavit,
1173 1466 1229 1513 et
1253 1458 1403 1513 intus
1433 1473 1626 1527 magna
1657 1457 1939 1527 religione,

366 1550 505 1607 foris
532 1550 821 1606 multarum
848 1566 1026 1605 rerum
1054 1550 1344 1606 donatione
1378 1551 1550 1615 auxit,
1601 1550 1940 1611 honestavit,
1978 1592 1981 1597 ι

365 1640 577 1697 ditavit.
620 1659 639 1692 ι
674 1639 779 1696 Per
799 1639 1130 1695 Gnndull‘nm
1164 1628 1514 1705 monachum,
1539 1655 1701 1709 quem
1728 1640 1943 1710 episco-

364 1745 492 1801 pum
524 1728 833 1785 Roﬂensem
861 1729 1117 1795 instituit,
1154 1747 1174 1782 ι
1205 1737 1475 1785 vetustam
1517 1729 1802 1785 ecclesiam
1828 1728 1941 1799 epi-

2039 548 2302 602 Rndulius
2331 548 2398 604 de
2445 548 2650 615 Diceto,
2705 556 2761 605 el
2811 546 3097 605 Matthaeus
3140 546 3386 604 Parisius
3413 551 3479 604 ad
3512 566 3615 603 an~

2040 657 2166 695 num
2206 640 2363 696 l059.
2422 641 2632 707 Quanta
2678 655 2809 696 vero
2862 642 3026 696 animi
3077 643 3380 697 constantia
3422 640 3600 698 Odoni

2041 731 2318 801 Bajocensi
2355 731 2632 801 episcopo,
2691 731 2906 785 nterino
2946 730 3196 798 ejusdem
3237 730 3383 800 regis
3430 729 3618 795 fratri,

2042 823 2300 879 Ecclesia:
2328 823 2739 879 Cantuariensis
2758 824 2880 893 jttra
2913 822 3135 878 violanti
3165 823 3451 885 restiterit,
3485 840 3620 878 nar-

2043 921 2170 968 rant
2218 910 2541 977 Eadmerus,
2582 912 2725 967 lib.t
2785 912 3093 989 Noverunt,
3134 921 3191 966 et
3232 910 3371 966 Vita:
3428 922 3624 966 auctor

2042 1021 2163 1077 cap.
2197 1008 2251 1063 9.
2302 1006 2430 1062 Ha‘c
2466 1021 2596 1061 vero
2633 1006 2813 1061 omnia
2868 1006 2916 1059 ei
2976 1014 3181 1059 tantam
3234 1003 3621 1059 auctoritatem

2043 1100 2205 1154 etiam
2232 1100 2372 1169 apud
2391 1114 2576 1169 regem
2605 1098 2783 1168 ipsum
2813 1096 3199 1157 conciliaram.
3224 1104 3305 1161 nt,
3330 1111 3451 1149 cum
3474 1093 3624 1147 Wil-

2042 1191 2235 1247 lelmus
2257 1191 2310 1245 in
2338 1189 2667 1245 Norrnannia
2692 1195 3023 1249 versaretur,
3051 1186 3393 1240 Lanfrancns
3421 1203 3439 1236 ι
3471 1184 3626 1256 prin—

2046 1296 2172 1351 ceps
2194 1290 2247 1336 et
2275 1290 2458 1336 custos
2497 1280 2703 1351 Anglia:
2750 1287 2916 1344 esset,
2949 1276 3209 1346 subjectis
3254 1277 3357 1331 sibi
3419 1275 3624 1345 princi-

2046 1372 2228 1441 pibus,
2264 1390 2282 1422 ›
2315 1379 2453 1427 teste
2479 1368 2617 1425 Vita:
2644 1378 2887 1433 auctore,
2913 1383 3037 1437 cap.
3064 1368 3150 1423 15.
3178 1368 3478 1422 Eadmerns
3502 1365 3629 1421 aliis

2045 1463 2231 1517 verbis
2260 1462 2402 1517 idem
2431 1461 2653 1515 omnino
2686 1459 2907 1523 astruit,
2950 1459 3245 1513 asserenda
3276 1476 3295 1509 ‹
3332 1457 3398 1511 ad
3429 1464 3626 1511 nutum

2047 1552 2340 1607 Lanfranci
2370 1552 2538 1607 totius
2564 1551 2715 1623 regni
2748 1550 3004 1605 intuitum
3054 1558 3350 1620 spectasse.
3394 1567 3412 1599 ›
3468 1546 3627 1615 Quod

2045 1654 2167 1716 post
2196 1642 2315 1712 ejus
2340 1654 2571 1698 mortem
2600 1642 2944 1713 potissimum
2971 1642 3187 1696 eniturt.
3239 1640 3374 1693 Nam
3399 1637 3632 1695 Guillelo

2047 1754 2166 1792 mus
2185 1735 2379 1798 Rufus,
2412 1734 2635 1805 qnijam
2662 1734 2803 1806 patri
2841 1748 2939 1789 suo
2966 1740 3328 1797 successerat,
3365 1752 3381 1783 ι
3411 1728 3628 1786 confes-

366 1797 625 1892 scopatus
655 1836 779 1876 cum
818 1819 1029 1876 fabrica
1071 1818 1354 1889 adiacente
1400 1820 1690 1887 subvertit,
1722 1828 1778 1875 et
1798 1797 1935 1874 nova

2061 1830 2142 1883 :im
2173 1848 2191 1881 ι
2223 1827 2399 1897 inquit
2423 1797 2719 1882 Eadmerus
2746 1844 2764 1877 ι
2795 1824 2946 1881 foras
2970 1824 3262 1892 expressit,
3285 1823 3427 1891 quod
3457 1822 3567 1882 illo,
3602 1840 3623 1873 ι

369 1926 597 1982 quaque
621 1910 883 1964 extruxit.
916 1947 931 1963 .
965 1948 981 1964 .
1108 1911 1295 1965 sedem
1326 1909 1693 1981 episcopalem
1744 1923 1939 1964 mona-

373 2001 517 2058 chici
553 2000 762 2057 ordinis
790 2000 937 2057 cultu
977 2000 1231 2067 instituit,
1271 2016 1336 2057 ac
1362 2000 1623 2071 delegatis
1675 2001 1860 2065 terris,
1888 2008 1946 2055 et

371 2089 491 2147 aliis
522 2106 641 2162 qum
677 2091 1056 2147 sustentationi
1095 2090 1206 2146 illic
1251 2091 1604 2146 servientium
1658 2090 1769 2144 Deo
1797 2105 1946 2145 com-

368 2182 644 2253 petebant,
671 2182 891 2237 divitem
916 2183 981 2238 de
1010 2197 1270 2252 paupere,
1320 2183 1608 2239 sublimem
1636 2184 1701 2237 de
1732 2181 1943 2245 humili,

366 2273 511 2329 sicut
536 2274 589 2328 in
623 2272 880 2343 praesenti
909 2272 1158 2338 habetur,
1183 2269 1383 2327 eil'ecit.
1418 2290 1437 2325 ι
1474 2271 1601 2327 llaec
1650 2272 1947 2326 Eatlmcrns

368 2371 423 2417 ct
482 2362 790 2418 Willelmus
850 2362 1368 2420 Malmesburiensis.
1422 2362 1533 2418 Nec
1585 2363 1763 2417 minus
1823 2378 1947 2417 eum

373 2456 442 2509 de
519 2465 776 2511 accurata
863 2453 1129 2525 regularis
1193 2455 1494 2525 disciplina:
1571 2454 1950 2510 observatione

377 2546 671 2601 sollicitum
698 2545 884 2612 fuisse,
903 2561 1065 2617 quam
1088 2545 1154 2599 de
1172 2546 1459 2616 splendore
1482 2553 1574 2599 aut
1596 2545 1952 2616 amplitudine

370 2640 727 2697 aediﬁciorum
762 2641 999 2710 probant
1028 2639 1287 2710 praeclara
1317 2639 1405 2694 illa
1429 2648 1656 2708 statuta,
1681 2655 1802 2710 quze
1847 2655 1951 2710 pro

370 2731 657 2789 monachis
686 2732 877 2798 edidit,
917 2747 949 2786 a
987 2740 1177 2786 nostro
1218 2731 1458 2787 Acherio
1503 2731 1671 2786 edita.
1710 2729 1953 2799 Denique

376 2828 656 2881 sincerum
685 2823 803 2893 ejus
831 2827 884 2880 in
909 2825 1267 2880 monasticam
1302 2824 1472 2881 vitam
1519 2840 1761 2880 amorem
1791 2832 1956 2879 testa-

378 2927 467 2970 tur
498 2913 588 2969 illa
621 2914 846 2985 epistola
876 2929 1035 2985 quam
1069 2915 1136 2970 ad
1183 2914 1549 2970 Alexandrum
1576 2930 1772 2985 papam
1813 2915 1955 2969 scri-

380 3007 512 3077 psit,
544 3015 603 3061 ut
629 3007 696 3060 ab
727 3006 969 3063 ecclesia:
993 3006 1405 3063 Cantuariensis
1458 3008 1722 3079 regimine
1767 3007 1952 3063 absol-

376 3107 618 3153 veretur.
654 3116 671 3149 (
707 3097 882 3170 Rogo,
927 3099 1122 3169 inquit,
1169 3108 1440 3169 quatenus
1502 3108 1725 3170 propter
1776 3098 1949 3153 Deum

380 3200 438 3244 et
464 3190 701 3246 animam
740 3199 1001 3257 vestram,
1033 3201 1092 3246 ut
1129 3192 1271 3247 sicut
1298 3201 1504 3257 vestra,
1538 3191 1624 3247 cui
1656 3189 1952 3246 contradici

384 3279 468 3336 fas
501 3296 606 3335 non
645 3280 768 3349 fuit,
797 3296 883 3337 me
918 3281 1248 3337 auctoritate
1298 3280 1581 3350 alligastis,
1634 3280 1717 3336 sic
1742 3294 1958 3353 quoque

393 3370 696 3442 alligatum,
719 3371 951 3442 abrupto
978 3387 1078 3444 per
1104 3372 1346 3427 eamdem
1377 3373 1757 3427 auctoritatem
1799 3372 1960 3443 hujus

387 3463 730 3517 necessitatis
783 3463 1019 3530 vinculo,
1078 3463 1396 3529 absolvatis,
1453 3464 1730 3533 vitamque
1776 3477 1963 3519 emno-

387 3554 608 3620 bialem,
640 3570 802 3625 quam
832 3570 945 3626 pra:
970 3557 1221 3612 omnibus
1252 3555 1441 3628 diligo,
1484 3557 1764 3626 repetendi
1789 3556 1957 3611 lieen-

391 3650 526 3704 tiam
579 3649 914 3715 concedatis,
947 3668 966 3703 ι
1022 3664 1142 3720 qua:
1211 3649 1390 3704 omnia
1446 3651 1678 3720 probant
1744 3648 1959 3703 titulum

396 3758 416 3792 ι
466 3739 642 3797 Patris
700 3740 1093 3796 monachorum
1139 3759 1158 3793 ι
1224 3739 1349 3809 jure
1406 3741 1601 3796 merito
1655 3740 1961 3795 Lanl‘ranco

390 3848 711 3888 concessum
743 3831 933 3888 fuisse.

462 3924 519 3980 4.
558 3923 779 3979 Mutatis
808 3923 863 3978 in
914 3922 1108 3995 Anglia
1154 3923 1339 3988 rebus,
1392 3910 1528 3994 Opus
1551 3931 1671 3979 erat
1714 3922 1833 3977 viro
1870 3921 1960 3992 qui

389 4006 645 4069 Ecclesia:
668 4012 878 4083 negotia
918 4012 992 4067 ita
1037 4012 1414 4069 moderaretur
1439 4023 1501 4068 ut
1549 4028 1652 4069 nec
1704 4011 1965 4067 ecclesia-

393 4106 530 4161 stica
574 4104 858 4174 disciplina
907 4104 993 4161 his
1038 4105 1358 4161 tumultibus
1403 4103 1679 4174 iacturam
1723 4103 1963 4173 aliquam

392 4196 712 4263 sustineret,
770 4211 873 4261 nec
937 4196 1304 4253 Ecclesiarum
1368 4197 1492 4269 jura
1546 4195 1882 4251 violarentur
1936 4209 1967 4250 a

386 4290 705 4345 victoribus.
741 4289 971 4359 Utrique
999 4290 1215 4362 egregie
1242 4290 1480 4360 providit
1508 4288 1870 4351 Lanfrancns,
1903 4302 1966 4341 ea

388 4380 445 4434 in
476 4395 537 4435 re
573 4379 901 4434 auctoritate
948 4394 1054 4448 qtta
1104 4378 1344 4449 pollebat
1370 4378 1424 4431 in
1458 4391 1639 4447 regem
1667 4376 1966 4447 prudenter

2045 1919 2375 1982 Lanl'ranco,
2406 1937 2423 1969 ε
2457 1916 2735 1972 confotum
2798 1916 3005 1971 habuit.
3055 1915 3209 1969 Fecit
3252 1928 3385 1983 ergo
3430 1910 3626 1966 Eccle-

2046 2012 2183 2066 siam
2239 2008 2442 2064 Christi
2487 2008 2754 2072 venalem,
2798 2026 2814 2058 ι
2849 2016 2956 2062 etc.
2988 2006 3142 2062 Unde
3171 2005 3367 2058 merito
3394 2003 3461 2057 de
3482 2002 3629 2055 Lan-

2051 2101 2242 2157 frnnco
2285 2100 2471 2167 paucis
2531 2098 2714 2154 verbis
2770 2112 2893 2152 cum
2944 2097 3131 2151 eodem
3189 2093 3459 2149 Eadmero
3514 2091 3627 2146 dici

2047 2202 2262 2265 potest:
2302 2211 2319 2244 ι
2360 2192 2604 2247 Breviter
2650 2191 2775 2245 dico
2822 2189 2996 2259 ipsum
3027 2202 3215 2242 revera
3266 2200 3517 2255 magnum
3560 2192 3623 2237 et

2049 2281 2468 2352 insuperabilem
2498 2278 2754 2334 Ecclesia:
2773 2277 2977 2333 Christi
3008 2276 3379 2340 defensorem,
3405 2282 3459 2329 et
3478 2273 3630 2343 pium

2053 2372 2219 2427 totius
2239 2369 2444 2440 Anglia:
2469 2368 2792 2438 principem,
2824 2382 2910 2431 ac,
2948 2366 3003 2420 in
3033 2373 3300 2435 quantum
3326 2362 3428 2417 sibi
3453 2361 3633 2424 licuit,

2052 2462 2253 2518 bonum
2274 2469 2548 2531 pastorem
2571 2458 2783 2513 cunctis
2828 2457 2882 2512 in
2915 2471 2979 2512 ea
3012 2454 3460 2516 consistentibus,
3495 2450 3628 2505 dum

2056 2552 2215 2618 vixit,
2255 2549 2444 2605 fuisse.
2484 2568 2503 2602 ι
2551 2546 2790 2601 Noverat
2836 2546 2889 2601 id
2938 2545 3249 2600 Alexander
3298 2541 3342 2596 ll
3386 2554 3637 2595 summus

2055 2642 2324 2715 pontifex,
2356 2641 2448 2712 qni
2477 2642 2620 2710 apud
2652 2638 2900 2693 eumdem
2926 2646 3230 2700 auctorem,
3260 2631 3634 2687 Lanfrancum

2054 2744 2218 2791 vocat
2241 2753 2259 2787 ι
2282 2734 2498 2788 Patrem
2524 2732 2717 2803 patria:
2735 2729 3063 2800 Anglicante;
3092 2747 3110 2779 ι
3136 2736 3189 2782 et
3214 2728 3263 2780 ei
3291 2739 3479 2779 revera
3509 2738 3640 2795 pas-

2063 2826 2263 2882 torales
2282 2825 2487 2894 virgas,
2530 2830 2691 2891 prout
2741 2820 2842 2889 ipsi
2901 2819 3205 2882 videretur,
3238 2812 3637 2883 dispensandas

2059 2914 2488 2972 contradiderat.
2550 2910 3009 2980 Chronographus
3072 2915 3259 2962 noster
3306 2902 3635 2965 Saxonicns,

2059 3005 2387 3063 Normannis
2435 3004 2564 3058 licet
2603 3000 2857 3064 infestus,
2894 2998 3264 3053 Lanl'rancum
3311 2994 3491 3048 laudat
3519 3010 3538 3043 ε
3576 2990 3634 3044 in

2066 3095 2308 3152 Ecclesia
2337 3093 2636 3156 doctorem,
2669 3091 2824 3160 cujus
2878 3090 3060 3145 studio
3093 3096 3147 3143 et
3169 3086 3320 3156 prius
3359 3084 3412 3138 in
3436 3081 3635 3146 Gallia,

2063 3198 2112 3245 et
2141 3187 2483 3258 postmodum
2512 3185 2565 3239 in
2595 3183 2811 3253 Anglia,
2842 3180 2993 3235 multi
3018 3180 3087 3235 ad
3115 3178 3358 3234 divinum
3407 3172 3638 3230 animati

2061 3289 2190 3336 sunt
2210 3277 2549 3347 obsequium.
2584 3293 2604 3326 ι

2133 3372 2189 3426 5.
2238 3371 2355 3426 Non
2408 3368 2570 3424 factis
2645 3365 2821 3422 solum
2886 3363 2980 3419 sed
3030 3360 3196 3417 etiam
3246 3358 3360 3414 suis
3418 3355 3642 3427 scriptis

2063 3461 2410 3517 Lani‘rancus
2456 3457 2754 3513 Ecclesiam
2801 3453 3123 3511 catholicam
3177 3447 3487 3511 illustravit,
3518 3462 3642 3517 qua:

2066 3556 2115 3610 ei
2149 3556 2297 3609 inter
2331 3548 2735 3607 ecclesiasticos
2777 3554 3031 3600 auctores
3080 3542 3257 3597 locum
3299 3545 3637 3594 meruerunt.

2067 3647 2198 3718 Ejus
2218 3660 2381 3715 Opera
2422 3642 2624 3706 omnia,
2657 3654 2779 3709 qua:
2832 3634 3067 3691 inveniri
3118 3638 3430 3703 potuerant,
3461 3628 3641 3718 primo

2067 3717 2119 3791 in
2175 3748 2343 3789 unum
2386 3730 2610 3786 collecta
2657 3726 2826 3783 edidit
2872 3732 3061 3780 noster
3107 3722 3283 3777 Lucas
3337 3717 3628 3776 Aeherius.

2069 3838 2301 3896 quorum
2348 3823 2437 3876 hic
2490 3828 2576 3874 est
2634 3818 2959 3887 catalogus:
3022 3832 3042 3866 ι
3086 3810 3525 3869 Commentarius
3584 3807 3642 3861 in

2070 3913 2343 3986 Epistolas
2373 3910 2517 3965 beati
2569 3907 2746 3962 Pauli.
2805 3905 3045 3961 Libellus
3081 3905 3149 3959 de
3170 3914 3400 3972 corpore
3427 3908 3483 3954 et
3511 3913 3647 3950 san-

2070 4007 2235 4077 guine
2261 4002 2476 4058 Domini
2512 4010 2702 4055 contra
2733 3997 3146 4067 Berengarium.
3175 3988 3648 4049 Annotatiuncula:

2072 4099 2125 4153 in
2173 4093 2463 4150 nonnullas
2496 4090 2723 4147 Joannis
2759 4088 3006 4145 Cassiani
3046 4086 3366 4142 collationes
3402 4083 3643 4137 Patrum.

2073 4194 2301 4249 Decreta
2341 4205 2437 4261 pro
2467 4188 2658 4243 ordine
2690 4186 2862 4242 sancti
2928 4183 3224 4239 Benedicti.
3264 4179 3427 4234 Liber
3452 4176 3653 4246 episto-

2076 4287 2273 4341 larum.
2296 4282 2554 4351 Pericope
2598 4278 2864 4333 orationis
2908 4291 3069 4346 quam
3093 4270 3286 4328 habuit
3312 4271 3366 4324 in
3415 4266 3653 4323 concilio

2075 4377 2413 4449 Anglicano;
2451 4385 2506 4428 et
2534 4371 2745 4428 libellus
2775 4370 2851 4425 De
2872 4365 3213 4423 confessione
3253 4360 3532 4419 celanda.»
3567 4358 3651 4413 Ex

390 4483 573 4537 utens,
603 4470 755 4540 cujus
782 4487 812 4526 a
843 4470 1087 4528 consiliis
1114 4479 1252 4526 erat.
1279 4470 1517 4535 Etenim,
1540 4478 1601 4524 ut
1622 4475 1773 4523 notat
1794 4468 1957 4521 Adam

2080 4470 2167 4526 his
2217 4465 2647 4524 commentarius
2686 4464 2739 4517 in
2779 4460 2934 4514 Pauli
2988 4454 3249 4528 epistolas
3301 4455 3369 4508 ab
3416 4450 3655 4506 Acherio

334 4552 339 4557 ’
392 4564 727 4630 Bremensis,
754 4563 849 4618 lih.
870 4579 944 4630 tv,
973 4563 1225 4619 Historiae
1254 4561 1659 4625 ecclesiasticae,
1687 4575 1806 4628 cap.
1843 4572 1964 4613 xw:

398 4676 418 4705 ε
450 4653 755 4709 Willelmus
782 4654 1077 4710 Bastardus
1106 4653 1301 4710 ablatis
1331 4651 1602 4708 scandalis
1628 4666 1753 4707 eum
1776 4664 1973 4719 posue-

398 4755 485 4801 rat
522 4746 778 4802 Ecclesia:
814 4747 1117 4810 doctorem,
1147 4746 1300 4816 cujus
1344 4744 1523 4800 studio
1560 4742 1713 4797 multi
1738 4742 1806 4797 ad
1839 4742 1975 4796 divi-

396 4855 528 4896 num
579 4839 807 4896 animati
855 4848 983 4896 sunt
1021 4839 1367 4909 obsequium.
1406 4856 1424 4890 ι
1480 4837 1621 4892 Hinc
1676 4850 1801 4891 cum
1852 4836 1974 4907 pius

396 4931 626 4987 antistes
670 4931 1027 4987 conciliorum
1053 4945 1209 4985 usum
1240 4930 1295 4984 in
1324 4929 1518 5000 Anglia
1549 4944 1579 4983 a
1610 4927 1797 4984 multis
1828 4936 1976 4983 retro

399 5020 554 5081 anuis
595 5024 929 5081 obsolevisse
975 5022 1472 5086 animadvertisset,
1496 5020 1710 5078 curavit
1736 5029 1798 5075 ut
1824 5019 1977 5076 dein-

396 5104 527 5186 ceps
557 5115 871 5187 frequenter
900 5116 1263 5181 haberentur;
1310 5113 1455 5183 quod
1483 5121 1538 5169 et
1567 5112 1769 5169 factum
1793 5122 1899 5177 est,
1924 5120 1981 5168 et

399 5204 567 5264 multa
592 5208 645 5263 in
679 5208 746 5263 iis
778 5207 845 5262 ad
867 5205 1210 5276 disciplinam
1241 5214 1393 5261 recte
1418 5204 1743 5261 servandam
1775 5213 1977 5259 statuta

400 5310 545 5355 sunt.
575 5300 720 5355 Bona
755 5315 887 5355 vero
909 5296 1251 5367 temporalia,
1285 5312 1407 5367 qua:
1433 5296 1686 5352 ecclesia:
1713 5312 1825 5351 sua:
1856 5296 1978 5351 bel-

401 5391 573 5447 lorum
624 5401 867 5460 tempore
908 5399 1061 5459 rapta
1117 5389 1353 5454 fuerant,
1389 5390 1607 5445 reStitui
1639 5389 1979 5457 procuravit,

403 5483 472 5537 ad
502 5482 555 5536 id
583 5480 928 5537 Guillelmum
958 5494 1142 5549 regem
1164 5479 1455 5549 prudentia
1483 5494 1579 5535 sua
1605 5497 1623 5531 ε
1654 5479 1980 5551 perducens,

400 5573 579 5641 inquit
609 5569 937 5635 Eadmerns,
978 5578 1039 5623 ut
1090 5568 1447 5639 quamplures
1506 5579 1686 5625 terras
1733 5570 1983 5625 ecclesia:

408 5660 849 5725 Cautuariensis,
908 5659 1142 5717 diversis
1184 5662 1369 5718 causis
1397 5677 1462 5717 ac
1488 5661 1763 5720 violentiis
1800 5662 1975 5718 homi-

401 5767 532 5811 num
559 5750 790 5816 ablatas,
822 5768 920 5825 pro
945 5753 1320 5824 redemptione
1359 5753 1559 5812 anima:
1586 5770 1701 5813 sua:
1732 5754 1983 5813 restitue-

2075 4560 2349 4629 vulgatus,
2376 4572 2483 4611 non
2528 4563 2613 4609 est
2656 4552 2904 4608 sincerus
2951 4546 3241 4603 Laniranci
3270 4545 3412 4599 fetus
3450 4559 3464 4607 ;
3500 4542 3653 4597 illum

2076 4663 2254 4708 autem
2278 4651 2477 4721 ipsum,
2506 4646 2598 4716 qui
2622 4646 2691 4700 ab
2712 4658 2778 4698 eo
2812 4642 3047 4712 scriptus
3088 4647 3206 4703 est,
3251 4639 3513 4693 habemus
3544 4651 3657 4703 pra:

2079 4745 2351 4808 manibus,
2411 4754 2594 4811 quem,
2646 4737 2690 4791 si
2764 4733 3055 4803 aliquando
3120 4738 3427 4802 opportuna
3491 4726 3660 4781 fuerit

2078 4837 2313 4900 occasio,
2348 4835 2399 4889 in
2428 4833 2602 4887 lucem
2659 4826 3022 4900 proferemus.
3081 4821 3278 4877 Verum
3308 4828 3505 4892 praeter
3540 4819 3659 4873 haec

2085 4944 2249 5000 opera
2277 4926 2476 4982 dicitur
2494 4922 2658 4978 etiam
2683 4918 2914 4975 edidisse
2939 4912 3404 4973 Commentarium
3438 4910 3490 4965 in
3513 4906 3660 4979 psal-

2081 5038 2200 5078 mos
2250 5019 2569 5081 Davidieos,
2611 5025 2666 5070 et
2724 5012 3005 5069 historiam
3059 5006 3514 5065 ecclesiasticam'
3561 5001 3657 5056 sed

2082 5124 2334 5172 neutrum
2389 5113 2657 5168 hactenus
2720 5105 2966 5176 reperire
3035 5103 3205 5157 licuit.
3283 5099 3445 5157 Certe
3514 5095 3659 5164 quod

2081 5208 2428 5265 Lanirancns
2503 5202 2790 5259 historiam
2855 5198 2937 5254 sui
3002 5195 3263 5264 temporis
3354 5189 3659 5259 scripserit,

2084 5309 2240 5356 extra
2293 5299 2519 5354 dubium
2566 5294 2782 5349 videtur
2818 5302 2940 5346 esse
2978 5306 2993 5357 ;
3051 5288 3207 5357 cujus
3246 5286 3321 5340 rei
3368 5286 3521 5339 testis
3578 5283 3663 5335 est

2085 5390 2386 5445 Eadmerns
2446 5387 2628 5441 libro:
2680 5382 2974 5444 Novorum,‘
3033 5379 3122 5433 ubi
3154 5379 3218 5431 de
3247 5373 3553 5430 Lanfranco
3584 5372 3665 5427 sic

2086 5481 2372 5551 loquitur:
2435 5496 2453 5528 ι
2488 5476 2721 5546 lpsemet
2762 5473 2838 5527 de
2894 5471 3057 5525 rebus
3100 5465 3490 5521 ecclesiasticis
3542 5476 3666 5531 qua:

2060 5578 2186 5626 suo
2237 5579 2478 5640 tempore
2531 5573 2684 5636 gesta
2727 5570 2875 5622 sunt,
2917 5557 3275 5614 veracissimo
3321 5564 3377 5609 et
3409 5566 3667 5623 compen-

2088 5658 2399 5717 diosissimo
2458 5657 2671 5712 calamo
2725 5651 2963 5720 scripsit.
3004 5667 3022 5699 I
3064 5646 3178 5701 Hoc
3236 5658 3387 5715 apus,
3417 5651 3478 5696 ut
3525 5641 3664 5696 mihi

2088 5751 2320 5817 videtur,
2365 5746 2546 5803 laudat
2592 5743 2894 5799 Willelmus
2927 5735 3419 5794 Malmesburiensis
3462 5733 3662 5797 libror,
