  <div class='ocr_page' id='page_1' title='image "/cluster/home/n/w/nwhite01/storage/ocr_20150623/150/hvd.32044015473788/018.png"; bbox 0 0 3954 6306; ppageno 0'>
   <div class='ocr_carea' id='block_1_1' title="bbox 198 317 2457 384">
    <p class='ocr_par' dir='ltr' id='par_1_1' title="bbox 198 317 2457 384">
     <span class='ocr_line' id='line_1_1' title="bbox 198 317 2457 384; baseline -0.002 0"><span class='ocrx_word' id='word_1_1' title='bbox 198 327 273 384; x_wconf 73' lang='grc'><strong>95</strong></span> <span class='ocrx_word' id='word_1_2' title='bbox 1272 334 1273 337; x_wconf 78' lang='lat'>‘</span> <span class='ocrx_word' id='word_1_3' title='bbox 1323 319 1504 376; x_wconf 76' lang='lat' dir='ltr'><strong>V‘lTA.</strong></span> <span class='ocrx_word' id='word_1_4' title='bbox 1546 353 1611 361; x_wconf 90' lang='lat'>—</span> <span class='ocrx_word' id='word_1_5' title='bbox 1650 317 1940 379; x_wconf 71' lang='lat' dir='ltr'><strong>OBSERV.</strong></span> <span class='ocrx_word' id='word_1_6' title='bbox 1975 320 2301 380; x_wconf 64' lang='lat' dir='ltr'><strong>PﬂJ-lleE.</strong></span> <span class='ocrx_word' id='word_1_7' title='bbox 2346 372 2351 373; x_wconf 36' lang='grc' dir='ltr'><em>κ</em></span> <span class='ocrx_word' id='word_1_8' title='bbox 2440 322 2457 367; x_wconf 66' lang='grc' dir='ltr'><em>Ὺ</em></span> 
     </span>
    </p>
   </div>
   <div class='ocr_carea' id='block_1_2' title="bbox 3375 320 3452 381">
    <p class='ocr_par' dir='ltr' id='par_1_2' title="bbox 3375 320 3452 381">
     <span class='ocr_line' id='line_1_2' title="bbox 3375 320 3452 381; baseline 0 0"><span class='ocrx_word' id='word_1_9' title='bbox 3375 320 3452 381; x_wconf 69' lang='grc' dir='ltr'><strong>ἳϐ</strong></span> 
     </span>
    </p>
   </div>
   <div class='ocr_carea' id='block_1_3' title="bbox 205 441 3446 520">
    <p class='ocr_par' dir='ltr' id='par_1_3' title="bbox 205 441 3446 520">
     <span class='ocr_line' id='line_1_3' title="bbox 205 441 3446 520; baseline 0.002 -23"><span class='ocrx_word' id='word_1_10' title='bbox 205 444 275 501; x_wconf 79' lang='lat' dir='ltr'><strong>De</strong></span> <span class='ocrx_word' id='word_1_11' title='bbox 306 441 650 512; x_wconf 80' lang='lat' dir='ltr'><strong>pontificibtts</strong></span> <span class='ocrx_word' id='word_1_12' title='bbox 673 445 990 515; x_wconf 70' lang='lat' dir='ltr'><strong>Anglorum,</strong></span> <span class='ocrx_word' id='word_1_13' title='bbox 1015 446 1107 503; x_wconf 85' lang='lat' dir='ltr'><strong>ubi</strong></span> <span class='ocrx_word' id='word_1_14' title='bbox 1127 447 1192 501; x_wconf 86' lang='lat' dir='ltr'><strong>de</strong></span> <span class='ocrx_word' id='word_1_15' title='bbox 1217 457 1581 501; x_wconf 80' lang='lat' dir='ltr'><strong>controversm</strong></span> <span class='ocrx_word' id='word_1_16' title='bbox 1614 448 1756 500; x_wconf 89' lang='lat' dir='ltr'><strong>inter</strong></span> <span class='ocrx_word' id='word_1_17' title='bbox 1790 455 1829 508; x_wconf 78' lang='grc' dir='ltr'><strong>Λ</strong></span> <span class='ocrx_word' id='word_1_18' title='bbox 1860 445 2166 502; x_wconf 86' lang='lat' dir='ltr'><strong>Willelmns</strong></span> <span class='ocrx_word' id='word_1_19' title='bbox 2191 446 2686 502; x_wconf 76' lang='lat' dir='ltr'><strong>Maltncsburiensis</strong></span> <span class='ocrx_word' id='word_1_20' title='bbox 2707 489 2719 510; x_wconf 87' lang='lat'><strong>,</strong></span> <span class='ocrx_word' id='word_1_21' title='bbox 2750 446 2890 502; x_wconf 88' lang='lat' dir='ltr'><strong>libro</strong></span> <span class='ocrx_word' id='word_1_22' title='bbox 2920 464 2937 503; x_wconf 88' lang='grc' dir='ltr'>ι</span> <span class='ocrx_word' id='word_1_23' title='bbox 2987 447 3061 503; x_wconf 87' lang='lat' dir='ltr'><strong>De</strong></span> <span class='ocrx_word' id='word_1_24' title='bbox 3116 447 3284 520; x_wconf 84' lang='lat' dir='ltr'><strong>gestis</strong></span> <span class='ocrx_word' id='word_1_25' title='bbox 3315 461 3446 520; x_wconf 57' lang='lat' dir='ltr'><strong>potu</strong></span> 
     </span>
    </p>
   </div>
   <div class='ocr_carea' id='block_1_4' title="bbox 202 533 1770 605">
    <p class='ocr_par' dir='ltr' id='par_1_4' title="bbox 202 533 1770 605">
     <span class='ocr_line' id='line_1_4' title="bbox 202 533 1770 605; baseline 0.001 -16"><span class='ocrx_word' id='word_1_26' title='bbox 202 535 368 605; x_wconf 90' lang='lat' dir='ltr'><strong>ipsum</strong></span> <span class='ocrx_word' id='word_1_27' title='bbox 396 533 761 592; x_wconf 89' lang='lat' dir='ltr'><strong>Lanfrancum</strong></span> <span class='ocrx_word' id='word_1_28' title='bbox 787 547 842 592; x_wconf 86' lang='lat' dir='ltr'><strong>et</strong></span> <span class='ocrx_word' id='word_1_29' title='bbox 872 536 1135 594; x_wconf 84' lang='lat' dir='ltr'><strong>Thomam</strong></span> <span class='ocrx_word' id='word_1_30' title='bbox 1166 538 1561 594; x_wconf 80' lang='lat' dir='ltr'><strong>Eboracensem</strong></span> <span class='ocrx_word' id='word_1_31' title='bbox 1590 537 1770 591; x_wconf 85' lang='lat' dir='ltr'><strong>archi-</strong></span> 
     </span>
    </p>
   </div>
   <div class='ocr_carea' id='block_1_5' title="bbox 200 631 1770 699">
    <p class='ocr_par' dir='ltr' id='par_1_5' title="bbox 200 631 1770 699">
     <span class='ocr_line' id='line_1_5' title="bbox 200 631 1770 699; baseline 0.003 -17"><span class='ocrx_word' id='word_1_32' title='bbox 200 641 500 697; x_wconf 84' lang='lat' dir='ltr'><strong>eptscopum</strong></span> <span class='ocrx_word' id='word_1_33' title='bbox 549 638 737 684; x_wconf 82' lang='lat' dir='ltr'><strong>exorta</strong></span> <span class='ocrx_word' id='word_1_34' title='bbox 794 646 990 699; x_wconf 87' lang='lat' dir='ltr'><strong>agens,</strong></span> <span class='ocrx_word' id='word_1_35' title='bbox 1043 647 1155 686; x_wconf 92' lang='lat' dir='ltr'><strong>rem</strong></span> <span class='ocrx_word' id='word_1_36' title='bbox 1206 647 1326 688; x_wconf 88' lang='lat' dir='ltr'><strong>esse</strong></span> <span class='ocrx_word' id='word_1_37' title='bbox 1375 647 1441 685; x_wconf 87' lang='lat' dir='ltr'><strong>ex</strong></span> <span class='ocrx_word' id='word_1_38' title='bbox 1482 631 1770 687; x_wconf 83' lang='lat' dir='ltr'><strong>Lanfranci</strong></span> 
     </span>
    </p>
   </div>
   <div class='ocr_carea' id='block_1_6' title="bbox 201 720 1773 793">
    <p class='ocr_par' dir='ltr' id='par_1_6' title="bbox 201 720 1773 793">
     <span class='ocr_line' id='line_1_6' title="bbox 201 720 1773 793; baseline 0.004 -20"><span class='ocrx_word' id='word_1_39' title='bbox 201 720 406 790; x_wconf 86' lang='lat' dir='ltr'><strong>scriptis</strong></span> <span class='ocrx_word' id='word_1_40' title='bbox 443 721 791 791; x_wconf 88' lang='lat' dir='ltr'><strong>repetendam</strong></span> <span class='ocrx_word' id='word_1_41' title='bbox 842 723 928 778; x_wconf 90' lang='lat' dir='ltr'><strong>his</strong></span> <span class='ocrx_word' id='word_1_42' title='bbox 958 724 1142 779; x_wconf 81' lang='lat' dir='ltr'><strong>verbis</strong></span> <span class='ocrx_word' id='word_1_43' title='bbox 1179 724 1361 779; x_wconf 82' lang='lat' dir='ltr'><strong>monet</strong></span> <span class='ocrx_word' id='word_1_44' title='bbox 1395 740 1409 776; x_wconf 89' lang='lat'><strong>:</strong></span> <span class='ocrx_word' id='word_1_45' title='bbox 1447 742 1466 773; x_wconf 84' lang='grc'><strong><em>‹</em></strong></span> <span class='ocrx_word' id='word_1_46' title='bbox 1499 722 1617 793; x_wconf 87' lang='lat' dir='ltr'><strong>lpse</strong></span> <span class='ocrx_word' id='word_1_47' title='bbox 1661 738 1773 779; x_wconf 85' lang='lat' dir='ltr'><strong>me-</strong></span> 
     </span>
    </p>
   </div>
   <div class='ocr_carea' id='block_1_7' title="bbox 202 809 1768 883">
    <p class='ocr_par' dir='ltr' id='par_1_7' title="bbox 202 809 1768 883">
     <span class='ocr_line' id='line_1_7' title="bbox 202 809 1768 883; baseline 0.004 -21"><span class='ocrx_word' id='word_1_48' title='bbox 202 809 299 865; x_wconf 87' lang='lat' dir='ltr'><strong>lius</strong></span> <span class='ocrx_word' id='word_1_49' title='bbox 325 809 533 880; x_wconf 85' lang='lat' dir='ltr'><strong>scripto</strong></span> <span class='ocrx_word' id='word_1_50' title='bbox 562 825 661 865; x_wconf 87' lang='lat' dir='ltr'><strong>suo</strong></span> <span class='ocrx_word' id='word_1_51' title='bbox 694 811 992 868; x_wconf 88' lang='lat' dir='ltr'><strong>insinuabit</strong></span> <span class='ocrx_word' id='word_1_52' title='bbox 1017 813 1158 883; x_wconf 91' lang='lat' dir='ltr'><strong>quod</strong></span> <span class='ocrx_word' id='word_1_53' title='bbox 1190 816 1256 868; x_wconf 90' lang='lat' dir='ltr'><strong>de</strong></span> <span class='ocrx_word' id='word_1_54' title='bbox 1277 814 1621 869; x_wconf 77' lang='lat' dir='ltr'><strong>ordinatione</strong></span> <span class='ocrx_word' id='word_1_55' title='bbox 1650 829 1768 877; x_wconf 88' lang='lat' dir='ltr'><strong>sua,</strong></span> 
     </span>
    </p>
   </div>
   <div class='ocr_carea' id='block_1_8' title="bbox 201 903 1799 962">
    <p class='ocr_par' dir='ltr' id='par_1_8' title="bbox 201 903 1799 962">
     <span class='ocr_line' id='line_1_8' title="bbox 201 903 1799 962; baseline 0.004 -7"><span class='ocrx_word' id='word_1_56' title='bbox 201 908 253 961; x_wconf 87' lang='lat' dir='ltr'><strong>ct</strong></span> <span class='ocrx_word' id='word_1_57' title='bbox 275 903 647 959; x_wconf 89' lang='lat' dir='ltr'><strong>controversia</strong></span> <span class='ocrx_word' id='word_1_58' title='bbox 695 905 837 959; x_wconf 88' lang='lat' dir='ltr'><strong>inter</strong></span> <span class='ocrx_word' id='word_1_59' title='bbox 881 922 940 960; x_wconf 86' lang='lat' dir='ltr'><strong>se</strong></span> <span class='ocrx_word' id='word_1_60' title='bbox 980 915 1037 962; x_wconf 90' lang='lat' dir='ltr'><strong>et</strong></span> <span class='ocrx_word' id='word_1_61' title='bbox 1083 906 1477 962; x_wconf 83' lang='lat' dir='ltr'><strong>Eboracensem</strong></span> <span class='ocrx_word' id='word_1_62' title='bbox 1512 907 1799 962; x_wconf 78' lang='lat' dir='ltr'><strong>Thomam</strong></span> 
     </span>
    </p>
   </div>
   <div class='ocr_carea' id='block_1_9' title="bbox 202 995 1777 1069">
    <p class='ocr_par' dir='ltr' id='par_1_9' title="bbox 202 995 1777 1069">
     <span class='ocr_line' id='line_1_9' title="bbox 202 995 1777 1069; baseline 0.004 -24"><span class='ocrx_word' id='word_1_63' title='bbox 202 1004 462 1049; x_wconf 82' lang='lat' dir='ltr'><strong>commota</strong></span> <span class='ocrx_word' id='word_1_64' title='bbox 508 1003 566 1048; x_wconf 91' lang='lat' dir='ltr'><strong>et</strong></span> <span class='ocrx_word' id='word_1_65' title='bbox 609 995 819 1061; x_wconf 88' lang='lat' dir='ltr'><strong>sedata,</strong></span> <span class='ocrx_word' id='word_1_66' title='bbox 870 997 942 1051; x_wconf 91' lang='lat' dir='ltr'><strong>ita</strong></span> <span class='ocrx_word' id='word_1_67' title='bbox 980 998 1239 1069; x_wconf 91' lang='lat' dir='ltr'><strong>scripsit:</strong></span> <span class='ocrx_word' id='word_1_68' title='bbox 1291 998 1446 1053; x_wconf 84' lang='lat' dir='ltr'><strong>Anno</strong></span> <span class='ocrx_word' id='word_1_69' title='bbox 1483 998 1777 1053; x_wconf 69' lang='lat' dir='ltr'><strong>Dominicze</strong></span> 
     </span>
    </p>
   </div>
   <div class='ocr_carea' id='block_1_10' title="bbox 201 1082 1779 1153">
    <p class='ocr_par' dir='ltr' id='par_1_10' title="bbox 201 1082 1779 1153">
     <span class='ocr_line' id='line_1_10' title="bbox 201 1082 1779 1153; baseline 0.006 -17"><span class='ocrx_word' id='word_1_70' title='bbox 201 1082 592 1143; x_wconf 72' lang='lat' dir='ltr'><strong>lncarnatiOnis</strong></span> <span class='ocrx_word' id='word_1_71' title='bbox 632 1086 766 1140; x_wconf 85' lang='lat' dir='ltr'><strong>I070</strong></span> <span class='ocrx_word' id='word_1_72' title='bbox 814 1087 1075 1153; x_wconf 88' lang='lat' dir='ltr'><strong>intravit,</strong></span> <span class='ocrx_word' id='word_1_73' title='bbox 1111 1107 1129 1139; x_wconf 77' lang='grc' dir='ltr'><strong>ι</strong></span> <span class='ocrx_word' id='word_1_74' title='bbox 1163 1098 1270 1143; x_wconf 89' lang='lat' dir='ltr'><strong>etc.</strong></span> <span class='ocrx_word' id='word_1_75' title='bbox 1304 1087 1474 1143; x_wconf 86' lang='lat' dir='ltr'><strong>Porro</strong></span> <span class='ocrx_word' id='word_1_76' title='bbox 1505 1088 1647 1144; x_wconf 89' lang='lat' dir='ltr'><strong>inter</strong></span> <span class='ocrx_word' id='word_1_77' title='bbox 1672 1103 1779 1145; x_wconf 66' lang='lat' dir='ltr'><strong>ca-</strong></span> 
     </span>
    </p>
   </div>
   <div class='ocr_carea' id='block_1_11' title="bbox 205 1174 1780 1249">
    <p class='ocr_par' dir='ltr' id='par_1_11' title="bbox 205 1174 1780 1249">
     <span class='ocr_line' id='line_1_11' title="bbox 205 1174 1780 1249; baseline 0.005 -21"><span class='ocrx_word' id='word_1_78' title='bbox 205 1182 311 1229; x_wconf 80' lang='lat' dir='ltr'><strong>tera</strong></span> <span class='ocrx_word' id='word_1_79' title='bbox 340 1174 454 1243; x_wconf 90' lang='lat' dir='ltr'><strong>ejus</strong></span> <span class='ocrx_word' id='word_1_80' title='bbox 473 1190 637 1247; x_wconf 83' lang='lat' dir='ltr'><strong>opera</strong></span> <span class='ocrx_word' id='word_1_81' title='bbox 680 1179 976 1249; x_wconf 88' lang='lat' dir='ltr'><strong>principem</strong></span> <span class='ocrx_word' id='word_1_82' title='bbox 999 1178 1175 1235; x_wconf 89' lang='lat' dir='ltr'><strong>locum</strong></span> <span class='ocrx_word' id='word_1_83' title='bbox 1208 1180 1369 1235; x_wconf 80' lang='lat' dir='ltr'><strong>facile</strong></span> <span class='ocrx_word' id='word_1_84' title='bbox 1411 1181 1619 1236; x_wconf 87' lang='lat' dir='ltr'><strong>obtinet</strong></span> <span class='ocrx_word' id='word_1_85' title='bbox 1644 1180 1780 1236; x_wconf 91' lang='lat' dir='ltr'><strong>liber</strong></span> 
     </span>
    </p>
   </div>
   <div class='ocr_carea' id='block_1_12' title="bbox 204 1271 1796 1344">
    <p class='ocr_par' dir='ltr' id='par_1_12' title="bbox 204 1271 1796 1344">
     <span class='ocr_line' id='line_1_12' title="bbox 204 1271 1796 1344; baseline 0.006 -23"><span class='ocrx_word' id='word_1_86' title='bbox 204 1282 383 1337; x_wconf 85' lang='lat' dir='ltr'><strong>quem,</strong></span> <span class='ocrx_word' id='word_1_87' title='bbox 406 1282 531 1323; x_wconf 90' lang='lat' dir='ltr'><strong>cum</strong></span> <span class='ocrx_word' id='word_1_88' title='bbox 556 1271 733 1326; x_wconf 89' lang='lat' dir='ltr'><strong>adhuc</strong></span> <span class='ocrx_word' id='word_1_89' title='bbox 752 1273 902 1341; x_wconf 88' lang='lat' dir='ltr'><strong>prior</strong></span> <span class='ocrx_word' id='word_1_90' title='bbox 921 1281 1071 1328; x_wconf 85' lang='lat' dir='ltr'><strong>esset</strong></span> <span class='ocrx_word' id='word_1_91' title='bbox 1092 1274 1245 1329; x_wconf 85' lang='lat' dir='ltr'><strong>Becci</strong></span> <span class='ocrx_word' id='word_1_92' title='bbox 1264 1314 1280 1339; x_wconf 93' lang='lat'><strong>,</strong></span> <span class='ocrx_word' id='word_1_93' title='bbox 1317 1293 1333 1325; x_wconf 78' lang='grc' dir='ltr'>ι</span> <span class='ocrx_word' id='word_1_94' title='bbox 1369 1275 1443 1328; x_wconf 88' lang='lat' dir='ltr'><strong>De</strong></span> <span class='ocrx_word' id='word_1_95' title='bbox 1471 1290 1700 1344; x_wconf 86' lang='lat' dir='ltr'><strong>corpore</strong></span> <span class='ocrx_word' id='word_1_96' title='bbox 1724 1284 1796 1330; x_wconf 62' lang='lat' dir='ltr'><strong>et‘</strong></span> 
     </span>
    </p>
   </div>
   <div class='ocr_carea' id='block_1_13' title="bbox 204 1359 1776 1437">
    <p class='ocr_par' dir='ltr' id='par_1_13' title="bbox 204 1359 1776 1437">
     <span class='ocr_line' id='line_1_13' title="bbox 204 1359 1776 1437; baseline 0.007 -26"><span class='ocrx_word' id='word_1_97' title='bbox 204 1359 455 1429; x_wconf 74' lang='lat' dir='ltr'><strong>sanguine</strong></span> <span class='ocrx_word' id='word_1_98' title='bbox 510 1359 726 1416; x_wconf 89' lang='lat' dir='ltr'><strong>Domini</strong></span> <span class='ocrx_word' id='word_1_99' title='bbox 766 1382 785 1415; x_wconf 68' lang='grc' dir='ltr'><strong><em>ι</em></strong></span> <span class='ocrx_word' id='word_1_100' title='bbox 836 1364 1010 1418; x_wconf 85' lang='lat' dir='ltr'><strong>edidit</strong></span> <span class='ocrx_word' id='word_1_101' title='bbox 1060 1363 1324 1421; x_wconf 87' lang='lat' dir='ltr'><strong>adversus</strong></span> <span class='ocrx_word' id='word_1_102' title='bbox 1387 1366 1776 1437; x_wconf 84' lang='lat' dir='ltr'><strong>Berengarium</strong></span> 
     </span>
    </p>
   </div>
   <div class='ocr_carea' id='block_1_14' title="bbox 199 1450 1806 1525">
    <p class='ocr_par' dir='ltr' id='par_1_14' title="bbox 199 1450 1806 1525">
     <span class='ocr_line' id='line_1_14' title="bbox 199 1450 1806 1525; baseline 0.006 -21"><span class='ocrx_word' id='word_1_103' title='bbox 199 1450 633 1509; x_wconf 68' lang='lat' dir='ltr'><strong>lmmiarcham.</strong></span> <span class='ocrx_word' id='word_1_104' title='bbox 674 1453 829 1510; x_wconf 84' lang='lat' dir='ltr'><strong>Hunc</strong></span> <span class='ocrx_word' id='word_1_105' title='bbox 864 1456 1085 1525; x_wconf 89' lang='lat' dir='ltr'><strong>quidem</strong></span> <span class='ocrx_word' id='word_1_106' title='bbox 1132 1456 1247 1525; x_wconf 86' lang='lat' dir='ltr'><strong>jam</strong></span> <span class='ocrx_word' id='word_1_107' title='bbox 1297 1458 1464 1514; x_wconf 87' lang='lat' dir='ltr'><strong>semel</strong></span> <span class='ocrx_word' id='word_1_108' title='bbox 1497 1468 1552 1514; x_wconf 86' lang='lat' dir='ltr'><strong>et</strong></span> <span class='ocrx_word' id='word_1_109' title='bbox 1582 1457 1806 1514; x_wconf 88' lang='lat' dir='ltr'><strong>iterum-</strong></span> 
     </span>
    </p>
   </div>
   <div class='ocr_carea' id='block_1_15' title="bbox 201 1538 1778 1614">
    <p class='ocr_par' dir='ltr' id='par_1_15' title="bbox 201 1538 1778 1614">
     <span class='ocr_line' id='line_1_15' title="bbox 201 1538 1778 1614; baseline 0.01 -24"><span class='ocrx_word' id='word_1_110' title='bbox 201 1538 372 1595; x_wconf 78' lang='lat' dir='ltr'><strong>verbis</strong></span> <span class='ocrx_word' id='word_1_111' title='bbox 400 1542 817 1609; x_wconf 86' lang='lat' dir='ltr'><strong>confutaverat,</strong></span> <span class='ocrx_word' id='word_1_112' title='bbox 870 1545 1107 1614; x_wconf 89' lang='lat' dir='ltr'><strong>primum</strong></span> <span class='ocrx_word' id='word_1_113' title='bbox 1164 1550 1378 1604; x_wconf 86' lang='lat' dir='ltr'><strong>scilicet</strong></span> <span class='ocrx_word' id='word_1_114' title='bbox 1429 1550 1482 1604; x_wconf 94' lang='lat' dir='ltr'><strong>in</strong></span> <span class='ocrx_word' id='word_1_115' title='bbox 1537 1550 1778 1605; x_wconf 85' lang='lat' dir='ltr'><strong>Romana</strong></span> 
     </span>
    </p>
   </div>
   <div class='ocr_carea' id='block_1_16' title="bbox 195 1633 1779 1710">
    <p class='ocr_par' dir='ltr' id='par_1_16' title="bbox 195 1633 1779 1710">
     <span class='ocr_line' id='line_1_16' title="bbox 195 1633 1779 1710; baseline 0.008 -25"><span class='ocrx_word' id='word_1_116' title='bbox 195 1633 399 1701; x_wconf 81' lang='lat' dir='ltr'><strong>synodo</strong></span> <span class='ocrx_word' id='word_1_117' title='bbox 428 1643 697 1703; x_wconf 64' lang='lat' dir='ltr'><strong>prtesente</strong></span> <span class='ocrx_word' id='word_1_118' title='bbox 724 1652 938 1693; x_wconf 91' lang='lat' dir='ltr'><strong>summo</strong></span> <span class='ocrx_word' id='word_1_119' title='bbox 964 1640 1221 1710; x_wconf 84' lang='lat' dir='ltr'><strong>pontifice</strong></span> <span class='ocrx_word' id='word_1_120' title='bbox 1253 1640 1434 1698; x_wconf 81' lang='lat' dir='ltr'><strong>Leone</strong></span> <span class='ocrx_word' id='word_1_121' title='bbox 1452 1682 1469 1709; x_wconf 90' lang='lat'><strong>,</strong></span> <span class='ocrx_word' id='word_1_122' title='bbox 1498 1652 1555 1699; x_wconf 89' lang='lat' dir='ltr'><strong>et</strong></span> <span class='ocrx_word' id='word_1_123' title='bbox 1578 1642 1779 1699; x_wconf 89' lang='lat' dir='ltr'><strong>iterum</strong></span> 
     </span>
    </p>
   </div>
   <div class='ocr_carea' id='block_1_17' title="bbox 197 1722 1782 1807">
    <p class='ocr_par' dir='ltr' id='par_1_17' title="bbox 197 1722 1782 1807">
     <span class='ocr_line' id='line_1_17' title="bbox 197 1722 1782 1807; baseline 0.007 -30"><span class='ocrx_word' id='word_1_124' title='bbox 197 1722 247 1777; x_wconf 91' lang='lat' dir='ltr'><strong>in</strong></span> <span class='ocrx_word' id='word_1_125' title='bbox 300 1724 468 1779; x_wconf 84' lang='lat' dir='ltr'><strong>altera</strong></span> <span class='ocrx_word' id='word_1_126' title='bbox 516 1727 723 1807; x_wconf 83' lang='lat' dir='ltr'><strong>synodo</strong></span> <span class='ocrx_word' id='word_1_127' title='bbox 762 1743 897 1784; x_wconf 88' lang='lat' dir='ltr'><strong>cxttt</strong></span> <span class='ocrx_word' id='word_1_128' title='bbox 937 1731 1312 1803; x_wconf 89' lang='lat' dir='ltr'><strong>episcoporum</strong></span> <span class='ocrx_word' id='word_1_129' title='bbox 1338 1775 1353 1799; x_wconf 93' lang='lat'><strong>,</strong></span> <span class='ocrx_word' id='word_1_130' title='bbox 1380 1748 1567 1789; x_wconf 88' lang='lat' dir='ltr'><strong>coram</strong></span> <span class='ocrx_word' id='word_1_131' title='bbox 1621 1732 1782 1789; x_wconf 84' lang='lat' dir='ltr'><strong>Nico-</strong></span> 
     </span>
    </p>
   </div>
   <div class='ocr_carea' id='block_1_18' title="bbox 194 1796 1853 1893">
    <p class='ocr_par' dir='ltr' id='par_1_18' title="bbox 194 1796 1853 1893">
     <span class='ocr_line' id='line_1_18' title="bbox 194 1796 1853 1893; baseline 0.006 -23"><span class='ocrx_word' id='word_1_132' title='bbox 194 1816 360 1879; x_wconf 85' lang='lat' dir='ltr'><strong>laoll.</strong></span> <span class='ocrx_word' id='word_1_133' title='bbox 387 1820 479 1875; x_wconf 87' lang='lat' dir='ltr'><strong>ubi</strong></span> <span class='ocrx_word' id='word_1_134' title='bbox 526 1820 904 1893; x_wconf 82' lang='lat' dir='ltr'><strong>Berengarius,</strong></span> <span class='ocrx_word' id='word_1_135' title='bbox 939 1796 1189 1892; x_wconf 43' lang='lat' dir='ltr'><strong>abjnra-ta</strong></span> <span class='ocrx_word' id='word_1_136' title='bbox 1226 1796 1442 1891; x_wconf 75' lang='lat' dir='ltr'><strong>haeresi,</strong></span> <span class='ocrx_word' id='word_1_137' title='bbox 1495 1824 1777 1880; x_wconf 54' lang='lat' dir='ltr'><strong>catholica!</strong></span> <span class='ocrx_word' id='word_1_138' title='bbox 1811 1796 1853 1854; x_wconf 67' lang='grc' dir='ltr'><strong><em>Β</em></strong></span> 
     </span>
    </p>
   </div>
   <div class='ocr_carea' id='block_1_19' title="bbox 196 1906 1781 1985">
    <p class='ocr_par' dir='ltr' id='par_1_19' title="bbox 196 1906 1781 1985">
     <span class='ocr_line' id='line_1_19' title="bbox 196 1906 1781 1985; baseline 0.006 -23"><span class='ocrx_word' id='word_1_139' title='bbox 196 1906 315 1964; x_wconf 83' lang='lat' dir='ltr'><strong>fidei</strong></span> <span class='ocrx_word' id='word_1_140' title='bbox 351 1911 635 1969; x_wconf 79' lang='lat' dir='ltr'><strong>formulam</strong></span> <span class='ocrx_word' id='word_1_141' title='bbox 676 1915 854 1985; x_wconf 87' lang='lat' dir='ltr'><strong>palam</strong></span> <span class='ocrx_word' id='word_1_142' title='bbox 910 1914 1147 1985; x_wconf 85' lang='lat' dir='ltr'><strong>legerat,</strong></span> <span class='ocrx_word' id='word_1_143' title='bbox 1191 1924 1249 1972; x_wconf 93' lang='lat' dir='ltr'><strong>et</strong></span> <span class='ocrx_word' id='word_1_144' title='bbox 1293 1916 1345 1972; x_wconf 90' lang='lat' dir='ltr'><strong>ei</strong></span> <span class='ocrx_word' id='word_1_145' title='bbox 1396 1932 1517 1972; x_wconf 87' lang='lat' dir='ltr'><strong>sese</strong></span> <span class='ocrx_word' id='word_1_146' title='bbox 1565 1916 1781 1972; x_wconf 89' lang='lat' dir='ltr'><strong>sincero</strong></span> 
     </span>
    </p>
   </div>
   <div class='ocr_carea' id='block_1_20' title="bbox 192 1998 1803 2076">
    <p class='ocr_par' dir='ltr' id='par_1_20' title="bbox 192 1998 1803 2076">
     <span class='ocr_line' id='line_1_20' title="bbox 192 1998 1803 2076; baseline 0.005 -25"><span class='ocrx_word' id='word_1_147' title='bbox 192 1998 375 2054; x_wconf 89' lang='lat' dir='ltr'><strong>animo</strong></span> <span class='ocrx_word' id='word_1_148' title='bbox 395 2039 412 2065; x_wconf 93' lang='lat'><strong>,</strong></span> <span class='ocrx_word' id='word_1_149' title='bbox 441 2002 686 2058; x_wconf 89' lang='lat' dir='ltr'><strong>adhibito</strong></span> <span class='ocrx_word' id='word_1_150' title='bbox 717 2005 882 2059; x_wconf 90' lang='lat' dir='ltr'><strong>etiam</strong></span> <span class='ocrx_word' id='word_1_151' title='bbox 921 2004 1312 2074; x_wconf 77' lang='lat' dir='ltr'><strong>jurejurando,</strong></span> <span class='ocrx_word' id='word_1_152' title='bbox 1344 2007 1627 2061; x_wconf 65' lang='lat' dir='ltr'><strong>adhaerere</strong></span> <span class='ocrx_word' id='word_1_153' title='bbox 1657 2007 1803 2076; x_wconf 74' lang='lat' dir='ltr'><strong>pro-‘</strong></span> 
     </span>
    </p>
   </div>
   <div class='ocr_carea' id='block_1_21' title="bbox 194 2087 1781 2169">
    <p class='ocr_par' dir='ltr' id='par_1_21' title="bbox 194 2087 1781 2169">
     <span class='ocr_line' id='line_1_21' title="bbox 194 2087 1781 2169; baseline 0.008 -27"><span class='ocrx_word' id='word_1_154' title='bbox 194 2087 370 2146; x_wconf 86' lang='lat' dir='ltr'><strong>fessus</strong></span> <span class='ocrx_word' id='word_1_155' title='bbox 395 2091 607 2162; x_wconf 83' lang='lat' dir='ltr'><strong>fuerat,</strong></span> <span class='ocrx_word' id='word_1_156' title='bbox 637 2096 794 2152; x_wconf 85' lang='lat' dir='ltr'><strong>libris</strong></span> <span class='ocrx_word' id='word_1_157' title='bbox 841 2111 958 2153; x_wconf 88' lang='lat' dir='ltr'><strong>suts</strong></span> <span class='ocrx_word' id='word_1_158' title='bbox 989 2099 1041 2152; x_wconf 93' lang='lat' dir='ltr'><strong>in</strong></span> <span class='ocrx_word' id='word_1_159' title='bbox 1080 2098 1256 2168; x_wconf 88' lang='lat' dir='ltr'><strong>ignem</strong></span> <span class='ocrx_word' id='word_1_160' title='bbox 1304 2095 1562 2169; x_wconf 88' lang='lat' dir='ltr'><strong>projectis</strong></span> <span class='ocrx_word' id='word_1_161' title='bbox 1598 2114 1781 2154; x_wconf 90' lang='lat' dir='ltr'><strong>coram</strong></span> 
     </span>
    </p>
   </div>
   <div class='ocr_carea' id='block_1_22' title="bbox 190 2182 1784 2259">
    <p class='ocr_par' dir='ltr' id='par_1_22' title="bbox 190 2182 1784 2259">
     <span class='ocr_line' id='line_1_22' title="bbox 190 2182 1784 2259; baseline 0.005 -24"><span class='ocrx_word' id='word_1_162' title='bbox 190 2182 448 2239; x_wconf 83' lang='lat' dir='ltr'><strong>universa</strong></span> <span class='ocrx_word' id='word_1_163' title='bbox 500 2188 741 2258; x_wconf 84' lang='lat' dir='ltr'><strong>synodo;</strong></span> <span class='ocrx_word' id='word_1_164' title='bbox 795 2188 956 2259; x_wconf 87' lang='lat' dir='ltr'><strong>paulo</strong></span> <span class='ocrx_word' id='word_1_165' title='bbox 1008 2199 1132 2259; x_wconf 92' lang='lat' dir='ltr'><strong>post</strong></span> <span class='ocrx_word' id='word_1_166' title='bbox 1175 2198 1356 2244; x_wconf 90' lang='lat' dir='ltr'><strong>tamen</strong></span> <span class='ocrx_word' id='word_1_167' title='bbox 1411 2191 1477 2245; x_wconf 92' lang='lat' dir='ltr'><strong>ad</strong></span> <span class='ocrx_word' id='word_1_168' title='bbox 1521 2186 1784 2245; x_wconf 87' lang='lat' dir='ltr'><strong>vomitum</strong></span> 
     </span>
    </p>
   </div>
   <div class='ocr_carea' id='block_1_23' title="bbox 190 2281 1804 2351">
    <p class='ocr_par' dir='ltr' id='par_1_23' title="bbox 190 2281 1804 2351">
     <span class='ocr_line' id='line_1_23' title="bbox 190 2281 1804 2351; baseline 0.006 -25"><span class='ocrx_word' id='word_1_169' title='bbox 190 2284 351 2329; x_wconf 80' lang='lat' dir='ltr'><strong>suum</strong></span> <span class='ocrx_word' id='word_1_170' title='bbox 391 2291 652 2333; x_wconf 84' lang='lat' dir='ltr'><strong>reversus</strong></span> <span class='ocrx_word' id='word_1_171' title='bbox 675 2319 691 2341; x_wconf 89' lang='lat'><strong>,</strong></span> <span class='ocrx_word' id='word_1_172' title='bbox 730 2297 750 2330; x_wconf 72' lang='grc' dir='ltr'><strong>ε</strong></span> <span class='ocrx_word' id='word_1_173' title='bbox 788 2281 1113 2349; x_wconf 81' lang='lat' dir='ltr'><strong>pravitatem</strong></span> <span class='ocrx_word' id='word_1_174' title='bbox 1147 2295 1335 2345; x_wconf 89' lang='lat' dir='ltr'><strong>suam,</strong></span> <span class='ocrx_word' id='word_1_175' title='bbox 1366 2299 1385 2333; x_wconf 70' lang='grc' dir='ltr'><strong>ι</strong></span> <span class='ocrx_word' id='word_1_176' title='bbox 1438 2282 1613 2351; x_wconf 86' lang='lat' dir='ltr'><strong>inquit</strong></span> <span class='ocrx_word' id='word_1_177' title='bbox 1641 2282 1804 2336; x_wconf 86' lang='lat' dir='ltr'><strong>Lan-&#39;</strong></span> 
     </span>
    </p>
   </div>
   <div class='ocr_carea' id='block_1_24' title="bbox 188 2362 1791 2441">
    <p class='ocr_par' dir='ltr' id='par_1_24' title="bbox 188 2362 1791 2441">
     <span class='ocr_line' id='line_1_24' title="bbox 188 2362 1791 2441; baseline 0.005 -24"><span class='ocrx_word' id='word_1_178' title='bbox 188 2362 456 2429; x_wconf 85' lang='lat' dir='ltr'><strong>francus,</strong></span> <span class='ocrx_word' id='word_1_179' title='bbox 494 2384 513 2419; x_wconf 73' lang='grc' dir='ltr'>ε</span> <span class='ocrx_word' id='word_1_180' title='bbox 550 2367 902 2424; x_wconf 82' lang='lat' dir='ltr'><strong>clandestinis</strong></span> <span class='ocrx_word' id='word_1_181' title='bbox 936 2370 1395 2440; x_wconf 85' lang='lat' dir='ltr'><strong>disputationibus</strong></span> <span class='ocrx_word' id='word_1_182' title='bbox 1435 2371 1575 2441; x_wconf 90' lang='lat' dir='ltr'><strong>apud</strong></span> <span class='ocrx_word' id='word_1_183' title='bbox 1621 2371 1791 2441; x_wconf 79' lang='lat' dir='ltr'><strong>impe-</strong></span> 
     </span>
    </p>
   </div>
   <div class='ocr_carea' id='block_1_25' title="bbox 188 2458 1789 2533">
    <p class='ocr_par' dir='ltr' id='par_1_25' title="bbox 188 2458 1789 2533">
     <span class='ocr_line' id='line_1_25' title="bbox 188 2458 1789 2533; baseline 0.004 -22"><span class='ocrx_word' id='word_1_184' title='bbox 188 2458 233 2511; x_wconf 73' lang='lat' dir='ltr'><strong>r7</strong></span> <span class='ocrx_word' id='word_1_185' title='bbox 245 2466 330 2512; x_wconf 89' lang='lat' dir='ltr'><strong>tos</strong></span> <span class='ocrx_word' id='word_1_186' title='bbox 357 2458 499 2513; x_wconf 91' lang='lat' dir='ltr'><strong>tueri</strong></span> <span class='ocrx_word' id='word_1_187' title='bbox 527 2478 546 2512; x_wconf 73' lang='grc' dir='ltr'><strong><em>ι</em></strong></span> <span class='ocrx_word' id='word_1_188' title='bbox 563 2462 882 2516; x_wconf 74' lang='lat' dir='ltr'><strong>cenabatur.</strong></span> <span class='ocrx_word' id='word_1_189' title='bbox 905 2462 1011 2518; x_wconf 88' lang='lat' dir='ltr'><strong>Sed</strong></span> <span class='ocrx_word' id='word_1_190' title='bbox 1040 2463 1092 2517; x_wconf 89' lang='lat' dir='ltr'><strong>id</strong></span> <span class='ocrx_word' id='word_1_191' title='bbox 1118 2464 1337 2533; x_wconf 89' lang='lat' dir='ltr'><strong>impune</strong></span> <span class='ocrx_word' id='word_1_192' title='bbox 1362 2479 1466 2517; x_wconf 92' lang='lat' dir='ltr'><strong>non</strong></span> <span class='ocrx_word' id='word_1_193' title='bbox 1492 2464 1641 2529; x_wconf 91' lang='lat' dir='ltr'><strong>tulit;</strong></span> <span class='ocrx_word' id='word_1_194' title='bbox 1665 2479 1789 2519; x_wconf 90' lang='lat' dir='ltr'><strong>nam</strong></span> 
     </span>
    </p>
   </div>
   <div class='ocr_carea' id='block_1_26' title="bbox 188 2546 1787 2621">
    <p class='ocr_par' dir='ltr' id='par_1_26' title="bbox 188 2546 1787 2621">
     <span class='ocr_line' id='line_1_26' title="bbox 188 2546 1787 2621; baseline 0.008 -21"><span class='ocrx_word' id='word_1_195' title='bbox 188 2546 571 2617; x_wconf 83' lang='lat' dir='ltr'><strong>Lanfrancus,</strong></span> <span class='ocrx_word' id='word_1_196' title='bbox 609 2559 669 2605; x_wconf 90' lang='lat' dir='ltr'><strong>ut</strong></span> <span class='ocrx_word' id='word_1_197' title='bbox 698 2547 929 2607; x_wconf 83' lang='lat' dir='ltr'><strong>testatur</strong></span> <span class='ocrx_word' id='word_1_198' title='bbox 956 2553 1227 2610; x_wconf 90' lang='lat' dir='ltr'><strong>Baronins</strong></span> <span class='ocrx_word' id='word_1_199' title='bbox 1249 2594 1263 2619; x_wconf 94' lang='lat'><strong>,</strong></span> <span class='ocrx_word' id='word_1_200' title='bbox 1291 2555 1357 2608; x_wconf 91' lang='lat' dir='ltr'><strong>ad</strong></span> <span class='ocrx_word' id='word_1_201' title='bbox 1389 2569 1588 2610; x_wconf 88' lang='lat' dir='ltr'><strong>annum</strong></span> <span class='ocrx_word' id='word_1_202' title='bbox 1620 2557 1787 2621; x_wconf 72' lang='lat'><strong>1059,</strong></span> 
     </span>
    </p>
   </div>
   <div class='ocr_carea' id='block_1_27' title="bbox 189 2639 1788 2712">
    <p class='ocr_par' dir='ltr' id='par_1_27' title="bbox 189 2639 1788 2712">
     <span class='ocr_line' id='line_1_27' title="bbox 189 2639 1788 2712; baseline 0.005 -19"><span class='ocrx_word' id='word_1_203' title='bbox 189 2639 333 2693; x_wconf 87' lang='lat' dir='ltr'><strong>libro</strong></span> <span class='ocrx_word' id='word_1_204' title='bbox 364 2640 630 2696; x_wconf 86' lang='lat' dir='ltr'><strong>adversus</strong></span> <span class='ocrx_word' id='word_1_205' title='bbox 672 2656 796 2699; x_wconf 87' lang='lat' dir='ltr'><strong>eum</strong></span> <span class='ocrx_word' id='word_1_206' title='bbox 845 2658 912 2698; x_wconf 87' lang='lat' dir='ltr'><strong>ac</strong></span> <span class='ocrx_word' id='word_1_207' title='bbox 938 2642 1058 2712; x_wconf 90' lang='lat' dir='ltr'><strong>ejus</strong></span> <span class='ocrx_word' id='word_1_208' title='bbox 1085 2659 1305 2700; x_wconf 92' lang='lat' dir='ltr'><strong>errores</strong></span> <span class='ocrx_word' id='word_1_209' title='bbox 1346 2646 1523 2709; x_wconf 89' lang='lat' dir='ltr'><strong>edito,</strong></span> <span class='ocrx_word' id='word_1_210' title='bbox 1561 2665 1580 2698; x_wconf 76' lang='grc' dir='ltr'>ι</span> <span class='ocrx_word' id='word_1_211' title='bbox 1629 2661 1788 2700; x_wconf 71' lang='grc' dir='ltr'><strong>πνοο</strong></span> 
     </span>
    </p>
   </div>
   <div class='ocr_carea' id='block_1_28' title="bbox 192 2731 1790 2801">
    <p class='ocr_par' dir='ltr' id='par_1_28' title="bbox 192 2731 1790 2801">
     <span class='ocr_line' id='line_1_28' title="bbox 192 2731 1790 2801; baseline 0.007 -19"><span class='ocrx_word' id='word_1_212' title='bbox 192 2731 377 2800; x_wconf 83' lang='lat' dir='ltr'><strong>gantis</strong></span> <span class='ocrx_word' id='word_1_213' title='bbox 405 2732 786 2787; x_wconf 67' lang='lat' dir='ltr'><strong>ltmresiarcltte</strong></span> <span class='ocrx_word' id='word_1_214' title='bbox 820 2735 1025 2789; x_wconf 90' lang='lat' dir='ltr'><strong>retudit</strong></span> <span class='ocrx_word' id='word_1_215' title='bbox 1054 2735 1371 2801; x_wconf 89' lang='lat' dir='ltr'><strong>audaciam,</strong></span> <span class='ocrx_word' id='word_1_216' title='bbox 1403 2735 1602 2792; x_wconf 90' lang='lat' dir='ltr'><strong>refellit</strong></span> <span class='ocrx_word' id='word_1_217' title='bbox 1629 2753 1790 2793; x_wconf 68' lang='lat' dir='ltr'><strong>erro»</strong></span> 
     </span>
    </p>
   </div>
   <div class='ocr_carea' id='block_1_29' title="bbox 194 2823 1787 2899">
    <p class='ocr_par' dir='ltr' id='par_1_29' title="bbox 194 2823 1787 2899">
     <span class='ocr_line' id='line_1_29' title="bbox 194 2823 1787 2899; baseline 0.004 -23"><span class='ocrx_word' id='word_1_218' title='bbox 194 2837 321 2889; x_wconf 84' lang='lat' dir='ltr'><strong>res,</strong></span> <span class='ocrx_word' id='word_1_219' title='bbox 394 2823 648 2879; x_wconf 80' lang='lat' dir='ltr'><strong>dissolvit</strong></span> <span class='ocrx_word' id='word_1_220' title='bbox 713 2823 982 2889; x_wconf 82' lang='lat' dir='ltr'><strong>fallacias,</strong></span> <span class='ocrx_word' id='word_1_221' title='bbox 1044 2824 1411 2896; x_wconf 85' lang='lat' dir='ltr'><strong>blasphemias</strong></span> <span class='ocrx_word' id='word_1_222' title='bbox 1476 2828 1787 2899; x_wconf 75' lang='lat' dir='ltr'><strong>redarguit,</strong></span> 
     </span>
    </p>
   </div>
   <div class='ocr_carea' id='block_1_30' title="bbox 192 2916 1789 2989">
    <p class='ocr_par' dir='ltr' id='par_1_30' title="bbox 192 2916 1789 2989">
     <span class='ocr_line' id='line_1_30' title="bbox 192 2916 1789 2989; baseline 0.004 -21"><span class='ocrx_word' id='word_1_223' title='bbox 192 2924 528 2970; x_wconf 86' lang='lat' dir='ltr'><strong>convertens</strong></span> <span class='ocrx_word' id='word_1_224' title='bbox 550 2930 647 2971; x_wconf 88' lang='lat' dir='ltr'><strong>eas</strong></span> <span class='ocrx_word' id='word_1_225' title='bbox 676 2916 729 2970; x_wconf 90' lang='lat' dir='ltr'><strong>in</strong></span> <span class='ocrx_word' id='word_1_226' title='bbox 766 2926 928 2988; x_wconf 88' lang='lat' dir='ltr'><strong>caput</strong></span> <span class='ocrx_word' id='word_1_227' title='bbox 959 2917 1157 2989; x_wconf 89' lang='lat' dir='ltr'><strong>ipsius,</strong></span> <span class='ocrx_word' id='word_1_228' title='bbox 1196 2938 1213 2969; x_wconf 76' lang='grc' dir='ltr'><strong>ι</strong></span> <span class='ocrx_word' id='word_1_229' title='bbox 1254 2927 1362 2974; x_wconf 88' lang='lat' dir='ltr'><strong>etc.</strong></span> <span class='ocrx_word' id='word_1_230' title='bbox 1398 2919 1552 2974; x_wconf 89' lang='lat' dir='ltr'><strong>Hunc</strong></span> <span class='ocrx_word' id='word_1_231' title='bbox 1591 2918 1789 2975; x_wconf 88' lang='lat' dir='ltr'><strong>librum</strong></span> 
     </span>
    </p>
   </div>
   <div class='ocr_carea' id='block_1_31' title="bbox 194 3004 1792 3067">
    <p class='ocr_par' dir='ltr' id='par_1_31' title="bbox 194 3004 1792 3067">
     <span class='ocr_line' id='line_1_31' title="bbox 194 3004 1792 3067; baseline 0.004 -6"><span class='ocrx_word' id='word_1_232' title='bbox 194 3004 446 3063; x_wconf 79' lang='lat' dir='ltr'><strong>Joannes</strong></span> <span class='ocrx_word' id='word_1_233' title='bbox 492 3008 823 3064; x_wconf 88' lang='lat' dir='ltr'><strong>Bromtonus</strong></span> <span class='ocrx_word' id='word_1_234' title='bbox 862 3009 1030 3065; x_wconf 85' lang='lat' dir='ltr'><strong>abbas</strong></span> <span class='ocrx_word' id='word_1_235' title='bbox 1063 3008 1398 3067; x_wconf 83' lang='lat' dir='ltr'><strong>Jornalensis</strong></span> <span class='ocrx_word' id='word_1_236' title='bbox 1427 3012 1480 3065; x_wconf 91' lang='lat' dir='ltr'><strong>in</strong></span> <span class='ocrx_word' id='word_1_237' title='bbox 1515 3011 1792 3067; x_wconf 91' lang='lat' dir='ltr'><strong>Chronico</strong></span> 
     </span>
    </p>
   </div>
   <div class='ocr_carea' id='block_1_32' title="bbox 1877 539 3442 613">
    <p class='ocr_par' dir='ltr' id='par_1_32' title="bbox 1877 539 3442 613">
     <span class='ocr_line' id='line_1_32' title="bbox 1877 539 3442 613; baseline 0.001 -19"><span class='ocrx_word' id='word_1_238' title='bbox 1877 539 2076 594; x_wconf 77' lang='lat' dir='ltr'><strong>tiiicum</strong></span> <span class='ocrx_word' id='word_1_239' title='bbox 2107 541 2435 613; x_wconf 75' lang='lat' dir='ltr'><strong>Anglorum,</strong></span> <span class='ocrx_word' id='word_1_240' title='bbox 2467 541 2555 595; x_wconf 88' lang='lat' dir='ltr'><strong>ttbi</strong></span> <span class='ocrx_word' id='word_1_241' title='bbox 2605 541 2671 595; x_wconf 90' lang='lat' dir='ltr'><strong>de</strong></span> <span class='ocrx_word' id='word_1_242' title='bbox 2714 540 3025 596; x_wconf 87' lang='lat' dir='ltr'><strong>Lanfranco</strong></span> <span class='ocrx_word' id='word_1_243' title='bbox 3057 542 3137 596; x_wconf 84' lang='lat' dir='ltr'><strong>sic</strong></span> <span class='ocrx_word' id='word_1_244' title='bbox 3166 542 3403 610; x_wconf 86' lang='lat' dir='ltr'><strong>loquitur</strong></span> <span class='ocrx_word' id='word_1_245' title='bbox 3430 561 3442 575; x_wconf 72' lang='grc' dir='ltr'><strong>ο</strong></span> 
     </span>
    </p>
   </div>
   <div class='ocr_carea' id='block_1_33' title="bbox 1881 628 3447 701">
    <p class='ocr_par' dir='ltr' id='par_1_33' title="bbox 1881 628 3447 701">
     <span class='ocr_line' id='line_1_33' title="bbox 1881 628 3447 701; baseline 0.003 -22"><span class='ocrx_word' id='word_1_246' title='bbox 1881 654 1898 679; x_wconf 80' lang='grc' dir='ltr'>ι</span> <span class='ocrx_word' id='word_1_247' title='bbox 1920 628 2268 685; x_wconf 48' lang='lat' dir='ltr'><strong>‘Litteratttra</strong></span> <span class='ocrx_word' id='word_1_248' title='bbox 2300 630 2629 701; x_wconf 79' lang='lat' dir='ltr'><strong>periitsignis</strong></span> <span class='ocrx_word' id='word_1_249' title='bbox 2655 629 2909 685; x_wconf 87' lang='lat' dir='ltr'><strong>liberales</strong></span> <span class='ocrx_word' id='word_1_250' title='bbox 2932 640 3109 694; x_wconf 90' lang='lat' dir='ltr'><strong>artes,</strong></span> <span class='ocrx_word' id='word_1_251' title='bbox 3145 646 3265 700; x_wconf 71' lang='lat' dir='ltr'><strong>qua:</strong></span> <span class='ocrx_word' id='word_1_252' title='bbox 3303 632 3447 701; x_wconf 48' lang='lat' dir='ltr'><strong>jauta</strong></span> 
     </span>
    </p>
   </div>
   <div class='ocr_carea' id='block_1_34' title="bbox 1876 719 3450 787">
    <p class='ocr_par' dir='ltr' id='par_1_34' title="bbox 1876 719 3450 787">
     <span class='ocr_line' id='line_1_34' title="bbox 1876 719 3450 787; baseline -0.001 -10"><span class='ocrx_word' id='word_1_253' title='bbox 1876 722 2075 777; x_wconf 88' lang='lat' dir='ltr'><strong>dudum</strong></span> <span class='ocrx_word' id='word_1_254' title='bbox 2109 725 2464 787; x_wconf 89' lang='lat' dir='ltr'><strong>sorduerant,</strong></span> <span class='ocrx_word' id='word_1_255' title='bbox 2495 722 2704 777; x_wconf 73' lang='lat' dir='ltr'><strong>elatio</strong></span> <span class='ocrx_word' id='word_1_256' title='bbox 2744 723 2796 776; x_wconf 93' lang='lat' dir='ltr'><strong>in</strong></span> <span class='ocrx_word' id='word_1_257' title='bbox 2843 719 3044 779; x_wconf 85' lang='lat' dir='ltr'><strong>Gallias</strong></span> <span class='ocrx_word' id='word_1_258' title='bbox 3076 737 3275 778; x_wconf 89' lang='lat' dir='ltr'><strong>vocans</strong></span> <span class='ocrx_word' id='word_1_259' title='bbox 3325 738 3450 777; x_wconf 56' lang='lat' dir='ltr'><strong>acn-</strong></span> 
     </span>
    </p>
   </div>
   <div class='ocr_carea' id='block_1_35' title="bbox 1844 811 3451 882">
    <p class='ocr_par' dir='ltr' id='par_1_35' title="bbox 1844 811 3451 882">
     <span class='ocr_line' id='line_1_35' title="bbox 1844 811 3451 882; baseline -0.001 -16"><span class='ocrx_word' id='word_1_260' title='bbox 1844 813 2022 867; x_wconf 26' lang='lat' dir='ltr'><strong>.mine</strong></span> <span class='ocrx_word' id='word_1_261' title='bbox 2072 827 2173 871; x_wconf 90' lang='lat' dir='ltr'><strong>suo</strong></span> <span class='ocrx_word' id='word_1_262' title='bbox 2215 812 2565 882; x_wconf 83' lang='lat' dir='ltr'><strong>expolivit....</strong></span> <span class='ocrx_word' id='word_1_263' title='bbox 2612 811 2793 866; x_wconf 86' lang='lat' dir='ltr'><strong>Exivit</strong></span> <span class='ocrx_word' id='word_1_264' title='bbox 2840 812 2984 866; x_wconf 88' lang='lat' dir='ltr'><strong>fama</strong></span> <span class='ocrx_word' id='word_1_265' title='bbox 3034 811 3154 880; x_wconf 91' lang='lat' dir='ltr'><strong>ejus</strong></span> <span class='ocrx_word' id='word_1_266' title='bbox 3203 813 3451 866; x_wconf 82' lang='lat' dir='ltr'><strong>remotis-</strong></span> 
     </span>
    </p>
   </div>
   <div class='ocr_carea' id='block_1_36' title="bbox 1878 906 3455 977">
    <p class='ocr_par' dir='ltr' id='par_1_36' title="bbox 1878 906 3455 977">
     <span class='ocr_line' id='line_1_36' title="bbox 1878 906 3455 977; baseline -0.003 -15"><span class='ocrx_word' id='word_1_267' title='bbox 1878 908 2046 962; x_wconf 83' lang='lat' dir='ltr'><strong>sitnas</strong></span> <span class='ocrx_word' id='word_1_268' title='bbox 2074 907 2385 961; x_wconf 85' lang='lat' dir='ltr'><strong>Latinitatis</strong></span> <span class='ocrx_word' id='word_1_269' title='bbox 2423 906 2640 977; x_wconf 82' lang='lat' dir='ltr'><strong>plagas,</strong></span> <span class='ocrx_word' id='word_1_270' title='bbox 2671 916 2898 976; x_wconf 88' lang='lat' dir='ltr'><strong>eratque</strong></span> <span class='ocrx_word' id='word_1_271' title='bbox 2938 906 3168 961; x_wconf 84' lang='lat' dir='ltr'><strong>Beccum</strong></span> <span class='ocrx_word' id='word_1_272' title='bbox 3200 916 3455 975; x_wconf 82' lang='lat' dir='ltr'><strong>magnum</strong></span> 
     </span>
    </p>
   </div>
   <div class='ocr_carea' id='block_1_37' title="bbox 1877 997 3455 1071">
    <p class='ocr_par' dir='ltr' id='par_1_37' title="bbox 1877 997 3455 1071">
     <span class='ocr_line' id='line_1_37' title="bbox 1877 997 3455 1071; baseline -0.002 -17"><span class='ocrx_word' id='word_1_273' title='bbox 1877 1008 1932 1054; x_wconf 89' lang='lat' dir='ltr'><strong>et</strong></span> <span class='ocrx_word' id='word_1_274' title='bbox 1975 1000 2237 1054; x_wconf 88' lang='lat' dir='ltr'><strong>famosum</strong></span> <span class='ocrx_word' id='word_1_275' title='bbox 2282 999 2598 1054; x_wconf 69' lang='lat' dir='ltr'><strong>litteratum</strong></span> <span class='ocrx_word' id='word_1_276' title='bbox 2645 999 3007 1071; x_wconf 86' lang='lat' dir='ltr'><strong>gymnasium.</strong></span> <span class='ocrx_word' id='word_1_277' title='bbox 3072 1017 3090 1051; x_wconf 83' lang='grc'><strong>›</strong></span> <span class='ocrx_word' id='word_1_278' title='bbox 3125 998 3272 1053; x_wconf 86' lang='lat' dir='ltr'><strong>Inter</strong></span> <span class='ocrx_word' id='word_1_279' title='bbox 3317 997 3455 1053; x_wconf 58' lang='lat' dir='ltr'><strong>celeo</strong></span> 
     </span>
    </p>
   </div>
   <div class='ocr_carea' id='block_1_38' title="bbox 1880 1087 3464 1157">
    <p class='ocr_par' dir='ltr' id='par_1_38' title="bbox 1880 1087 3464 1157">
     <span class='ocr_line' id='line_1_38' title="bbox 1880 1087 3464 1157; baseline -0.003 -12"><span class='ocrx_word' id='word_1_280' title='bbox 1880 1090 2091 1145; x_wconf 87' lang='lat' dir='ltr'><strong>briores</strong></span> <span class='ocrx_word' id='word_1_281' title='bbox 2137 1088 2425 1143; x_wconf 85' lang='lat' dir='ltr'><strong>Lanfranci</strong></span> <span class='ocrx_word' id='word_1_282' title='bbox 2482 1088 2776 1157; x_wconf 74' lang='lat' dir='ltr'><strong>discipulos</strong></span> <span class='ocrx_word' id='word_1_283' title='bbox 2823 1098 3177 1143; x_wconf 88' lang='lat' dir='ltr'><strong>recensentur</strong></span> <span class='ocrx_word' id='word_1_284' title='bbox 3221 1087 3464 1141; x_wconf 74' lang='lat' dir='ltr'><strong>Alexan—‘</strong></span> 
     </span>
    </p>
   </div>
   <div class='ocr_carea' id='block_1_39' title="bbox 1879 1166 3467 1250">
    <p class='ocr_par' dir='ltr' id='par_1_39' title="bbox 1879 1166 3467 1250">
     <span class='ocr_line' id='line_1_39' title="bbox 1879 1166 3467 1250; baseline 0 -16"><span class='ocrx_word' id='word_1_285' title='bbox 1879 1180 1975 1234; x_wconf 89' lang='lat' dir='ltr'><strong>der</strong></span> <span class='ocrx_word' id='word_1_286' title='bbox 2004 1181 2074 1246; x_wconf 94' lang='lat' dir='ltr'><strong>ll,</strong></span> <span class='ocrx_word' id='word_1_287' title='bbox 2123 1198 2371 1236; x_wconf 88' lang='lat' dir='ltr'><strong>summus</strong></span> <span class='ocrx_word' id='word_1_288' title='bbox 2420 1181 2695 1250; x_wconf 83' lang='lat' dir='ltr'><strong>pontifex,</strong></span> <span class='ocrx_word' id='word_1_289' title='bbox 2741 1180 3103 1236; x_wconf 84' lang='lat' dir='ltr'><strong>Gnitmnndns</strong></span> <span class='ocrx_word' id='word_1_290' title='bbox 3146 1166 3467 1234; x_wconf 78' lang='lat' dir='ltr'><strong>Aver‘sat:us</strong></span> 
     </span>
    </p>
   </div>
   <div class='ocr_carea' id='block_1_40' title="bbox 1881 1270 3458 1341">
    <p class='ocr_par' dir='ltr' id='par_1_40' title="bbox 1881 1270 3458 1341">
     <span class='ocr_line' id='line_1_40' title="bbox 1881 1270 3458 1341; baseline 0 -18"><span class='ocrx_word' id='word_1_291' title='bbox 1881 1281 2064 1339; x_wconf 88' lang='lat' dir='ltr'><strong>postea</strong></span> <span class='ocrx_word' id='word_1_292' title='bbox 2094 1270 2536 1341; x_wconf 84' lang='lat' dir='ltr'><strong>archiepiscopus</strong></span> <span class='ocrx_word' id='word_1_293' title='bbox 2558 1311 2571 1333; x_wconf 93' lang='lat'><strong>,</strong></span> <span class='ocrx_word' id='word_1_294' title='bbox 2625 1270 2942 1326; x_wconf 86' lang='lat' dir='ltr'><strong>Guillelntus</strong></span> <span class='ocrx_word' id='word_1_295' title='bbox 2972 1270 3423 1341; x_wconf 82' lang='lat' dir='ltr'><strong>Rothomagensis</strong></span> <span class='ocrx_word' id='word_1_296' title='bbox 3444 1309 3458 1335; x_wconf 97' lang='lat'><strong>,</strong></span> 
     </span>
    </p>
   </div>
   <div class='ocr_carea' id='block_1_41' title="bbox 1881 1361 3462 1433">
    <p class='ocr_par' dir='ltr' id='par_1_41' title="bbox 1881 1361 3462 1433">
     <span class='ocr_line' id='line_1_41' title="bbox 1881 1361 3462 1433; baseline -0.003 -14"><span class='ocrx_word' id='word_1_297' title='bbox 1881 1364 2179 1419; x_wconf 83' lang='lat' dir='ltr'><strong>llernostus</strong></span> <span class='ocrx_word' id='word_1_298' title='bbox 2209 1372 2263 1419; x_wconf 89' lang='lat' dir='ltr'><strong>et</strong></span> <span class='ocrx_word' id='word_1_299' title='bbox 2289 1363 2595 1419; x_wconf 88' lang='lat' dir='ltr'><strong>Gundulfus</strong></span> <span class='ocrx_word' id='word_1_300' title='bbox 2644 1363 2884 1433; x_wconf 82' lang='lat' dir='ltr'><strong>episcopi</strong></span> <span class='ocrx_word' id='word_1_301' title='bbox 2934 1361 3250 1425; x_wconf 79' lang='lat' dir='ltr'><strong>Roifcnses,</strong></span> <span class='ocrx_word' id='word_1_302' title='bbox 3298 1361 3462 1415; x_wconf 81' lang='lat' dir='ltr'><strong>Fnlro</strong></span> 
     </span>
    </p>
   </div>
   <div class='ocr_carea' id='block_1_42' title="bbox 1880 1446 3493 1519">
    <p class='ocr_par' dir='ltr' id='par_1_42' title="bbox 1880 1446 3493 1519">
     <span class='ocr_line' id='line_1_42' title="bbox 1880 1446 3493 1519; baseline -0.002 -9"><span class='ocrx_word' id='word_1_303' title='bbox 1880 1454 2248 1519; x_wconf 76' lang='lat' dir='ltr'><strong>Belvacensis,</strong></span> <span class='ocrx_word' id='word_1_304' title='bbox 2271 1453 2364 1509; x_wconf 85' lang='lat' dir='ltr'><strong>lvo</strong></span> <span class='ocrx_word' id='word_1_305' title='bbox 2392 1453 2780 1513; x_wconf 87' lang='lat' dir='ltr'><strong>Carnotensis.</strong></span> <span class='ocrx_word' id='word_1_306' title='bbox 2810 1464 2867 1507; x_wconf 89' lang='lat' dir='ltr'><strong>ut</strong></span> <span class='ocrx_word' id='word_1_307' title='bbox 2891 1454 3046 1507; x_wconf 88' lang='lat' dir='ltr'><strong>testis</strong></span> <span class='ocrx_word' id='word_1_308' title='bbox 3075 1462 3160 1507; x_wconf 87' lang='lat' dir='ltr'><strong>est</strong></span> <span class='ocrx_word' id='word_1_309' title='bbox 3190 1450 3463 1506; x_wconf 82' lang='lat' dir='ltr'><strong>Rohertns</strong></span> <span class='ocrx_word' id='word_1_310' title='bbox 3492 1446 3493 1449; x_wconf 47' lang='grc'><em>“</em></span> 
     </span>
    </p>
   </div>
   <div class='ocr_carea' id='block_1_43' title="bbox 1881 1541 3466 1615">
    <p class='ocr_par' dir='ltr' id='par_1_43' title="bbox 1881 1541 3466 1615">
     <span class='ocr_line' id='line_1_43' title="bbox 1881 1541 3466 1615; baseline -0.003 -14"><span class='ocrx_word' id='word_1_311' title='bbox 1881 1547 1947 1601; x_wconf 90' lang='lat' dir='ltr'><strong>de</strong></span> <span class='ocrx_word' id='word_1_312' title='bbox 1997 1546 2206 1610; x_wconf 86' lang='lat' dir='ltr'><strong>Monte,</strong></span> <span class='ocrx_word' id='word_1_313' title='bbox 2244 1544 2445 1615; x_wconf 87' lang='lat' dir='ltr'><strong>aliique</strong></span> <span class='ocrx_word' id='word_1_314' title='bbox 2493 1560 2656 1615; x_wconf 90' lang='lat' dir='ltr'><strong>quam</strong></span> <span class='ocrx_word' id='word_1_315' title='bbox 2706 1544 2955 1615; x_wconf 86' lang='lat' dir='ltr'><strong>plurimi,</strong></span> <span class='ocrx_word' id='word_1_316' title='bbox 3016 1544 3101 1613; x_wconf 79' lang='lat' dir='ltr'><strong>1ni</strong></span> <span class='ocrx_word' id='word_1_317' title='bbox 3151 1542 3216 1596; x_wconf 90' lang='lat' dir='ltr'><strong>ad</strong></span> <span class='ocrx_word' id='word_1_318' title='bbox 3270 1541 3466 1596; x_wconf 84' lang='lat' dir='ltr'><strong>infulas</strong></span> 
     </span>
    </p>
   </div>
   <div class='ocr_carea' id='block_1_44' title="bbox 1880 1632 3466 1703">
    <p class='ocr_par' dir='ltr' id='par_1_44' title="bbox 1880 1632 3466 1703">
     <span class='ocr_line' id='line_1_44' title="bbox 1880 1632 3466 1703; baseline -0.004 -12"><span class='ocrx_word' id='word_1_319' title='bbox 1880 1636 2569 1692; x_wconf 36' lang='lat' dir='ltr'><strong>variarum‘Ecclesiarum</strong></span> <span class='ocrx_word' id='word_1_320' title='bbox 2636 1634 2776 1703; x_wconf 89' lang='lat' dir='ltr'><strong>rapti</strong></span> <span class='ocrx_word' id='word_1_321' title='bbox 2840 1644 2988 1688; x_wconf 92' lang='lat' dir='ltr'><strong>sunt.</strong></span> <span class='ocrx_word' id='word_1_322' title='bbox 3052 1632 3284 1687; x_wconf 86' lang='lat' dir='ltr'><strong>Sanctus</strong></span> <span class='ocrx_word' id='word_1_323' title='bbox 3336 1646 3466 1686; x_wconf 84' lang='lat' dir='ltr'><strong>vero</strong></span> 
     </span>
    </p>
   </div>
   <div class='ocr_carea' id='block_1_45' title="bbox 1882 1722 3464 1789">
    <p class='ocr_par' dir='ltr' id='par_1_45' title="bbox 1882 1722 3464 1789">
     <span class='ocr_line' id='line_1_45' title="bbox 1882 1722 3464 1789; baseline -0.003 -9"><span class='ocrx_word' id='word_1_324' title='bbox 1882 1725 2174 1783; x_wconf 85' lang='lat' dir='ltr'><strong>Anselntus</strong></span> <span class='ocrx_word' id='word_1_325' title='bbox 2217 1726 2291 1781; x_wconf 92' lang='lat' dir='ltr'><strong>ita</strong></span> <span class='ocrx_word' id='word_1_326' title='bbox 2344 1724 2634 1780; x_wconf 87' lang='lat' dir='ltr'><strong>Lanfranci</strong></span> <span class='ocrx_word' id='word_1_327' title='bbox 2681 1724 3042 1779; x_wconf 79' lang='lat' dir='ltr'><strong>eruditionem</strong></span> <span class='ocrx_word' id='word_1_328' title='bbox 3100 1722 3464 1789; x_wconf 79' lang='lat' dir='ltr'><strong>suspiciebat,</strong></span> 
     </span>
    </p>
   </div>
   <div class='ocr_carea' id='block_1_46' title="bbox 1884 1814 3470 1888">
    <p class='ocr_par' dir='ltr' id='par_1_46' title="bbox 1884 1814 3470 1888">
     <span class='ocr_line' id='line_1_46' title="bbox 1884 1814 3470 1888; baseline -0.001 -17"><span class='ocrx_word' id='word_1_329' title='bbox 1884 1828 1943 1872; x_wconf 93' lang='lat' dir='ltr'><strong>nt</strong></span> <span class='ocrx_word' id='word_1_330' title='bbox 1974 1820 2041 1874; x_wconf 89' lang='lat' dir='ltr'><strong>ad</strong></span> <span class='ocrx_word' id='word_1_331' title='bbox 2063 1834 2186 1874; x_wconf 89' lang='lat' dir='ltr'><strong>eum</strong></span> <span class='ocrx_word' id='word_1_332' title='bbox 2216 1835 2236 1869; x_wconf 73' lang='grc' dir='ltr'>ι</span> <span class='ocrx_word' id='word_1_333' title='bbox 2270 1816 2637 1888; x_wconf 79' lang='lat' dir='ltr'><strong>Monologinm</strong></span> <span class='ocrx_word' id='word_1_334' title='bbox 2673 1836 2692 1869; x_wconf 72' lang='grc' dir='ltr'><strong>ι</strong></span> <span class='ocrx_word' id='word_1_335' title='bbox 2724 1832 2752 1870; x_wconf 91' lang='lat' dir='ltr'><strong>a</strong></span> <span class='ocrx_word' id='word_1_336' title='bbox 2783 1831 2842 1872; x_wconf 90' lang='lat' dir='ltr'><strong>se</strong></span> <span class='ocrx_word' id='word_1_337' title='bbox 2870 1816 3073 1871; x_wconf 90' lang='lat' dir='ltr'><strong>editunt</strong></span> <span class='ocrx_word' id='word_1_338' title='bbox 3106 1814 3470 1870; x_wconf 68' lang='lat' dir='ltr'><strong>transmitterit</strong></span> 
     </span>
    </p>
   </div>
   <div class='ocr_carea' id='block_1_47' title="bbox 1883 1907 3472 1982">
    <p class='ocr_par' dir='ltr' id='par_1_47' title="bbox 1883 1907 3472 1982">
     <span class='ocr_line' id='line_1_47' title="bbox 1883 1907 3472 1982; baseline -0.004 -15"><span class='ocrx_word' id='word_1_339' title='bbox 1883 1911 1999 1981; x_wconf 89' lang='lat' dir='ltr'><strong>ejus</strong></span> <span class='ocrx_word' id='word_1_340' title='bbox 2023 1928 2269 1968; x_wconf 69' lang='lat' dir='ltr'><strong>censura:</strong></span> <span class='ocrx_word' id='word_1_341' title='bbox 2298 1910 2721 1982; x_wconf 83' lang='lat' dir='ltr'><strong>subjiciendum,</strong></span> <span class='ocrx_word' id='word_1_342' title='bbox 2740 1910 2850 1964; x_wconf 89' lang='lat' dir='ltr'><strong>imo</strong></span> <span class='ocrx_word' id='word_1_343' title='bbox 2877 1917 2931 1964; x_wconf 93' lang='lat' dir='ltr'><strong>et</strong></span> <span class='ocrx_word' id='word_1_344' title='bbox 2954 1907 3318 1963; x_wconf 87' lang='lat' dir='ltr'><strong>Lanfrancnm</strong></span> <span class='ocrx_word' id='word_1_345' title='bbox 3348 1921 3472 1977; x_wconf 90' lang='lat' dir='ltr'><strong>pre-</strong></span> 
     </span>
    </p>
   </div>
   <div class='ocr_carea' id='block_1_48' title="bbox 1884 1996 3466 2073">
    <p class='ocr_par' dir='ltr' id='par_1_48' title="bbox 1884 1996 3466 2073">
     <span class='ocr_line' id='line_1_48' title="bbox 1884 1996 3466 2073; baseline -0.004 -15"><span class='ocrx_word' id='word_1_346' title='bbox 1884 2013 2042 2059; x_wconf 85' lang='lat' dir='ltr'><strong>catus</strong></span> <span class='ocrx_word' id='word_1_347' title='bbox 2054 1996 2163 2069; x_wconf 81' lang='lat' dir='ltr'><strong>est,</strong></span> <span class='ocrx_word' id='word_1_348' title='bbox 2180 2013 2240 2058; x_wconf 89' lang='lat' dir='ltr'><strong>ttt</strong></span> <span class='ocrx_word' id='word_1_349' title='bbox 2254 2015 2635 2073; x_wconf 86' lang='lat' dir='ltr'><strong>quemcunque</strong></span> <span class='ocrx_word' id='word_1_350' title='bbox 2652 2001 2867 2055; x_wconf 91' lang='lat' dir='ltr'><strong>titulum</strong></span> <span class='ocrx_word' id='word_1_351' title='bbox 2888 1999 3164 2055; x_wconf 85' lang='lat' dir='ltr'><strong>meliorem</strong></span> <span class='ocrx_word' id='word_1_352' title='bbox 3175 1998 3357 2067; x_wconf 84' lang='lat' dir='ltr'><strong>judica</strong></span> <span class='ocrx_word' id='word_1_353' title='bbox 3367 2007 3466 2062; x_wconf 89' lang='lat' dir='ltr'><strong>ret,</strong></span> 
     </span>
    </p>
   </div>
   <div class='ocr_carea' id='block_1_49' title="bbox 1886 2090 3470 2166">
    <p class='ocr_par' dir='ltr' id='par_1_49' title="bbox 1886 2090 3470 2166">
     <span class='ocr_line' id='line_1_49' title="bbox 1886 2090 3470 2166; baseline -0.004 -15"><span class='ocrx_word' id='word_1_354' title='bbox 1886 2097 2013 2152; x_wconf 93' lang='lat' dir='ltr'><strong>huic</strong></span> <span class='ocrx_word' id='word_1_355' title='bbox 2060 2096 2201 2152; x_wconf 89' lang='lat' dir='ltr'><strong>libro</strong></span> <span class='ocrx_word' id='word_1_356' title='bbox 2251 2095 2575 2166; x_wconf 89' lang='lat' dir='ltr'><strong>imponeret.</strong></span> <span class='ocrx_word' id='word_1_357' title='bbox 2619 2113 2638 2145; x_wconf 73' lang='grc' dir='ltr'><strong><em>ι</em></strong></span> <span class='ocrx_word' id='word_1_358' title='bbox 2674 2093 2821 2155; x_wconf 86' lang='lat' dir='ltr'><strong>lloc,</strong></span> <span class='ocrx_word' id='word_1_359' title='bbox 2853 2111 2871 2144; x_wconf 78' lang='grc' dir='ltr'><strong><em>ι</em></strong></span> <span class='ocrx_word' id='word_1_360' title='bbox 2926 2091 3102 2162; x_wconf 89' lang='lat' dir='ltr'><strong>inquit</strong></span> <span class='ocrx_word' id='word_1_361' title='bbox 3150 2090 3470 2155; x_wconf 82' lang='lat' dir='ltr'><strong>Ansclmus,</strong></span> 
     </span>
    </p>
   </div>
   <div class='ocr_carea' id='block_1_50' title="bbox 1888 2189 3474 2262">
    <p class='ocr_par' dir='ltr' id='par_1_50' title="bbox 1888 2189 3474 2262">
     <span class='ocr_line' id='line_1_50' title="bbox 1888 2189 3474 2262; baseline -0.003 -16"><span class='ocrx_word' id='word_1_362' title='bbox 1888 2191 1982 2246; x_wconf 90' lang='lat' dir='ltr'><strong>lib.</strong></span> <span class='ocrx_word' id='word_1_363' title='bbox 2009 2208 2054 2256; x_wconf 91' lang='grc' dir='ltr'><strong>ι,</strong></span> <span class='ocrx_word' id='word_1_364' title='bbox 2086 2192 2244 2262; x_wconf 87' lang='lat' dir='ltr'><strong>epist.</strong></span> <span class='ocrx_word' id='word_1_365' title='bbox 2272 2190 2371 2258; x_wconf 76' lang='lat'><strong>65,</strong></span> <span class='ocrx_word' id='word_1_366' title='bbox 2409 2209 2428 2242; x_wconf 71' lang='grc' dir='ltr'>ι</span> <span class='ocrx_word' id='word_1_367' title='bbox 2468 2206 2592 2245; x_wconf 91' lang='lat' dir='ltr'><strong>cum</strong></span> <span class='ocrx_word' id='word_1_368' title='bbox 2642 2189 3055 2258; x_wconf 87' lang='lat' dir='ltr'><strong>importunitate</strong></span> <span class='ocrx_word' id='word_1_369' title='bbox 3084 2204 3112 2242; x_wconf 90' lang='lat' dir='ltr'><strong>a</strong></span> <span class='ocrx_word' id='word_1_370' title='bbox 3146 2198 3327 2244; x_wconf 85' lang='lat' dir='ltr'><strong>vestra</strong></span> <span class='ocrx_word' id='word_1_371' title='bbox 3375 2205 3474 2243; x_wconf 88' lang='lat' dir='ltr'><strong>an-</strong></span> 
     </span>
    </p>
   </div>
   <div class='ocr_carea' id='block_1_51' title="bbox 1887 2272 3483 2351">
    <p class='ocr_par' dir='ltr' id='par_1_51' title="bbox 1887 2272 3483 2351">
     <span class='ocr_line' id='line_1_51' title="bbox 1887 2272 3483 2351; baseline -0.003 -14"><span class='ocrx_word' id='word_1_372' title='bbox 1887 2282 2144 2337; x_wconf 85' lang='lat' dir='ltr'><strong>ctoritate</strong></span> <span class='ocrx_word' id='word_1_373' title='bbox 2186 2297 2293 2336; x_wconf 92' lang='lat' dir='ltr'><strong>non</strong></span> <span class='ocrx_word' id='word_1_374' title='bbox 2326 2281 2574 2335; x_wconf 86' lang='lat' dir='ltr'><strong>desinam</strong></span> <span class='ocrx_word' id='word_1_375' title='bbox 2624 2280 2842 2351; x_wconf 81' lang='lat' dir='ltr'><strong>exigere</strong></span> <span class='ocrx_word' id='word_1_376' title='bbox 2862 2319 2876 2343; x_wconf 94' lang='lat'><strong>,</strong></span> <span class='ocrx_word' id='word_1_377' title='bbox 2907 2288 3173 2349; x_wconf 87' lang='lat' dir='ltr'><strong>quatenus</strong></span> <span class='ocrx_word' id='word_1_378' title='bbox 3198 2280 3263 2335; x_wconf 89' lang='lat' dir='ltr'><strong>de</strong></span> <span class='ocrx_word' id='word_1_379' title='bbox 3288 2272 3483 2335; x_wconf 88' lang='lat' dir='ltr'><strong>eodem</strong></span> 
     </span>
    </p>
   </div>
   <div class='ocr_carea' id='block_1_52' title="bbox 1887 2369 3479 2439">
    <p class='ocr_par' dir='ltr' id='par_1_52' title="bbox 1887 2369 3479 2439">
     <span class='ocr_line' id='line_1_52' title="bbox 1887 2369 3479 2439; baseline 0.001 -17"><span class='ocrx_word' id='word_1_380' title='bbox 1887 2369 2245 2439; x_wconf 91' lang='lat' dir='ltr'><strong>opusculo.</strong></span> <span class='ocrx_word' id='word_1_381' title='bbox 2272 2370 2404 2438; x_wconf 91' lang='lat' dir='ltr'><strong>quid</strong></span> <span class='ocrx_word' id='word_1_382' title='bbox 2433 2369 2548 2423; x_wconf 85' lang='lat' dir='ltr'><strong>fieri</strong></span> <span class='ocrx_word' id='word_1_383' title='bbox 2578 2370 2775 2422; x_wconf 89' lang='lat' dir='ltr'><strong>debeat</strong></span> <span class='ocrx_word' id='word_1_384' title='bbox 2801 2377 2980 2422; x_wconf 86' lang='lat' dir='ltr'><strong>vestra</strong></span> <span class='ocrx_word' id='word_1_385' title='bbox 3008 2370 3268 2422; x_wconf 90' lang='lat' dir='ltr'><strong>decernat</strong></span> <span class='ocrx_word' id='word_1_386' title='bbox 3292 2378 3479 2423; x_wconf 81' lang='lat' dir='ltr'><strong>aucto-</strong></span> 
     </span>
    </p>
   </div>
   <div class='ocr_carea' id='block_1_53' title="bbox 1893 2459 3479 2532">
    <p class='ocr_par' dir='ltr' id='par_1_53' title="bbox 1893 2459 3479 2532">
     <span class='ocr_line' id='line_1_53' title="bbox 1893 2459 3479 2532; baseline -0.001 -15"><span class='ocrx_word' id='word_1_387' title='bbox 1893 2463 2048 2517; x_wconf 88' lang='lat' dir='ltr'><strong>ritas.</strong></span> <span class='ocrx_word' id='word_1_388' title='bbox 2081 2462 2322 2517; x_wconf 85' lang='lat' dir='ltr'><strong>Titulum</strong></span> <span class='ocrx_word' id='word_1_389' title='bbox 2354 2470 2537 2517; x_wconf 87' lang='lat' dir='ltr'><strong>autem</strong></span> <span class='ocrx_word' id='word_1_390' title='bbox 2569 2461 2773 2517; x_wconf 87' lang='lat' dir='ltr'><strong>nullum</strong></span> <span class='ocrx_word' id='word_1_391' title='bbox 2819 2461 2896 2515; x_wconf 89' lang='lat' dir='ltr'><strong>illi</strong></span> <span class='ocrx_word' id='word_1_392' title='bbox 2943 2462 3247 2532; x_wconf 70' lang='lat' dir='ltr'><strong>praeposui,</strong></span> <span class='ocrx_word' id='word_1_393' title='bbox 3279 2459 3479 2531; x_wconf 87' lang='lat' dir='ltr'><strong>quippe</strong></span> 
     </span>
    </p>
   </div>
   <div class='ocr_carea' id='block_1_54' title="bbox 1890 2554 3474 2625">
    <p class='ocr_par' dir='ltr' id='par_1_54' title="bbox 1890 2554 3474 2625">
     <span class='ocr_line' id='line_1_54' title="bbox 1890 2554 3474 2625; baseline 0.001 -17"><span class='ocrx_word' id='word_1_394' title='bbox 1890 2555 2035 2625; x_wconf 89' lang='lat' dir='ltr'><strong>quod</strong></span> <span class='ocrx_word' id='word_1_395' title='bbox 2076 2558 2414 2625; x_wconf 80' lang='lat' dir='ltr'><strong>nequaquam</strong></span> <span class='ocrx_word' id='word_1_396' title='bbox 2448 2556 2583 2609; x_wconf 88' lang='lat' dir='ltr'><strong>tanti</strong></span> <span class='ocrx_word' id='word_1_397' title='bbox 2632 2554 2938 2611; x_wconf 77' lang='lat' dir='ltr'><strong>existimavi</strong></span> <span class='ocrx_word' id='word_1_398' title='bbox 2986 2565 3046 2611; x_wconf 91' lang='lat' dir='ltr'><strong>ut</strong></span> <span class='ocrx_word' id='word_1_399' title='bbox 3090 2554 3216 2610; x_wconf 91' lang='lat' dir='ltr'><strong>illud</strong></span> <span class='ocrx_word' id='word_1_400' title='bbox 3246 2558 3345 2609; x_wconf 70' lang='lat' dir='ltr'><strong>‘sno</strong></span> <span class='ocrx_word' id='word_1_401' title='bbox 3375 2569 3474 2625; x_wconf 51' lang='lat' dir='ltr'><strong>no:</strong></span> 
     </span>
    </p>
   </div>
   <div class='ocr_carea' id='block_1_55' title="bbox 1890 2644 3482 2715">
    <p class='ocr_par' dir='ltr' id='par_1_55' title="bbox 1890 2644 3482 2715">
     <span class='ocr_line' id='line_1_55' title="bbox 1890 2644 3482 2715; baseline 0 -16"><span class='ocrx_word' id='word_1_402' title='bbox 1890 2645 2037 2700; x_wconf 90' lang='lat' dir='ltr'><strong>mine</strong></span> <span class='ocrx_word' id='word_1_403' title='bbox 2063 2644 2337 2715; x_wconf 84' lang='lat' dir='ltr'><strong>dignarer.</strong></span> <span class='ocrx_word' id='word_1_404' title='bbox 2374 2644 2431 2701; x_wconf 83' lang='lat' dir='ltr'><strong>Si</strong></span> <span class='ocrx_word' id='word_1_405' title='bbox 2467 2646 2633 2715; x_wconf 86' lang='lat' dir='ltr'><strong>igitur</strong></span> <span class='ocrx_word' id='word_1_406' title='bbox 2686 2655 2868 2700; x_wconf 83' lang='lat' dir='ltr'><strong>vestro</strong></span> <span class='ocrx_word' id='word_1_407' title='bbox 2911 2645 3114 2701; x_wconf 88' lang='lat' dir='ltr'><strong>sederit</strong></span> <span class='ocrx_word' id='word_1_408' title='bbox 3155 2644 3380 2701; x_wconf 58' lang='lat' dir='ltr'><strong>arbitri.)</strong></span> <span class='ocrx_word' id='word_1_409' title='bbox 3417 2653 3482 2699; x_wconf 82' lang='lat' dir='ltr'><strong>ut</strong></span> 
     </span>
    </p>
   </div>
   <div class='ocr_carea' id='block_1_56' title="bbox 1891 2735 3480 2808">
    <p class='ocr_par' dir='ltr' id='par_1_56' title="bbox 1891 2735 3480 2808">
     <span class='ocr_line' id='line_1_56' title="bbox 1891 2735 3480 2808; baseline -0.001 -17"><span class='ocrx_word' id='word_1_410' title='bbox 1891 2738 2031 2808; x_wconf 89' lang='lat' dir='ltr'><strong>quod</strong></span> <span class='ocrx_word' id='word_1_411' title='bbox 2046 2736 2240 2807; x_wconf 83' lang='lat' dir='ltr'><strong>scripsi</strong></span> <span class='ocrx_word' id='word_1_412' title='bbox 2258 2737 2594 2806; x_wconf 90' lang='lat' dir='ltr'><strong>scripserim,</strong></span> <span class='ocrx_word' id='word_1_413' title='bbox 2615 2752 2645 2790; x_wconf 88' lang='lat' dir='ltr'><strong>a</strong></span> <span class='ocrx_word' id='word_1_414' title='bbox 2668 2750 2777 2805; x_wconf 92' lang='lat' dir='ltr'><strong>quo</strong></span> <span class='ocrx_word' id='word_1_415' title='bbox 2797 2735 3017 2792; x_wconf 85' lang='lat' dir='ltr'><strong>habebit</strong></span> <span class='ocrx_word' id='word_1_416' title='bbox 3045 2736 3384 2803; x_wconf 86' lang='lat' dir='ltr'><strong>firmitatem,</strong></span> <span class='ocrx_word' id='word_1_417' title='bbox 3410 2735 3480 2790; x_wconf 90' lang='lat' dir='ltr'><strong>ab</strong></span> 
     </span>
    </p>
   </div>
   <div class='ocr_carea' id='block_1_57' title="bbox 1891 2822 3479 2896">
    <p class='ocr_par' dir='ltr' id='par_1_57' title="bbox 1891 2822 3479 2896">
     <span class='ocr_line' id='line_1_57' title="bbox 1891 2822 3479 2896; baseline -0.003 -12"><span class='ocrx_word' id='word_1_418' title='bbox 1891 2844 1957 2884; x_wconf 88' lang='lat' dir='ltr'><strong>eo</strong></span> <span class='ocrx_word' id='word_1_419' title='bbox 1989 2827 2187 2882; x_wconf 85' lang='lat' dir='ltr'><strong>haheat</strong></span> <span class='ocrx_word' id='word_1_420' title='bbox 2210 2836 2265 2882; x_wconf 86' lang='lat' dir='ltr'><strong>et</strong></span> <span class='ocrx_word' id='word_1_421' title='bbox 2291 2843 2509 2883; x_wconf 84' lang='lat' dir='ltr'><strong>nomen.</strong></span> <span class='ocrx_word' id='word_1_422' title='bbox 2554 2846 2573 2879; x_wconf 71' lang='grc' dir='ltr'><strong>ι</strong></span> <span class='ocrx_word' id='word_1_423' title='bbox 2613 2822 2751 2881; x_wconf 85' lang='lat' dir='ltr'><strong>Eum</strong></span> <span class='ocrx_word' id='word_1_424' title='bbox 2782 2841 2913 2881; x_wconf 89' lang='lat' dir='ltr'><strong>vero</strong></span> <span class='ocrx_word' id='word_1_425' title='bbox 2940 2841 3101 2896; x_wconf 89' lang='lat' dir='ltr'><strong>quem</strong></span> <span class='ocrx_word' id='word_1_426' title='bbox 3132 2826 3314 2879; x_wconf 84' lang='lat' dir='ltr'><strong>vivunt</strong></span> <span class='ocrx_word' id='word_1_427' title='bbox 3342 2826 3479 2880; x_wconf 86' lang='lat' dir='ltr'><strong>tanti</strong></span> 
     </span>
    </p>
   </div>
   <div class='ocr_carea' id='block_1_58' title="bbox 1894 2917 3482 2989">
    <p class='ocr_par' dir='ltr' id='par_1_58' title="bbox 1894 2917 3482 2989">
     <span class='ocr_line' id='line_1_58' title="bbox 1894 2917 3482 2989; baseline -0.003 -15"><span class='ocrx_word' id='word_1_428' title='bbox 1894 2920 2131 2986; x_wconf 85' lang='lat' dir='ltr'><strong>fecerat,</strong></span> <span class='ocrx_word' id='word_1_429' title='bbox 2170 2928 2297 2989; x_wconf 87' lang='lat' dir='ltr'><strong>post</strong></span> <span class='ocrx_word' id='word_1_430' title='bbox 2342 2927 2573 2974; x_wconf 87' lang='lat' dir='ltr'><strong>ntortcm</strong></span> <span class='ocrx_word' id='word_1_431' title='bbox 2625 2920 2885 2974; x_wconf 87' lang='lat' dir='ltr'><strong>adversus</strong></span> <span class='ocrx_word' id='word_1_432' title='bbox 2928 2917 3240 2974; x_wconf 72' lang='lat' dir='ltr'><strong>hmreticum</strong></span> <span class='ocrx_word' id='word_1_433' title='bbox 3278 2918 3482 2973; x_wconf 86' lang='lat' dir='ltr'><strong>calum-</strong></span> 
     </span>
    </p>
   </div>
   <div class='ocr_carea' id='block_1_59' title="bbox 1894 3008 3480 3083">
    <p class='ocr_par' dir='ltr' id='par_1_59' title="bbox 1894 3008 3480 3083">
     <span class='ocr_line' id='line_1_59' title="bbox 1894 3008 3480 3083; baseline -0.003 -16"><span class='ocrx_word' id='word_1_434' title='bbox 1894 3013 2165 3068; x_wconf 91' lang='lat' dir='ltr'><strong>niatorem</strong></span> <span class='ocrx_word' id='word_1_435' title='bbox 2189 3011 2407 3083; x_wconf 86' lang='lat' dir='ltr'><strong>egregie</strong></span> <span class='ocrx_word' id='word_1_436' title='bbox 2429 3009 2968 3082; x_wconf 68' lang='lat' dir='ltr'><strong>propugnavit.&#39;Nam</strong></span> <span class='ocrx_word' id='word_1_437' title='bbox 3002 3010 3325 3066; x_wconf 81' lang='lat' dir='ltr'><strong>Roscelinus</strong></span> <span class='ocrx_word' id='word_1_438' title='bbox 3344 3050 3359 3075; x_wconf 93' lang='lat'><strong>,</strong></span> <span class='ocrx_word' id='word_1_439' title='bbox 3390 3008 3480 3078; x_wconf 89' lang='lat' dir='ltr'><strong>qui</strong></span> 
     </span>
    </p>
   </div>
   <div class='ocr_carea' id='block_1_60' title="bbox 194 3100 3483 3197">
    <p class='ocr_par' dir='ltr' id='par_1_60' title="bbox 194 3100 3483 3197">
     <span class='ocr_line' id='line_1_60' title="bbox 194 3100 3483 3197; baseline -0.001 -40"><span class='ocrx_word' id='word_1_440' title='bbox 194 3101 435 3170; x_wconf 77' lang='lat' dir='ltr'><strong>appellat</strong></span> <span class='ocrx_word' id='word_1_441' title='bbox 473 3120 492 3152; x_wconf 76' lang='grc' dir='ltr'>ι</span> <span class='ocrx_word' id='word_1_442' title='bbox 527 3100 828 3157; x_wconf 89' lang='lat' dir='ltr'><strong>Tonantem</strong></span> <span class='ocrx_word' id='word_1_443' title='bbox 856 3101 1082 3166; x_wconf 91' lang='lat' dir='ltr'><strong>librum,</strong></span> <span class='ocrx_word' id='word_1_444' title='bbox 1121 3124 1141 3157; x_wconf 76' lang='grc' dir='ltr'><strong><em>ι</em></strong></span> <span class='ocrx_word' id='word_1_445' title='bbox 1192 3121 1351 3175; x_wconf 86' lang='lat' dir='ltr'><strong>quem</strong></span> <span class='ocrx_word' id='word_1_446' title='bbox 1388 3106 1457 3161; x_wconf 83' lang='lat' dir='ltr'><strong>ab</strong></span> <span class='ocrx_word' id='word_1_447' title='bbox 1484 3106 1603 3177; x_wconf 86' lang='lat' dir='ltr'><strong>ipso</strong></span> <span class='ocrx_word' id='word_1_448' title='bbox 1647 3105 1791 3161; x_wconf 85' lang='lat' dir='ltr'><strong>Lan-</strong></span> <span class='ocrx_word' id='word_1_449' title='bbox 1820 3135 1866 3197; x_wconf 64' lang='grc' dir='ltr'>ο</span> <span class='ocrx_word' id='word_1_450' title='bbox 1901 3114 2013 3160; x_wconf 90' lang='lat' dir='ltr'><strong>tres</strong></span> <span class='ocrx_word' id='word_1_451' title='bbox 2045 3119 2309 3175; x_wconf 82' lang='lat' dir='ltr'><strong>personas</strong></span> <span class='ocrx_word' id='word_1_452' title='bbox 2333 3103 2695 3158; x_wconf 65' lang='lat' dir='ltr'><strong>sanctissimae</strong></span> <span class='ocrx_word' id='word_1_453' title='bbox 2726 3102 3011 3157; x_wconf 82' lang='lat' dir='ltr'><strong>Trinitatis</strong></span> <span class='ocrx_word' id='word_1_454' title='bbox 3032 3111 3146 3157; x_wconf 91' lang='lat' dir='ltr'><strong>tres</strong></span> <span class='ocrx_word' id='word_1_455' title='bbox 3169 3115 3256 3155; x_wconf 89' lang='lat' dir='ltr'><strong>res</strong></span> <span class='ocrx_word' id='word_1_456' title='bbox 3278 3116 3397 3155; x_wconf 85' lang='lat' dir='ltr'><strong>esse</strong></span> <span class='ocrx_word' id='word_1_457' title='bbox 3418 3115 3483 3152; x_wconf 85' lang='lat' dir='ltr'><strong>eo</strong></span> 
     </span>
    </p>
   </div>
   <div class='ocr_carea' id='block_1_61' title="bbox 196 3189 1790 3253">
    <p class='ocr_par' dir='ltr' id='par_1_61' title="bbox 196 3189 1790 3253">
     <span class='ocr_line' id='line_1_61' title="bbox 196 3189 1790 3253; baseline 0.005 -10"><span class='ocrx_word' id='word_1_458' title='bbox 196 3189 389 3248; x_wconf 89' lang='lat' dir='ltr'><strong>franco</strong></span> <span class='ocrx_word' id='word_1_459' title='bbox 413 3212 433 3244; x_wconf 70' lang='grc' dir='ltr'><strong>ε</strong></span> <span class='ocrx_word' id='word_1_460' title='bbox 474 3192 847 3248; x_wconf 89' lang='lat' dir='ltr'><strong>Scintillarum</strong></span> <span class='ocrx_word' id='word_1_461' title='bbox 881 3213 899 3244; x_wconf 76' lang='grc' dir='ltr'><strong><em>ι</em></strong></span> <span class='ocrx_word' id='word_1_462' title='bbox 926 3192 1094 3249; x_wconf 90' lang='lat' dir='ltr'><strong>fuisse</strong></span> <span class='ocrx_word' id='word_1_463' title='bbox 1122 3212 1140 3245; x_wconf 73' lang='grc' dir='ltr'><strong>ε</strong></span> <span class='ocrx_word' id='word_1_464' title='bbox 1173 3195 1509 3251; x_wconf 90' lang='lat' dir='ltr'><strong>intitnlatum</strong></span> <span class='ocrx_word' id='word_1_465' title='bbox 1536 3216 1553 3249; x_wconf 76' lang='grc' dir='ltr'><strong><em>ι</em></strong></span> <span class='ocrx_word' id='word_1_466' title='bbox 1581 3196 1790 3253; x_wconf 84' lang='lat' dir='ltr'><strong>scribit.</strong></span> 
     </span>
    </p>
   </div>
   <div class='ocr_carea' id='block_1_62' title="bbox 264 3281 1798 3358">
    <p class='ocr_par' dir='ltr' id='par_1_62' title="bbox 264 3281 1798 3358">
     <span class='ocr_line' id='line_1_62' title="bbox 264 3281 1798 3358; baseline 0.005 -23"><span class='ocrx_word' id='word_1_467' title='bbox 264 3281 319 3336; x_wconf 85' lang='lat'><strong>6.</strong></span> <span class='ocrx_word' id='word_1_468' title='bbox 363 3281 560 3338; x_wconf 64' lang='lat' dir='ltr'><strong>Tantae</strong></span> <span class='ocrx_word' id='word_1_469' title='bbox 586 3283 851 3337; x_wconf 70' lang='lat' dir='ltr'><strong>doctrinae</strong></span> <span class='ocrx_word' id='word_1_470' title='bbox 879 3282 1021 3338; x_wconf 87' lang='lat' dir='ltr'><strong>fama</strong></span> <span class='ocrx_word' id='word_1_471' title='bbox 1047 3298 1145 3354; x_wconf 90' lang='lat' dir='ltr'><strong>per</strong></span> <span class='ocrx_word' id='word_1_472' title='bbox 1169 3293 1333 3340; x_wconf 86' lang='lat' dir='ltr'><strong>totam</strong></span> <span class='ocrx_word' id='word_1_473' title='bbox 1357 3287 1625 3356; x_wconf 86' lang='lat' dir='ltr'><strong>Europam</strong></span> <span class='ocrx_word' id='word_1_474' title='bbox 1673 3303 1798 3358; x_wconf 87' lang='lat' dir='ltr'><strong>pcr-</strong></span> 
     </span>
    </p>
   </div>
   <div class='ocr_carea' id='block_1_63' title="bbox 194 3372 1793 3446">
    <p class='ocr_par' dir='ltr' id='par_1_63' title="bbox 194 3372 1793 3446">
     <span class='ocr_line' id='line_1_63' title="bbox 194 3372 1793 3446; baseline 0.003 -21"><span class='ocrx_word' id='word_1_475' title='bbox 194 3386 394 3442; x_wconf 84' lang='lat' dir='ltr'><strong>agrans</strong></span> <span class='ocrx_word' id='word_1_476' title='bbox 441 3372 711 3443; x_wconf 83' lang='lat' dir='ltr'><strong>plurimos</strong></span> <span class='ocrx_word' id='word_1_477' title='bbox 747 3372 1042 3441; x_wconf 89' lang='lat' dir='ltr'><strong>discipulos</strong></span> <span class='ocrx_word' id='word_1_478' title='bbox 1095 3373 1399 3431; x_wconf 85' lang='lat' dir='ltr'><strong>Lanfranco</strong></span> <span class='ocrx_word' id='word_1_479' title='bbox 1480 3376 1793 3446; x_wconf 80' lang='lat' dir='ltr'><strong>acquisivit,</strong></span> 
     </span>
    </p>
   </div>
   <div class='ocr_carea' id='block_1_64' title="bbox 197 3461 1795 3534">
    <p class='ocr_par' dir='ltr' id='par_1_64' title="bbox 197 3461 1795 3534">
     <span class='ocr_line' id='line_1_64' title="bbox 197 3461 1795 3534; baseline 0.003 -18"><span class='ocrx_word' id='word_1_480' title='bbox 197 3461 435 3534; x_wconf 85' lang='lat' dir='ltr'><strong>hincque</strong></span> <span class='ocrx_word' id='word_1_481' title='bbox 471 3461 744 3518; x_wconf 86' lang='lat' dir='ltr'><strong>Beccense</strong></span> <span class='ocrx_word' id='word_1_482' title='bbox 787 3462 1135 3529; x_wconf 60' lang='lat' dir='ltr'><strong>coenobium,</strong></span> <span class='ocrx_word' id='word_1_483' title='bbox 1166 3464 1311 3534; x_wconf 90' lang='lat' dir='ltr'><strong>quod</strong></span> <span class='ocrx_word' id='word_1_484' title='bbox 1348 3464 1605 3533; x_wconf 78' lang='lat' dir='ltr'><strong>exiguum</strong></span> <span class='ocrx_word' id='word_1_485' title='bbox 1635 3475 1795 3521; x_wconf 88' lang='lat' dir='ltr'><strong>antea</strong></span> 
     </span>
    </p>
   </div>
   <div class='ocr_carea' id='block_1_65' title="bbox 196 3554 1794 3627">
    <p class='ocr_par' dir='ltr' id='par_1_65' title="bbox 196 3554 1794 3627">
     <span class='ocr_line' id='line_1_65' title="bbox 196 3554 1794 3627; baseline 0.004 -18"><span class='ocrx_word' id='word_1_486' title='bbox 196 3563 315 3609; x_wconf 79' lang='lat' dir='ltr'><strong>erat</strong></span> <span class='ocrx_word' id='word_1_487' title='bbox 337 3565 394 3610; x_wconf 89' lang='lat' dir='ltr'><strong>et</strong></span> <span class='ocrx_word' id='word_1_488' title='bbox 427 3554 526 3609; x_wconf 88' lang='lat' dir='ltr'><strong>vix</strong></span> <span class='ocrx_word' id='word_1_489' title='bbox 558 3564 743 3609; x_wconf 91' lang='lat' dir='ltr'><strong>notum</strong></span> <span class='ocrx_word' id='word_1_490' title='bbox 766 3594 783 3619; x_wconf 94' lang='lat'><strong>,</strong></span> <span class='ocrx_word' id='word_1_491' title='bbox 819 3554 971 3609; x_wconf 88' lang='lat' dir='ltr'><strong>brevi</strong></span> <span class='ocrx_word' id='word_1_492' title='bbox 1020 3556 1216 3627; x_wconf 89' lang='lat' dir='ltr'><strong>amplis</strong></span> <span class='ocrx_word' id='word_1_493' title='bbox 1272 3558 1707 3627; x_wconf 85' lang='lat' dir='ltr'><strong>possessionibus</strong></span> <span class='ocrx_word' id='word_1_494' title='bbox 1737 3567 1794 3615; x_wconf 90' lang='lat' dir='ltr'><strong>et</strong></span> 
     </span>
    </p>
   </div>
   <div class='ocr_carea' id='block_1_66' title="bbox 199 3645 1800 3706">
    <p class='ocr_par' dir='ltr' id='par_1_66' title="bbox 199 3645 1800 3706">
     <span class='ocr_line' id='line_1_66' title="bbox 199 3645 1800 3706; baseline 0.002 -5"><span class='ocrx_word' id='word_1_495' title='bbox 199 3648 595 3703; x_wconf 82' lang='lat' dir='ltr'><strong>monachorum</strong></span> <span class='ocrx_word' id='word_1_496' title='bbox 626 3660 854 3701; x_wconf 90' lang='lat' dir='ltr'><strong>numero</strong></span> <span class='ocrx_word' id='word_1_497' title='bbox 896 3645 1111 3702; x_wconf 88' lang='lat' dir='ltr'><strong>celebre</strong></span> <span class='ocrx_word' id='word_1_498' title='bbox 1151 3648 1346 3704; x_wconf 83' lang='lat' dir='ltr'><strong>evasit.</strong></span> <span class='ocrx_word' id='word_1_499' title='bbox 1388 3648 1501 3703; x_wconf 89' lang='lat' dir='ltr'><strong>lmo</strong></span> <span class='ocrx_word' id='word_1_500' title='bbox 1530 3648 1800 3706; x_wconf 78' lang='lat' dir='ltr'><strong>Norman-</strong></span> 
     </span>
    </p>
   </div>
   <div class='ocr_carea' id='block_1_67' title="bbox 200 3721 1795 3810">
    <p class='ocr_par' dir='ltr' id='par_1_67' title="bbox 200 3721 1795 3810">
     <span class='ocr_line' id='line_1_67' title="bbox 200 3721 1795 3810; baseline 0.004 -22"><span class='ocrx_word' id='word_1_501' title='bbox 200 3736 317 3802; x_wconf 89' lang='lat' dir='ltr'><strong>nia,</strong></span> <span class='ocrx_word' id='word_1_502' title='bbox 348 3754 481 3808; x_wconf 66' lang='lat' dir='ltr'><strong>quas</strong></span> <span class='ocrx_word' id='word_1_503' title='bbox 524 3737 629 3792; x_wconf 91' lang='lat' dir='ltr'><strong>huc</strong></span> <span class='ocrx_word' id='word_1_504' title='bbox 655 3721 843 3807; x_wconf 39' lang='lat' dir='ltr'><strong>usque.</strong></span> <span class='ocrx_word' id='word_1_505' title='bbox 874 3736 1180 3793; x_wconf 88' lang='lat' dir='ltr'><strong>litterarum</strong></span> <span class='ocrx_word' id='word_1_506' title='bbox 1230 3754 1427 3810; x_wconf 80' lang='lat' dir='ltr'><strong>expers</strong></span> <span class='ocrx_word' id='word_1_507' title='bbox 1473 3741 1795 3807; x_wconf 85' lang='lat' dir='ltr'><strong>habebatur,</strong></span> 
     </span>
    </p>
   </div>
   <div class='ocr_carea' id='block_1_68' title="bbox 201 3828 1801 3903">
    <p class='ocr_par' dir='ltr' id='par_1_68' title="bbox 201 3828 1801 3903">
     <span class='ocr_line' id='line_1_68' title="bbox 201 3828 1801 3903; baseline 0.004 -20"><span class='ocrx_word' id='word_1_508' title='bbox 201 3828 519 3887; x_wconf 74' lang='lat' dir='ltr'><strong>Lanfranco</strong></span> <span class='ocrx_word' id='word_1_509' title='bbox 544 3831 806 3901; x_wconf 87' lang='lat' dir='ltr'><strong>magistro</strong></span> <span class='ocrx_word' id='word_1_510' title='bbox 847 3830 919 3886; x_wconf 90' lang='lat' dir='ltr'><strong>ita</strong></span> <span class='ocrx_word' id='word_1_511' title='bbox 948 3831 1181 3902; x_wconf 84' lang='lat' dir='ltr'><strong>profecit</strong></span> <span class='ocrx_word' id='word_1_512' title='bbox 1206 3842 1265 3886; x_wconf 86' lang='grc' dir='ltr'><strong>ιιι</strong></span> <span class='ocrx_word' id='word_1_513' title='bbox 1293 3841 1482 3903; x_wconf 87' lang='lat' dir='ltr'><strong>postea</strong></span> <span class='ocrx_word' id='word_1_514' title='bbox 1513 3833 1646 3889; x_wconf 89' lang='lat' dir='ltr'><strong>viris</strong></span> <span class='ocrx_word' id='word_1_515' title='bbox 1674 3850 1801 3890; x_wconf 84' lang='lat' dir='ltr'><strong>crn-</strong></span> 
     </span>
    </p>
   </div>
   <div class='ocr_carea' id='block_1_69' title="bbox 202 3920 1798 3982">
    <p class='ocr_par' dir='ltr' id='par_1_69' title="bbox 202 3920 1798 3982">
     <span class='ocr_line' id='line_1_69' title="bbox 202 3920 1798 3982; baseline 0.004 -7"><span class='ocrx_word' id='word_1_516' title='bbox 202 3920 404 3977; x_wconf 87' lang='lat' dir='ltr'><strong>ditione</strong></span> <span class='ocrx_word' id='word_1_517' title='bbox 450 3930 516 3977; x_wconf 88' lang='lat' dir='ltr'><strong>et</strong></span> <span class='ocrx_word' id='word_1_518' title='bbox 543 3922 789 3977; x_wconf 86' lang='lat' dir='ltr'><strong>doctrina</strong></span> <span class='ocrx_word' id='word_1_519' title='bbox 819 3923 1037 3979; x_wconf 86' lang='lat' dir='ltr'><strong>eximiis</strong></span> <span class='ocrx_word' id='word_1_520' title='bbox 1082 3923 1460 3979; x_wconf 87' lang='lat' dir='ltr'><strong>abundaverit.</strong></span> <span class='ocrx_word' id='word_1_521' title='bbox 1494 3924 1571 3979; x_wconf 87' lang='lat' dir='ltr'><strong>Ea</strong></span> <span class='ocrx_word' id='word_1_522' title='bbox 1621 3924 1690 3981; x_wconf 88' lang='lat' dir='ltr'><strong>de</strong></span> <span class='ocrx_word' id='word_1_523' title='bbox 1740 3941 1798 3982; x_wconf 92' lang='lat' dir='ltr'><strong>re</strong></span> 
     </span>
    </p>
   </div>
   <div class='ocr_carea' id='block_1_70' title="bbox 203 4011 1801 4081">
    <p class='ocr_par' dir='ltr' id='par_1_70' title="bbox 203 4011 1801 4081">
     <span class='ocr_line' id='line_1_70' title="bbox 203 4011 1801 4081; baseline 0.006 -18"><span class='ocrx_word' id='word_1_524' title='bbox 203 4012 517 4068; x_wconf 84' lang='lat' dir='ltr'><strong>audiendus</strong></span> <span class='ocrx_word' id='word_1_525' title='bbox 561 4011 855 4069; x_wconf 86' lang='lat' dir='ltr'><strong>0rdericns</strong></span> <span class='ocrx_word' id='word_1_526' title='bbox 886 4012 1106 4081; x_wconf 81' lang='lat' dir='ltr'><strong>Vitalis,</strong></span> <span class='ocrx_word' id='word_1_527' title='bbox 1135 4013 1278 4070; x_wconf 91' lang='lat' dir='ltr'><strong>libro</strong></span> <span class='ocrx_word' id='word_1_528' title='bbox 1320 4030 1374 4070; x_wconf 88' lang='lat' dir='ltr'><strong>tv</strong></span> <span class='ocrx_word' id='word_1_529' title='bbox 1420 4014 1674 4071; x_wconf 63' lang='lat' dir='ltr'><strong>Historim</strong></span> <span class='ocrx_word' id='word_1_530' title='bbox 1708 4032 1801 4072; x_wconf 89' lang='lat' dir='ltr'><strong>ec-</strong></span> 
     </span>
    </p>
   </div>
   <div class='ocr_carea' id='block_1_71' title="bbox 203 4101 1800 4167">
    <p class='ocr_par' dir='ltr' id='par_1_71' title="bbox 203 4101 1800 4167">
     <span class='ocr_line' id='line_1_71' title="bbox 203 4101 1800 4167; baseline 0.003 -10"><span class='ocrx_word' id='word_1_531' title='bbox 203 4101 566 4167; x_wconf 76' lang='lat' dir='ltr'><strong>clesiasticae,</strong></span> <span class='ocrx_word' id='word_1_532' title='bbox 601 4104 692 4159; x_wconf 91' lang='lat' dir='ltr'><strong>ubi</strong></span> <span class='ocrx_word' id='word_1_533' title='bbox 732 4105 800 4159; x_wconf 86' lang='lat' dir='ltr'><strong>de</strong></span> <span class='ocrx_word' id='word_1_534' title='bbox 827 4104 1137 4160; x_wconf 87' lang='lat' dir='ltr'><strong>Lanfranco</strong></span> <span class='ocrx_word' id='word_1_535' title='bbox 1178 4104 1294 4160; x_wconf 59' lang='lat' dir='ltr'><strong>haec</strong></span> <span class='ocrx_word' id='word_1_536' title='bbox 1320 4105 1521 4161; x_wconf 86' lang='lat' dir='ltr'><strong>habet:</strong></span> <span class='ocrx_word' id='word_1_537' title='bbox 1555 4125 1573 4158; x_wconf 74' lang='grc' dir='ltr'>ι</span> <span class='ocrx_word' id='word_1_538' title='bbox 1605 4105 1800 4162; x_wconf 72' lang='grc' dir='ltr'><strong>(Σωηο-</strong></span> 
     </span>
    </p>
   </div>
   <div class='ocr_carea' id='block_1_72' title="bbox 203 4194 1800 4270">
    <p class='ocr_par' dir='ltr' id='par_1_72' title="bbox 203 4194 1800 4270">
     <span class='ocr_line' id='line_1_72' title="bbox 203 4194 1800 4270; baseline 0.003 -21"><span class='ocrx_word' id='word_1_539' title='bbox 203 4194 409 4252; x_wconf 87' lang='lat' dir='ltr'><strong>biolum</strong></span> <span class='ocrx_word' id='word_1_540' title='bbox 444 4198 726 4252; x_wconf 87' lang='lat' dir='ltr'><strong>Bcccense</strong></span> <span class='ocrx_word' id='word_1_541' title='bbox 760 4197 812 4251; x_wconf 88' lang='lat' dir='ltr'><strong>itt</strong></span> <span class='ocrx_word' id='word_1_542' title='bbox 857 4196 1190 4252; x_wconf 84' lang='lat' dir='ltr'><strong>Normannia</strong></span> <span class='ocrx_word' id='word_1_543' title='bbox 1220 4196 1326 4253; x_wconf 90' lang='lat' dir='ltr'><strong>loci</strong></span> <span class='ocrx_word' id='word_1_544' title='bbox 1357 4198 1464 4253; x_wconf 91' lang='lat' dir='ltr'><strong>situ</strong></span> <span class='ocrx_word' id='word_1_545' title='bbox 1490 4205 1544 4253; x_wconf 90' lang='lat' dir='ltr'><strong>et</strong></span> <span class='ocrx_word' id='word_1_546' title='bbox 1568 4212 1800 4270; x_wconf 88' lang='lat' dir='ltr'><strong>pauper-</strong></span> 
     </span>
    </p>
   </div>
   <div class='ocr_carea' id='block_1_73' title="bbox 183 4274 1801 4359">
    <p class='ocr_par' dir='ltr' id='par_1_73' title="bbox 183 4274 1801 4359">
     <span class='ocr_line' id='line_1_73' title="bbox 183 4274 1801 4359; baseline 0.001 -19"><span class='ocrx_word' id='word_1_547' title='bbox 183 4274 317 4343; x_wconf 27' lang='lat' dir='ltr'><strong>‘tate</strong></span> <span class='ocrx_word' id='word_1_548' title='bbox 340 4288 551 4359; x_wconf 59' lang='lat' dir='ltr'><strong>elegit,»</strong></span> <span class='ocrx_word' id='word_1_549' title='bbox 577 4288 721 4357; x_wconf 85' lang='lat' dir='ltr'><strong>quod</strong></span> <span class='ocrx_word' id='word_1_550' title='bbox 753 4287 1038 4357; x_wconf 82' lang='lat' dir='ltr'><strong>prudentia</strong></span> <span class='ocrx_word' id='word_1_551' title='bbox 1070 4287 1242 4359; x_wconf 88' lang='lat' dir='ltr'><strong>ipsius</strong></span> <span class='ocrx_word' id='word_1_552' title='bbox 1276 4288 1801 4359; x_wconf 84' lang='lat' dir='ltr'><strong>vigilantissimaqne</strong></span> 
     </span>
    </p>
   </div>
   <div class='ocr_carea' id='block_1_74' title="bbox 204 4379 1805 4451">
    <p class='ocr_par' dir='ltr' id='par_1_74' title="bbox 204 4379 1805 4451">
     <span class='ocr_line' id='line_1_74' title="bbox 204 4379 1805 4451; baseline 0.001 -18"><span class='ocrx_word' id='word_1_553' title='bbox 204 4394 334 4434; x_wconf 87' lang='lat' dir='ltr'><strong>cura</strong></span> <span class='ocrx_word' id='word_1_554' title='bbox 364 4380 751 4451; x_wconf 77' lang='lat' dir='ltr'><strong>locupletavit,</strong></span> <span class='ocrx_word' id='word_1_555' title='bbox 780 4388 836 4434; x_wconf 91' lang='lat' dir='ltr'><strong>et</strong></span> <span class='ocrx_word' id='word_1_556' title='bbox 864 4380 917 4433; x_wconf 92' lang='lat' dir='ltr'><strong>in</strong></span> <span class='ocrx_word' id='word_1_557' title='bbox 960 4387 1167 4434; x_wconf 91' lang='lat' dir='ltr'><strong>statum</strong></span> <span class='ocrx_word' id='word_1_558' title='bbox 1211 4379 1566 4450; x_wconf 89' lang='lat' dir='ltr'><strong>pulcherrimi</strong></span> <span class='ocrx_word' id='word_1_559' title='bbox 1591 4380 1805 4437; x_wconf 85' lang='lat' dir='ltr'><strong>ordinis</strong></span> 
     </span>
    </p>
   </div>
   <div class='ocr_carea' id='block_1_75' title="bbox 1897 3190 3483 3265">
    <p class='ocr_par' dir='ltr' id='par_1_75' title="bbox 1897 3190 3483 3265">
     <span class='ocr_line' id='line_1_75' title="bbox 1897 3190 3483 3265; baseline -0.005 -15"><span class='ocrx_word' id='word_1_560' title='bbox 1897 3197 2057 3250; x_wconf 88' lang='lat' dir='ltr'><strong>modo</strong></span> <span class='ocrx_word' id='word_1_561' title='bbox 2102 3211 2213 3265; x_wconf 87' lang='lat' dir='ltr'><strong>quo</strong></span> <span class='ocrx_word' id='word_1_562' title='bbox 2255 3203 2367 3249; x_wconf 89' lang='lat' dir='ltr'><strong>tres</strong></span> <span class='ocrx_word' id='word_1_563' title='bbox 2414 3193 2591 3263; x_wconf 82' lang='lat' dir='ltr'><strong>angeli</strong></span> <span class='ocrx_word' id='word_1_564' title='bbox 2636 3200 2748 3247; x_wconf 87' lang='lat' dir='ltr'><strong>tres</strong></span> <span class='ocrx_word' id='word_1_565' title='bbox 2788 3208 2879 3249; x_wconf 90' lang='lat' dir='ltr'><strong>res</strong></span> <span class='ocrx_word' id='word_1_566' title='bbox 2908 3201 3035 3248; x_wconf 92' lang='lat' dir='ltr'><strong>sunt</strong></span> <span class='ocrx_word' id='word_1_567' title='bbox 3063 3190 3374 3252; x_wconf 86' lang='lat' dir='ltr'><strong>asserebat,</strong></span> <span class='ocrx_word' id='word_1_568' title='bbox 3409 3190 3483 3243; x_wconf 89' lang='lat' dir='ltr'><strong>ita</strong></span> 
     </span>
    </p>
   </div>
   <div class='ocr_carea' id='block_1_76' title="bbox 1902 3283 3485 3355">
    <p class='ocr_par' dir='ltr' id='par_1_76' title="bbox 1902 3283 3485 3355">
     <span class='ocr_line' id='line_1_76' title="bbox 1902 3283 3485 3355; baseline -0.003 -15"><span class='ocrx_word' id='word_1_569' title='bbox 1902 3297 2083 3342; x_wconf 86' lang='lat' dir='ltr'><strong>tamen</strong></span> <span class='ocrx_word' id='word_1_570' title='bbox 2111 3295 2170 3342; x_wconf 91' lang='lat' dir='ltr'><strong>nt</strong></span> <span class='ocrx_word' id='word_1_571' title='bbox 2214 3302 2318 3340; x_wconf 88' lang='lat' dir='ltr'><strong>una</strong></span> <span class='ocrx_word' id='word_1_572' title='bbox 2350 3285 2498 3341; x_wconf 88' lang='lat' dir='ltr'><strong>esset</strong></span> <span class='ocrx_word' id='word_1_573' title='bbox 2528 3286 2582 3341; x_wconf 93' lang='lat' dir='ltr'><strong>in</strong></span> <span class='ocrx_word' id='word_1_574' title='bbox 2612 3285 2701 3340; x_wconf 89' lang='lat' dir='ltr'><strong>bis</strong></span> <span class='ocrx_word' id='word_1_575' title='bbox 2750 3286 2919 3341; x_wconf 90' lang='lat' dir='ltr'><strong>tribus</strong></span> <span class='ocrx_word' id='word_1_576' title='bbox 2952 3284 3201 3355; x_wconf 87' lang='lat' dir='ltr'><strong>personis</strong></span> <span class='ocrx_word' id='word_1_577' title='bbox 3239 3283 3485 3337; x_wconf 86' lang='lat' dir='ltr'><strong>voluntas</strong></span> 
     </span>
    </p>
   </div>
   <div class='ocr_carea' id='block_1_77' title="bbox 1896 3373 3483 3447">
    <p class='ocr_par' dir='ltr' id='par_1_77' title="bbox 1896 3373 3483 3447">
     <span class='ocr_line' id='line_1_77' title="bbox 1896 3373 3483 3447; baseline -0.004 -15"><span class='ocrx_word' id='word_1_578' title='bbox 1896 3387 1989 3432; x_wconf 90' lang='lat' dir='ltr'><strong>aut</strong></span> <span class='ocrx_word' id='word_1_579' title='bbox 2017 3387 2290 3447; x_wconf 89' lang='lat' dir='ltr'><strong>potestas,</strong></span> <span class='ocrx_word' id='word_1_580' title='bbox 2321 3392 2386 3432; x_wconf 89' lang='lat' dir='ltr'><strong>eu</strong></span> <span class='ocrx_word' id='word_1_581' title='bbox 2417 3376 2767 3445; x_wconf 83' lang='lat' dir='ltr'><strong>impudentiae</strong></span> <span class='ocrx_word' id='word_1_582' title='bbox 2800 3376 3097 3431; x_wconf 86' lang='lat' dir='ltr'><strong>devenerat</strong></span> <span class='ocrx_word' id='word_1_583' title='bbox 3124 3384 3181 3428; x_wconf 93' lang='lat' dir='ltr'><strong>nt</strong></span> <span class='ocrx_word' id='word_1_584' title='bbox 3215 3373 3483 3427; x_wconf 86' lang='lat' dir='ltr'><strong>Lanfran-</strong></span> 
     </span>
    </p>
   </div>
   <div class='ocr_carea' id='block_1_78' title="bbox 1897 3449 3487 3535">
    <p class='ocr_par' dir='ltr' id='par_1_78' title="bbox 1897 3449 3487 3535">
     <span class='ocr_line' id='line_1_78' title="bbox 1897 3449 3487 3535; baseline -0.003 -14"><span class='ocrx_word' id='word_1_585' title='bbox 1897 3484 2019 3522; x_wconf 86' lang='lat' dir='ltr'><strong>ctnn</strong></span> <span class='ocrx_word' id='word_1_586' title='bbox 2046 3476 2100 3520; x_wconf 88' lang='lat' dir='ltr'><strong>et</strong></span> <span class='ocrx_word' id='word_1_587' title='bbox 2125 3463 2445 3520; x_wconf 82' lang='lat' dir='ltr'><strong>Anselmum</strong></span> <span class='ocrx_word' id='word_1_588' title='bbox 2482 3467 2565 3520; x_wconf 86' lang='lat' dir='ltr'><strong>sui</strong></span> <span class='ocrx_word' id='word_1_589' title='bbox 2620 3466 2891 3535; x_wconf 83' lang='lat' dir='ltr'><strong>dogmatis</strong></span> <span class='ocrx_word' id='word_1_590' title='bbox 2916 3465 3159 3518; x_wconf 86' lang='lat' dir='ltr'><strong>fautores</strong></span> <span class='ocrx_word' id='word_1_591' title='bbox 3185 3449 3305 3517; x_wconf 84' lang='lat' dir='ltr'><strong>esse</strong></span> <span class='ocrx_word' id='word_1_592' title='bbox 3336 3477 3487 3516; x_wconf 85' lang='lat' dir='ltr'><strong>men-</strong></span> 
     </span>
    </p>
   </div>
   <div class='ocr_carea' id='block_1_79' title="bbox 1901 3552 3485 3612">
    <p class='ocr_par' dir='ltr' id='par_1_79' title="bbox 1901 3552 3485 3612">
     <span class='ocr_line' id='line_1_79' title="bbox 1901 3552 3485 3612; baseline -0.003 0"><span class='ocrx_word' id='word_1_593' title='bbox 1901 3558 2112 3612; x_wconf 91' lang='lat' dir='ltr'><strong>tiretur.</strong></span> <span class='ocrx_word' id='word_1_594' title='bbox 2143 3556 2212 3611; x_wconf 86' lang='lat' dir='ltr'><strong>At</strong></span> <span class='ocrx_word' id='word_1_595' title='bbox 2243 3555 2483 3610; x_wconf 63' lang='lat' dir='ltr'><strong>haeretici</strong></span> <span class='ocrx_word' id='word_1_596' title='bbox 2514 3555 2814 3610; x_wconf 89' lang='lat' dir='ltr'><strong>calumnias</strong></span> <span class='ocrx_word' id='word_1_597' title='bbox 2844 3555 3061 3609; x_wconf 87' lang='lat' dir='ltr'><strong>fortiter</strong></span> <span class='ocrx_word' id='word_1_598' title='bbox 3088 3552 3346 3607; x_wconf 89' lang='lat' dir='ltr'><strong>refutavit</strong></span> <span class='ocrx_word' id='word_1_599' title='bbox 3370 3552 3485 3607; x_wconf 79' lang='lat' dir='ltr'><strong>An-</strong></span> 
     </span>
    </p>
   </div>
   <div class='ocr_carea' id='block_1_80' title="bbox 1898 3643 3487 3717">
    <p class='ocr_par' dir='ltr' id='par_1_80' title="bbox 1898 3643 3487 3717">
     <span class='ocr_line' id='line_1_80' title="bbox 1898 3643 3487 3717; baseline -0.004 -15"><span class='ocrx_word' id='word_1_600' title='bbox 1898 3648 2133 3713; x_wconf 85' lang='lat' dir='ltr'><strong>selmns,</strong></span> <span class='ocrx_word' id='word_1_601' title='bbox 2167 3656 2224 3701; x_wconf 88' lang='lat' dir='ltr'><strong>ttt</strong></span> <span class='ocrx_word' id='word_1_602' title='bbox 2272 3655 2421 3716; x_wconf 87' lang='lat' dir='ltr'><strong>patet</strong></span> <span class='ocrx_word' id='word_1_603' title='bbox 2448 3660 2512 3701; x_wconf 88' lang='lat' dir='ltr'><strong>ex</strong></span> <span class='ocrx_word' id='word_1_604' title='bbox 2539 3646 2658 3717; x_wconf 84' lang='lat' dir='ltr'><strong>ejus</strong></span> <span class='ocrx_word' id='word_1_605' title='bbox 2686 3645 2909 3715; x_wconf 83' lang='lat' dir='ltr'><strong>epistola</strong></span> <span class='ocrx_word' id='word_1_606' title='bbox 2939 3646 3005 3700; x_wconf 90' lang='lat' dir='ltr'><strong>ad</strong></span> <span class='ocrx_word' id='word_1_607' title='bbox 3041 3644 3327 3699; x_wconf 85' lang='lat' dir='ltr'><strong>Fulconem</strong></span> <span class='ocrx_word' id='word_1_608' title='bbox 3363 3643 3487 3697; x_wconf 87' lang='lat' dir='ltr'><strong>Bel-</strong></span> 
     </span>
    </p>
   </div>
   <div class='ocr_carea' id='block_1_81' title="bbox 1900 3736 3487 3814">
    <p class='ocr_par' dir='ltr' id='par_1_81' title="bbox 1900 3736 3487 3814">
     <span class='ocr_line' id='line_1_81' title="bbox 1900 3736 3487 3814; baseline -0.001 -17"><span class='ocrx_word' id='word_1_609' title='bbox 1900 3758 2180 3799; x_wconf 89' lang='lat' dir='ltr'><strong>vacensem</strong></span> <span class='ocrx_word' id='word_1_610' title='bbox 2209 3743 2521 3814; x_wconf 89' lang='lat' dir='ltr'><strong>episcopum</strong></span> <span class='ocrx_word' id='word_1_611' title='bbox 2569 3736 2770 3813; x_wconf 82' lang='lat' dir='ltr'><strong>scriptu</strong></span> <span class='ocrx_word' id='word_1_612' title='bbox 2790 3784 2805 3811; x_wconf 90' lang='lat'><strong>,</strong></span> <span class='ocrx_word' id='word_1_613' title='bbox 2837 3757 2957 3812; x_wconf 73' lang='lat' dir='ltr'><strong>qua:</strong></span> <span class='ocrx_word' id='word_1_614' title='bbox 2991 3752 3076 3797; x_wconf 91' lang='lat' dir='ltr'><strong>est</strong></span> <span class='ocrx_word' id='word_1_615' title='bbox 3107 3742 3230 3796; x_wconf 87' lang='lat' dir='ltr'><strong>lihri</strong></span> <span class='ocrx_word' id='word_1_616' title='bbox 3264 3741 3487 3796; x_wconf 90' lang='lat' dir='ltr'><strong>secundi</strong></span> 
     </span>
    </p>
   </div>
   <div class='ocr_carea' id='block_1_82' title="bbox 1899 3833 3488 3899">
    <p class='ocr_par' dir='ltr' id='par_1_82' title="bbox 1899 3833 3488 3899">
     <span class='ocr_line' id='line_1_82' title="bbox 1899 3833 3488 3899; baseline -0.003 -9"><span class='ocrx_word' id='word_1_617' title='bbox 1899 3852 2017 3899; x_wconf 79' lang='lat' dir='ltr'><strong>xu,</strong></span> <span class='ocrx_word' id='word_1_618' title='bbox 2049 3835 2138 3889; x_wconf 85' lang='lat' dir='ltr'><strong>ubi</strong></span> <span class='ocrx_word' id='word_1_619' title='bbox 2184 3851 2306 3890; x_wconf 83' lang='lat' dir='ltr'><strong>eum</strong></span> <span class='ocrx_word' id='word_1_620' title='bbox 2356 3845 2543 3891; x_wconf 85' lang='lat' dir='ltr'><strong>monet</strong></span> <span class='ocrx_word' id='word_1_621' title='bbox 2583 3844 2641 3889; x_wconf 90' lang='lat' dir='ltr'><strong>ttt</strong></span> <span class='ocrx_word' id='word_1_622' title='bbox 2677 3834 2967 3889; x_wconf 85' lang='lat' dir='ltr'><strong>Lanfranci</strong></span> <span class='ocrx_word' id='word_1_623' title='bbox 2998 3850 3062 3889; x_wconf 92' lang='lat' dir='ltr'><strong>ac</strong></span> <span class='ocrx_word' id='word_1_624' title='bbox 3092 3835 3173 3889; x_wconf 91' lang='lat' dir='ltr'><strong>sui</strong></span> <span class='ocrx_word' id='word_1_625' title='bbox 3212 3833 3488 3888; x_wconf 84' lang='lat' dir='ltr'><strong>defensio-</strong></span> 
     </span>
    </p>
   </div>
   <div class='ocr_carea' id='block_1_83' title="bbox 1899 3922 3490 3998">
    <p class='ocr_par' dir='ltr' id='par_1_83' title="bbox 1899 3922 3490 3998">
     <span class='ocr_line' id='line_1_83' title="bbox 1899 3922 3490 3998; baseline -0.005 -17"><span class='ocrx_word' id='word_1_626' title='bbox 1899 3943 2028 3981; x_wconf 88' lang='lat' dir='ltr'><strong>ncnt</strong></span> <span class='ocrx_word' id='word_1_627' title='bbox 2062 3925 2328 3998; x_wconf 87' lang='lat' dir='ltr'><strong>suscipiat</strong></span> <span class='ocrx_word' id='word_1_628' title='bbox 2359 3927 2413 3980; x_wconf 91' lang='lat' dir='ltr'><strong>in</strong></span> <span class='ocrx_word' id='word_1_629' title='bbox 2446 3923 2847 3996; x_wconf 84' lang='lat' dir='ltr'><strong>concilioquod</strong></span> <span class='ocrx_word' id='word_1_630' title='bbox 2875 3941 2938 3981; x_wconf 90' lang='lat' dir='ltr'><strong>ca</strong></span> <span class='ocrx_word' id='word_1_631' title='bbox 2968 3926 3034 3981; x_wconf 91' lang='lat' dir='ltr'><strong>de</strong></span> <span class='ocrx_word' id='word_1_632' title='bbox 3077 3939 3137 3979; x_wconf 88' lang='lat' dir='ltr'><strong>re</strong></span> <span class='ocrx_word' id='word_1_633' title='bbox 3168 3940 3197 3979; x_wconf 93' lang='lat' dir='ltr'><strong>a</strong></span> <span class='ocrx_word' id='word_1_634' title='bbox 3228 3922 3490 3991; x_wconf 78' lang='lat' dir='ltr'><strong>Rainahlo</strong></span> 
     </span>
    </p>
   </div>
   <div class='ocr_carea' id='block_1_84' title="bbox 1901 4000 3491 4086">
    <p class='ocr_par' dir='ltr' id='par_1_84' title="bbox 1901 4000 3491 4086">
     <span class='ocr_line' id='line_1_84' title="bbox 1901 4000 3491 4086; baseline -0.005 -15"><span class='ocrx_word' id='word_1_635' title='bbox 1901 4017 2193 4071; x_wconf 81' lang='lat' dir='ltr'><strong>Remorum</strong></span> <span class='ocrx_word' id='word_1_636' title='bbox 2263 4015 2677 4086; x_wconf 81' lang='lat' dir='ltr'><strong>archicpiScupo</strong></span> <span class='ocrx_word' id='word_1_637' title='bbox 2744 4016 2991 4085; x_wconf 88' lang='lat' dir='ltr'><strong>proxime</strong></span> <span class='ocrx_word' id='word_1_638' title='bbox 3053 4000 3491 4080; x_wconf 75' lang='lat' dir='ltr'><strong>congregandunt</strong></span> 
     </span>
    </p>
   </div>
   <div class='ocr_carea' id='block_1_85' title="bbox 1900 4103 3491 4174">
    <p class='ocr_par' dir='ltr' id='par_1_85' title="bbox 1900 4103 3491 4174">
     <span class='ocr_line' id='line_1_85' title="bbox 1900 4103 3491 4174; baseline -0.005 -12"><span class='ocrx_word' id='word_1_639' title='bbox 1900 4117 2036 4163; x_wconf 87' lang='lat' dir='ltr'><strong>erat.</strong></span> <span class='ocrx_word' id='word_1_640' title='bbox 2061 4106 2137 4162; x_wconf 91' lang='lat' dir='ltr'><strong>lta</strong></span> <span class='ocrx_word' id='word_1_641' title='bbox 2167 4121 2297 4162; x_wconf 88' lang='lat' dir='ltr'><strong>vero</strong></span> <span class='ocrx_word' id='word_1_642' title='bbox 2323 4108 2390 4163; x_wconf 89' lang='lat' dir='ltr'><strong>de</strong></span> <span class='ocrx_word' id='word_1_643' title='bbox 2420 4105 2711 4162; x_wconf 89' lang='lat' dir='ltr'><strong>Lanfranci</strong></span> <span class='ocrx_word' id='word_1_644' title='bbox 2736 4106 2982 4161; x_wconf 88' lang='lat' dir='ltr'><strong>doctrina</strong></span> <span class='ocrx_word' id='word_1_645' title='bbox 3019 4105 3258 4174; x_wconf 89' lang='lat' dir='ltr'><strong>loquitur</strong></span> <span class='ocrx_word' id='word_1_646' title='bbox 3286 4119 3301 4157; x_wconf 88' lang='lat'><strong>:</strong></span> <span class='ocrx_word' id='word_1_647' title='bbox 3337 4121 3354 4154; x_wconf 74' lang='grc' dir='ltr'><strong><em>ο</em></strong></span> <span class='ocrx_word' id='word_1_648' title='bbox 3389 4103 3491 4155; x_wconf 83' lang='lat' dir='ltr'><strong>Ar-</strong></span> 
     </span>
    </p>
   </div>
   <div class='ocr_carea' id='block_1_86' title="bbox 1900 4194 3490 4269">
    <p class='ocr_par' dir='ltr' id='par_1_86' title="bbox 1900 4194 3490 4269">
     <span class='ocr_line' id='line_1_86' title="bbox 1900 4194 3490 4269; baseline -0.004 -16"><span class='ocrx_word' id='word_1_649' title='bbox 1900 4198 2301 4269; x_wconf 88' lang='lat' dir='ltr'><strong>cltiepiscopum</strong></span> <span class='ocrx_word' id='word_1_650' title='bbox 2338 4198 2556 4267; x_wconf 89' lang='lat' dir='ltr'><strong>quidem</strong></span> <span class='ocrx_word' id='word_1_651' title='bbox 2605 4197 2970 4252; x_wconf 86' lang='lat' dir='ltr'><strong>Lanfrancum</strong></span> <span class='ocrx_word' id='word_1_652' title='bbox 3014 4198 3124 4250; x_wconf 85' lang='lat' dir='ltr'><strong>vita</strong></span> <span class='ocrx_word' id='word_1_653' title='bbox 3159 4196 3275 4261; x_wconf 90' lang='lat' dir='ltr'><strong>ejus</strong></span> <span class='ocrx_word' id='word_1_654' title='bbox 3303 4194 3490 4248; x_wconf 85' lang='lat' dir='ltr'><strong>multis</strong></span> 
     </span>
    </p>
   </div>
   <div class='ocr_carea' id='block_1_87' title="bbox 1900 4286 3490 4359">
    <p class='ocr_par' dir='ltr' id='par_1_87' title="bbox 1900 4286 3490 4359">
     <span class='ocr_line' id='line_1_87' title="bbox 1900 4286 3490 4359; baseline -0.006 -14"><span class='ocrx_word' id='word_1_655' title='bbox 1900 4290 2169 4359; x_wconf 85' lang='lat' dir='ltr'><strong>religiosis</strong></span> <span class='ocrx_word' id='word_1_656' title='bbox 2198 4299 2253 4343; x_wconf 93' lang='lat' dir='ltr'><strong>et</strong></span> <span class='ocrx_word' id='word_1_657' title='bbox 2287 4290 2620 4358; x_wconf 88' lang='lat' dir='ltr'><strong>sapientibus</strong></span> <span class='ocrx_word' id='word_1_658' title='bbox 2653 4289 2788 4342; x_wconf 89' lang='lat' dir='ltr'><strong>viris</strong></span> <span class='ocrx_word' id='word_1_659' title='bbox 2816 4297 2941 4342; x_wconf 90' lang='lat' dir='ltr'><strong>nota</strong></span> <span class='ocrx_word' id='word_1_660' title='bbox 2965 4328 2977 4349; x_wconf 93' lang='lat'><strong>,</strong></span> <span class='ocrx_word' id='word_1_661' title='bbox 3006 4287 3130 4356; x_wconf 85' lang='lat' dir='ltr'><strong>quia</strong></span> <span class='ocrx_word' id='word_1_662' title='bbox 3162 4286 3229 4340; x_wconf 90' lang='lat' dir='ltr'><strong>de</strong></span> <span class='ocrx_word' id='word_1_663' title='bbox 3260 4300 3324 4339; x_wconf 90' lang='lat' dir='ltr'><strong>eo</strong></span> <span class='ocrx_word' id='word_1_664' title='bbox 3355 4300 3490 4338; x_wconf 83' lang='lat' dir='ltr'><strong>nun-</strong></span> 
     </span>
    </p>
   </div>
   <div class='ocr_carea' id='block_1_88' title="bbox 1901 4374 3493 4449">
    <p class='ocr_par' dir='ltr' id='par_1_88' title="bbox 1901 4374 3493 4449">
     <span class='ocr_line' id='line_1_88' title="bbox 1901 4374 3493 4449; baseline -0.003 -17"><span class='ocrx_word' id='word_1_665' title='bbox 1901 4394 2066 4449; x_wconf 86' lang='lat' dir='ltr'><strong>quam</strong></span> <span class='ocrx_word' id='word_1_666' title='bbox 2099 4377 2447 4446; x_wconf 84' lang='lat' dir='ltr'><strong>aliquid-tale</strong></span> <span class='ocrx_word' id='word_1_667' title='bbox 2472 4377 2688 4439; x_wconf 90' lang='lat' dir='ltr'><strong>sonuit,</strong></span> <span class='ocrx_word' id='word_1_668' title='bbox 2721 4375 2919 4431; x_wconf 84' lang='lat' dir='ltr'><strong>abhoc</strong></span> <span class='ocrx_word' id='word_1_669' title='bbox 2964 4375 3191 4430; x_wconf 78' lang='lat' dir='ltr'><strong>crimine</strong></span> <span class='ocrx_word' id='word_1_670' title='bbox 3236 4374 3370 4429; x_wconf 86' lang='lat' dir='ltr'><strong>satis</strong></span> <span class='ocrx_word' id='word_1_671' title='bbox 3399 4388 3493 4428; x_wconf 85' lang='lat' dir='ltr'><strong>ex-</strong></span> 
     </span>
    </p>
   </div>
   <div class='ocr_carea' id='block_1_89' title="bbox 204 4464 3487 4541">
    <p class='ocr_par' dir='ltr' id='par_1_89' title="bbox 204 4464 3487 4541">
     <span class='ocr_line' id='line_1_89' title="bbox 204 4464 3487 4541; baseline -0.001 -18"><span class='ocrx_word' id='word_1_672' title='bbox 204 4472 579 4541; x_wconf 85' lang='lat' dir='ltr'><strong>provexit.....</strong></span> <span class='ocrx_word' id='word_1_673' title='bbox 608 4470 812 4524; x_wconf 87' lang='lat' dir='ltr'><strong>Coactu</strong></span> <span class='ocrx_word' id='word_1_674' title='bbox 844 4469 1168 4525; x_wconf 72' lang='lat' dir='ltr'><strong>obedientiae</strong></span> <span class='ocrx_word' id='word_1_675' title='bbox 1194 4469 1262 4525; x_wconf 89' lang='lat' dir='ltr'><strong>de</strong></span> <span class='ocrx_word' id='word_1_676' title='bbox 1301 4469 1579 4526; x_wconf 84' lang='lat' dir='ltr'><strong>claustrali</strong></span> <span class='ocrx_word' id='word_1_677' title='bbox 1617 4469 1802 4539; x_wconf 85' lang='lat' dir='ltr'><strong>quiete</strong></span> <span class='ocrx_word' id='word_1_678' title='bbox 1831 4479 1881 4538; x_wconf 78' lang='grc' dir='ltr'>υ</span> <span class='ocrx_word' id='word_1_679' title='bbox 1904 4477 2060 4523; x_wconf 90' lang='lat' dir='ltr'><strong>cusat</strong></span> <span class='ocrx_word' id='word_1_680' title='bbox 2082 4506 2098 4532; x_wconf 95' lang='lat'><strong>,</strong></span> <span class='ocrx_word' id='word_1_681' title='bbox 2141 4487 2160 4519; x_wconf 75' lang='grc' dir='ltr'><strong>ι</strong></span> <span class='ocrx_word' id='word_1_682' title='bbox 2196 4476 2306 4523; x_wconf 91' lang='lat' dir='ltr'><strong>etc.</strong></span> <span class='ocrx_word' id='word_1_683' title='bbox 2334 4464 2444 4522; x_wconf 71' lang='lat' dir='ltr'><strong>Nec</strong></span> <span class='ocrx_word' id='word_1_684' title='bbox 2469 4466 2666 4521; x_wconf 88' lang='lat' dir='ltr'><strong>mirum</strong></span> <span class='ocrx_word' id='word_1_685' title='bbox 2698 4474 2783 4520; x_wconf 90' lang='lat' dir='ltr'><strong>est</strong></span> <span class='ocrx_word' id='word_1_686' title='bbox 2809 4465 2861 4520; x_wconf 91' lang='lat' dir='ltr'><strong>id</strong></span> <span class='ocrx_word' id='word_1_687' title='bbox 2892 4464 3202 4520; x_wconf 86' lang='lat' dir='ltr'><strong>Lanfranco</strong></span> <span class='ocrx_word' id='word_1_688' title='bbox 3235 4464 3487 4519; x_wconf 73' lang='lat' dir='ltr'><strong>defuncte</strong></span> 
     </span>
    </p>
   </div>
   <div class='ocr_carea' id='block_1_90' title="bbox 204 4559 1803 4632">
    <p class='ocr_par' dir='ltr' id='par_1_90' title="bbox 204 4559 1803 4632">
     <span class='ocr_line' id='line_1_90' title="bbox 204 4559 1803 4632; baseline -0.001 -16"><span class='ocrx_word' id='word_1_689' title='bbox 204 4571 525 4630; x_wconf 87' lang='lat' dir='ltr'><strong>protractus</strong></span> <span class='ocrx_word' id='word_1_690' title='bbox 558 4561 817 4631; x_wconf 87' lang='lat' dir='ltr'><strong>magister</strong></span> <span class='ocrx_word' id='word_1_691' title='bbox 842 4560 1142 4632; x_wconf 87' lang='lat' dir='ltr'><strong>processit,</strong></span> <span class='ocrx_word' id='word_1_692' title='bbox 1169 4574 1278 4631; x_wconf 89' lang='lat' dir='ltr'><strong>quo</strong></span> <span class='ocrx_word' id='word_1_693' title='bbox 1303 4560 1535 4616; x_wconf 89' lang='lat' dir='ltr'><strong>docente</strong></span> <span class='ocrx_word' id='word_1_694' title='bbox 1565 4559 1803 4631; x_wconf 82' lang='lat' dir='ltr'><strong>philoso-</strong></span> 
     </span>
    </p>
   </div>
   <div class='ocr_carea' id='block_1_91' title="bbox 207 4651 1813 4725">
    <p class='ocr_par' dir='ltr' id='par_1_91' title="bbox 207 4651 1813 4725">
     <span class='ocr_line' id='line_1_91' title="bbox 207 4651 1813 4725; baseline -0.001 -18"><span class='ocrx_word' id='word_1_695' title='bbox 207 4653 498 4725; x_wconf 87' lang='lat' dir='ltr'><strong>plticarntn</strong></span> <span class='ocrx_word' id='word_1_696' title='bbox 529 4666 595 4709; x_wconf 84' lang='lat' dir='ltr'><strong>ac</strong></span> <span class='ocrx_word' id='word_1_697' title='bbox 620 4653 929 4708; x_wconf 89' lang='lat' dir='ltr'><strong>divinarum</strong></span> <span class='ocrx_word' id='word_1_698' title='bbox 956 4652 1263 4708; x_wconf 87' lang='lat' dir='ltr'><strong>litterarum</strong></span> <span class='ocrx_word' id='word_1_699' title='bbox 1294 4651 1813 4708; x_wconf 34' lang='lat' dir='ltr'><strong>bibliothecavcfful-u</strong></span> 
     </span>
    </p>
   </div>
   <div class='ocr_carea' id='block_1_92' title="bbox 208 4742 1807 4816">
    <p class='ocr_par' dir='ltr' id='par_1_92' title="bbox 208 4742 1807 4816">
     <span class='ocr_line' id='line_1_92' title="bbox 208 4742 1807 4816; baseline -0.001 -17"><span class='ocrx_word' id='word_1_700' title='bbox 208 4745 299 4801; x_wconf 85' lang='lat' dir='ltr'><strong>sit.</strong></span> <span class='ocrx_word' id='word_1_701' title='bbox 324 4746 384 4801; x_wconf 93' lang='lat' dir='ltr'><strong>ln</strong></span> <span class='ocrx_word' id='word_1_702' title='bbox 416 4757 653 4816; x_wconf 85' lang='lat' dir='ltr'><strong>utraque</strong></span> <span class='ocrx_word' id='word_1_703' title='bbox 680 4746 851 4801; x_wconf 89' lang='lat' dir='ltr'><strong>nodos</strong></span> <span class='ocrx_word' id='word_1_704' title='bbox 892 4744 1253 4815; x_wconf 67' lang='lat' dir='ltr'><strong>quasstionnm</strong></span> <span class='ocrx_word' id='word_1_705' title='bbox 1295 4742 1504 4799; x_wconf 87' lang='lat' dir='ltr'><strong>solvere</strong></span> <span class='ocrx_word' id='word_1_706' title='bbox 1545 4742 1807 4814; x_wconf 80' lang='lat' dir='ltr'><strong>potentis-</strong></span> 
     </span>
    </p>
   </div>
   <div class='ocr_carea' id='block_1_93' title="bbox 210 4834 1801 4909">
    <p class='ocr_par' dir='ltr' id='par_1_93' title="bbox 210 4834 1801 4909">
     <span class='ocr_line' id='line_1_93' title="bbox 210 4834 1801 4909; baseline -0.001 -17"><span class='ocrx_word' id='word_1_707' title='bbox 210 4836 383 4894; x_wconf 85' lang='lat' dir='ltr'><strong>simus</strong></span> <span class='ocrx_word' id='word_1_708' title='bbox 409 4847 556 4894; x_wconf 87' lang='lat' dir='ltr'><strong>erat.</strong></span> <span class='ocrx_word' id='word_1_709' title='bbox 585 4837 700 4893; x_wconf 87' lang='lat' dir='ltr'><strong>Hoc</strong></span> <span class='ocrx_word' id='word_1_710' title='bbox 727 4846 988 4909; x_wconf 81' lang='lat' dir='ltr'><strong>magtstro</strong></span> <span class='ocrx_word' id='word_1_711' title='bbox 1014 4835 1266 4906; x_wconf 84' lang='lat' dir='ltr'><strong>primitus</strong></span> <span class='ocrx_word' id='word_1_712' title='bbox 1310 4834 1607 4890; x_wconf 86' lang='lat' dir='ltr'><strong>Normanni</strong></span> <span class='ocrx_word' id='word_1_713' title='bbox 1650 4834 1801 4890; x_wconf 80' lang='lat' dir='ltr'><strong>litte-</strong></span> 
     </span>
    </p>
   </div>
   <div class='ocr_carea' id='block_1_94' title="bbox 210 4924 1807 5001">
    <p class='ocr_par' dir='ltr' id='par_1_94' title="bbox 210 4924 1807 5001">
     <span class='ocr_line' id='line_1_94' title="bbox 210 4924 1807 5001; baseline -0.003 -16"><span class='ocrx_word' id='word_1_714' title='bbox 210 4932 481 4986; x_wconf 86' lang='lat' dir='ltr'><strong>ratoriam</strong></span> <span class='ocrx_word' id='word_1_715' title='bbox 510 4940 686 4984; x_wconf 85' lang='lat' dir='ltr'><strong>artem</strong></span> <span class='ocrx_word' id='word_1_716' title='bbox 729 4928 1058 5001; x_wconf 88' lang='lat' dir='ltr'><strong>perscrutati</strong></span> <span class='ocrx_word' id='word_1_717' title='bbox 1087 4934 1245 4992; x_wconf 86' lang='lat' dir='ltr'><strong>sunt,</strong></span> <span class='ocrx_word' id='word_1_718' title='bbox 1274 4935 1330 4981; x_wconf 87' lang='lat' dir='ltr'><strong>et</strong></span> <span class='ocrx_word' id='word_1_719' title='bbox 1357 4927 1423 4981; x_wconf 89' lang='lat' dir='ltr'><strong>de</strong></span> <span class='ocrx_word' id='word_1_720' title='bbox 1449 4924 1634 4981; x_wconf 89' lang='lat' dir='ltr'><strong>schola</strong></span> <span class='ocrx_word' id='word_1_721' title='bbox 1672 4924 1807 4980; x_wconf 86' lang='lat' dir='ltr'><strong>Bec-</strong></span> 
     </span>
    </p>
   </div>
   <div class='ocr_carea' id='block_1_95' title="bbox 211 5018 1807 5092">
    <p class='ocr_par' dir='ltr' id='par_1_95' title="bbox 211 5018 1807 5092">
     <span class='ocr_line' id='line_1_95' title="bbox 211 5018 1807 5092; baseline -0.004 -13"><span class='ocrx_word' id='word_1_722' title='bbox 211 5023 362 5079; x_wconf 85' lang='lat' dir='ltr'><strong>censi</strong></span> <span class='ocrx_word' id='word_1_723' title='bbox 394 5023 722 5092; x_wconf 83' lang='lat' dir='ltr'><strong>eloquentes</strong></span> <span class='ocrx_word' id='word_1_724' title='bbox 762 5022 816 5076; x_wconf 93' lang='lat' dir='ltr'><strong>in</strong></span> <span class='ocrx_word' id='word_1_725' title='bbox 862 5020 1061 5076; x_wconf 84' lang='lat' dir='ltr'><strong>divinis</strong></span> <span class='ocrx_word' id='word_1_726' title='bbox 1083 5027 1141 5075; x_wconf 88' lang='lat' dir='ltr'><strong>et</strong></span> <span class='ocrx_word' id='word_1_727' title='bbox 1166 5018 1514 5074; x_wconf 71' lang='lat' dir='ltr'><strong>saecularibus</strong></span> <span class='ocrx_word' id='word_1_728' title='bbox 1547 5018 1807 5086; x_wconf 71' lang='lat' dir='ltr'><strong>sophista:</strong></span> 
     </span>
    </p>
   </div>
   <div class='ocr_carea' id='block_1_96' title="bbox 209 5114 1801 5186">
    <p class='ocr_par' dir='ltr' id='par_1_96' title="bbox 209 5114 1801 5186">
     <span class='ocr_line' id='line_1_96' title="bbox 209 5114 1801 5186; baseline -0.002 -16"><span class='ocrx_word' id='word_1_729' title='bbox 209 5126 627 5186; x_wconf 87' lang='lat' dir='ltr'><strong>processerunt.</strong></span> <span class='ocrx_word' id='word_1_730' title='bbox 660 5115 799 5171; x_wconf 89' lang='lat' dir='ltr'><strong>Nam</strong></span> <span class='ocrx_word' id='word_1_731' title='bbox 828 5125 991 5170; x_wconf 58' lang='lat' dir='ltr'><strong>antea»</strong></span> <span class='ocrx_word' id='word_1_732' title='bbox 1019 5114 1122 5171; x_wconf 87' lang='lat' dir='ltr'><strong>sub</strong></span> <span class='ocrx_word' id='word_1_733' title='bbox 1168 5123 1411 5183; x_wconf 90' lang='lat' dir='ltr'><strong>tempore</strong></span> <span class='ocrx_word' id='word_1_734' title='bbox 1461 5128 1558 5168; x_wconf 87' lang='lat' dir='ltr'><strong>sex</strong></span> <span class='ocrx_word' id='word_1_735' title='bbox 1603 5114 1801 5167; x_wconf 89' lang='lat' dir='ltr'><strong>ducum</strong></span> 
     </span>
    </p>
   </div>
   <div class='ocr_carea' id='block_1_97' title="bbox 215 5205 1805 5274">
    <p class='ocr_par' dir='ltr' id='par_1_97' title="bbox 215 5205 1805 5274">
     <span class='ocr_line' id='line_1_97' title="bbox 215 5205 1805 5274; baseline -0.001 -11"><span class='ocrx_word' id='word_1_736' title='bbox 215 5206 629 5274; x_wconf 73' lang='lat' dir='ltr'><strong>Neustrize,vix</strong></span> <span class='ocrx_word' id='word_1_737' title='bbox 653 5207 796 5263; x_wconf 89' lang='lat' dir='ltr'><strong>nllus</strong></span> <span class='ocrx_word' id='word_1_738' title='bbox 819 5206 1255 5263; x_wconf 81' lang='lat' dir='ltr'><strong>Normannorum</strong></span> <span class='ocrx_word' id='word_1_739' title='bbox 1282 5205 1592 5261; x_wconf 86' lang='lat' dir='ltr'><strong>liberalibus</strong></span> <span class='ocrx_word' id='word_1_740' title='bbox 1611 5205 1805 5261; x_wconf 90' lang='lat' dir='ltr'><strong>studiis</strong></span> 
     </span>
    </p>
   </div>
   <div class='ocr_carea' id='block_1_98' title="bbox 215 5296 1806 5367">
    <p class='ocr_par' dir='ltr' id='par_1_98' title="bbox 215 5296 1806 5367">
     <span class='ocr_line' id='line_1_98' title="bbox 215 5296 1806 5367; baseline -0.003 -12"><span class='ocrx_word' id='word_1_741' title='bbox 215 5302 483 5365; x_wconf 60' lang='lat' dir='ltr'><strong>adhaesit,</strong></span> <span class='ocrx_word' id='word_1_742' title='bbox 538 5315 638 5355; x_wconf 87' lang='lat' dir='ltr'><strong>nec</strong></span> <span class='ocrx_word' id='word_1_743' title='bbox 677 5300 868 5356; x_wconf 91' lang='lat' dir='ltr'><strong>doctor</strong></span> <span class='ocrx_word' id='word_1_744' title='bbox 914 5299 1312 5364; x_wconf 86' lang='lat' dir='ltr'><strong>inveniebatur,</strong></span> <span class='ocrx_word' id='word_1_745' title='bbox 1343 5298 1514 5354; x_wconf 90' lang='lat' dir='ltr'><strong>donec</strong></span> <span class='ocrx_word' id='word_1_746' title='bbox 1558 5296 1806 5367; x_wconf 89' lang='lat' dir='ltr'><strong>provisor</strong></span> 
     </span>
    </p>
   </div>
   <div class='ocr_carea' id='block_1_99' title="bbox 214 5388 1799 5458">
    <p class='ocr_par' dir='ltr' id='par_1_99' title="bbox 214 5388 1799 5458">
     <span class='ocr_line' id='line_1_99' title="bbox 214 5388 1799 5458; baseline -0.001 -14"><span class='ocrx_word' id='word_1_747' title='bbox 214 5392 461 5446; x_wconf 89' lang='lat' dir='ltr'><strong>omnium</strong></span> <span class='ocrx_word' id='word_1_748' title='bbox 489 5392 630 5446; x_wconf 83' lang='lat' dir='ltr'><strong>Deus</strong></span> <span class='ocrx_word' id='word_1_749' title='bbox 650 5390 1029 5445; x_wconf 84' lang='lat' dir='ltr'><strong>Normannicis</strong></span> <span class='ocrx_word' id='word_1_750' title='bbox 1050 5390 1164 5443; x_wconf 90' lang='lat' dir='ltr'><strong>oris</strong></span> <span class='ocrx_word' id='word_1_751' title='bbox 1186 5388 1549 5444; x_wconf 87' lang='lat' dir='ltr'><strong>Lanfrancnm</strong></span> <span class='ocrx_word' id='word_1_752' title='bbox 1577 5388 1799 5458; x_wconf 90' lang='lat' dir='ltr'><strong>appulit.</strong></span> 
     </span>
    </p>
   </div>
   <div class='ocr_carea' id='block_1_100' title="bbox 215 5478 1799 5552">
    <p class='ocr_par' dir='ltr' id='par_1_100' title="bbox 215 5478 1799 5552">
     <span class='ocr_line' id='line_1_100' title="bbox 215 5478 1799 5552; baseline -0.002 -17"><span class='ocrx_word' id='word_1_753' title='bbox 215 5479 386 5536; x_wconf 83' lang='lat' dir='ltr'><strong>Fama</strong></span> <span class='ocrx_word' id='word_1_754' title='bbox 414 5481 631 5552; x_wconf 74' lang='lat' dir='ltr'><strong>peritia:</strong></span> <span class='ocrx_word' id='word_1_755' title='bbox 658 5481 802 5535; x_wconf 91' lang='lat' dir='ltr'><strong>illius</strong></span> <span class='ocrx_word' id='word_1_756' title='bbox 832 5481 884 5535; x_wconf 89' lang='lat' dir='ltr'><strong>itt</strong></span> <span class='ocrx_word' id='word_1_757' title='bbox 911 5490 1026 5535; x_wconf 87' lang='lat' dir='ltr'><strong>tota</strong></span> <span class='ocrx_word' id='word_1_758' title='bbox 1051 5481 1283 5535; x_wconf 87' lang='lat' dir='ltr'><strong>ubertim</strong></span> <span class='ocrx_word' id='word_1_759' title='bbox 1312 5478 1547 5535; x_wconf 88' lang='lat' dir='ltr'><strong>innotuit</strong></span> <span class='ocrx_word' id='word_1_760' title='bbox 1569 5478 1799 5548; x_wconf 85' lang='lat' dir='ltr'><strong>Europa.</strong></span> 
     </span>
    </p>
   </div>
   <div class='ocr_carea' id='block_1_101' title="bbox 217 5569 1803 5639">
    <p class='ocr_par' dir='ltr' id='par_1_101' title="bbox 217 5569 1803 5639">
     <span class='ocr_line' id='line_1_101' title="bbox 217 5569 1803 5639; baseline 0 -16"><span class='ocrx_word' id='word_1_761' title='bbox 217 5571 363 5624; x_wconf 87' lang='lat' dir='ltr'><strong>unde</strong></span> <span class='ocrx_word' id='word_1_762' title='bbox 401 5569 473 5624; x_wconf 87' lang='lat' dir='ltr'><strong>ad</strong></span> <span class='ocrx_word' id='word_1_763' title='bbox 526 5572 893 5639; x_wconf 69' lang='lat' dir='ltr'><strong>magisterium</strong></span> <span class='ocrx_word' id='word_1_764' title='bbox 943 5570 1060 5638; x_wconf 86' lang='lat' dir='ltr'><strong>ejus</strong></span> <span class='ocrx_word' id='word_1_765' title='bbox 1106 5572 1259 5626; x_wconf 91' lang='lat' dir='ltr'><strong>multi</strong></span> <span class='ocrx_word' id='word_1_766' title='bbox 1311 5578 1690 5626; x_wconf 87' lang='lat' dir='ltr'><strong>convenerunt</strong></span> <span class='ocrx_word' id='word_1_767' title='bbox 1736 5570 1803 5624; x_wconf 87' lang='lat' dir='ltr'><strong>de</strong></span> 
     </span>
    </p>
   </div>
   <div class='ocr_carea' id='block_1_102' title="bbox 215 5651 1802 5725">
    <p class='ocr_par' dir='ltr' id='par_1_102' title="bbox 215 5651 1802 5725">
     <span class='ocr_line' id='line_1_102' title="bbox 215 5651 1802 5725; baseline -0.002 -12"><span class='ocrx_word' id='word_1_768' title='bbox 215 5659 454 5715; x_wconf 84' lang='lat' dir='ltr'><strong>Francia</strong></span> <span class='ocrx_word' id='word_1_769' title='bbox 474 5698 491 5722; x_wconf 87' lang='lat'><strong>,</strong></span> <span class='ocrx_word' id='word_1_770' title='bbox 520 5658 586 5713; x_wconf 90' lang='lat' dir='ltr'><strong>de</strong></span> <span class='ocrx_word' id='word_1_771' title='bbox 613 5660 923 5725; x_wconf 77' lang='lat' dir='ltr'><strong>Wasconia,</strong></span> <span class='ocrx_word' id='word_1_772' title='bbox 966 5660 1034 5715; x_wconf 90' lang='lat' dir='ltr'><strong>de</strong></span> <span class='ocrx_word' id='word_1_773' title='bbox 1068 5659 1375 5725; x_wconf 72' lang='lat' dir='ltr'><strong>Britannia,</strong></span> <span class='ocrx_word' id='word_1_774' title='bbox 1406 5673 1614 5713; x_wconf 77' lang='lat' dir='ltr'><strong>necnon</strong></span> <span class='ocrx_word' id='word_1_775' title='bbox 1644 5651 1802 5711; x_wconf 79' lang='lat' dir='ltr'><strong>Flan-</strong></span> 
     </span>
    </p>
   </div>
   <div class='ocr_carea' id='block_1_103' title="bbox 223 5749 1803 5820">
    <p class='ocr_par' dir='ltr' id='par_1_103' title="bbox 223 5749 1803 5820">
     <span class='ocr_line' id='line_1_103' title="bbox 223 5749 1803 5820; baseline -0.001 -17"><span class='ocrx_word' id='word_1_776' title='bbox 223 5751 361 5807; x_wconf 88' lang='lat' dir='ltr'><strong>dria.</strong></span> <span class='ocrx_word' id='word_1_777' title='bbox 389 5770 408 5803; x_wconf 78' lang='grc' dir='ltr'><strong><em>ι</em></strong></span> <span class='ocrx_word' id='word_1_778' title='bbox 440 5749 793 5807; x_wconf 79' lang='lat' dir='ltr'><strong>Panrioribns</strong></span> <span class='ocrx_word' id='word_1_779' title='bbox 815 5750 1119 5808; x_wconf 69' lang='lat' dir='ltr'><strong>verbisltmc</strong></span> <span class='ocrx_word' id='word_1_780' title='bbox 1148 5751 1330 5806; x_wconf 77' lang='lat' dir='ltr'><strong>eadem</strong></span> <span class='ocrx_word' id='word_1_781' title='bbox 1356 5751 1532 5806; x_wconf 90' lang='lat' dir='ltr'><strong>omnia</strong></span> <span class='ocrx_word' id='word_1_782' title='bbox 1557 5749 1803 5820; x_wconf 71' lang='lat' dir='ltr'><strong>expcsuit</strong></span> 
     </span>
    </p>
   </div>
   <div class='ocr_carea' id='block_1_104' title="bbox 1906 4556 3491 4631">
    <p class='ocr_par' dir='ltr' id='par_1_104' title="bbox 1906 4556 3491 4631">
     <span class='ocr_line' id='line_1_104' title="bbox 1906 4556 3491 4631; baseline -0.003 -15"><span class='ocrx_word' id='word_1_783' title='bbox 1906 4560 2202 4631; x_wconf 88' lang='lat' dir='ltr'><strong>impactum</strong></span> <span class='ocrx_word' id='word_1_784' title='bbox 2257 4556 2423 4614; x_wconf 85' lang='lat' dir='ltr'><strong>fuisse</strong></span> <span class='ocrx_word' id='word_1_785' title='bbox 2471 4558 2615 4613; x_wconf 87' lang='lat' dir='ltr'><strong>ouod</strong></span> <span class='ocrx_word' id='word_1_786' title='bbox 2664 4557 2764 4627; x_wconf 91' lang='lat' dir='ltr'><strong>ipsi</strong></span> <span class='ocrx_word' id='word_1_787' title='bbox 2802 4558 2979 4613; x_wconf 87' lang='lat' dir='ltr'><strong>adltuc</strong></span> <span class='ocrx_word' id='word_1_788' title='bbox 3026 4559 3077 4611; x_wconf 93' lang='lat' dir='ltr'><strong>in</strong></span> <span class='ocrx_word' id='word_1_789' title='bbox 3122 4557 3263 4613; x_wconf 86' lang='lat' dir='ltr'><strong>vivis</strong></span> <span class='ocrx_word' id='word_1_790' title='bbox 3310 4557 3491 4627; x_wconf 89' lang='lat' dir='ltr'><strong>agenti</strong></span> 
     </span>
    </p>
   </div>
   <div class='ocr_carea' id='block_1_105' title="bbox 1906 4651 3494 4722">
    <p class='ocr_par' dir='ltr' id='par_1_105' title="bbox 1906 4651 3494 4722">
     <span class='ocr_line' id='line_1_105' title="bbox 1906 4651 3494 4722; baseline -0.003 -13"><span class='ocrx_word' id='word_1_791' title='bbox 1906 4653 2108 4710; x_wconf 90' lang='lat' dir='ltr'><strong>factum</strong></span> <span class='ocrx_word' id='word_1_792' title='bbox 2152 4654 2351 4709; x_wconf 86' lang='lat' dir='ltr'><strong>fuerat.</strong></span> <span class='ocrx_word' id='word_1_793' title='bbox 2400 4652 2653 4707; x_wconf 83' lang='lat' dir='ltr'><strong>Nonnulli</strong></span> <span class='ocrx_word' id='word_1_794' title='bbox 2681 4652 2825 4706; x_wconf 92' lang='lat' dir='ltr'><strong>enim</strong></span> <span class='ocrx_word' id='word_1_795' title='bbox 2854 4692 2868 4715; x_wconf 93' lang='lat'><strong>,</strong></span> <span class='ocrx_word' id='word_1_796' title='bbox 2918 4651 3102 4707; x_wconf 88' lang='lat' dir='ltr'><strong>nescio</strong></span> <span class='ocrx_word' id='word_1_797' title='bbox 3149 4667 3256 4720; x_wconf 88' lang='lat' dir='ltr'><strong>quo</strong></span> <span class='ocrx_word' id='word_1_798' title='bbox 3299 4652 3494 4722; x_wconf 76' lang='lat' dir='ltr'><strong>spiritu</strong></span> 
     </span>
    </p>
   </div>
   <div class='ocr_carea' id='block_1_106' title="bbox 1905 4741 3487 4813">
    <p class='ocr_par' dir='ltr' id='par_1_106' title="bbox 1905 4741 3487 4813">
     <span class='ocr_line' id='line_1_106' title="bbox 1905 4741 3487 4813; baseline -0.005 -11"><span class='ocrx_word' id='word_1_799' title='bbox 1905 4746 2074 4810; x_wconf 89' lang='lat' dir='ltr'><strong>ducti,</strong></span> <span class='ocrx_word' id='word_1_800' title='bbox 2096 4760 2219 4801; x_wconf 91' lang='lat' dir='ltr'><strong>eum</strong></span> <span class='ocrx_word' id='word_1_801' title='bbox 2247 4743 2385 4813; x_wconf 89' lang='lat' dir='ltr'><strong>apud</strong></span> <span class='ocrx_word' id='word_1_802' title='bbox 2408 4743 2712 4798; x_wconf 79' lang='lat' dir='ltr'><strong>Romanum</strong></span> <span class='ocrx_word' id='word_1_803' title='bbox 2737 4741 3046 4811; x_wconf 79' lang='lat' dir='ltr'><strong>pontificem</strong></span> <span class='ocrx_word' id='word_1_804' title='bbox 3072 4751 3487 4796; x_wconf 71' lang='lat' dir='ltr'><strong>accusaverant&#39;</strong></span> 
     </span>
    </p>
   </div>
   <div class='ocr_carea' id='block_1_107' title="bbox 1905 4831 3493 4907">
    <p class='ocr_par' dir='ltr' id='par_1_107' title="bbox 1905 4831 3493 4907">
     <span class='ocr_line' id='line_1_107' title="bbox 1905 4831 3493 4907; baseline -0.004 -16"><span class='ocrx_word' id='word_1_805' title='bbox 1905 4838 2058 4907; x_wconf 84' lang='lat' dir='ltr'><strong>quasi</strong></span> <span class='ocrx_word' id='word_1_806' title='bbox 2082 4833 2390 4904; x_wconf 87' lang='lat' dir='ltr'><strong>Berengarii</strong></span> <span class='ocrx_word' id='word_1_807' title='bbox 2414 4831 2696 4888; x_wconf 83' lang='lat' dir='ltr'><strong>erroribus</strong></span> <span class='ocrx_word' id='word_1_808' title='bbox 2708 4831 2940 4887; x_wconf 83' lang='lat' dir='ltr'><strong>faveret.</strong></span> <span class='ocrx_word' id='word_1_809' title='bbox 2960 4832 3134 4899; x_wconf 76' lang='lat' dir='ltr'><strong>Quam</strong></span> <span class='ocrx_word' id='word_1_810' title='bbox 3158 4831 3493 4887; x_wconf 89' lang='lat' dir='ltr'><strong>calumniam</strong></span> 
     </span>
    </p>
   </div>
   <div class='ocr_carea' id='block_1_108' title="bbox 1906 4923 3492 4994">
    <p class='ocr_par' dir='ltr' id='par_1_108' title="bbox 1906 4923 3492 4994">
     <span class='ocr_line' id='line_1_108' title="bbox 1906 4923 3492 4994; baseline -0.006 -9"><span class='ocrx_word' id='word_1_811' title='bbox 1906 4929 2057 4985; x_wconf 85' lang='lat' dir='ltr'><strong>brevi</strong></span> <span class='ocrx_word' id='word_1_812' title='bbox 2087 4943 2191 4981; x_wconf 91' lang='lat' dir='ltr'><strong>non</strong></span> <span class='ocrx_word' id='word_1_813' title='bbox 2224 4927 2396 4981; x_wconf 88' lang='lat' dir='ltr'><strong>solum</strong></span> <span class='ocrx_word' id='word_1_814' title='bbox 2427 4925 2679 4994; x_wconf 88' lang='lat' dir='ltr'><strong>scriptis,</strong></span> <span class='ocrx_word' id='word_1_815' title='bbox 2728 4925 2821 4979; x_wconf 90' lang='lat' dir='ltr'><strong>sed</strong></span> <span class='ocrx_word' id='word_1_816' title='bbox 2870 4925 3033 4978; x_wconf 85' lang='lat' dir='ltr'><strong>etiam</strong></span> <span class='ocrx_word' id='word_1_817' title='bbox 3082 4923 3263 4979; x_wconf 80' lang='lat' dir='ltr'><strong>verbis</strong></span> <span class='ocrx_word' id='word_1_818' title='bbox 3309 4937 3492 4977; x_wconf 91' lang='lat' dir='ltr'><strong>coram</strong></span> 
     </span>
    </p>
   </div>
   <div class='ocr_carea' id='block_1_109' title="bbox 1907 5010 3497 5087">
    <p class='ocr_par' dir='ltr' id='par_1_109' title="bbox 1907 5010 3497 5087">
     <span class='ocr_line' id='line_1_109' title="bbox 1907 5010 3497 5087; baseline -0.006 -14"><span class='ocrx_word' id='word_1_819' title='bbox 1907 5019 2117 5073; x_wconf 83' lang='lat' dir='ltr'><strong>duobus</strong></span> <span class='ocrx_word' id='word_1_820' title='bbox 2161 5015 2507 5087; x_wconf 73' lang='lat' dir='ltr'><strong>pontiﬁcibus</strong></span> <span class='ocrx_word' id='word_1_821' title='bbox 2555 5022 2617 5069; x_wconf 9' lang='lat' dir='ltr'><strong>et;</strong></span> <span class='ocrx_word' id='word_1_822' title='bbox 2657 5014 2931 5069; x_wconf 85' lang='lat' dir='ltr'><strong>universis</strong></span> <span class='ocrx_word' id='word_1_823' title='bbox 2970 5013 3229 5084; x_wconf 84' lang='lat' dir='ltr'><strong>s‘ynodis,</strong></span> <span class='ocrx_word' id='word_1_824' title='bbox 3283 5019 3343 5065; x_wconf 90' lang='lat' dir='ltr'><strong>ut</strong></span> <span class='ocrx_word' id='word_1_825' title='bbox 3381 5010 3497 5078; x_wconf 89' lang='lat' dir='ltr'><strong>jam</strong></span> 
     </span>
    </p>
   </div>
   <div class='ocr_carea' id='block_1_110' title="bbox 1907 5103 3497 5179">
    <p class='ocr_par' dir='ltr' id='par_1_110' title="bbox 1907 5103 3497 5179">
     <span class='ocr_line' id='line_1_110' title="bbox 1907 5103 3497 5179; baseline -0.008 -13"><span class='ocrx_word' id='word_1_826' title='bbox 1907 5110 2167 5173; x_wconf 84' lang='lat' dir='ltr'><strong>diximus,</strong></span> <span class='ocrx_word' id='word_1_827' title='bbox 2197 5109 2410 5179; x_wconf 87' lang='lat' dir='ltr'><strong>penitus</strong></span> <span class='ocrx_word' id='word_1_828' title='bbox 2458 5122 2488 5161; x_wconf 90' lang='lat' dir='ltr'><strong>a</strong></span> <span class='ocrx_word' id='word_1_829' title='bbox 2545 5121 2604 5161; x_wconf 87' lang='lat' dir='ltr'><strong>se</strong></span> <span class='ocrx_word' id='word_1_830' title='bbox 2648 5106 2917 5171; x_wconf 84' lang='lat' dir='ltr'><strong>removit;</strong></span> <span class='ocrx_word' id='word_1_831' title='bbox 2952 5106 3142 5175; x_wconf 88' lang='lat' dir='ltr'><strong>sicque</strong></span> <span class='ocrx_word' id='word_1_832' title='bbox 3174 5122 3193 5155; x_wconf 70' lang='grc' dir='ltr'><strong><em>ο</em></strong></span> <span class='ocrx_word' id='word_1_833' title='bbox 3226 5103 3377 5173; x_wconf 87' lang='lat' dir='ltr'><strong>pravi</strong></span> <span class='ocrx_word' id='word_1_834' title='bbox 3410 5118 3497 5155; x_wconf 88' lang='lat' dir='ltr'><strong>ru-</strong></span> 
     </span>
    </p>
   </div>
   <div class='ocr_carea' id='block_1_111' title="bbox 1908 5194 3495 5269">
    <p class='ocr_par' dir='ltr' id='par_1_111' title="bbox 1908 5194 3495 5269">
     <span class='ocr_line' id='line_1_111' title="bbox 1908 5194 3495 5269; baseline -0.006 -13"><span class='ocrx_word' id='word_1_835' title='bbox 1908 5201 2099 5265; x_wconf 84' lang='lat' dir='ltr'><strong>moris,</strong></span> <span class='ocrx_word' id='word_1_836' title='bbox 2125 5218 2143 5253; x_wconf 83' lang='lat' dir='ltr'><strong>t</strong></span> <span class='ocrx_word' id='word_1_837' title='bbox 2177 5209 2236 5254; x_wconf 95' lang='lat' dir='ltr'><strong>ut</strong></span> <span class='ocrx_word' id='word_1_838' title='bbox 2264 5200 2493 5269; x_wconf 86' lang='lat' dir='ltr'><strong>ipsemet</strong></span> <span class='ocrx_word' id='word_1_839' title='bbox 2515 5198 2753 5268; x_wconf 90' lang='lat' dir='ltr'><strong>loquitur</strong></span> <span class='ocrx_word' id='word_1_840' title='bbox 2784 5198 2836 5252; x_wconf 89' lang='lat' dir='ltr'><strong>itt</strong></span> <span class='ocrx_word' id='word_1_841' title='bbox 2861 5198 3041 5253; x_wconf 85' lang='lat' dir='ltr'><strong>libello</strong></span> <span class='ocrx_word' id='word_1_842' title='bbox 3066 5206 3257 5251; x_wconf 91' lang='lat' dir='ltr'><strong>contra</strong></span> <span class='ocrx_word' id='word_1_843' title='bbox 3289 5194 3495 5248; x_wconf 84' lang='lat' dir='ltr'><strong>Beren-</strong></span> 
     </span>
    </p>
   </div>
   <div class='ocr_carea' id='block_1_112' title="bbox 1909 5276 3493 5366">
    <p class='ocr_par' dir='ltr' id='par_1_112' title="bbox 1909 5276 3493 5366">
     <span class='ocr_line' id='line_1_112' title="bbox 1909 5276 3493 5366; baseline -0.005 -18"><span class='ocrx_word' id='word_1_844' title='bbox 1909 5296 2117 5366; x_wconf 86' lang='lat' dir='ltr'><strong>gariutn</strong></span> <span class='ocrx_word' id='word_1_845' title='bbox 2143 5307 2308 5363; x_wconf 90' lang='lat' dir='ltr'><strong>supra</strong></span> <span class='ocrx_word' id='word_1_846' title='bbox 2352 5292 2603 5355; x_wconf 89' lang='lat' dir='ltr'><strong>laudato,</strong></span> <span class='ocrx_word' id='word_1_847' title='bbox 2633 5310 2652 5342; x_wconf 85' lang='grc'>‹</span> <span class='ocrx_word' id='word_1_848' title='bbox 2690 5307 2718 5344; x_wconf 91' lang='lat' dir='ltr'><strong>a</strong></span> <span class='ocrx_word' id='word_1_849' title='bbox 2751 5306 2810 5345; x_wconf 90' lang='lat' dir='ltr'><strong>se</strong></span> <span class='ocrx_word' id='word_1_850' title='bbox 2840 5276 3107 5344; x_wconf 87' lang='lat' dir='ltr'><strong>maculam</strong></span> <span class='ocrx_word' id='word_1_851' title='bbox 3139 5307 3158 5339; x_wconf 75' lang='grc' dir='ltr'><strong><em>ι</em></strong></span> <span class='ocrx_word' id='word_1_852' title='bbox 3197 5285 3493 5348; x_wconf 81' lang='lat' dir='ltr'><strong>abstersit,</strong></span> 
     </span>
    </p>
   </div>
   <div class='ocr_carea' id='block_1_113' title="bbox 1917 5377 3494 5454">
    <p class='ocr_par' dir='ltr' id='par_1_113' title="bbox 1917 5377 3494 5454">
     <span class='ocr_line' id='line_1_113' title="bbox 1917 5377 3494 5454; baseline -0.004 -17"><span class='ocrx_word' id='word_1_853' title='bbox 1917 5404 1934 5437; x_wconf 77' lang='grc' dir='ltr'>ι</span> <span class='ocrx_word' id='word_1_854' title='bbox 1971 5386 2127 5440; x_wconf 81' lang='lat' dir='ltr'><strong>fidem</strong></span> <span class='ocrx_word' id='word_1_855' title='bbox 2155 5399 2308 5439; x_wconf 86' lang='lat' dir='ltr'><strong>suam</strong></span> <span class='ocrx_word' id='word_1_856' title='bbox 2344 5401 2366 5436; x_wconf 74' lang='grc' dir='ltr'><strong><em>ι</em></strong></span> <span class='ocrx_word' id='word_1_857' title='bbox 2401 5384 2682 5454; x_wconf 86' lang='lat' dir='ltr'><strong>exposuit;</strong></span> <span class='ocrx_word' id='word_1_858' title='bbox 2731 5391 2894 5450; x_wconf 85' lang='lat' dir='ltr'><strong>atque</strong></span> <span class='ocrx_word' id='word_1_859' title='bbox 2927 5377 3067 5449; x_wconf 90' lang='lat' dir='ltr'><strong>quod</strong></span> <span class='ocrx_word' id='word_1_860' title='bbox 3100 5377 3235 5432; x_wconf 76' lang='lat' dir='ltr'><strong>dixit</strong></span> <span class='ocrx_word' id='word_1_861' title='bbox 3264 5396 3283 5429; x_wconf 71' lang='grc' dir='ltr'><strong>ε</strong></span> <span class='ocrx_word' id='word_1_862' title='bbox 3315 5378 3494 5431; x_wconf 54' lang='lat' dir='ltr'><strong>omni-</strong></span> 
     </span>
    </p>
   </div>
   <div class='ocr_carea' id='block_1_114' title="bbox 1910 5469 3495 5545">
    <p class='ocr_par' dir='ltr' id='par_1_114' title="bbox 1910 5469 3495 5545">
     <span class='ocr_line' id='line_1_114' title="bbox 1910 5469 3495 5545; baseline -0.006 -15"><span class='ocrx_word' id='word_1_863' title='bbox 1910 5476 2010 5530; x_wconf 72' lang='lat' dir='ltr'><strong>bus</strong></span> <span class='ocrx_word' id='word_1_864' title='bbox 2073 5475 2309 5545; x_wconf 89' lang='lat' dir='ltr'><strong>placuit,</strong></span> <span class='ocrx_word' id='word_1_865' title='bbox 2360 5474 2492 5527; x_wconf 89' lang='lat' dir='ltr'><strong>nulli</strong></span> <span class='ocrx_word' id='word_1_866' title='bbox 2547 5471 2844 5542; x_wconf 86' lang='lat' dir='ltr'><strong>displicuit.</strong></span> <span class='ocrx_word' id='word_1_867' title='bbox 2883 5489 2902 5523; x_wconf 73' lang='grc' dir='ltr'><strong><em>ι</em></strong></span> <span class='ocrx_word' id='word_1_868' title='bbox 2955 5469 3205 5539; x_wconf 84' lang='lat' dir='ltr'><strong>Magnum</strong></span> <span class='ocrx_word' id='word_1_869' title='bbox 3262 5469 3495 5541; x_wconf 85' lang='lat' dir='ltr'><strong>denique</strong></span> 
     </span>
    </p>
   </div>
   <div class='ocr_carea' id='block_1_115' title="bbox 1910 5558 3493 5636">
    <p class='ocr_par' dir='ltr' id='par_1_115' title="bbox 1910 5558 3493 5636">
     <span class='ocr_line' id='line_1_115' title="bbox 1910 5558 3493 5636; baseline -0.006 -17"><span class='ocrx_word' id='word_1_870' title='bbox 1910 5572 2287 5636; x_wconf 85' lang='lat' dir='ltr'><strong>argumentum</strong></span> <span class='ocrx_word' id='word_1_871' title='bbox 2313 5572 2398 5618; x_wconf 88' lang='lat' dir='ltr'><strong>est</strong></span> <span class='ocrx_word' id='word_1_872' title='bbox 2422 5562 2712 5615; x_wconf 85' lang='lat' dir='ltr'><strong>Lanfranci</strong></span> <span class='ocrx_word' id='word_1_873' title='bbox 2742 5559 3035 5623; x_wconf 74' lang='lat' dir='ltr'><strong>doctrinm,</strong></span> <span class='ocrx_word' id='word_1_874' title='bbox 3058 5558 3201 5628; x_wconf 90' lang='lat' dir='ltr'><strong>quod</strong></span> <span class='ocrx_word' id='word_1_875' title='bbox 3228 5567 3350 5628; x_wconf 88' lang='lat' dir='ltr'><strong>post</strong></span> <span class='ocrx_word' id='word_1_876' title='bbox 3374 5573 3493 5627; x_wconf 68' lang='lat' dir='ltr'><strong>epis</strong></span> 
     </span>
    </p>
   </div>
   <div class='ocr_carea' id='block_1_116' title="bbox 1908 5650 3495 5728">
    <p class='ocr_par' dir='ltr' id='par_1_116' title="bbox 1908 5650 3495 5728">
     <span class='ocr_line' id='line_1_116' title="bbox 1908 5650 3495 5728; baseline -0.006 -16"><span class='ocrx_word' id='word_1_877' title='bbox 1908 5667 2139 5713; x_wconf 89' lang='lat' dir='ltr'><strong>mortem</strong></span> <span class='ocrx_word' id='word_1_878' title='bbox 2161 5656 2395 5728; x_wconf 87' lang='lat' dir='ltr'><strong>episcopi</strong></span> <span class='ocrx_word' id='word_1_879' title='bbox 2424 5652 2728 5725; x_wconf 81' lang='lat' dir='ltr'><strong>Anglicani,</strong></span> <span class='ocrx_word' id='word_1_880' title='bbox 2756 5651 2915 5706; x_wconf 90' lang='lat' dir='ltr'><strong>simul</strong></span> <span class='ocrx_word' id='word_1_881' title='bbox 2941 5652 2993 5706; x_wconf 92' lang='lat' dir='ltr'><strong>in</strong></span> <span class='ocrx_word' id='word_1_882' title='bbox 3019 5667 3183 5707; x_wconf 87' lang='lat' dir='ltr'><strong>unum</strong></span> <span class='ocrx_word' id='word_1_883' title='bbox 3208 5650 3261 5705; x_wconf 93' lang='lat' dir='ltr'><strong>in</strong></span> <span class='ocrx_word' id='word_1_884' title='bbox 3286 5651 3495 5720; x_wconf 89' lang='lat' dir='ltr'><strong>synodo</strong></span> 
     </span>
    </p>
   </div>
   <div class='ocr_carea' id='block_1_117' title="bbox 1911 5742 3451 5816">
    <p class='ocr_par' dir='ltr' id='par_1_117' title="bbox 1911 5742 3451 5816">
     <span class='ocr_line' id='line_1_117' title="bbox 1911 5742 3451 5816; baseline -0.006 -14"><span class='ocrx_word' id='word_1_885' title='bbox 1911 5750 2158 5815; x_wconf 79' lang='lat' dir='ltr'><strong>adunati,</strong></span> <span class='ocrx_word' id='word_1_886' title='bbox 2184 5765 2305 5805; x_wconf 90' lang='lat' dir='ltr'><strong>cum</strong></span> <span class='ocrx_word' id='word_1_887' title='bbox 2344 5746 2719 5816; x_wconf 76' lang='lat' dir='ltr'><strong>t-Magistrum</strong></span> <span class='ocrx_word' id='word_1_888' title='bbox 2757 5763 2772 5795; x_wconf 77' lang='grc' dir='ltr'>ι</span> <span class='ocrx_word' id='word_1_889' title='bbox 2814 5758 2969 5799; x_wconf 90' lang='lat' dir='ltr'><strong>suum</strong></span> <span class='ocrx_word' id='word_1_890' title='bbox 3006 5742 3451 5813; x_wconf 83' lang='lat' dir='ltr'><strong>nuncupaverint.</strong></span> 
     </span>
    </p>
   </div>
  </div>
