3954 6306
406 344 476 400 27
1438 340 1497 396 Β.
1541 341 1932 398 ιΑΝΗιΑΝα
1972 342 2010 399 C

2112 340 2321 398 TUA“.
2337 339 2343 344 ’
2362 335 2680 397 ΑῐιΟΙΙΙΕΡ.

3609 335 3727 393 28'

480 459 534 513 7.
577 457 911 529 Superestut
934 456 1273 526 inquiramus
1298 472 1404 527 quo
1424 473 1586 519 anno.
1609 473 1782 529 quove
1807 471 1992 514 mense
2023 461 2069 520 Α
2101 472 2186 511 res
2213 458 2337 513 data
2362 471 2526 526 opera
2540 454 2730 510 Vitam
2781 452 2955 508 sancti
3006 450 3297 508 Lanfranci
3334 447 3700 521 scripserint,

408 561 466 606 et
497 566 603 621 qua
651 550 869 617 tandem
918 549 1006 605 die
1036 548 1371 604 Lanl‘raucus
1411 565 1443 606 e
1487 550 1627 606 vivis
1660 553 1991 617 excesserit;

409 640 524 695 bzec
548 640 694 695 enim
719 640 902 695 omnia
934 638 986 693 in
1013 639 1441 699 controversiam
1465 649 1768 695 vertuntur.
1800 640 1996 695 Verum

412 732 456 785 si
487 730 840 800 antiquorum
888 731 1215 801 scriptorum
1249 730 1558 799 testimonio
1584 740 1732 787 stare
1765 732 1999 787 volueri-

411 836 557 888 mus,
573 820 715 876 nulla
737 821 843 877 erit
859 820 927 877 de
939 836 1083 877 anno
1099 820 1405 887 dillicnltas;
1432 821 1507 876 illi
1526 822 1670 876 enim
1685 832 1998 879 constanter

410 911 680 966 allirmant
707 910 1071 981 Lanlrancum
1098 927 1241 968 anno
1266 912 1402 968 1089
1421 928 1453 968 e
1491 912 1630 968 vivis
1659 913 1994 969 excessisse:
2022 968 2027 971 .

413 1001 495 1057 sic
520 1001 725 1075 habent
754 1002 991 1073 Symeon
1024 990 1438 1068 Dunelmensis,
1468 999 1708 1059 Joannes
1741 1003 1997 1059 Bromton

410 1094 468 1149 in
494 1092 797 1158 Chronico,
844 1093 1140 1151 0rdericus
1188 1093 1409 1161 Vitalis,
1443 1094 1539 1152 lib.
1580 1112 1676 1153 vnt
1706 1095 1999 1167 Historias,

411 1182 723 1242 Chronieon
753 1188 1023 1243 Beccense
1050 1188 1118 1242 ab
1139 1188 1377 1243 Acherio
1399 1188 1606 1243 editum
1624 1228 1641 1254 ,
1670 1189 1799 1244 item
1828 1188 2003 1249 Chro-

411 1275 575 1330 nicon
607 1276 960 1334 Mailrosense
981 1318 997 1343 ,
1021 1289 1076 1332 et
1101 1277 1190 1332 alii
1223 1278 1425 1347 passim
1460 1288 1714 1334 auctores
1745 1277 1999 1334 Historiae

410 1365 749 1439 Anglicanas,
776 1368 970 1437 quibus
993 1368 1203 1439 prteivit
1230 1366 1489 1439 lngull‘us,
1512 1367 1838 1433 Lanfranco,
1870 1368 1997 1424 dum

408 1455 648 1523 viveret,
694 1460 937 1515 amicitia
965 1458 1324 1529 conjunctus,
1375 1469 1435 1527 ut
1483 1460 1730 1532 ipsemet;
1758 1462 1831 1516 in.
1859 1476 2027 1521 nova,

407 1548 529 1619 ejus
556 1548 808 1608 Historiae
854 1552 1077 1623 integrae
1105 1552 1347 1609 editione
1376 1562 1686 1611 attestatur.
1714 1554 1889 1626 Major
1915 1564 2000 1612 est

408 1639 556 1694 circa
584 1657 825 1699 mensem
853 1641 1162 1698 diﬂicultas.
1195 1642 1330 1698 Natu
1374 1658 1564 1699 omnes
1592 1642 1791 1703 ferme,
1812 1659 2000 1700 recen-

411 1729 581 1786 tiores
602 1731 847 1789 historici
872 1749 935 1788 ea
961 1733 1014 1788 in
1031 1749 1089 1799 re
1108 1749 1138 1788 a
1164 1750 1223 1789 se
1248 1734 1840 1796 invicemdissentiunt.
1856 1734 1996 1791 Mat-

2097 547 2313 603 czetcris
2339 563 2405 602 ea
2450 547 2521 602 de
2551 560 2611 602 re
2638 560 2705 602 ex
2741 544 3031 601 occasione
3077 542 3419 601 solummodo
3461 541 3708 611 loquen-

2098 641 2156 695 til
2177 655 2259 696 us.
2852 662 2857 667 η
2920 685 2928 697 ,
2950 660 2953 665 ν
3106 680 3107 683 η

2167 732 2222 788 8.
2265 733 2434 787 Porro
2478 731 2580 788 etsi
2629 730 2775 786 nulla
2805 729 3153 786 veneratione
3204 727 3418 809 publica
3452 724 3704 782 celatus

2099 823 2361 880 memoria
2383 823 2527 879 beati
2555 823 2885 889 Lanl‘ranci,
2931 822 3049 893 eius
3086 831 3269 877 tamen
3317 838 3515 878 nomen
3560 837 3701 877 cum

2103 934 2123 970 ι
2161 916 2334 973 sancti
2371 937 2391 971 ι
2425 917 2581 974 titulo
2617 918 2672 973 in
2708 916 2940 987 vulgatis
2988 914 3387 988 Martyrologiis
3415 915 3696 969 insertum

2098 1019 2217 1075 est,
2242 1019 2303 1065 ut
2328 1010 2382 1065 in
2409 1010 2797 1083 Martyrologio
2824 1008 3179 1065 Beuedictino
3201 1007 3426 1063 Arnoldi
3448 1007 3694 1074 Wionis,

2098 1101 2234 1157 etin
2257 1100 2517 1174 Catalogo
2546 1100 2795 1174 generali
2817 1109 3130 1157 sanctorum
3161 1098 3391 1171 Philippi
3416 1097 3688 1156 Ferrarii.

2101 1190 2253 1263 llugo
2300 1192 2623 1257 Menardus,
2654 1191 2939 1247 Eduardus
2969 1190 3199 1248 Maibevr
3246 1189 3439 1245 et‘alii
3478 1190 3690 1262 passim
3726 1220 3729 1221 ν

2106 1301 2126 1336 ι
2168 1284 2385 1340 beatum
2417 1304 2436 1338 ι
2473 1285 2781 1357 appellant,
2834 1301 2855 1336 ι
2897 1297 3125 1338 summa:
3154 1282 3461 1337 sanctitatis
3495 1289 3551 1337 et
3593 1282 3697 1337 do-

2100 1374 2311 1433 ctrinae.
2346 1392 2366 1428 ι
2399 1374 2595 1431 iisdem
2623 1373 2795 1429 titulis
2832 1381 2993 1428 antea
3037 1372 3273 1427 donatos
3297 1370 3480 1427 fuerat
3510 1386 3543 1426 a
3570 1369 3696 1427 Trio

2103 1466 2336 1532 themio‘,
2372 1466 2647 1532 Lelando,
2679 1465 3020 1537 Capgravio,
3051 1464 3195 1534 quod
3232 1463 3556 1531 jamdudum
3598 1478 3697 1520 ve.

2105 1557 2362 1615 tustiores
2412 1558 2710 1627 scriptores
2756 1556 3037 1618 fecerant.
3068 1554 3162 1613 Sic
3190 1555 3389 1625 quippe
3424 1554 3492 1610 de
3520 1570 3587 1610 eo
3612 1554 3695 1609 Io-

2102 1648 2287 1718 quitur.
2331 1646 2651 1715 Guillelmus
2696 1646 3057 1713 Pictaviejnsis
3112 1646 3168 1701 in
3216 1644 3357 1701 libro
3405 1644 3481 1701 De
3526 1646 3698 1717 gestis

2103 1738 2374 1795 Guillelmi
2406 1739 2599 1795 ducis:
2636 1758 2655 1790 ι
2691 1738 2769 1793 Illi
2801 1737 3047 1794 consulta
3078 1735 3276 1791 anima:
3307 1750 3451 1801 suae,
3487 1753 3506 1787 ι
3542 1734 3698 1788 Guil-

414 1821 593 1878 tlneus
638 1823 1242 1881 Westmonasteriensis
1287 1841 1409 1879 eunt
1461 1825 1550 1881 die
1593 1826 1779 1887 97Kal.
1825 1826 1996 1896 April.
2037 1828 2076 1881 Β
2107 1829 2304 1885 lelntns
2329 1831 2483 1896 dux,
2508 1849 2527 1882 ι
2567 1830 2642 1884 illi
2685 1829 2957 1902 speculam
3008 1828 3336 1899 quamdam,
3368 1827 3514 1881 unde
3542 1827 3695 1881 ordi-

419 1913 620 1968 obiisse
648 1926 949 1980 memorat;
981 1914 1265 1970 Matthaeus
1292 1915 1560 1970 l’arkerns
1605 1916 1694 1971 die
1736 1916 1770 1970 4
1814 1916 1957 1971 Junii
1987 1957 2003 1984 ,

428 2004 620 2060 Petrus
672 2008 956 2074 Equiliuus
997 2010 1031 2063 5
1060 2009 1196 2064 Non.
1221 2009 1368 2074 Julii,
1401 2010 1610 2065 Balteus
1639 2010 1671 2064 5
1701 2010 1820 2064 Kal.
1845 2008 2000 2077 Julii,

426 2097 705 2154 Arnoldus
736 2100 895 2167 Wion
913 2141 928 2165 ,
960 2100 1112 2171 Hngo
1134 2102 1422 2158 Menardus
1443 2102 2009 2173 aliiquerecentiores

415 2190 665 2263 plerique
694 2192 854 2247 tertia
884 2194 970 2249 die
995 2193 1142 2250 Julii.
1170 2195 1465 2263 llistamen
1488 2198 1740 2257 omnibus
1766 2197 2027 2267 praeferis

417 2298 541 2338 mus
569 2285 941 2355 antiquiorum
976 2288 1184 2358 Anglia:
1215 2290 1543 2359 scriptorum
1586 2291 1966 2346 auctoritatem
1989 2331 2005 2357 ,

419 2378 511 2447 qui
545 2376 908 2434 Lanl'rancum
939 2396 1125 2437 mense
1150 2381 1290 2438 Maio
1317 2383 1516 2439 obiisse
1558 2398 1664 2437 una
1700 2399 1834 2439 voce
1861 2384 2008 2438 allir-

418 2481 593 2526 mant.
642 2470 717 2525 At
742 2487 850 2541 quo
878 2471 1037 2541 hujus
1082 2474 1286 2529 mensis
1315 2474 1402 2529 die
1457 2474 1509 2529 id
1553 2474 1879 2546 contigerit,
1918 2475 2007 2530 hic

419 2570 571 2617 totus
598 2570 684 2617 est
710 2561 1043 2618 diﬂicultatis
1067 2566 1261 2630 nodus,
1292 2579 1489 2635 quem,
1514 2572 1575 2620 ut
1616 2580 1800 2620 verum
1835 2564 1999 2619 fatea-
2026 2610 2029 2617 .

418 2668 563 2719 nmr,
596 2669 755 2709 nemo
786 2653 942 2710 facile
987 2655 1161 2712 solvet
1215 2656 1285 2710 ob
1315 2655 1538 2709 nimiam
1566 2656 1883 2725 opinionum
1927 2656 2027 2711 dic.

416 2749 806 2818 screpantiam.
848 2748 940 2803 Sic
969 2748 1168 2818 quippe
1212 2764 1274 2802 ea
1327 2747 1396 2803 de
1436 2763 1491 2801 re
1522 2746 1758 2818 Symeon
1807 2746 2008 2802 Dunel—

420 2838 625 2893 mensis
659 2857 671 2891 :
709 2856 732 2892 ι
766 2841 925 2894 Anno
956 2838 1095 2895 1089
1137 2839 1270 2894 feria
1318 2855 1369 2902 ν,
1423 2856 1475 2893 tx
1523 2838 1641 2894 Kal.
1674 2838 1830 2897 Junii
1856 2840 2031 2897 obiit

422 2927 781 2983 Lanfrancns.
819 2947 838 2979 ι
874 2928 1014 2983 Idem
1065 2928 1352 2998 ipsissintis
1400 2929 1581 2991 verbis
1623 2938 1874 3003 asserunt
1904 2929 2011 2984 Ro-

420 3017 602 3086 gerins
634 3017 955 3074 llovcdenus
1000 3019 1053 3074 itt
1082 3030 1257 3089 parte
1304 3020 1472 3097 priori
1526 3020 1849 3093 Annalium,
1881 3020 2007 3075 Flo-

425 3107 634 3162 rentius
674 3107 1067 3179 Wigornicnsis
1098 3110 1150 3165 in
1180 3111 1471 3166 Chronico.
1516 3112 1582 3166 Et
1608 3113 1824 3182 quidem
1865 3124 2006 3168 noue

2111 1918 2271 1974 nibus
2297 1920 2683 1976 ecclesiasticis
2712 1934 2810 1990 per
2840 1932 3054 1973 omnem
3085 1916 3474 1985 Normanniam
3497 1930 3698 1971 consu-

2110 2010 2267 2076 leret,
2282 2013 2582 2077 commisit;
2603 2011 2779 2082 potuit
2797 2024 2989 2080 nempe
3011 2009 3112 2064 viri
3138 2008 3260 2063 talis
3281 2007 3514 2077 vigilans
3537 2022 3694 2072 cura,
3720 2022 3729 2052 :

2109 2115 2232 2156 cum
2284 2102 2579 2157 maximam
2630 2100 3009 2156 auctoritatem
3055 2099 3335 2169 sapientia:
3378 2098 3586 2168 pariter
3630 2113 3695 2152 ac

2110 2192 2422 2248 sanctitatis
2443 2194 2800 2266 praerogativa
2821 2194 3188 2265 comparavit,"
3203 2192 3559 2250 securitatem
3583 2207 3688 2248 non
3720 2208 3725 2215 ί

2110 2298 2334 2354 parvam
2366 2285 2717 2341 sollicitudini
2749 2286 3089 2357 promittere.
3129 2305 3147 2337 ι
3176 2285 3244 2339 Et
3267 2283 3548 2340 Osbernus
3578 2297 3723 2337 mor

2110 2379 2318 2435 nachns
2346 2380 2399 2433 in
2426 2378 2653 2449 epistola
2683 2378 2750 2432 ad
2780 2389 3029 2433 sanctum
3064 2376 3382 2432 Anselmum
3412 2394 3425 2430 :
3464 2394 3483 2427 ι
3520 2375 3695 2429 Recu-

2110 2483 2366 2538 peremus
2401 2469 2454 2523 in
2488 2478 2539 2523 te
2586 2468 2729 2538 quod
2780 2468 2832 2522 in
2879 2477 3094 2523 mortuo
3139 2466 3489 2522 sanctissimo
3532 2465 3717 2521 Patre

2109 2558 2415 2627 Lanl'ranco
2440 2559 2792 2629 perdidimus.
2817 2579 2835 2612 ι
2860 2559 3051 2615 Exstat
3075 2558 3218 2614 inter
3231 2557 3490 2628 epistolas
3514 2557 3692 2613 sancti

2113 2652 2350 2709 Anselmi
2381 2651 2520 2706 libro
2546 2667 2637 2718 tn,
2661 2668 2812 2707 num.
2838 2652 2905 2721 5,
2937 2652 3106 2708 edita.
3136 2651 3356 2707 Asserit
3383 2650 3695 2707 Willelmus

2111 2744 2610 2800 llalmesburiensis
2647 2745 2741 2800 lib.
2776 2761 2792 2799 ι
2842 2745 2918 2801 De
2978 2744 3330 2815 pontiﬁcibus
3358 2743 3659 2814 Anglorum
3684 2783 3701 2808 ,

2110 2846 2359 2901 sanctum
2410 2838 2749 2893 Dunstanum
2806 2836 3113 2891 Lanlranco
3181 2838 3399 2906 semper
3445 2833 3702 2898 aﬂ‘nisse,

2110 2930 2324 3001 quoties
2370 2930 2436 2983 de
2483 2928 2992 2985 tnendisEcclesiae
3022 2943 3133 2982 suae
3159 2926 3373 2998 juribns
3421 2932 3725 2997 ageretur,

2111 3021 2257 3092 quod
2289 3020 2453 3076 etiam
2480 3020 2648 3075 refert
2678 3020 2958 3075 Osbernns
2989 3020 3040 3073 in
3068 3018 3188 3073 Vita
3221 3017 3397 3072 sancti
3432 3014 3702 3070 Dunstani

2114 3112 2380 3182 superiori
2427 3111 2626 3167 sarculo
2651 3111 2817 3166 edita.
2857 3128 2874 3161 ι
2913 3110 3052 3177 Quin
3090 3110 3308 3164 etiam;
3342 3106 3704 3171 Lanfraneus,

424 3198 541 3252 ista:
569 3198 966 3270 chronological:
1010 3201 1214 3269 Optime
1253 3203 1395 3255 inter
1439 3217 1509 3261 se
1532 3201 1836 3269 cohaerent;
1882 3219 2004 3257 nam
2038 3177 2078 3233 Ο
2115 3214 2174 3258 ut
2211 3203 2352 3257 idem
2382 3201 2697 3256 .Willelmus
2724 3202 3015 3264 observat,
3051 3221 3068 3252 ι
3099 3199 3386 3269 quemdam
3416 3210 3620 3265 :rgrum
3641 3204 3702 3249 et

422 3307 564 3347 :nno
594 3292 728 3349 l089
760 3293 875 3350 dics
908 3293 1183 3347 Dominica
1208 3305 1329 3348 erat
1352 3294 1467 3355 dies
1491 3293 1561 3347 20
1578 3294 1722 3359 Maii,
1741 3297 2006 3351 existente

426 3381 605 3437 littera
641 3383 959 3438 Dominicali
988 3384 1062 3447 Ο,
1094 3399 1158 3437 ae
1196 3384 1422 3455 proinde
1449 3383 1584 3438 feria
1612 3401 1663 3452 ν,
1691 3401 1927 3456 sequens
1953 3387 2006 3440 in

423 3473 564 3529 di:m
597 3474 665 3530 24
690 3475 849 3547 hujus
875 3478 1079 3533 mensis
1117 3479 1411 3546 incidebat,
1443 3495 1605 3550 quam
1638 3480 1726 3534 isti
1758 3489 2010 3534 auctores

425 3566 725 3633 assignant.
768 3566 965 3622 Verum
996 3567 1293 3624 Gervasius
1325 3570 1755 3625 Dorobernensis
1782 3569 1833 3624 in
1874 3572 2011 3623 actis

424 3656 737 3726 pontilicntn
755 3657 1227 3714 Cantuarieusium
1252 3660 1357 3715 alia
1383 3662 1469 3717 die
1494 3660 1777 3714 Lanfranci
1805 3658 2011 3713 obitum

427 3760 489 3800 as
523 3745 672 3816 ignat
702 3746 787 3800 his
817 3749 996 3801 verbis
1028 3767 1039 3800 :
1080 3767 1098 3799 ι
1133 3748 1287 3819 Obiit
1318 3734 1462 3804 anno
1493 3749 1898 3819 patriarchatns
1927 3749 2011 3802 sui

426 3851 555 3899 xu,
586 3852 616 3889 v
646 3836 764 3890 Kal.
797 3836 974 3902 Junii,
1000 3838 1133 3893 feria
1166 3855 1203 3894 ιι
1236 3849 1357 3908 post
1387 3849 1608 3895 octavas
1642 3839 2009 3903 Pcntecostes,

429 3926 562 3981 hora
589 3927 692 3982 diei
724 3929 920 3999 prima.
956 3948 973 3979 ι
1009 3929 1372 3985 Consentiunt
1414 3930 1539 3984 Milo
1568 3931 1700 3985 Vitae
1736 3931 2015 3999 sequentis

429 4007 909 4081 aactorfJo-annes
938 4018 1265 4073 Bromtonus
1294 4019 1345 4072 in
1371 4019 1674 4083 Chronico,
1705 4030 1760 4073 et
1798 4019 2015 4075 Tabula:

430 4107 676 4162 ecclesia:
698 4108 1127 4165 Cantoariensis.
1144 4111 1486 4165 Lonveniuut
1504 4111 1638 4175 item
1665 4110 1786 4164 huic
1808 4110 2015 4166 calculo

429 4196 548 4251 alie
578 4209 719 4255 notae
745 4200 1156 4273 cltronologicze,
1188 4217 1310 4255 cmn
1338 4216 1402 4257 eo
1433 4216 1575 4256 anno
1600 4202 1713 4257 dies
1736 4202 2017 4257 Paschatis

430 4290 679 4344 inciderit
712 4290 765 4345 i.t
810 4292 953 4347 diem
1003 4309 1232 4362 primam
1276 4294 1508 4363 Aprilis,
1541 4310 1605 4349 ae
1656 4296 1776 4350 ideo
1818 4297 2014 4351 festum

432 4380 781 4437 Pentecostes
814 4384 899 4437 die
926 4384 996 4437 20
1021 4384 1142 4457 Maii
1165 4425 1180 4449 ,
1228 4384 1531 4441 celebratus
1559 4384 1746 4450 fuerit,
1779 4384 1895 4453 ejus
1919 4401 2033 4441 00-.

434 4485 556 4526 tava
581 4474 667 4527 die
687 4475 756 4527 27
779 4476 1020 4545 ejusdem
1047 4477 1268 4541 mensis,
1292 4486 1346 4531 et
1376 4478 1601 4546 proinde
1626 4493 1857 4547 sequens
1880 4478 2015 4533 feria

2111 3292 2422 3349 cunctantis
2454 3292 2576 3346 vita:
2608 3300 2925 3360 pertaesum,
2958 3291 3009 3345 in
3045 3290 3250 3344 visiOne
3291 3303 3395 3357 qua
3426 3288 3707 3341 videretur

2113 3401 2235 3447 eum
2262 3400 2327 3438 eo
2351 3383 2553 3437 luctant
2580 3380 2831 3446 inivisse,
2858 3383 3055 3452 eripuit
3088 3381 3389 3436 discrimini
3414 3420 3428 3444 ,
3458 3377 3721 3434 restituit

2108 3476 2263 3531 bonae
2297 3471 2623 3536 valetudini,
2667 3491 2686 3523 ι
2727 3472 2871 3542 quod
2917 3471 3258 3526 occasionem
3309 3469 3553 3540 praebere
3603 3482 3719 3536 ρον.

2113 3568 2217 3622 tuit
2246 3564 2549 3628 nonnullis,
2583 3563 2817 3616 maxime
2864 3560 3076 3625 Wioni,
3108 3560 3479 3615 Lanfrancum
3537 3557 3723 3611 tnira-.

2116 3658 2253 3713 culis
2279 3655 2641 3713 clarissimum
2672 3652 2989 3723 praztiicare.
3026 3652 3266 3722 Denique
3315 3647 3366 3704 in
3412 3648 3577 3703 variis
3606 3661 3705 3700 au-

2118 3750 2391 3813 ctoribus,
2426 3767 2443 3800 ι
2482 3749 2635 3801 home
2667 3766 2684 3797 ›
2714 3754 2807 3799 aut
2837 3763 2855 3795 ι
2896 3744 2995 3814 piae
3022 3743 3298 3813 memoria:
3331 3741 3411 3793 vir
3443 3759 3461 3791 ι
3498 3738 3698 3810 possint

2119 3841 2437 3913 appellatur.
2465 3839 2595 3906 Quae
2617 3853 2745 3911 sane
2768 3839 2947 3892 omnia
2974 3837 3205 3905 probant
3228 3834 3372 3903 quod
3393 3832 3701 3887 Willelmus

2116 3934 2257 3989 libro
2287 3949 2347 3987 ιιι
2382 3931 2458 3985 De
2504 3930 2670 4001 gestis
2703 3929 2907 3999 Regum
2944 3926 3240 3995 Anglorum
3274 3926 3327 3978 in
3365 3923 3535 3977 nostri
3563 3921 3699 3974 Lan-

2117 4025 2289 4080 lranci
2320 4024 2580 4077 honorem
2614 4019 2871 4090 protulit,
2904 4032 3026 4072 eum
3073 4016 3273 4085 quippe
3316 4028 3435 4068 esse
3472 4032 3490 4064 ι
3526 4011 3702 4065 virum

2118 4114 2356 4185 antiquis
2385 4111 2612 4166 scientia
2645 4119 2699 4164 et
2733 4109 2988 4179 religione
3018 4104 3444 4175 comparandum
3468 4146 3481 4166 ,
3507 4103 3573 4156 de
3595 4115 3715 4170 quo.

2118 4207 2262 4261 serio
2284 4204 2385 4258 dici
2403 4211 2581 4271 potest
2597 4216 2617 4261 :g
2632 4200 2835 4254 Tertius
2852 4216 2878 4254 e
2899 4198 3023 4253 caelo
3053 4198 3240 4251 cecidit
3265 4195 3395 4249 Cato
3419 4195 3545 4264 (δ’),
3573 4194 3706 4247 adeo

2120 4294 2358 4351 ctrlestis
2383 4308 2545 4362 sapor
2584 4302 2771 4362 peetus
2817 4290 2933 4358 ejus
2980 4299 3037 4343 et
3080 4288 3321 4358 palatum
3358 4287 3639 4339 infecerat.
3684 4282 3747 4339 κ’

2122 4387 2284 4442 Plura
2312 4386 2379 4440 de
2405 4386 2521 4455 ejus
2540 4384 2789 4438 latnlibns
2815 4382 3081 4436 habentur
3112 4381 3163 4433 in
3195 4380 3331 4433 libro
3358 4380 3567 4431 dierum
3593 4378 3717 4432 obia

2124 4480 2349 4533 tuaiiunt
2366 4477 2614 4533 ecclesiae
2639 4473 3066 4536 Cantuariensis,
3083 4472 3171 4525 nhi
3204 4472 3573 4540 praescribitur
3600 4484 3715 4537 qua.

435 4580 472 4617 ιι
507 4578 626 4632 ιιιιὶιῖ
650 4580 678 4617 a
703 4564 958 4620 Gervasio
982 4567 1440 4636 assignatumdies
1461 4579 1579 4620 erat
1602 4567 1723 4620 Maii
1750 4567 1839 4622 28.
1868 4567 2027 4629 lianc
2047 4537 2095 4597 θ
2123 4567 2468 4624 solemnitate
2495 4564 2615 4635 ejus
2629 4563 3057 4619 anniversarium
3075 4559 3565 4615 debeatcelebrari.
3582 4558 3717 4619 Adi“

438 4654 762 4707 sententiam
810 4654 1091 4725 amplexus
1139 4667 1221 4710 est
1268 4655 1510 4711 Joannes
1544 4657 1875 4727 Capgravms
1926 4658 2019 4726 qui

434 4754 746 4799 sanctorum
797 4747 1000 4817 Anglia:
1047 4745 1197 4817 Vitas
1227 4748 1585 4816 conscripsit,
1635 4763 1699 4802 ac
1744 4756 1865 4817 post
1893 4763 2016 4802 eum

442 4837 727 4909 Eduarius
758 4838 983 4894 Maihcw
1012 4840 1063 4895 in
1107 4840 1386 4910 Trophzeis
1426 4841 2015 4911 Anglo—Beaedictinis.

436 4930 534 4983 Cm
561 4928 768 4983 calculo
792 4946 890 4985 nos
913 4946 1127 5001 quoque
1153 4931 1571 4998 adltmrebimus,
1591 4932 1759 4987 donec
1782 4932 2016 4987 certiora

438 5037 534 5091 pro
565 5022 731 5091 priori
764 5020 1061 5077 aﬂ‘erantur
1087 5035 1428 5094 argumenta.
1459 5024 1540 5079 Ad
1586 5024 1639 5079 id
1671 5038 1769 5079 nos
1797 5023 2017 5093 potissi-

439 5129 587 5169 mum
620 5121 802 5168 movet
828 5115 971 5184 quod
996 5116 1159 5186 hujus
1182 5125 1501 5187 posterioris
1530 5116 1811 5174 sententia:
1840 5125 2024 5171 aucto-

509 5251 613 5323 (3‘)
649 5251 835 5309 iuves.
878 5252 997 5309 Sat.
1030 5252 1085 5321 2,
1118 5254 1205 5339 40.

2121 4662 2166 4716 si
2200 4662 2313 4727 vis,
2340 4659 2548 4730 Anglia:
2593 4673 2765 4711 sacra:
2804 4665 2934 4709 tom.
2980 4654 3029 4717 Ι,
3060 4653 3148 4708 ubi
3180 4654 3412 4706 habetur
3460 4667 3583 4720 pag.

2127 4751 2369 4820 Denique
2398 4749 2574 4802 nullus
2599 4746 2769 4802 ferme
2796 4747 3148 4801 historiarum
3182 4744 3415 4812 scriptor
3447 4740 3710 4797 Lanfran-

2122 4856 2246 4896 cum
2280 4840 2464 4895 multis
2506 4839 2752 4894 laudibus
2789 4855 2895 4893 non
2924 4838 3225 4893 exornavit.
3255 4836 3359 4891 Sed
3384 4836 3495 4905 jam
3529 4831 3715 4902 profes

2126 4935 2291 4987 renda
2340 4941 2423 4987 est
2465 4931 2580 5000 ejus
2620 4928 2781 4994 Vita,
2829 4944 2989 4998 quam
3038 4931 3106 4983 ab
3152 4927 3385 4982 Aclterio
3416 4932 3605 4979 nostro
3637 4938 3705 4976 ex

2129 5023 2316 5079 codice
2328 5022 2607 5087 Beceenst,
2631 5022 2815 5081 multis
2836 5035 3036 5091 passmt
3061 5017 3467 5092 praetermissis,
3482 5015 3709 5078 editam,

2137 5115 2432 5187 integritati
2462 5130 2571 5172 suae
2599 5113 2957 5170 restitnimus.
