3954 6306
240 348 316 403 29
1800 346 1827 401 Ἰ

1928 347 1977 401 \.
3445 335 3517 394 50
3592 360 3598 366 ’

235 552 491 569 ~—

1259 784 1305 853 ι
1385 742 1850 835 INCIPIT
1897 742 2524 841 PROLOGUS

1006 935 1088 996 IN
1126 934 1387 998 VI'I‘AM
1439 937 1690 1002 MAGNI
1733 943 1835 1004 ET
1879 940 2255 1005 GLORIOSI
2295 941 2749 1005 LANFRANCI

1324 1117 1358 1160 C
1368 1122 1396 1160 Α
1407 1118 1569 1162 ΝἸὍΔ
1579 1119 1884 1165 ιιιεηειυλι
1924 1121 2423 1167 ARCHIEPISCOPI.

1774 1268 2054 1283 *α’-

314 1365 580 1435 Quoniam
632 1382 663 1421 a
710 1366 957 1437 pluribus
1011 1367 1277 1439 qumrilur
1325 1367 1445 1424 Vita
1494 1371 1823 1427 venerabilis
1850 1379 1900 1438 Α
1928 1372 2190 1429 honorem
2217 1369 2312 1429 Dei
2354 1380 2410 1429 et
2437 1371 2730 1428 utilitatem
2760 1371 3094 1444 legentium;
3124 1381 3287 1444 atque
3320 1384 3380 1429 ut
3415 1389 3515 1431 no~

239 1456 533 1514 Lanfranci
584 1455 1012 1513 Dorobernensis
1048 1458 1480 1531 archiprazsulis,
1532 1475 1632 1517 nec
1673 1461 1827 1518 inve-

234 1550 411 1614 nitur,
457 1548 598 1604 volui
652 1549 719 1606 de
769 1564 835 1605 eo
885 1549 1088 1621 aliquid
1135 1552 1377 1608 scribere
1427 1567 1526 1623 pro
1568 1553 1845 1610 tenuitate

234 1640 446 1713 ingenii
477 1642 618 1707 mei,
648 1657 717 1698 ne
740 1642 963 1699 omnino
1000 1643 1137 1700 tanti
1165 1644 1264 1699 viri
1309 1645 1567 1701 memoria
1611 1646 1828 1701 silentio

234 1732 509 1789 deleatur.
543 1732 690 1805 Opus
721 1734 1010 1805 siquidem,
1047 1747 1107 1791 ut
1130 1735 1258 1791 mihi
1290 1736 1535 1800 videtur,
1569 1738 1827 1792 hactenus

233 1824 645 1891 intermissum;
682 1841 838 1882 rarus
871 1827 1071 1897 quippe
1106 1828 1173 1883 de
1202 1843 1266 1882 eo
1300 1827 1504 1897 aliquid
1544 1829 1828 1897 scripsisse

232 1916 531 1986 reperitur.
563 1917 789 1987 Propter
826 1920 970 1988 quod
1006 1919 1058 1974 in
1090 1917 1213 1973 Vita
1254 1918 1398 1974 beati
1440 1918 1618 1974 Patris
1656 1918 1825 1974 nostri
1858 1992 1859 1995 η

231 2005 486 2063 Herluini
512 2010 578 2080 (⁸)
606 2009 935 2065 venerabilis
961 2009 1434 2065 Westmonasterii
1465 2010 1633 2066 abbas
1654 2008 1828 2067 Gisle-

229 2098 446 2166 hortus,
497 2103 650 2171 quasi
695 2118 762 2159 ex
824 2104 1111 2159 occasione
1154 2103 1384 2159 inseruit
1444 2114 1704 2173 quantum
1758 2104 1827 2159 ad

230 2190 523 2247 historiam
545 2193 823 2264 pertinere
839 2194 1015 2250 visum
1037 2194 1167 2260 fuit;
1193 2210 1312 2265 quae
1328 2194 1527 2249 exinde
1544 2206 1825 2261 mutuans,

229 2284 376 2338 etin
411 2285 555 2339 hanc
581 2286 950 2342 narrationem
982 2287 1339 2353 transferens,
1368 2287 1539 2357 adjeci
1573 2288 1829 2357 qualibet

230 2372 490 2428 invenire
510 2374 682 2443 potui,
705 2374 819 2430 sive
839 2390 958 2445 quae
982 2392 1011 2429 a
1035 2377 1439 2432 venerabilibus
1459 2392 1524 2432 ac
1543 2379 1831 2433 veracibus

230 2463 377 2518 viris
401 2464 605 2519 audivi.
632 2464 745 2521 Hoc
774 2475 953 2521 autem
977 2466 1099 2522 ideo
1123 2465 1301 2522 facere
1329 2467 1534 2534 studui,
1557 2476 1618 2523 ut
1640 2467 1831 2539 (quau-

231 2564 353 2610 tum
395 2555 451 2609 in
492 2571 580 2612 me
620 2556 743 2625 fuit)
785 2572 891 2633 non
933 2558 1126 2615 lateret
1159 2559 1251 2629 qui
1288 2559 1407 2614 aliis
1446 2560 1830 2630 proponendus

231 2647 303 2703 ad
350 2648 675 2705 imitandum
728 2650 897 2718 foret,
946 2654 1041 2708 sed
1073 2660 1235 2708 notus
1276 2651 1530 2708 omnibus
1578 2651 1733 2707 ﬂeret
1762 2651 1829 2708 ad

1929 1461 2131 1528 verint,
2162 1461 2255 1533 qui
2286 1461 2429 1519 scire
2458 1460 2664 1528 volunt,
2694 1461 2817 1533 quis
2846 1460 2928 1516 vel
2956 1461 3102 1518 unde
3133 1462 3319 1529 fuerit,
3350 1478 3513 1535 quam

1928 1551 2144 1607 vivendi
2199 1550 2599 1607 institutionem
2652 1550 2923 1619 habuerit,
2973 1552 3245 1622 quemodo
3285 1551 3353 1609 ad
3392 1551 3515 1609 reli-

1929 1643 2168 1714 gionem,
2199 1655 2263 1697 ac
2292 1642 2487 1698 deinde
2522 1643 2589 1697 ad
2619 1640 2926 1707 abbatiain,
2950 1649 3003 1697 et
3031 1649 3219 1709 postea
3242 1642 3309 1698 ad
3333 1641 3515 1698 archi-

1928 1734 2297 1805 episcopatum
2331 1734 2556 1799 venerit,
2573 1748 2665 1788 seu
2691 1732 2926 1803 qualiter
2948 1732 3012 1787 de
3033 1732 3136 1788 hac
3164 1732 3283 1788 luce
3312 1732 3514 1803 migra-

1927 1823 2087 1879 verit.
2141 1824 2210 1879 Et
2256 1824 2325 1879 de
2372 1823 2457 1879 his
2484 1824 2702 1893 quidem
2751 1836 2858 1877 non
2895 1822 3077 1878 omnia
3118 1837 3238 1893 qua:
3286 1822 3513 1877 dicenda

1928 1913 2107 1969 forent
2139 1914 2327 1969 audire
2356 1914 2527 1985 potui.
2566 1912 2676 1968 Nec
2708 1914 2992 1983 quisquam
3033 1912 3163 1967 mihi
3191 1926 3517 1969 succensere

1930 2008 2090 2065 debet
2134 2010 2279 2078 quod
2322 2009 2606 2079 imperitus
2640 2022 2892 2063 sermone
2929 2017 2983 2063 et
3030 2007 3254 2085 scientia
3295 2007 3513 2079 aggredi

1929 2102 2213 2156 materiam
2262 2110 2373 2156 tam
2414 2101 2633 2171 dignam
2680 2115 2844 2156 ausus
2880 2100 3107 2165 fuerim,
3159 2099 3284 2170 quia
3335 2099 3516 2170 potius

1929 2194 2056 2249 duxi
2081 2194 2462 2263 quoquomodo
2490 2192 2727 2249 dicerem
2759 2208 2920 2263 quam
2950 2192 3147 2248 nullus.
3180 2191 3333 2260 Quod
3356 2191 3402 2245 si
3425 2189 3516 2246 cui

1931 2286 2213 2341 rusticitas
2268 2285 2393 2358 styli
2439 2293 2495 2341 et
2545 2286 2785 2341 incultus
2832 2301 3013 2341 sermo
3061 2284 3417 2355 displicuerit,
3459 2286 3516 2337 et

1931 2377 2178 2432 ornatius
2206 2377 2396 2431 eadem
2420 2377 2606 2431 dicere
2634 2377 2883 2442 voluerit,
2911 2391 3106 2446 precor
3135 2390 3221 2438 ne,
3255 2374 3535 2451 mutando,

1930 2469 2120 2532 verba,
2154 2467 2308 2524 tollat
2335 2468 2412 2524 rei
2442 2475 2607 2537 gesta:
2633 2467 2979 2537 sententiam,
3010 2468 3112 2523 nisi
3145 2466 3284 2523 forte
3312 2464 3514 2537 aliquid

1933 2558 2111 2615 inesse
2140 2559 2408 2630 repererit
2437 2559 2711 2616 falsitatis.

1000 2846 1824 2943 INCIPITVITA
1874 2849 1982 2936 B.
2058 2844 2776 2938 LANFRANCL.

754 3041 979 3101 CAPUT
1014 3041 1305 3098 PRIMUM.

302 3139 354 3195 i.
393 3136 518 3191 Fuit
546 3135 763 3206 quidam
792 3136 877 3190 vir
906 3150 1154 3206 magnus,
1193 3134 1344 3189 Italia
1369 3144 1522 3192 ortus
1546 3134 1637 3207 ('),
1662 3149 1824 3206 quem

232 3229 510 3293 Latinitas
540 3227 595 3282 in
632 3227 913 3297 antiquum
948 3226 1189 3281 scientiae
1224 3234 1426 3281 statum
1466 3227 1533 3281 ab
1566 3241 1631 3282 eo
1675 3226 1829 3281 resti-

237 3332 347 3379 tuta
390 3330 539 3388 tota,
577 3336 891 3392 supremum
922 3320 1103 3375 debito
1131 3336 1255 3378 cum
1300 3337 1486 3377 amore
1524 3332 1579 3377 et
1619 3321 1827 3376 honore

238 3414 498 3489 agnoscit
520 3413 1118 3487 magistrum,.numine
1154 3412 1511 3469 Lanfrancus.
1543 3412 1659 3484 Ipsa
1692 3428 1826 3484 quo-

239 3526 341 3580 que
364 3511 427 3564 in
449 3507 823 3564 liberabilibus
844 3507 1039 3562 studiis
1056 3506 1314 3575 magistra
1333 3505 1570 3577 gentium
1592 3505 1824 3571 Gratcia,

241 3598 545 3669 discipulos
590 3598 733 3653 illius
770 3597 1000 3652 libenter
1038 3597 1293 3651 audiebat
1336 3604 1392 3650 et
1433 3588 1823 3651 admirabatur.

241 3690 336 3747 llic
362 3689 538 3760 Papia
566 3689 789 3745 civitate
826 3688 1088 3744 oriundus
1122 3686 1222 3742 fuit
1252 3687 1337 3759 (³).
1368 3686 1631 3743 Parentes
1659 3688 1825 3756 illius,

240 3781 485 3851 ejusdem
517 3779 668 3835 urbis
697 3778 864 3845 cives,
893 3779 945 3848 2
976 3778 1155 3847 magni
1192 3786 1248 3834 et
1275 3778 1623 3836 honorabiles
1656 3779 1824 3835 babe-

240 3872 445 3929 bantur
482 3881 625 3928 inter
665 3888 793 3928 suos
830 3872 1100 3928 concives.
1141 3871 1301 3937 Nam,
1352 3881 1413 3927 ut
1450 3872 1827 3943 fertur,pater

244 3960 355 4030 ejus
408 3963 479 4017 de
518 3962 712 4018 ordine
754 3962 969 4017 illorum
1013 3963 1104 4032 qui
1141 3962 1264 4032 jura
1302 3971 1356 4018 et
1399 3962 1546 4035 leges
1589 3964 1827 4022 civitatis

246 4053 599 4109 asservabant
637 4052 739 4107 fuit
767 4052 865 4124 (6).
903 4051 1265 4120 Lanfrancus,
1293 4053 1345 4108 in
1375 4054 1630 4125 primaeva
1668 4063 1827 4110 aetate

245 4155 400 4212 patre
442 4146 704 4211 orbatus,
742 4160 864 4200 cum
901 4145 950 4199 ei
999 4144 1054 4200 in
1107 4145 1367 4200 honorem
1414 4155 1470 4201 et
1507 4146 1824 4218 dignitatem

248 4236 536 4292 succedere
565 4235 807 4304 deberet,
841 4235 1027 4291 relicta
1073 4235 1292 4291 civitate
1316 4277 1331 4300 ,
1362 4251 1547 4292 amore
1584 4237 1823 4292 discendi

249 4323 311 4378 ad
337 4324 516 4381 studia
547 4325 855 4380 litterarum
885 4324 1123 4395 perrexit
1149 4342 1163 4390 ;
1195 4326 1285 4380 ubi
1316 4325 1549 4395 plurimo
1585 4336 1825 4397 tempore

1856 3042 1899 3098 Β
1928 3037 1980 3093 in
2005 3036 2391 3093 Nor‘manniam
2414 3038 2692 3110 pervenit,
2718 3046 2773 3095 et
2802 3038 2855 3093 in
2881 3036 3258 3094 Abrincateusi
3285 3037 3515 3104 (Avrau-

1935 3130 2077 3201 dies)
2109 3130 2331 3187 civitate
2353 3130 2685 3195 demoratus,
2707 3146 2803 3198 per
2825 3129 3039 3199 aliquod
3071 3138 3281 3199 tempus
3306 3130 3512 3185 uoeuit.

1929 3219 2300 3277 Considerans
2348 3234 2479 3275 vero
2532 3219 2927 3274 scientissimus
2972 3220 3055 3273 vir
3103 3219 3244 3290 quod
3294 3227 3514 3288 captare
3596 3291 3606 3301 υ

1930 3312 2239 3368 mortalium
2278 3328 2465 3391 auram
2502 3310 2713 3365 vanitas
2749 3320 2858 3378 est,
2891 3320 2945 3366 et
2983 3311 3109 3381 quia
3148 3312 3214 3366 ad
3244 3326 3349 3365 non
3392 3326 3513 3366 csse

1931 3404 2163 3460 tendunt
2199 3404 2401 3470 omnia,
2440 3414 2638 3475 pra'ter
2667 3418 2788 3456 cum
2826 3401 2915 3471 qui
2948 3400 3075 3456 fecit
3113 3403 3358 3456 universa
3416 3400 3509 3469 qui

1928 3510 2146 3565 semper
2176 3503 2279 3560 est,
2305 3502 2359 3550 et
2384 3495 2474 3564 qui
2504 3496 2551 3549 ei
2585 3493 2892 3559 intendunt,
2918 3493 2984 3546 ad
3014 3492 3363 3547 obtinendum
3392 3494 3509 3563 ejus

1929 3598 2168 3639 amorem
2200 3583 2440 3637 animum
2475 3583 2743 3638 convertit
2780 3590 2834 3637 et
2866 3581 3125 3637 studium.
3159 3580 3311 3648 Quod
3348 3582 3511 3653 igitur

1931 3674 1983 3729 in
2030 3673 2232 3728 litteris
2278 3672 2578 3744 perfectius
2626 3672 2827 3727 invenit
2873 3671 3063 3727 salutis
3110 3672 3515 3737 consilium,‘et

1932 3766 2175 3837 placendi
2214 3765 2345 3830 Deo,
2379 3766 2621 3835 arripere
2659 3765 2884 3831 statuit,
2917 3772 2976 3819 ut
3007 3763 3212 3819 relictis
3240 3762 3511 3824 omnibus,

1927 3857 2174 3912 abdicato
2221 3856 2383 3911 etiam
2412 3856 2493 3911 sui
2527 3856 2692 3925 ipsius
2715 3855 2862 3926 jure,
2892 3855 3041 3910 illum
3072 3862 3389 3923 sequeretur
3419 3852 3512 3921 qui

1929 3947 2096 4001 dixit:
2126 3945 2183 4001 Si
2208 3948 2324 4017 quis
2346 3947 2453 4001 vult
2476 3955 2588 4017 post
2614 3963 2695 4001 me
2719 3947 2909 4010 venire,
2930 3945 3141 4015 abneget
3159 3953 3509 4010 semetipsum,

1926 4047 1972 4090 et
1998 4035 2145 4089 tollat
2170 4054 2376 4090 crucem
2402 4052 2573 4102 suam,
2593 4046 2640 4091 et
2656 4047 2905 4108 sequatur
2923 4052 3004 4090 me
3028 4034 3241 4107 (Matth.
3268 4049 3374 4097 xw,
3392 4033 3506 4104 24).

1927 4126 1994 4181 Et
2025 4127 2149 4196 quia
2192 4125 2396 4196 quan'to
2439 4142 2667 4198 magnus
2705 4127 2913 4193 fuerat,
2944 4134 3094 4180 tanto
3130 4126 3353 4195 optabat
3393 4122 3510 4177 fieri

1925 4219 2392 4284 humilior,locum
2418 4219 2568 4273 adire
2594 4218 2810 4273 nolebat
2843 4219 2931 4272 ubi
2957 4218 3175 4271 litterati
3204 4216 3513 4287 [versaren-

1927 4307 2460 4379 tur.En.Pna.],qui
2474 4324 2594 4361 eum
2611 4308 2800 4362 honori
2816 4321 2879 4360 ac
2895 4306 3211 4360 reverentiae
3226 4307 3508 4361 haberent.

250 4416 577 4485 demoratus,
603 4418 751 4475 omni
780 4418 1008 4473 scientia
1033 4418 1276 4473 saeculari
1299 4419 1538 4488 perfecte
1566 4418 1824 4487 imbutus,

2003 4400 2059 4453 2.
2084 4399 2295 4454 interea
2318 4414 2438 4454 cum
2461 4414 2539 4453 tre
2561 4398 2725 4453 vellet
2750 4399 3167 4468 Rotltomagum,
3192 4400 3293 4453 iter
3320 4400 3514 4470 agebat

250 4508 426 4563 rediit.
454 4508 660 4564 Deinde
676 4508 854 4578 patria
880 4522 1152 4578 egressus,
1172 4517 1227 4561 et
1248 4507 1409 4577 Alpes
1432 4515 1825 4576 transgressus,

252 4596 303 4652 iu
326 4598 528 4656 Gallias
568 4600 718 4656 venit
755 4608 998 4669 tempore
1037 4598 1254 4654 Ilenrici
1297 4598 1439 4668 regis
1471 4597 1823 4662 Francorum,

250 4696 300 4740 et
327 4689 545 4759 gloriosi
584 4691 737 4746 ducis
774 4689 1209 4745 Normannorum
1248 4687 1552 4754 Guillelmi,
1586 4689 1676 4759 qui
1716 4689 1827 4744 An-

252 4777 407 4848 gliam
438 4782 540 4836 sibi
565 4781 732 4837 armis
762 4782 993 4851 subegit.
1022 4781 1089 4835 Et
1113 4781 1485 4852 pertransiens
1513 4780 1823 4849 Franciam,

251 4875 589 4943 quamplurcs
616 4876 793 4945 magni
828 4875 1062 4930 nominis
1087 4875 1366 4931 scholares
1388 4890 1569 4930 secum
1599 4875 1825 4943 habens,

318 5006 391 5077 ib)
429 5006 698 5063 Bobertus
726 5024 793 5064 ae
817 5009 996 5064 alonte
1018 5010 1070 5063 in
1098 5008 1370 5064 Chronico
1395 5024 1496 5064 ms.
1522 5009 1638 5065 haec
1665 5009 1829 5066 habet

253 5072 550 5149 atlannum
588 5078 724 5134 1042
760 5096 774 5133 :
816 5078 1151 5146 Lanfrancus
1196 5082 1258 5133 de
1300 5089 1601 5149 senatorum
1644 5078 1827 5149 Papia:

254 5144 407 5219 nobili
438 5164 619 5219 genere
659 5150 845 5214 natus,
875 5144 941 5202 inv
970 5161 1162 5219 septem
1196 5148 1498 5204 liberalibus
1533 5144 1825 5219 disciplinis

254 5164 404 5223 uuam
435 5164 619 5267 feriere
659 5164 812 5205 natus

254 5217 431 5269 mirabi
455 5220 552 5271 iter
570 5220 824 5272 eruditus.

319 5284 394 5354 (7)
429 5288 570 5341 Risla
596 5288 941 5343 Normannia:
969 5286 1177 5357 ﬂuvius,
1214 5287 1304 5357 qui
1337 5302 1503 5357 prepe
1533 5288 1591 5343 S.
1621 5288 1824 5343 Ehrulli

257 5359 632 5427 {nonasterimn
664 5370 841 5414 ortum
872 5360 1053 5414 habet.
1090 5356 1241 5413 Unde
1273 5356 1547 5427 conjicere
1568 5368 1652 5412 est
1679 5358 1823 5411 Latt-

259 5416 490 5496 francum
535 5442 565 5481 a
604 5428 904 5484 latronibus
932 5429 1219 5496 spoliatum
1250 5416 1417 5482 fuisse
1448 5429 1501 5482 iu
1533 5429 1667 5483 silva
1711 5428 1825 5485 Uti-

258 5494 427 5559 censi,
476 5498 634 5567 vulgo
689 5499 741 5552 la
790 5499 920 5568 {oret
951 5494 1201 5562 d'Ouc/ae,
1246 5514 1367 5567 qua:
1410 5500 1668 5568 praedicto
1713 5516 1826 5552 uxo-

258 5569 503 5639 nasterio
536 5568 675 5639 Utici
724 5583 919 5639 nomen
961 5570 1139 5631 dedit,
1171 5585 1275 5639 qua
1317 5568 1703 5624 transeundum
1741 5577 1825 5623 est

259 5634 695 5709 cujuﬁtluﬁbriueis
721 5638 1135 5709 Rotltomagum.

324 5702 398 5779 (8)
429 5706 591 5763 Paulo
627 5709 783 5763 aliter
827 5725 938 5762 rem
978 5702 1162 5762 narrat
1205 5710 1648 5779 chronographus
1691 5708 1825 5763 Bec.

262 5776 427 5832 censis
451 5780 515 5834 ad
542 5796 742 5835 acutum
767 5779 921 5848 1041,
950 5779 1037 5835 ubi
1067 5782 1229 5835 refert
1253 5776 1488 5836 latrones
1516 5776 1821 5836 Lanl‘rauco

1935 4489 2187 4546 inclinata
2207 4490 2318 4561 jam
2336 4491 2423 4546 die
2440 4506 2536 4561 per
2557 4490 2746 4545 silvam
2772 4491 2909 4546 ultra
2931 4490 3150 4546 ﬂuvium
3174 4492 3376 4547 Rislam
3397 4492 3503 4564 (7);

1928 4581 2119 4636 incidit
2152 4580 2215 4652 (⁸)
2255 4581 2306 4635 ἰη
2333 4581 2575 4637 latrones
2609 4583 2709 4653 (8),
2740 4584 2852 4654 qui,
2884 4592 3079 4638 cuncta
3116 4599 3236 4653 qua:
3276 4583 3512 4639 habebat

1929 4671 2200 4740 tollentes,
2234 4672 2414 4744 ligatis
2452 4689 2481 4728 a
2516 4683 2666 4745 tergo
2697 4675 2967 4741 manibus,
3000 4684 3053 4729 et
3084 4676 3300 4744 capntio
3330 4691 3512 4747 cuppae

1926 4776 2055 4824 ante
2100 4767 2285 4825 oculos
2328 4770 2568 4834 admotu,
2615 4770 2957 4824 abduxerunt
2998 4769 3147 4823 illum
3186 4769 3252 4823 de
3292 4771 3407 4835 via,
3456 4780 3513 4824 ct

1928 4860 2070 4915 inter
2123 4858 2393 4914 condensa
2433 4859 2607 4914 saltus
2652 4860 2847 4915 fruteta
2904 4860 3246 4916 dimiserunt.
3293 4859 3510 4915 Talibus

1924 5016 2105 5071 omnia
2154 5023 2352 5085 praeter
2394 5022 2634 5069 veterem
2669 5014 3006 5085 chlamydem
3065 5014 3374 5069 abstulisse.
3429 5014 3508 5068 Ac

1926 5088 2042 5154 ipse
2087 5084 2272 5139 volens
2316 5086 2397 5139 eis
2443 5092 2517 5155 et;
2548 5084 2881 5155 chlamydem
2928 5086 3234 5149 dimittere,
3264 5084 3508 5155 exemplo

1926 5153 2189 5209 Libertini
2234 5157 2299 5209 de
2332 5171 2440 5224 quo
2482 5153 2776 5224 Gregorius
2811 5154 3041 5223 Magnus
3086 5155 3174 5208 lib.
3214 5154 3505 5224 trDialog"

1925 5241 1976 5279 c.
2008 5224 2063 5287 2,
2093 5234 2150 5277 ut
2180 5226 2305 5288 sibi,
2342 5227 2485 5280 sicut
2516 5224 2792 5279 Libertino
2826 5225 3153 5294 contigerat,
3184 5224 3365 5294 omnia
3403 5227 3507 5278 mi-

1927 5295 2111 5349 raculo
2143 5295 2593 5358 restituerentur,
2627 5311 2748 5349 cum
2782 5304 2927 5349 recta
2963 5292 3067 5347 non
3100 5301 3242 5348 esset
3267 5292 3384 5361 ejus
3426 5296 3507 5349 in-

1929 5365 2116 5437 tentio,
2170 5367 2502 5437 contrarium
2550 5366 2762 5437 evenit;
2811 5362 3293 5437 latroncsquippe
3330 5367 3505 5437 ipsnnt

1926 5435 2356 5504 nudumiarburi
2407 5436 2497 5488 uni
2546 5436 2852 5504 alligarunt,
2898 5443 2953 5487 ct
3000 5435 3300 5489 scholarem
3350 5435 3504 5491 suum

1926 5504 2104 5558 alteri.
2136 5503 2227 5559 Sic
2260 5505 2480 5561 relictus
2509 5504 2619 5559 Deo
2649 5503 2909 5574 promisit
2936 5519 2994 5558 se
3022 5507 3199 5559 omnia
3234 5507 3502 5563 mundana

1926 5575 2308 5639 dimissurum,
2349 5577 2393 5629 si
2437 5575 2572 5629 liber
2604 5575 2887 5645 evaderet,
2936 5577 3227 5645 statimque
3276 5586 3503 5631 vinetms

1924 5645 2041 5714 ejus
2063 5645 2323 5699 divinitus
2347 5645 2558 5709 solutis,
2587 5643 2824 5697 sodalem
2846 5659 3002 5699 suum
3034 5643 3212 5713 solvit,
3239 5655 3295 5701 et
3318 5656 3502 5702 votum

1927 5731 2081 5771 suum
2110 5716 2249 5787 apud
2278 5716 2505 5772 Beccutu
2543 5714 2795 5785 explevit.
