3954 6306
446 308 515 368 δι
1474 308 1536 364 B.
1578 304 1972 365 LANFRANCI
2011 307 2033 391 ι

2141 304 2363 363 [ἸὊΑΚ.
2400 304 2697 361 ARClllEP

3652 302 3738 356 52

455 417 717 488 angustiis
749 418 1202 491 comprehensus,
1230 418 1451 477 nescius
1478 422 1608 493 quid
1645 430 1851 494 ageret,
1883 434 2039 475 suum
2069 424 2116 482 Α
2146 417 2372 487 Quando
2408 420 2630 476 attendo
2672 419 2866 475 laicnm
2904 420 3093 485 istum,
3136 435 3321 476 nescio
3354 420 3481 490 quid
3518 422 3734 483 dicam,

450 508 809 565 infortunium
834 508 1253 567 lamentabatur.
1277 510 1517 568 Tandem
1541 522 1808 569 nocturno
1824 511 2038 567 silentio

454 602 508 657 in
556 618 616 659 se
647 618 928 671 reversus,
957 603 1129 659 voluit
1174 604 1404 662 Domino
1438 604 1626 661 laudes
1660 606 1869 661 debitas
1912 620 2038 675 per-

450 692 687 759 solvere,
717 704 771 749 et
799 710 905 750 non
933 696 1129 765 potuit,
1157 697 1284 767 quia
1319 698 1386 753 ad
1422 698 1524 755 hoc
1552 706 1712 752 antea
1737 712 1848 754 non
1881 711 2039 751 vaea-

451 794 630 839 verat.
661 784 727 839 Et
754 800 1047 842 conversus
1083 788 1150 842 ad
1184 789 1467 844 Dominum
1500 806 1514 842 :
1552 807 1571 841 ι
1616 788 1840 843 Domine
1870 789 2036 852 Deus,

448 877 550 939 ait’,
596 885 805 932 tantum
847 888 1057 949 tempus
1091 880 1143 935 in
1184 882 1441 951 discendo
1469 882 1728 951 expendi,
1760 890 1814 936 et
1841 896 2039 950 corpus

446 978 509 1022 et
541 968 779 1023 animum
838 970 891 1025 in
940 972 1133 1029 studiis
1179 973 1483 1030 litterarum
1522 975 1737 1041 attrivi;
1774 982 1828 1028 et
1861 975 2039 1029 adhuc

451 1060 725 1124 quomodo
755 1069 805 1118 te
838 1064 1064 1120 debeam
1102 1083 1278 1131 orare,
1324 1078 1486 1139 atque
1525 1068 1703 1123 laudis
1730 1067 1903 1124 ofﬁcia
1942 1069 2035 1122 tibi

447 1152 761 1219 persolvere
814 1173 920 1212 non
968 1158 1153 1214 didici.
1200 1160 1391 1215 Libera
1439 1177 1527 1216 me
1567 1154 1633 1217 de
1672 1162 1773 1215 hac
1814 1161 2038 1216 tribula-

392 1268 393 1271 η
449 1243 633 1308 tione;
668 1255 722 1299 et
749 1262 868 1316 ego,
912 1260 960 1303 te
997 1251 1318 1316 auxiliante,
1344 1255 1423 1309 sic
1455 1254 1618 1308 vitam
1648 1269 1821 1308 meam
1860 1253 2038 1308 corri-

453 1345 605 1403 gere,
638 1343 691 1388 et
719 1336 1005 1395 instituere
1032 1342 1255 1406 curabo,
1292 1353 1352 1397 ut
1394 1344 1484 1398 tibi
1518 1345 1721 1401 servire
1736 1344 1952 1399 valeam
1983 1352 2037 1397 et

448 1421 644 1476 sciam.
680 1443 697 1475 ι
728 1425 997 1498 Surgente
1027 1446 1247 1497 aurora,
1270 1432 1324 1487 in
1352 1434 1466 1503 ipso
1489 1432 1806 1502 crepusculo
1832 1432 2037 1487 audivit

456 1510 703 1601 viatores.
722 1515 825 1570 iter
854 1530 1171 1601 carpentes,
1210 1531 1265 1577 et
1294 1524 1460 1594 cmpit
1494 1523 1838 1579 vociferando
1862 1525 1932 1580 ab
1959 1523 2037 1579 eis

449 1600 716 1687 auxilium
776 1619 982 1677 petere.
1037 1600 1112 1666 illi
1167 1615 1451 1672 audientes
1507 1616 1682 1687 primo
1733 1631 2032 1686 expavere;

450 1691 648 1767 dehinc
676 1712 859 1751 vorem
902 1700 1136 1757 hominis
1166 1705 1532 1770 advertentes,
1566 1706 1635 1760 ad
1665 1721 1854 1760 somnn
1888 1707 2035 1761 vocis

2141 512 2243 568 nisi
2266 512 2393 582 quia
2420 513 2656 583 Spiritus
2680 513 2767 568 ubi
2799 511 2912 567 vult
2932 513 3102 581 spirat
3129 510 3311 577 (Joan.
3334 528 3418 577 ιιι.
3437 512 3517 581 8).
3547 512 3740 567 Ahbas

2138 615 2266 673 erga
2302 602 2449 657 illum
2479 603 2660 657 debita
2690 602 3070 665 veneratione,
3104 603 3193 657 ille
3232 619 3361 675 erga
3390 619 3511 657 eum
3550 604 3741 656 omni-

2143 696 2302 751 moda
2333 696 2699 752 contendebat
2721 696 3103 762 submissione,
3136 695 3306 750 forma
3329 696 3473 766 gregi
3498 704 3739 762 uterque

2145 788 2358 846 vivendi
2414 789 2573 853 facti,
2629 804 2769 843 unus
2814 790 3028 854 activaa,
3079 789 3216 844 alter
3267 787 3734 856 contemplativa».

2138 883 2324 939 Abbas
2351 884 2596 949 humilis,
2631 884 2909 950 patientia:
2950 899 3188 939 summm.
3230 882 3282 936 in
3317 896 3447 936 cura
3484 882 3736 949 corporis

2142 975 2672 1036 continentissimus.
2725 973 2923 1028 nullam
2973 972 3248 1028 saacularis
3290 986 3498 1042 pompa:
3540 986 3732 1023 curant

2142 1082 2358 1137 gerens,
2396 1067 2571 1138 legum
2596 1067 2782 1139 patriae
2813 1066 3226 1128 scientissimus.
3265 1065 3572 1134 Praesidium
3605 1072 3733 1117 erat

2139 1160 2252 1215 suis
2302 1168 2488 1214 contra
2528 1146 2741 1229 iniquos
2793 1167 3095 1221 exactores,
3149 1158 3214 1210 ad
3263 1156 3546 1211 tractanda
3588 1170 3729 1209 ean-

2139 1266 2320 1305 sarum
2365 1249 2706 1304 saecularium
2749 1248 2961 1319 negotia
2998 1259 3049 1302 et
3082 1246 3411 1316 disponenda
3449 1245 3728 1299 exteriora

2138 1341 2531 1412 peritissimus;
2569 1340 2622 1394 in
2654 1338 2995 1394 exstruendis
3030 1337 3111 1390 vel
3145 1334 3501 1407 procurandis
3528 1350 3728 1388 neces-

2140 1433 2297 1499 sariis
2319 1448 2419 1487 nec
2448 1431 2763 1502 prudentior
2792 1446 2890 1484 nec
2934 1428 3220 1491 cllicacior,
3260 1426 3407 1480 salva
3440 1425 3724 1494 religione,

2140 1539 2259 1578 esse
2286 1520 2522 1592 poterat.
2566 1522 2618 1591 3
2651 1521 2718 1575 At
2755 1522 2947 1576 doctor
2976 1520 3061 1575 ille
3097 1520 3365 1572 maximus
3397 1518 3449 1587 i_n
3486 1517 3726 1571 claustro

2133 1628 2353 1667 onmem
2384 1627 2601 1682 operam
2633 1613 2979 1681 Impendebat
3000 1611 3168 1680 quieti
3193 1618 3243 1663 et
3270 1609 3509 1671 silentio,
3541 1609 3727 1663 cordis

2139 1702 2221 1757 sui
2268 1702 2476 1758 novalia
2522 1702 2681 1759 verbi
2722 1702 2862 1757 sacri
2913 1700 3165 1755 excoleris
3204 1700 3417 1752 assidua
3468 1698 3725 1760 lectione.

444 1795 757 1855 pirrexerc,
781 1797 835 1843 et
857 1791 977 1859 quis
1000 1804 1162 1858 esset,
1182 1796 1309 1864 quid
1334 1798 1558 1852 haberet
1584 1798 1859 1854 indicavit.
1876 1767 2111 1856 Τιιιιιῑ.Β
2140 1795 2370 1865 irrigans
2398 1810 2459 1848 ea
2483 1794 2648 1859 dulci,
2677 1809 2838 1864 qualn
2864 1808 3007 1863 scepe
3032 1791 3328 1854 obtinebat,
3360 1790 3722 1860 lacrymarum

446 1889 574 1929 eum
608 1877 880 1936 solventes
914 1885 1246 1939 reduxerunt
1272 1887 1339 1941 ad
1370 1887 1531 1940 viam.
1562 1888 1792 1960 Rogavit
1817 1906 1947 1959 sane
1975 1900 2032 1946 ut

450 1966 614 2023 vilius
628 1980 681 2025 et
697 1975 987 2043 pauperius
1010 1972 1315 2032 cmu’obium
1338 1980 1485 2049 quod
1506 1980 1560 2035 in
1581 1982 1798 2052 regione
1812 1992 2035 2038 nossent

452 2055 579 2115 'slbi
613 2062 1070 2121 demons’trarcnt.
1114 2067 1531 2138 Responderunt
1573 2085 1587 2125 :
1636 2072 1806 2133 Vilius
1840 2084 1895 2128 et
1934 2079 2033 2129 ab-

446 2147 647 2233 iectius
700 2161 1088 2214 monasterium
1148 2163 1353 2218 nullum
1410 2166 1613 2237 scimus
1666 2181 1831 2235 quam
1890 2167 2033 2222 istud

446 2246 592 2314 quod
611 2247 667 2301 in
688 2251 937 2319 proximo
955 2240 1185 2310 azdilicat
1199 2257 1418 2327 quidam
1446 2259 1609 2313 homo
1628 2259 1723 2315 Dei
1742 2277 1755 2289 '
1772 2254 1835 2315 'et
1852 2270 2035 2317 osten-

449 2339 637 2413 dentes
693 2358 832 2397 vtam
890 2344 1282 2404 discesserunt.
1339 2350 1411 2406 At
1467 2351 1557 2408 ille
1604 2369 1852 2425 gressum
1907 2355 2034 2411 illuc

448 2439 706 2513 vertens,
744 2432 976 2492 Beccum
1021 2438 1181 2505 adiit,
1244 2456 1353 2512 quo
1391 2442 1599 2498 nullum
1634 2460 1863 2514 usquam
1900 2455 2031 2505 tunc

450 2526 744 2593 pauperius
796 2530 1169 2586 aestimabatur
1220 2534 1303 2609 vel
1380 2535 1647 2606 abjectius
1699 2541 2028 2596 emnohium.

448 2611 614 2712 lt‘orte
666 2625 794 2671 tunc
837 2620 1004 2676 abbas
1051 2628 1396 2681 exstruendre
1442 2627 1650 2685 fornaci
1704 2642 2031 2701 occupatus,

444 2711 678 2771 tpsemet
718 2711 1046 2777 operabatur
1085 2714 1336 2770 manibus
1369 2718 1522 2782 suis;
1568 2728 1625 2772 et
1663 2721 1930 2776 accedens
1967 2723 2033 2777 ad

443 2807 576 2847 eum
605 2797 742 2851 dixit
769 2817 781 2851 :
818 2799 959 2856 Deus
1002 2811 1054 2857 te
1082 2805 1294 2860 salvum
1322 2807 1513 2865 faciat.
1548 2811 1616 2866 Et
1647 2813 1814 2869 abbas
1843 2832 1856 2869 :
1892 2815 2035 2872 Deus

449 2891 510 2939 te
538 2884 843 2953 bcnedicat,
887 2892 1078 2960 inquit.
1109 2895 1177 2950 Es
1201 2897 1539 2956 Lombardus
1565 2902 1591 2955 ?
1617 2912 1673 2956 at
1709 2903 1797 2959 ille
1823 2923 1836 2959 :
1877 2905 2030 2961 Sum.

444 2970 707 3065 Etabbas
736 2994 749 3045 ;
788 2978 925 3045 Quid
954 2982 1032 3036 vis
1055 2983 1077 3036 ?
1103 2983 1417 3053 Monachus,
1442 2990 1540 3049 ait.
1567 2991 1684 3065 fieri
1709 2993 2033 3053 volo..Tunc

2130 1890 2569 1960 compunctione.

2757 1974 2983 2030 CAPUT
3024 1974 3087 2027 ll.

2202 2074 2257 2128 4.
2289 2072 2397 2128 Nec
2423 2070 2620 2126 oblitus
2646 2074 2787 2139 quod
2820 2070 2925 2123 Deo
2953 2068 3004 2121 in
3036 2076 3298 2121 nocturna
3324 2065 3573 2135 captione
3600 2081 3727 2135 pro-

2135 2166 2380 2229 miserat,
2411 2173 2693 2234 postquam
2728 2161 2901 2216 factus
2933 2161 3347 2217 estmonachus
3367 2198 3383 2222 ,
3420 2157 3473 2212 in
3505 2157 3723 2212 discen-

2136 2259 2217 2313 dis
2256 2256 2444 2312 elliciis
2492 2255 2699 2311 diurnis
2756 2263 2811 2307 et
2858 2253 3139 2307 nocturnis
3191 2266 3378 2307 curam
3431 2249 3725 2305 maximam

2135 2350 2449 2421 nupendere
2493 2348 2693 2413 voluit,
2732 2357 2791 2400 ιιι
2827 2346 2992 2400 sciret
3024 2345 3132 2400 Deo
3177 2343 3350 2399 laudis
3393 2342 3724 2399 sacriﬁcium

2133 2441 2464 2512 persolvere,
2498 2439 2643 2494 sicut
2684 2444 2931 2495 noverat.
2965 2434 3056 2490 Sic
3095 2450 3193 2506 per
3230 2445 3340 2490 tres
3385 2448 3560 2489 annos
3590 2433 3728 2487 vixit

2133 2534 2429 2592 solitarius.
2450 2530 2695 2601 gaudens
2725 2528 2867 2599 quod
2897 2527 3261 2599 nesciebatur,
3295 2533 3498 2597 praeter
3523 2539 3726 2593 paucos

2134 2626 2330 2696 quibus
2349 2623 2638 2699 aliquando
2667 2621 3025 2691 loquebatur,
3049 2620 3299 2674 omnibus
3332 2619 3571 2689 ignotus.
3612 2616 3726 2671 Ru-

2136 2733 2274 2782 mor,
2304 2726 2362 2770 ut
2388 2717 2490 2771 hoc
2518 2715 2718 2769 factum
2749 2713 2979 2784 prodidit
3000 2752 3017 2778 ,
3048 2711 3202 2782 longe
3231 2711 3447 2780 lateque
3476 2710 3724 2781 protulit,

2134 2819 2199 2867 et
2220 2810 2361 2864 fama
2391 2808 2492 2864 viri
2518 2806 2930 2878 praeclarissima
2954 2804 3277 2869 Beecum,et
3312 2804 3561 2857 abbatem
3590 2800 3728 2855 Her-

2137 2901 2343 2956 lninnm
2375 2901 2522 2956 brevi
2548 2914 2645 2969 per
2674 2898 2859 2951 orbem
2888 2906 3157 2951 terrarum
3191 2894 3383 2949 extulit
3412 2893 3501 2965 (ε).
3528 2893 3724 2948 Clerici

2136 3002 2458 3055 accurrunt,
2507 2991 2703 3045 ducum
2762 2989 2889 3053 filii,
2947 2987 3363 3043 nominatissimi
3413 2985 3723 3041 scholarum

444 3064 622 3169 abbas
654 3073 911 3140 praecepit
950 3076 1164 3130 cunlatn
1203 3081 1496 3146 monacho,
1529 3084 1748 3140 nomine
1777 3086 2030 3159 Rogerio,
2064 3109 2109 3169 ρ
2142 3086 2387 3157 magistri
2428 3084 2771 3147 Latinitatis,
2803 3082 2928 3136 laici
2963 3090 3241 3151 potentes,
3284 3088 3339 3134 et
3367 3077 3577 3133 nobiles
3617 3076 3725 3131 viri

441 3159 541 3227 qui
572 3160 623 3213 in
650 3174 804 3231 parte
826 3180 962 3235 opus
984 3182 1138 3223 suum
1169 3169 1404 3227 faciebat
1429 3175 1520 3244 (⁸),
1543 3185 1603 3231 ut
1627 3176 1699 3232 illi
1727 3181 2035 3236 ostenderet

444 3249 647 3307 librum
696 3258 892 3328 regulae
922 3258 1022 3330 (9).
1072 3261 1187 3329 Qua
1236 3266 1494 3334 perlecta,
1528 3270 1807 3339 respondit
1850 3272 2033 3327 omnia

455 3340 568 3400 Deo
608 3362 667 3400 se
706 3347 936 3416 juvante
975 3353 1211 3411 libenter
1251 3368 1613 3415 servaturum.
1645 3359 1771 3418 Haec
1807 3364 2034 3419 audiens

444 3437 641 3506 abbas,
683 3449 739 3495 et
786 3444 967 3500 sciens
1016 3447 1140 3516 quis
1181 3458 1329 3503 esset
1372 3458 1427 3505 et
1465 3451 1639 3516 unde,
1675 3454 1944 3509 concessit
1984 3455 2033 3510 ei

438 3535 590 3604 quod
651 3538 888 3607 petebat.
938 3540 1012 3595 At
1056 3541 1145 3597 ille
1182 3560 1280 3613 per
1326 3560 1388 3600 os
1436 3544 1579 3601 furni
1631 3548 1919 3618 procidens
1977 3550 2031 3604 in

445 3625 673 3693 faciem,
703 3632 980 3687 osculatus
1015 3644 1099 3689 est
1126 3638 1290 3704 pedes
1316 3652 1450 3706 ejus.
1491 3638 1827 3695 Lanfrancus
1850 3644 2032 3696 burni-

445 3714 661 3771 litatem
708 3721 875 3775 animi
929 3724 1305 3795 sermonisque
1353 3730 1677 3800 gravitatem
1728 3730 1781 3785 in
1839 3731 2034 3788 abbate

444 3807 743 3879 plurimum
796 3824 1083 3891 veneratus
1133 3825 1188 3871 et
1236 3834 1455 3886 amans,
1499 3819 1566 3891 (‘)
1604 3810 1911 3878 monachus
1960 3823 2032 3878 ibi

455 3898 701 3956 cilicitur.

522 3994 578 4049 5.
622 3994 740 4062 Quo
768 3995 909 4052 facto
940 4000 1005 4070 (⁷)
1036 4001 1551 4059 venerabilisPater
1584 4004 1875 4062 Herluinus
1903 4023 2037 4078 gau-

448 4083 544 4138 dio
579 4086 815 4157 repletus
866 4098 951 4144 est
988 4106 1094 4145 non
1148 4094 1381 4159 modico,
1412 4095 1540 4164 quia
1579 4097 1835 4153 credebat
1862 4114 1892 4152 a
1928 4101 2036 4158 Deo

448 4196 644 4253 preces
688 4199 814 4240 suas
855 4199 976 4241 esse
1023 4189 1323 4242 exauditas.
1374 4188 1510 4244 Nam
1549 4190 1675 4260 quia
1727 4202 2034 4262 sumptuum

449 4279 918 4344 procurandorum
971 4281 1274 4353 necessitas
1324 4281 1473 4337 illum
1530 4294 1683 4338 extra
1740 4284 2034 4342 claustrum

448 4362 728 4419 demorari
756 4369 1003 4449 cogebat,
1032 4385 1132 4425 nec
1153 4380 1271 4426 erat
1293 4372 1382 4441 qui
1412 4373 1724 4442 praesideret
1746 4356 2032 4442 introrsus,

2140 3178 2427 3248 multi,pro
2458 3177 2630 3248 ipsius
2659 3190 2844 3229 amore
2872 3174 3037 3228 multa
3064 3173 3237 3227 eidem
3262 3170 3506 3226 ecclesia:
3529 3178 3724 3224 contu-

2138 3269 2336 3323 lerunt.
2363 3268 2465 3321 llic
2493 3281 2621 3336 ergo
2640 3263 3010 3331 Lanfrancus,
3036 3263 3126 3333 qui
3151 3277 3250 3333 pro
3281 3262 3390 3316 Deo
3413 3276 3473 3316 se
3502 3259 3727 3315 abdica-

2137 3370 2289 3414 verat
2322 3359 2464 3423 sibi,
2514 3357 2661 3412 onmi
2713 3357 2918 3411 vilitate
2954 3366 3008 3409 et
3032 3355 3379 3409 extremitate
3408 3360 3719 3417 contentus,

2131 3452 2283 3508 οιηηί
2319 3451 2621 3507 obedientia
2662 3465 2719 3504 se
2754 3449 3075 3504 submittere
3112 3447 3332 3501 curabat
3376 3443 3589 3512 majori.
3621 3443 3733 3497 Des

2137 3543 2320 3611 nique,
2356 3550 2413 3595 ut
2451 3541 2644 3604 fertur,
2698 3539 2983 3594 lectionem
3038 3553 3143 3593 non
3192 3535 3621 3605 volebat‘legere
3671 3533 3722 3588 in

2137 3634 2363 3688 ecclesia
2396 3634 2497 3687 nisi
2527 3632 2675 3701 prius
2705 3646 2821 3684 eam
2847 3622 3036 3685 cantOr
3068 3630 3324 3684 audisset.
3354 3626 3600 3691 Ouadam
3641 3625 3724 3678 die

2139 3726 2264 3779 dum
2293 3724 2359 3778 ad
2384 3736 2622 3777 mensam
2651 3721 2878 3791 legeret,
2910 3719 3048 3773 dixit
3079 3720 3333 3790 quiddam
3368 3718 3510 3770 inter
3530 3717 3718 3786 legen-

2140 3816 2264 3871 dum
2298 3819 2437 3871 sicut
2466 3815 2646 3869 dicere
2688 3813 2894 3879 debuit,
2942 3814 3084 3881 quod
3135 3828 3240 3867 non
3282 3810 3484 3881 placuit
3533 3807 3723 3878 praui.

2139 3909 2308 3971 denti,
2339 3918 2394 3964 et
2421 3908 2581 3962 aliter
2609 3907 2791 3961 dicere
2819 3906 3016 3975 jussit;
3063 3904 3208 3958 velut
3255 3905 3298 3958 si
3338 3903 3425 3958 ille
3465 3901 3721 3965 dixisset,

2139 4002 2340 4076 doce-re,
2365 4010 2538 4064 media
2561 4007 2845 4077 producta,
2880 4015 2937 4059 ut
2963 4017 3077 4072 est;
3110 4016 3166 4060 et
3192 4006 3294 4061 iste
3319 4005 3505 4058 eadem
3543 4002 3715 4056 media

2140 4112 2387 4173 correpta
2415 4100 2767 4156 emendasset
2810 4084 3035 4160 docére,
3081 4095 3225 4165 quod
3283 4110 3387 4149 non
3438 4101 3542 4147 est.
3604 4090 3719 4144 Non

2139 4196 2281 4251 enim
2309 4195 2456 4266 prior
2495 4193 2584 4247 ille
2622 4192 2893 4261 litteratus
2917 4198 3054 4243 erat.
3087 4189 3159 4242 At
3183 4188 3265 4244 vir
3294 4186 3510 4255 sapiens
3545 4183 3721 4238 sciens

2140 4288 2312 4360 magis
2335 4287 2696 4353 obedientiam
2717 4282 3144 4354 Christodeberi
3175 4296 3337 4351 quam
3374 4280 3609 4341 Donato,
3645 4277 3725 4330 di-

2140 4382 2290 4439 misit
2314 4379 2457 4450 quod
2502 4379 2641 4433 bene
2680 4378 3151 4447 pronuntiaverat.
3193 4383 3248 4429 et
3274 4372 3410 4427 dixit
3438 4370 3582 4440 quod
3618 4384 3720 4423 non

445 4463 511 4506 et
570 4455 889 4526 religionem
948 4472 1296 4528 asservaret;
1355 4464 1629 4521 multoties
1687 4466 1854 4522 Deum
1910 4483 2032 4521 cum
2065 4455 2114 4515 ι)
2141 4483 2286 4528 recte
2308 4471 2487 4526 dicere
2516 4466 2825 4537 jubebatur.
2854 4466 2988 4521 Nam
3019 4465 3322 4536 producere
3352 4462 3601 4523 brevem,
3641 4456 3720 4511 vel

446 4538 761 4611 exorasset,
791 4549 969 4604 divina
997 4552 1275 4606 miseratio
1297 4554 1397 4607 sibi
1429 4557 1857 4611 accommodavit
1884 4559 2037 4612 auxi-

447 4635 608 4703 lium,
644 4638 917 4695 sulliciens
947 4643 1014 4696 ad
1045 4644 1229 4698 omnia
1260 4660 1380 4715 qua:
1405 4648 1613 4717 agenda
1646 4647 1822 4702 forent
1846 4649 2039 4704 sullra-

444 4728 624 4799 g‘um.
654 4726 880 4785 Videres
905 4747 1037 4803 ergo
1064 4733 1207 4789 inter
1235 4750 1329 4789 eos
1355 4734 1503 4807 pium
1530 4748 1829 4794 certamen.
1856 4739 2038 4797 Abbas

446 4835 524 4901 ex
552 4826 842 4892 grandaeva
872 4824 1011 4881 laico
1041 4842 1213 4898 nuper
1242 4828 1297 4883 in
1322 4829 1528 4886 clerum
1560 4841 1859 4901 promotus,
1887 4850 2040 4891 vere-

450 4911 621 4966 batur
647 4912 748 4968 sibi
782 4902 1054 4972 subditam
1082 4918 1220 4974 tanti
1249 4922 1486 4977 doctoris
1515 4923 1921 4991 celsitudinem;
1952 4926 2039 4981 ille

447 5006 659 5063 :nullam
706 5023 806 5079 pro
846 5010 1106 5067 eminenti
1144 5013 1373 5069 scientia
1419 5028 1615 5086 gerens
1664 5017 2035 5087 insolentiam,

450 5099 762 5155 humillime
801 5100 869 5155 ad
903 5102 1083 5156 omnia
1119 5105 1376 5173 parebat,
1415 5108 1755 5171 attendebat,
1803 5110 2036 5165 admira-

450 5191 616 5247 batur
686 5203 742 5250 et
793 5195 1124 5265 praedicabat
1180 5213 1342 5269 quam
1397 5199 1500 5271 ipsi
1571 5201 1626 5256 in
1680 5202 2040 5274 intelligendis

456 5284 766 5357 Scriptus-is
804 5290 1039 5360 gratiam
1096 5289 1238 5347 Deus
1278 5302 1649 5359 concesserat,
1688 5307 1740 5350 et
1788 5297 2038 5353 dicebat:

638 5422 804 5503 Juxta
846 5426 1129 5503 regulae-5.
1167 5426 1230 5483 P.
1270 5427 1542 5503 Benedicti
1583 5431 1956 5503 przescriptutn
1989 5432 2039 5485 in

449 5495 642 5568 capite
675 5494 743 5568 5__8
774 5496 838 5548 de
866 5494 1148 5567 disciplina
1181 5494 1643 5568 suscipiendorum
1687 5494 1938 5557 fratrum.

538 5564 817 5637 (l0)rll:ee
849 5564 1033 5637 terra}
1090 5578 1147 5623 ut
1198 5564 1349 5637 puto,
1402 5581 1488 5623 est
1531 5572 1919 5625 monasterium
1976 5571 2035 5627 S.

458 5635 694 5716 Elii-ulli,
718 5636 861 5716 qupd
883 5635 1380 5716 WillelmusGeroii
1406 5642 1735 5716 monasterio
1765 5640 2039 5707 Bcccensi,

458 5706 559 5758 rubi
593 5705 917 5758 monachum
956 5708 1148 5770 induit,
1176 5711 1413 5765 tradidit.
1457 5711 1530 5765 ΙΙιί
1575 5705 2044 5766 ιιιιιΐηιιιευεοιιιίὲ

423 5776 702 5848 _.quatuliu
756 5776 901 5847 degit
954 5792 1075 5833 cum
1127 5779 1326 5849 aliquot
1379 5783 1675 5847 monachis,
1723 5798 1785 5837 ac
1832 5783 2041 5837 celebre

2137 4565 2354 4635 longam
2405 4562 2683 4634 corripere
2720 4559 3017 4630 syllabam,
3057 4573 3165 4612 non
3212 4553 3445 4625 capitale
3492 4559 3719 4606 noverat

2133 4648 2371 4727 crimen;
2396 4669 2581 4708 verum
2600 4651 2811 4723 jubenti
2832 4668 2897 4705 ex
2921 4659 3073 4720 parte
3109 4648 3200 4703 Dei
3230 4662 3334 4701 non
3370 4660 3590 4716 parere,
3613 4641 3723 4694 cnl-

2140 4764 2264 4819 pam
2290 4762 2395 4800 non
2419 4747 2590 4800 levem
2620 4757 2742 4798 esse
2775 4743 2998 4797 sciebat.

2305 4835 2535 4903 Quidam
2567 4834 2842 4889 Saecularis
2872 4833 3020 4887 dedit
3051 4828 3307 4886 Beecensi
3338 4826 3585 4882 ecclesia:
3617 4834 3723 4876 ter-

2143 4947 2257 4986 ram
2281 4928 2417 5002 (l0),
2453 4929 2518 4983 ad
2562 4944 2723 4997 quam
2756 4928 2955 4982 missus
2984 4921 3083 4981 est'
3105 4922 3478 4982 Lanfrancus,
3513 4928 3570 4972 ut
3602 4931 3719 4970 eam

2142 5034 2383 5082 servaret
2408 5032 2463 5080 ct
2486 5026 2834 5079 instauraret.
2874 5020 2995 5075 Una
3026 5019 3235 5073 dierum
3272 5015 3398 5070 dum
3437 5012 3507 5067 de
3542 5025 3723 5067 mona-

2142 5117 2308 5172 sterio
2328 5116 2394 5171 ad
2424 5114 2598 5169 locum
2628 5112 2774 5167 illum
2802 5111 3199 5182 regrederetur,
3218 5104 3421 5161 detulit
3453 5112 3636 5159 catum
3666 5100 3719 5153 in

2144 5224 2323 5278 panno
2352 5207 2668 5268 involutum,
2697 5213 2821 5274 post
2864 5218 2922 5258 se
2967 5196 3033 5257 ad
3078 5199 3264 5256 sellam
3305 5198 3551 5269 ligatum.
3591 5194 3721 5249 Dum

2142 5301 2247 5356 iter
2276 5300 2501 5363 faceret,
2538 5298 2756 5367 quidam
2791 5294 3039 5367 adjunxit
3068 5308 3127 5349 se
3160 5291 3270 5357 illi;
3294 5301 3529 5358 cumque
3564 5282 3719 5343 simul

2143 5434 2270 5489 olim
2300 5434 2461 5487 istum
2485 5431 2895 5490 monasterium,
2918 5429 3057 5499 quod
3078 5426 3301 5499 omnino
3326 5424 3565 5499 dirutum
3589 5427 3718 5499 erat.

2145 5517 2420 5573 utcunque
2452 5502 2794 5573 resta_uravit.
2828 5489 3027 5573 Postea
3058 5494 3577 5573 data_l3ec_eensib.us.
3600 5489 3721 5545 villa

2148 5563 2389 5628 Russer'ie
2419 5590 2448 5626 a
2483 5573 2540 5626 Β.
2576 5571 2945 5631 Theoderico,
2976 5578 3035 5621 ιιι
3073 5570 3125 5622 in
3161 5568 3277 5637 ejus
3315 5563 3721 5637 Vitadiximus,

2151 5645 2544 5699 monasterium
2580 5642 2638 5697 S.
2686 5639 2887 5696 Ehrnlﬁ
2922 5635 3217 5709 pristinum
3263 5635 3603 5707 splendorem
3644 5643 3719 5684 re-

2145 5716 2304 5780 cepiL
