3954 6306
281 340 349 410 35

1838 358 2014 414 VITA.

3473 379 3543 433 ει

280 452 590 537 ,ιρι-θρωπε..
624 483 805 525 socius
839 452 1013 524 vrator
1043 470 1246 525 audivit
1273 483 1459 524 vocem
1492 470 1629 534 cati,
1659 478 1712 522 et
1738 484 1853 522 co:-
1883 480 1922 534 Α
1952 473 2292 543 prorumpit:
2331 494 2347 526 ι
2386 474 2499 531 Heu
2534 478 2663 533 mibi
2708 481 2791 534 cui
2839 485 2948 540 ta'e
2984 486 3241 544 damnum
3296 504 3538 547 minatur

279 560 354 628 pit
411 561 597 614 mirari
645 572 700 615 et
739 562 1159 632 circumspicere
1198 562 1285 616 ubi
1331 570 1473 616 esset
1518 571 1672 615 catus
1707 562 1860 629 cujus

277 648 527 702 amliebat
567 665 782 717 vocem;
826 652 1042 706 tandem
1079 654 1315 709 advertit
1354 653 1672 724 magistrum
1719 651 1860 707 Lau-

278 739 521 793 t’rancutu
550 740 696 795 illum
730 751 850 811 post
880 751 937 798 se
964 744 1186 815 ligatum
1224 745 1401 810 ferre,
1428 755 1483 800 et
1514 745 1590 799 ait
1615 745 1720 799 illi:
1758 747 1861 799 Do-

278 831 443 894 tuine,
490 833 620 901 quid
653 837 873 903 portas?
910 836 1245 899 Respondit:
1278 837 1458 893 Mures
1490 848 1544 892 et
1573 839 1676 893 rati
1705 839 1858 894 valde

276 921 432 975 nobis
460 934 583 976 sunt
612 924 815 991 infesti,
852 937 906 981 et
939 928 1139 983 idcirco
1170 944 1315 983 nunc
1363 927 1531 983 affero
1572 941 1754 985 catum
1789 934 1855 987 ad

276 1013 743 1083 comprimendum
780 1016 1018 1072 furorem
1054 1020 1287 1074 illorum.
1329 1020 1469 1075 Ecce
1498 1022 1563 1075 ad
1597 1033 1854 1093 quautam

277 1104 632 1159 humilitatem
659 1115 840 1163 tantus
870 1110 954 1163 vir
979 1126 1075 1180 pro
1118 1112 1226 1165 Deo
1264 1126 1385 1165 sese
1413 1111 1733 1169 submittere
1764 1131 1856 1169 cu-

276 1196 452 1260 ravit;
496 1205 551 1250 et
601 1199 723 1267 quia
766 1199 994 1254 multum
1030 1215 1088 1255 se
1134 1202 1461 1270 humiliavit,
1507 1203 1648 1260 Deus
1698 1205 1850 1261 illunt

280 1287 517 1343 exaltare
548 1290 601 1343 in
632 1292 885 1360 praesenti
917 1308 1024 1347 non
1055 1294 1286 1351 distulit.

340 1378 390 1432 6.
438 1381 633 1435 Verum
669 1382 865 1439 fratres
906 1385 998 1455 qui
1030 1384 1143 1454 jam
1173 1389 1394 1444 adunati
1429 1399 1587 1445 erant
1620 1390 1672 1445 iu
1731 1390 1850 1462 ipso

266 1464 407 1533 loco,
454 1487 558 1526 non
597 1468 825 1530 multum
870 1475 1092 1531 litterati
1125 1492 1224 1534 nec
1263 1481 1553 1535 admodum
1585 1483 1849 1553 religione

264 1561 521 1618 iustructi
561 1564 924 1621 habebantur.
958 1567 1199 1624 Cernens
1230 1570 1570 1629 Laufrancus
1616 1572 1845 1630 fratrum

258 1651 534 1709 inertiam.
575 1672 785 1712 morum
823 1660 1168 1729 pravitatem,
1214 1663 1421 1720 ordinis
1461 1650 1848 1737 transgressio-

257 1759 410 1806 nem.
442 1757 706 1803 contuens
739 1750 949 1820 aliquos
977 1753 1141 1806 etiam
1169 1753 1272 1809 sibi
1303 1754 1572 1822 invidere,
1613 1758 1704 1828 qui
1743 1757 1841 1815 sibi

1964 561 2140 616 Deus!
2174 560 2261 618 Va:
2284 565 2414 619 mihi
2447 567 2537 635 qui
2571 583 2747 624 meum
2777 574 3060 631 consilium
3089 582 3329 649 perdidi,
3356 598 3535 639 meum

1940 649 2290 721 adiutorium
2337 658 2529 713 amisi!
2575 659 2843 718 Multoties
2884 681 2983 737 per
3018 658 3257 741 magnos
3304 679 3543 745 gemitus

1962 742 2129 799 Deum
2160 749 2365 818 rogavi,
2400 751 2691 833 uberrimis
2724 753 2978 827 lacrymis
3010 759 3204 817 divinae
3241 742 3537 835 suppliiavi
3622 835 3626 838 ἠ

1958 832 2013 906 4
2061 836 2468 905 misericordite,
2510 830 2779 898 ut‘talem
2828 847 2962 902 mihi
3010 849 3181 904 virum
3233 866 3542 923 praestaret,

1958 925 2112 995 cujus
2149 928 2382 983 consilio
2411 939 2467 986 et
2502 932 2704 989 auxilio
2734 933 2909 991 locum
2951 938 3112 993 istum
3154 945 3536 1012 emendarem,

1955 1026 2007 1073 et
2036 1033 2159 1086 qua:
2194 1020 2304 1074 Deo
2336 1033 2522 1077 essent
2553 1024 2748 1093 placita
2791 1031 3183 1087 monachorum
3229 1035 3413 1093 usibus
3453 1039 3539 1093 in-

1956 1118 2281 1168 staurarem.
2333 1113 2401 1167 Et
2447 1118 2685 1185 quando,
2734 1112 2908 1176 frater
2953 1122 3277 1188 Lanfrance,
3330 1128 3436 1184 huc
3487 1128 3543 1184 te

1955 1200 2099 1257 Deus
2145 1204 2398 1272 adduxit,
2450 1221 2639 1277 preces
2694 1212 3020 1270 humilitatis
3071 1231 3206 1272 meae
3255 1206 3542 1275 exauditas

1953 1296 2177 1352 credidi.
2206 1298 2318 1370 Ego
2340 1300 2392 1354 iu
2419 1311 2470 1357 te
2490 1318 2626 1359 onus
2651 1321 2828 1361 meum
2859 1310 3157 1367 transferre
3178 1314 3486 1380 cogitabam
3510 1333 3527 1383 ;

1953 1401 2055 1457 ego
2087 1398 2139 1443 te
2172 1391 2337 1445 totius
2364 1394 2545 1448 oneris
2566 1395 2671 1449 mei
2695 1398 2965 1452 sarcinam
3000 1414 3319 1470 supportare
3348 1419 3534 1473 sper..-

1951 1477 2095 1531 batu.
2138 1476 2289 1535 Nunc
2318 1491 2497 1537 autem
2529 1484 2713 1540 nescio
2746 1501 2852 1556 qua
2888 1489 2953 1541 de
2985 1503 3148 1544 causa
3196 1491 3321 1547 hinc
3363 1495 3537 1548 disce-

1949 1568 2098 1634 dere,
2155 1585 2242 1625 me
2292 1574 2501 1639 relicto,
2554 1566 2777 1648 satagis,
2826 1585 2884 1632 et
2931 1568 2998 1634 ad
3042 1580 3256 1636 deserta
3312 1599 3539 1654 pergere

1948 1661 2120 1729 cupis.
2174 1679 2193 1713 ι
2244 1662 2583 1722 Lanfraucus
2630 1669 2938 1740 intelligens
2989 1672 3321 1751 voluntatem
3373 1692 3534 1733 suam

1947 1749 2238 1819 detectam,
2269 1764 2325 1810 et
2358 1758 2694 1827 propositum
2725 1762 3044 1829 cordis‘sui,
3081 1765 3225 1834 quod
3255 1749 3533 1824 Occultunt

253 1838 571 1893 metuebant
604 1854 727 1894 eum
769 1819 1173 1912 praeﬁciendum
1210 1845 1359 1912 fore,
1396 1846 1682 1918 ignorabat
1711 1851 1823 1921 quit

1947 1844 2193 1911 putabat,
2248 1819 2527 1905 evidenter
2579 1853 2964 1922 propalatum,
3022 1819 3233 1913 abbatis
3298 1819 3528 1930 pedibus

224 1938 462 1994 ageret,
490 1946 596 2000 quo
629 1947 688 1987 se
715 1934 1057 1990 transferret.
1094 1936 1349 1994 Taedebat
1377 1954 1501 1994 eum
1543 1956 1841 1997 conversa-

249 2017 419 2074 tionis
450 2020 771 2089 iubonestze,
798 2026 1039 2082 inhiabat
1059 2030 1315 2085 ardenter
1342 2031 1409 2086 ad
1439 2032 1696 2088 solitariae
1720 2033 1840 2088 dul-

245 2110 496 2165 eediueut
528 2113 673 2168 vitae.
706 2115 967 2171 Simulata
999 2118 1163 2189 igitur
1189 2122 1451 2177 stomachi
1480 2122 1832 2191 inﬁrmitate,

252 2196 627 2257 Fulcrannum
670 2205 1011 2262 hortolanum
1050 2210 1256 2280 rogavit
1280 2212 1399 2266 utei
1415 2215 1655 2282 quotidie
1681 2214 1831 2269 affer-

220 2298 336 2344 ret
370 2291 583 2347 radices
606 2298 963 2363 quorumdam
994 2302 1355 2369 carduorum,
1387 2319 1524 2373 quas
1552 2306 1656 2361 sibi
1686 2322 1836 2362 asse-

246 2383 412 2437 rebat
450 2384 647 2442 aﬂ'erre
678 2387 959 2444 solutionis
1001 2392 1322 2447 remedium.
1371 2394 1484 2449 Hoc
1524 2404 1707 2451 autem
1757 2398 1827 2451 fa-

241 2471 430 2527 ciebat
479 2483 537 2527 ut
582 2490 780 2546 corpus
844 2493 1000 2534 suum
1046 2482 1413 2539 aSsuefat-eret
1473 2486 1563 2541 tali
1611 2487 1821 2551 edulio,

237 2562 393 2630 quali
425 2564 603 2618 vivere
629 2566 949 2636 disponebat
984 2570 1038 2624 in
1079 2587 1264 2628 eremo
1287 2574 1374 2644 (').
1408 2575 1541 2631 Cum
1572 2592 1702 2649 ergo
1719 2579 1831 2649 jam

241 2653 492 2707 animum
539 2665 593 2709 et
632 2672 829 2728 corpus
868 2673 1199 2730 praepararet
1223 2666 1290 2720 ad
1336 2666 1518 2737 fugam
1554 2680 1833 2726 nocturnae

237 2744 556 2813 elapsionis,
586 2747 786 2804 domno
828 2749 1086 2807 Herluin
1124 2754 1308 2810 abbati
1348 2757 1482 2812 nihil
1518 2760 1583 2813 de
1623 2760 1725 2815 hac
1771 2778 1830 2816 re

234 2832 560 2904 suspicanti,
588 2839 714 2894 dum
744 2841 796 2895 in
828 2840 968 2898 lecto
995 2842 1335 2915 quiesceret,
1369 2852 1599 2921 egregize
1633 2853 1829 2908 indolis

235 2923 397 2995 Hugo
422 2943 574 2995 puer,
611 2931 701 3001 qui
739 2928 1052 3003 nuperrime
1078 2938 1313 3005 obierat,
1341 2940 1393 2995 iu
1419 2953 1569 2998 veste
1595 2945 1825 3001 candida

233 3020 493 3088 apparuit
524 3015 690 3088 (filius
720 3024 951 3081 Baldrici
976 3028 1042 3083 de
1070 3027 1439 3099 Sauvarvilla,
1478 3050 1646 3105 nepos
1677 3037 1827 3106 ejus-

233 3111 364 3165 dem
392 3113 646 3185 abbatis).
679 3116 840 3183 Cujus
870 3130 1097 3193 aspectu,
1124 3122 1178 3177 in
1202 3123 1349 3179 nullo
1379 3128 1646 3192 turbatus,
1675 3146 1825 3185 ama-

234 3203 426 3257 biliter
453 3204 532 3259 sic
568 3222 689 3261 eum
720 3210 887 3264 abbas
914 3210 1109 3266 aﬂ’atur
1140 3230 1153 3267 :
1185 3232 1204 3264 ‹
1245 3215 1384 3282 Quid
1419 3230 1519 3281 est,
1555 3218 1661 3275 lilt?
1687 3222 1821 3290 Quo-

236 3293 406 3346 modo
431 3303 481 3347 te
511 3294 714 3351 habes?
740 3315 764 3351 ι
794 3297 857 3353 Ει
884 3315 1018 3369 puer
1046 3303 1341 3361 alacriter:
1377 3325 1396 3359 ι
1423 3307 1532 3379 Ego
1562 3325 1681 3377 me,
1713 3315 1820 3379 ait,

233 3384 382 3439 bone
421 3385 601 3455 Pater,
648 3390 786 3446 bene
834 3392 1037 3457 habeo,
1080 3397 1204 3465 quia
1247 3413 1345 3468 per
1384 3398 1476 3454 Dei
1512 3404 1823 3461 miscricor-

233 3476 408 3543 diam,
454 3487 511 3534 ct
562 3490 707 3557 tuam
758 3483 1235 3553 intercessionem,
1286 3489 1552 3548 liberatus
1595 3512 1713 3552 sum
1752 3500 1820 3556 ab

233 3570 385 3622 omni
420 3578 707 3627 tormento.
742 3573 849 3631 Sed
884 3576 1027 3633 Deus
1057 3580 1203 3635 misit
1226 3596 1312 3637 me
1338 3588 1406 3638 ad
1438 3593 1489 3640 te
1509 3627 1521 3651 ,
1557 3598 1615 3643 ttt
1640 3589 1817 3648 dicant

236 3662 333 3715 tibi
362 3663 508 3730 quia,
544 3664 588 3718 si
632 3666 725 3720 tibi
766 3682 871 3721 non
913 3672 1293 3740 prospexeris,
1326 3676 1645 3745 magistrum
1676 3679 1819 3736 Lan-

232 3751 482 3807 fraucum
508 3757 573 3809 ad
598 3758 900 3825 proximum
932 3777 1036 3815 non
1064 3758 1342 3820 habebis.)
1376 3766 1556 3825 Abbas
1578 3772 1816 3828 admira-

235 3853 319 3897 tus
349 3861 365 3897 :
403 3846 732 3914 «Quomodo,
761 3850 954 3921 inquit,
988 3853 1096 3909 illi?
1125 3875 1145 3909 ›
1173 3855 1313 3912 Puer
1341 3861 1407 3915 ad
1438 3860 1553 3917 haec
1578 3882 1591 3917 :
1626 3883 1644 3915 t
1682 3866 1816 3934 Quia

234 3936 536 3994 solitariam
570 3943 735 3997 vitam
766 3944 1068 4013 desiderat,
1094 3957 1149 4002 et
1179 3950 1244 4003 de
1277 3957 1608 4010 monasterio
1631 3962 1814 4029 egredi

234 4027 533 4097 deliberat,
565 4036 816 4101 quoniam
854 4053 1030 4095 mores
1062 4041 1292 4098 fratrum
1324 4057 1379 4101 et
1407 4049 1528 4113 lvita
1568 4027 1687 4108 sibi
1708 4072 1814 4112 non

218 4121 470 4189 ‘placent.
500 4123 632 4182 Vide
659 4133 943 4219 ergohquid
965 4131 1154 4203 iacias,
1185 4128 1311 4207 Quia
1340 4142 1433 4196 tibi
1466 4160 1569 4199 non
1597 4150 1816 4219 expedit

234 4218 291 4264 ut
347 4218 398 4265 te
440 4213 673 4270 deserat.
726 4236 743 4270 ι
779 4216 872 4274 His
900 4221 1074 4279 dictis
1115 4241 1250 4295 puer
1298 4229 1578 4299 disparuit.
1629 4213 1813 4296 A'bbas

235 4303 498 4359 attonitus
539 4305 592 4359 in
631 4307 716 4363 his
744 4325 864 4379 qua:
910 4310 1176 4380 audierat,
1222 4318 1488 4389 reliquum
1532 4328 1709 4381 noctis
1759 4330 1811 4385 in

229 4392 431 4465 vigiliis
456 4406 511 4452 et
535 4400 872 4456 orationibus
907 4403 1152 4485 insomne
1183 4400 1411 4481 peregit.
1454 4414 1677 4472 Summo
1715 4436 1812 4473 att—

233 4493 340 4540 tem
372 4501 549 4555 mane,
578 4488 670 4561 (¹⁰)
698 4507 822 4547 mox
856 4493 968 4565 (ll)
1003 4506 1062 4552 ut
1084 4499 1219 4554 hora
1256 4503 1506 4571 loquendi
1543 4521 1601 4561 se
1628 4508 1804 4577 dedit,
1838 4496 1888 4557 υ

233 4575 594 4636 Laufrancum
647 4584 921 4651 adscivit,
979 4603 1162 4645 secum
1202 4588 1566 4664 ’singulariter
1624 4575 1814 4657 sedere

233 4666 391 4736 fecit;
442 4687 537 4726 cor
580 4674 793 4730 abbatis
843 4675 1033 4733 intimo
1081 4680 1265 4736 dolore
1312 4689 1645 4755 concutitur,
1704 4708 1807 4748 vox

234 4757 375 4813 intra
423 4765 606 4818 tauces
641 4766 929 4834 premitur,
970 4767 1227 4843 lacrymae
1269 4787 1617 4846 erumpentes
1661 4781 1812 4838 dolo-

235 4863 347 4903 rem
374 4852 552 4907 cordis
576 4857 845 4924 aperiunt.
877 4855 1212 4921 Laufrancus
1244 4863 1346 4919 hoc
1374 4868 1563 4925 videns
1604 4871 1659 4926 in
1701 4882 1813 4929 ter-

235 4953 345 4995 ram
375 4947 762 5013 prosternitur;
793 4964 894 5003 cur
932 4952 1103 5007 abbas
1132 4955 1213 5009 sic
1252 4957 1433 5025 plorat
1469 4964 1666 5029 aperiri
1706 4967 1807 5023 sibi

232 5034 540 5102 suppliciter
568 5049 842 5107 precatur.
889 5041 1129 5098 Taudeut
1178 5046 1347 5103 abbas
1386 5050 1440 5104 in
1491 5052 1604 5108 haec
1646 5072 1806 5115 verba

301 5188 409 5268 (ll)
448 5188 579 5245 Post
608 5192 836 5274 primum
887 5197 1094 5278 scilicet
1131 5208 1185 5253 et
1232 5218 1421 5278 preces
1475 5206 1527 5261 in
1570 5211 1806 5278 capitulo

234 5260 485 5347 recitalas
508 5300 522 5323 ,
560 5260 685 5316 ante
714 5266 857 5347 enim
901 5266 1040 5347 istud
1072 5260 1278 5341 temptis
1310 5260 1803 5347 silentium

235 5325 285 5412 in
332 5329 528 5398 regulae
566 5347 686 5412 cap.
730 5332 801 5386 42
827 5337 1083 5412 strictius
1122 5325 1550 5412 ip'rrcscribitur,
1593 5325 1803 5407 subverti

234 5396 429 5481 absque
455 5404 606 5481 gravi
631 5396 954 5481 necessitate
984 5424 1087 5464 non
1119 5396 1243 5466 licet
1319 5474 1325 5481 _

325 5469 411 5533 l2)
454 5471 599 5558 lla't‘tc
636 5474 917 5558 epistolam
964 5493 1029 5532 ex
1081 5474 1475 5558 ms._Bec'_ceAnsi
1515 5487 1802 5558 vulgarunt

232 5531 497 5617 Iohannes
524 5531 804 5617 Picardus,
834 5555 891 5617 et
917 5531 1333 5606 noster—Gabriel
1365 5531 1795 5617 Getberoitusuiii

235 5606 488 5688 {totisad
543 5606 820 5688 epistolam
849 5616 929 5688 ﬁt
977 5618 1081 5688 lib.
1132 5636 1168 5676 Il
1219 5606 1796 5688 ιιρθιῗᾸιῖἐέιῖιῖἶΪᾸζὶ

234 5672 554 5768 King-lutum
577 5672 815 5768 scripsit
847 5672 1192 5768 Lauf‘raticus
1213 5672 1535 5762 epistolam:
1565 5672 1685 5768 quia

234 5744 298 5799 £8
323 5748 571 5806 editionis
605 5744 939 5813 Aclt'eriauaz.
973 5761 1117 5815 Ubiit
1146 5744 1535 5822 cirt‘d'at'nitiiit'

1944 1934 2087 1990 illico
2115 1938 2454 2003 advolvitur,
2482 1950 2536 1996 et
2570 1944 2933 2011 qualiter‘sibi
2970 1947 3336 2005 iunotuisseut
3368 1952 3525 2020 talia,

1942 2027 2218 2085 humiliter
2254 2034 2591 2089 sciscitatur.
2634 2035 2787 2091 Tunc
2836 2039 2887 2093 ei
2937 2039 3106 2096 abbas
3153 2042 3348 2098 blanda
3392 2061 3529 2101 voce

1940 2118 2201 2175 visionem
2232 2123 2469 2191 aperuit,
2495 2132 2551 2179 et
2579 2125 2708 2194 quid
2738 2126 2841 2182 sibi
2873 2128 3133 2185 divinitus
3164 2146 3261 2202 per
3289 2149 3521 2204 puerum

1940 2211 2236 2266 revelatum
2277 2214 2370 2276 sit,
2412 2215 2553 2270 sicut
2588 2218 2837 2287 superius
2869 2223 3199 2288 retexituus,
3242 2241 3329 2294 pet
3376 2228 3526 2281 ordi-

1939 2312 2061 2352 uem
2085 2301 2398 2369 explicavit.
2432 2301 2770 2360 Lanfraucus
2811 2308 3117 2365 mirabilius
3159 2313 3305 2367 dictu
3335 2316 3525 2369 obstu-

1937 2388 2206 2455 pefactus,
2250 2399 2306 2444 et
2332 2391 2427 2446 Dei
2456 2395 2688 2463 gratiam
2730 2396 2783 2449 in
2815 2397 3011 2452 abbate
3048 2401 3401 2459 vehementer
3428 2407 3522 2457 ad-

1936 2476 2188 2543 miratus,
2231 2478 2378 2533 humi
2425 2491 2762 2550 prostratus,
2793 2500 2894 2556 per
2928 2488 3326 2547 confessionem
3372 2493 3523 2552 Patri

1926 2566 2188 2633 protinus
2237 2568 2501 2640 quidquid
2558 2571 2614 2626 in
2666 2574 2943 2631 voluntate
3007 2579 3302 2648 habuerat,
3352 2586 3522 2640 cordo

1933 2666 2290 2724 compunctus
2315 2661 2599 2730 exposuit,
2632 2667 3057 2741 ptenitcntiaque
3088 2683 3311 2743 accepta
3337 2685 3387 2729 et
3422 2677 3521 2731 ab-

1930 2746 2201 2804 solutione
2224 2749 2533 2820 impetrata,
2564 2757 2854 2825 spopondit
2881 2772 2941 2813 se
2981 2775 3256 2831 nunquam
3300 2764 3367 2819 ab
3404 2766 3520 2836 ipo

1929 2838 2327 2906 discessurum,
2354 2841 2580 2914 ejusque
2606 2850 2888 2919 praeceptis
2910 2864 3007 2919 per
3027 2846 3212 2907 omnia
3234 2853 3520 2928 obtempe-

1920 2937 2198 2983 raturum.
2227 2931 2409 2989 Abbas
2464 2935 2711 3006 ingentes
2753 2941 3111 3009 omnipotenti
3159 2942 3271 3001 Deo
3314 2951 3521 3015 gratias

1918 3021 2195 3088 “referens,
2224 3024 2586 3105 quamcilius
2626 3032 2834 3098 potuit,
2870 3031 3237 3092 Lanfrancunt
3278 3042 3514 3109 priorem

1927 3116 2234 3172 constituit.
2274 3126 2331 3171 et
2375 3121 2638 3189 quidquid
2680 3123 2867 3178 tlitiont
2913 3131 3228 3184 monasterii
3271 3134 3515 3203 subiace-

1916 3194 2042 3269 bat,
2077 3206 2306 3264 interius
2327 3217 2381 3264 et
2406 3213 2645 3268 exterius
2681 3213 2848 3284 ipsius
2871 3233 3014 3272 curae
3043 3224 3329 3276 commisit.
3360 3225 3509 3291 Quos

1927 3293 2002 3348 ita
2033 3298 2316 3352 unanimes
2348 3301 2539 3355 tribuit
2576 3317 2696 3358 esse
2735 3305 2915 3360 divina
2945 3312 3243 3377 protectio,
3278 3322 3336 3367 ut
3364 3314 3510 3371 nulla

1923 3399 2162 3454 unquam
2196 3389 2338 3443 inter
2366 3405 2461 3445 eos
2501 3401 2621 3447 orta
2666 3393 2826 3449 fuerit
2867 3397 3227 3457 dissensionis
3268 3408 3507 3463 occasio.

1925 3474 2077 3531 Hauc
2106 3478 2367 3534 visionem
2389 3481 2725 3540 Lanfrancus
2746 3502 2846 3542 nec
2868 3491 3051 3544 vofeus
3070 3493 3379 3564 propalare,
3412 3515 3511 3555 nec

1923 3568 2146 3625 omnino
2189 3571 2465 3628 occultare
2518 3576 2611 3647 (“)
2642 3577 2901 3633 iudicavit
2944 3581 3089 3637 illam
3135 3590 3349 3644 cuidam
3395 3606 3512 3648 mo.-

1922 3662 2119 3727 nacbo,
2145 3662 2367 3719 nomine
2389 3663 2679 3734 Willetmo,
2706 3685 2866 3739 quem
2895 3672 3009 3741 ipse
3036 3689 3064 3728 a
3103 3691 3270 3746 puero
3301 3684 3507 3739 nutrie-

1923 3760 2009 3806 rat
2037 3762 2094 3807 et
2135 3755 2413 3823 docuerat,
2456 3758 2856 3833 plurimumque
2899 3769 3151 3835 amabat,
3180 3776 3505 3846 praecipiens

1920 3859 1990 3898 ne
2010 3847 2095 3901 cui
2119 3848 2345 3912 diceret,
2369 3852 2602 3919 quandiu
2630 3854 2742 3923 ipse
2769 3854 2822 3909 iu
2849 3871 3076 3928 corpore
3097 3862 3322 3922 viveret.
3355 3870 3502 3935 Quod

1921 3935 2011 3991 ille
2054 3940 2293 3993 servavit
2344 3956 2512 4010 usque
2554 3944 2621 3997 ad
2673 3945 2919 4002 ultimam
2966 3960 3324 4013 senectutem.
3375 3958 3504 4017 Post

1918 4037 2147 4082 mortem
2177 4044 2306 4085 vero
2334 4030 2643 4099 Lanfranci,
2667 4051 2789 4090 cum
2809 4035 2923 4106 jam
2952 4041 3097 4097 nulla
3133 4048 3500 4113 prohibitione

1917 4128 2221 4188 urgeretur,
2249 4122 2467 4192 scripsit
2495 4139 2608 4179 rem
2641 4128 2783 4181 sicut
2820 4129 3097 4199 audierat,
3125 4143 3178 4189 et
3211 4138 3392 4194 abbati
3432 4157 3498 4196 ac

1912 4211 2201 4267 monachis
2227 4211 2385 4268 Becci
2409 4215 2668 4283 scriptam
2697 4217 2811 4289 (12)
2832 4259 2845 4280 ,
2880 4229 3040 4287 prout
3077 4238 3238 4294 supra
3272 4224 3505 4298 digessi.

1915 4318 2059 4369 mus,
2089 4305 2305 4360 direxit.
2350 4305 2472 4361 Fuit
2528 4308 2668 4363 idem
2713 4309 3019 4369 Willelmtts
3065 4315 3237 4397 abbas.
3277 4308 3501 4378 Coruteé

1916 4394 2105 4449 liensis
2134 4397 2390 4451 cteuobii.

2529 4491 2757 4550 CAPUT
2796 4495 2878 4549 lli.

1985 4584 2036 4638 7.
2079 4583 2160 4638 Ad
2191 4582 2619 4640 administranda
2647 4602 2861 4658 quoque
2906 4591 3071 4647 totius
3111 4597 3301 4664 patria:
3334 4617 3498 4672 uego-

1917 4674 1989 4729 lia
2017 4676 2106 4745 (ι’)
2135 4690 2378 4730 summus
2412 4676 2481 4731 ab
2525 4676 2639 4746 ipso
2669 4678 3123 4739 Nortmannorum
3167 4689 3302 4743 duce
3346 4688 3495 4747 Vvilé

1914 4766 2073 4821 lelmo
2098 4768 2441 4823 consiliarius
2468 4772 2779 4825 assumitur.
2834 4772 2999 4846 Cujus
3051 4781 3239 4849 gratiae
3267 4784 3492 4841 nimiam

1912 4860 2397 4930 perturbationem,
2424 4876 2544 4931 quae
2585 4873 2805 4932 repente
2837 4867 3012 4934 irruit,
3041 4868 3318 4943 insperato
3350 4876 3493 4934 Deus

1909 4965 2107 5005 sereno
2129 4949 2443 5006 laztitlcavit.
2476 4944 2847 5020 Quorumdam
2876 4958 3020 5012 enim
3049 4964 3490 5023 accusationibus

1910 5042 2209 5097 delatorum
2259 5041 2367 5097 dux
2418 5043 2473 5098 in
2527 5058 2651 5099 eum
2706 5046 3061 5105 vehementer
3114 5056 3488 5125 amaricatus,

1882 5215 2163 5285 ,Ordetico
2198 5217 2391 5291 Vitali,
2436 5218 2526 5272 lib.
2558 5235 2617 5283 u,
2650 5220 2740 5291 qui
2772 5237 2892 5277 eum
2926 5223 3067 5278 inter
3095 5224 3241 5281 viros
3275 5230 3480 5283 sancti-

1910 5298 2017 5341 tate
2043 5300 2095 5340 et
2126 5290 2371 5343 doctrina
2408 5292 2706 5371 praecipuos
2744 5305 3017 5371 recenset,
3045 5296 3122 5347 sic
3144 5298 3287 5371 enim
3313 5300 3486 5371 loqui-

1906 5365 2026 5410 tur:
2054 5357 2117 5410 In
2141 5359 2232 5412 illo
2258 5373 2486 5426 tempore
2516 5362 2864 5429 migrureruut
2905 5363 3079 5429 plures
3123 5357 3397 5425 suurlilate
3436 5384 3485 5427 et

1902 5428 2155 5495 sapientia
2203 5430 2455 5497 prwcirui
2498 5433 2733 5484 doctores
2782 5428 3160 5496 Ecci'esiurum,
3204 5437 3487 5495 Auselmua

1901 5499 2093 5551 ariliret
2121 5500 2537 5568 archiepiswpus
2577 5500 3003 5555 Cantuariorum.
3050 5502 3359 5563 Cuillclmus
3393 5530 3483 5564 ar-

1902 5569 2251 5635 chiepiscopus
2288 5569 3261 5647 fiat/rotuugeusiutn,5.renerabilesque
3307 5597 3481 5635 aeuti-

1901 5638 2101 5690 biorum
2131 5639 2559 5712 rectoresuflugo
2590 5640 2747 5712 abbas
2779 5638 3477 5712 Cluniacensi}{Gervasitts

1906 5706 2259 5763 filiedouensis
2289 5720 2334 5762 ct
2364 5706 2676 5763 (indicimus
2709 5708 3099 5771 Cortucliensir.
