4034 6290
456 322 525 374 53
1471 308 1526 364 B.
1572 306 1967 367 LANFRANCI
2003 302 2355 363 CANTUAR.
2397 301 2713 360 ARCHIEP.
3660 303 3731 360 56

458 437 682 491 mamlat
721 442 779 487 ut
823 438 1152 487 monasterio
1178 425 1534 492 exturbetur‘,
1582 426 1755 496 patria
1801 423 2043 480 discedat
2067 430 2119 492 Α
2146 435 2289 476 mam
2322 420 2552 490 petierat
2588 416 2680 488 (¹¹⁵)
2707 429 2871 472 causa
2921 412 3201 484 cujusdam
3243 412 3453 496 clerici,
3509 416 3733 473 nomine

455 524 813 597 Lanfrancus.
842 522 952 589 Nec
981 534 1160 578 motus
1189 519 1356 577 animi
1384 519 1467 575 sui
1497 519 1600 573 hac
1623 518 1820 572 indicta
1842 515 2036 571 sedare

424 674 429 679 ,
457 619 669 682 valens,
704 617 987 671 mandavit
1000 616 1139 686 juris
1168 612 1483 671 monasterii
1503 611 1685 667 villam
1708 651 1723 676 ,
1761 625 1881 678 quae
1904 610 2036 663 Par-

454 726 551 781 cus
572 710 788 774 dicitur,
818 709 1048 764 ﬂammis
1077 707 1277 762 excidi.
1307 705 1534 759 Paretur
1557 714 1666 758 tam
1700 701 1877 758 effera:
1916 703 2034 769 jus-

454 800 617 854 sioni.
663 799 740 854 Eo
769 799 1110 861 discedente,
1141 797 1233 866 qui
1281 809 1442 850 omne
1471 794 1725 862 gaudium
1773 790 2037 845 fratribus

430 901 569 959 erat
593 900 646 945 et
670 877 989 954 censolatio,
1021 887 1175 944 dolor
1196 888 1336 942 altus
1369 894 1634 942 remanet.
1684 884 1821 950 Quia
1846 880 2039 938 melior

458 997 563 1035 non
599 980 921 1045 habebatur,
951 982 1116 1049 tripes
1141 993 1314 1049 equus
1341 986 1537 1048 quarto
1568 976 1704 1045 pede
1725 974 1930 1037 inutili,
1962 972 2037 1028 illi

457 1072 731 1133 tribuitur,
777 1080 833 1126 et
881 1087 1020 1125 unus
1049 1069 1303 1124 famulus.
1354 1068 1563 1122 Instant
1612 1066 1794 1135 itaque
1841 1063 2039 1120 fratres

455 1166 710 1230 orationi,
753 1164 907 1233 juxta
965 1164 1117 1219 illud,
1147 1161 1395 1218 Jeremize
1427 1179 1441 1216 :
1477 1157 1865 1215 Prmstolantes
1913 1173 2036 1213 cum

456 1256 673 1311 silentio
719 1255 958 1311 salutare
996 1254 1209 1309 Domini
1249 1253 1469 1324 (Thren.
1499 1267 1584 1316 ut,
1612 1251 1731 1322 26).
1782 1250 2039 1306 Protinus

439 1332 559 1418 qua
596 1348 685 1402 ille
714 1347 1025 1402 discedebat
1050 1346 1177 1400 duci
1216 1344 1408 1400 obvius
1457 1344 1697 1398 venienti
1744 1343 2040 1413 appr0pin-

458 1454 648 1506 quans,
680 1454 820 1507 equo
854 1452 950 1507 per
978 1436 1219 1504 singulos
1269 1450 1460 1505 passus
1506 1443 1669 1504 caput
1720 1434 1789 1488 ad
1837 1442 2040 1489 terram

456 1527 805 1583 submitteute
827 1568 841 1590 ,
874 1527 1152 1581 dominum
1180 1525 1407 1591 salutat;
1453 1525 1779 1580 innocentia:
1819 1525 2040 1594 quidem

456 1619 732 1681 conscius,
761 1617 805 1672 si
850 1616 1000 1672 locus
1042 1614 1257 1671 dicendi
1311 1617 1552 1681 daretur,
1611 1631 1715 1670 non
1770 1614 2044 1670 diﬁidebat

456 1721 665 1769 causae.
685 1705 797 1759 Dux
830 1705 1007 1775 primo
1035 1705 1241 1759 vultum
1268 1706 1484 1768 avertit,
1519 1704 1613 1759 sed
1644 1704 1824 1760 divina
1847 1714 2043 1775 agente

2138 512 2473 582 Berengarii,
2503 511 2596 579 qui
2625 509 2693 563 de
2713 516 3055 564 sacramento
3083 506 3272 560 altaris
3312 494 3472 561 aliter
3500 506 3726 574 dogma-

2140 604 2343 659 tizabat
2392 618 2557 672 quam
2587 600 2830 655 Ecclesia
2887 607 3051 653 tenet.
3084 598 3134 668 5
3176 598 3266 669 (¹⁸)
3300 598 3525 653 Dicebat
3579 598 3727 667 enim

2138 707 2331 763 panem
2358 701 2410 746 et
2440 692 2622 745 vinmn
2648 696 2769 758 post
2802 688 3293 749 consecrationem,
3322 698 3727 742 sacramentum

2140 792 2369 843 tantum,
2402 796 2509 836 non
2552 790 2735 835 autem
2778 794 2901 835 esse
2948 768 3138 832 verum
3169 777 3375 849 Christi
3425 791 3625 846 corpus
3672 786 3723 832 et

2137 872 2475 944 sanguinem.
2504 871 2611 926 Iste
2651 870 2882 925 clericus
2924 867 3228 923 Lanfrauco
3269 869 3425 939 quasi
3474 867 3727 922 familiari

2139 980 2239 1020 suo
2274 965 2363 1034 (ίθ)
2411 963 2623 1017 litteras
2649 961 2761 1032 (14)
2790 961 3012 1016 miserat
3040 976 3229 1015 errore
3267 961 3384 1031 ipso
3414 975 3725 1030 respersas;

2138 1069 2235 1109 eas
2259 1054 2349 1123 qui
2392 1052 2638 1124 legerunt
2686 1051 3051 1106 Lanfrancum
3085 1050 3208 1104 talia
3259 1052 3465 1106 sentire
3511 1050 3723 1120 opinati

2139 1154 2284 1210 sunt,
2315 1154 2369 1200 et
2399 1144 2605 1201 socium
2633 1143 2839 1197 erroris
2875 1140 3313 1196 diﬁ‘amavcrunt.
3347 1142 3419 1196 At
3443 1151 3559 1196 tum
3590 1140 3731 1196 forte

2140 1238 2475 1294 Lanfrancus
2509 1238 2578 1292 ad
2627 1236 2830 1307 Urbem
2880 1234 3154 1305 profectus
3189 1245 3336 1302 erat,
3377 1236 3733 1306 pontiﬁcante

2143 1341 2271 1386 tunc
2294 1331 2478 1386 sedem
2501 1330 2644 1385 beati
2669 1329 2815 1383 Petri
2844 1328 3027 1384 Leone
3048 1328 3160 1400 (15)
3183 1338 3378 1384 octavo
3403 1329 3732 1400 (").Amici,
3808 1315 3825 1333 ³

2142 1424 2232 1493 qui
2262 1422 2541 1478 infamiam
2564 1423 2665 1478 sibi
2693 1420 2979 1477 conﬂatam
3004 1422 3320 1487 audierunt,
3348 1421 3559 1476 litteras
3587 1423 3736 1491 ipsas

2143 1524 2263 1584 post
2296 1530 2420 1570 eum
2452 1522 2718 1569 miserunt
2751 1513 3008 1579 Romam;
3039 1514 3222 1583 ibique
3268 1512 3637 1583 suspicionem
3668 1513 3737 1570 de

2143 1605 2450 1660 Lanfranco
2496 1606 2824 1676 quibusdam
2872 1616 3221 1675 pepererunt.
3276 1606 3421 1675 Papa
3463 1605 3739 1678 Bereuga-

2147 1697 2287 1751 rium
2322 1696 2388 1751 ad
2437 1696 2578 1751 diem
2607 1696 2839 1750 vocavit.
2894 1694 3093 1749 Verum
3140 1694 3228 1748 ille
3278 1697 3473 1751 timens
3521 1697 3736 1763 venire,

457 1794 764 1859 clementia,
792 1774 917 1849 mox
940 1796 1251 1850 miserando
1276 1796 1534 1865 respexit,
1558 1803 1613 1849 et
1648 1804 1780 1849 nutu
1810 1774 2043 1850 benevo-

2149 1784 2388 1851 distulit;
2426 1787 2522 1841 sed
2551 1785 2892 1855 rcsponsales
2913 1799 3010 1853 pro
3037 1800 3096 1840 se
3124 1783 3260 1839 duos
3290 1784 3520 1840 clericos
3560 1784 3734 1851 misit,

459 1884 641 1939 lentiae
665 1884 870 1939 aditum
894 1885 1147 1955 loquendi
1173 1886 1444 1941 concedit.
1496 1885 1646 1941 Tunc
1697 1884 2042 1941 Lanfrancus

457 1975 667 2031 decenti
693 1976 818 2046 joco
864 1978 983 2031 ait:
1017 1975 1133 2033 Tuo
1173 1977 1328 2046 jussu
1372 1979 1653 2048 provincia
1687 1988 1777 2034 tua
1822 1980 2044 2036 discedo

456 2069 640 2138 pedes,
690 2069 793 2123 hoc
845 2069 1021 2124 inutili
1070 2080 1367 2141 occupatus
1417 2071 1796 2141 quadrupede;
1855 2072 1941 2126 vel
1986 2081 2045 2127 ut

450 2154 678 2222 jussioni
707 2164 810 2211 tum
829 2172 1022 2228 parere
1042 2173 1258 2228 queam,
1282 2159 1347 2214 da
1371 2160 1501 2214 mihi
1518 2176 1717 2229 equmn
1742 2161 2040 2217 meliorem.

458 2247 554 2303 Cui
584 2247 691 2302 dux
720 2248 1053 2304 subridendo
1077 2267 1089 2303 :
1114 2248 1266 2316 Quis,
1285 2250 1481 2319 inquit,
1515 2251 1583 2305 ab
1610 2250 1817 2306 oll‘enso
1837 2252 2041 2321 judice,

457 2335 657 2391 infecto
709 2337 845 2392 illati
892 2338 1136 2393 criminis
1181 2342 1439 2409 negotio,
1487 2355 1713 2394 munera
1762 2342 2044 2409 exposcit?

458 2426 701 2505 Tandem
750 2428 1144 2499 disertissimus
1171 2440 1359 2484 orator
1404 2431 1564 2499 petiit
1594 2431 1962 2496 audientiam,
1991 2440 2047 2486 et

460 2517 567 2572 Deo
602 2517 702 2572 sibi
728 2532 885 2584 opem
917 2518 1368 2576 subministrante
1399 2536 1617 2576 causam
1645 2536 1897 2589 exorsus,
1923 2522 2045 2578 bre-

457 2610 509 2663 vi
536 2611 600 2664 ad
624 2619 866 2679 optatum
901 2610 1061 2666 linem
1090 2613 1384 2681 peroravit.
1418 2611 1475 2666 In
1509 2612 1900 2683 amplissimam
1929 2628 2047 2682 gra-

458 2699 585 2752 tiam
620 2699 762 2755 illico
794 2709 1065 2770 receptus,
1093 2701 1293 2770 accipit
1341 2701 1669 2771 promissum
1718 2702 1861 2770 quod
1901 2702 2045 2761 nulla

462 2791 713 2862 deinceps
745 2792 1097 2847 accusatione
1119 2780 1326 2848 subiret
1347 2792 1609 2863 purgandi
1644 2793 2041 2864 praejudicium.

458 2880 768 2936 Cratissimi
792 2897 916 2957 mox
942 2884 1241 2938 succedunt
1265 2883 1548 2955 amplexus
1571 2885 1849 2940 etoscula.
1877 2884 2045 2940 Multo

456 2974 622 3027 etiam
654 2989 777 3028 cum
833 2986 1122 3045 augmento
1153 2974 1487 3031 restituenda
1514 2977 1901 3053 promittuntur
1925 2992 2046 3047 quae

456 3063 563 3118 dux
613 3064 923 3134 nuperrime
951 3066 1218 3121 devastari
1243 3065 1503 3135 jusserat.
1552 3068 1887 3123 Alacerrime
1920 3071 2042 3138 qui-

456 3154 582 3208 dant
640 3170 981 3223 praecurrens
1036 3158 1253 3211 nuntiat
1310 3155 1574 3213 fratribus
1635 3158 1783 3212 illum
1843 3161 2039 3215 redire.

457 3244 877 3300 Cummutantur
921 3245 1195 3317 lacrynue,
1242 3256 1502 3316 personat
1544 3264 1652 3305 non
1707 3249 1899 3314 semel,
1953 3248 2048 3305 sed

459 3350 560 3403 per
589 3343 759 3391 totum
785 3336 924 3392 diem
962 3334 1162 3407 ubique
1192 3334 1358 3391 corde
1386 3345 1441 3391 et
1466 3350 1564 3391 ore
1591 3353 1622 3391 a
1654 3337 1863 3393 cunctis
1901 3338 2047 3408 pium

461 3423 533 3479 Te
562 3424 729 3480 Deum
751 3425 1052 3481 laudamus.
1101 3426 1283 3482 Abbas
1314 3426 1604 3495 inopinate
1640 3428 1717 3482 rei
1749 3427 1909 3485 ﬁdem
1955 3427 2050 3482 ad-

452 3514 649 3595 hibere
673 3532 778 3571 non
801 3525 1017 3586 poterat
1038 3525 1258 3587 propter
1279 3515 1553 3571 feritatem
1573 3532 1735 3587 quam
1753 3518 1807 3573 in
1829 3517 2049 3574 domino

459 3609 686 3671 sciebat,
740 3609 914 3664 donec
966 3608 1304 3664 desideratus
1357 3609 1595 3664 advenit.
1659 3611 2049 3675 Aecumulatur

457 3699 737 3769 gaudium,
786 3698 914 3768 quia
968 3699 1315 3755 incensorqu
1371 3700 1433 3754 ﬁt
1483 3700 1697 3773 integra
1740 3704 2045 3771 restitutio;

458 3778 727 3863 terrarum
772 3805 987 3861 quoque
1029 3791 1202 3846 eidem
1252 3791 1499 3847 ecclesiae
1536 3808 1925 3849 concessarum
1980 3797 2049 3850 ab

459 3881 647 3936 eodem
676 3881 895 3936 domino
929 3868 1199 3938 Obtinetur
1218 3885 1583 3941 conﬁrmatio.

529 3970 585 4032 8.
623 3970 714 4042 (¹³)
742 3972 911 4043 Hujus
935 3982 1045 4028 tam
1077 3976 1390 4044 improvida:
1408 3974 1670 4045 jussionis
1689 3993 1909 4034 causam
1934 3979 2047 4050 (l3)

457 4065 631 4129 aiunt,
669 4066 814 4137 quod
847 4067 989 4123 idem
1037 4066 1371 4125 Lanfrancus
1401 4070 1811 4126 contradicebat
1845 4071 2047 4141 nuptiis

465 4158 592 4227 ﬁlia:
646 4158 865 4214 comitis
900 4159 1202 4227 Flandriae,
1272 4176 1434 4231 quam
1490 4161 1604 4231 ipse
1658 4161 1759 4215 sibi
1813 4164 1921 4218 dux
1964 4178 2049 4217 co-

460 4249 742 4320 pulaverat
788 4250 843 4305 in
872 4250 1249 4316 matrimonio,
1278 4250 1406 4320 quia
1433 4252 1681 4321 proxima
1710 4253 1893 4306 carnis
1915 4267 2048 4308 con-

462 4342 833 4412 sanguinitate
856 4341 1208 4413 jungebatur.
1264 4340 1419 4398 Unde
1456 4341 1784 4397 auctoritate
1813 4341 2047 4398 Romani

2145 1877 2235 1947 qui
2265 1886 2392 1932 ante
2422 1892 2615 1946 papam
2644 1877 2943 1937 venientes,
2975 1885 3029 1930 et
3059 1876 3111 1930 in
3142 1891 3364 1930 causam
3392 1877 3736 1945 deﬁcientes,

2146 1969 2421 2041 reprobati
2444 1978 2500 2024 et
2530 1969 2675 2039 capti
2705 1977 2850 2024 sunt.
2880 1968 3219 2022 Lanfrancus
3243 1966 3432 2038 jussus
3468 1970 3737 2034 surrexit,

2144 2063 2300 2133 pravi
2324 2061 2609 2117 rumorisa
2647 2076 2707 2117 se
2749 2060 3017 2115 maculam
3067 2061 3348 2126 abstersit,
3382 2061 3542 2115 ﬁdem
3579 2076 3739 2116 suam

2145 2154 2423 2223 exposuit,
2452 2152 2753 2221 expositam
2782 2150 2904 2221 plus
2929 2151 3100 2207 sacris
3121 2151 3540 2206 auctoritatibus
3568 2166 3739 2221 quam

2145 2246 2476 2317 argumentis
2505 2245 2774 2316 probavit.
2823 2244 2975 2311 Quod
3020 2244 3155 2311 dixit
3182 2253 3237 2299 et
3281 2245 3533 2314 probavit
3562 2245 3741 2300 omni-

2144 2340 2247 2395 bus
2276 2339 2498 2409 placuit,
2530 2337 2663 2392 nulli
2710 2336 3005 2406 displicuit.
3040 2337 3130 2405 (η)
3160 2334 3284 2390 Haec
3313 2336 3504 2391 eadem
3546 2335 3600 2390 in
3647 2351 3743 2407 sy-

2148 2434 2286 2487 nodo
2318 2429 2646 2487 Vercellensi
2678 2437 2883 2501 retacta
2913 2435 3060 2493 sunt,
3092 2436 3147 2497 et
3175 2426 3440 2483 sententia
3466 2427 3740 2498 Berenga-

2147 2525 2209 2578 rii
2255 2523 2437 2577 audita
2469 2531 2523 2577 et
2556 2522 2880 2591 reprobata;
2917 2519 3051 2575 ﬁdes
3095 2535 3227 2575 vero
3255 2519 3537 2583 Ecclesim,
3569 2535 3738 2589 quam

2146 2614 2484 2669 Lanfrancus
2514 2613 2731 2667 tenebat
2770 2620 2826 2667 et
2852 2612 3164 2675 astruebat,
3199 2612 3469 2682 exposita,
3499 2619 3553 2665 et
3604 2625 3741 2666 con-

2144 2707 2293 2762 cordi
2317 2710 2556 2759 omnium
2589 2704 3160 2771 assensuconﬁrmata
3186 2710 3290 2757 est.
3314 2702 3443 2769 Quae
3466 2702 3743 2756 sententia

2145 2813 2251 2853 non
2275 2794 2458 2866 ell‘ugit
2479 2794 2639 2865 hujus
2659 2794 2857 2850 Leonis
2878 2807 3028 2863 papa:
3044 2806 3413 2847 successorem
3437 2790 3736 2845 Victorem.

2147 2892 2235 2960 (³ο)
2269 2890 2587 2958 Deniqucm
2637 2887 2868 2943 concilio
2912 2886 3214 2941 'l‘uroneusi
3243 2885 3377 2955 (16),
3440 2884 3526 2940 cui
3567 2884 3742 2954 ipsiu;

2146 2980 2383 3035 Victoris
2413 2978 2713 3035 interfuere
2754 2987 2918 3048 atque
2960 2976 3226 3046 przcluere
3269 2974 3456 3046 legati,
3496 2974 3624 3030 data
3658 2984 3746 3030 est

2147 3073 2247 3143 ipsi
2281 3073 2606 3143 Berengario
2626 3069 3104 3141 optiodefemlendi
3132 3075 3339 3136 partem
3362 3081 3547 3129 suam;
3574 3079 3743 3134 quam

2151 3181 2271 3219 cum
2300 3164 2696 3219 defendendam
2723 3158 3001 3231 suscipere
3025 3175 3130 3213 non
3174 3159 3432 3222 auderet,
3458 3157 3748 3212 confessus

2150 3262 2234 3308 est
2258 3268 2441 3308 coram
2472 3252 2726 3308 omnibus
2756 3264 3099 3306 communem
3153 3247 3410 3303 Ecclesia:
3453 3247 3651 3313 ﬁdem;
3688 3255 3749 3304 et

2138 3344 2352 3414 juravit
2378 3344 2445 3398 ab
2475 3343 2564 3397 illa
2588 3342 2721 3396 liora
2743 3356 2801 3395 se
2835 3341 2905 3395 ita
2937 3340 3295 3404 crediturum,
3320 3339 3461 3395 sicut
3492 3339 3747 3395 Ecclesia

2154 3442 2321 3488 tenet.
2377 3432 2530 3501 Quod
2553 3433 2919 3503 juramentum
2955 3439 3354 3501 transgressus,
3386 3429 3748 3486 nihilominus

2151 3526 2386 3595 primum
2419 3526 2614 3597 dogma
2646 3539 2699 3578 tn
2732 3521 2929 3593 popqu
2959 3534 3217 3591 spargere
3245 3536 3351 3576 non
3380 3518 3601 3577 'mnisit.
3649 3519 3745 3592 (η)

2152 3618 2303 3685 Quod
2330 3633 2453 3673 cum
2481 3616 2726 3691 audisset
2754 3614 3009 3670 Nicolaus
3030 3614 3324 3678 secundus,
3343 3614 3556 3669 vocavit
3583 3629 3745 3683 eum;

2150 3710 2240 3779 qui
2268 3710 2493 3763 Romam
2515 3708 2761 3772 veniens,
2786 3715 2842 3762 et
2871 3721 3048 3762 causae
3064 3721 3174 3761 sua:
3193 3704 3459 3771 difﬁdens,
3482 3715 3540 3762 et
3561 3717 3750 3777 patro-

2151 3797 2294 3851 cinio
2338 3811 2527 3851 eorum
2570 3809 2708 3865 quos
2734 3794 2836 3851 sibi
2864 3794 3128 3864 impensis
3154 3794 3436 3849 beneﬁciis
3480 3796 3750 3852 concilia-

2153 3896 2327 3952 verat,
2350 3903 2543 3957 parum
2566 3886 2870 3951 conﬁdens,
2899 3899 3025 3940 cum
3055 3899 3160 3939 non
3205 3884 3432 3939 auderet
3459 3900 3614 3940 suam
3646 3886 3748 3941 de-

2151 3979 2365 4035 fenSure
2400 3979 2753 4041 sententiam,
2788 3976 3081 4047 postulavit
3120 3975 3397 4032 Nicolaum
3441 3977 3748 4036 secundum

2150 4074 2375 4143 ejusque
2401 4062 2716 4137 cencilium,
2745 4080 3013 4142 quatenus
3058 4069 3240 4136 ﬁdem,
3277 4084 3443 4141 quam
3477 4069 3631 4125 illum
3660 4078 3747 4127 te-

2150 4180 2281 4220 nere
2302 4164 2535 4229 volebat,
2561 4164 2747 4220 verbis
2769 4162 2873 4220 sibi
2902 4170 3221 4233 exponeret,
3248 4160 3456 4232 scripto
3474 4161 3744 4218 ﬁrmaret.

2148 4256 2334 4328 Itaque
2347 4255 2577 4326 iubente
2593 4270 2754 4327 papa,
2780 4254 2913 4310 ﬁdes
2935 4254 3115 4311 verbis
3134 4254 3411 4325 exposita,
3433 4262 3489 4310 et
3511 4254 3743 4323 scripta,

2148 4357 2204 4404 et
2234 4350 2476 4405 omnium
2502 4362 2727 4403 assensu
2763 4347 3111 4412 conﬁrmata,
3140 4345 3338 4399 tradita
3362 4352 3453 4400 est
3475 4344 3749 4419 Berenga-

460 4450 615 4506 papa:
645 4444 755 4490 tota
792 4434 1043 4491 Neustria
1086 4436 1265 4490 fuerat
1304 4434 1373 4489 ab
1399 4433 1575 4489 ollicio
1619 4433 2046 4491 Christianitatis
2075 4459 2125 4520 υ
2153 4443 2234 4499 rio
2259 4443 2325 4498 ad
2353 4441 2663 4512 legendum.
2695 4439 2943 4510 Accepit,
2963 4437 3222 4509 legit,(“)
3242 4446 3299 4493 et
3320 4452 3441 4493 eam
3470 4450 3530 4491 se
3549 4443 3745 4492 tmere

461 4541 725 4597 suspensa
757 4536 811 4583 et
843 4527 1154 4584 interdicta.
1192 4526 1533 4595 Quapropter
1572 4524 1913 4583 Lanfrancus
1942 4527 2048 4582 ite-

462 4634 583 4674 rum
619 4618 922 4675 Romanum
947 4634 1141 4690 papam
1178 4617 1349 4683 adiit;
1378 4614 1494 4685 jam
1531 4619 1678 4674 enim
1716 4628 1876 4674 antea
1929 4617 2044 4675 Ro-

535 4796 859 4869 (13)‘Aliam
908 4815 1126 4856 causam
1183 4797 1342 4869 hujus
1383 4796 1457 4853 rei
1500 4806 1688 4852 narrat
1738 4797 2045 4854 Willelmus

466 4867 980 4940 Mahnesburiensis.
1008 4886 1167 4940 quam
1193 4867 1309 4937 ejus
1332 4870 1509 4922 verbis
1542 4884 1816 4938 exponere
1844 4869 1998 4937 juvat
2026 4885 2041 4923 :

464 4939 767 5009 Lanfranco
790 4946 927 5011 apud
953 4939 1175 5011 Battum
1198 4939 1528 5011 monacham,
1544 4955 1661 4992 cum
1685 4939 1872 5011 ubique
1894 4940 2047 5011 scho-

466 5011 601 5064 lare:
641 5009 840 5081 inﬂatis
868 5013 1038 5064 buccis
1057 5009 1386 5063 dialecticam
1433 5021 1728 5074 ructarent,
1750 5010 2044 5081 ΔΗενῙαειιιε

468 5082 572 5146 iam
625 5079 873 5136 Willeln.i
924 5082 1159 5144 comitis,
1203 5090 1379 5149 postea
1405 5081 1560 5149 regis,
1612 5079 1933 5150 capellanus,
1974 5081 2044 5133 ad

467 5151 726 5220 fantasiam
769 5153 1127 5221 gymnasium,
1156 5165 1347 5221 inagna
1395 5152 1657 5203 sociorum
1701 5160 1747 5203 et
1795 5167 2045 5219 equorum

467 5218 653 5291 pompa
688 5218 937 5291 pervenit.
974 5219 1117 5273 Tunc
1148 5218 1477 5287 Lanfrancus
1517 5237 1582 5273 er-
1622 5223 1790 5290 prima
1817 5218 2046 5273 collocu-

469 5290 607 5346 lione
639 5290 927 5359 intelligens
951 5307 1109 5360 quam
1135 5306 1293 5359 prope
1320 5290 1449 5343 nihil
1480 5292 1656 5354 sciret,
1682 5291 2044 5344 abecedarium

466 5361 564 5427 ipsi
592 5362 1269 5431 expediendumapposuit.
1312 5361 1562 5429 ferociam
1594 5362 1819 5414 hominis
1865 5362 2045 5431 italica

469 5430 656 5498 facetia
684 5431 925 5485 illudens.
958 5430 1073 5497 Quo
1102 5431 1149 5483 is
1180 5431 1346 5501 iratus
1370 5434 1616 5501 fomitem
1638 5430 1973 5501 pere/fecit_[i.
1992 5447 2044 5485 ει.

468 5515 553 5565 per
583 5502 816 5572 cantilena
843 5501 1031 5569 e/ferit.
1060 5501 1154 5554 En.
1188 5499 1390 5572 Part]
1437 5512 1489 5553 ut
1514 5499 1847 5571 Lanfranéus
1877 5499 2044 5554 Becco

468 5570 722 5640 onmique
740 5569 791 5622 Ν
798 5572 1072 5626 ormannia
1114 5569 1540 5626 summoveretur.
1569 5569 1697 5634 Sed,
1716 5580 1823 5624 etc.

480 5650 487 5659 ‘
540 5639 652 5710 (14)
690 5639 979 5708 Epistolam
1029 5646 1167 5696 hanc
1221 5643 1529 5710 llereugarii
1581 5642 1647 5694 ad
1683 5640 2045 5695 Laufrancuut

462 5708 637 5777 rgl‘ert
676 5712 1147 5768 noster‘Acberius
1188 5713 1239 5767 in
1290 5708 1411 5766 suis
1438 5713 1597 5765 notis.
1648 5711 1771 5765 llwc
1800 5711 1918 5782 ipsa
1966 5716 2046 5766 est

2142 4535 2369 4617 juravit,
2390 4548 2662 4605 manuque
2690 4532 2910 4605 prepria
2938 4530 3281 4605 subscripsit.
3298 4528 3428 4601 Quo
3459 4528 3607 4583 facto
3648 4542 3746 4598 ga-

2148 4643 2298 4684 visus
2326 4634 2410 4683 est
2451 4640 2613 4697 papa,
2660 4633 2717 4679 et
2753 4622 2909 4680 multi
2952 4621 3071 4687 alii,
3097 4619 3171 4685 de
3190 4620 3314 4692 ejus
3344 4630 3663 4676 reversione
3687 4627 3747 4673 ct

2148 4812 2287 4868 quae
2320 4811 2349 4850 a
2397 4793 2600 4868 clerico
2618 4792 2904 4868 _quodam_
2935 4791 3478 4868 Bernensi_Romam
3528 4791 3745 4861 perlata

2148 4863 2509 4923 Lanfrancum
2533 4866 2597 4934 de
2618 4864 3013 4934 Berengariaua
3039 4863 3226 4917 lucresi
3255 4870 3564 4931 suspectum
3593 4878 3749 4916 sum-

2149 4953 2238 4993 mo
2265 4936 2508 5007 pontiﬁci
2562 4932 2749 5007 Leoni
2781 4932 3107 4999 reddiderat,
3157 4948 3328 5007 quam
3366 4933 3737 5007 suspicionem

2184 5001 2362 5088 enittus
2398 5009 2450 5060 in
2483 5006 2688 5088 synodo
2718 5004 2966 5088 liotuana-
3006 5018 3036 5057 a
3067 5019 3125 5059 se
3154 5001 3379 5088 amovit.
3570 5003 3743 5088 refert

2147 5025 2362 5133 [CIIIIUS
2398 5025 2450 5060 ΙΙΙ
2483 5025 2688 5088 synouo
2718 5025 2965 5059 nomana
3006 5025 3036 5057 ξι
3067 5025 3125 5059 SC
3154 5025 3379 5057 aIIIOVIl.
3414 5025 3539 5058 I'IJSC
3570 5025 3743 5057 I'CIBI'I.

2195 5082 2489 5132 anl'rancus
2515 5092 2630 5146 Ipse
2656 5078 2708 5129 iu
2736 5076 2873 5129 libro
2901 5077 3164 5146 adversus
3192 5074 3581 5146 Bereugarium
3604 5114 3619 5138 ,
3648 5074 3744 5128 ubi

2148 5162 2205 5204 et
2238 5150 2425 5204 eadem
2452 5142 2575 5218 qua:
2605 5149 2693 5201 hic
2736 5147 2803 5201 de
2828 5145 3038 5216 synodo
3074 5142 3400 5200 Vercellens'i
3452 5147 3740 5208 dicuntur,

2148 5219 2322 5273 fusius
2351 5220 2591 5289 exponit.

2220 5291 2334 5357 (15)
2374 5282 2532 5344 ls'est
2562 5288 2621 5342 S.
2660 5286 2768 5341 Leo
2789 5283 2941 5357 [La
2972 5282 3191 5357 Milone;
3224 5285 3399 5339 dictus
3429 5282 3560 5347 VIII,
3591 5283 3743 5350 quod

2147 5354 2394 5416 nonnulli
2425 5360 2658 5412 Leonem
2683 5396 2697 5420 ,
2730 5356 2822 5425 qui
2853 5355 2922 5425 ab
2954 5354 3153 5410 Otto‘ne
3180 5355 3505 5423 imperatore
3550 5365 3744 5408 contra

2149 5432 2412 5487 Joannem
2460 5429 2551 5483 Xll
2597 5423 2813 5482 creatus
2856 5423 2977 5489 luit,
3010 5424 3325 5480 censuerint
3355 5441 3385 5479 c
3424 5424 3746 5493 pontiﬁcum

2148 5502 2407 5569 Catalogo
2429 5498 2869 5569 expungendum.

2223 5533 2533 5643 ﬁliiﬁlii}?
2550 5533 2854 5643 :libfr’onensi
2902 5564 3134 5643 concilio
3186 5564 3454 5643 a_dfuisse__
3475 5560 3748 5643 Lanfran-

2152 5634 2275 5700 cuin
2314 5634 2469 5698 testis
2499 5649 2581 5698 est
2604 5636 2898 5695 0rdcricus
2928 5636 3151 5700 Vitalis,
3188 5636 3281 5690 lib.
3313 5651 3365 5691 tv
3394 5634 3672 5690 Historiae.
