3954 6306
217 346 279 405 37
1232 350 1235 353 ‘
1615 346 1618 350 ‘
1666 396 1670 401 .
1726 330 1806 387 Vl'

3414 326 3484 383 38

219 452 727 524 convcrsiouc,.qui
774 460 933 508 antea
963 450 1219 507 dolebant
1247 448 1312 502 de
1340 444 1456 515 ejus
1487 443 1787 499 aversione.
1820 448 1866 506 Α
1894 454 2114 512 operam
2161 454 2316 495 suam
2357 437 2662 508 expendere
2691 432 2933 494 desistat.
2973 455 2993 493 ι
3023 437 3131 496 Nec
3169 439 3339 497 multo
3362 453 3487 514 post

220 550 383 619 Ilujus
429 544 756 604 sacramenti
805 542 1105 613 sacrilegus
1153 550 1560 607 transgressor,
1607 543 1796 589 contra

218 641 497 713 prasfatam
558 636 847 709 synodum,
900 643 1089 690 contra
1144 626 1796 686 catholicamveritatem

220 731 567 797 omniumque
616 724 1111 781 ecclesiasticarum
1168 718 1449 774 doctorum
1498 715 1657 769 fidem
1706 714 1797 784 (”)

229 821 487 890 scriptum
533 826 721 887 postea
770 813 1032 868 condidit.
1078 809 1175 865 Cui
1207 807 1801 872 Lanfrancus~rcspon~

223 917 369 976 deos,
408 912 509 967 sub
540 910 758 965 nomine
797 906 1057 977 epistolze,
1090 904 1177 970 (⁸³)
1210 901 1448 956 libellum
1496 899 1801 968 elegantem

222 1001 818 1076 composuit,catholi’ca
836 1004 1062 1055 veritate
1084 996 1396 1059 subnixum,
1422 1002 1474 1048 et
1490 1002 1799 1047 sanctorum

204 1097 441 1152 Patrum
492 1096 729 1163 undique
781 1086 1687 1147 auctoritatibus.corroboratum,
1750 1083 1803 1159 in

229 1204 329 1258 quo
357 1188 709 1242 inveniuntur
736 1185 837 1239 ista
887 1198 1007 1253 quae
1049 1182 1303 1235 diximus.
1344 1179 1436 1232 llis
1466 1178 1609 1232 enim
1640 1177 1804 1247 gestis

231 1280 560 1334 Lanfrancus
610 1275 885 1339 interfuit,
929 1290 1020 1343 qut
1052 1288 1216 1327 causa
1250 1271 1408 1340 hujus
1439 1270 1547 1325 litis
1577 1270 1804 1324 Romam

232 1379 461 1432 venerat,
487 1378 540 1423 et
569 1376 627 1421 ut
650 1376 833 1437 ageret
867 1380 964 1435 pro
995 1366 1130 1418 duce
1160 1363 1557 1418 Normanotum
1588 1369 1644 1416 et
1674 1376 1806 1414 uxo-

229 1473 282 1512 re
308 1457 424 1524 ejus
451 1457 591 1525 apud
617 1453 995 1523 apostolicum,
1021 1467 1116 1521 pro
1144 1468 1247 1523 qua
1275 1465 1352 1519 re,
1372 1453 1515 1507 sicut
1546 1450 1804 1514 diximus,

224 1549 347 1606 illuc
374 1556 710 1621 perrexerat.
755 1549 922 1619 Igitur
956 1547 1170 1601 locutus
1204 1561 1328 1600 cum
1370 1560 1504 1614 papa
1555 1541 1804 1608 Nicolao,

222 1642 460 1711 ostendit
500 1640 622 1708 quia
648 1639 765 1707 ejus
809 1638 1077 1694 sententia
1118 1636 1237 1691 illos
1280 1643 1487 1689 tantum
1523 1633 1803 1704 gravabat,

204 1732 311 1803 qui
360 1748 458 1787 eos
493 1746 592 1786 nec
644 1737 1061 1799 conjunxerant,
1106 1742 1206 1782 nec
1228 1740 1483 1791 separare
1518 1731 1799 1794 poterant;

1899 529 2221 603 presbyterii
2251 546 2379 601 pars
2400 531 2624 586 dextera
2673 531 2900 598 corruit,
2946 531 3002 586 in
3047 548 3153 603 qua
3186 539 3486 592 oratorium

1899 631 2040 688 erat,
2068 631 2122 677 et
2149 623 2321 678 altare
2345 623 2519 677 sancti
2571 621 2867 677 Benedicti.
2919 621 3152 679 Anxiato
3186 642 3349 696 super
3386 630 3490 687 hcc

1901 726 1957 772 et
2005 717 2230 771 multum
2305 718 2626 773 conturbato
2668 716 2850 771 abbati
2902 712 3031 771 suus
3090 717 3142 771 in
3197 722 3344 775 omni
3392 737 3491 777 sua

1902 808 2239 864 dcsolatione
2286 808 2599 863 consolator
2658 804 3248 873 accessit,‘obseerans
3300 820 3378 876 ut,
3409 813 3493 867 vel

1902 898 2455 967 nuncacquiescens,
2484 896 2693 967 majora
2722 897 3007 953 inchoaret
3054 898 3301 953 aedificia.
3350 898 3495 955 Tan-

1905 991 2027 1045 dem
2078 992 2285 1056 victus,
2316 1005 2465 1060 spem
2514 990 2568 1044 in
2624 990 2733 1045 Deo
2758 991 3119 1045 certissimam
3171 1008 3387 1061 gerens,
3439 1003 3496 1049 et

1904 1082 2199 1153 plurimum
2252 1084 2307 1137 in
2360 1085 2661 1139 consiliarii
2724 1086 2805 1139 sui
2857 1102 2959 1155 ope
2992 1087 3290 1146 confidens.
3346 1088 3497 1158 cujus

1905 1186 2070 1243 Opera
2099 1174 2201 1229 sibi
2256 1175 2394 1229 bona
2434 1175 2614 1228 omnia
2651 1176 3067 1245 proveniebant,
3113 1178 3165 1231 in
3209 1178 3496 1234 salubriori

1888 1263 2136 1317 omultum
2170 1272 2226 1317 et
2270 1263 2694 1319 convenientiori
2728 1263 2847 1319 loco
2875 1280 3009 1318 nova
3042 1265 3338 1333 inchoavit,
3374 1284 3494 1320 mo-

1908 1352 2207 1406 nasterium
2260 1360 2316 1406 et
2366 1352 2633 1420 officinas,
2674 1370 2811 1424 opus
2856 1356 3194 1426 pergrande,
3218 1359 3361 1426 quod
3390 1374 3496 1412 non

1889 1456 1998 1498 .res
2023 1442 2274 1510 propriae,
2303 1458 2424 1512 qua:
2455 1444 2631 1498 adhuc
2677 1454 2837 1499 erant
2871 1445 3213 1514 permodica,
3243 1447 3337 1500 sed
3368 1447 3500 1501 tides

1890 1534 1964 1589 in
1997 1532 2165 1588 Deum
2217 1535 2394 1599 firma,
2436 1545 2492 1589 et
2523 1550 2649 1605 spes
2678 1547 2853 1600 certa,
2886 1538 3135 1591 universa
3164 1536 3498 1591 conferendo

1910 1625 2292 1679 accumulavit.
2349 1625 2690 1681 Lanfrancus
2733 1642 2947 1696 quoque
3021 1628 3235 1682 licentia
3289 1630 3502 1685 abbatis

1911 1715 1993 1768 sui
2027 1715 2117 1785 (’7)
2151 1716 2345 1770 iterum
2393 1717 2636 1770 scholam
2688 1718 2878 1780 tenuit,
2935 1725 2989 1772 et
3018 1733 3081 1772 ea
3138 1735 3259 1789 qua:
3286 1736 3315 1773 a
3344 1722 3502 1776 scho-

222 1793 345 1879 ,ςτηη
397 1825 503 1879 dux
542 1793 775 1894 ρυεηωξι
816 1798 981 1893 quam
1010 1872 1015 1877 ἡ
1040 1793 1323 1891 deceperat
1362 1793 1693 1887 ηυιιοίρηριο
1722 1817 1809 1871 di-
1842 1793 1885 1849 Β
1914 1805 2139 1881 lasticis.
2163 1808 2464 1877 accipiebat
2498 1808 2693 1863 abbati
2738 1808 3075 1875 conferebat,
3108 1812 3275 1866 abbas
3306 1828 3503 1882 opera-

220 1917 436 1985 mittere
468 1915 648 1969 vellet.
684 1913 796 1968 Hoc
821 1912 1046 1967 audiens
1067 1920 1122 1965 et
1150 1924 1338 1964 verum
1364 1923 1486 1964 esse
1515 1907 1807 1970 advertens

218 2023 460 2062 summus
500 2006 738 2077 pontifex
762 2046 775 2069 ,
803 2004 1206 2074 dispensatione
1239 2002 1423 2060 habita
1444 2040 1460 2065 ,
1478 1998 1805 2069 conjugium

219 2096 512 2150 concessit.
538 2111 602 2149 eo
625 2104 802 2148 tamen
825 2093 1277 2162 modoqnatenus
1304 2092 1409 2145 dux
1440 2098 1496 2145 et
1523 2104 1664 2143 uxor
1690 2088 1808 2157 ejus

217 2188 325 2242 duo
374 2187 701 2242 monasteria
746 2192 1157 2248 'construerent,
1217 2184 1273 2237 in
1327 2183 1526 2252 quibus
1568 2179 1808 2249 singulas

204 2280 673 2349 scougregationes
700 2278 941 2332 virorum
974 2292 1040 2330 ac
1079 2274 1366 2329 mulierum
1415 2273 1806 2335 coadunarent,

215 2371 315 2439 qui
370 2369 444 2422 ibi
478 2369 580 2422 sub
630 2382 824 2421 norma
855 2375 1057 2420 sancta:
1089 2364 1365 2433 religionis
1406 2362 1497 2417 die
1540 2370 1813 2428 noctuque

164 2446 167 2447 ν
202 2458 347 2523 .Deo
369 2440 740 2518 deservirem,
768 2462 825 2508 et
854 2439 952 2521 pro
977 2452 1379 2525 saluteteorum
1421 2447 1808 2518 supplicarent.

218 2545 336 2616 (l7)
363 2544 552 2599 Paruit
575 2547 684 2598 dux
718 2541 1028 2611 apostolica)
1056 2538 1469 2608 dispensationi,
1501 2544 1558 2592 et
1579 2534 1811 2591 aediﬁca-

215 2644 419 2691 verunt
469 2636 576 2689 duo
604 2631 933 2689 monasteria
965 2630 1017 2685 in
1047 2631 1249 2700 praedio
1274 2629 1367 2700 (“)
1403 2627 1546 2696 quod
1574 2626 1814 2695 antiqui-

218 2736 303 2783 tas
330 2726 629 2783 Cadomum
654 2716 1020 2794 nuncupabat.
1053 2722 1147 2793 (⁸⁵)
1182 2722 1297 2775 Dux
1325 2734 1492 2775 unum
1518 2718 1810 2783 monacho-

217 2834 337 2872 rum
369 2818 427 2872 in
458 2806 676 2871 nomine
715 2814 888 2868 sancti
937 2811 1198 2883 Stephani
1247 2809 1695 2881 protomartyris;
1754 2815 1809 2861 et

216 2922 356 2962 uxor
383 2904 503 2973 ejus
524 2905 615 2976 ("j
642 2904 872 2967 alterum
897 2901 1395 2957 sanctimonialium
1426 2902 1478 2956 in
1506 2899 1724 2955 nomine
1755 2904 1811 2953 et

217 3000 425 3054 honore
457 3007 660 3052 sanctas
693 2996 1008 3062 Trinitatis;
1040 2980 1248 3065 quibus
1288 2980 1499 3075 tantum
1547 2996 1612 3049 de
1645 2996 1807 3049 rebus

216 3099 273 3143 et
325 3076 590 3145 reditibus
636 3090 749 3157 suis
795 3087 1173 3153 contulerunt,
1232 3096 1496 3161 quantum
1539 3086 1809 3143 sulliceret

218 3182 414 3238 ibidem
447 3181 819 3251 habitantibus
843 3189 897 3235 et
925 3181 992 3235 ad
1026 3181 1228 3249 victum
1249 3188 1305 3235 et
1334 3180 1612 3235 vestitum.

836 3268 1083 3339 CAPUT,
1104 3272 1194 3327 IV.
1368 3328 1373 3335 ,
1786 3328 1789 3331 .

210 3424 217 3429 ,
268 3348 337 3419 ι9;
375 3363 489 3419 Per
521 3363 662 3418 idem
687 3371 899 3436 tempus
918 3371 1199 3417 crescente
1224 3362 1479 3429 Beccensi
1509 3376 1814 3433 congrega-

220 3454 382 3518 tione,
416 3455 567 3509 ineo
594 3452 714 3529 loco
742 3452 967 3524 contigit
996 3453 1124 3509 illud
1165 3454 1367 3523 dictum
1402 3470 1433 3508 a
1466 3454 1694 3509 Domino
1718 3468 1815 3524 per

217 3543 407 3599 Isaiam
472 3544 840 3612 prophetam:
881 3542 1149 3614 Angustus
1193 3543 1324 3616 mihi
1371 3553 1445 3598 est
1500 3544 1678 3607 locus;
1728 3543 1814 3613 [ac

218 3636 441 3702 spatium
482 3643 535 3685 ut
588 3632 870 3687 inhabilem
921 3632 1077 3703 (Ism'.
1113 3649 1260 3701 χιιι,
1313 3632 1431 3704 20).
1466 3634 1813 3704 ,δρηιὶοδίιεε

219 3724 356 3778 enim
384 3725 676 3779 domorum
706 3738 870 3793 parva
901 3723 1304 3779 multitudinem
1357 3725 1650 3780 adunatam
1697 3725 1814 3780 fra-

221 3823 357 3871 trum
385 3817 505 3887 jam
531 3830 726 3885 capere
756 3830 861 3870 non
890 3815 1135 3882 valebat;
1168 3817 1262 3871 sed
1294 3817 1431 3871 situs
1474 3816 1574 3871 loci
1602 3817 1815 3873 incolu-

222 3908 389 3963 mitati
418 3908 736 3977 degentium
767 3906 1074 3962 contrarius
1104 3907 1389 3981 existebat.
1421 3906 1609 3977 Itaque
1653 3925 1815 3967 vene-

220 3997 402 4054 rabilis
430 3995 774 4073 Lanfrancus
826 4007 1076 4053 sanctum
1119 3998 1334 4053 Patrem
1391 3998 1708 4056 Herluinum
1746 4006 1813 4058 de

222 4088 440 4157 majoris
496 4088 809 4143 monasterii
842 4088 1198 4144 aediﬁcatione
1250 4090 1575 4161 compellare
1625 4093 1809 4163 coepit.

223 4176 374 4239 'I‘anti
434 4174 630 4251 'operis
687 4179 856 4234 solam
911 4181 1327 4237 commotionem
1383 4182 1471 4237 ille
1538 4184 1808 4251 extimuit,

221 4271 392 4342 aetatis
424 4270 544 4340 jam
598 4271 901 4327 deficientis
954 4272 1162 4328 viribus
1200 4272 1493 4343 plurimum
1542 4275 1808 4333 diﬂidens.

222 4360 554 4428 Confortari,
596 4363 895 4428 adhortari,
928 4379 994 4419 ac
1044 4378 1187 4434 saepe
1225 4365 1275 4420 id
1323 4366 1498 4436 ipsum
1540 4367 1809 4439 ingerere,

1836 3133 1883 3198 C

1888 1896 2008 1951 .riis
2034 1898 2217 1951 dabat.

1983 1987 2070 2041 IO.
2128 1987 2257 2043 Post
2306 1989 2522 2046 triennii
2580 1990 3021 2061 completionem,
3085 1993 3197 2049 sola
3257 1995 3494 2050 necdum

1913 2084 2178 2151 completa
2235 2084 2483 2150 basilica,
2563 2086 2889 2141 venerabilis
2950 2086 3287 2144 Lanfrancus
3335 2082 3501 2161 empti

1915 2175 2100 2243 operis
2147 2176 2449 2241 institutor,
2501 2186 2609 2230 tam
2654 2176 2808 2232 ducis
2835 2177 3182 2235 Normannia:
3209 2197 3370 2251 quam
3394 2184 3504 2253 pri-

1916 2275 2121 2321 matum
2152 2267 2547 2338 supplicatione
2567 2269 2818 2323 coenobio
2845 2269 3191 2334 Cadom'ensi,
3222 2274 3363 2343 quod
3392 2276 3502 2330 dux

1912 2357 2130 2411 hortatu
2160 2374 2310 2427 papa:
2338 2358 2541 2413 Nicolai
2575 2360 2961 2422 azdificaverat,
2986 2361 3153 2417 abbas
3179 2364 3499 2431 pncficitur.

1914 2443 2015 2511 Qui
2048 2445 2115 2500 de
2135 2446 2469 2502 monasterio
2498 2446 2656 2502 Becci
2704 2449 2770 2502 ad
2804 2450 2905 2503 hoc
2932 2464 3068 2520 opus
3095 2452 3304 2519 exiens,
3337 2470 3501 2509 unum

1914 2535 2069 2589 duxit
2125 2550 2335 2602 secum,
2371 2537 2668 2609 qui‘nuper
2737 2538 2982 2592 habitum
3035 2531 3503 2612 susceperntfsed

1912 2626 2307 2695 professionem
2361 2628 2601 2682 nondum
2654 2627 2879 2693 fecerat,
2935 2631 3154 2687 nomine
3184 2632 3504 2701 Radull‘uin,

1911 2718 2002 2787 qui
2053 2727 2240 2788 postea
2272 2718 2323 2772 in
2354 2733 2420 2773 eo
2457 2720 2576 2774 loco
2606 2720 2732 2774 fecit
2762 2720 3187 2790 professionem;
3220 2732 3275 2779 et
3316 2739 3509 2795 prace-

1912 2809 2075 2864 dente
2105 2817 2370 2879 tempore,
2398 2809 2641 2880 ejusdem
2668 2810 2912 2867 ecclesias
2954 2811 3308 2871 Cadoniensis
3352 2820 3507 2888 prior

1912 2896 2141 2967 exstitit,
2193 2903 2262 2956 ad
2306 2902 2556 2957 ultimum
2604 2902 2773 2957 abbas
2825 2904 2893 2959 de
2941 2902 3233 2977 Bello(l8)
3262 2907 3419 2964 obiit.
3447 2909 3506 2966 In

1911 2994 2163 3053 adventu.
2192 2994 2486 3050 Lanfranci
2537 3012 2663 3050 mox
2692 2997 2756 3050 ad
2790 2995 2964 3067 ipsum
2998 2997 3178 3053 locum
3223 3002 3409 3057 venire
3436 3003 3506 3059 ad

1914 3085 2326 3142 conversionem
2358 3095 2639 3156 coeperunt
2667 3087 2875 3141 nobiles
2904 3087 3031 3153 viri,
3084 3099 3139 3145 et
3184 3092 3373 3161 optimi
3402 3093 3508 3149 cle—

1915 3177 2038 3243 rici,
2091 3177 2237 3232 inter
2277 3192 2421 3247 quos
2453 3176 2552 3231 fuit
2578 3178 2827 3247 egregius
2851 3187 2907 3233 et
2935 3181 3262 3237 venerabilis
3296 3183 3507 3239 Willelo

1914 3285 2035 3325 mus
2066 3268 2180 3339 (l9)
2221 3266 2431 3323 Rabodi
2464 3267 2625 3333 filius,
2657 3269 2748 3338 qui
2776 3279 2897 3340 post
2927 3269 3293 3328 Lanfrancum
3323 3273 3503 3330 Cado.

1916 3361 2090 3417 mensi
2134 3360 2390 3417 Ecclesia:
2434 3358 2670 3429 praefuit,
2715 3369 2770 3415 et
2823 3372 3011 3431 postea
3045 3361 3501 3435 Rothomagensis

1915 3450 2357 3521 archiepiscopus
2384 3449 2611 3505 exstitit.
2640 3449 2746 3505 Iste
2780 3450 3086 3507 Willelmus
3112 3468 3231 3508 cum
3260 3455 3502 3511 habitum

1917 3543 2193 3613 religionis
2239 3542 2463 3600 Cadomi
2502 3543 2851 3613 suscepisset.
2908 3543 3107 3600 missus
3131 3554 3213 3601 est
3242 3545 3500 3615 Beccum,

1902 3644 1975 3691 .ut
2018 3635 2265 3691 ordinem
2317 3636 2390 3690 ibi
2436 3635 2762 3699 addisceret,
2796 3636 2922 3707 quia
2980 3639 3189 3694 novella
3240 3639 3506 3709 plantatio

1915 3726 2085 3796 ipsius
2112 3724 2214 3780 loci
2263 3726 2503 3782 nondum
2540 3735 2754 3798 poterat
2781 3726 2916 3781 alios
2940 3729 3179 3797 perfecte
3210 3730 3500 3790 instruere.

1906 3815 2124 3885 Iste-vir
2151 3816 2432 3885 generosis
2482 3816 2755 3873 natalibus
2796 3826 2967 3884 ortus,
3029 3818 3278 3890 simplex,
3340 3822 3502 3878 bonis

1914 3906 2155 3960 moribus
2206 3916 2452 3970 ornatus,
2483 3905 2768 3978 religiosus
2799 3926 2813 3962 :
2847 3923 2971 3963 cum
3001 3908 3337 3981 aliquantum
3362 3923 3498 3968 tem-

1902 3998 2061 4069 poris
2109 3998 2181 4053 ibi
2231 3999 2382 4068 prius
2436 3996 2528 4070 [[2,
2557 3999 2728 4072 prior]
2780 4000 3105 4069 claustralis,
3162 4015 3286 4074 post
3328 4006 3497 4064 abbas

1914 4089 2302 4159 tiansegisset;
2351 4089 2477 4151 inde
2504 4100 2834 4161 assumptus
2863 4076 2978 4162 (⁵⁸),
3021 4104 3374 4150 consecratus
3411 4106 3498 4152 est

1914 4179 2356 4249 archiepiscopus
2411 4180 2907 4251 Rothomagensis;
2964 4182 3018 4236 in
3073 4181 3182 4253 quo
3230 4184 3350 4240 loco
3376 4201 3503 4257 per-

1913 4267 2131 4338 longum
2179 4276 2391 4338 tempus
2447 4268 2604 4330 vixit,
2655 4277 2711 4323 et
2764 4270 2818 4322 in
2864 4269 3003 4323 bona
3046 4278 3330 4325 senectute
3355 4273 3502 4330 diem

1914 4359 2162 4427 ultimum
2189 4358 2406 4413 clausit.
2434 4357 2491 4411 In
2520 4358 2613 4413 illo
2634 4358 2956 4418 Cadomensi
2978 4360 3228 4417 cmnohio
3255 4370 3497 4433 tempore

222 4454 309 4521 qui
329 4462 576 4524 coeperat
612 4468 719 4508 non
752 4452 1060 4518 omittebat,
1113 4454 1300 4509 dicens
1335 4458 1515 4510 locum
1546 4471 1807 4527 aquosam
1835 4473 1889 4535 ι)
1915 4449 2235 4531 Lanfranci,
2286 4458 2586 4505 eteorum
2644 4449 2761 4522 qui,
2800 4450 3058 4507 saxulum
3107 4454 3500 4529 relinquentes,

222 4557 326 4597 non
363 4559 485 4599 esse
532 4551 717 4613 aptum
769 4541 1092 4597 habitationi
1137 4542 1553 4600 monachorum.
1601 4546 1812 4602 Abhate

224 4632 528 4690 nullatenus
577 4634 978 4703 acquiescente.
1031 4634 1205 4689 fertur
1233 4635 1436 4693 dixisse
1476 4636 1812 4696 Lanfrancus

223 4724 543 4792 quibusdam
570 4725 839 4780 nobilibus
864 4724 1016 4792 viris,
1038 4740 1160 4780 cum
1197 4727 1396 4797 quibus
1447 4728 1767 4799 loquebatur
1790 4751 1804 4789 :

228 4834 244 4867 ι
266 4816 501 4873 Domnus
524 4817 693 4873 abbas
712 4817 984 4873 consumit
1008 4826 1219 4891 tempus
1242 4828 1295 4873 et
1316 4818 1555 4876 laborem
1569 4838 1724 4878 suum
1756 4825 1809 4881 in

222 4903 324 4960 hoc
358 4922 567 4977 aquoso
590 4898 740 4972 loco.
771 4921 873 4962 nec
897 4906 1011 4961 vult
1037 4908 1169 4964 mihi
1199 4908 1444 4974 credere,
1497 4919 1554 4963 ut
1596 4911 1809 4968 desinat

223 4996 287 5049 ab
316 4997 419 5051 isto
441 5012 627 5068 opere,
655 5006 709 5051 et
738 4998 960 5067 incipiat
990 4997 1131 5052 aliud
1158 5013 1293 5067 opus
1346 4999 1399 5053 in
1430 5000 1631 5056 saniori
1668 5002 1805 5061 loco.

222 5082 361 5139 Deus
384 5088 728 5156 omnipotens
752 5088 809 5159 θ
827 5088 917 5141 det
943 5087 1014 5140 illi
1053 5088 1160 5142 tale
1190 5088 1638 5157 impedimentum
1665 5109 1805 5163 qua-

225 5183 377 5233 tenus
426 5193 512 5233 me
570 5179 754 5233 audiat
804 5177 1048 5249 atquein
1086 5189 1192 5233 tam
1246 5180 1633 5251 incompetenti
1687 5185 1806 5242 loco

292 5314 401 5380 (I7)
446 5314 519 5370 De
545 5315 753 5372 duobus
778 5316 898 5370 istis
921 5316 1266 5372 monasteriis
1293 5310 1517 5379 Cadomi
1543 5319 1802 5377 excitatis

221 5384 424 5451 egimus
493 5387 667 5441 raaviis
687 5386 1175 5441 observationibus.
1552 5418 1553 5421 η

292 5454 400 5508 (18)
438 5401 756 5508 ἕωηοιήυιη
787 5458 853 5508 de
883 5457 1048 5508 Bello.
1092 5456 1251 5508 vuluo
1297 5455 1547 5508 Balaille.

292 5454 400 5523 (l8)
425 5454 756 5531 _Cmnobium
783 5458 853 5531 de
883 5457 1048 5520 Bello,
1092 5456 1251 5531 vitng
1278 5455 1547 5531 ﬂataille,
1583 5459 1634 5513 in
1671 5474 1802 5531 agro

225 5519 557 5599 Susse'xiensi
574 5528 643 5599 in
662 5526 851 5599 Anglia
879 5519 1801 5599 construxit‘Guillelmusconquas-

223 5603 335 5666 ξεττ
361 5611 505 5666 anno
533 5596 663 5650 1067
698 5596 850 5652 ineo
899 5597 1017 5665 ipso
1067 5597 1187 5652 loco
1226 5596 1337 5663 ubi,
1367 5598 1555 5666 proelio
1609 5596 1797 5659 contra

223 5660 1019 5738 Ileraldumgregniinvasorcin
1065 5660 1380 5738 commisso,
1438 5669 1609 5738 ipsum
1657 5673 1799 5726 vice-

224 5741 327 5795 rat,
350 5734 492 5804 qnod
525 5734 642 5791 ideo
669 5735 871 5791 Bellum
904 5738 1132 5793 vocavit.
1158 5738 1286 5808 Ejus
1311 5734 1533 5794 historia
1566 5740 1798 5803 habetur

1917 4544 2274 4608 monasticam
2305 4544 2474 4601 vitam
2522 4545 2625 4619 sub
2668 4560 2736 4601 eo
2770 4546 3144 4618 arripuerunt,
3183 4548 3355 4624 cmplt
3378 4553 3504 4611 reli-

1914 4639 2003 4711 gio
2025 4652 2239 4710 magna,
2287 4653 2407 4710 qua:
2432 4638 2691 4711 perdurat
2738 4653 2908 4711 usque
2939 4639 3120 4697 hodie.
3148 4638 3359 4700 Interea
3389 4651 3499 4704 dux

1913 4730 2349 4788 Normannorum
2378 4731 2683 4789 Willebuus
2705 4733 3102 4790 hereditarium
3134 4737 3234 4794 sibi
3272 4754 3499 4810 regnum

1910 4822 2119 4895 Anglia:
2161 4824 2482 4894 pervadens,
2512 4823 2602 4879 .ad
2656 4828 2776 4896 quas
2831 4824 3000 4881 voluit
3036 4827 3161 4898 jura
3186 4830 3498 4902 disposuit;

1914 4912 2110 4968 deinde
2143 4913 2210 4967 ad
2260 4912 2651 4969 meliorandum
2697 4915 2952 4972 Ecclesia!
2997 4927 3222 4988 statum,
3256 4926 3498 4978 animum

1913 5001 2162 5056 intendit.
2231 5003 2398 5073 Igitur
2464 5005 2760 5060 Alexandri
2841 5009 3168 5065 universalis
3241 5012 3499 5069 Ecclesia:

1911 5095 2105 5150 summi
2137 5082 2542 5165 pontiﬁcis,viri
2574 5098 2681 5151 vita
2704 5108 2758 5153 et
2785 5100 3012 5156 scientia
3037 5102 3498 5171 excellentissimi,

1909 5184 2157 5239 consulto
2186 5195 2240 5239 et
2276 5188 2744 5254 rogatu,'omnium
2775 5205 2989 5262 quoque
3021 5191 3230 5263 Anglici
3258 5204 3310 5249 et
3338 5192 3501 5251 Nort-

1906 5320 1960 5375 in
1988 5294 2491 5399 'tohmonlhbfonastici
2531 5292 2833 5399 Anglicani,
2860 5325 3118 5399 paggLE’gIQ

1906 5434 1911 5435 ,
1974 5391 2090 5474 μθ)
2131 5389 2437 5477 Willelmiis
2458 5389 2881 5477 suecessitanno
2915 5389 3070 5477 f07_9,
3093 5396 3288 5477 Joanni
3320 5402 3499 5463 archi-

1903 5460 2677 5604 iilsiiﬁi..§f’"éi3'§i§3.ii;s
2692 5467 3497 5604 .ἓέξέἓαιιῗῗῗῖξ¹ὃηι³έῖερ³υὲ¹¹ῧέῗ

1904 5551 2044 5586 mu
2075 5551 2267 5595 tenuit.
2323 5551 2455 5601 njus
2494 5551 3052 5605 iauuesprosequuur
3079 5551 3371 5597 uruericus
3404 5551 3495 5597 Vi-

1902 5603 2037 5677 tatis
2060 5602 2154 5658 lib.
2187 5619 2247 5677 v1
2280 5605 2347 5658 ad
2387 5620 2596 5677 annum
2617 5605 2753 5661 1079
2780 5622 2794 5672 ;
2829 5607 2915 5668 cui
2939 5606 3032 5664 alii
3085 5618 3336 5667 auctores
3366 5627 3495 5677 cpn-

1900 5675 2162 5799 seéiltisunt.
2214 5674 2493 5733 Ratbodus
2550 5674 2666 5745 ejus
2710 5678 3018 5745 pater.t'ﬁtt
3052 5681 3342 5758 episcopus
3388 5674 3490 5745 Sa-

1900 5760 1950 5799 m
2057 5760 2118 5799 is.
2802 5782 2807 5785 -
2991 5778 2999 5791 -

1900 5760 2118 5829 giensrs,
2222 5808 2225 5809 ν
2382 5802 2389 5807 ,
2802 5782 2807 5785 .
2991 5778 2999 5791 .
