4034 6290
476 353 545 406 39
1488 346 1548 399 n.
1589 346 1982 403 LANFitA-NCI
2024 341 2375 401 caurum.
2414 339 2730 398 ARCHIEP.
3099 310 3119 315 ”
3672 340 3763 392 to

484 467 722 526 manuici
757 466 967 538 imperii
1002 474 1309 535 magnatum
1338 464 1693 521 libentissime
1723 476 2073 526 assensu,rex
2105 469 2148 521 Α
2176 460 2348 514 mensi
2377 457 2525 513 illum
2553 456 2790 526 prafecil
2812 456 3056 510 invitum.
3087 456 3160 510 Ea
3192 466 3511 526 tempestate
3563 456 3758 510 civitas

479 554 803 620 Willelmus,
854 551 995 623 quod
1039 552 1377 623 potissimum
1427 551 1709 621 solumque
1745 549 2066 620 acceptabat

478 643 783 710 consilium,
808 643 1081 699 doctorem
1112 656 1273 712 supra
1305 640 2065 706 memoratum,Lanfrancum

479 736 712 803 scilicet,
742 735 811 794 ad
836 735 940 791 ltoc
973 734 1138 805 elegit
1174 733 1451 803 negotium
1492 733 1918 789 suscipiendum.

570 888 573 891 Α
1100 822 1328 879 CAPUT
1368 823 1430 879 V.

553 916 641 972 Η.
702 915 1049 971 Libetnunc
1102 913 1259 985 quasi
1315 914 1383 968 ab
1429 912 1537 977 alio
1584 912 1807 968 exordio
1868 913 2063 968 seriem

476 1014 674 1061 nostra
703 1004 1031 1059 narrationis
1052 997 1306 1075 dirigere,
1335 1012 1389 1058 et
1419 1002 1664 1073 quadam
1692 1002 1894 1079 omissa
1920 1002 2065 1056 inse-

483 1111 605 1151 rere
638 1095 772 1168 (20),
807 1103 861 1150 et
888 1096 968 1150 sic
997 1102 1191 1149 cuncta
1217 1094 1291 1155 de
1312 1094 1503 1147 eodem
1551 1090 1875 1155 Lanfranco,
1906 1102 2065 1161 prout

475 1189 815 1261 poterimus,
870 1186 1141 1257 prosequi.
1187 1184 1286 1240 Hic
1340 1185 1503 1256 igitur
1564 1184 1731 1239 homo
1785 1183 2062 1255 religione,

477 1280 738 1351 sapientia
768 1279 913 1335 omni
949 1293 1064 1333 avo
1088 1276 1475 1341 memorabilis,
1501 1275 1664 1330 nobili
1687 1285 1839 1330 ortus
1865 1290 2064 1343 paren-

481 1374 610 1439 tela,
644 1373 710 1427 ab
729 1373 887 1427 annis
918 1371 1217 1443 puerilibus
1240 1371 1488 1425 eruditus
1518 1378 1604 1425 est
1634 1370 1685 1423 in
1713 1369 1914 1424 scholis
1935 1368 2067 1423 libe-

479 1463 676 1518 ralium
709 1463 907 1517 artium
955 1473 1007 1517 et
1045 1462 1221 1533 legum
1250 1461 1591 1517 sacularium
1622 1459 1690 1515 ad
1722 1460 1834 1515 sua
1858 1472 2065 1516 morem

479 1554 686 1623 patria.
717 1553 1049 1609 Adolescens
1073 1561 1260 1607 orator
1286 1561 1574 1608 veteranos
1616 1552 1969 1607 adversantes
2010 1553 2064 1606 in

481 1645 786 1700 actionibus
838 1660 1135 1703 causarum.
1186 1644 1501 1714 frequenter
1570 1642 1780 1709 revicit,
1827 1651 2068 1697 torrente

480 1734 746 1791 facundia
774 1745 1031 1792 accurate
1078 1734 1325 1792 dicendo.
1352 1734 1443 1807 t")
1475 1734 1530 1789 In
1572 1734 1686 1806 ipsa
1740 1742 1899 1789 atate
1939 1750 2066 1790 sen-

480 1828 680 1882 tentias
714 1828 1031 1901 depromere
1065 1830 1265 1899 sapuit,
1300 1804 1435 1898 quas
1463 1804 1741 1899 gratanter
1764 1828 2064 1899 jurisperiti
2099 1804 2141 1862 Β

483 1929 575 1973 aut
602 1915 809 1986 indices
851 1919 935 1975 vel
968 1927 1228 1989 pratores
1267 1919 1503 1973 civitatis
1553 1919 1925 1988 acceptabant.
1957 1917 2069 1972 Me-

480 2013 637 2069 minit
676 2016 866 2071 borum
889 2013 1081 2084 Papia.
1114 2014 1185 2067 At
1211 2029 1333 2068 cum
1357 2013 1411 2067 in
1435 2011 1628 2067 exsilio
1663 2011 2067 2083 philosophare-

483 2112 590 2169 tur,
619 2103 869 2158 accendit
907 2103 1146 2157 animum
1196 2102 1312 2172 ejus
1362 2102 1575 2157 divinus
1600 2102 1760 2170 ignis,
1790 2111 1846 2157 et
1897 2101 2069 2156 illuxit

478 2195 629 2249 cordi
673 2195 789 2265 ejus
843 2208 998 2250 amor
1044 2208 1186 2249 vera
1240 2194 1538 2263 sapientia.
1592 2194 2069 2249 Animadvertebat

479 2288 621 2338 enim
653 2286 796 2354 quod
825 2286 1009 2341 mundi
1039 2286 1200 2355 hujus
1224 2286 1561 2356 prosperitas
1585 2293 1641 2340 et
1667 2285 1836 2356 gloria
1860 2285 2070 2340 vanitas

479 2386 581 2430 est.
622 2376 926 2448 Repentino
975 2380 1158 2448 itaque
1234 2379 1400 2433 animi
1461 2388 1610 2433 motu
1664 2393 1724 2433 se
1773 2377 2066 2449 abnegans,

482 2469 790 2539 mundoque
819 2470 1158 2537 renuntians,
1191 2472 1420 2541 sumpsit
1448 2469 1606 2526 Becci
1661 2471 1903 2526 habitum
1944 2470 2070 2524 reli-

481 2561 676 2629 gionis,
710 2571 765 2615 et
801 2562 1120 2631 regulariter
1162 2563 1346 2618 vivere
1393 2562 1578 2634 capit.
1627 2562 1915 2618 Studiosus
1969 2561 2072 2618 fuit

484 2651 621 2705 idem
646 2652 937 2719 canobita,
963 2653 1111 2708 verbi
1135 2654 1314 2724 gladio
1344 2655 1613 2725 perimere
1642 2662 1838 2721 sectas,
1862 2655 1906 2709 si
1935 2670 2072 2723 quas

482 2743 805 2798 advertisset
833 2743 1157 2799 catholicam
1194 2744 1390 2799 laedere
1442 2744 1624 2801 fidem.
1680 2744 1826 2800 ldem
1856 2760 2071 2816 quoque

484 2834 723 2901 optimus
754 2833 1091 2903 plenitudine
1135 2836 1443 2904 cbaritatis,
1482 2836 1807 2892 resuscitare
1863 2845 2073 2908 satage-

485 2920 601 2987 bat,
635 2938 731 2992 per
759 2923 882 2977 tidei
936 2926 1334 2993 rcc:itudinem,
1364 2928 1417 2980 in
1445 2927 1637 2980 haresi
1682 2936 1941 2982 mortuos.
1975 2926 2074 2982 Sa-

486 3014 696 3084 pientes
725 3023 779 3069 et
803 3015 1035 3086 religiosi
1060 3017 1343 3087 pontifices
1393 3018 1813 3088 metrOpolitani,
1865 3034 2071 3074 necnon

2166 548 2502 619 Botltomaga
2533 551 2744 604 viduata
2773 557 2855 604 est
2884 558 3075 604 sancto
3118 564 3183 603 ac
3224 547 3517 603 venerabili
3571 547 3761 605 arcbio

2166 640 2395 710 prasule
2440 640 2689 697 Manrilio
2718 640 2830 709 (22)
2856 656 2870 694 :
2905 650 3034 695 tunc
3060 639 3238 695 clerus
3265 639 3444 694 omnis
3489 648 3565 694 et,
3591 656 3761 710 popu-

2165 733 2251 789 lus
2297 734 2605 804 congregati
2637 732 2895 798 volebant
2923 730 3359 787 substituendum
3383 731 3586 799 eligere
3615 730 3761 785 Lau-

2072 846 2073 849 η
2165 820 2415 881 francum
2445 823 2587 895 (25);
2618 838 2806 878 verum
2844 831 2957 878 toto
2982 823 3268 878 conamine
3320 821 3413 877 ille
3458 821 3566 877 tale
3616 837 3760 877 onus

2165 914 2444 971 devitabat
2469 913 2669 973 subire,
2703 912 2982 967 humiliter
3033 912 3206 982 magis
3253 904 3479 980 cupiens
3527 913 3759 966 subesse

2165 1021 2328 1077 quam
2356 1018 2612 1075 praesse.
2643 1001 2777 1056 Nam
2818 1002 3093 1058 abbatiam
3131 1002 3541 1062 cadomensem,
3590 1016 3758 1071 quant

2169 1096 2368 1151 invitus
2389 1104 2726 1164 susceperat,
2757 1091 2991 1147 libenter
3021 1092 3339 1157 dimisisset,
3370 1091 3414 1146 si
3448 1101 3602 1146 extra
3633 1091 3757 1145 atti-

2168 1202 2270 1242 ma
2292 1186 2567 1241 lasionem
2617 1199 2837 1256 gravem
2889 1182 3071 1240 facere
3119 1182 3401 1238 valuisset.
3450 1182 3605 1249 Quod
3660 1199 3759 1237 rex

2167 1278 2475 1343 advertens,
2531 1275 2620 1347 (“j
2678 1274 2912 1344 providit
2959 1275 3255 1343 subrogare
3297 1272 3560 1329 Joannem
3612 1273 3758 1345 (24).

2166 1384 2326 1439 quem
2346 1366 2781 1423 Abricatensium
2811 1365 3168 1420 constituerat
3189 1363 3537 1434 pontiﬁcem;
3571 1364 3664 1419 sed
3696 1373 3757 1417 ut

2166 1464 2271 1515 hoc
2296 1458 2556 1514 canonice
2589 1459 2763 1521 tieret,
2809 1455 3084 1510 licentiam
3138 1455 3356 1525 petendi
3420 1455 3595 1525 gratia
3648 1454 3760 1510 ιίοο

2169 1568 2313 1606 mam
2368 1551 2566 1606 direxit
2612 1550 2861 1604 eumdem
2891 1546 3142 1603 abbatem
3194 1547 3583 1603 Cadomensem
3614 1546 3760 1601 Lano

2154 1646 2446 1711 .francum;
2480 1644 2574 1713 qui
2600 1658 2738 1697 onus
2767 1642 2992 1712 hujusce
3028 1640 3320 1711 legationis
3348 1640 3602 1695 alacriter
3630 1654 3759 1709 per-

2171 1737 2372 1801 ferens,
2422 1737 2562 1791 sicut
2605 1734 2864 1790 Ecclesiis
2917 1734 3171 1805 cupiebat
3208 1749 3328 1790 esse
3363 1733 3669 1788 consultum
3724 1747 3759 1788 n

2170 1845 2305 1903 papa
2330 1829 2640 1886 Alexandro
2664 1827 3002 1898 impetravit;
3031 1842 3247 1883 sacrum
3274 1840 3487 1897 quoque
3509 1824 3757 1894 pallium,

2169 1938 2291 1977 cum
2328 1921 2546 1977 licentia
2581 1920 2745 1991 hujus
2778 1919 3155 1989 promotiouis,
3217 1917 3551 1990 deportavit;
3611 1916 3760 1975 unde

2168 2023 2224 2070 et
2253 2013 2353 2086 ipsi
2386 2013 2482 2068 toti
2508 2010 2772 2068 Neustria
2796 2012 3053 2082 gaudium
3096 2011 3215 2065 fuit.

2782 2101 3012 2157 CAPUT
3050 2101 3135 2156 Vl.

2242 2196 2475 2254 l2.Post
2497 2197 2610 2253 hac
2624 2205 2886 2251 venerunt
2905 2196 2973 2250 ad
3000 2209 3181 2266 regem
3198 2194 3254 2251 in
3274 2193 3522 2263 Angliam
3545 2201 3656 2250 tres
3680 2191 3762 2247 ie-

2158 2293 2279 2363 .gati
2303 2288 2715 2363 simul,}Erminf
2715 2289 2876 2345 redus
2890 2288 3234 2344 Sedunorum
3256 2287 3759 2369 episcopus,etduo

2170 2383 2349 2438 clerici
2386 2381 2714 2447 cardinales,
2752 2381 2903 2436 missi
2931 2382 2997 2436 ad
3024 2380 3340 2452 petitionem
3369 2380 3536 2451 ipsius
3560 2394 3588 2432 a
3615 2392 3756 2449 papa

2170 2474 2501 2539 Alexandro,
2532 2472 2624 2543 qui
2652 2486 2801 2539 eum,
2853 2472 2907 2527 in
2937 2472 3144 2527 Pascha
3178 2486 3437 2528 coronam
3469 2470 3620 2541 regni
3660 2485 3761 2524 ca-

2171 2564 2266 2633 piti
2299 2564 2414 2634 ejus
2440 2564 2808 2633 impatientes,
2838 2561 2891 2617 in
2922 2576 3102 2633 regem
3141 2561 3428 2633 Anglicum
3458 2559 3758 2617 confirma-

2170 2663 2381 2708 verunt.
2430 2654 2519 2727 ("j
2581 2653 2912 2725 Congregata
2966 2661 3048 2708 est
3094 2668 3222 2725 ergo
3269 2654 3509 2726 synodus
3555 2666 3757 2725 magna

2174 2744 2540 2800 Windresoris
2554 2742 3072 2818 [al.,Windreford];
3084 2744 3205 2823 (25)
3218 2745 3272 2800 in
3286 2760 3415 2815 qua,
3427 2744 3758 2814 prasidente

2175 2851 2320 2906 rege,
2348 2837 2415 2892 ab
2440 2836 2570 2906 ipsis
2593 2834 2785 2905 legatis
2832 2834 3026 2905 dejecti
3060 2844 3188 2892 sunt
3238 2822 3460 2907 quidam
3510 2836 3759 2907 episcopi

2175 2926 2380 2995 indigni
2428 2926 2759 2997 episcopatu,
2814 2934 3036 2995 propter
3084 2925 3252 2980 vitam
3298 2926 3650 2980 criminosam
3701 2935 3762 2979 et

2173 3017 2444 3073 inscitiam
2492 3033 2639 3073 cura:
2667 3018 2973 3090 pastoralis.
3012 3018 3160 3073 Inter
3192 3032 3329 3087 quos
3358 3009 3448 3087 (³³)
3487 3017 3761 3087 deposue-

485 3118 537 3157 et
567 3105 807 3172 abbales,
838 3117 1171 3164 tremuerunt
1219 3111 1539 3181 sapientiam
1572 3110 1882 3177 Lanfranci,
1916 3121 2073 3183 atque
2092 3150 2143 3209 .C
2178 3119 2303 3165 runt
2325 3110 2642 3181 Stigandum
2670 3127 2793 3166 cum
2825 3111 3173 3166 anathemate
3209 3110 3582 3179 reprobatum,
3609 3109 3763 3164 utul-

489 3197 898 3268 religiositatem
948 3210 1003 3255 et
1058 3204 1478 3267 auctoritatem,
1518 3203 1634 3273 ejus
1663 3212 1717 3257 et
1748 3204 2070 3259 correctioni

488 3308 547 3347 se
576 3294 731 3349 subdi
764 3296 933 3365 gavisi
964 3304 1108 3351 sunt.
1140 3296 1317 3368 Ipsum
1347 3312 1564 3369 quoque
1593 3298 1847 3354 Ecclesia
1893 3299 2074 3368 plures

487 3382 797 3452 pontificem
851 3385 933 3440 vel
989 3387 1244 3441 abbatem
1295 3387 1397 3442 sibi
1457 3386 1756 3443 incredibili
1808 3388 2075 3443 desiderio

491 3474 781 3542 petierunt.
809 3476 900 3547 ('°)
933 3476 1124 3532 Roma.
1165 3487 1328 3548 caput
1377 3479 1549 3543 orbis,
1601 3479 1910 3534 sollicitavit
1964 3480 2074 3551 (2!)

490 3581 614 3620 eum
645 3568 911 3637 epistolis,
945 3579 1166 3641 precatu
1197 3580 1395 3626 conata
1442 3587 1565 3626 eum
1619 3573 1858 3627 retinere
1900 3581 1955 3628 et
2001 3574 2073 3628 vi.

493 3657 702 3728 Quippe
725 3670 1091 3731 cognoverant
1117 3677 1239 3716 eum
1269 3664 1656 3732 peritissimum
1688 3666 1911 3719 honesta
1934 3679 2079 3734 qua-

492 3746 649 3813 libet,
672 3758 727 3804 et
752 3765 941 3805 eorum
965 3752 1238 3806 contraria
1266 3768 1575 3820 secernere;
1608 3754 2076 3827 diligentissimum

484 3838 687 3907 cuique
716 3854 813 3895 sua
853 3842 1152 3898 retribuere
1176 3845 1556 3914 perpendiculo
1594 3847 2031 3903 rationabilitatis
2061 3863 2073 3909 ;

494 3930 960 3999 promptissimum
1008 3933 1174 3987 ardua
1219 3936 1460 4005 duraque
1485 3938 1763 4008 suscipere
1785 3952 1848 3991 ac
1874 3937 2079 4007 perpeti

498 4035 665 4074 causa
696 4021 809 4075 veri
826 4021 972 4076 boui.
995 4021 1374 4094 Cognoverant
1398 4029 1561 4084 etiam
1585 4030 1726 4083 hanc
1747 4030 1861 4100 ejus
1894 4029 2077 4092 vitam,

495 4130 619 4185 qua
670 4117 864 4171 merito
906 4117 1116 4173 dicatur
1144 4121 1388 4189 quadam
1428 4123 1479 4194 7
1518 4124 1873 4179 directissima
1921 4130 2082 4193 atque

482 4206 771 4265 tutissima
831 4208 902 4276 ad
957 4211 1209 4278 perennis
1237 4213 1361 4267 vita
1418 4223 1632 4285 portum
1674 4216 1784 4269 via.
1817 4213 1907 4268 Ille
1956 4229 2082 4268 vero

486 4299 662 4356 inimis
686 4300 853 4357 altum
886 4301 987 4357 sibi
1018 4303 1171 4360 duxit
1197 4304 1323 4360 aliis
1352 4321 1606 4375 praesse,
1640 4305 1878 4360 inﬁmam
1910 4313 2085 4359 extre-

500 4391 745 4445 mitatem
779 4391 940 4448 corde
975 4402 1033 4448 et
1076 4394 1267 4451 aﬂ'ectu
1322 4412 1427 4451 non
1481 4397 1754 4451 deserens.
1803 4396 2084 4451 Gloriosus

2174 3203 2246 3257 tis
2273 3204 2592 3259 criminibus
2618 3204 3059 3274 coinquinatum;
3084 3204 3175 3273 qui
3224 3218 3347 3257 eum
3378 3204 3587 3259 duobus
3641 3202 3767 3274 epi-

2176 3296 2607 3367 scopiisinfanda
2636 3297 2930 3352 ambitione
2989 3296 3434 3352 Cantuariensem
3485 3296 3764 3366 archiepi-

2176 3396 2453 3458 scopatum
2470 3387 2762 3442 invaserat.
2789 3377 3110 3443 Substitutis
3138 3386 3319 3457 itaque
3342 3387 3396 3442 in
3414 3386 3590 3442 locum
3614 3387 3769 3458 deje-

2176 3490 2388 3537 ctorum
2419 3464 2627 3536 idoneis
2648 3478 2976 3545 rectoribus,
3004 3480 3269 3533 remansit
3297 3494 3465 3545 vacua
3491 3479 3768 3532 Dorober-

2179 3573 2360 3628 nensis
2390 3572 2669 3637 cathedra,
2698 3572 2751 3626 in
2782 3587 2888 3642 qua
2922 3572 3194 3642 pretiosus
3242 3571 3443 3626 Christi
3479 3571 3770 3627 confessor

2177 3662 2510 3733 Augustinus
2560 3660 2812 3716 omnibus
2859 3661 3075 3730 prafuit
3117 3659 3413 3716 Britannia
3465 3662 3767 3732 episcopis.

2179 3752 2450 3822 Cogitanti
2478 3766 2607 3807 vero
2639 3752 2753 3821 regi
2785 3752 2852 3807 de
2875 3752 2980 3809 bac
3010 3768 3072 3808 re
3091 3762 3146 3809 et
3169 3769 3426 3824 proceres
3454 3754 3600 3824 regni
3634 3769 3773 3813 con-

2182 3846 2397 3911 sulenti,
2429 3844 2941 3901 convenientissima
2964 3848 3091 3911 tlue,
3126 3847 3178 3901 in
3210 3846 3514 3902 Lanfranco
3533 3848 3770 3916 quievit,

2182 3947 2450 4007 quatenus
2476 3937 2810 3992 uberrimum
2848 3937 3112 3992 luminare
3143 3938 3195 3992 in
3240 3937 3343 3993 hac
3395 3953 3521 3993 arce
3559 3938 3771 3995 clatum

2170 4028 2407 4084 ‘nebulas
2444 4028 2684 4099 undique
2735 4030 3064 4100 pravitatum
3100 4038 3154 4085 et
3203 4030 3466 4101 caligines
3512 4030 3770 4097 dilueret,

2184 4120 2536 4177 saluberrimo
2562 4119 2773 4191 fulgore
2814 4132 3007 4177 cuncta
3048 4122 3366 4178 honestatis.
3425 4122 3778 4193 Quapropter

2185 4210 2332 4265 misit
2365 4211 2653 4280 pradictos
2691 4211 2898 4283 legatos
2929 4214 2981 4268 in
3012 4212 3398 4269 Normanniam
3420 4215 3486 4268 ad
3505 4214 3606 4268 hoc
3630 4228 3777 4283 Opus

2175 4301 2591 4371 perliciendum.
2631 4300 2765 4357 Cum
2798 4302 2961 4373 igitur
2994 4301 3328 4358 Sedunensis
3355 4302 3643 4372 episcopus
3674 4302 3769 4357 in-

2185 4390 2385 4444 vitaret
2427 4404 2550 4444 eum
2576 4389 2645 4443 ad
2679 4391 2919 4460 regimen
2966 4391 3308 4460 pontiﬁcale,
3347 4391 3680 4448 denuntians
3719 4392 3775 4449 in

500 4481 609 4535 dux
659 4479 1092 4539 Normannorum
1153 4485 1454 4541 Willelmus
1490 4527 1503 4550 ,
1550 4487 1693 4541 hunc
1742 4487 2079 4556 praeordiali
2115 4490 2161 4546 ι)
2183 4477 2800 4554 concilioepiscoporum
2821 4489 2871 4537 et
2899 4483 3156 4537 abbatum
3178 4481 3521 4538 Normannia
3546 4484 3767 4554 petitio-

499 4573 714 4628 colebat
753 4574 1149 4643 familiaritate;
1202 4586 1532 4646 quapropter
1584 4577 1833 4630 cauobio
1909 4576 2084 4632 Cado-

574 4704 688 4777 (20)
729 4702 845 4761 Huc
876 4722 1045 4777 usque
1068 4707 1180 4762 fere
1217 4716 1382 4762 totum
1404 4722 1470 4760 ex
1494 4706 1614 4761 Vita
1660 4706 1804 4762 beati
1839 4706 2081 4764 Herluiui

502 4775 845 4846 deSumptum
872 4775 975 4833 est.

575 4846 685 4917 (21)
726 4848 854 4902 Vide
875 4865 938 4904 ea
959 4849 1026 4904 de
1050 4862 1106 4903 re
1130 4847 1409 4917 epistolam
1430 4846 1728 4901 Lanfranci
1761 4847 1825 4900 ad
1856 4848 2088 4904 Alexan-

504 4916 673 4971 drum
693 4918 1021 4988 pontificem,
1044 4916 1193 4988 num.
1216 4918 1300 4982 H,
1332 4916 1494 4983 infra,
1524 4928 1577 4972 et
1603 4919 1770 4987 ipsius
1792 4918 2083 4975 Alexandri

504 4987 786 5057 epistolam
841 4990 908 5044 ad
961 4987 1823 5060 Guillelmum__compiastorem
1881 4990 2086 5060 Anglia

428 5086 434 5091 ε
507 5071 858 5128 regem,qna
887 5068 970 5112 est
1010 5057 1465 5138 hujuspontilicis
1496 5059 1705 5139 decima
1755 5061 1897 5128 apud
1947 5057 2086 5115 Eab-

507 5126 691 5184 beum.
728 5137 855 5182 tom.
889 5128 958 5181 IX
985 5127 1367 5184 Conctltorum.
1398 5128 1501 5183 col.
1538 5129 1690 5184 1125.

578 5144 691 5195 Ulli,
728 5144 855 5182 ιοιιι.
889 5144 958 5181 ΙᾸ
985 5144 1367 5193 υοηαιιιοτωη,
1398 5144 1501 5183 (201.
1538 5144 1690 5184 1ης).

578 5198 709 5268 (22)⁵
734 5197 1229 5268 Manrilii_Elog_ium
1257 5199 1500 5253 dedimus
1528 5199 1595 5253 ad
1623 5215 1822 5253 annum
1857 5200 2013 5255 l067.

582 5266 694 5339 (25)
728 5268 871 5339 ldem
898 5266 1064 5322 refert
1089 5266 1381 5324 0rdericus
1406 5269 1614 5337 Vitalis,
1644 5270 1737 5325 lib.
1763 5285 1814 5324 tv
1836 5269 2089 5327 Historia:

509 5338 912 5393 eccleSiastica.
1036 5374 1037 5377 η
1810 5342 1813 5345 ’
2074 5376 2078 5384 .

584 5408 696 5478 (24)
735 5407 782 5460 ls
808 5406 1042 5461 Joannes
1064 5468 1067 5469 ν
1092 5415 1175 5461 est
1224 5418 1411 5464 auctor
1439 5410 1601 5465 libelli
1632 5412 1699 5467 de
1726 5410 1925 5466 divinis
1972 5412 2089 5466 oili-

511 5477 633 5549 eiis,
686 5492 844 5544 quem
902 5486 1012 5549 tum
1053 5478 1347 5549 episcopus
1393 5481 1802 5535 Abriucatensis
1846 5481 2089 5536 Maurilio

513 5545 931 5621 Rotbomagensi
963 5545 1307 5621 nuncupavit.
1337 5550 1601 5616 Quattuor
1653 5551 1718 5603 ad
1761 5552 1934 5618 ipsum
1981 5554 2091 5621 cpi-

514 5615 955 5689 stuias‘scripsit
999 5615 1501 5689 Lanfrancns,7qua:
1549 5621 1617 5674 ab
1660 5615 1895 5673 Acherio
1934 5615 2095 5675 edi—ta:

514 5695 660 5739 sntit.
699 5684 984 5759 Oecliden:
1013 5689 1123 5759 agit
1169 5684 1457 5753 Ortlericus
1513 5690 1605 5743 lib.
1641 5704 1673 5740 ν
1721 5689 1970 5743 Historiae
2023 5696 2091 5744 ad

518 5768 713 5809 annum
748 5754 901 5823 l079,
939 5754 1073 5827 quo'
1094 5761 1240 5817 obiit.
1277 5760 1408 5815 Vide
1458 5761 1529 5813 ibi
1578 5759 1693 5830 ejus
1731 5760 2085 5831 epitaphium.

2187 4592 2312 4631 nem
2345 4577 2506 4648 regis,
2535 4575 2805 4631 simulque
2832 4577 3163 4632 voluntatem
3200 4593 3379 4636 suam.
3420 4587 3476 4632 et
3527 4578 3774 4635 relicuo-

2258 4711 2371 4781 (25)
2411 4710 2662 4782 Synodus
2713 4710 2765 4766 in
2800 4725 2906 4782 qua
2938 4711 3184 4782 deposito
3230 4710 3491 4782 S_tigando
3532 4710 3776 4765 Cantnav

2189 4779 2359 4835 riensi'
2378 4779 2705 4836 substitutus
2731 4779 3172 4835 est’Lanfrancus
3192 4821 3205 4843 ,
3244 4779 3537 4834 Wintonia
3585 4782 3775 4834 habitu

2188 4860 2301 4916 est,
2340 4867 2482 4905 anno
2509 4851 2645 4904 1070
2670 4892 2683 4916 ,
2721 4851 2772 4905 in
2800 4851 3009 4905 octavis
3039 4848 3289 4914 Pascha,
3335 4867 3397 4903 ac
3425 4849 3583 4920 paqu
3614 4860 3737 4920 post
3762 4891 3779 4914 ,

2187 4921 2325 4976 feria
2355 4921 2565 4975 scilicet
2587 4921 2822 4975 secunda
2852 4929 2974 4988 post
3003 4919 3357 4975 Pentecosten
3386 4961 3400 4983 ,
3428 4919 3578 4988 apud
3613 4919 3781 4974 Win-

2190 4992 2531 5055 dleshorum;
2576 4990 2893 5045 Guillelmus
2919 4990 3315 5045 Eboracensem
3340 4988 3780 5059 archiepiscopa.

2189 5064 2301 5115 tum
2329 5062 2550 5116 Thema
2576 5061 2835 5123 contulit;
2862 5076 2982 5129 quae
3012 5061 3194 5114 omnia
3219 5100 3236 5126 ,
3275 5061 3429 5130 quasi
3469 5061 3522 5113 in
3563 5061 3781 5129 synodo

2189 5130 2652 5201 Windlesborensi
2691 5130 2850 5184 simul
2891 5130 3545 5201 contigissent,renarrat
3580 5138 3782 5201 auctor

2192 5210 2405 5266 noster;
2469 5201 2563 5254 sed
2614 5199 2877 5270 Rogerius
2923 5198 3243 5255 Hovédenus
3290 5200 3341 5254 in
3390 5208 3543 5270 parte
3602 5199 3777 5269 priori

2189 5271 2475 5337 Annalium
2495 5311 2508 5333 ,
2570 5268 2719 5324 duas'
2751 5270 2849 5324 has
2875 5271 3107 5340 synodos
3140 5270 3437 5340 distinguit.
3498 5268 3778 5340 Caterunt

2190 5341 2438 5412 quamvis
2462 5339 2741 5409 Anglicani
2768 5338 3366 5412 auctdresﬂStigandu'm
3412 5355 3515 5393 non
3548 5339 3781 5412 omnino

2192 5408 2453 5465 excusent
2479 5449 2493 5474 ,
2536 5408 2658 5463 eum
2690 5419 2866 5480 lamep
2902 5418 2956 5480 et
2984 5408 3118 5480 alios
3140 5408 3443 5480 episcopos,
3463 5417 3519 5463 et
3547 5409 3783 5480 abbates’
3808 5462 3813 5465 _

2192 5483 2262 5535 ob
2288 5482 2337 5534 id
2378 5480 2720 5548 potissimum
2756 5495 2784 5532 a
2811 5478 3093 5534 Guillelmo
3123 5475 3246 5549 rege
3271 5475 3583 5534 exturbatos
3607 5475 3781 5549 fuisse

2194 5551 2462 5617 scribunt,
2493 5560 2548 5604 ut
2574 5550 2868 5604 bortnanni
2894 5589 2908 5610 ,
2948 5550 3143 5619 quibus
3193 5548 3280 5604 ille
3329 5549 3500 5619 magis
3536 5548 3779 5619 Alidebat,

2195 5634 2385 5673 eorum
2418 5621 2635 5673 sedibus
2664 5619 2987 5689 potirentur.
3015 5618 3166 5685 Quod
3191 5617 3483 5689 scriptores
3509 5617 3785 5671 Normauv

2197 5691 2301 5743 uici
2334 5706 2362 5742 a
2389 5688 2677 5747 Giiillelmo
2700 5699 2846 5745 recta
2875 5690 3174 5745 intentione
3206 5689 3402 5745 factum
3434 5688 3601 5744 fuisse
3640 5703 3783 5743 ρους

2199 5762 2438 5819 lantiunt.
