  <div class='ocr_page' id='page_1' title='image "/cluster/home/n/w/nwhite01/storage/ocr_20150623/150/hvd.32044015473788/026.png"; bbox 0 0 3954 6306; ppageno 0'>
   <div class='ocr_carea' id='block_1_1' title="bbox 183 287 1761 371">
    <p class='ocr_par' dir='ltr' id='par_1_1' title="bbox 183 288 1761 371">
     <span class='ocr_line' id='line_1_1' title="bbox 183 288 1761 371; baseline -0.015 -17"><span class='ocrx_word' id='word_1_1' title='bbox 183 297 239 363; x_wconf 76' lang='grc' dir='ltr'><strong>ιι</strong></span> <span class='ocrx_word' id='word_1_2' title='bbox 1082 326 1083 329; x_wconf 58' lang='grc' dir='ltr'><strong>η</strong></span> <span class='ocrx_word' id='word_1_3' title='bbox 1238 362 1245 371; x_wconf 36' lang='grc' dir='ltr'><em>Ι</em></span> <span class='ocrx_word' id='word_1_4' title='bbox 1350 366 1355 370; x_wconf 19' lang='grc' dir='ltr'><em>ι</em></span> <span class='ocrx_word' id='word_1_5' title='bbox 1739 288 1761 342; x_wconf 63' lang='grc' dir='ltr'><strong>ι</strong></span> 
     </span>
    </p>
   </div>
   <div class='ocr_carea' id='block_1_2' title="bbox 1865 287 3469 371">
    <p class='ocr_par' dir='ltr' id='par_1_2' title="bbox 1865 290 3469 367">
     <span class='ocr_line' id='line_1_2' title="bbox 1865 290 3469 367; baseline 0.003 -24"><span class='ocrx_word' id='word_1_6' title='bbox 1865 290 1918 343; x_wconf 70' lang='grc' dir='ltr'>ι.</span> <span class='ocrx_word' id='word_1_7' title='bbox 3379 294 3469 367; x_wconf 57' lang='lat' dir='ltr'><strong>te.</strong></span> 
     </span>
    </p>
   </div>
   <div class='ocr_carea' id='block_1_3' title="bbox 182 403 3440 480">
    <p class='ocr_par' dir='ltr' id='par_1_3' title="bbox 182 403 3440 480">
     <span class='ocr_line' id='line_1_3' title="bbox 182 403 3440 480; baseline 0 -15"><span class='ocrx_word' id='word_1_8' title='bbox 182 425 295 465; x_wconf 90' lang='lat' dir='ltr'><strong>rum</strong></span> <span class='ocrx_word' id='word_1_9' title='bbox 312 403 1349 480; x_wconf 63' lang='lat' dir='ltr'><strong>sedisapostoliczelegatorum.etquasi</strong></span> <span class='ocrx_word' id='word_1_10' title='bbox 1366 411 1755 474; x_wconf 86' lang='lat' dir='ltr'><strong>praeceptorum</strong></span> <span class='ocrx_word' id='word_1_11' title='bbox 1788 409 1834 464; x_wconf 83' lang='grc' dir='ltr'><strong>Α</strong></span> <span class='ocrx_word' id='word_1_12' title='bbox 1859 404 1957 459; x_wconf 89' lang='lat' dir='ltr'><strong>dos</strong></span> <span class='ocrx_word' id='word_1_13' title='bbox 2005 404 2366 475; x_wconf 63' lang='lat' dir='ltr'><strong>quaestionum</strong></span> <span class='ocrx_word' id='word_1_14' title='bbox 2404 404 2459 460; x_wconf 93' lang='lat' dir='ltr'><strong>in</strong></span> <span class='ocrx_word' id='word_1_15' title='bbox 2502 406 2979 476; x_wconf 19' lang='lat' dir='ltr'><strong>utraquetsolvero</strong></span> <span class='ocrx_word' id='word_1_16' title='bbox 3039 408 3440 477; x_wconf 68' lang='lat' dir='ltr'><strong>potentissimo.</strong></span> 
     </span>
    </p>
   </div>
   <div class='ocr_carea' id='block_1_4' title="bbox 179 493 1764 569">
    <p class='ocr_par' dir='ltr' id='par_1_4' title="bbox 179 493 1764 569">
     <span class='ocr_line' id='line_1_4' title="bbox 179 493 1764 569; baseline -0.005 -14"><span class='ocrx_word' id='word_1_17' title='bbox 179 514 336 569; x_wconf 82' lang='lat' dir='ltr'><strong>super</strong></span> <span class='ocrx_word' id='word_1_18' title='bbox 362 499 461 551; x_wconf 88' lang='lat' dir='ltr'><strong>hac</strong></span> <span class='ocrx_word' id='word_1_19' title='bbox 490 498 826 566; x_wconf 70' lang='lat' dir='ltr'><strong>prmlatione,</strong></span> <span class='ocrx_word' id='word_1_20' title='bbox 852 505 1038 553; x_wconf 86' lang='lat' dir='ltr'><strong>sancta</strong></span> <span class='ocrx_word' id='word_1_21' title='bbox 1066 496 1167 559; x_wconf 88' lang='lat' dir='ltr'><strong>ira,</strong></span> <span class='ocrx_word' id='word_1_22' title='bbox 1197 505 1385 549; x_wconf 89' lang='lat' dir='ltr'><strong>sancta</strong></span> <span class='ocrx_word' id='word_1_23' title='bbox 1420 493 1636 549; x_wconf 92' lang='lat' dir='ltr'><strong>tristitia</strong></span> <span class='ocrx_word' id='word_1_24' title='bbox 1684 493 1764 547; x_wconf 90' lang='lat' dir='ltr'><strong>sic</strong></span> 
     </span>
    </p>
   </div>
   <div class='ocr_carea' id='block_1_5' title="bbox 180 584 1779 663">
    <p class='ocr_par' dir='ltr' id='par_1_5' title="bbox 180 584 1779 663">
     <span class='ocr_line' id='line_1_5' title="bbox 180 584 1779 663; baseline -0.006 -17"><span class='ocrx_word' id='word_1_25' title='bbox 180 587 546 663; x_wconf 84' lang='lat' dir='ltr'><strong>perturbatum</strong></span> <span class='ocrx_word' id='word_1_26' title='bbox 575 591 741 646; x_wconf 85' lang='lat' dir='ltr'><strong>fuisse</strong></span> <span class='ocrx_word' id='word_1_27' title='bbox 767 596 1147 659; x_wconf 87' lang='lat' dir='ltr'><strong>compererunt</strong></span> <span class='ocrx_word' id='word_1_28' title='bbox 1170 596 1228 643; x_wconf 92' lang='lat' dir='ltr'><strong>ut</strong></span> <span class='ocrx_word' id='word_1_29' title='bbox 1248 585 1470 641; x_wconf 92' lang='lat' dir='ltr'><strong>omnino</strong></span> <span class='ocrx_word' id='word_1_30' title='bbox 1488 584 1779 651; x_wconf 48' lang='lat' dir='ltr'><strong>contradir</strong></span> 
     </span>
    </p>
   </div>
   <div class='ocr_carea' id='block_1_6' title="bbox 175 678 1760 752">
    <p class='ocr_par' dir='ltr' id='par_1_6' title="bbox 175 678 1760 752">
     <span class='ocr_line' id='line_1_6' title="bbox 175 678 1760 752; baseline -0.004 -14"><span class='ocrx_word' id='word_1_31' title='bbox 175 691 389 738; x_wconf 78' lang='lat' dir='ltr'><strong>ctumm</strong></span> <span class='ocrx_word' id='word_1_32' title='bbox 405 691 657 752; x_wconf 78' lang='lat' dir='ltr'><strong>putarent</strong></span> <span class='ocrx_word' id='word_1_33' title='bbox 678 680 923 736; x_wconf 79' lang='lat' dir='ltr'><strong>inducias</strong></span> <span class='ocrx_word' id='word_1_34' title='bbox 947 680 1014 734; x_wconf 88' lang='lat' dir='ltr'><strong>ad</strong></span> <span class='ocrx_word' id='word_1_35' title='bbox 1041 678 1448 734; x_wconf 80' lang='lat' dir='ltr'><strong>deliberandum</strong></span> <span class='ocrx_word' id='word_1_36' title='bbox 1466 686 1760 746; x_wconf 80' lang='lat' dir='ltr'><strong>petentem.</strong></span> 
     </span>
    </p>
   </div>
   <div class='ocr_carea' id='block_1_7' title="bbox 181 768 1781 843">
    <p class='ocr_par' dir='ltr' id='par_1_7' title="bbox 181 768 1781 843">
     <span class='ocr_line' id='line_1_7' title="bbox 181 768 1781 843; baseline -0.005 -14"><span class='ocrx_word' id='word_1_37' title='bbox 181 773 522 843; x_wconf 81' lang='lat' dir='ltr'><strong>Perspeetum</strong></span> <span class='ocrx_word' id='word_1_38' title='bbox 543 787 775 842; x_wconf 86' lang='lat' dir='ltr'><strong>namque</strong></span> <span class='ocrx_word' id='word_1_39' title='bbox 789 772 874 828; x_wconf 84' lang='lat' dir='ltr'><strong>vel</strong></span> <span class='ocrx_word' id='word_1_40' title='bbox 890 772 1251 827; x_wconf 84' lang='lat' dir='ltr'><strong>indubitatum</strong></span> <span class='ocrx_word' id='word_1_41' title='bbox 1271 768 1662 825; x_wconf 90' lang='lat' dir='ltr'><strong>tenebatsimul</strong></span> <span class='ocrx_word' id='word_1_42' title='bbox 1688 770 1781 824; x_wconf 61' lang='lat' dir='ltr'><strong>ire,</strong></span> 
     </span>
    </p>
   </div>
   <div class='ocr_carea' id='block_1_8' title="bbox 182 859 1763 934">
    <p class='ocr_par' dir='ltr' id='par_1_8' title="bbox 182 859 1763 934">
     <span class='ocr_line' id='line_1_8' title="bbox 182 859 1763 934; baseline -0.002 -17"><span class='ocrx_word' id='word_1_43' title='bbox 182 879 283 917; x_wconf 85' lang='lat' dir='ltr'><strong>non</strong></span> <span class='ocrx_word' id='word_1_44' title='bbox 310 877 467 934; x_wconf 91' lang='lat' dir='ltr'><strong>posse</strong></span> <span class='ocrx_word' id='word_1_45' title='bbox 487 864 759 934; x_wconf 84' lang='lat' dir='ltr'><strong>negotium</strong></span> <span class='ocrx_word' id='word_1_46' title='bbox 793 861 1192 933; x_wconf 67' lang='lat' dir='ltr'><strong>archipraesulis</strong></span> <span class='ocrx_word' id='word_1_47' title='bbox 1220 869 1275 915; x_wconf 91' lang='lat' dir='ltr'><strong>et</strong></span> <span class='ocrx_word' id='word_1_48' title='bbox 1298 861 1469 914; x_wconf 84' lang='lat' dir='ltr'><strong>otium</strong></span> <span class='ocrx_word' id='word_1_49' title='bbox 1494 859 1763 914; x_wconf 80' lang='lat' dir='ltr'><strong>monachi.</strong></span> 
     </span>
    </p>
   </div>
   <div class='ocr_carea' id='block_1_9' title="bbox 182 951 1768 1025">
    <p class='ocr_par' dir='ltr' id='par_1_9' title="bbox 182 951 1768 1025">
     <span class='ocr_line' id='line_1_9' title="bbox 182 951 1768 1025; baseline -0.004 -16"><span class='ocrx_word' id='word_1_50' title='bbox 182 956 258 1010; x_wconf 82' lang='lat' dir='ltr'><strong>Ad</strong></span> <span class='ocrx_word' id='word_1_51' title='bbox 276 956 375 1010; x_wconf 93' lang='lat' dir='ltr'><strong>hoc</strong></span> <span class='ocrx_word' id='word_1_52' title='bbox 398 956 477 1009; x_wconf 91' lang='lat' dir='ltr'><strong>sui</strong></span> <span class='ocrx_word' id='word_1_53' title='bbox 506 966 816 1025; x_wconf 88' lang='lat' dir='ltr'><strong>provectum</strong></span> <span class='ocrx_word' id='word_1_54' title='bbox 832 955 993 1010; x_wconf 91' lang='lat' dir='ltr'><strong>solito</strong></span> <span class='ocrx_word' id='word_1_55' title='bbox 1020 951 1768 1023; x_wconf 77' lang='lat' dir='ltr'><strong>despiciebatatqueextitne-</strong></span> 
     </span>
    </p>
   </div>
   <div class='ocr_carea' id='block_1_10' title="bbox 185 1043 1765 1118">
    <p class='ocr_par' dir='ltr' id='par_1_10' title="bbox 185 1043 1765 1118">
     <span class='ocr_line' id='line_1_10' title="bbox 185 1043 1765 1118; baseline -0.004 -15"><span class='ocrx_word' id='word_1_56' title='bbox 185 1049 272 1103; x_wconf 90' lang='lat' dir='ltr'><strong>bat</strong></span> <span class='ocrx_word' id='word_1_57' title='bbox 314 1048 765 1103; x_wconf 89' lang='lat' dir='ltr'><strong>onerosissimum</strong></span> <span class='ocrx_word' id='word_1_58' title='bbox 809 1046 1257 1118; x_wconf 79' lang='lat' dir='ltr'><strong>gubernaculum.</strong></span> <span class='ocrx_word' id='word_1_59' title='bbox 1284 1043 1549 1099; x_wconf 88' lang='lat' dir='ltr'><strong>Precatur</strong></span> <span class='ocrx_word' id='word_1_60' title='bbox 1583 1043 1765 1113; x_wconf 83' lang='lat' dir='ltr'><strong>regina</strong></span> 
     </span>
    </p>
   </div>
   <div class='ocr_carea' id='block_1_11' title="bbox 188 1135 1766 1209">
    <p class='ocr_par' dir='ltr' id='par_1_11' title="bbox 188 1135 1766 1209">
     <span class='ocr_line' id='line_1_11' title="bbox 188 1135 1766 1209; baseline -0.003 -14"><span class='ocrx_word' id='word_1_61' title='bbox 188 1155 307 1195; x_wconf 75' lang='lat' dir='ltr'><strong>eum</strong></span> <span class='ocrx_word' id='word_1_62' title='bbox 326 1141 456 1206; x_wconf 82' lang='lat' dir='ltr'><strong>lilio,</strong></span> <span class='ocrx_word' id='word_1_63' title='bbox 474 1139 633 1209; x_wconf 82' lang='lat' dir='ltr'><strong>jubet</strong></span> <span class='ocrx_word' id='word_1_64' title='bbox 649 1139 815 1195; x_wconf 85' lang='lat' dir='ltr'><strong>abbas</strong></span> <span class='ocrx_word' id='word_1_65' title='bbox 832 1139 1139 1203; x_wconf 85' lang='lat' dir='ltr'><strong>llerluinus,</strong></span> <span class='ocrx_word' id='word_1_66' title='bbox 1159 1138 1283 1193; x_wconf 90' lang='lat' dir='ltr'><strong>licet</strong></span> <span class='ocrx_word' id='word_1_67' title='bbox 1308 1138 1527 1201; x_wconf 88' lang='lat' dir='ltr'><strong>invitus,</strong></span> <span class='ocrx_word' id='word_1_68' title='bbox 1545 1135 1629 1190; x_wconf 92' lang='lat' dir='ltr'><strong>cui</strong></span> <span class='ocrx_word' id='word_1_69' title='bbox 1650 1144 1766 1191; x_wconf 89' lang='lat' dir='ltr'><strong>tan-</strong></span> 
     </span>
    </p>
   </div>
   <div class='ocr_carea' id='block_1_12' title="bbox 189 1229 1765 1301">
    <p class='ocr_par' dir='ltr' id='par_1_12' title="bbox 189 1229 1765 1301">
     <span class='ocr_line' id='line_1_12' title="bbox 189 1229 1765 1301; baseline -0.003 -17"><span class='ocrx_word' id='word_1_70' title='bbox 189 1248 340 1301; x_wconf 84' lang='lat' dir='ltr'><strong>quam</strong></span> <span class='ocrx_word' id='word_1_71' title='bbox 364 1232 578 1287; x_wconf 85' lang='lat' dir='ltr'><strong>Christo</strong></span> <span class='ocrx_word' id='word_1_72' title='bbox 603 1232 823 1286; x_wconf 81' lang='lat' dir='ltr'><strong>obedire</strong></span> <span class='ocrx_word' id='word_1_73' title='bbox 844 1231 1035 1287; x_wconf 89' lang='lat' dir='ltr'><strong>solitus</strong></span> <span class='ocrx_word' id='word_1_74' title='bbox 1088 1239 1238 1294; x_wconf 88' lang='lat' dir='ltr'><strong>erat;</strong></span> <span class='ocrx_word' id='word_1_75' title='bbox 1277 1231 1568 1285; x_wconf 82' lang='lat' dir='ltr'><strong>hortantur</strong></span> <span class='ocrx_word' id='word_1_76' title='bbox 1597 1229 1765 1285; x_wconf 88' lang='lat' dir='ltr'><strong>etiam</strong></span> 
     </span>
    </p>
   </div>
   <div class='ocr_carea' id='block_1_13' title="bbox 189 1323 1768 1393">
    <p class='ocr_par' dir='ltr' id='par_1_13' title="bbox 189 1323 1768 1393">
     <span class='ocr_line' id='line_1_13' title="bbox 189 1323 1768 1393; baseline -0.001 -16"><span class='ocrx_word' id='word_1_77' title='bbox 189 1325 420 1378; x_wconf 72' lang='lat' dir='ltr'><strong>studio.~e</strong></span> <span class='ocrx_word' id='word_1_78' title='bbox 441 1325 508 1378; x_wconf 88' lang='lat' dir='ltr'><strong>ad</strong></span> <span class='ocrx_word' id='word_1_79' title='bbox 541 1324 643 1379; x_wconf 89' lang='lat' dir='ltr'><strong>hoc</strong></span> <span class='ocrx_word' id='word_1_80' title='bbox 671 1323 883 1378; x_wconf 80' lang='lat' dir='ltr'><strong>collecti</strong></span> <span class='ocrx_word' id='word_1_81' title='bbox 934 1323 1192 1392; x_wconf 88' lang='lat' dir='ltr'><strong>majores,</strong></span> <span class='ocrx_word' id='word_1_82' title='bbox 1220 1338 1343 1377; x_wconf 81' lang='lat' dir='ltr'><strong>nam</strong></span> <span class='ocrx_word' id='word_1_83' title='bbox 1402 1324 1541 1377; x_wconf 90' lang='lat' dir='ltr'><strong>hanc</strong></span> <span class='ocrx_word' id='word_1_84' title='bbox 1565 1335 1768 1393; x_wconf 76' lang='lat' dir='ltr'><strong>urgen-</strong></span> 
     </span>
    </p>
   </div>
   <div class='ocr_carea' id='block_1_14' title="bbox 188 1418 1764 1490">
    <p class='ocr_par' dir='ltr' id='par_1_14' title="bbox 188 1418 1764 1490">
     <span class='ocr_line' id='line_1_14' title="bbox 188 1418 1764 1490; baseline -0.001 -16"><span class='ocrx_word' id='word_1_85' title='bbox 188 1431 287 1475; x_wconf 86' lang='lat' dir='ltr'><strong>tem</strong></span> <span class='ocrx_word' id='word_1_86' title='bbox 312 1421 552 1490; x_wconf 73' lang='lat' dir='ltr'><strong>tmiique</strong></span> <span class='ocrx_word' id='word_1_87' title='bbox 576 1420 891 1474; x_wconf 86' lang='lat' dir='ltr'><strong>violentiam</strong></span> <span class='ocrx_word' id='word_1_88' title='bbox 927 1420 1231 1473; x_wconf 82' lang='lat' dir='ltr'><strong>dictaverat</strong></span> <span class='ocrx_word' id='word_1_89' title='bbox 1260 1419 1573 1472; x_wconf 88' lang='lat' dir='ltr'><strong>mandatum</strong></span> <span class='ocrx_word' id='word_1_90' title='bbox 1603 1418 1764 1489; x_wconf 85' lang='lat' dir='ltr'><strong>regis,</strong></span> 
     </span>
    </p>
   </div>
   <div class='ocr_carea' id='block_1_15' title="bbox 182 1502 1764 1576">
    <p class='ocr_par' dir='ltr' id='par_1_15' title="bbox 182 1502 1764 1576">
     <span class='ocr_line' id='line_1_15' title="bbox 182 1502 1764 1576; baseline -0.003 -7"><span class='ocrx_word' id='word_1_91' title='bbox 182 1513 396 1569; x_wconf 78' lang='lat' dir='ltr'><strong>scirntis</strong></span> <span class='ocrx_word' id='word_1_92' title='bbox 439 1502 1235 1567; x_wconf 72' lang='lat' dir='ltr'><strong>obstinationemdilectissimi</strong></span> <span class='ocrx_word' id='word_1_93' title='bbox 1269 1510 1372 1566; x_wconf 85' lang='lat' dir='ltr'><strong>sibi</strong></span> <span class='ocrx_word' id='word_1_94' title='bbox 1412 1511 1616 1576; x_wconf 79' lang='lat' dir='ltr'><strong>Patris,</strong></span> <span class='ocrx_word' id='word_1_95' title='bbox 1643 1527 1764 1566; x_wconf 86' lang='lat' dir='ltr'><strong>cum</strong></span> 
     </span>
    </p>
   </div>
   <div class='ocr_carea' id='block_1_16' title="bbox 179 1586 1764 1675">
    <p class='ocr_par' dir='ltr' id='par_1_16' title="bbox 179 1586 1764 1675">
     <span class='ocr_line' id='line_1_16' title="bbox 179 1586 1764 1675; baseline -0.001 -19"><span class='ocrx_word' id='word_1_96' title='bbox 179 1605 244 1658; x_wconf 88' lang='lat' dir='ltr'><strong>ad</strong></span> <span class='ocrx_word' id='word_1_97' title='bbox 273 1603 463 1658; x_wconf 83' lang='lat' dir='ltr'><strong>altiora</strong></span> <span class='ocrx_word' id='word_1_98' title='bbox 492 1604 839 1675; x_wconf 77' lang='lat' dir='ltr'><strong>invitaretur.</strong></span> <span class='ocrx_word' id='word_1_99' title='bbox 872 1602 988 1658; x_wconf 85' lang='lat' dir='ltr'><strong>Non</strong></span> <span class='ocrx_word' id='word_1_100' title='bbox 1024 1603 1213 1657; x_wconf 78' lang='lat' dir='ltr'><strong>abnuit</strong></span> <span class='ocrx_word' id='word_1_101' title='bbox 1233 1602 1335 1658; x_wconf 78' lang='lat' dir='ltr'><strong>ille</strong></span> <span class='ocrx_word' id='word_1_102' title='bbox 1360 1603 1617 1673; x_wconf 53' lang='lat' dir='ltr'><strong>pramipiti</strong></span> <span class='ocrx_word' id='word_1_103' title='bbox 1642 1586 1764 1659; x_wconf 86' lang='lat' dir='ltr'><strong>sen-</strong></span> 
     </span>
    </p>
   </div>
   <div class='ocr_carea' id='block_1_17' title="bbox 182 1695 1761 1765">
    <p class='ocr_par' dir='ltr' id='par_1_17' title="bbox 182 1695 1761 1765">
     <span class='ocr_line' id='line_1_17' title="bbox 182 1695 1761 1765; baseline 0.002 -17"><span class='ocrx_word' id='word_1_104' title='bbox 182 1697 367 1760; x_wconf 89' lang='lat' dir='ltr'><strong>tentia,</strong></span> <span class='ocrx_word' id='word_1_105' title='bbox 400 1706 642 1752; x_wconf 69' lang='lat' dir='ltr'><strong>ttto‘mne</strong></span> <span class='ocrx_word' id='word_1_106' title='bbox 679 1697 878 1751; x_wconf 79' lang='lat' dir='ltr'><strong>fat-tum</strong></span> <span class='ocrx_word' id='word_1_107' title='bbox 912 1713 976 1752; x_wconf 87' lang='lat' dir='ltr'><strong>ac</strong></span> <span class='ocrx_word' id='word_1_108' title='bbox 1003 1696 1204 1751; x_wconf 90' lang='lat' dir='ltr'><strong>dictum</strong></span> <span class='ocrx_word' id='word_1_109' title='bbox 1247 1695 1364 1765; x_wconf 86' lang='lat' dir='ltr'><strong>ejus</strong></span> <span class='ocrx_word' id='word_1_110' title='bbox 1419 1695 1761 1751; x_wconf 84' lang='lat' dir='ltr'><strong>discretionis</strong></span> 
     </span>
    </p>
   </div>
   <div class='ocr_carea' id='block_1_18' title="bbox 1869 496 3452 569">
    <p class='ocr_par' dir='ltr' id='par_1_18' title="bbox 1869 496 3452 569">
     <span class='ocr_line' id='line_1_18' title="bbox 1869 496 3452 569; baseline 0.004 -18"><span class='ocrx_word' id='word_1_111' title='bbox 1869 496 2054 552; x_wconf 83' lang='lat' dir='ltr'><strong>Fidem</strong></span> <span class='ocrx_word' id='word_1_112' title='bbox 2084 498 2301 568; x_wconf 88' lang='lat' dir='ltr'><strong>scriptis</strong></span> <span class='ocrx_word' id='word_1_113' title='bbox 2330 512 2542 553; x_wconf 90' lang='lat' dir='ltr'><strong>merear</strong></span> <span class='ocrx_word' id='word_1_114' title='bbox 2567 498 2788 563; x_wconf 86' lang='lat' dir='ltr'><strong>nullam,</strong></span> <span class='ocrx_word' id='word_1_115' title='bbox 2823 498 2925 553; x_wconf 89' lang='lat' dir='ltr'><strong>nisi</strong></span> <span class='ocrx_word' id='word_1_116' title='bbox 2969 513 3087 569; x_wconf 75' lang='lat' dir='ltr'><strong>qute</strong></span> <span class='ocrx_word' id='word_1_117' title='bbox 3132 500 3311 556; x_wconf 88' lang='lat' dir='ltr'><strong>scribo</strong></span> <span class='ocrx_word' id='word_1_118' title='bbox 3344 501 3452 558; x_wconf 83' lang='lat' dir='ltr'><strong>Eu-</strong></span> 
     </span>
    </p>
   </div>
   <div class='ocr_carea' id='block_1_19' title="bbox 1866 578 3446 660">
    <p class='ocr_par' dir='ltr' id='par_1_19' title="bbox 1866 578 3446 660">
     <span class='ocr_line' id='line_1_19' title="bbox 1866 578 3446 660; baseline 0.003 -16"><span class='ocrx_word' id='word_1_119' title='bbox 1866 578 2013 659; x_wconf 82' lang='lat' dir='ltr'><strong>ropae</strong></span> <span class='ocrx_word' id='word_1_120' title='bbox 2036 588 2262 645; x_wconf 88' lang='lat' dir='ltr'><strong>latitudo</strong></span> <span class='ocrx_word' id='word_1_121' title='bbox 2296 597 2526 645; x_wconf 83' lang='lat' dir='ltr'><strong>asserat.</strong></span> <span class='ocrx_word' id='word_1_122' title='bbox 2557 589 2741 660; x_wconf 85' lang='lat' dir='ltr'><strong>Neque</strong></span> <span class='ocrx_word' id='word_1_123' title='bbox 2768 589 2915 645; x_wconf 86' lang='lat' dir='ltr'><strong>sileri</strong></span> <span class='ocrx_word' id='word_1_124' title='bbox 2966 598 3095 659; x_wconf 93' lang='lat' dir='ltr'><strong>puto</strong></span> <span class='ocrx_word' id='word_1_125' title='bbox 3122 591 3187 646; x_wconf 91' lang='lat' dir='ltr'><strong>de</strong></span> <span class='ocrx_word' id='word_1_126' title='bbox 3239 592 3446 649; x_wconf 88' lang='lat' dir='ltr'><strong>eisdem</strong></span> 
     </span>
    </p>
   </div>
   <div class='ocr_carea' id='block_1_20' title="bbox 1869 679 3454 752">
    <p class='ocr_par' dir='ltr' id='par_1_20' title="bbox 1869 679 3454 752">
     <span class='ocr_line' id='line_1_20' title="bbox 1869 679 3454 752; baseline 0.001 -15"><span class='ocrx_word' id='word_1_127' title='bbox 1869 681 1923 739; x_wconf 81' lang='lat' dir='ltr'><strong>in</strong></span> <span class='ocrx_word' id='word_1_128' title='bbox 1961 682 2139 737; x_wconf 77' lang='lat' dir='ltr'><strong>Africa</strong></span> <span class='ocrx_word' id='word_1_129' title='bbox 2176 683 2263 738; x_wconf 85' lang='lat' dir='ltr'><strong>vel</strong></span> <span class='ocrx_word' id='word_1_130' title='bbox 2312 682 2459 737; x_wconf 77' lang='lat' dir='ltr'><strong>Asia.</strong></span> <span class='ocrx_word' id='word_1_131' title='bbox 2512 681 2631 752; x_wconf 84' lang='lat' dir='ltr'><strong>Ipse</strong></span> <span class='ocrx_word' id='word_1_132' title='bbox 2679 696 2807 737; x_wconf 88' lang='lat' dir='ltr'><strong>vero</strong></span> <span class='ocrx_word' id='word_1_133' title='bbox 2857 679 3195 737; x_wconf 69' lang='lat' dir='ltr'><strong>Lanl’rancus</strong></span> <span class='ocrx_word' id='word_1_134' title='bbox 3247 684 3454 739; x_wconf 82' lang='lat' dir='ltr'><strong>ideirro</strong></span> 
     </span>
    </p>
   </div>
   <div class='ocr_carea' id='block_1_21' title="bbox 1866 772 3451 847">
    <p class='ocr_par' dir='ltr' id='par_1_21' title="bbox 1866 772 3451 847">
     <span class='ocr_line' id='line_1_21' title="bbox 1866 772 3451 847; baseline -0.001 -16"><span class='ocrx_word' id='word_1_135' title='bbox 1866 775 2175 847; x_wconf 75' lang='lat' dir='ltr'><strong>pontificale</strong></span> <span class='ocrx_word' id='word_1_136' title='bbox 2196 790 2333 831; x_wconf 89' lang='lat' dir='ltr'><strong>onus</strong></span> <span class='ocrx_word' id='word_1_137' title='bbox 2368 772 2743 845; x_wconf 75' lang='lat' dir='ltr'><strong>subterfugere</strong></span> <span class='ocrx_word' id='word_1_138' title='bbox 2772 774 3040 846; x_wconf 85' lang='lat' dir='ltr'><strong>gestiebat</strong></span> <span class='ocrx_word' id='word_1_139' title='bbox 3073 774 3204 844; x_wconf 87' lang='lat' dir='ltr'><strong>quia</strong></span> <span class='ocrx_word' id='word_1_140' title='bbox 3234 777 3451 845; x_wconf 82' lang='lat' dir='ltr'><strong>sapien-</strong></span> 
     </span>
    </p>
   </div>
   <div class='ocr_carea' id='block_1_22' title="bbox 1871 866 3455 939">
    <p class='ocr_par' dir='ltr' id='par_1_22' title="bbox 1871 866 3455 939">
     <span class='ocr_line' id='line_1_22' title="bbox 1871 866 3455 939; baseline -0.001 -16"><span class='ocrx_word' id='word_1_141' title='bbox 1871 869 1941 924; x_wconf 86' lang='lat' dir='ltr'><strong>tia</strong></span> <span class='ocrx_word' id='word_1_142' title='bbox 1972 869 2162 938; x_wconf 92' lang='lat' dir='ltr'><strong>plenus</strong></span> <span class='ocrx_word' id='word_1_143' title='bbox 2183 868 2512 939; x_wconf 76' lang='lat' dir='ltr'><strong>praevidebat</strong></span> <span class='ocrx_word' id='word_1_144' title='bbox 2532 867 2672 936; x_wconf 89' lang='lat' dir='ltr'><strong>quod</strong></span> <span class='ocrx_word' id='word_1_145' title='bbox 2703 868 2871 922; x_wconf 91' lang='lat' dir='ltr'><strong>otium</strong></span> <span class='ocrx_word' id='word_1_146' title='bbox 2901 866 3222 921; x_wconf 90' lang='lat' dir='ltr'><strong>monachilis</strong></span> <span class='ocrx_word' id='word_1_147' title='bbox 3245 869 3455 922; x_wconf 82' lang='lat' dir='ltr'><strong>ordinis</strong></span> 
     </span>
    </p>
   </div>
   <div class='ocr_carea' id='block_1_23' title="bbox 1870 957 3457 1031">
    <p class='ocr_par' dir='ltr' id='par_1_23' title="bbox 1870 957 3457 1031">
     <span class='ocr_line' id='line_1_23' title="bbox 1870 957 3457 1031; baseline -0.001 -16"><span class='ocrx_word' id='word_1_148' title='bbox 1870 960 2012 1015; x_wconf 89' lang='lat' dir='ltr'><strong>inter</strong></span> <span class='ocrx_word' id='word_1_149' title='bbox 2064 961 2485 1031; x_wconf 87' lang='lat' dir='ltr'><strong>occupationum</strong></span> <span class='ocrx_word' id='word_1_150' title='bbox 2549 958 2937 1030; x_wconf 88' lang='lat' dir='ltr'><strong>episcopalium</strong></span> <span class='ocrx_word' id='word_1_151' title='bbox 2985 957 3457 1030; x_wconf 66' lang='lat' dir='ltr'><strong>frequentissimis</strong></span> 
     </span>
    </p>
   </div>
   <div class='ocr_carea' id='block_1_24' title="bbox 1872 1049 3452 1122">
    <p class='ocr_par' dir='ltr' id='par_1_24' title="bbox 1872 1049 3452 1122">
     <span class='ocr_line' id='line_1_24' title="bbox 1872 1049 3452 1122; baseline 0.001 -17"><span class='ocrx_word' id='word_1_152' title='bbox 1872 1053 2132 1106; x_wconf 90' lang='lat' dir='ltr'><strong>tumultus</strong></span> <span class='ocrx_word' id='word_1_153' title='bbox 2162 1064 2506 1120; x_wconf 84' lang='lat' dir='ltr'><strong>nequaquam</strong></span> <span class='ocrx_word' id='word_1_154' title='bbox 2537 1066 2599 1105; x_wconf 75' lang='lat' dir='ltr'><strong>ex</strong></span> <span class='ocrx_word' id='word_1_155' title='bbox 2635 1049 2847 1119; x_wconf 85' lang='lat' dir='ltr'><strong>integro</strong></span> <span class='ocrx_word' id='word_1_156' title='bbox 2898 1049 3085 1104; x_wconf 91' lang='lat' dir='ltr'><strong>haberi</strong></span> <span class='ocrx_word' id='word_1_157' title='bbox 3121 1057 3301 1120; x_wconf 88' lang='lat' dir='ltr'><strong>potest</strong></span> <span class='ocrx_word' id='word_1_158' title='bbox 3337 1049 3452 1122; x_wconf 69' lang='grc'><strong>(³³).</strong></span> 
     </span>
    </p>
   </div>
   <div class='ocr_carea' id='block_1_25' title="bbox 1869 1139 3456 1213">
    <p class='ocr_par' dir='ltr' id='par_1_25' title="bbox 1869 1139 3456 1213">
     <span class='ocr_line' id='line_1_25' title="bbox 1869 1139 3456 1213; baseline -0.002 -13"><span class='ocrx_word' id='word_1_159' title='bbox 1869 1144 2097 1200; x_wconf 89' lang='lat' dir='ltr'><strong>Terreat</strong></span> <span class='ocrx_word' id='word_1_160' title='bbox 2152 1143 2460 1213; x_wconf 80' lang='lat' dir='ltr'><strong>exemplum</strong></span> <span class='ocrx_word' id='word_1_161' title='bbox 2513 1141 2655 1197; x_wconf 92' lang='lat' dir='ltr'><strong>istud</strong></span> <span class='ocrx_word' id='word_1_162' title='bbox 2720 1142 3005 1196; x_wconf 89' lang='lat' dir='ltr'><strong>damnatos</strong></span> <span class='ocrx_word' id='word_1_163' title='bbox 3051 1157 3178 1196; x_wconf 90' lang='lat' dir='ltr'><strong>cum</strong></span> <span class='ocrx_word' id='word_1_164' title='bbox 3232 1139 3456 1198; x_wconf 85' lang='lat' dir='ltr'><strong>Simone</strong></span> 
     </span>
    </p>
   </div>
   <div class='ocr_carea' id='block_1_26' title="bbox 1869 1236 3458 1310">
    <p class='ocr_par' dir='ltr' id='par_1_26' title="bbox 1869 1236 3458 1310">
     <span class='ocr_line' id='line_1_26' title="bbox 1869 1236 3458 1310; baseline 0.001 -19"><span class='ocrx_word' id='word_1_165' title='bbox 1869 1237 2022 1309; x_wconf 84' lang='lat' dir='ltr'><strong>Mago</strong></span> <span class='ocrx_word' id='word_1_166' title='bbox 2046 1237 2161 1292; x_wconf 84' lang='lat' dir='ltr'><strong>zelo</strong></span> <span class='ocrx_word' id='word_1_167' title='bbox 2207 1238 2468 1308; x_wconf 77' lang='lat' dir='ltr'><strong>principis</strong></span> <span class='ocrx_word' id='word_1_168' title='bbox 2510 1236 2915 1308; x_wconf 86' lang='lat' dir='ltr'><strong>apostolorum;</strong></span> <span class='ocrx_word' id='word_1_169' title='bbox 2974 1236 3101 1293; x_wconf 91' lang='lat' dir='ltr'><strong>hinc</strong></span> <span class='ocrx_word' id='word_1_170' title='bbox 3148 1236 3458 1310; x_wconf 72' lang='lat' dir='ltr'><strong>intelligant</strong></span> 
     </span>
    </p>
   </div>
   <div class='ocr_carea' id='block_1_27' title="bbox 1868 1329 3458 1401">
    <p class='ocr_par' dir='ltr' id='par_1_27' title="bbox 1868 1329 3458 1401">
     <span class='ocr_line' id='line_1_27' title="bbox 1868 1329 3458 1401; baseline 0.003 -20"><span class='ocrx_word' id='word_1_171' title='bbox 1868 1329 2219 1401; x_wconf 87' lang='lat' dir='ltr'><strong>perditissimi</strong></span> <span class='ocrx_word' id='word_1_172' title='bbox 2277 1330 2571 1384; x_wconf 90' lang='lat' dir='ltr'><strong>amentiam</strong></span> <span class='ocrx_word' id='word_1_173' title='bbox 2632 1344 2787 1384; x_wconf 88' lang='lat' dir='ltr'><strong>suam</strong></span> <span class='ocrx_word' id='word_1_174' title='bbox 2838 1347 2852 1384; x_wconf 90' lang='lat'><strong>:</strong></span> <span class='ocrx_word' id='word_1_175' title='bbox 2899 1330 3219 1385; x_wconf 86' lang='lat' dir='ltr'><strong>muneribus</strong></span> <span class='ocrx_word' id='word_1_176' title='bbox 3267 1339 3458 1385; x_wconf 90' lang='lat' dir='ltr'><strong>emunt</strong></span> 
     </span>
    </p>
   </div>
   <div class='ocr_carea' id='block_1_28' title="bbox 1870 1421 3458 1492">
    <p class='ocr_par' dir='ltr' id='par_1_28' title="bbox 1870 1421 3458 1492">
     <span class='ocr_line' id='line_1_28' title="bbox 1870 1421 3458 1492; baseline 0 -16"><span class='ocrx_word' id='word_1_177' title='bbox 1870 1421 2190 1492; x_wconf 88' lang='lat' dir='ltr'><strong>ineptissimi</strong></span> <span class='ocrx_word' id='word_1_178' title='bbox 2230 1422 2374 1491; x_wconf 84' lang='lat' dir='ltr'><strong>quod</strong></span> <span class='ocrx_word' id='word_1_179' title='bbox 2431 1421 2729 1476; x_wconf 89' lang='lat' dir='ltr'><strong>secundum</strong></span> <span class='ocrx_word' id='word_1_180' title='bbox 2782 1422 2947 1476; x_wconf 87' lang='lat' dir='ltr'><strong>Deum</strong></span> <span class='ocrx_word' id='word_1_181' title='bbox 2996 1421 3234 1476; x_wconf 89' lang='lat' dir='ltr'><strong>oblatum</strong></span> <span class='ocrx_word' id='word_1_182' title='bbox 3270 1422 3458 1477; x_wconf 80' lang='lat' dir='ltr'><strong>tremit</strong></span> 
     </span>
    </p>
   </div>
   <div class='ocr_carea' id='block_1_29' title="bbox 1863 1512 3455 1584">
    <p class='ocr_par' dir='ltr' id='par_1_29' title="bbox 1863 1512 3455 1584">
     <span class='ocr_line' id='line_1_29' title="bbox 1863 1512 3455 1584; baseline 0.001 -16"><span class='ocrx_word' id='word_1_183' title='bbox 1863 1514 2019 1579; x_wconf 79' lang='lat' dir='ltr'><strong>talis,</strong></span> <span class='ocrx_word' id='word_1_184' title='bbox 2054 1515 2311 1584; x_wconf 81' lang='lat' dir='ltr'><strong>pecunias</strong></span> <span class='ocrx_word' id='word_1_185' title='bbox 2355 1513 2611 1579; x_wconf 71' lang='lat' dir='ltr'><strong>olferuut,</strong></span> <span class='ocrx_word' id='word_1_186' title='bbox 2653 1512 2887 1581; x_wconf 78' lang='lat' dir='ltr'><strong>majores</strong></span> <span class='ocrx_word' id='word_1_187' title='bbox 2924 1514 3273 1584; x_wconf 80' lang='lat' dir='ltr'><strong>promittunt,</strong></span> <span class='ocrx_word' id='word_1_188' title='bbox 3308 1530 3455 1569; x_wconf 85' lang='lat' dir='ltr'><strong>nunc</strong></span> 
     </span>
    </p>
   </div>
   <div class='ocr_carea' id='block_1_30' title="bbox 1868 1605 3453 1678">
    <p class='ocr_par' dir='ltr' id='par_1_30' title="bbox 1868 1605 3453 1678">
     <span class='ocr_line' id='line_1_30' title="bbox 1868 1605 3453 1678; baseline -0.001 -17"><span class='ocrx_word' id='word_1_189' title='bbox 1868 1624 1963 1678; x_wconf 89' lang='lat' dir='ltr'><strong>per</strong></span> <span class='ocrx_word' id='word_1_190' title='bbox 1996 1622 2074 1672; x_wconf 89' lang='lat' dir='ltr'><strong>se,</strong></span> <span class='ocrx_word' id='word_1_191' title='bbox 2107 1622 2367 1678; x_wconf 86' lang='lat' dir='ltr'><strong>nuncper</strong></span> <span class='ocrx_word' id='word_1_192' title='bbox 2395 1606 2832 1677; x_wconf 88' lang='lat' dir='ltr'><strong>amicos,quibus</strong></span> <span class='ocrx_word' id='word_1_193' title='bbox 2855 1605 3453 1677; x_wconf 89' lang='lat' dir='ltr'><strong>dignitatumculmina,</strong></span> 
     </span>
    </p>
   </div>
   <div class='ocr_carea' id='block_1_31' title="bbox 1865 1698 3457 1771">
    <p class='ocr_par' dir='ltr' id='par_1_31' title="bbox 1865 1698 3457 1771">
     <span class='ocr_line' id='line_1_31' title="bbox 1865 1698 3457 1771; baseline -0.001 -15"><span class='ocrx_word' id='word_1_194' title='bbox 1865 1702 1910 1756; x_wconf 89' lang='lat' dir='ltr'><strong>si</strong></span> <span class='ocrx_word' id='word_1_195' title='bbox 1936 1702 2001 1755; x_wconf 88' lang='lat' dir='ltr'><strong>ad</strong></span> <span class='ocrx_word' id='word_1_196' title='bbox 2026 1700 2325 1770; x_wconf 89' lang='lat' dir='ltr'><strong>hujusmodi</strong></span> <span class='ocrx_word' id='word_1_197' title='bbox 2355 1700 2612 1755; x_wconf 89' lang='lat' dir='ltr'><strong>honorem</strong></span> <span class='ocrx_word' id='word_1_198' title='bbox 2638 1698 2923 1771; x_wconf 81' lang='lat' dir='ltr'><strong>pervenire</strong></span> <span class='ocrx_word' id='word_1_199' title='bbox 2939 1699 3231 1771; x_wconf 88' lang='lat' dir='ltr'><strong>potuerint,</strong></span> <span class='ocrx_word' id='word_1_200' title='bbox 3267 1713 3457 1769; x_wconf 82' lang='lat' dir='ltr'><strong>repro-</strong></span> 
     </span>
    </p>
   </div>
   <div class='ocr_carea' id='block_1_32' title="bbox 175 1774 2113 1863">
    <p class='ocr_par' dir='ltr' id='par_1_32' title="bbox 175 1774 2113 1863">
     <span class='ocr_line' id='line_1_32' title="bbox 175 1774 2113 1863; baseline 0 -18"><span class='ocrx_word' id='word_1_201' title='bbox 175 1808 362 1846; x_wconf 87' lang='lat' dir='ltr'><strong>nnrma</strong></span> <span class='ocrx_word' id='word_1_202' title='bbox 405 1792 696 1863; x_wconf 79' lang='lat' dir='ltr'><strong>dirigebat.</strong></span> <span class='ocrx_word' id='word_1_203' title='bbox 735 1792 1110 1848; x_wconf 86' lang='lat' dir='ltr'><strong>Ohedientiam</strong></span> <span class='ocrx_word' id='word_1_204' title='bbox 1168 1790 1447 1846; x_wconf 72' lang='lat' dir='ltr'><strong>offendere</strong></span> <span class='ocrx_word' id='word_1_205' title='bbox 1476 1802 1651 1855; x_wconf 87' lang='lat' dir='ltr'><strong>cavet,</strong></span> <span class='ocrx_word' id='word_1_206' title='bbox 1690 1792 1767 1847; x_wconf 90' lang='lat' dir='ltr'><strong>si-</strong></span> <span class='ocrx_word' id='word_1_207' title='bbox 1800 1774 1842 1828; x_wconf 73' lang='grc' dir='ltr'>Β</span> <span class='ocrx_word' id='word_1_208' title='bbox 1871 1793 2113 1848; x_wconf 88' lang='lat' dir='ltr'><strong>mittunt.</strong></span> 
     </span>
    </p>
   </div>
   <div class='ocr_carea' id='block_1_33' title="bbox 176 1881 1763 1952">
    <p class='ocr_par' dir='ltr' id='par_1_33' title="bbox 176 1881 1763 1952">
     <span class='ocr_line' id='line_1_33' title="bbox 176 1881 1763 1952; baseline 0 -16"><span class='ocrx_word' id='word_1_209' title='bbox 176 1883 283 1936; x_wconf 87' lang='lat' dir='ltr'><strong>tunl</strong></span> <span class='ocrx_word' id='word_1_210' title='bbox 312 1893 368 1937; x_wconf 91' lang='lat' dir='ltr'><strong>et</strong></span> <span class='ocrx_word' id='word_1_211' title='bbox 398 1892 577 1937; x_wconf 90' lang='lat' dir='ltr'><strong>tantos</strong></span> <span class='ocrx_word' id='word_1_212' title='bbox 606 1884 696 1952; x_wconf 90' lang='lat' dir='ltr'><strong>qui</strong></span> <span class='ocrx_word' id='word_1_213' title='bbox 728 1893 942 1950; x_wconf 87' lang='lat' dir='ltr'><strong>rogant,</strong></span> <span class='ocrx_word' id='word_1_214' title='bbox 970 1883 1171 1945; x_wconf 84' lang='lat' dir='ltr'><strong>favent,</strong></span> <span class='ocrx_word' id='word_1_215' title='bbox 1200 1882 1510 1937; x_wconf 87' lang='lat' dir='ltr'><strong>hortantur.</strong></span> <span class='ocrx_word' id='word_1_216' title='bbox 1537 1881 1763 1938; x_wconf 62' lang='lat' dir='ltr'><strong>Moestus</strong></span> 
     </span>
    </p>
   </div>
   <div class='ocr_carea' id='block_1_34' title="bbox 168 1973 1760 2045">
    <p class='ocr_par' dir='ltr' id='par_1_34' title="bbox 168 1973 1760 2045">
     <span class='ocr_line' id='line_1_34' title="bbox 168 1973 1760 2045; baseline 0 -17"><span class='ocrx_word' id='word_1_217' title='bbox 168 1988 300 2044; x_wconf 85' lang='lat' dir='ltr'><strong>ergo</strong></span> <span class='ocrx_word' id='word_1_218' title='bbox 332 1985 482 2029; x_wconf 84' lang='lat' dir='ltr'><strong>trans</strong></span> <span class='ocrx_word' id='word_1_219' title='bbox 512 1989 662 2028; x_wconf 87' lang='lat' dir='ltr'><strong>mare</strong></span> <span class='ocrx_word' id='word_1_220' title='bbox 715 1985 1034 2029; x_wconf 80' lang='lat' dir='ltr'><strong>excusatum</strong></span> <span class='ocrx_word' id='word_1_221' title='bbox 1084 1988 1143 2029; x_wconf 90' lang='lat' dir='ltr'><strong>se</strong></span> <span class='ocrx_word' id='word_1_222' title='bbox 1201 1974 1629 2044; x_wconf 81' lang='lat' dir='ltr'><strong>vatlit,5perans</strong></span> <span class='ocrx_word' id='word_1_223' title='bbox 1668 1973 1760 2045; x_wconf 91' lang='lat' dir='ltr'><strong>ju-</strong></span> 
     </span>
    </p>
   </div>
   <div class='ocr_carea' id='block_1_35' title="bbox 175 2070 1759 2138">
    <p class='ocr_par' dir='ltr' id='par_1_35' title="bbox 175 2070 1759 2138">
     <span class='ocr_line' id='line_1_35' title="bbox 175 2070 1759 2138; baseline 0 -16"><span class='ocrx_word' id='word_1_224' title='bbox 175 2071 509 2125; x_wconf 85' lang='lat' dir='ltr'><strong>cunditatent</strong></span> <span class='ocrx_word' id='word_1_225' title='bbox 544 2071 596 2125; x_wconf 93' lang='lat' dir='ltr'><strong>in</strong></span> <span class='ocrx_word' id='word_1_226' title='bbox 647 2070 981 2128; x_wconf 83' lang='lat' dir='ltr'><strong>reversione.</strong></span> <span class='ocrx_word' id='word_1_227' title='bbox 1024 2072 1135 2127; x_wconf 59' lang='lat' dir='ltr'><strong>Non</strong></span> <span class='ocrx_word' id='word_1_228' title='bbox 1186 2071 1331 2126; x_wconf 87' lang='lat' dir='ltr'><strong>enim</strong></span> <span class='ocrx_word' id='word_1_229' title='bbox 1361 2070 1637 2126; x_wconf 64' lang='lat' dir='ltr'><strong>aestimare</strong></span> <span class='ocrx_word' id='word_1_230' title='bbox 1658 2083 1759 2138; x_wconf 91' lang='lat' dir='ltr'><strong>po-</strong></span> 
     </span>
    </p>
   </div>
   <div class='ocr_carea' id='block_1_36' title="bbox 179 2161 1760 2233">
    <p class='ocr_par' dir='ltr' id='par_1_36' title="bbox 179 2161 1760 2233">
     <span class='ocr_line' id='line_1_36' title="bbox 179 2161 1760 2233; baseline 0.003 -22"><span class='ocrx_word' id='word_1_231' title='bbox 179 2162 285 2213; x_wconf 85' lang='lat' dir='ltr'><strong>tuit</strong></span> <span class='ocrx_word' id='word_1_232' title='bbox 315 2161 398 2214; x_wconf 86' lang='lat' dir='ltr'><strong>vir</strong></span> <span class='ocrx_word' id='word_1_233' title='bbox 426 2162 747 2231; x_wconf 76' lang='lat' dir='ltr'><strong>singularis,</strong></span> <span class='ocrx_word' id='word_1_234' title='bbox 780 2164 952 2219; x_wconf 78' lang='lat' dir='ltr'><strong>forma</strong></span> <span class='ocrx_word' id='word_1_235' title='bbox 1006 2164 1260 2233; x_wconf 75' lang='lat' dir='ltr'><strong>perfecta:</strong></span> <span class='ocrx_word' id='word_1_236' title='bbox 1289 2163 1611 2219; x_wconf 80' lang='lat' dir='ltr'><strong>humilitatis</strong></span> <span class='ocrx_word' id='word_1_237' title='bbox 1634 2201 1650 2228; x_wconf 96' lang='lat'><strong>,</strong></span> <span class='ocrx_word' id='word_1_238' title='bbox 1674 2161 1760 2216; x_wconf 85' lang='lat' dir='ltr'><strong>in-</strong></span> 
     </span>
    </p>
   </div>
   <div class='ocr_carea' id='block_1_37' title="bbox 168 2249 1759 2323">
    <p class='ocr_par' dir='ltr' id='par_1_37' title="bbox 168 2249 1759 2323">
     <span class='ocr_line' id='line_1_37' title="bbox 168 2249 1759 2323; baseline 0.003 -22"><span class='ocrx_word' id='word_1_239' title='bbox 168 2249 338 2302; x_wconf 84' lang='lat' dir='ltr'><strong>vitum</strong></span> <span class='ocrx_word' id='word_1_240' title='bbox 373 2265 431 2303; x_wconf 88' lang='lat' dir='ltr'><strong>se</strong></span> <span class='ocrx_word' id='word_1_241' title='bbox 464 2253 532 2304; x_wconf 84' lang='lat' dir='ltr'><strong>at</strong></span> <span class='ocrx_word' id='word_1_242' title='bbox 581 2252 1104 2323; x_wconf 87' lang='lat' dir='ltr'><strong>archiepiscopatum</strong></span> <span class='ocrx_word' id='word_1_243' title='bbox 1145 2255 1307 2308; x_wconf 90' lang='lat' dir='ltr'><strong>trahi.</strong></span> <span class='ocrx_word' id='word_1_244' title='bbox 1372 2254 1648 2309; x_wconf 69' lang='lat' dir='ltr'><strong>Caeterum</strong></span> <span class='ocrx_word' id='word_1_245' title='bbox 1674 2253 1759 2307; x_wconf 89' lang='lat' dir='ltr'><strong>di—</strong></span> 
     </span>
    </p>
   </div>
   <div class='ocr_carea' id='block_1_38' title="bbox 171 2341 1762 2414">
    <p class='ocr_par' dir='ltr' id='par_1_38' title="bbox 171 2341 1762 2414">
     <span class='ocr_line' id='line_1_38' title="bbox 171 2341 1762 2414; baseline 0.003 -21"><span class='ocrx_word' id='word_1_246' title='bbox 171 2341 311 2395; x_wconf 69' lang='lat' dir='ltr'><strong>vina:</strong></span> <span class='ocrx_word' id='word_1_247' title='bbox 336 2343 672 2411; x_wconf 85' lang='lat' dir='ltr'><strong>dispositioni</strong></span> <span class='ocrx_word' id='word_1_248' title='bbox 727 2360 833 2413; x_wconf 89' lang='lat' dir='ltr'><strong>quo</strong></span> <span class='ocrx_word' id='word_1_249' title='bbox 882 2345 1112 2398; x_wconf 84' lang='lat' dir='ltr'><strong>consilio</strong></span> <span class='ocrx_word' id='word_1_250' title='bbox 1143 2346 1318 2399; x_wconf 83' lang='lat' dir='ltr'><strong>resisti</strong></span> <span class='ocrx_word' id='word_1_251' title='bbox 1352 2344 1597 2414; x_wconf 73' lang='lat' dir='ltr'><strong>poterit?</strong></span> <span class='ocrx_word' id='word_1_252' title='bbox 1649 2344 1762 2397; x_wconf 76' lang='lat' dir='ltr'><strong>Rex</strong></span> 
     </span>
    </p>
   </div>
   <div class='ocr_carea' id='block_1_39' title="bbox 162 2433 1765 2503">
    <p class='ocr_par' dir='ltr' id='par_1_39' title="bbox 162 2433 1765 2503">
     <span class='ocr_line' id='line_1_39' title="bbox 162 2433 1765 2503; baseline 0 -17"><span class='ocrx_word' id='word_1_253' title='bbox 162 2446 295 2486; x_wconf 70' lang='lat' dir='ltr'><strong>Cum</strong></span> <span class='ocrx_word' id='word_1_254' title='bbox 364 2433 559 2502; x_wconf 79' lang='lat' dir='ltr'><strong>gaudio</strong></span> <span class='ocrx_word' id='word_1_255' title='bbox 609 2443 771 2503; x_wconf 82' lang='lat' dir='ltr'><strong>atque</strong></span> <span class='ocrx_word' id='word_1_256' title='bbox 810 2450 931 2488; x_wconf 88' lang='lat' dir='ltr'><strong>cum</strong></span> <span class='ocrx_word' id='word_1_257' title='bbox 974 2433 1137 2503; x_wconf 81' lang='lat' dir='ltr'><strong>digna</strong></span> <span class='ocrx_word' id='word_1_258' title='bbox 1203 2434 1508 2489; x_wconf 83' lang='lat' dir='ltr'><strong>reverentia</strong></span> <span class='ocrx_word' id='word_1_259' title='bbox 1559 2433 1765 2502; x_wconf 86' lang='lat' dir='ltr'><strong>recepit</strong></span> 
     </span>
    </p>
   </div>
   <div class='ocr_carea' id='block_1_40' title="bbox 168 2525 1758 2597">
    <p class='ocr_par' dir='ltr' id='par_1_40' title="bbox 168 2525 1758 2597">
     <span class='ocr_line' id='line_1_40' title="bbox 168 2525 1758 2597; baseline -0.001 -18"><span class='ocrx_word' id='word_1_260' title='bbox 168 2525 501 2579; x_wconf 76' lang='lat' dir='ltr'><strong>Christiana:</strong></span> <span class='ocrx_word' id='word_1_261' title='bbox 538 2526 819 2595; x_wconf 82' lang='lat' dir='ltr'><strong>religionis</strong></span> <span class='ocrx_word' id='word_1_262' title='bbox 870 2527 1196 2597; x_wconf 90' lang='lat' dir='ltr'><strong>adjutorem,</strong></span> <span class='ocrx_word' id='word_1_263' title='bbox 1243 2525 1443 2581; x_wconf 87' lang='lat' dir='ltr'><strong>devicit</strong></span> <span class='ocrx_word' id='word_1_264' title='bbox 1485 2525 1758 2581; x_wconf 87' lang='lat' dir='ltr'><strong>reluctan-</strong></span> 
     </span>
    </p>
   </div>
   <div class='ocr_carea' id='block_1_41' title="bbox 176 2616 1760 2688">
    <p class='ocr_par' dir='ltr' id='par_1_41' title="bbox 176 2616 1760 2688">
     <span class='ocr_line' id='line_1_41' title="bbox 176 2616 1760 2688; baseline -0.002 -17"><span class='ocrx_word' id='word_1_265' title='bbox 176 2626 312 2680; x_wconf 84' lang='lat' dir='ltr'><strong>tem,</strong></span> <span class='ocrx_word' id='word_1_266' title='bbox 343 2618 750 2671; x_wconf 79' lang='lat' dir='ltr'><strong>excusationem</strong></span> <span class='ocrx_word' id='word_1_267' title='bbox 793 2618 1015 2688; x_wconf 90' lang='lat' dir='ltr'><strong>pulchre</strong></span> <span class='ocrx_word' id='word_1_268' title='bbox 1062 2632 1305 2688; x_wconf 86' lang='lat' dir='ltr'><strong>pugnans</strong></span> <span class='ocrx_word' id='word_1_269' title='bbox 1332 2616 1639 2672; x_wconf 87' lang='lat' dir='ltr'><strong>humilitate</strong></span> <span class='ocrx_word' id='word_1_270' title='bbox 1705 2623 1760 2669; x_wconf 88' lang='lat' dir='ltr'><strong>et</strong></span> 
     </span>
    </p>
   </div>
   <div class='ocr_carea' id='block_1_42' title="bbox 175 2694 1755 2783">
    <p class='ocr_par' dir='ltr' id='par_1_42' title="bbox 175 2694 1755 2783">
     <span class='ocr_line' id='line_1_42' title="bbox 175 2694 1755 2783; baseline -0.001 -20"><span class='ocrx_word' id='word_1_271' title='bbox 175 2709 484 2779; x_wconf 87' lang='lat' dir='ltr'><strong>majestate.</strong></span> <span class='ocrx_word' id='word_1_272' title='bbox 510 2694 859 2783; x_wconf 78' lang='lat' dir='ltr'><strong>Advocantur</strong></span> <span class='ocrx_word' id='word_1_273' title='bbox 888 2710 1047 2764; x_wconf 78' lang='lat' dir='ltr'><strong>hilari</strong></span> <span class='ocrx_word' id='word_1_274' title='bbox 1080 2708 1557 2779; x_wconf 81' lang='lat' dir='ltr'><strong>festivoquejussu</strong></span> <span class='ocrx_word' id='word_1_275' title='bbox 1613 2707 1755 2763; x_wconf 82' lang='lat' dir='ltr'><strong>Can-</strong></span> 
     </span>
    </p>
   </div>
   <div class='ocr_carea' id='block_1_43' title="bbox 174 2794 1761 2869">
    <p class='ocr_par' dir='ltr' id='par_1_43' title="bbox 174 2794 1761 2869">
     <span class='ocr_line' id='line_1_43' title="bbox 174 2794 1761 2869; baseline -0.001 -17"><span class='ocrx_word' id='word_1_276' title='bbox 174 2794 473 2853; x_wconf 85' lang='lat' dir='ltr'><strong>tuariensis</strong></span> <span class='ocrx_word' id='word_1_277' title='bbox 542 2798 796 2854; x_wconf 67' lang='lat' dir='ltr'><strong>Ecclesiae</strong></span> <span class='ocrx_word' id='word_1_278' title='bbox 842 2799 1108 2869; x_wconf 81' lang='lat' dir='ltr'><strong>primores</strong></span> <span class='ocrx_word' id='word_1_279' title='bbox 1142 2838 1159 2864; x_wconf 90' lang='lat'><strong>,</strong></span> <span class='ocrx_word' id='word_1_280' title='bbox 1208 2807 1263 2853; x_wconf 91' lang='lat' dir='ltr'><strong>et</strong></span> <span class='ocrx_word' id='word_1_281' title='bbox 1308 2798 1473 2851; x_wconf 87' lang='lat' dir='ltr'><strong>multa</strong></span> <span class='ocrx_word' id='word_1_282' title='bbox 1523 2796 1761 2868; x_wconf 79' lang='lat' dir='ltr'><strong>dignitas</strong></span> 
     </span>
    </p>
   </div>
   <div class='ocr_carea' id='block_1_44' title="bbox 175 2890 1388 2966">
    <p class='ocr_par' dir='ltr' id='par_1_44' title="bbox 175 2890 1388 2966">
     <span class='ocr_line' id='line_1_44' title="bbox 175 2890 1388 2966; baseline -0.003 -20"><span class='ocrx_word' id='word_1_283' title='bbox 175 2892 326 2962; x_wconf 85' lang='lat' dir='ltr'><strong>regni</strong></span> <span class='ocrx_word' id='word_1_284' title='bbox 359 2891 731 2945; x_wconf 76' lang='lat' dir='ltr'><strong>ecclesiastica</strong></span> <span class='ocrx_word' id='word_1_285' title='bbox 755 2901 809 2945; x_wconf 76' lang='lat' dir='ltr'><strong>et</strong></span> <span class='ocrx_word' id='word_1_286' title='bbox 836 2890 1132 2951; x_wconf 66' lang='lat' dir='ltr'><strong>secularis.</strong></span> <span class='ocrx_word' id='word_1_287' title='bbox 1384 2960 1388 2966; x_wconf 16' lang='grc' dir='ltr'><strong>Δ</strong></span> 
     </span>
    </p>
   </div>
   <div class='ocr_carea' id='block_1_45' title="bbox 247 2979 1761 3051">
    <p class='ocr_par' dir='ltr' id='par_1_45' title="bbox 247 2979 1761 3051">
     <span class='ocr_line' id='line_1_45' title="bbox 247 2979 1761 3051; baseline 0 -16"><span class='ocrx_word' id='word_1_288' title='bbox 247 2982 332 3035; x_wconf 75' lang='grc'><strong>15.</strong></span> <span class='ocrx_word' id='word_1_289' title='bbox 375 2980 533 3034; x_wconf 78' lang='lat' dir='ltr'><strong>Hunc</strong></span> <span class='ocrx_word' id='word_1_290' title='bbox 567 2981 734 3050; x_wconf 78' lang='lat' dir='ltr'><strong>igitur</strong></span> <span class='ocrx_word' id='word_1_291' title='bbox 772 2996 863 3036; x_wconf 75' lang='lat' dir='ltr'><strong>rex</strong></span> <span class='ocrx_word' id='word_1_292' title='bbox 897 2981 1090 3035; x_wconf 85' lang='lat' dir='ltr'><strong>intima</strong></span> <span class='ocrx_word' id='word_1_293' title='bbox 1134 2996 1350 3051; x_wconf 79' lang='lat' dir='ltr'><strong>semper</strong></span> <span class='ocrx_word' id='word_1_294' title='bbox 1378 2980 1545 3036; x_wconf 78' lang='lat' dir='ltr'><strong>coluit</strong></span> <span class='ocrx_word' id='word_1_295' title='bbox 1600 2979 1761 3035; x_wconf 83' lang='lat' dir='ltr'><strong>fami-</strong></span> 
     </span>
    </p>
   </div>
   <div class='ocr_carea' id='block_1_46' title="bbox 173 3070 1760 3141">
    <p class='ocr_par' dir='ltr' id='par_1_46' title="bbox 173 3070 1760 3141">
     <span class='ocr_line' id='line_1_46' title="bbox 173 3070 1760 3141; baseline 0.001 -17"><span class='ocrx_word' id='word_1_296' title='bbox 173 3070 431 3139; x_wconf 78' lang='lat' dir='ltr'><strong>liaritate,</strong></span> <span class='ocrx_word' id='word_1_297' title='bbox 478 3080 588 3125; x_wconf 90' lang='lat' dir='ltr'><strong>ttmt</strong></span> <span class='ocrx_word' id='word_1_298' title='bbox 629 3086 729 3141; x_wconf 91' lang='lat' dir='ltr'><strong>pro</strong></span> <span class='ocrx_word' id='word_1_299' title='bbox 758 3072 1020 3126; x_wconf 90' lang='lat' dir='ltr'><strong>eminenti</strong></span> <span class='ocrx_word' id='word_1_300' title='bbox 1062 3071 1403 3127; x_wconf 64' lang='lat' dir='ltr'><strong>saecularium</strong></span> <span class='ocrx_word' id='word_1_301' title='bbox 1462 3088 1525 3128; x_wconf 89' lang='lat' dir='ltr'><strong>ac</strong></span> <span class='ocrx_word' id='word_1_302' title='bbox 1552 3072 1760 3127; x_wconf 88' lang='lat' dir='ltr'><strong>divina-</strong></span> 
     </span>
    </p>
   </div>
   <div class='ocr_carea' id='block_1_47' title="bbox 172 3163 1761 3233">
    <p class='ocr_par' dir='ltr' id='par_1_47' title="bbox 172 3163 1761 3233">
     <span class='ocr_line' id='line_1_47' title="bbox 172 3163 1761 3233; baseline 0.003 -18"><span class='ocrx_word' id='word_1_303' title='bbox 172 3179 286 3216; x_wconf 85' lang='lat' dir='ltr'><strong>rum</strong></span> <span class='ocrx_word' id='word_1_304' title='bbox 316 3163 624 3217; x_wconf 85' lang='lat' dir='ltr'><strong>litterarum</strong></span> <span class='ocrx_word' id='word_1_305' title='bbox 658 3163 879 3233; x_wconf 90' lang='lat' dir='ltr'><strong>peritia,</strong></span> <span class='ocrx_word' id='word_1_306' title='bbox 910 3172 1020 3218; x_wconf 90' lang='lat' dir='ltr'><strong>tum</strong></span> <span class='ocrx_word' id='word_1_307' title='bbox 1050 3178 1149 3232; x_wconf 87' lang='lat' dir='ltr'><strong>pro</strong></span> <span class='ocrx_word' id='word_1_308' title='bbox 1194 3163 1500 3219; x_wconf 90' lang='lat' dir='ltr'><strong>monachici</strong></span> <span class='ocrx_word' id='word_1_309' title='bbox 1555 3163 1761 3219; x_wconf 89' lang='lat' dir='ltr'><strong>ordinis</strong></span> 
     </span>
    </p>
   </div>
   <div class='ocr_carea' id='block_1_48' title="bbox 172 3253 1762 3325">
    <p class='ocr_par' dir='ltr' id='par_1_48' title="bbox 172 3253 1762 3325">
     <span class='ocr_line' id='line_1_48' title="bbox 172 3253 1762 3325; baseline 0.002 -19"><span class='ocrx_word' id='word_1_310' title='bbox 172 3253 429 3324; x_wconf 79' lang='lat' dir='ltr'><strong>singulari</strong></span> <span class='ocrx_word' id='word_1_311' title='bbox 464 3255 835 3317; x_wconf 86' lang='lat' dir='ltr'><strong>observantia,</strong></span> <span class='ocrx_word' id='word_1_312' title='bbox 868 3254 1189 3325; x_wconf 80' lang='lat' dir='ltr'><strong>impendens</strong></span> <span class='ocrx_word' id='word_1_313' title='bbox 1234 3254 1283 3308; x_wconf 92' lang='lat' dir='ltr'><strong>ei</strong></span> <span class='ocrx_word' id='word_1_314' title='bbox 1317 3254 1683 3309; x_wconf 84' lang='lat' dir='ltr'><strong>reverentiam</strong></span> <span class='ocrx_word' id='word_1_315' title='bbox 1707 3262 1762 3309; x_wconf 90' lang='lat' dir='ltr'><strong>et</strong></span> 
     </span>
    </p>
   </div>
   <div class='ocr_carea' id='block_1_49' title="bbox 171 3345 1761 3415">
    <p class='ocr_par' dir='ltr' id='par_1_49' title="bbox 171 3345 1761 3415">
     <span class='ocr_line' id='line_1_49' title="bbox 171 3345 1761 3415; baseline -0.001 -17"><span class='ocrx_word' id='word_1_316' title='bbox 171 3345 427 3414; x_wconf 82' lang='lat' dir='ltr'><strong>gloriam;</strong></span> <span class='ocrx_word' id='word_1_317' title='bbox 451 3361 724 3401; x_wconf 89' lang='lat' dir='ltr'><strong>venerans</strong></span> <span class='ocrx_word' id='word_1_318' title='bbox 756 3355 815 3399; x_wconf 92' lang='lat' dir='ltr'><strong>ut</strong></span> <span class='ocrx_word' id='word_1_319' title='bbox 837 3355 1045 3415; x_wconf 87' lang='lat' dir='ltr'><strong>patrem</strong></span> <span class='ocrx_word' id='word_1_320' title='bbox 1072 3385 1088 3407; x_wconf 90' lang='lat'><strong>,</strong></span> <span class='ocrx_word' id='word_1_321' title='bbox 1120 3358 1312 3399; x_wconf 84' lang='lat' dir='ltr'><strong>verens</strong></span> <span class='ocrx_word' id='word_1_322' title='bbox 1344 3352 1403 3398; x_wconf 93' lang='lat' dir='ltr'><strong>ut</strong></span> <span class='ocrx_word' id='word_1_323' title='bbox 1458 3351 1761 3415; x_wconf 71' lang='lat' dir='ltr'><strong>prmcepto-</strong></span> 
     </span>
    </p>
   </div>
   <div class='ocr_carea' id='block_1_50' title="bbox 176 3428 1757 3509">
    <p class='ocr_par' dir='ltr' id='par_1_50' title="bbox 176 3428 1757 3509">
     <span class='ocr_line' id='line_1_50' title="bbox 176 3428 1757 3509; baseline -0.001 -19"><span class='ocrx_word' id='word_1_324' title='bbox 176 3453 305 3503; x_wconf 88' lang='lat' dir='ltr'><strong>rem,</strong></span> <span class='ocrx_word' id='word_1_325' title='bbox 363 3438 601 3509; x_wconf 88' lang='lat' dir='ltr'><strong>diligens</strong></span> <span class='ocrx_word' id='word_1_326' title='bbox 650 3445 709 3491; x_wconf 84' lang='grc' dir='ltr'><strong>ιιι</strong></span> <span class='ocrx_word' id='word_1_327' title='bbox 758 3437 922 3491; x_wconf 85' lang='lat' dir='ltr'><strong>ﬁlium</strong></span> <span class='ocrx_word' id='word_1_328' title='bbox 954 3436 1037 3491; x_wconf 85' lang='lat' dir='ltr'><strong>vel</strong></span> <span class='ocrx_word' id='word_1_329' title='bbox 1090 3435 1335 3492; x_wconf 81' lang='lat' dir='ltr'><strong>fratrem.</strong></span> <span class='ocrx_word' id='word_1_330' title='bbox 1384 3428 1463 3491; x_wconf 91' lang='lat' dir='ltr'><strong>Illi</strong></span> <span class='ocrx_word' id='word_1_331' title='bbox 1510 3437 1757 3492; x_wconf 89' lang='lat' dir='ltr'><strong>consulta</strong></span> 
     </span>
    </p>
   </div>
   <div class='ocr_carea' id='block_1_51' title="bbox 176 3526 1766 3598">
    <p class='ocr_par' dir='ltr' id='par_1_51' title="bbox 176 3526 1766 3598">
     <span class='ocr_line' id='line_1_51' title="bbox 176 3526 1766 3598; baseline 0 -17"><span class='ocrx_word' id='word_1_332' title='bbox 176 3528 364 3582; x_wconf 83' lang='lat' dir='ltr'><strong>aninne</strong></span> <span class='ocrx_word' id='word_1_333' title='bbox 389 3538 528 3593; x_wconf 74' lang='lat' dir='ltr'><strong>sine,</strong></span> <span class='ocrx_word' id='word_1_334' title='bbox 569 3528 644 3583; x_wconf 92' lang='lat' dir='ltr'><strong>illi</strong></span> <span class='ocrx_word' id='word_1_335' title='bbox 673 3527 945 3598; x_wconf 84' lang='lat' dir='ltr'><strong>speculam</strong></span> <span class='ocrx_word' id='word_1_336' title='bbox 985 3530 1298 3598; x_wconf 88' lang='lat' dir='ltr'><strong>quamdam,</strong></span> <span class='ocrx_word' id='word_1_337' title='bbox 1323 3528 1462 3581; x_wconf 89' lang='lat' dir='ltr'><strong>unde</strong></span> <span class='ocrx_word' id='word_1_338' title='bbox 1485 3526 1766 3581; x_wconf 83' lang='lat' dir='ltr'><strong>ordinibus</strong></span> 
     </span>
    </p>
   </div>
   <div class='ocr_carea' id='block_1_52' title="bbox 169 3616 1761 3690">
    <p class='ocr_par' dir='ltr' id='par_1_52' title="bbox 169 3616 1761 3690">
     <span class='ocr_line' id='line_1_52' title="bbox 169 3616 1761 3690; baseline 0 -19"><span class='ocrx_word' id='word_1_339' title='bbox 169 3619 554 3675; x_wconf 78' lang='lat' dir='ltr'><strong>ecclesiasticis</strong></span> <span class='ocrx_word' id='word_1_340' title='bbox 606 3619 787 3690; x_wconf 85' lang='lat' dir='ltr'><strong>regula</strong></span> <span class='ocrx_word' id='word_1_341' title='bbox 842 3619 1053 3673; x_wconf 82' lang='lat' dir='ltr'><strong>vivendi</strong></span> <span class='ocrx_word' id='word_1_342' title='bbox 1088 3635 1183 3689; x_wconf 90' lang='lat' dir='ltr'><strong>per</strong></span> <span class='ocrx_word' id='word_1_343' title='bbox 1227 3633 1443 3672; x_wconf 89' lang='lat' dir='ltr'><strong>omnem</strong></span> <span class='ocrx_word' id='word_1_344' title='bbox 1492 3616 1761 3673; x_wconf 82' lang='lat' dir='ltr'><strong>Norman-</strong></span> 
     </span>
    </p>
   </div>
   <div class='ocr_carea' id='block_1_53' title="bbox 176 3707 1793 3781">
    <p class='ocr_par' dir='ltr' id='par_1_53' title="bbox 176 3707 1793 3781">
     <span class='ocr_line' id='line_1_53' title="bbox 176 3707 1793 3781; baseline 0.001 -21"><span class='ocrx_word' id='word_1_345' title='bbox 176 3708 312 3763; x_wconf 72' lang='lat' dir='ltr'><strong>niam</strong></span> <span class='ocrx_word' id='word_1_346' title='bbox 340 3721 395 3765; x_wconf 90' lang='lat' dir='ltr'><strong>et</strong></span> <span class='ocrx_word' id='word_1_347' title='bbox 435 3709 690 3781; x_wconf 82' lang='lat' dir='ltr'><strong>Angliam</strong></span> <span class='ocrx_word' id='word_1_348' title='bbox 735 3710 1164 3780; x_wconf 78' lang='lat' dir='ltr'><strong>prospiceretur,</strong></span> <span class='ocrx_word' id='word_1_349' title='bbox 1222 3708 1513 3764; x_wconf 85' lang='lat' dir='ltr'><strong>commisit.</strong></span> <span class='ocrx_word' id='word_1_350' title='bbox 1557 3708 1613 3763; x_wconf 89' lang='lat' dir='ltr'><strong>Si</strong></span> <span class='ocrx_word' id='word_1_351' title='bbox 1644 3707 1793 3778; x_wconf 85' lang='lat' dir='ltr'><strong>quis.</strong></span> 
     </span>
    </p>
   </div>
   <div class='ocr_carea' id='block_1_54' title="bbox 175 3802 1766 3871">
    <p class='ocr_par' dir='ltr' id='par_1_54' title="bbox 175 3802 1766 3871">
     <span class='ocr_line' id='line_1_54' title="bbox 175 3802 1766 3871; baseline 0.001 -18"><span class='ocrx_word' id='word_1_352' title='bbox 175 3815 299 3856; x_wconf 78' lang='lat' dir='ltr'><strong>vero</strong></span> <span class='ocrx_word' id='word_1_353' title='bbox 347 3802 632 3857; x_wconf 87' lang='lat' dir='ltr'><strong>admirans</strong></span> <span class='ocrx_word' id='word_1_354' title='bbox 685 3802 881 3871; x_wconf 70' lang='lat' dir='ltr'><strong>quaerit</strong></span> <span class='ocrx_word' id='word_1_355' title='bbox 935 3818 1034 3857; x_wconf 90' lang='lat' dir='ltr'><strong>cur</strong></span> <span class='ocrx_word' id='word_1_356' title='bbox 1102 3811 1283 3856; x_wconf 85' lang='lat' dir='ltr'><strong>tantus</strong></span> <span class='ocrx_word' id='word_1_357' title='bbox 1345 3802 1429 3855; x_wconf 87' lang='lat' dir='ltr'><strong>vir</strong></span> <span class='ocrx_word' id='word_1_358' title='bbox 1483 3810 1766 3871; x_wconf 79' lang='lat' dir='ltr'><strong>tantopere</strong></span> 
     </span>
    </p>
   </div>
   <div class='ocr_carea' id='block_1_55' title="bbox 178 3891 1766 3963">
    <p class='ocr_par' dir='ltr' id='par_1_55' title="bbox 178 3891 1766 3963">
     <span class='ocr_line' id='line_1_55' title="bbox 178 3891 1766 3963; baseline 0.001 -19"><span class='ocrx_word' id='word_1_359' title='bbox 178 3892 335 3947; x_wconf 89' lang='lat' dir='ltr'><strong>voluit</strong></span> <span class='ocrx_word' id='word_1_360' title='bbox 364 3893 646 3949; x_wconf 80' lang='lat' dir='ltr'><strong>declinare</strong></span> <span class='ocrx_word' id='word_1_361' title='bbox 660 3892 895 3948; x_wconf 84' lang='lat' dir='ltr'><strong>oﬂicium</strong></span> <span class='ocrx_word' id='word_1_362' title='bbox 923 3892 1252 3963; x_wconf 75' lang='lat' dir='ltr'><strong>episcopale,</strong></span> <span class='ocrx_word' id='word_1_363' title='bbox 1283 3892 1366 3948; x_wconf 89' lang='lat' dir='ltr'><strong>vel</strong></span> <span class='ocrx_word' id='word_1_364' title='bbox 1402 3907 1569 3963; x_wconf 89' lang='lat' dir='ltr'><strong>quare</strong></span> <span class='ocrx_word' id='word_1_365' title='bbox 1597 3891 1766 3946; x_wconf 74' lang='lat' dir='ltr'><strong>abbas</strong></span> 
     </span>
    </p>
   </div>
   <div class='ocr_carea' id='block_1_56' title="bbox 178 3983 1769 4057">
    <p class='ocr_par' dir='ltr' id='par_1_56' title="bbox 178 3983 1769 4057">
     <span class='ocr_line' id='line_1_56' title="bbox 178 3983 1769 4057; baseline 0.001 -21"><span class='ocrx_word' id='word_1_366' title='bbox 178 3983 367 4041; x_wconf 89' lang='lat' dir='ltr'><strong>invitus</strong></span> <span class='ocrx_word' id='word_1_367' title='bbox 388 3989 497 4041; x_wconf 91' lang='lat' dir='ltr'><strong>hoc</strong></span> <span class='ocrx_word' id='word_1_368' title='bbox 529 3986 575 4040; x_wconf 87' lang='lat' dir='ltr'><strong>ei</strong></span> <span class='ocrx_word' id='word_1_369' title='bbox 600 3986 967 4057; x_wconf 59' lang='lat' dir='ltr'><strong>mamipiebat,</strong></span> <span class='ocrx_word' id='word_1_370' title='bbox 995 3986 1227 4055; x_wconf 88' lang='lat' dir='ltr'><strong>priutttm</strong></span> <span class='ocrx_word' id='word_1_371' title='bbox 1276 3986 1343 4041; x_wconf 88' lang='lat' dir='ltr'><strong>de</strong></span> <span class='ocrx_word' id='word_1_372' title='bbox 1372 3986 1568 4040; x_wconf 87' lang='lat' dir='ltr'><strong>abbate</strong></span> <span class='ocrx_word' id='word_1_373' title='bbox 1598 3998 1769 4038; x_wconf 80' lang='lat' dir='ltr'><strong>nove-</strong></span> 
     </span>
    </p>
   </div>
   <div class='ocr_carea' id='block_1_57' title="bbox 178 4072 1767 4145">
    <p class='ocr_par' dir='ltr' id='par_1_57' title="bbox 178 4072 1767 4145">
     <span class='ocr_line' id='line_1_57' title="bbox 178 4072 1767 4145; baseline 0.001 -20"><span class='ocrx_word' id='word_1_374' title='bbox 178 4073 248 4128; x_wconf 82' lang='lat' dir='ltr'><strong>rit</strong></span> <span class='ocrx_word' id='word_1_375' title='bbox 262 4077 400 4145; x_wconf 88' lang='lat' dir='ltr'><strong>quod</strong></span> <span class='ocrx_word' id='word_1_376' title='bbox 418 4092 763 4145; x_wconf 86' lang='lat' dir='ltr'><strong>nequaquam</strong></span> <span class='ocrx_word' id='word_1_377' title='bbox 781 4076 1069 4129; x_wconf 84' lang='lat' dir='ltr'><strong>invidendo</strong></span> <span class='ocrx_word' id='word_1_378' title='bbox 1086 4074 1199 4144; x_wconf 83' lang='lat' dir='ltr'><strong>ejus</strong></span> <span class='ocrx_word' id='word_1_379' title='bbox 1214 4074 1540 4144; x_wconf 88' lang='lat' dir='ltr'><strong>promotioni</strong></span> <span class='ocrx_word' id='word_1_380' title='bbox 1565 4074 1667 4127; x_wconf 90' lang='lat' dir='ltr'><strong>hoc</strong></span> <span class='ocrx_word' id='word_1_381' title='bbox 1690 4072 1767 4127; x_wconf 78' lang='lat' dir='ltr'><strong>fa-</strong></span> 
     </span>
    </p>
   </div>
   <div class='ocr_carea' id='block_1_58' title="bbox 175 4164 1763 4238">
    <p class='ocr_par' dir='ltr' id='par_1_58' title="bbox 175 4164 1763 4238">
     <span class='ocr_line' id='line_1_58' title="bbox 175 4164 1763 4238; baseline 0 -20"><span class='ocrx_word' id='word_1_382' title='bbox 175 4164 361 4228; x_wconf 74' lang='lat' dir='ltr'><strong>ciebat,</strong></span> <span class='ocrx_word' id='word_1_383' title='bbox 379 4168 581 4238; x_wconf 84' lang='lat' dir='ltr'><strong>quippe</strong></span> <span class='ocrx_word' id='word_1_384' title='bbox 603 4183 725 4221; x_wconf 89' lang='lat' dir='ltr'><strong>cum</strong></span> <span class='ocrx_word' id='word_1_385' title='bbox 744 4165 859 4235; x_wconf 85' lang='lat' dir='ltr'><strong>ejus</strong></span> <span class='ocrx_word' id='word_1_386' title='bbox 887 4176 942 4220; x_wconf 91' lang='lat' dir='ltr'><strong>et</strong></span> <span class='ocrx_word' id='word_1_387' title='bbox 982 4168 1241 4220; x_wconf 87' lang='lat' dir='ltr'><strong>honorem</strong></span> <span class='ocrx_word' id='word_1_388' title='bbox 1272 4174 1326 4220; x_wconf 90' lang='lat' dir='ltr'><strong>et</strong></span> <span class='ocrx_word' id='word_1_389' title='bbox 1376 4165 1763 4219; x_wconf 70' lang='lat' dir='ltr'><strong>exultationem</strong></span> 
     </span>
    </p>
   </div>
   <div class='ocr_carea' id='block_1_59' title="bbox 178 4257 1765 4328">
    <p class='ocr_par' dir='ltr' id='par_1_59' title="bbox 178 4257 1765 4328">
     <span class='ocr_line' id='line_1_59' title="bbox 178 4257 1765 4328; baseline 0.001 -20"><span class='ocrx_word' id='word_1_390' title='bbox 178 4270 283 4323; x_wconf 81' lang='lat' dir='ltr'><strong>pra:</strong></span> <span class='ocrx_word' id='word_1_391' title='bbox 303 4261 517 4314; x_wconf 63' lang='lat' dir='ltr'><strong>eteteris</strong></span> <span class='ocrx_word' id='word_1_392' title='bbox 538 4258 837 4314; x_wconf 74' lang='lat' dir='ltr'><strong>all‘ectaret.</strong></span> <span class='ocrx_word' id='word_1_393' title='bbox 862 4257 1221 4328; x_wconf 62' lang='lat' dir='ltr'><strong>Prateipiebat</strong></span> <span class='ocrx_word' id='word_1_394' title='bbox 1245 4272 1374 4328; x_wconf 88' lang='lat' dir='ltr'><strong>ergo</strong></span> <span class='ocrx_word' id='word_1_395' title='bbox 1401 4257 1474 4311; x_wconf 92' lang='lat' dir='ltr'><strong>illi</strong></span> <span class='ocrx_word' id='word_1_396' title='bbox 1511 4257 1640 4327; x_wconf 89' lang='lat' dir='ltr'><strong>quia</strong></span> <span class='ocrx_word' id='word_1_397' title='bbox 1672 4271 1765 4310; x_wconf 88' lang='lat' dir='ltr'><strong>vo-</strong></span> 
     </span>
    </p>
   </div>
   <div class='ocr_carea' id='block_1_60' title="bbox 179 4345 1760 4422">
    <p class='ocr_par' dir='ltr' id='par_1_60' title="bbox 179 4345 1760 4422">
     <span class='ocr_line' id='line_1_60' title="bbox 179 4345 1760 4422; baseline 0.002 -23"><span class='ocrx_word' id='word_1_398' title='bbox 179 4345 363 4404; x_wconf 90' lang='lat' dir='ltr'><strong>luntati</strong></span> <span class='ocrx_word' id='word_1_399' title='bbox 376 4352 433 4422; x_wconf 75' lang='lat'><strong>8</strong></span> <span class='ocrx_word' id='word_1_400' title='bbox 446 4352 541 4405; x_wconf 86' lang='lat' dir='ltr'><strong>Dei</strong></span> <span class='ocrx_word' id='word_1_401' title='bbox 554 4360 820 4405; x_wconf 79' lang='lat' dir='ltr'><strong>etsanctte</strong></span> <span class='ocrx_word' id='word_1_402' title='bbox 836 4349 1095 4405; x_wconf 70' lang='lat' dir='ltr'><strong>Ecclesitn</strong></span> <span class='ocrx_word' id='word_1_403' title='bbox 1122 4349 1373 4404; x_wconf 82' lang='lat' dir='ltr'><strong>elcctioni</strong></span> <span class='ocrx_word' id='word_1_404' title='bbox 1399 4365 1524 4403; x_wconf 85' lang='lat' dir='ltr'><strong>eum</strong></span> <span class='ocrx_word' id='word_1_405' title='bbox 1544 4350 1760 4404; x_wconf 83' lang='lat' dir='ltr'><strong>vocanti</strong></span> 
     </span>
    </p>
   </div>
   <div class='ocr_carea' id='block_1_61' title="bbox 178 4439 1761 4508">
    <p class='ocr_par' dir='ltr' id='par_1_61' title="bbox 178 4439 1761 4508">
     <span class='ocr_line' id='line_1_61' title="bbox 178 4439 1761 4508; baseline 0.001 -18"><span class='ocrx_word' id='word_1_406' title='bbox 178 4443 543 4496; x_wconf 81' lang='lat' dir='ltr'><strong>contradicere</strong></span> <span class='ocrx_word' id='word_1_407' title='bbox 560 4456 665 4495; x_wconf 90' lang='lat' dir='ltr'><strong>non</strong></span> <span class='ocrx_word' id='word_1_408' title='bbox 683 4441 935 4495; x_wconf 86' lang='lat' dir='ltr'><strong>audebat.</strong></span> <span class='ocrx_word' id='word_1_409' title='bbox 948 4440 1155 4495; x_wconf 88' lang='lat' dir='ltr'><strong>lnvitus</strong></span> <span class='ocrx_word' id='word_1_410' title='bbox 1167 4451 1345 4494; x_wconf 88' lang='lat' dir='ltr'><strong>autem</strong></span> <span class='ocrx_word' id='word_1_411' title='bbox 1360 4439 1585 4507; x_wconf 86' lang='lat' dir='ltr'><strong>jubebat</strong></span> <span class='ocrx_word' id='word_1_412' title='bbox 1623 4454 1761 4508; x_wconf 85' lang='lat' dir='ltr'><strong>quo-</strong></span> 
     </span>
    </p>
   </div>
   <div class='ocr_carea' id='block_1_62' title="bbox 179 4529 1757 4604">
    <p class='ocr_par' dir='ltr' id='par_1_62' title="bbox 179 4529 1757 4604">
     <span class='ocr_line' id='line_1_62' title="bbox 179 4529 1757 4604; baseline 0.004 -23"><span class='ocrx_word' id='word_1_413' title='bbox 179 4529 318 4585; x_wconf 80' lang='lat' dir='ltr'><strong>uiam</strong></span> <span class='ocrx_word' id='word_1_414' title='bbox 331 4532 613 4604; x_wconf 66' lang='lat' dir='ltr'><strong>aegerrime</strong></span> <span class='ocrx_word' id='word_1_415' title='bbox 634 4532 841 4587; x_wconf 79' lang='lat' dir='ltr'><strong>ferebat</strong></span> <span class='ocrx_word' id='word_1_416' title='bbox 868 4534 1002 4586; x_wconf 89' lang='lat' dir='ltr'><strong>tanti</strong></span> <span class='ocrx_word' id='word_1_417' title='bbox 1032 4547 1096 4586; x_wconf 90' lang='lat' dir='ltr'><strong>ac</strong></span> <span class='ocrx_word' id='word_1_418' title='bbox 1125 4545 1232 4586; x_wconf 90' lang='lat' dir='ltr'><strong>tam</strong></span> <span class='ocrx_word' id='word_1_419' title='bbox 1264 4530 1569 4585; x_wconf 90' lang='lat' dir='ltr'><strong>dulcissimi</strong></span> <span class='ocrx_word' id='word_1_420' title='bbox 1594 4531 1757 4586; x_wconf 82' lang='lat' dir='ltr'><strong>amici</strong></span> 
     </span>
    </p>
   </div>
   <div class='ocr_carea' id='block_1_63' title="bbox 180 4621 1757 4696">
    <p class='ocr_par' dir='ltr' id='par_1_63' title="bbox 180 4621 1757 4696">
     <span class='ocr_line' id='line_1_63' title="bbox 180 4621 1757 4696; baseline -0.001 -21"><span class='ocrx_word' id='word_1_421' title='bbox 180 4636 359 4679; x_wconf 88' lang='lat' dir='ltr'><strong>carere</strong></span> <span class='ocrx_word' id='word_1_422' title='bbox 379 4625 675 4691; x_wconf 87' lang='lat' dir='ltr'><strong>consortio,</strong></span> <span class='ocrx_word' id='word_1_423' title='bbox 701 4626 792 4696; x_wconf 91' lang='lat' dir='ltr'><strong>qui</strong></span> <span class='ocrx_word' id='word_1_424' title='bbox 821 4624 1125 4679; x_wconf 87' lang='lat' dir='ltr'><strong>coenobium</strong></span> <span class='ocrx_word' id='word_1_425' title='bbox 1153 4623 1308 4678; x_wconf 85' lang='lat' dir='ltr'><strong>Becci</strong></span> <span class='ocrx_word' id='word_1_426' title='bbox 1332 4622 1643 4692; x_wconf 84' lang='lat' dir='ltr'><strong>nuperrime</strong></span> <span class='ocrx_word' id='word_1_427' title='bbox 1672 4621 1723 4675; x_wconf 89' lang='lat' dir='ltr'><strong>in</strong></span> <span class='ocrx_word' id='word_1_428' title='bbox 1741 4654 1757 4664; x_wconf 83' lang='lat'><strong>-</strong></span> 
     </span>
    </p>
   </div>
   <div class='ocr_carea' id='block_1_64' title="bbox 184 4714 1797 4788">
    <p class='ocr_par' dir='ltr' id='par_1_64' title="bbox 184 4714 1797 4788">
     <span class='ocr_line' id='line_1_64' title="bbox 184 4714 1797 4788; baseline 0.002 -23"><span class='ocrx_word' id='word_1_429' title='bbox 184 4725 405 4784; x_wconf 66' lang='lat' dir='ltr'><strong>cu‘ptum</strong></span> <span class='ocrx_word' id='word_1_430' title='bbox 432 4718 541 4772; x_wconf 91' lang='lat' dir='ltr'><strong>situ</strong></span> <span class='ocrx_word' id='word_1_431' title='bbox 572 4728 627 4771; x_wconf 75' lang='lat' dir='ltr'><strong>et</strong></span> <span class='ocrx_word' id='word_1_432' title='bbox 655 4725 973 4788; x_wconf 81' lang='lat' dir='ltr'><strong>paupertate</strong></span> <span class='ocrx_word' id='word_1_433' title='bbox 1011 4716 1341 4772; x_wconf 83' lang='lat' dir='ltr'><strong>horrendum</strong></span> <span class='ocrx_word' id='word_1_434' title='bbox 1395 4714 1578 4786; x_wconf 77' lang='lat' dir='ltr'><strong>elegit,</strong></span> <span class='ocrx_word' id='word_1_435' title='bbox 1608 4717 1756 4784; x_wconf 76' lang='lat' dir='ltr'><strong>quod</strong></span> <span class='ocrx_word' id='word_1_436' title='bbox 1794 4784 1797 4785; x_wconf 16' lang='grc' dir='ltr'><em>ν</em></span> 
     </span>
    </p>
   </div>
   <div class='ocr_carea' id='block_1_65' title="bbox 180 4806 1757 4880">
    <p class='ocr_par' dir='ltr' id='par_1_65' title="bbox 180 4806 1757 4880">
     <span class='ocr_line' id='line_1_65' title="bbox 180 4806 1757 4880; baseline 0.003 -23"><span class='ocrx_word' id='word_1_437' title='bbox 180 4808 453 4871; x_wconf 82' lang='lat' dir='ltr'><strong>prudentia</strong></span> <span class='ocrx_word' id='word_1_438' title='bbox 478 4810 620 4865; x_wconf 86' lang='lat' dir='ltr'><strong>illius</strong></span> <span class='ocrx_word' id='word_1_439' title='bbox 650 4809 1172 4880; x_wconf 85' lang='lat' dir='ltr'><strong>vigil-.tntissimaque</strong></span> <span class='ocrx_word' id='word_1_440' title='bbox 1187 4822 1317 4863; x_wconf 89' lang='lat' dir='ltr'><strong>cura</strong></span> <span class='ocrx_word' id='word_1_441' title='bbox 1337 4806 1757 4877; x_wconf 65' lang='lat' dir='ltr'><strong>locupletavitet</strong></span> 
     </span>
    </p>
   </div>
   <div class='ocr_carea' id='block_1_66' title="bbox 180 4894 1752 4973">
    <p class='ocr_par' dir='ltr' id='par_1_66' title="bbox 180 4894 1752 4973">
     <span class='ocr_line' id='line_1_66' title="bbox 180 4894 1752 4973; baseline 0.003 -26"><span class='ocrx_word' id='word_1_442' title='bbox 180 4894 231 4949; x_wconf 86' lang='lat' dir='ltr'><strong>ia</strong></span> <span class='ocrx_word' id='word_1_443' title='bbox 260 4909 449 4955; x_wconf 84' lang='lat' dir='ltr'><strong>statum</strong></span> <span class='ocrx_word' id='word_1_444' title='bbox 488 4904 734 4973; x_wconf 83' lang='lat' dir='ltr'><strong>provexit</strong></span> <span class='ocrx_word' id='word_1_445' title='bbox 764 4902 1112 4972; x_wconf 80' lang='lat' dir='ltr'><strong>pulcherrimi</strong></span> <span class='ocrx_word' id='word_1_446' title='bbox 1144 4899 1514 4964; x_wconf 85' lang='lat' dir='ltr'><strong>ordiuis,dum</strong></span> <span class='ocrx_word' id='word_1_447' title='bbox 1539 4908 1752 4970; x_wconf 87' lang='lat' dir='ltr'><strong>regeret</strong></span> 
     </span>
    </p>
   </div>
   <div class='ocr_carea' id='block_1_67' title="bbox 182 4988 1755 5065">
    <p class='ocr_par' dir='ltr' id='par_1_67' title="bbox 182 4988 1755 5065">
     <span class='ocr_line' id='line_1_67' title="bbox 182 4988 1755 5065; baseline 0.004 -24"><span class='ocrx_word' id='word_1_448' title='bbox 182 4988 449 5061; x_wconf 77' lang='lat' dir='ltr'><strong>collegium</strong></span> <span class='ocrx_word' id='word_1_449' title='bbox 514 4993 813 5049; x_wconf 76' lang='lat' dir='ltr'><strong>fraternum</strong></span> <span class='ocrx_word' id='word_1_450' title='bbox 847 4992 968 5065; x_wconf 85' lang='lat' dir='ltr'><strong>[al.,</strong></span> <span class='ocrx_word' id='word_1_451' title='bbox 995 4992 1251 5063; x_wconf 70' lang='lat' dir='ltr'><strong>fratrum]</strong></span> <span class='ocrx_word' id='word_1_452' title='bbox 1281 5007 1469 5048; x_wconf 83' lang='lat' dir='ltr'><strong>severa</strong></span> <span class='ocrx_word' id='word_1_453' title='bbox 1516 5008 1581 5047; x_wconf 88' lang='lat' dir='ltr'><strong>ac</strong></span> <span class='ocrx_word' id='word_1_454' title='bbox 1639 4992 1755 5047; x_wconf 86' lang='lat' dir='ltr'><strong>miti</strong></span> 
     </span>
    </p>
   </div>
   <div class='ocr_carea' id='block_1_68' title="bbox 178 5077 1753 5151">
    <p class='ocr_par' dir='ltr' id='par_1_68' title="bbox 178 5077 1753 5151">
     <span class='ocr_line' id='line_1_68' title="bbox 178 5077 1753 5151; baseline 0.006 -22"><span class='ocrx_word' id='word_1_455' title='bbox 178 5077 476 5151; x_wconf 83' lang='lat' dir='ltr'><strong>disciplina,</strong></span> <span class='ocrx_word' id='word_1_456' title='bbox 522 5095 770 5139; x_wconf 83' lang='lat' dir='ltr'><strong>sanctum</strong></span> <span class='ocrx_word' id='word_1_457' title='bbox 820 5086 984 5139; x_wconf 90' lang='lat' dir='ltr'><strong>etiam</strong></span> <span class='ocrx_word' id='word_1_458' title='bbox 1021 5084 1273 5139; x_wconf 86' lang='lat' dir='ltr'><strong>abbatem</strong></span> <span class='ocrx_word' id='word_1_459' title='bbox 1303 5084 1493 5138; x_wconf 86' lang='lat' dir='ltr'><strong>humili</strong></span> <span class='ocrx_word' id='word_1_460' title='bbox 1549 5095 1604 5140; x_wconf 83' lang='lat' dir='ltr'><strong>et</strong></span> <span class='ocrx_word' id='word_1_461' title='bbox 1633 5085 1753 5139; x_wconf 85' lang='lat' dir='ltr'><strong>utili</strong></span> 
     </span>
    </p>
   </div>
   <div class='ocr_carea' id='block_1_69' title="bbox 176 5174 1752 5246">
    <p class='ocr_par' dir='ltr' id='par_1_69' title="bbox 176 5174 1752 5246">
     <span class='ocr_line' id='line_1_69' title="bbox 176 5174 1752 5246; baseline 0.005 -22"><span class='ocrx_word' id='word_1_462' title='bbox 176 5174 425 5229; x_wconf 77' lang='lat' dir='ltr'><strong>consilto.</strong></span> <span class='ocrx_word' id='word_1_463' title='bbox 459 5176 668 5230; x_wconf 86' lang='lat' dir='ltr'><strong>Etenim</strong></span> <span class='ocrx_word' id='word_1_464' title='bbox 705 5191 828 5230; x_wconf 87' lang='lat' dir='ltr'><strong>cum</strong></span> <span class='ocrx_word' id='word_1_465' title='bbox 886 5175 1173 5244; x_wconf 85' lang='lat' dir='ltr'><strong>iugloriam</strong></span> <span class='ocrx_word' id='word_1_466' title='bbox 1246 5178 1479 5246; x_wconf 68' lang='lat' dir='ltr'><strong>propriae</strong></span> <span class='ocrx_word' id='word_1_467' title='bbox 1545 5186 1752 5232; x_wconf 83' lang='lat' dir='ltr'><strong>tantum</strong></span> 
     </span>
    </p>
   </div>
   <div class='ocr_carea' id='block_1_70' title="bbox 184 5264 1746 5338">
    <p class='ocr_par' dir='ltr' id='par_1_70' title="bbox 184 5264 1746 5338">
     <span class='ocr_line' id='line_1_70' title="bbox 184 5264 1746 5338; baseline 0.004 -26"><span class='ocrx_word' id='word_1_468' title='bbox 184 5265 605 5321; x_wconf 79' lang='lat' dir='ltr'><strong>mortilicationis</strong></span> <span class='ocrx_word' id='word_1_469' title='bbox 617 5282 842 5338; x_wconf 82' lang='lat' dir='ltr'><strong>operam</strong></span> <span class='ocrx_word' id='word_1_470' title='bbox 870 5267 1008 5320; x_wconf 91' lang='lat' dir='ltr'><strong>idem</strong></span> <span class='ocrx_word' id='word_1_471' title='bbox 1031 5264 1377 5320; x_wconf 79' lang='lat' dir='ltr'><strong>Lanfrancus</strong></span> <span class='ocrx_word' id='word_1_472' title='bbox 1389 5264 1746 5329; x_wconf 85' lang='lat' dir='ltr'><strong>desideraret,</strong></span> 
     </span>
    </p>
   </div>
   <div class='ocr_carea' id='block_1_71' title="bbox 176 5356 1746 5429">
    <p class='ocr_par' dir='ltr' id='par_1_71' title="bbox 176 5356 1746 5429">
     <span class='ocr_line' id='line_1_71' title="bbox 176 5356 1746 5429; baseline 0.005 -25"><span class='ocrx_word' id='word_1_473' title='bbox 176 5366 293 5406; x_wconf 85' lang='lat' dir='ltr'><strong>cum</strong></span> <span class='ocrx_word' id='word_1_474' title='bbox 321 5358 496 5412; x_wconf 87' lang='lat' dir='ltr'><strong>adhuc</strong></span> <span class='ocrx_word' id='word_1_475' title='bbox 514 5356 669 5411; x_wconf 83' lang='lat' dir='ltr'><strong>Beeei</strong></span> <span class='ocrx_word' id='word_1_476' title='bbox 692 5367 862 5423; x_wconf 84' lang='lat' dir='ltr'><strong>esset,</strong></span> <span class='ocrx_word' id='word_1_477' title='bbox 895 5358 1254 5428; x_wconf 87' lang='lat' dir='ltr'><strong>deprehendit</strong></span> <span class='ocrx_word' id='word_1_478' title='bbox 1278 5373 1403 5413; x_wconf 91' lang='lat' dir='ltr'><strong>eum</strong></span> <span class='ocrx_word' id='word_1_479' title='bbox 1455 5367 1620 5429; x_wconf 78' lang='lat' dir='ltr'><strong>atque</strong></span> <span class='ocrx_word' id='word_1_480' title='bbox 1648 5374 1746 5429; x_wconf 80' lang='lat' dir='ltr'><strong>pn—</strong></span> 
     </span>
    </p>
   </div>
   <div class='ocr_carea' id='block_1_72' title="bbox 180 5442 1750 5520">
    <p class='ocr_par' dir='ltr' id='par_1_72' title="bbox 180 5442 1750 5520">
     <span class='ocr_line' id='line_1_72' title="bbox 180 5442 1750 5520; baseline 0.006 -23"><span class='ocrx_word' id='word_1_481' title='bbox 180 5442 386 5502; x_wconf 71' lang='lat' dir='ltr'><strong>blicavit</strong></span> <span class='ocrx_word' id='word_1_482' title='bbox 423 5450 806 5518; x_wconf 88' lang='lat' dir='ltr'><strong>cogitationum</strong></span> <span class='ocrx_word' id='word_1_483' title='bbox 862 5450 1134 5520; x_wconf 89' lang='lat' dir='ltr'><strong>inspector</strong></span> <span class='ocrx_word' id='word_1_484' title='bbox 1187 5450 1359 5516; x_wconf 86' lang='lat' dir='ltr'><strong>Deus,</strong></span> <span class='ocrx_word' id='word_1_485' title='bbox 1420 5462 1480 5506; x_wconf 94' lang='lat' dir='ltr'><strong>ut</strong></span> <span class='ocrx_word' id='word_1_486' title='bbox 1518 5452 1750 5507; x_wconf 90' lang='lat' dir='ltr'><strong>lucerna</strong></span> 
     </span>
    </p>
   </div>
   <div class='ocr_carea' id='block_1_73' title="bbox 181 5531 1749 5613">
    <p class='ocr_par' dir='ltr' id='par_1_73' title="bbox 181 5531 1749 5613">
     <span class='ocr_line' id='line_1_73' title="bbox 181 5531 1749 5613; baseline 0.008 -25"><span class='ocrx_word' id='word_1_487' title='bbox 181 5550 291 5591; x_wconf 83' lang='lat' dir='ltr'><strong>sese</strong></span> <span class='ocrx_word' id='word_1_488' title='bbox 330 5541 587 5613; x_wconf 87' lang='lat' dir='ltr'><strong>colligens</strong></span> <span class='ocrx_word' id='word_1_489' title='bbox 624 5543 678 5597; x_wconf 92' lang='lat' dir='ltr'><strong>in</strong></span> <span class='ocrx_word' id='word_1_490' title='bbox 720 5541 915 5597; x_wconf 83' lang='lat' dir='ltr'><strong>vallem</strong></span> <span class='ocrx_word' id='word_1_491' title='bbox 948 5531 1335 5598; x_wconf 80' lang='lat' dir='ltr'><strong>diﬂ‘underetnr</strong></span> <span class='ocrx_word' id='word_1_492' title='bbox 1372 5558 1467 5613; x_wconf 86' lang='lat' dir='ltr'><strong>per</strong></span> <span class='ocrx_word' id='word_1_493' title='bbox 1512 5544 1749 5600; x_wconf 76' lang='lat' dir='ltr'><strong>excelsa.</strong></span> 
     </span>
    </p>
   </div>
   <div class='ocr_carea' id='block_1_74' title="bbox 180 5626 1752 5704">
    <p class='ocr_par' dir='ltr' id='par_1_74' title="bbox 180 5626 1752 5704">
     <span class='ocr_line' id='line_1_74' title="bbox 180 5626 1752 5704; baseline 0.007 -24"><span class='ocrx_word' id='word_1_494' title='bbox 180 5626 470 5697; x_wconf 71' lang='lat' dir='ltr'><strong>liti‘ulsiteo</strong></span> <span class='ocrx_word' id='word_1_495' title='bbox 501 5636 757 5704; x_wconf 82' lang='lat' dir='ltr'><strong>magistro</strong></span> <span class='ocrx_word' id='word_1_496' title='bbox 783 5675 798 5700; x_wconf 92' lang='lat'><strong>,</strong></span> <span class='ocrx_word' id='word_1_497' title='bbox 861 5634 1182 5690; x_wconf 72' lang='lat' dir='ltr'><strong>obedientite</strong></span> <span class='ocrx_word' id='word_1_498' title='bbox 1226 5644 1419 5690; x_wconf 85' lang='lat' dir='ltr'><strong>coactu</strong></span> <span class='ocrx_word' id='word_1_499' title='bbox 1445 5673 1459 5698; x_wconf 92' lang='lat'><strong>,</strong></span> <span class='ocrx_word' id='word_1_500' title='bbox 1512 5636 1752 5704; x_wconf 84' lang='lat' dir='ltr'><strong>philoso—</strong></span> 
     </span>
    </p>
   </div>
   <div class='ocr_carea' id='block_1_75' title="bbox 181 5718 1749 5793">
    <p class='ocr_par' dir='ltr' id='par_1_75' title="bbox 181 5718 1749 5793">
     <span class='ocr_line' id='line_1_75' title="bbox 181 5718 1749 5793; baseline 0.01 -24"><span class='ocrx_word' id='word_1_501' title='bbox 181 5718 449 5785; x_wconf 83' lang='lat' dir='ltr'><strong>phearum</strong></span> <span class='ocrx_word' id='word_1_502' title='bbox 476 5737 539 5776; x_wconf 90' lang='lat' dir='ltr'><strong>ac</strong></span> <span class='ocrx_word' id='word_1_503' title='bbox 558 5723 863 5777; x_wconf 90' lang='lat' dir='ltr'><strong>divinarum</strong></span> <span class='ocrx_word' id='word_1_504' title='bbox 904 5723 1210 5779; x_wconf 87' lang='lat' dir='ltr'><strong>litterarum</strong></span> <span class='ocrx_word' id='word_1_505' title='bbox 1262 5724 1621 5793; x_wconf 82' lang='lat' dir='ltr'><strong>bibliotheca,</strong></span> <span class='ocrx_word' id='word_1_506' title='bbox 1654 5742 1749 5784; x_wconf 84' lang='lat' dir='ltr'><strong>no—</strong></span> 
     </span>
    </p>
   </div>
   <div class='ocr_carea' id='block_1_76' title="bbox 417 5818 870 5880">
    <p class='ocr_par' dir='ltr' id='par_1_76' title="bbox 417 5818 870 5880">
     <span class='ocr_line' id='line_1_76' title="bbox 417 5818 870 5880; baseline 0.007 -3"><span class='ocrx_word' id='word_1_507' title='bbox 417 5818 689 5880; x_wconf 74' lang='grc' dir='ltr'><strong>ΡΑτιιοι..</strong></span> <span class='ocrx_word' id='word_1_508' title='bbox 751 5819 870 5880; x_wconf 81' lang='lat' dir='ltr'><strong>CL.</strong></span> 
     </span>
    </p>
   </div>
   <div class='ocr_carea' id='block_1_77' title="bbox 1788 3122 1838 3185">
    <p class='ocr_par' dir='ltr' id='par_1_77' title="bbox 1788 3122 1838 3185">
     <span class='ocr_line' id='line_1_77' title="bbox 1788 3122 1838 3185; baseline 0 0"><span class='ocrx_word' id='word_1_509' title='bbox 1788 3122 1838 3185; x_wconf 87' lang='lat' dir='ltr'><strong><em>C</em></strong></span> 
     </span>
    </p>
   </div>
   <div class='ocr_carea' id='block_1_78' title="bbox 1904 1879 3455 1955">
    <p class='ocr_par' dir='ltr' id='par_1_78' title="bbox 1904 1879 3455 1955">
     <span class='ocr_line' id='line_1_78' title="bbox 1904 1879 3455 1955; baseline -0.001 -18"><span class='ocrx_word' id='word_1_510' title='bbox 1904 1883 2024 1938; x_wconf 73' lang='lat' dir='ltr'><strong>‘M.</strong></span> <span class='ocrx_word' id='word_1_511' title='bbox 2070 1884 2251 1939; x_wconf 79' lang='lat' dir='ltr'><strong>Victus</strong></span> <span class='ocrx_word' id='word_1_512' title='bbox 2308 1883 2472 1955; x_wconf 81' lang='lat' dir='ltr'><strong>igitur</strong></span> <span class='ocrx_word' id='word_1_513' title='bbox 2504 1880 2839 1936; x_wconf 74' lang='lat' dir='ltr'><strong>Laul‘rancus</strong></span> <span class='ocrx_word' id='word_1_514' title='bbox 2884 1879 3238 1937; x_wconf 86' lang='lat' dir='ltr'><strong>Cadomensis</strong></span> <span class='ocrx_word' id='word_1_515' title='bbox 3283 1880 3455 1936; x_wconf 89' lang='lat' dir='ltr'><strong>abbas</strong></span> 
     </span>
    </p>
   </div>
   <div class='ocr_carea' id='block_1_79' title="bbox 1868 1972 3443 2047">
    <p class='ocr_par' dir='ltr' id='par_1_79' title="bbox 1868 1972 3443 2047">
     <span class='ocr_line' id='line_1_79' title="bbox 1868 1972 3443 2047; baseline -0.001 -17"><span class='ocrx_word' id='word_1_516' title='bbox 1868 1985 1974 2030; x_wconf 89' lang='lat' dir='ltr'><strong>tam</strong></span> <span class='ocrx_word' id='word_1_517' title='bbox 2011 1976 2102 2030; x_wconf 93' lang='lat' dir='ltr'><strong>Dei</strong></span> <span class='ocrx_word' id='word_1_518' title='bbox 2129 1976 2401 2031; x_wconf 87' lang='lat' dir='ltr'><strong>voluntate</strong></span> <span class='ocrx_word' id='word_1_519' title='bbox 2423 1990 2528 2047; x_wconf 88' lang='lat' dir='ltr'><strong>qua</strong></span> <span class='ocrx_word' id='word_1_520' title='bbox 2554 1993 2584 2029; x_wconf 88' lang='grc' dir='ltr'><strong>ιι</strong></span> <span class='ocrx_word' id='word_1_521' title='bbox 2612 1975 2755 2030; x_wconf 89' lang='lat' dir='ltr'><strong>circa</strong></span> <span class='ocrx_word' id='word_1_522' title='bbox 2779 1990 2838 2029; x_wconf 91' lang='lat' dir='ltr'><strong>se</strong></span> <span class='ocrx_word' id='word_1_523' title='bbox 2863 1972 3198 2043; x_wconf 87' lang='lat' dir='ltr'><strong>intelligebat</strong></span> <span class='ocrx_word' id='word_1_524' title='bbox 3228 2014 3242 2035; x_wconf 83' lang='lat'>.</span> <span class='ocrx_word' id='word_1_525' title='bbox 3281 1988 3443 2043; x_wconf 91' lang='lat' dir='ltr'><strong>quam</strong></span> 
     </span>
    </p>
   </div>
   <div class='ocr_carea' id='block_1_80' title="bbox 1863 2065 3450 2141">
    <p class='ocr_par' dir='ltr' id='par_1_80' title="bbox 1863 2065 3450 2141">
     <span class='ocr_line' id='line_1_80' title="bbox 1863 2065 3450 2141; baseline -0.004 -13"><span class='ocrx_word' id='word_1_526' title='bbox 1863 2074 2030 2128; x_wconf 76' lang='lat' dir='ltr'><strong>etiam</strong></span> <span class='ocrx_word' id='word_1_527' title='bbox 2094 2071 2390 2141; x_wconf 79' lang='lat' dir='ltr'><strong>aposmlica</strong></span> <span class='ocrx_word' id='word_1_528' title='bbox 2450 2069 2778 2124; x_wconf 83' lang='lat' dir='ltr'><strong>auctoritate</strong></span> <span class='ocrx_word' id='word_1_529' title='bbox 2808 2107 2824 2134; x_wconf 89' lang='lat'><strong>,</strong></span> <span class='ocrx_word' id='word_1_530' title='bbox 2866 2076 2923 2123; x_wconf 89' lang='lat' dir='ltr'><strong>et</strong></span> <span class='ocrx_word' id='word_1_531' title='bbox 2978 2066 3161 2132; x_wconf 69' lang='lat' dir='ltr'><strong>domui</strong></span> <span class='ocrx_word' id='word_1_532' title='bbox 3208 2065 3450 2122; x_wconf 77' lang='lat' dir='ltr'><strong>Herluiui</strong></span> 
     </span>
    </p>
   </div>
   <div class='ocr_carea' id='block_1_81' title="bbox 1862 2158 3453 2234">
    <p class='ocr_par' dir='ltr' id='par_1_81' title="bbox 1862 2158 3453 2234">
     <span class='ocr_line' id='line_1_81' title="bbox 1862 2158 3453 2234; baseline -0.003 -17"><span class='ocrx_word' id='word_1_533' title='bbox 1862 2163 2252 2234; x_wconf 70' lang='lat' dir='ltr'><strong>praeceptione,</strong></span> <span class='ocrx_word' id='word_1_534' title='bbox 2281 2170 2338 2218; x_wconf 85' lang='lat' dir='ltr'><strong>et</strong></span> <span class='ocrx_word' id='word_1_535' title='bbox 2380 2163 2703 2233; x_wconf 75' lang='lat' dir='ltr'><strong>optimatum</strong></span> <span class='ocrx_word' id='word_1_536' title='bbox 2729 2159 3075 2216; x_wconf 70' lang='lat' dir='ltr'><strong>Nortnanttia’t</strong></span> <span class='ocrx_word' id='word_1_537' title='bbox 3098 2173 3350 2226; x_wconf 78' lang='lat' dir='ltr'><strong>assensu,</strong></span> <span class='ocrx_word' id='word_1_538' title='bbox 3376 2158 3453 2215; x_wconf 81' lang='lat' dir='ltr'><strong>ita</strong></span> 
     </span>
    </p>
   </div>
   <div class='ocr_carea' id='block_1_82' title="bbox 1867 2250 3473 2325">
    <p class='ocr_par' dir='ltr' id='par_1_82' title="bbox 1867 2250 3473 2325">
     <span class='ocr_line' id='line_1_82' title="bbox 1867 2250 3473 2325; baseline -0.004 -14"><span class='ocrx_word' id='word_1_539' title='bbox 1867 2255 2148 2325; x_wconf 83' lang='lat' dir='ltr'><strong>multiplici</strong></span> <span class='ocrx_word' id='word_1_540' title='bbox 2182 2255 2393 2310; x_wconf 88' lang='lat' dir='ltr'><strong>ratione</strong></span> <span class='ocrx_word' id='word_1_541' title='bbox 2447 2254 2500 2307; x_wconf 92' lang='lat' dir='ltr'><strong>in</strong></span> <span class='ocrx_word' id='word_1_542' title='bbox 2550 2252 2798 2323; x_wconf 83' lang='lat' dir='ltr'><strong>Angliam</strong></span> <span class='ocrx_word' id='word_1_543' title='bbox 2856 2250 3179 2315; x_wconf 85' lang='lat' dir='ltr'><strong>traducitur,</strong></span> <span class='ocrx_word' id='word_1_544' title='bbox 3235 2260 3291 2304; x_wconf 88' lang='lat' dir='ltr'><strong>et</strong></span> <span class='ocrx_word' id='word_1_545' title='bbox 3330 2264 3473 2319; x_wconf 51' lang='lat' dir='ltr'><strong>quas</strong></span> 
     </span>
    </p>
   </div>
   <div class='ocr_carea' id='block_1_83' title="bbox 1867 2338 3457 2410">
    <p class='ocr_par' dir='ltr' id='par_1_83' title="bbox 1867 2338 3457 2410">
     <span class='ocr_line' id='line_1_83' title="bbox 1867 2338 3457 2410; baseline -0.006 -9"><span class='ocrx_word' id='word_1_546' title='bbox 1867 2344 2681 2401; x_wconf 85' lang='lat' dir='ltr'><strong>insularumtransmarinarum</strong></span> <span class='ocrx_word' id='word_1_547' title='bbox 2725 2342 3018 2410; x_wconf 89' lang='lat' dir='ltr'><strong>primatum</strong></span> <span class='ocrx_word' id='word_1_548' title='bbox 3073 2339 3289 2394; x_wconf 90' lang='lat' dir='ltr'><strong>obtinet</strong></span> <span class='ocrx_word' id='word_1_549' title='bbox 3314 2338 3457 2394; x_wconf 84' lang='lat' dir='ltr'><strong>Can-</strong></span> 
     </span>
    </p>
   </div>
   <div class='ocr_carea' id='block_1_84' title="bbox 1868 2429 3455 2503">
    <p class='ocr_par' dir='ltr' id='par_1_84' title="bbox 1868 2429 3455 2503">
     <span class='ocr_line' id='line_1_84' title="bbox 1868 2429 3455 2503; baseline -0.006 -13"><span class='ocrx_word' id='word_1_550' title='bbox 1868 2437 2160 2491; x_wconf 84' lang='lat' dir='ltr'><strong>tuariensis</strong></span> <span class='ocrx_word' id='word_1_551' title='bbox 2192 2435 2445 2490; x_wconf 67' lang='lat' dir='ltr'><strong>Ecclesia:</strong></span> <span class='ocrx_word' id='word_1_552' title='bbox 2472 2432 2713 2503; x_wconf 91' lang='lat' dir='ltr'><strong>suscepit</strong></span> <span class='ocrx_word' id='word_1_553' title='bbox 2743 2430 3116 2502; x_wconf 73' lang='lat' dir='ltr'><strong>pra-sulatum.</strong></span> <span class='ocrx_word' id='word_1_554' title='bbox 3168 2429 3270 2497; x_wconf 83' lang='lat' dir='ltr'><strong>Qui</strong></span> <span class='ocrx_word' id='word_1_555' title='bbox 3305 2438 3455 2485; x_wconf 85' lang='lat' dir='ltr'><strong>tanto</strong></span> 
     </span>
    </p>
   </div>
   <div class='ocr_carea' id='block_1_85' title="bbox 1864 2522 3455 2593">
    <p class='ocr_par' dir='ltr' id='par_1_85' title="bbox 1864 2522 3455 2593">
     <span class='ocr_line' id='line_1_85' title="bbox 1864 2522 3455 2593; baseline -0.006 -8"><span class='ocrx_word' id='word_1_556' title='bbox 1864 2531 2074 2585; x_wconf 87' lang='lat' dir='ltr'><strong>honore</strong></span> <span class='ocrx_word' id='word_1_557' title='bbox 2097 2529 2441 2589; x_wconf 85' lang='lat' dir='ltr'><strong>sublimatus,</strong></span> <span class='ocrx_word' id='word_1_558' title='bbox 2478 2525 2766 2581; x_wconf 86' lang='lat' dir='ltr'><strong>multarum</strong></span> <span class='ocrx_word' id='word_1_559' title='bbox 2806 2522 3161 2593; x_wconf 91' lang='lat' dir='ltr'><strong>amplitudine</strong></span> <span class='ocrx_word' id='word_1_560' title='bbox 3185 2530 3455 2577; x_wconf 79' lang='lat' dir='ltr'><strong>terrarum</strong></span> 
     </span>
    </p>
   </div>
   <div class='ocr_carea' id='block_1_86' title="bbox 1864 2613 3455 2688">
    <p class='ocr_par' dir='ltr' id='par_1_86' title="bbox 1864 2613 3455 2688">
     <span class='ocr_line' id='line_1_86' title="bbox 1864 2613 3455 2688; baseline -0.005 -14"><span class='ocrx_word' id='word_1_561' title='bbox 1864 2620 2085 2682; x_wconf 85' lang='lat' dir='ltr'><strong>ditatus,</strong></span> <span class='ocrx_word' id='word_1_562' title='bbox 2122 2634 2256 2673; x_wconf 90' lang='lat' dir='ltr'><strong>auro</strong></span> <span class='ocrx_word' id='word_1_563' title='bbox 2304 2625 2643 2688; x_wconf 89' lang='lat' dir='ltr'><strong>argentoque</strong></span> <span class='ocrx_word' id='word_1_564' title='bbox 2687 2614 3074 2685; x_wconf 81' lang='lat' dir='ltr'><strong>locupletatus,</strong></span> <span class='ocrx_word' id='word_1_565' title='bbox 3125 2628 3232 2669; x_wconf 90' lang='lat' dir='ltr'><strong>non</strong></span> <span class='ocrx_word' id='word_1_566' title='bbox 3262 2613 3455 2667; x_wconf 82' lang='lat' dir='ltr'><strong>imme-</strong></span> 
     </span>
    </p>
   </div>
   <div class='ocr_carea' id='block_1_87' title="bbox 1863 2705 3459 2774">
    <p class='ocr_par' dir='ltr' id='par_1_87' title="bbox 1863 2705 3459 2774">
     <span class='ocr_line' id='line_1_87' title="bbox 1863 2705 3459 2774; baseline -0.005 -9"><span class='ocrx_word' id='word_1_567' title='bbox 1863 2728 1984 2765; x_wconf 91' lang='lat' dir='ltr'><strong>mor</strong></span> <span class='ocrx_word' id='word_1_568' title='bbox 2015 2709 2182 2765; x_wconf 78' lang='lat' dir='ltr'><strong>divini</strong></span> <span class='ocrx_word' id='word_1_569' title='bbox 2233 2708 2377 2764; x_wconf 87' lang='lat' dir='ltr'><strong>illius</strong></span> <span class='ocrx_word' id='word_1_570' title='bbox 2425 2706 2662 2763; x_wconf 88' lang='lat' dir='ltr'><strong>mandati</strong></span> <span class='ocrx_word' id='word_1_571' title='bbox 2692 2724 2705 2761; x_wconf 91' lang='lat'><strong>:</strong></span> <span class='ocrx_word' id='word_1_572' title='bbox 2734 2705 2950 2760; x_wconf 80' lang='lat' dir='ltr'><strong>llonora</strong></span> <span class='ocrx_word' id='word_1_573' title='bbox 3000 2714 3211 2774; x_wconf 90' lang='lat' dir='ltr'><strong>patrem</strong></span> <span class='ocrx_word' id='word_1_574' title='bbox 3260 2715 3315 2758; x_wconf 90' lang='lat' dir='ltr'><strong>et</strong></span> <span class='ocrx_word' id='word_1_575' title='bbox 3344 2717 3459 2757; x_wconf 87' lang='lat' dir='ltr'><strong>nta-</strong></span> 
     </span>
    </p>
   </div>
   <div class='ocr_carea' id='block_1_88' title="bbox 1861 2793 3455 2873">
    <p class='ocr_par' dir='ltr' id='par_1_88' title="bbox 1861 2793 3455 2873">
     <span class='ocr_line' id='line_1_88' title="bbox 1861 2793 3455 2873; baseline -0.006 -16"><span class='ocrx_word' id='word_1_576' title='bbox 1861 2810 2004 2857; x_wconf 87' lang='lat' dir='ltr'><strong>tretn</strong></span> <span class='ocrx_word' id='word_1_577' title='bbox 2036 2800 2238 2873; x_wconf 78' lang='lat' dir='ltr'><strong>(Exod.</strong></span> <span class='ocrx_word' id='word_1_578' title='bbox 2271 2817 2361 2862; x_wconf 73' lang='lat' dir='ltr'><strong>xx,</strong></span> <span class='ocrx_word' id='word_1_579' title='bbox 2398 2800 2512 2869; x_wconf 70' lang='grc'><strong>12),</strong></span> <span class='ocrx_word' id='word_1_580' title='bbox 2559 2796 2889 2855; x_wconf 88' lang='lat' dir='ltr'><strong>omnimodis</strong></span> <span class='ocrx_word' id='word_1_581' title='bbox 2937 2795 3207 2865; x_wconf 86' lang='lat' dir='ltr'><strong>benignus</strong></span> <span class='ocrx_word' id='word_1_582' title='bbox 3231 2802 3287 2853; x_wconf 88' lang='lat' dir='ltr'><strong>et</strong></span> <span class='ocrx_word' id='word_1_583' title='bbox 3321 2793 3455 2848; x_wconf 79' lang='lat' dir='ltr'><strong>iibe-</strong></span> 
     </span>
    </p>
   </div>
   <div class='ocr_carea' id='block_1_89' title="bbox 1863 2884 3454 2964">
    <p class='ocr_par' dir='ltr' id='par_1_89' title="bbox 1863 2884 3454 2964">
     <span class='ocr_line' id='line_1_89' title="bbox 1863 2884 3454 2964; baseline -0.007 -13"><span class='ocrx_word' id='word_1_584' title='bbox 1863 2896 1997 2953; x_wconf 86' lang='lat' dir='ltr'><strong>ralis</strong></span> <span class='ocrx_word' id='word_1_585' title='bbox 2020 2895 2230 2951; x_wconf 80' lang='lat' dir='ltr'><strong>exstitit</strong></span> <span class='ocrx_word' id='word_1_586' title='bbox 2250 2895 2394 2949; x_wconf 89' lang='lat' dir='ltr'><strong>circa</strong></span> <span class='ocrx_word' id='word_1_587' title='bbox 2422 2903 2632 2964; x_wconf 81' lang='lat' dir='ltr'><strong>patrem</strong></span> <span class='ocrx_word' id='word_1_588' title='bbox 2662 2908 2818 2947; x_wconf 86' lang='lat' dir='ltr'><strong>suum</strong></span> <span class='ocrx_word' id='word_1_589' title='bbox 2865 2887 3202 2961; x_wconf 87' lang='lat' dir='ltr'><strong>spiritualem</strong></span> <span class='ocrx_word' id='word_1_590' title='bbox 3237 2884 3454 2945; x_wconf 81' lang='lat' dir='ltr'><strong>Herlui-</strong></span> 
     </span>
    </p>
   </div>
   <div class='ocr_carea' id='block_1_90' title="bbox 1865 2980 3452 3053">
    <p class='ocr_par' dir='ltr' id='par_1_90' title="bbox 1865 2980 3452 3053">
     <span class='ocr_line' id='line_1_90' title="bbox 1865 2980 3452 3053; baseline -0.003 -12"><span class='ocrx_word' id='word_1_591' title='bbox 1865 3002 1994 3042; x_wconf 83' lang='lat' dir='ltr'><strong>num</strong></span> <span class='ocrx_word' id='word_1_592' title='bbox 2021 2986 2316 3051; x_wconf 89' lang='lat' dir='ltr'><strong>abbatem,</strong></span> <span class='ocrx_word' id='word_1_593' title='bbox 2349 2994 2406 3039; x_wconf 84' lang='lat' dir='ltr'><strong>et</strong></span> <span class='ocrx_word' id='word_1_594' title='bbox 2449 2995 2675 3040; x_wconf 80' lang='lat' dir='ltr'><strong>matrem</strong></span> <span class='ocrx_word' id='word_1_595' title='bbox 2723 2982 3026 3053; x_wconf 71' lang='lat' dir='ltr'><strong>Ecclesium</strong></span> <span class='ocrx_word' id='word_1_596' title='bbox 3077 2980 3452 3045; x_wconf 84' lang='lat' dir='ltr'><strong>Beceensem;</strong></span> 
     </span>
    </p>
   </div>
   <div class='ocr_carea' id='block_1_91' title="bbox 1867 3072 3455 3147">
    <p class='ocr_par' dir='ltr' id='par_1_91' title="bbox 1867 3072 3455 3147">
     <span class='ocr_line' id='line_1_91' title="bbox 1867 3072 3455 3147; baseline -0.003 -16"><span class='ocrx_word' id='word_1_597' title='bbox 1867 3076 2020 3145; x_wconf 87' lang='lat' dir='ltr'><strong>cujus</strong></span> <span class='ocrx_word' id='word_1_598' title='bbox 2048 3077 2115 3129; x_wconf 89' lang='lat' dir='ltr'><strong>ad</strong></span> <span class='ocrx_word' id='word_1_599' title='bbox 2142 3091 2235 3130; x_wconf 90' lang='lat' dir='ltr'><strong>eas</strong></span> <span class='ocrx_word' id='word_1_600' title='bbox 2262 3084 2445 3145; x_wconf 86' lang='lat' dir='ltr'><strong>partes</strong></span> <span class='ocrx_word' id='word_1_601' title='bbox 2471 3074 2899 3147; x_wconf 82' lang='lat' dir='ltr'><strong>transmigratio,</strong></span> <span class='ocrx_word' id='word_1_602' title='bbox 2951 3087 3153 3144; x_wconf 81' lang='lat' dir='ltr'><strong>pauens</strong></span> <span class='ocrx_word' id='word_1_603' title='bbox 3182 3081 3308 3127; x_wconf 84' lang='lat' dir='ltr'><strong>ante</strong></span> <span class='ocrx_word' id='word_1_604' title='bbox 3336 3072 3455 3127; x_wconf 86' lang='lat' dir='ltr'><strong>dies</strong></span> 
     </span>
    </p>
   </div>
   <div class='ocr_carea' id='block_1_92' title="bbox 1864 3161 3452 3237">
    <p class='ocr_par' dir='ltr' id='par_1_92' title="bbox 1864 3161 3452 3237">
     <span class='ocr_line' id='line_1_92' title="bbox 1864 3161 3452 3237; baseline -0.003 -17"><span class='ocrx_word' id='word_1_605' title='bbox 1864 3182 2029 3237; x_wconf 87' lang='lat' dir='ltr'><strong>quam</strong></span> <span class='ocrx_word' id='word_1_606' title='bbox 2086 3166 2210 3220; x_wconf 90' lang='lat' dir='ltr'><strong>inde</strong></span> <span class='ocrx_word' id='word_1_607' title='bbox 2266 3165 2516 3236; x_wconf 84' lang='lat' dir='ltr'><strong>allegatio</strong></span> <span class='ocrx_word' id='word_1_608' title='bbox 2569 3164 2800 3226; x_wconf 85' lang='lat' dir='ltr'><strong>veniret,</strong></span> <span class='ocrx_word' id='word_1_609' title='bbox 2840 3162 3138 3218; x_wconf 85' lang='lat' dir='ltr'><strong>venerabili</strong></span> <span class='ocrx_word' id='word_1_610' title='bbox 3188 3161 3452 3217; x_wconf 79' lang='lat' dir='ltr'><strong>llerluiuo</strong></span> 
     </span>
    </p>
   </div>
   <div class='ocr_carea' id='block_1_93' title="bbox 1862 3253 3451 3328">
    <p class='ocr_par' dir='ltr' id='par_1_93' title="bbox 1862 3253 3451 3328">
     <span class='ocr_line' id='line_1_93' title="bbox 1862 3253 3451 3328; baseline -0.003 -15"><span class='ocrx_word' id='word_1_611' title='bbox 1862 3259 2044 3315; x_wconf 72' lang='lat' dir='ltr'><strong>abbati</strong></span> <span class='ocrx_word' id='word_1_612' title='bbox 2073 3273 2168 3328; x_wconf 91' lang='lat' dir='ltr'><strong>per</strong></span> <span class='ocrx_word' id='word_1_613' title='bbox 2191 3258 2601 3327; x_wconf 83' lang='lat' dir='ltr'><strong>visumostensa</strong></span> <span class='ocrx_word' id='word_1_614' title='bbox 2627 3267 2709 3311; x_wconf 88' lang='lat' dir='ltr'><strong>est</strong></span> <span class='ocrx_word' id='word_1_615' title='bbox 2735 3257 2836 3314; x_wconf 84' lang='lat' dir='ltr'><strong>hoc</strong></span> <span class='ocrx_word' id='word_1_616' title='bbox 2866 3256 3049 3311; x_wconf 53' lang='lat' dir='ltr'><strong>nodo-</strong></span> <span class='ocrx_word' id='word_1_617' title='bbox 3067 3253 3451 3325; x_wconf 84' lang='lat' dir='ltr'><strong>Videbatquod</strong></span> 
     </span>
    </p>
   </div>
   <div class='ocr_carea' id='block_1_94' title="bbox 1866 3349 3449 3427">
    <p class='ocr_par' dir='ltr' id='par_1_94' title="bbox 1866 3349 3449 3427">
     <span class='ocr_line' id='line_1_94' title="bbox 1866 3349 3449 3427; baseline -0.005 -15"><span class='ocrx_word' id='word_1_618' title='bbox 1866 3358 1919 3412; x_wconf 90' lang='lat' dir='ltr'><strong>in</strong></span> <span class='ocrx_word' id='word_1_619' title='bbox 1948 3354 2183 3427; x_wconf 77' lang='lat' dir='ltr'><strong>virgulto</strong></span> <span class='ocrx_word' id='word_1_620' title='bbox 2207 3369 2306 3409; x_wconf 85' lang='lat' dir='ltr'><strong>suo</strong></span> <span class='ocrx_word' id='word_1_621' title='bbox 2336 3354 2584 3410; x_wconf 88' lang='lat' dir='ltr'><strong>arborem</strong></span> <span class='ocrx_word' id='word_1_622' title='bbox 2631 3352 2833 3409; x_wconf 81' lang='lat' dir='ltr'><strong>malum</strong></span> <span class='ocrx_word' id='word_1_623' title='bbox 2878 3352 3150 3416; x_wconf 81' lang='lat' dir='ltr'><strong>habebat,</strong></span> <span class='ocrx_word' id='word_1_624' title='bbox 3170 3349 3332 3420; x_wconf 86' lang='lat' dir='ltr'><strong>cujus</strong></span> <span class='ocrx_word' id='word_1_625' title='bbox 3358 3366 3449 3405; x_wconf 87' lang='lat' dir='ltr'><strong>ra-</strong></span> 
     </span>
    </p>
   </div>
   <div class='ocr_carea' id='block_1_95' title="bbox 1867 3439 3445 3516">
    <p class='ocr_par' dir='ltr' id='par_1_95' title="bbox 1867 3439 3445 3516">
     <span class='ocr_line' id='line_1_95' title="bbox 1867 3439 3445 3516; baseline -0.005 -14"><span class='ocrx_word' id='word_1_626' title='bbox 1867 3445 2423 3516; x_wconf 85' lang='lat' dir='ltr'><strong>moruntspatiositas</strong></span> <span class='ocrx_word' id='word_1_627' title='bbox 2444 3444 2608 3498; x_wconf 89' lang='lat' dir='ltr'><strong>ntulta</strong></span> <span class='ocrx_word' id='word_1_628' title='bbox 2638 3451 2759 3497; x_wconf 87' lang='lat' dir='ltr'><strong>erat</strong></span> <span class='ocrx_word' id='word_1_629' title='bbox 2814 3452 2870 3496; x_wconf 77' lang='lat' dir='ltr'><strong>et</strong></span> <span class='ocrx_word' id='word_1_630' title='bbox 2922 3457 3117 3511; x_wconf 88' lang='lat' dir='ltr'><strong>magna</strong></span> <span class='ocrx_word' id='word_1_631' title='bbox 3168 3439 3445 3495; x_wconf 80' lang='lat' dir='ltr'><strong>fructuum</strong></span> 
     </span>
    </p>
   </div>
   <div class='ocr_carea' id='block_1_96' title="bbox 1865 3532 3457 3607">
    <p class='ocr_par' dir='ltr' id='par_1_96' title="bbox 1865 3532 3457 3607">
     <span class='ocr_line' id='line_1_96' title="bbox 1865 3532 3457 3607; baseline -0.003 -15"><span class='ocrx_word' id='word_1_632' title='bbox 1865 3540 2116 3603; x_wconf 84' lang='lat' dir='ltr'><strong>ubertas;</strong></span> <span class='ocrx_word' id='word_1_633' title='bbox 2169 3552 2451 3607; x_wconf 87' lang='lat' dir='ltr'><strong>pomorum</strong></span> <span class='ocrx_word' id='word_1_634' title='bbox 2502 3551 2717 3606; x_wconf 84' lang='lat' dir='ltr'><strong>quoque</strong></span> <span class='ocrx_word' id='word_1_635' title='bbox 2770 3535 2981 3604; x_wconf 87' lang='lat' dir='ltr'><strong>species</strong></span> <span class='ocrx_word' id='word_1_636' title='bbox 3020 3532 3357 3601; x_wconf 85' lang='lat' dir='ltr'><strong>delectabilis</strong></span> <span class='ocrx_word' id='word_1_637' title='bbox 3400 3542 3457 3588; x_wconf 75' lang='lat' dir='ltr'><strong>et</strong></span> 
     </span>
    </p>
   </div>
   <div class='ocr_carea' id='block_1_97' title="bbox 1866 3626 3449 3701">
    <p class='ocr_par' dir='ltr' id='par_1_97' title="bbox 1866 3626 3449 3701">
     <span class='ocr_line' id='line_1_97' title="bbox 1866 3626 3449 3701; baseline -0.002 -16"><span class='ocrx_word' id='word_1_638' title='bbox 1866 3646 2027 3701; x_wconf 84' lang='lat' dir='ltr'><strong>sapor</strong></span> <span class='ocrx_word' id='word_1_639' title='bbox 2056 3629 2313 3701; x_wconf 87' lang='lat' dir='ltr'><strong>optimus.</strong></span> <span class='ocrx_word' id='word_1_640' title='bbox 2346 3627 2496 3683; x_wconf 90' lang='lat' dir='ltr'><strong>llanc</strong></span> <span class='ocrx_word' id='word_1_641' title='bbox 2540 3643 2629 3681; x_wconf 81' lang='lat' dir='ltr'><strong>rex</strong></span> <span class='ocrx_word' id='word_1_642' title='bbox 2663 3627 2955 3696; x_wconf 66' lang='lat' dir='ltr'><strong>prtedictus</strong></span> <span class='ocrx_word' id='word_1_643' title='bbox 3003 3626 3070 3681; x_wconf 87' lang='lat' dir='ltr'><strong>ab</strong></span> <span class='ocrx_word' id='word_1_644' title='bbox 3103 3627 3449 3698; x_wconf 83' lang='lat' dir='ltr'><strong>abbatepos-</strong></span> 
     </span>
    </p>
   </div>
   <div class='ocr_carea' id='block_1_98' title="bbox 1865 3717 3485 3789">
    <p class='ocr_par' dir='ltr' id='par_1_98' title="bbox 1865 3717 3485 3789">
     <span class='ocr_line' id='line_1_98' title="bbox 1865 3717 3485 3789; baseline 0 -12"><span class='ocrx_word' id='word_1_645' title='bbox 1865 3720 2040 3785; x_wconf 82' lang='lat' dir='ltr'><strong>cebat,</strong></span> <span class='ocrx_word' id='word_1_646' title='bbox 2090 3720 2277 3775; x_wconf 83' lang='lat' dir='ltr'><strong>volens</strong></span> <span class='ocrx_word' id='word_1_647' title='bbox 2318 3734 2439 3774; x_wconf 80' lang='lat' dir='ltr'><strong>eam</strong></span> <span class='ocrx_word' id='word_1_648' title='bbox 2494 3718 2562 3773; x_wconf 87' lang='lat' dir='ltr'><strong>ad</strong></span> <span class='ocrx_word' id='word_1_649' title='bbox 2610 3717 2880 3789; x_wconf 82' lang='lat' dir='ltr'><strong>quoddam</strong></span> <span class='ocrx_word' id='word_1_650' title='bbox 2927 3732 3087 3773; x_wconf 79' lang='lat' dir='ltr'><strong>suum</strong></span> <span class='ocrx_word' id='word_1_651' title='bbox 3155 3718 3485 3788; x_wconf 81' lang='lat' dir='ltr'><strong>virgultum.</strong></span> 
     </span>
    </p>
   </div>
   <div class='ocr_carea' id='block_1_99' title="bbox 1869 3807 3450 3878">
    <p class='ocr_par' dir='ltr' id='par_1_99' title="bbox 1869 3807 3450 3878">
     <span class='ocr_line' id='line_1_99' title="bbox 1869 3807 3450 3878; baseline -0.001 -12"><span class='ocrx_word' id='word_1_652' title='bbox 1869 3811 2184 3875; x_wconf 83' lang='lat' dir='ltr'><strong>transferre,</strong></span> <span class='ocrx_word' id='word_1_653' title='bbox 2216 3809 2517 3864; x_wconf 84' lang='lat' dir='ltr'><strong>reluctante</strong></span> <span class='ocrx_word' id='word_1_654' title='bbox 2542 3809 2738 3863; x_wconf 80' lang='lat' dir='ltr'><strong>abbate</strong></span> <span class='ocrx_word' id='word_1_655' title='bbox 2762 3816 2821 3863; x_wconf 89' lang='lat' dir='ltr'><strong>et</strong></span> <span class='ocrx_word' id='word_1_656' title='bbox 2842 3808 2984 3878; x_wconf 90' lang='lat' dir='ltr'><strong>quod</strong></span> <span class='ocrx_word' id='word_1_657' title='bbox 3006 3823 3070 3863; x_wconf 90' lang='lat' dir='ltr'><strong>ea</strong></span> <span class='ocrx_word' id='word_1_658' title='bbox 3095 3807 3211 3864; x_wconf 84' lang='lat' dir='ltr'><strong>sola</strong></span> <span class='ocrx_word' id='word_1_659' title='bbox 3233 3818 3450 3865; x_wconf 80' lang='lat' dir='ltr'><strong>susten—</strong></span> 
     </span>
    </p>
   </div>
   <div class='ocr_carea' id='block_1_100' title="bbox 1864 3900 3458 3972">
    <p class='ocr_par' dir='ltr' id='par_1_100' title="bbox 1864 3900 3458 3972">
     <span class='ocr_line' id='line_1_100' title="bbox 1864 3900 3458 3972; baseline -0.002 -13"><span class='ocrx_word' id='word_1_660' title='bbox 1864 3913 2075 3959; x_wconf 89' lang='lat' dir='ltr'><strong>taretur</strong></span> <span class='ocrx_word' id='word_1_661' title='bbox 2129 3909 2467 3972; x_wconf 85' lang='lat' dir='ltr'><strong>opponente;</strong></span> <span class='ocrx_word' id='word_1_662' title='bbox 2522 3900 2650 3970; x_wconf 82' lang='lat' dir='ltr'><strong>quia</strong></span> <span class='ocrx_word' id='word_1_663' title='bbox 2706 3901 2959 3954; x_wconf 89' lang='lat' dir='ltr'><strong>dominus</strong></span> <span class='ocrx_word' id='word_1_664' title='bbox 2988 3908 3127 3966; x_wconf 89' lang='lat' dir='ltr'><strong>erat,</strong></span> <span class='ocrx_word' id='word_1_665' title='bbox 3155 3900 3339 3966; x_wconf 76' lang='lat' dir='ltr'><strong>evicit,</strong></span> <span class='ocrx_word' id='word_1_666' title='bbox 3399 3911 3458 3956; x_wconf 86' lang='lat' dir='ltr'><strong>et</strong></span> 
     </span>
    </p>
   </div>
   <div class='ocr_carea' id='block_1_101' title="bbox 1862 3993 3455 4065">
    <p class='ocr_par' dir='ltr' id='par_1_101' title="bbox 1862 3993 3455 4065">
     <span class='ocr_line' id='line_1_101' title="bbox 1862 3993 3455 4065; baseline -0.003 -14"><span class='ocrx_word' id='word_1_667' title='bbox 1862 3997 2118 4053; x_wconf 85' lang='lat' dir='ltr'><strong>arborem</strong></span> <span class='ocrx_word' id='word_1_668' title='bbox 2149 3993 2472 4065; x_wconf 77' lang='lat' dir='ltr'><strong>asportavit.</strong></span> <span class='ocrx_word' id='word_1_669' title='bbox 2518 3994 2717 4050; x_wconf 82' lang='lat' dir='ltr'><strong>Verum</strong></span> <span class='ocrx_word' id='word_1_670' title='bbox 2766 3993 2976 4048; x_wconf 83' lang='lat' dir='ltr'><strong>radices</strong></span> <span class='ocrx_word' id='word_1_671' title='bbox 3025 3993 3239 4063; x_wconf 86' lang='lat' dir='ltr'><strong>penitus</strong></span> <span class='ocrx_word' id='word_1_672' title='bbox 3294 3993 3455 4048; x_wconf 82' lang='lat' dir='ltr'><strong>avelli</strong></span> 
     </span>
    </p>
   </div>
   <div class='ocr_carea' id='block_1_102' title="bbox 1866 4085 3453 4159">
    <p class='ocr_par' dir='ltr' id='par_1_102' title="bbox 1866 4085 3453 4159">
     <span class='ocr_line' id='line_1_102' title="bbox 1866 4085 3453 4159; baseline -0.002 -16"><span class='ocrx_word' id='word_1_673' title='bbox 1866 4106 1972 4144; x_wconf 88' lang='lat' dir='ltr'><strong>non</strong></span> <span class='ocrx_word' id='word_1_674' title='bbox 2000 4096 2324 4159; x_wconf 89' lang='lat' dir='ltr'><strong>potuerunt;</strong></span> <span class='ocrx_word' id='word_1_675' title='bbox 2357 4102 2425 4142; x_wconf 78' lang='lat' dir='ltr'><strong>ex</strong></span> <span class='ocrx_word' id='word_1_676' title='bbox 2475 4087 2670 4156; x_wconf 91' lang='lat' dir='ltr'><strong>quibus</strong></span> <span class='ocrx_word' id='word_1_677' title='bbox 2714 4085 3044 4158; x_wconf 82' lang='lat' dir='ltr'><strong>pullulantes</strong></span> <span class='ocrx_word' id='word_1_678' title='bbox 3067 4085 3291 4155; x_wconf 79' lang='lat' dir='ltr'><strong>virgula:</strong></span> <span class='ocrx_word' id='word_1_679' title='bbox 3319 4100 3453 4141; x_wconf 90' lang='lat' dir='ltr'><strong>eon-</strong></span> 
     </span>
    </p>
   </div>
   <div class='ocr_carea' id='block_1_103' title="bbox 1868 4177 3453 4249">
    <p class='ocr_par' dir='ltr' id='par_1_103' title="bbox 1868 4177 3453 4249">
     <span class='ocr_line' id='line_1_103' title="bbox 1868 4177 3453 4249; baseline -0.002 -15"><span class='ocrx_word' id='word_1_680' title='bbox 1868 4180 2045 4237; x_wconf 86' lang='lat' dir='ltr'><strong>l&#39;estim</strong></span> <span class='ocrx_word' id='word_1_681' title='bbox 2080 4181 2134 4235; x_wconf 88' lang='lat' dir='ltr'><strong>itt</strong></span> <span class='ocrx_word' id='word_1_682' title='bbox 2189 4179 2417 4235; x_wconf 80' lang='lat' dir='ltr'><strong>arbores</strong></span> <span class='ocrx_word' id='word_1_683' title='bbox 2459 4195 2682 4249; x_wconf 84' lang='lat' dir='ltr'><strong>magnas</strong></span> <span class='ocrx_word' id='word_1_684' title='bbox 2725 4185 3107 4233; x_wconf 82' lang='lat' dir='ltr'><strong>excreverunt.</strong></span> <span class='ocrx_word' id='word_1_685' title='bbox 3162 4177 3294 4234; x_wconf 69' lang='lat' dir='ltr'><strong>Post</strong></span> <span class='ocrx_word' id='word_1_686' title='bbox 3330 4193 3453 4248; x_wconf 84' lang='lat' dir='ltr'><strong>par-</strong></span> 
     </span>
    </p>
   </div>
   <div class='ocr_carea' id='block_1_104' title="bbox 1866 4268 3453 4340">
    <p class='ocr_par' dir='ltr' id='par_1_104' title="bbox 1866 4268 3453 4340">
     <span class='ocr_line' id='line_1_104' title="bbox 1866 4268 3453 4340; baseline -0.002 -16"><span class='ocrx_word' id='word_1_687' title='bbox 1866 4288 1989 4326; x_wconf 85' lang='lat' dir='ltr'><strong>vum</strong></span> <span class='ocrx_word' id='word_1_688' title='bbox 2018 4271 2252 4340; x_wconf 89' lang='lat' dir='ltr'><strong>denique</strong></span> <span class='ocrx_word' id='word_1_689' title='bbox 2291 4271 2392 4325; x_wconf 90' lang='lat' dir='ltr'><strong>sub</strong></span> <span class='ocrx_word' id='word_1_690' title='bbox 2438 4286 2504 4325; x_wconf 91' lang='lat' dir='ltr'><strong>eo</strong></span> <span class='ocrx_word' id='word_1_691' title='bbox 2538 4271 2655 4325; x_wconf 83' lang='lat' dir='ltr'><strong>visu</strong></span> <span class='ocrx_word' id='word_1_692' title='bbox 2705 4268 3045 4323; x_wconf 81' lang='lat' dir='ltr'><strong>intervallum</strong></span> <span class='ocrx_word' id='word_1_693' title='bbox 3070 4307 3086 4329; x_wconf 84' lang='lat'><strong>.</strong></span> <span class='ocrx_word' id='word_1_694' title='bbox 3122 4275 3453 4321; x_wconf 84' lang='lat' dir='ltr'><strong>memoratus</strong></span> 
     </span>
    </p>
   </div>
   <div class='ocr_carea' id='block_1_105' title="bbox 1866 4347 3449 4424">
    <p class='ocr_par' dir='ltr' id='par_1_105' title="bbox 1866 4347 3449 4424">
     <span class='ocr_line' id='line_1_105' title="bbox 1866 4347 3449 4424; baseline -0.004 -11"><span class='ocrx_word' id='word_1_695' title='bbox 1866 4375 1963 4415; x_wconf 72' lang='lat' dir='ltr'><strong>rex</strong></span> <span class='ocrx_word' id='word_1_696' title='bbox 2011 4360 2075 4411; x_wconf 89' lang='lat' dir='ltr'><strong>de</strong></span> <span class='ocrx_word' id='word_1_697' title='bbox 2113 4358 2327 4412; x_wconf 80' lang='lat' dir='ltr'><strong>arboris</strong></span> <span class='ocrx_word' id='word_1_698' title='bbox 2370 4355 2540 4424; x_wconf 88' lang='lat' dir='ltr'><strong>ipsius</strong></span> <span class='ocrx_word' id='word_1_699' title='bbox 2570 4347 2732 4409; x_wconf 89' lang='lat' dir='ltr'><strong>nimia</strong></span> <span class='ocrx_word' id='word_1_700' title='bbox 2808 4352 3226 4408; x_wconf 78' lang='lat' dir='ltr'><strong>fruetiiicatione</strong></span> <span class='ocrx_word' id='word_1_701' title='bbox 3262 4367 3449 4408; x_wconf 85' lang='lat' dir='ltr'><strong>coram</strong></span> 
     </span>
    </p>
   </div>
   <div class='ocr_carea' id='block_1_106' title="bbox 1867 4443 3450 4516">
    <p class='ocr_par' dir='ltr' id='par_1_106' title="bbox 1867 4443 3450 4516">
     <span class='ocr_line' id='line_1_106' title="bbox 1867 4443 3450 4516; baseline -0.002 -14"><span class='ocrx_word' id='word_1_702' title='bbox 1867 4447 1956 4502; x_wconf 91' lang='lat' dir='ltr'><strong>illo</strong></span> <span class='ocrx_word' id='word_1_703' title='bbox 1994 4447 2287 4516; x_wconf 86' lang='lat' dir='ltr'><strong>gaudebat;</strong></span> <span class='ocrx_word' id='word_1_704' title='bbox 2328 4454 2384 4500; x_wconf 89' lang='lat' dir='ltr'><strong>et</strong></span> <span class='ocrx_word' id='word_1_705' title='bbox 2428 4445 2521 4500; x_wconf 85' lang='lat' dir='ltr'><strong>ille</strong></span> <span class='ocrx_word' id='word_1_706' title='bbox 2563 4460 2621 4501; x_wconf 91' lang='lat' dir='ltr'><strong>se</strong></span> <span class='ocrx_word' id='word_1_707' title='bbox 2668 4459 2733 4500; x_wconf 76' lang='lat' dir='ltr'><strong>ex</strong></span> <span class='ocrx_word' id='word_1_708' title='bbox 2759 4459 2824 4500; x_wconf 90' lang='lat' dir='ltr'><strong>ea</strong></span> <span class='ocrx_word' id='word_1_709' title='bbox 2870 4444 3178 4499; x_wconf 56' lang='lat' dir='ltr'><strong>latissimas</strong></span> <span class='ocrx_word' id='word_1_710' title='bbox 3249 4443 3450 4500; x_wconf 88' lang='lat' dir='ltr'><strong>habere</strong></span> 
     </span>
    </p>
   </div>
   <div class='ocr_carea' id='block_1_107' title="bbox 1867 4535 3451 4607">
    <p class='ocr_par' dir='ltr' id='par_1_107' title="bbox 1867 4535 3451 4607">
     <span class='ocr_line' id='line_1_107' title="bbox 1867 4535 3451 4607; baseline -0.002 -15"><span class='ocrx_word' id='word_1_711' title='bbox 1867 4536 2188 4607; x_wconf 85' lang='lat' dir='ltr'><strong>propagines</strong></span> <span class='ocrx_word' id='word_1_712' title='bbox 2231 4536 2584 4606; x_wconf 82' lang='lat' dir='ltr'><strong>adgaudendo</strong></span> <span class='ocrx_word' id='word_1_713' title='bbox 2623 4536 3001 4607; x_wconf 86' lang='lat' dir='ltr'><strong>respondebat.</strong></span> <span class='ocrx_word' id='word_1_714' title='bbox 3039 4535 3375 4589; x_wconf 85' lang='lat' dir='ltr'><strong>lnvitahatur</strong></span> <span class='ocrx_word' id='word_1_715' title='bbox 3418 4550 3451 4589; x_wconf 76' lang='grc' dir='ltr'><strong>ιι</strong></span> 
     </span>
    </p>
   </div>
   <div class='ocr_carea' id='block_1_108' title="bbox 1868 4626 3449 4701">
    <p class='ocr_par' dir='ltr' id='par_1_108' title="bbox 1868 4626 3449 4701">
     <span class='ocr_line' id='line_1_108' title="bbox 1868 4626 3449 4701; baseline -0.003 -17"><span class='ocrx_word' id='word_1_716' title='bbox 1868 4643 1993 4701; x_wconf 85' lang='lat' dir='ltr'><strong>rege</strong></span> <span class='ocrx_word' id='word_1_717' title='bbox 2018 4634 2077 4683; x_wconf 92' lang='lat' dir='ltr'><strong>ut</strong></span> <span class='ocrx_word' id='word_1_718' title='bbox 2120 4627 2293 4700; x_wconf 88' lang='lat' dir='ltr'><strong>ipsuut</strong></span> <span class='ocrx_word' id='word_1_719' title='bbox 2332 4627 2609 4683; x_wconf 62' lang='lat' dir='ltr'><strong>translatae</strong></span> <span class='ocrx_word' id='word_1_720' title='bbox 2648 4627 2862 4682; x_wconf 86' lang='lat' dir='ltr'><strong>arboris</strong></span> <span class='ocrx_word' id='word_1_721' title='bbox 2917 4626 3305 4681; x_wconf 74' lang='lat' dir='ltr'><strong>incrementum</strong></span> <span class='ocrx_word' id='word_1_722' title='bbox 3346 4626 3449 4681; x_wconf 74' lang='lat' dir='ltr'><strong>iret</strong></span> 
     </span>
    </p>
   </div>
   <div class='ocr_carea' id='block_1_109' title="bbox 1862 4717 3448 4789">
    <p class='ocr_par' dir='ltr' id='par_1_109' title="bbox 1862 4717 3448 4789">
     <span class='ocr_line' id='line_1_109' title="bbox 1862 4717 3448 4789; baseline -0.001 -13"><span class='ocrx_word' id='word_1_723' title='bbox 1862 4723 2075 4786; x_wconf 76' lang='lat' dir='ltr'><strong>videre;</strong></span> <span class='ocrx_word' id='word_1_724' title='bbox 2098 4721 2191 4777; x_wconf 86' lang='lat' dir='ltr'><strong>sed</strong></span> <span class='ocrx_word' id='word_1_725' title='bbox 2218 4720 2402 4776; x_wconf 89' lang='lat' dir='ltr'><strong>nescio</strong></span> <span class='ocrx_word' id='word_1_726' title='bbox 2417 4736 2537 4789; x_wconf 70' lang='lat' dir='ltr'><strong>quze</strong></span> <span class='ocrx_word' id='word_1_727' title='bbox 2553 4735 2714 4775; x_wconf 90' lang='lat' dir='ltr'><strong>causa</strong></span> <span class='ocrx_word' id='word_1_728' title='bbox 2743 4718 3067 4789; x_wconf 79' lang='lat' dir='ltr'><strong>impediebat</strong></span> <span class='ocrx_word' id='word_1_729' title='bbox 3082 4734 3148 4773; x_wconf 90' lang='lat' dir='ltr'><strong>ne</strong></span> <span class='ocrx_word' id='word_1_730' title='bbox 3178 4718 3302 4773; x_wconf 89' lang='lat' dir='ltr'><strong>iret.</strong></span> <span class='ocrx_word' id='word_1_731' title='bbox 3323 4717 3448 4774; x_wconf 64' lang='lat' dir='ltr'><strong>Haec</strong></span> 
     </span>
    </p>
   </div>
   <div class='ocr_carea' id='block_1_110' title="bbox 1863 4807 3485 4880">
    <p class='ocr_par' dir='ltr' id='par_1_110' title="bbox 1863 4807 3485 4880">
     <span class='ocr_line' id='line_1_110' title="bbox 1863 4807 3485 4880; baseline -0.005 -12"><span class='ocrx_word' id='word_1_732' title='bbox 1863 4813 2078 4877; x_wconf 90' lang='lat' dir='ltr'><strong>omnia,</strong></span> <span class='ocrx_word' id='word_1_733' title='bbox 2123 4810 2261 4866; x_wconf 91' lang='lat' dir='ltr'><strong>sicut</strong></span> <span class='ocrx_word' id='word_1_734' title='bbox 2290 4810 2427 4865; x_wconf 86' lang='lat' dir='ltr'><strong>visio</strong></span> <span class='ocrx_word' id='word_1_735' title='bbox 2462 4809 2710 4880; x_wconf 88' lang='lat' dir='ltr'><strong>digessit,</strong></span> <span class='ocrx_word' id='word_1_736' title='bbox 2775 4822 2954 4864; x_wconf 87' lang='lat' dir='ltr'><strong>rerum</strong></span> <span class='ocrx_word' id='word_1_737' title='bbox 2992 4815 3217 4862; x_wconf 84' lang='lat' dir='ltr'><strong>eventus</strong></span> <span class='ocrx_word' id='word_1_738' title='bbox 3268 4807 3445 4878; x_wconf 68' lang='lat' dir='ltr'><strong>expli-</strong></span> <span class='ocrx_word' id='word_1_739' title='bbox 3480 4848 3485 4855; x_wconf 93' lang='lat'><strong>.</strong></span> 
     </span>
    </p>
   </div>
   <div class='ocr_carea' id='block_1_111' title="bbox 1862 4897 3446 4972">
    <p class='ocr_par' dir='ltr' id='par_1_111' title="bbox 1862 4897 3446 4972">
     <span class='ocr_line' id='line_1_111' title="bbox 1862 4897 3446 4972; baseline -0.004 -15"><span class='ocrx_word' id='word_1_740' title='bbox 1862 4903 1999 4966; x_wconf 89' lang='lat' dir='ltr'><strong>cuit,</strong></span> <span class='ocrx_word' id='word_1_741' title='bbox 2051 4910 2250 4972; x_wconf 72' lang='lat' dir='ltr'><strong>prteter</strong></span> <span class='ocrx_word' id='word_1_742' title='bbox 2279 4916 2442 4971; x_wconf 73' lang='lat' dir='ltr'><strong>quam</strong></span> <span class='ocrx_word' id='word_1_743' title='bbox 2474 4899 2616 4970; x_wconf 87' lang='lat' dir='ltr'><strong>quod</strong></span> <span class='ocrx_word' id='word_1_744' title='bbox 2648 4913 2774 4953; x_wconf 86' lang='lat' dir='ltr'><strong>vere</strong></span> <span class='ocrx_word' id='word_1_745' title='bbox 2825 4898 2921 4952; x_wconf 87' lang='lat' dir='ltr'><strong>ivit</strong></span> <span class='ocrx_word' id='word_1_746' title='bbox 2945 4907 3000 4952; x_wconf 91' lang='lat' dir='ltr'><strong>et</strong></span> <span class='ocrx_word' id='word_1_747' title='bbox 3024 4897 3167 4967; x_wconf 87' lang='lat' dir='ltr'><strong>quod</strong></span> <span class='ocrx_word' id='word_1_748' title='bbox 3196 4897 3446 4951; x_wconf 83' lang='lat' dir='ltr'><strong>audierat</strong></span> 
     </span>
    </p>
   </div>
   <div class='ocr_carea' id='block_1_112' title="bbox 1863 4988 3473 5062">
    <p class='ocr_par' dir='ltr' id='par_1_112' title="bbox 1863 4988 3473 5062">
     <span class='ocr_line' id='line_1_112' title="bbox 1863 4988 3473 5062; baseline -0.006 -14"><span class='ocrx_word' id='word_1_749' title='bbox 1863 4995 2020 5050; x_wconf 89' lang='lat' dir='ltr'><strong>vidit.</strong></span> <span class='ocrx_word' id='word_1_750' title='bbox 2054 4992 2361 5062; x_wconf 83' lang='lat' dir='ltr'><strong>Virgultum</strong></span> <span class='ocrx_word' id='word_1_751' title='bbox 2419 4991 2634 5046; x_wconf 88' lang='lat' dir='ltr'><strong>abbatis</strong></span> <span class='ocrx_word' id='word_1_752' title='bbox 2686 4997 2804 5045; x_wconf 86' lang='lat' dir='ltr'><strong>erat</strong></span> <span class='ocrx_word' id='word_1_753' title='bbox 2851 4988 3137 5044; x_wconf 84' lang='lat' dir='ltr'><strong>Becrensis</strong></span> <span class='ocrx_word' id='word_1_754' title='bbox 3177 4988 3473 5051; x_wconf 71' lang='lat' dir='ltr'><strong>Ecclesia,</strong></span> 
     </span>
    </p>
   </div>
   <div class='ocr_carea' id='block_1_113' title="bbox 1860 5079 3446 5159">
    <p class='ocr_par' dir='ltr' id='par_1_113' title="bbox 1860 5079 3446 5159">
     <span class='ocr_line' id='line_1_113' title="bbox 1860 5079 3446 5159; baseline -0.005 -20"><span class='ocrx_word' id='word_1_755' title='bbox 1860 5082 2015 5154; x_wconf 87' lang='lat' dir='ltr'><strong>cujus</strong></span> <span class='ocrx_word' id='word_1_756' title='bbox 2066 5082 2229 5137; x_wconf 83' lang='lat' dir='ltr'><strong>arbor</strong></span> <span class='ocrx_word' id='word_1_757' title='bbox 2260 5081 2517 5146; x_wconf 75' lang='lat' dir='ltr'><strong>maxima,</strong></span> <span class='ocrx_word' id='word_1_758' title='bbox 2563 5080 2655 5136; x_wconf 88' lang='lat' dir='ltr'><strong>ille</strong></span> <span class='ocrx_word' id='word_1_759' title='bbox 2686 5079 2911 5155; x_wconf 87' lang='lat' dir='ltr'><strong>doctor,</strong></span> <span class='ocrx_word' id='word_1_760' title='bbox 2943 5095 3051 5134; x_wconf 82' lang='lat' dir='ltr'><strong>non</strong></span> <span class='ocrx_word' id='word_1_761' title='bbox 3093 5079 3265 5159; x_wconf 85' lang='lat' dir='ltr'><strong>solum</strong></span> <span class='ocrx_word' id='word_1_762' title='bbox 3297 5094 3446 5141; x_wconf 88' lang='lat' dir='ltr'><strong>eam,</strong></span> 
     </span>
    </p>
   </div>
   <div class='ocr_carea' id='block_1_114' title="bbox 1859 5158 3485 5247">
    <p class='ocr_par' dir='ltr' id='par_1_114' title="bbox 1859 5158 3485 5247">
     <span class='ocr_line' id='line_1_114' title="bbox 1859 5158 3485 5247; baseline -0.003 -18"><span class='ocrx_word' id='word_1_763' title='bbox 1859 5192 2044 5232; x_wconf 87' lang='lat' dir='ltr'><strong>verum</strong></span> <span class='ocrx_word' id='word_1_764' title='bbox 2077 5176 2210 5229; x_wconf 88' lang='lat' dir='ltr'><strong>alias</strong></span> <span class='ocrx_word' id='word_1_765' title='bbox 2258 5158 2455 5230; x_wconf 85' lang='lat' dir='ltr'><strong>omnes</strong></span> <span class='ocrx_word' id='word_1_766' title='bbox 2514 5190 2612 5247; x_wconf 80' lang='lat' dir='ltr'><strong>per</strong></span> <span class='ocrx_word' id='word_1_767' title='bbox 2666 5173 2894 5244; x_wconf 83' lang='lat' dir='ltr'><strong>patiam</strong></span> <span class='ocrx_word' id='word_1_768' title='bbox 2943 5187 3041 5228; x_wconf 91' lang='lat' dir='ltr'><strong>suo</strong></span> <span class='ocrx_word' id='word_1_769' title='bbox 3088 5158 3337 5240; x_wconf 76' lang='lat' dir='ltr'><strong>exemplo</strong></span> <span class='ocrx_word' id='word_1_770' title='bbox 3392 5180 3485 5225; x_wconf 82' lang='lat' dir='ltr'><strong>et.</strong></span> 
     </span>
    </p>
   </div>
   <div class='ocr_carea' id='block_1_115' title="bbox 1855 5260 3447 5333">
    <p class='ocr_par' dir='ltr' id='par_1_115' title="bbox 1855 5260 3447 5333">
     <span class='ocr_line' id='line_1_115' title="bbox 1855 5260 3447 5333; baseline -0.003 -14"><span class='ocrx_word' id='word_1_771' title='bbox 1855 5265 2102 5321; x_wconf 84' lang='lat' dir='ltr'><strong>doctrina</strong></span> <span class='ocrx_word' id='word_1_772' title='bbox 2141 5263 2482 5320; x_wconf 83' lang='lat' dir='ltr'><strong>sustentabat</strong></span> <span class='ocrx_word' id='word_1_773' title='bbox 2540 5264 2829 5319; x_wconf 80' lang='lat' dir='ltr'><strong>Ecelesias.</strong></span> <span class='ocrx_word' id='word_1_774' title='bbox 2869 5263 2992 5329; x_wconf 83' lang='lat' dir='ltr'><strong>Qui,</strong></span> <span class='ocrx_word' id='word_1_775' title='bbox 3044 5262 3118 5316; x_wconf 85' lang='lat' dir='ltr'><strong>ob</strong></span> <span class='ocrx_word' id='word_1_776' title='bbox 3168 5260 3447 5333; x_wconf 82' lang='lat' dir='ltr'><strong>religionis</strong></span> 
     </span>
    </p>
   </div>
   <div class='ocr_carea' id='block_1_116' title="bbox 1863 5354 3445 5425">
    <p class='ocr_par' dir='ltr' id='par_1_116' title="bbox 1863 5354 3445 5425">
     <span class='ocr_line' id='line_1_116' title="bbox 1863 5354 3445 5425; baseline -0.003 -12"><span class='ocrx_word' id='word_1_777' title='bbox 1863 5373 2034 5413; x_wconf 75' lang='lat' dir='ltr'><strong>sacra:</strong></span> <span class='ocrx_word' id='word_1_778' title='bbox 2071 5357 2466 5412; x_wconf 89' lang='lat' dir='ltr'><strong>institutionem</strong></span> <span class='ocrx_word' id='word_1_779' title='bbox 2509 5355 2827 5411; x_wconf 83' lang='lat' dir='ltr'><strong>tradendam</strong></span> <span class='ocrx_word' id='word_1_780' title='bbox 2858 5354 3067 5425; x_wconf 80' lang='lat' dir='ltr'><strong>Anglis,</strong></span> <span class='ocrx_word' id='word_1_781' title='bbox 3102 5369 3131 5408; x_wconf 92' lang='lat' dir='ltr'><strong>a</strong></span> <span class='ocrx_word' id='word_1_782' title='bbox 3185 5354 3445 5424; x_wconf 71' lang='lat' dir='ltr'><strong>przedieto</strong></span> 
     </span>
    </p>
   </div>
   <div class='ocr_carea' id='block_1_117' title="bbox 1858 5432 3439 5520">
    <p class='ocr_par' dir='ltr' id='par_1_117' title="bbox 1858 5432 3439 5520">
     <span class='ocr_line' id='line_1_117' title="bbox 1858 5432 3439 5520; baseline -0.002 -16"><span class='ocrx_word' id='word_1_783' title='bbox 1858 5465 1987 5520; x_wconf 86' lang='lat' dir='ltr'><strong>rege</strong></span> <span class='ocrx_word' id='word_1_784' title='bbox 2016 5465 2111 5520; x_wconf 91' lang='lat' dir='ltr'><strong>per</strong></span> <span class='ocrx_word' id='word_1_785' title='bbox 2137 5449 2389 5504; x_wconf 82' lang='lat' dir='ltr'><strong>abbatem</strong></span> <span class='ocrx_word' id='word_1_786' title='bbox 2438 5434 2618 5513; x_wconf 88' lang='lat' dir='ltr'><strong>suum,</strong></span> <span class='ocrx_word' id='word_1_787' title='bbox 2660 5450 2744 5505; x_wconf 88' lang='lat' dir='ltr'><strong>cui</strong></span> <span class='ocrx_word' id='word_1_788' title='bbox 2778 5448 2879 5504; x_wconf 88' lang='lat' dir='ltr'><strong>soli</strong></span> <span class='ocrx_word' id='word_1_789' title='bbox 2910 5432 3161 5516; x_wconf 88' lang='lat' dir='ltr'><strong>tanquam</strong></span> <span class='ocrx_word' id='word_1_790' title='bbox 3208 5448 3317 5503; x_wconf 89' lang='lat' dir='ltr'><strong>Deo</strong></span> <span class='ocrx_word' id='word_1_791' title='bbox 3340 5463 3439 5517; x_wconf 87' lang='lat' dir='ltr'><strong>pa-</strong></span> 
     </span>
    </p>
   </div>
   <div class='ocr_carea' id='block_1_118' title="bbox 1858 5540 3487 5613">
    <p class='ocr_par' dir='ltr' id='par_1_118' title="bbox 1858 5540 3487 5613">
     <span class='ocr_line' id='line_1_118' title="bbox 1858 5540 3487 5613; baseline -0.001 -15"><span class='ocrx_word' id='word_1_792' title='bbox 1858 5544 2034 5607; x_wconf 87' lang='lat' dir='ltr'><strong>rebat,</strong></span> <span class='ocrx_word' id='word_1_793' title='bbox 2059 5543 2126 5598; x_wconf 84' lang='lat' dir='ltr'><strong>ad</strong></span> <span class='ocrx_word' id='word_1_794' title='bbox 2171 5543 2536 5598; x_wconf 83' lang='lat' dir='ltr'><strong>transmarina</strong></span> <span class='ocrx_word' id='word_1_795' title='bbox 2567 5542 2801 5613; x_wconf 78' lang='lat' dir='ltr'><strong>migrare</strong></span> <span class='ocrx_word' id='word_1_796' title='bbox 2850 5540 3171 5611; x_wconf 84' lang='lat' dir='ltr'><strong>postulatus,</strong></span> <span class='ocrx_word' id='word_1_797' title='bbox 3211 5542 3439 5597; x_wconf 85' lang='lat' dir='ltr'><strong>multum</strong></span> <span class='ocrx_word' id='word_1_798' title='bbox 3484 5586 3487 5589; x_wconf 95' lang='lat'><strong>.</strong></span> 
     </span>
    </p>
   </div>
   <div class='ocr_carea' id='block_1_119' title="bbox 1859 5630 3487 5700">
    <p class='ocr_par' dir='ltr' id='par_1_119' title="bbox 1859 5630 3487 5700">
     <span class='ocr_line' id='line_1_119' title="bbox 1859 5630 3487 5700; baseline -0.002 -13"><span class='ocrx_word' id='word_1_799' title='bbox 1859 5632 2079 5697; x_wconf 86' lang='lat' dir='ltr'><strong>invitus,</strong></span> <span class='ocrx_word' id='word_1_800' title='bbox 2128 5632 2277 5686; x_wconf 90' lang='lat' dir='ltr'><strong>salva</strong></span> <span class='ocrx_word' id='word_1_801' title='bbox 2337 5632 2649 5687; x_wconf 86' lang='lat' dir='ltr'><strong>obedientia-</strong></span> <span class='ocrx_word' id='word_1_802' title='bbox 2703 5639 2865 5700; x_wconf 90' lang='lat' dir='ltr'><strong>atque</strong></span> <span class='ocrx_word' id='word_1_803' title='bbox 2914 5631 2982 5685; x_wconf 88' lang='lat' dir='ltr'><strong>ab</strong></span> <span class='ocrx_word' id='word_1_804' title='bbox 3031 5630 3201 5686; x_wconf 87' lang='lat' dir='ltr'><strong>invito</strong></span> <span class='ocrx_word' id='word_1_805' title='bbox 3244 5631 3443 5685; x_wconf 85' lang='lat' dir='ltr'><strong>abbate</strong></span> <span class='ocrx_word' id='word_1_806' title='bbox 3482 5650 3487 5655; x_wconf 60' lang='grc' dir='ltr'><strong>ι</strong></span> 
     </span>
    </p>
   </div>
   <div class='ocr_carea' id='block_1_120' title="bbox 1849 5720 3489 5803">
    <p class='ocr_par' dir='ltr' id='par_1_120' title="bbox 1849 5720 3489 5803">
     <span class='ocr_line' id='line_1_120' title="bbox 1849 5720 3489 5803; baseline -0.002 -24"><span class='ocrx_word' id='word_1_807' title='bbox 1849 5723 2060 5795; x_wconf 82' lang='lat' dir='ltr'><strong>jussus,</strong></span> <span class='ocrx_word' id='word_1_808' title='bbox 2080 5723 2282 5794; x_wconf 87' lang='lat' dir='ltr'><strong>paruit.</strong></span> <span class='ocrx_word' id='word_1_809' title='bbox 2312 5721 2467 5779; x_wconf 90' lang='lat' dir='ltr'><strong>Unde</strong></span> <span class='ocrx_word' id='word_1_810' title='bbox 2497 5721 2738 5779; x_wconf 74' lang='lat' dir='ltr'><strong>scribens</strong></span> <span class='ocrx_word' id='word_1_811' title='bbox 2762 5737 2914 5794; x_wconf 69' lang='lat' dir='ltr'><strong>papa:</strong></span> <span class='ocrx_word' id='word_1_812' title='bbox 2966 5721 3293 5791; x_wconf 71' lang='lat' dir='ltr'><strong>Alexandro,</strong></span> <span class='ocrx_word' id='word_1_813' title='bbox 3316 5730 3444 5803; x_wconf 12' lang='lat' dir='ltr'><strong>{post</strong></span> <span class='ocrx_word' id='word_1_814' title='bbox 3484 5720 3489 5726; x_wconf 84' lang='grc'><em>’</em></span> 
     </span>
    </p>
   </div>
   <div class='ocr_carea' id='block_1_121' title="bbox 2919 5817 2959 5877">
    <p class='ocr_par' dir='ltr' id='par_1_121' title="bbox 2919 5817 2959 5877">
     <span class='ocr_line' id='line_1_121' title="bbox 2919 5817 2959 5877; baseline 0 0"><span class='ocrx_word' id='word_1_815' title='bbox 2919 5817 2959 5877; x_wconf 73' lang='grc'><strong>2</strong></span> 
     </span>
    </p>
   </div>
  </div>
