4034 6290
458 293 530 377 45

460 420 837 482 salutationem
912 423 986 477 ait
1036 440 1048 476 :
1097 439 1114 472 ι
1151 417 1283 475 Cum
1328 419 1393 473 de
1432 415 1684 472 Beccensi
1740 423 2040 483 congrega-
2075 412 2117 470 Α

463 523 673 576 liene...
716 542 733 572 ι
764 521 968 577 Cretera
999 519 1236 574 continet
1262 514 1487 587 epistola
1541 513 1577 568 2
1629 510 1692 565 B.
1725 507 2039 565 Lanfranci.

534 611 617 666 15.
663 610 757 665 llis
786 611 965 665 verbis
997 607 1201 664 adverti
1234 615 1409 677 potest
1436 618 1597 674 quam
1635 600 1838 656 invitus
1861 606 2040 668 pasto-

462 703 631 755 ralem
689 718 874 756 curam
930 710 1277 769 susceperat,
1330 705 1383 751 et
1429 710 1592 765 quant
1648 692 1879 747 libenter
1923 704 2043 744 eam

462 795 782 857 dimisisset,
802 794 845 847 si
865 793 1164 847 concedere
1192 806 1326 860 papa
1359 788 1633 844 voluisset.
1657 785 1788 840 Nam
1821 784 2045 838 timebat

462 901 619 938 suum
668 883 957 942 defectum,
1003 897 1100 934 nec
1149 880 1326 934 adhuc
1376 878 1442 932 ad
1482 887 1664 930 votum
1698 874 1957 931 cernebat
1990 875 2043 928 in

464 976 561 1029 sibi
612 974 918 1029 commissis
961 973 1283 1042 profectum.
1338 970 1427 1041 (³⁵)
1483 970 1681 1023 Verum
1733 968 1849 1037 ejus
1912 968 2061 1021 inibi

462 1076 699 1134 quantus
722 1074 902 1134 postea
927 1063 1194 1117 exstiterit
1216 1061 1445 1124 fructus,
1470 1059 1734 1114 latissime
1758 1069 2049 1114 attestatur

465 1158 753 1211 innovatus
798 1169 1190 1224 usquequaque
1253 1152 1609 1207 institutionis
1664 1150 2048 1205 ecclesiasticae

464 1260 650 1304 status.
680 1249 769 1321 (³⁸)
797 1247 1125 1303 Ccenobialis
1156 1246 1308 1311 ordo,
1339 1248 1428 1315 qui
1460 1246 1682 1300 omnino
1710 1245 1775 1299 ad
1804 1244 2047 1299 laicalem

461 1339 947 1409 prolapsus‘fuerat
972 1337 1408 1400 dissolutionem,
1442 1335 1506 1389 ad
1536 1335 2047 1404 pmbatissimorunt

466 1432 791 1487 reformatur
819 1429 1159 1501 disciplinam
1193 1429 1677 1483 monasteriorum.
1719 1427 1915 1481 Clerici
1946 1427 2048 1481 sub

464 1523 762 1576 canonieali
796 1531 1121 1576 coercentur
1150 1520 1349 1590 regula.
1378 1518 1642 1589 Populus,
1691 1519 1889 1572 rituum
1928 1518 2051 1570 irar-

466 1614 719 1668 barorurn
776 1613 1059 1666 interdicta
1109 1611 1369 1675 vanitate,
1417 1610 1483 1663 ad
1537 1618 1741 1664 rectam
1794 1607 2049 1662 credendi

465 1715 625 1773 atque
651 1702 862 1757 vivendi
886 1703 1127 1757 formam
1160 1716 1256 1756 cru
1280 1701 1428 1754 iitur.

1067 1790 1294 1847 CAPUT
1338 1790 1443 1844 VII.

541 1885 625 1939 l6.
670 1885 821 1939 lianc
853 1882 1127 1938 fructuum
1165 1882 1274 1936 Deo
1292 1880 1747 1936 suavissimorum
1800 1867 2049 1950 fragrant

469 1980 620 2045 tiam’,
653 1979 808 2047 cujus
835 1992 898 2031 ex
929 1977 1095 2031 odore
1128 1976 1323 2029 domus
1361 1974 1450 2027 Dei
1482 1988 1579 2044 per
1617 1971 1803 2026 orbenr
1834 1972 2050 2042 impleta

466 2080 568 2133 est,
600 2087 760 2140 quam
793 2078 849 2126 et
880 2071 994 2140 ipse
1024 2069 1191 2123 abbas
1214 2066 1410 2121 absens
1442 2063 1836 2134 iucundissime
1870 2080 2054 2118 sense-

469 2171 575 2227 rat,
604 2170 789 2231 postea
814 2174 1054 2230 praesens
1090 2167 1295 2227 quanto
1321 2156 1550 2210 vicinius
1584 2163 1733 2208 tanto
1761 2154 2054 2223 jucundius

469 2254 660 2317 sensit,
715 2240 995 2323 profectus
1036 2249 1102 2303 ad
1145 2262 1269 2303 eum
1313 2247 1364 2301 in
1409 2246 1676 2315 Angliam.
1715 2246 1959 2315 Cumque
1988 2247 2054 2298 ad

472 2344 941 2412 archiepiscopum
992 2339 1349 2408 pervenisset,
1394 2337 1451 2406 9
1491 2354 1610 2407 qmu
1644 2345 1771 2390 tunc
1798 2338 1938 2391 inter
1961 2351 2054 2391 eos

470 2433 821 2487 submittendi
852 2447 971 2487 sese
994 2447 1022 2484 a
1049 2431 1060 2482 Ι
1084 2428 1317 2483 invicem
1341 2428 1427 2498 pia
1451 2427 1769 2482 contentio?
1799 2426 2054 2482 Summus

473 2528 723 2591 antistes,
754 2535 811 2580 et
841 2526 893 2580 itr
923 2522 1181 2578 Ecclesiis
1211 2520 1592 2575 transmarinis
1623 2520 1771 2574 vices
1802 2520 2056 2588 apostoli-

468 2635 559 2673 eas
582 2632 795 2687 gerens,
827 2614 1180 2672 submittebat
1213 2628 1272 2667 se
1318 2627 1417 2666 suo
1453 2611 1725 2680 quondam
1764 2610 1967 2673 abbati,
2000 2619 2058 2664 ut

469 2711 603 2764 alius
633 2710 809 2779 quivis
844 2708 1181 2771 monachus;
1217 2704 1490 2759 secundus
1528 2704 1725 2772 ubique
1756 2705 1822 2757 ab
1850 2720 1937 2767 eo,
1967 2704 2052 2758 tibi

470 2802 535 2854 ad
569 2802 856 2855 missarum
886 2798 1147 2853 solemnia
1196 2796 1503 2858 residendo,
1550 2805 1604 2849 et
1644 2810 1858 2848 nramnn
1891 2794 2054 2859 illius,

473 2909 593 2944 cum
626 2891 827 2960 aliquid
875 2890 943 2942 ab
989 2905 1055 2942 eo
1090 2888 1416 2956 accipiebat,
1464 2885 1567 2939 nisi
1611 2886 1806 2953 raptiur
1848 2885 1934 2938 ille
1970 2900 2058 2938 re-

474 2984 753 3044 traxisset,
786 2979 1102 3035 osculando.
1128 2977 1205 3033 Illi
1237 2978 1394 3032 sedes
1417 2976 1762 3038 eminentior,
1792 2991 1854 3028 ac
1888 2975 2058 3043 impe-

474 3084 624 3136 randi
657 3080 744 3147 jus
773 3092 935 3133 omne
982 3077 1364 3140 tribuebatur;
1432 3074 1670 3130 donabat
1732 3071 2054 3127 famulorum

1274 303 1334 357 Β.
1375 294 1761 356 LANFRANCI
1798 287 2346 349 CANTUAHIENSIS
2381 284 2894 343 ARCHIEPISCOPI

3720 278 3795 336 44

2221 402 2305 457 17.
2352 402 2427 457 De
2475 403 2748 457 radicibus
2778 402 2921 456 illius
2969 414 3175 473 magna:
3206 400 3457 466 arboris,
3519 413 3670 472 quae
3734 399 3796 453 in

2148 495 2305 549 horto
2332 510 2431 549 suo
2467 506 2863 560 remanserant,
2897 505 2953 549 ut
2984 511 3081 566 per
3108 497 3377 551 somnium
3405 514 3581 552 suum
3621 478 3795 550 vide-

2146 595 2252 649 rat,
2287 585 2419 640 vidit
2470 595 2654 656 postea
2707 586 3081 657 prmdicamlus
3128 588 3213 642 vir
3244 588 3549 644 llerluinus
3584 586 3793 659 pullu-

2150 680 2326 736 lantes
2350 682 2612 749 quaslam
2636 680 2876 751 virgulas
2907 680 2958 733 in
2996 681 3222 735 arbores
3266 697 3503 750 magnas
3559 695 3792 734 excre-

2148 772 2314 834 visse,
2340 786 2341 789 ‘
2371 770 2571 825 multos
2602 770 2854 825 videlicet
2894 771 2959 823 ad
2994 787 3187 842 magna
3221 772 3487 826 bonorunr
3521 785 3790 842 operum

2151 863 2483 919 incrementa
2510 879 2605 933 per
2629 864 2773 917 itlius
2797 863 3190 919 institutionem
3218 865 3549 919 accessisse.
3582 862 3791 917 Arbor

2150 955 2416 1011 fructibus
2437 956 2613 1026 opima
2645 956 2744 1010 fuit
2770 956 3096 1011 venerabilis
3142 957 3455 1024 Anselurus,
3491 955 3792 1013 Ecclesiae

2151 1048 2513 1119 Angustensis
2538 1048 2605 1103 clt
2625 1050 2794 1116 rieus,
2827 1048 2917 1118 qui
2960 1048 3324 1105 Laufrancum
3353 1051 3421 1104 ad
3451 1050 3790 1105 monacha-

2154 1152 2266 1196 ttmt
2292 1143 2637 1205 subsecutus,
2670 1152 2792 1214 post
2814 1158 2936 1196 eum
2966 1142 3136 1212 prior,
3167 1153 3287 1213 post
3314 1142 3579 1198 abbatem
3625 1134 3805 1195 ιιιτ-’

2152 1235 2358 1288 Ιιιίιιιιιιι
2391 1235 2561 1289 abbas
2584 1236 2763 1300 Becci,
2782 1236 2904 1291 dein
2933 1235 3788 1307 archiepiscopusCantuarii-n-

2158 1326 2234 1381 sis
2265 1337 2385 1397 post
2408 1330 2656 1382 eumdem
2690 1328 3047 1382 Lanfrancum
3100 1330 3196 1382 fuit
3228 1346 3243 1397 ;
3296 1330 3363 1385 de
3394 1346 3505 1399 quo
3553 1341 3787 1384 cuncta

2156 1420 2357 1488 majora
2385 1419 2597 1473 fuerunt
2625 1435 2782 1489 quam
2810 1431 2992 1475 nostra
3021 1422 3269 1477 oratione
3296 1424 3488 1477 referri
3522 1434 3781 1491 queant.

2154 1513 2393 1566 Arbores
2426 1512 2696 1567 fructuum
2724 1515 2987 1569 honorum
3012 1515 3353 1585 jucunditate
3393 1516 3785 1571 delectabilr‘s

2157 1605 2375 1658 fuerunt
2440 1605 2529 1677 (³⁸)
2583 1606 2751 1661 abbas
2800 1606 3409 1666 Westmonasteriensis
3462 1610 3785 1667 Gilbertus

2156 1696 2596 1767 CriSpinus(9.ti),
2626 1698 2717 1768 (")
2768 1688 2949 1754 abbas
2976 1699 3363 1757 Cormclicnsis
3413 1702 3780 1763 Willelnms,

2081 1772 2123 1830 Β
2155 1790 2244 1859 (⁵ο)
2279 1790 2543 1845 Henricus
2575 1792 2828 1847 Ecclesiie
2865 1792 3271 1851 Cantuariensis
3319 1796 3566 1853 decanos
3631 1797 3778 1869 (");

2155 1881 2455 1938 llcrnostus
2487 1883 2754 1940 Roﬂ'etrsis
2787 1886 3038 1942 Ecclesia:
3062 1888 3368 1959 cpiscopus,
3402 1900 3455 1946 et
3479 1891 3579 1961 qtri
3610 1891 3666 1947 ei
3701 1894 3778 1945 ad

2153 1972 2294 2026 idem
2322 1972 2555 2029 officium
2588 1978 2853 2031 successit
2883 1977 3107 2043 ibidem,
3134 1979 3221 2049 (")
3254 1980 3337 2034 vir
3360 1998 3579 2035 nrorurn
3635 1998 3781 2038 san-

2154 2067 2345 2120 ctitate
2369 2068 2658 2122 admodum
2691 2070 3018 2125 reverendus
3046 2071 3368 2128 Cundulfus.
3402 2073 3489 2144 (⁸³)
3542 2074 3638 2140 lli,
3671 2075 3775 2143 ju-

2155 2165 2315 2209 vante
2338 2155 2436 2211 Dei
2469 2159 2667 2225 gratia,
2724 2159 2774 2214 in
2828 2160 3081 2215 Becccnsi
3123 2163 3352 2218 ecclesia
3402 2180 3431 2218 a
3483 2168 3779 2237 magistra

2154 2246 2457 2304 Lanfranco
2474 2251 2669 2313 educti,
2687 2260 2740 2305 et
2764 2267 2793 2304 a
2814 2264 2999 2306 sancto
3018 2253 3177 2309 Patre
3201 2254 3455 2310 llerluino
3479 2257 3531 2311 in
3558 2272 3774 2313 sancta

2156 2344 2417 2413 religione
2443 2346 2709 2411 instructi,
2742 2346 2794 2399 iu
2830 2347 3086 2403 ECt'lt'SliS
3116 2349 3240 2404 aliis
3272 2361 3459 2421 postea
3510 2352 3777 2408 [terrora-

2154 2432 2289 2488 biles
2322 2433 2514 2490 Patres
2547 2444 2672 2489 stnrt
2709 2436 2961 2491 instituti.

2749 2548 2978 2605 CAPUT
3022 2550 3149 2607 Vill.

2232 2615 2315 2670 18.
2362 2615 2507 2670 Nova
2561 2618 2789 2672 necdum
2837 2632 3047 2675 sacrata
3098 2630 3215 2677 erat
3272 2625 3500 2682 ecclesia
3553 2622 3793 2691 Becci.‘

2157 2723 2316 2775 quam
2341 2710 2409 2762 ab
2440 2709 2731 2779 ipsocujus
2763 2726 2881 2766 earn
2919 2712 3145 2769 consilio
3173 2714 3446 2772 inchoavit
3468 2729 3521 2774 et
3543 2723 3773 2776 auxilio

2159 2799 2558 2851 consummavit
2584 2802 2934 2870 eXSpectabat
2964 2807 3297 2871 consecrari,
3337 2809 3611 2865 instanter
3642 2814 3763 2869 hoc
3796 2806 3801 2809 δ

2159 2904 2187 2939 a
2218 2887 2327 2941 Deo
2354 2902 2685 2957 exposcens;
2717 2892 2870 2961 cujus
2900 2895 3167 2962 petitioni,
3196 2897 3285 2967 qui
3317 2900 3383 2952 ad
3415 2910 3611 2955 caztera
3649 2900 3797 2958 sibi

2161 2980 2424 3052 benignus
2448 2984 2733 3039 exstiterat
2754 2985 2914 3049 Deus,
2929 2998 3169 3057 optatum
3188 2995 3449 3048 concessit
3470 2993 3769 3065 effectum,

2159 3073 2461 3143 adinrplens
2483 3090 2579 3143 per
2601 3079 2783 3131 omnia
2819 3094 2980 3149 super
3008 3082 3106 3135 Irae
3140 3099 3195 3139 re
3222 3084 3364 3140 illius
3390 3088 3765 3148 desiderium.

474 3168 901 3241 delinquentium
937 3178 1141 3232 reatus,
1175 3182 1239 3222 ac
1273 3175 1467 3221 caetera
1514 3166 1565 3218 itt
1591 3165 1750 3217 donro
1777 3180 1872 3233 pro
1917 3162 2055 3217 velle
2085 3144 2124 3203 (ἶ
2162 3163 2371 3217 Interea
2406 3167 2610 3234 paratis
2641 3168 2895 3223 omnibus
2926 3186 3045 3240 quze
3078 3176 3382 3230 necessaria
3431 3144 3587 3234 erant

473 3266 723 3320 faciebat.
781 3262 991 3318 Domini
1047 3276 1241 3315 nomen
1299 3260 1475 3320 alius,
1538 3258 1625 3311 ille
1679 3257 2051 3310 auctoritatem

473 3359 734 3427 gerebat..
784 3357 998 3423 Quanto
1059 3354 1209 3410 curia
1267 3367 1364 3409 sua
1431 3351 1795 3422 frequentior,
1854 3362 2055 3420 quanto

472 3453 755 3520 utriusque
786 3447 996 3504 ordinis
1026 3462 1388 3519 pcrsouarurn
1417 3444 1584 3499 totius
1609 3443 1755 3513 regni
1790 3443 2059 3497 excellen-

474 3545 606 3597 tium
644 3550 943 3597 conventus
984 3539 1157 3593 ﬁebat
1210 3536 1582 3600 numerosior,
1652 3544 1800 3591 tanto
1866 3535 2053 3604 majori

474 3649 656 3687 coram
716 3632 970 3687 omnibus
1012 3631 1170 3685 illum
1236 3628 1676 3698 archiepiscopus
1734 3625 2057 3696 prrcfcrehat

473 3726 757 3795 obsequio.
815 3724 1043 3777 Multum
1105 3721 1444 3775 mirabatttnr
1495 3719 1772 3780 universi,
1828 3718 2058 3772 maxime

472 3815 656 3886 Angli,
686 3809 1638 3882 archiepiscopumCantuariensem
1688 3810 1766 3863 sic
1817 3809 2056 3863 submitti

474 3908 569 3961 trlli
613 3906 946 3962 mortalium.
982 3904 1165 3958 Ahbas
1194 3917 1322 3957 vero
1353 3917 1515 3970 quam
1545 3900 1774 3955 debebat
1812 3900 2057 3968 dignitati

478 4009 644 4053 tanta:
693 3996 1109 4053 submissionem
1142 3994 1439 4048 conabatur
1477 3992 1778 4055 exsolvere,
1818 3992 1914 4046 sed
1943 3990 2061 4045 trul-

473 4090 692 4145 latenus
718 4088 1149 4158 permittebatur.
1177 4085 1315 4139 Ecce
1337 4084 1465 4155 quid
1497 4083 1671 4138 inltae
1692 4083 1800 4136 vita
1825 4082 2062 4136 servien-

476 4184 623 4238 tibus
652 4181 751 4236 sibi
799 4179 1210 4250 opulentissima
1260 4177 1353 4232 Dei
1390 4191 1583 4230 manus
1632 4174 1904 4230 retribuit.
1934 4174 2059 4241 Qui,

476 4270 1010 4344 pauperiemChristi
1043 4283 1348 4333 assumens,
1407 4267 1500 4337 (⁸⁷)
1551 4266 1679 4321 olim
1720 4268 2060 4336 contemptui

478 4363 548 4416 ab
578 4361 848 4416 universis
874 4356 1156 4414 etderisui
1199 4357 1502 4413 habebatttr
1530 4372 1546 4421 ;
1601 4355 1763 4410 habet
1794 4372 1938 4410 nutrc
1971 4356 2060 4426 qui

478 4469 687 4509 morem
738 4454 838 4507 sibi
893 4461 1047 4521 gerat
1096 4451 1381 4521 primatem
1436 4451 1601 4503 totius
1656 4449 1803 4520 regni
1836 4448 2060 4520 Angiim,

479 4562 602 4600 cum
635 4546 887 4599 omnibus
919 4544 1022 4598 sibi
1062 4542 1367 4597 commissis
1413 4541 1740 4612 pontiﬁcem.
1800 4542 2057 4596 Eamdem

480 4636 834 4705 benignitatis
852 4636 944 4690 Dei
975 4634 1148 4689 vicem
1172 4643 1224 4689 et
1247 4633 1334 4687 ille
1355 4641 1658 4702 acceperat,
1675 4633 1763 4702 qui
1787 4633 2057 4700 abnegans

481 4728 833 4796 semetipsum
864 4725 988 4788 sibi,
1039 4724 1284 4795 quioliut
1333 4740 1430 4794 pro
1465 4723 1574 4778 Deo
1624 4723 1927 4777 libertatem
1978 4724 2059 4777 sui

480 4819 804 4881 tradiderat,
859 4816 1005 4869 videt
1052 4830 1194 4869 nunc
1246 4816 1311 4869 ad
1364 4814 1588 4885 vestigia
1617 4829 1711 4867 sua
1740 4813 1972 4880 advolvi,
2007 4822 2065 4867 ιιι

478 4924 588 4963 non
643 4907 817 4960 dicam
871 4904 1185 4960 consulares
1244 4904 1461 4970 multos,
1507 4890 1613 4957 imo
1656 4913 1711 4957 et
1766 4903 2059 4957 maximum

482 5010 655 5056 totum
686 4997 789 5053 sibi
822 4994 1027 5052 accline
1052 5010 1299 5065 regnum.

555 5111 667 5182 (26)
706 5108 860 5182 Alios
883 5107 1485 5182 Lanfrancidiscipulos
1509 5106 1559 5161 in
1584 5107 2061 5182 observationibus

482 5178 700 5253 pr:i_i_vi’is
754 5179 1133 5253 indicavimus.
1171 5180 1244 5231 De
1274 5178 1575 5253 Gisleberto
1606 5178 2062 5253 multaﬂrlisimus

483 5248 551 5304 ad
566 5250 741 5303 Vitam
761 5248 821 5303 Β.
850 5249 1116 5307 llerluini.
1138 5264 1297 5315 quant
1324 5249 1411 5302 ille
1431 5248 1673 5315 scripsit;
1703 5249 1769 5300 de
1789 5248 2062 5304 Willclmo

484 5322 537 5374 itt
563 5320 704 5374 notis
726 5319 791 5372 ad
815 5334 933 5388 cap.
958 5321 991 5372 2
1034 5318 1193 5384 hujus
1220 5318 1374 5372 Vitae.
1398 5318 1676 5388 qllcurieus
1697 5317 2058 5372 Cantuarien-

484 5390 560 5443 sis
592 5388 844 5442 Ecclesia:
875 5384 1111 5442 decanus
1135 5389 1200 5449 is,
1233 5396 1287 5437 ιιι
1323 5386 1553 5447 videtur,
1583 5384 1680 5437 fuit
1708 5388 1772 5437 ad
1808 5402 1967 5453 quem
2002 5389 2058 5441 S.

483 5459 774 5512 Atrselmus
806 5460 1019 5524 scripsit
1060 5460 1194 5511 duas
1220 5456 1499 5524 epistolas,
1528 5469 1628 5505 una
1662 5455 1791 5507 estl
1833 5455 1921 5507 lib.
1952 5473 2058 5520 ων,

485 5528 710 5581 altera?
736 5528 853 5580 libri
878 5544 965 5585 xc.
988 5529 1076 5579 tthi
1105 5527 1344 5593 ejusdem
1370 5524 1780 5593 Cantuariensis
1811 5524 2061 5581 Ecclesia!

484 5598 634 5663 prior
665 5607 904 5651 vocatur.
934 5599 1007 5650 lle
1035 5592 1267 5650 Ern’nsto
1291 5596 1399 5661 agit
1423 5592 1758 5646 Lanfrancns
1780 5595 1937 5660 epist.
1965 5596 2057 5660 48,

485 5656 741 5721 editionis
765 5665 1105 5725 Aclterianze,
1128 5656 1375 5716 Cundulti
1405 5662 1743 5732 sanctitatem
1766 5656 2060 5732 prae-dicant

488 5747 741 5790 auctores
762 5735 949 5797 coaevi,
983 5737 1191 5787 videtur
1222 5736 1264 5787 is
1292 5749 1410 5787 esse
1438 5734 1503 5786 ad
1533 5748 1689 5800 quem
1721 5730 2056 5789 Lirim-ancus

2160 3258 2259 3309 bus
2297 3257 2679 3324 habitantium,
2711 3272 2832 3331 post
2862 3264 3215 3321 refectiouenr
3236 3309 3250 3333 ,
3284 3269 3464 3341 vigilia
3492 3273 3764 3332 Omnium

2160 3349 2505 3416 Sanctorum,
2569 3352 2767 3409 fratres
2819 3356 3187 3426 relinquentes
3245 3372 3483 3419 veterem
3537 3367 3767 3424 habita-

2162 3440 2385 3507 tionem,
2402 3443 2653 3499 ordinata
2671 3449 3040 3516 processione,
3064 3462 3320 3508 canentes
3341 3462 3762 3526 responsoritttn

2162 3530 2206 3584 0
2235 3533 2383 3586 beam
2420 3533 2676 3601 Trinitas,
2711 3548 2980 3593 venerunt
3002 3541 3054 3593 in
3088 3557 3280 3597 novam
3309 3546 3637 3616 ecclesiam;
3671 3552 3766 3606 in-

2165 3627 2369 3675 trantes
2405 3637 2574 3676 ttovas
2602 3626 2746 3680 mdes
2773 3627 3027 3699 deinceps
3060 3630 3375 3697 habitaturi,
3396 3634 3578 3706 ibique
3601 3641 3765 3695 festi-

2162 3709 2385 3765 vitatem
2410 3712 2661 3768 Omnium
2682 3715 3006 3772 Sanctorum
3028 3736 3149 3774 cum
3174 3724 3371 3791 gaudio
3393 3735 3445 3779 et
3468 3727 3765 3787 alacritate

2160 3801 2401 3854 omnium
2454 3803 2889 3860 celebraverunt.
2946 3808 3001 3862 lu
3055 3813 3351 3868 crastinum
3402 3816 3526 3869 dum
3581 3821 3762 3876 missa

2161 3899 2495 3954 cantaretur,
2529 3905 2752 3949 sanctus
2795 3896 2958 3951 Pater
3007 3898 3294 3957 collectam
3348 3907 3761 3967 multitudinem

2163 3992 2458 4048 pauperum
2488 3982 2541 4035 itr
2573 3999 2739 4039 novas
2761 3986 3004 4042 ollicinas
3031 3987 3195 4057 jussrt
3224 3994 3425 4059 induci,
3460 4009 3514 4053 et
3569 4001 3760 4057 abun-

2164 4069 2483 4125 dantissime
2512 4074 2635 4128 cibo
2664 4085 2716 4129 et
2768 4089 2895 4148 potu
2923 4081 3095 4136 relici.
3146 4083 3352 4150 Quarto
3383 4088 3576 4145 deinde
3603 4108 3762 4149 anno

2166 4162 2410 4217 dedicata
2443 4175 2527 4218 est
2561 4168 2795 4223 ecclesia
2824 4187 2946 4225 cum
3004 4189 3195 4245 magna
3237 4176 3427 4247 gloria,
3481 4191 3533 4235 et
3561 4199 3589 4236 ει
3640 4200 3762 4254 quo

2166 4252 2327 4308 Pater
2347 4255 2710 4312 desiderabat.
2739 4259 2870 4314 Nam
2903 4279 3001 4332 pro
3029 4252 3348 4334 quibusdam
3379 4275 3611 4344 negotiis
3640 4252 3759 4334 tant

2165 4348 2700 4421 secularibusquam
2732 4354 3140 4424 ecclesiasticis,
3191 4363 3432 4432 gentium
3482 4376 3759 4425 transma-

2168 4438 2412 4495 rinarum
2443 4460 2584 4514 sa'pe
2613 4460 2944 4504 memoratus
2967 4467 2999 4520 p
3037 4454 3203 4509 ntifex
3223 4472 3465 4513 summus
3489 4459 3758 4521 Lanfratt-

2168 4548 2264 4586 Ctls
2287 4533 2353 4586 ad
2381 4537 2587 4591 curiam
2612 4540 3028 4597 eminentissimi
3059 4546 3509 4617 regisAnglur-um
3539 4552 3744 4611 Willel-

2168 4626 2262 4688 mi,
2287 4625 2340 4679 in
2366 4624 2696 4683 Normannia
2724 4643 2850 4686 tunc
2873 4637 3281 4701 commorantis,
3307 4641 3547 4708 veniens,
3575 4646 3755 4715 primo

2168 4715 2399 4767 accessit
2430 4716 2497 4769 ad
2526 4718 2697 4786 ipsum
2729 4725 3159 4790 monasterium;
3202 4736 3257 4781 et
3291 4744 3394 4798 qua
3431 4748 3536 4788 non
3574 4739 3754 4805 potuit

2169 4805 2358 4873 nrajori
2385 4806 2628 4863 decentia
2658 4825 2686 4863 a
2717 4811 2975 4868 fratribus
3026 4826 3110 4870 est
3135 4833 3455 4890 susceptus;
3501 4825 3614 4896 ipse
3640 4844 3751 4897 qua

2170 4909 2273 4947 non
2329 4899 2501 4963 potuit
2536 4899 2723 4967 majori
2774 4901 3100 4973 humilitate,
3155 4924 3276 4963 cum
3326 4912 3487 4970 cisse
3534 4916 3750 4982 habuit.

2163 4983 2317 5053 juxta
2352 4990 2492 5057 quod
2521 4992 2779 5061 scriptum
2803 5003 2919 5049 est:
2948 4996 3156 5061 Quanto
3178 5016 3396 5071 magum
3418 5023 3492 5071 es,
3525 5008 3752 5065 Iturrsiliu

2170 5097 2331 5177 epist.
2364 5097 2433 5152 43
2488 5102 2722 5170 scripsit.
2768 5105 3065 5164 Ordinatus
3091 5123 3173 5165 est
3209 5126 3388 5170 autem
3418 5134 3559 5171 anno
3590 5121 3722 5176 1077

2170 5166 2553 5257 destructaque
2572 5166 2826 5257 “pilleum,
2846 5188 3114 5257 vetustate
3130 5166 3272 5252 penei
3287 5166 3555 5257 ,v
3567 5166 3749 5245 ccc-bi:

2169 5250 2273 5315 sia,
2305 5250 2943 5324 novantredilicavit._itt
2992 5268 3098 5319 qua
3132 5250 3751 5324 sexaginta-monachos

2170 5322 2448 5375 adunavit.
2474 5320 2680 5396 ll:ec_,et
2706 5320 2806 5396 alia
2837 5320 3091 5396 Gnndulti
3119 5320 3377 5392 praeclare
3400 5340 3550 5396 gesta
3579 5333 3751 5389 relcrt

2170 5406 2468 5461 anonymus
2507 5389 2839 5464 ipsius‘ViIa:
2874 5389 3138 5464 scriptor;
3185 5411 3345 5463 quem
3378 5389 3644 5455 cherius
3693 5405 3752 5464 in

2170 5466 2311 5542 notis
2337 5464 2401 5516 ad
2426 5468 2543 5541 cap.
2581 5460 2645 5513 15
2678 5461 3027 5542 .ltujuanita‘
3072 5460 3356 5542 Lanl’ratrei
3402 5468 3572 5542 edidit

2167 5533 2456 5588 Sedleuum
2495 5534 2545 5583 ιιι
2580 5533 2719 5583 notis
2743 5537 2806 5586 ad
2845 5532 3192 5604 Eadmcrttm,
3218 5536 3305 5602 qui
3339 5537 3554 5604 quidem
3610 5532 3753 5599 Ean;

2166 5620 2346 5658 merus
2375 5607 2566 5657 eadem
2598 5615 2803 5655 narrat.
2842 5603 2957 5656 Vita
2983 5606 3190 5672 integra
3214 5603 3465 5659 Cundulti
3493 5614 3639 5668 edita
3667 5628 3753 5673 est

2167 5684 2310 5730 torno
2340 5676 2379 5729 ll
2411 5675 2620 5743 Anglia:
2649 5690 2836 5727 saeue.
