3954 6306
234 277 306 333 ιδ

1817 289 1993 345 ΥΙΤΑ.

3452 308 3521 363 ili

248 408 377 461 tein
406 408 645 463 omnibus
681 406 875 478 (Eccli.
910 425 994 475 ill,
1029 408 1300 481 20).‘(Est
1333 419 1512 465 autem
1565 409 1833 464 Beccense
1861 415 1984 474 Act
2034 406 2143 461 Deo
2200 409 2489 465 miserante
2542 411 2610 466 ad
2657 412 2800 467 diem
2854 414 3172 485 plenissime
3226 421 3527 480 convaluit.

248 499 639 554 monasterium
670 500 813 555 inter
840 500 974 555 duos
1004 509 1217 555 montes
1240 501 1427 565 silum,
1459 518 1624 571 super
1654 503 1828 557 rivum

243 588 336 657 qui
362 587 805 654 Bcccusdicitnr.
836 609 865 646 a
898 608 1005 662 quo
1045 601 1101 648 et
1148 608 1345 648 nomen
1391 596 1648 664 accepit.)
1696 596 1828 651 Cum

244 696 380 749 ergo
398 682 634 737 venisset
658 683 722 737 ad
748 685 1067 739 descensum
1089 686 1315 751 montis,
1340 687 1430 757 qui
1456 687 1555 757 ipsi
1580 689 1833 743 coenobio

243 771 578 843 eminet,(“)
603 773 777 828 fertur
806 780 1062 832 annulum
1086 777 1153 832 de
1182 778 1352 847 digito
1373 780 1701 847 extruxisse;
1730 795 1833 835 nec

245 876 430 933 p05tea
465 869 704 936 quandiu
727 869 883 925 Becci
915 881 1156 927 moratus
1183 882 1286 936 est,
1316 874 1419 929 nisi
1449 873 1517 928 ad
1543 877 1828 930 missarum

243 956 530 1022 Solemnia,
579 962 959 1029 resumpsisse.
991 963 1072 1018 Ad
1098 963 1312 1021 abbatis
1333 965 1445 1033 jam
1477 969 1627 1023 senio
1658 968 1833 1023 incur—

242 1052 352 1105 vati
401 1053 648 1109 osculum
705 1057 974 1112 accedens
1025 1069 1135 1113 tam
1191 1077 1422 1133 magnus
1468 1064 1719 1128 antistes,
1761 1064 1827 1119 ad

242 1142 409 1209 pedes
438 1142 569 1210 ejus.
607 1146 820 1201 advolvi
852 1160 1082 1203 conatus
1130 1160 1251 1217 est;
1311 1168 1498 1208 verum
1534 1154 1623 1209 illo
1669 1169 1830 1210 econ-

248 1242 329 1285 tra
354 1233 405 1287 id
437 1235 609 1304 ipSum
661 1248 925 1303 conante,
979 1241 1139 1314 longo
1191 1244 1410 1313 utrique
1448 1244 1571 1317 [al.,
1617 1246 1825 1320 utique]

243 1321 555 1393 luctamine,
584 1329 709 1383 dum
735 1331 873 1385 alter
904 1332 1136 1389 alterum
1162 1347 1460 1401 sustentat,
1494 1351 1687 1395 neuter
1733 1356 1827 1396 cx-

238 1414 405 1484 plcvit
429 1421 579 1488 quod
613 1424 913 1494 satagebat.
949 1425 1079 1480 Post
1121 1428 1322 1485 multos
1362 1430 1564 1501 diuque
1608 1440 1826 1503 optatos

233 1509 541 1577 amplexus,
570 1512 659 1585 (δι)
710 1530 832 1570 cum
892 1516 1155 1573 fratribus
1188 1519 1242 1573 in
1278 1519 1521 1577 claustro
1572 1524 1712 1578 sedit
1738 1539 1828 1577 ar-

229 1597 634 1670 chiepiscopus,
650 1612 707 1655 ut
724 1605 904 1674 quivis
924 1605 1061 1662 alius
1084 1608 1345 1679 ipsorum,
1369 1611 1617 1681 juvenes,
1642 1630 1820 1680 senes,

229 1698 401 1758 atque
434 1690 686 1759 infantes,
719 1711 1162 1769 unumquemque
1209 1700 1527 1771 singillatim
1579 1708 1821 1776 compel-

1933 496 2148 553 Finitur
2170 500 2357 568 majori
2382 518 2543 574 quam
2558 515 2733 575 empta
2762 504 2936 562 fuerat
2961 509 3300 579 jucunditate
3325 514 3521 571 solem-

1934 588 2093 642 nitas.
2148 590 2332 647 Tertio
2383 592 2471 648 die
2526 595 2740 650 saeculis
2791 599 3178 656 memorandus
3224 602 3337 673 jam
3382 620 3526 678 sarpe

1935 678 2075 734 fatus
2125 682 2547 740 Cantuariorum
2603 688 3049 759 archiepiscopus
3116 694 3184 748 ab
3257 696 3527 753 universis

1933 770 2190 829 fratribus
2237 778 2399 831 eundi
2456 779 2769 834 missionem
2823 784 3088 853 poposcit.
3145 784 3278 853 Quis
3313 798 3523 846 tantum

1933 872 2094 919 tantm
2122 866 2263 922 inter
2292 884 2385 923 eos
2410 870 2762 940 benignitatis
2792 875 2964 929 virum
2995 878 3334 934 recedentem
3365 879 3528 939 siccis

1931 957 2103 1011 oculis
2126 960 2371 1029 aspicere
2396 962 2569 1031 potuit
2590 964 2613 1016 ‘!
2640 961 2841 1019 Omnes
2872 982 3103 1036 erupere
3132 968 3183 1023 in
3219 970 3523 1043 lacrymas;

1932 1050 2139 1119 parvuli
2176 1067 2280 1105 non
2318 1054 2572 1108 valebant
2599 1056 2893 1111 consolari.
2925 1057 3187 1114 Consulto
3226 1066 3525 1121 maturavit

1930 1146 2253 1208 discessum,
2279 1156 2548 1216 quatenus
2592 1165 2620 1203 a
2650 1148 2777 1204 fletu
2806 1165 2865 1207 se
2898 1153 3261 1220 continerent,
3292 1156 3377 1211 vel
3402 1169 3527 1226 post

1929 1235 2048 1306 ejus
2104 1238 2427 1294 discessum.
2479 1238 2817 1297 Venerabilis
2868 1244 3159 1301 llerluinus
3193 1262 3317 1302 eum
3358 1264 3519 1318 supra

1929 1344 2119 1384 omnes
2145 1332 2403 1387 mortales
2428 1348 2639 1399 amans,
2672 1344 2728 1390 et
2766 1334 2835 1390 ab
2861 1351 2926 1391 eo
2978 1347 3215 1403 amatus,
3270 1355 3367 1409 per
3416 1341 3522 1395 dno

1930 1421 2182 1476 milliaria
2209 1423 2585 1480 discedentem
2626 1438 2949 1496 prosccutus
3004 1439 3085 1484 est
3137 1432 3399 1497 amicum,
3453 1434 3522 1487 ad

1927 1528 2053 1569 suos
2086 1516 2234 1571 visus
2264 1532 2541 1589 nunquam
2575 1519 2628 1573 in
2661 1520 2761 1575 hac
2794 1522 2903 1576 vita
2937 1521 3167 1580 ulterius
3193 1525 3521 1581 rediturum.

1928 1602 2063 1660 Nam
2096 1616 2222 1661 ante
2255 1608 2357 1663 dici
2413 1609 2583 1679 ipsius
2629 1611 2988 1669 dedicationis
3021 1631 3260 1672 annuam
3311 1618 3525 1675 revolu-

1929 1694 2130 1750 tionem
2181 1698 2322 1751 diem
2360 1699 2555 1754 clausit
2583 1711 2911 1759 extremum.
2942 1706 3072 1772 Quae
3102 1708 3285 1764 cordis
3321 1711 3524 1765 amari-

225 1778 369 1845 ];ms,
404 1791 459 1837 ει
499 1781 656 1852 juxta
688 1787 1110 1861 uniuscujusque
1141 1791 1458 1861 qualitatem
1487 1797 1665 1852 debila
1716 1802 1820 1871 ιο
1856 1794 1895 1850 ιι
1927 1788 2087 1841 tudo!
2142 1790 2265 1858 quis
2292 1789 2448 1845 fletus
2486 1792 2537 1846 in
2572 1793 2691 1864 ipso
2742 1794 2933 1853 ultimo
2977 1799 3096 1854 vale
3148 1809 3203 1854 et
3235 1801 3423 1857 ultimo
3452 1803 3521 1857 ab

222 1874 635 1932 confortatione
666 1879 840 1934 adhor
866 1896 987 1936 aus.
1023 1883 1156 1950 Quis
1186 1899 1445 1943 enarrare
1494 1888 1821 1948 sufficienter

219 1977 393 2035 queat
444 1978 702 2037 quantam
764 1972 1125 2031 humilitatem
1164 1989 1217 2034 et
1272 1981 1658 2054 benignitatem
1702 2004 1817 2043 om—

217 2054 388 2112 nibus
464 2061 947 2118 condcscendendo
1022 2066 1357 2127 exhibebat?
1426 2074 1507 2129 Ad
1573 2092 1815 2135 mensam

218 2146 569 2204 dextrorsum
593 2160 647 2206 et
664 2152 1039 2210 siniSIrorsum
1061 2155 1389 2216 fratrescum
1408 2167 1817 2241 archiepiscopo

214 2237 417 2292 sedere
468 2254 532 2294 ac
585 2245 860 2297 couununi
909 2246 1098 2311 calice,
1144 2252 1372 2307 scutella
1412 2270 1539 2318 una,
1583 2237 1707 2313 cum
1750 2237 1818 2317 eo

213 2339 495 2395 coguntur
522 2345 741 2386 sumere
771 2334 971 2388 cibum.
1006 2335 1114 2392 Nec
1153 2340 1266 2394 sola
1293 2344 1653 2402 aedificatione
1676 2352 1819 2405 sola-

217 2415 293 2469 tia
319 2415 588 2475 fratribus
610 2419 895 2490 impendit,
920 2427 1013 2480 sed
1041 2436 1191 2483 tanto
1214 2430 1427 2501 hospite
1448 2437 1604 2507 digna
1635 2439 1818 2510 hospi-

210 2509 357 2563 tium
415 2510 611 2567 locavit
666 2517 1035 2574 muuilicentia
1099 2530 1156 2576 ut
1207 2539 1272 2579 ex
1329 2526 1571 2597 reliquiis
1623 2509 1817 2590 festive

211 2600 488 2670 geminari
516 2607 796 2673 potuerint
824 2619 1051 2667 octavae.
1102 2614 1160 2669 In
1216 2617 1447 2674 ceirlesia
1498 2624 1813 2682 cathedram

213 2694 582 2765 episcopalem
636 2684 737 2755 sibi
793 2706 1087 2773 prteparari
1143 2709 1336 2775 noluit,
1388 2715 1482 2768 sed
1528 2716 1581 2769 in
1630 2720 1812 2775 sedem

212 2788 420 2857 prioris
442 2780 685 2855 intravit,
740 2793 928 2850 dicens
973 2813 1033 2854 se
1062 2800 1239 2857 adhuc
1286 2804 1521 2873 priorem
1567 2824 1710 2874 esse,
1758 2822 1810 2867 et

212 2882 461 2935 nonduin
490 2884 764 2945 dimisisse
800 2889 1124 2967 prioratum.
1178 2894 1546 2967 Compellatus
1591 2901 1660 2957 ab
1696 2906 1813 2958 utri-

211 2972 387 3024 versis
419 2973 486 3027 de
512 2978 925 3037 consecratione
969 2983 1210 3050 ejusdem
1263 2989 1527 3057 ecclesiae,
1590 3006 1813 3063 paratus

211 3074 402 3117 eorum
433 3080 639 3120 morem
671 3084 861 3138 gerere
886 3073 1168 3141 voluntati,
1195 3079 1262 3132 ad
1290 3082 1497 3136 curiam
1533 3087 1801 3155 profectu-
1825 3097 1827 3100 ‘

213 3168 307 3208 rus
356 3155 612 3212 inducias
656 3162 832 3228 petiit,
884 3164 1054 3221 donec
1100 3169 1224 3224 imle
1279 3173 1447 3228 sciret
1478 3175 1808 3234 voluntatem

212 3245 378 3314 regis.
406 3246 545 3301 Dein
578 3246 807 3305 fratrum
861 3255 1001 3309 votis
1051 3260 1484 3325 commendatus,
1536 3267 1601 3318 ad
1628 3283 1808 3338 regem

212 3336 487 3402 pervenit,
522 3336 736 3395 locutus
764 3356 886 3396 cum
916 3359 1001 3407 eo,
1051 3346 1192 3402 unde
1219 3347 1338 3419 [ul.,
1383 3351 1534 3425 inde]
1588 3336 1809 3424 rogatus

212 3424 565 3492 discesserat,
597 3431 741 3486 diem
772 3435 1130 3492 dedicationis
1166 3442 1403 3511 accepit,
1428 3454 1483 3498 et
1519 3424 1807 3503 confestim

213 3519 423 3575 remisit
482 3538 587 3576 non
650 3524 823 3579 solum
854 3527 944 3595 qui
1005 3530 1250 3598 diceret,
1330 3549 1517 3588 verum
1572 3546 1627 3592 ct
1667 3540 1807 3596 unde

210 3611 380 3669 fieret.

280 3706 363 3762 19.
404 3707 582 3778 Igitur
604 3711 816 3767 decimo
845 3711 1114 3771 Kalendas
1142 3715 1485 3787 Novembris,
1538 3737 1681 3776 anno
1736 3724 1804 3778 ab

211 3795 591 3856 incarnatione
644 3802 855 3859 Domini
916 3808 1073 3875 1077,
1106 3822 1306 3866 sancire
1351 3814 1498 3867 omni
1550 3815 1802 3871 Ecclesia:

210 3893 599 3962 venerandus,
648 3900 892 3966 gentium
952 3904 1441 3960 transmarinarum
1492 3908 1698 3977 primas
1745 3921 1800 3965 et

210 3988 445 4054 pontifex
476 4004 723 4047 summus
751 3991 864 4063 (27)
910 3991 1256 4052 Lanfrancus
1307 4000 1548 4066 advenit,
1606 4018 1799 4058 conse-

212 4081 410 4159 crando
439 4095 927 4143 consummaturus
954 4085 1243 4141 ecclesiam
1285 4104 1447 4157 quam
1498 4089 1798 4161 inspirante

215 4152 317 4224 ι)εό
344 4172 646 4234 inchoavit,
677 4174 813 4227 etin
855 4173 1009 4244 cujus
1042 4176 1409 4235 fumlamentis
1450 4184 1797 4239 exstruentﬁs

211 4256 435 4329 lapidein
466 4263 767 4317 secundum
795 4264 909 4334 ipse
941 4282 1104 4321 manu
1133 4283 1228 4323 sua
1267 4268 1542 4340 imposuit.
1577 4272 1793 4329 Conve-

214 4360 402 4405 nt-runt
446 4352 687 4408 universi
740 4352 1084 4411 Normannize
1130 4359 1392 4430 episcopi,
1445 4362 1691 4429 abbales,
1740 4375 1794 4420 et

215 4440 298 4495 alii
320 4444 521 4513 quique
546 4445 780 4516 religiosi
806 4448 936 4513 viri;
964 4448 1250 4505 adfuerunt
1271 4462 1324 4507 et
1344 4470 1596 4522 proceres
1617 4459 1788 4527 regni.

216 4530 323 4587 Rex
352 4546 403 4588 et
428 4536 615 4607 regina
659 4536 781 4591 aliis
805 4536 995 4593 intenti
1025 4558 1129 4595 non
1160 4542 1468 4609 adfuerunt,
1501 4548 1595 4600 sed
1627 4548 1789 4619 largi-

217 4626 335 4680 tatis
361 4644 470 4682 sua:
490 4628 753 4684 benefit-ia
782 4632 1064 4686 miserunt.
1103 4632 1298 4705 Agitur
1331 4637 1600 4694 dedicatio
1627 4639 1790 4695 laetis-

214 4715 345 4770 sima
401 4719 741 4775 solemnitate
792 4730 846 4778 et
898 4723 1124 4778 solemni
1181 4727 1423 4782 omnium
1452 4730 1783 4798 alacritate;

215 4804 469 4863 alacritati
498 4810 773 4864 hominum
806 4828 899 4866 aer
919 4812 1030 4883 ipse
1052 4816 1372 4883 purissimus
1397 4820 1618 4890 diesque
1652 4820 1787 4877 luci-

217 4898 463 4957 dissiinus
492 4902 788 4959 arridebat.
820 4903 1086 4974 Languor,
1112 4908 1200 4979 qui
1232 4925 1331 4978 per
1359 4920 1483 4966 octo
1514 4923 1641 4968 ante
1666 4914 1784 4967 dies

215 4988 421 5047 Patrem
445 4978 615 5065 ipsum
639 4998 951 5052 monasterii
979 5008 1242 5063 tenuerat,
1264 5011 1390 5058 tunc
1411 5019 1533 5059 eum
1550 5005 1778 5071 dimisit,

300 5142 389 5213 27)
412 5144 501 5200 Sic
522 5147 911 5225 przecipnarunt
939 5149 1555 5225 sediumarchiepiscopi
1575 5155 1774 5225 passim

216 5208 311 5266 hoc
333 5208 444 5269 arvo
474 5208 940 5286 mineupabantur.
959 5219 1033 5273 lta
1078 5220 1233 5275 Wido
1264 5208 1555 5277 Remoruin
1576 5208 1770 5280 “archi-

216 5286 399 5346 pracsul
448 5286 501 5339 in
550 5286 785 5340 Historia
832 5289 1159 5344 inventionis
1206 5292 1265 5345 S.
1310 5294 1773 5350 Bertinisummus

215 5353 459 5429 pontifeas,
492 5355 622 5429 alias
644 5375 877 5429 samum;
898 5359 1093 5429 prtcsul
1118 5362 1335 5415 dicitur.

267 5421 372 5505 (es;
389 5424 662 5505 Egregiam
679 5427 868 5505 borum
886 5421 1338 5505 venodocbiorum
1355 5434 1769 5505 descriptionem

219 5487 368 5567 habet
398 5487 687 5550 liadtiierns
728 5499 865 5552 libro
898 5514 911 5551 ι
963 5500 1211 5555 Historiae
1236 5487 1695 5567 Nnvorumrsicut
1720 5518 1775 5561 et

217 5559 486 5634 ειυιιρτιιηι,
515 5582 632 5634 qua:
658 5569 799 5621 idem
825 5569 1158 5625 Lanfraucns
1178 5574 1422 5628 ecclesia:
1449 5559 1559 5629 suae
1586 5588 1774 5630 contu.

312 5630 436 5703 Vide
455 5625 617 5690 etiam
641 5654 701 5692 ea
731 5639 797 5693 de
824 5655 879 5692 re
904 5641 1072 5694 fusius
1087 5625 1440 5698 disserentem
1454 5643 1772 5701 Gervasium

215 5697 666 5763 DorobCrncnsem
693 5708 742 5762 in
766 5709 917 5763 Actis
946 5713 1260 5778 pontificum
1278 5697 1770 5786 Cantuat‘iensiuin,

1826 4495 1871 4548 υ

1924 1875 2157 1933 invicem
2186 1880 2428 1936 discessu
2456 1882 2469 1936 !

2528 1974 2759 2034 CAPUT
2797 1978 2885 2033 IX.

1991 2062 2083 2119 20.
2128 2064 2223 2120 llis
2252 2070 2683 2138 prmoccnpaado
2712 2071 2781 2125 ita
2815 2073 3133 2142 pragmissis,
3165 2074 3233 2129 ad
3264 2077 3515 2133 ordinem

1920 2172 2065 2213 nunc
2096 2171 2452 2215 revertamur.
2515 2161 2645 2219 Post
2697 2165 3103 2221 translationem
3156 2169 3209 2223 in
3265 2170 3514 2240 Angliam

1921 2248 2282 2317 Lanl'rancus,
2302 2268 2409 2308 non
2430 2255 2634 2311 oblitus
2657 2268 2884 2329 propter
2906 2260 3050 2329 quod
3075 2247 3317 2325 venerat,
3342 2273 3514 2318 totam

1920 2337 2280 2395 intentionem
2306 2356 2459 2396 suam
2495 2345 2562 2399 ad
2600 2360 2781 2400 mores
2830 2348 3111 2404 hominum
3156 2352 3514 2422 corrigendos

1919 2434 1975 2481 ct
1997 2431 2431 2497 componendum
2457 2431 2715 2488 Ecclesia:
2738 2443 2939 2490 statum
2964 2438 3249 2493 convertit.
3278 2440 3340 2494 Et
3364 2442 3515 2511 prius

1922 2518 2092 2588 ipsam
2144 2522 2292 2592 regni
2327 2532 2552 2576 matrem
2582 2525 2872 2580 ecclesiam
2903 2526 3377 2587 Dorobcrncnsetn
3423 2549 3511 2588 re-

1918 2625 2121 2664 novare
2162 2612 2393 2667 studuit.
2454 2613 2517 2669 Et
2564 2615 2689 2684 quia
2739 2626 2865 2672 ante
2922 2618 3128 2688 aliquot
3171 2638 3344 2677 annos
3389 2624 3513 2695 igne

1916 2706 2200 2759 combusta
2226 2706 2431 2771 fuerat,
2462 2722 2492 2761 a
2528 2707 2918 2766 fundamentis
2968 2711 3115 2766 illam
3174 2717 3510 2771 reaedificare

1914 2804 1999 2849 stu
2025 2799 2139 2860 luit,
2164 2799 2366 2870 grande
2388 2815 2523 2868 opus
2544 2812 2597 2855 et
2640 2800 2964 2870 spatiosum.
3014 2803 3268 2862 Odicinas
3290 2822 3509 2879 quoque

1917 2889 2107 2944 usibus
2132 2892 2524 2945 inouachorum
2557 2895 2898 2948 necessarias
2935 2896 3244 2953 anlilicavit.
3271 2899 3337 2954 Et
3362 2902 3507 2971 quod

1916 2980 2112 3034 mirum
2138 2981 2429 3036 admodum
2459 2984 2550 3048 sit,
2579 2984 2646 3038 de
2668 2984 2907 3041 Cadumo
2939 2987 3027 3042 ubi
3060 2988 3229 3043 abbas
3277 2992 3508 3055 exstitit,

1915 3075 2162 3131 velivolis
2192 3078 2422 3133 navibus
2453 3094 2551 3147 per
2582 3094 2735 3133 mare
2787 3082 3067 3136 transvehi
3112 3083 3348 3140 faciebat
3375 3101 3509 3156 qua-

1838 3143 1879 3199 C
1914 3168 2041 3224 dros
2102 3170 2308 3240 lapides
2357 3170 2423 3227 ad
2474 3171 2879 3231 aﬂiﬁcamium.
2934 3174 3132 3234 Domus
3185 3191 3402 3251 quoque
3443 3179 3510 3232 ad

1913 3258 2270 3315 habitandum
2304 3264 2406 3318 sibi
2456 3269 2765 3320 construxit
2812 3283 2982 3339 prope
3035 3271 3345 3330 ecclesiam.
3378 3275 3510 3343 Qum

1910 3352 2094 3405 omnia
2125 3354 2354 3409 aedilicia
2388 3372 2542 3411 muro
2567 3374 2761 3428 magno
2788 3368 2840 3413 et
2869 3360 2979 3415 alto
3003 3363 3193 3418 cinxit.
3220 3365 3509 3436 Dispositis

1908 3444 2240 3499 sullicicnter
2270 3461 2391 3516 qua:
2439 3451 2506 3503 ad
2560 3452 2868 3517 regularem
2928 3454 3133 3510 victum
3163 3467 3217 3511 et
3249 3461 3505 3515 vestitum

1907 3542 2035 3586 sunt
2087 3538 2418 3599 necessaria,
2469 3540 2761 3595 ecclesiam
2807 3545 2980 3614 ipsam
3032 3550 3288 3618 pretiosis
3339 3564 3506 3624 atque

1907 3626 2094 3680 multis
2126 3628 2320 3682 ditavit
2349 3634 2709 3688 ornamentis.
2760 3634 3061 3707 Dignitates
3092 3656 3221 3697 vero
3266 3642 3503 3699 Cantua-

1909 3719 2105 3774 riensis
2121 3721 2395 3782 ecclesiaa.
2424 3739 2544 3794 qua:
2569 3738 2843 3784 vetustate
2874 3733 2956 3787 vel
2994 3736 3327 3807 negligentia
3357 3740 3505 3797 deci-

1902 3810 2120 3874 derant,
2153 3811 2268 3866 sive
2298 3814 2601 3870 innninutze
2628 3817 2867 3885 fuerant,
2903 3830 3213 3880 renovando
3240 3830 3504 3886 reforma-

1903 3902 2002 3958 vit.
2040 3903 2239 3958 Terras
2268 3905 2469 3961 multas
2496 3924 2618 3977 qua!
2645 3911 2840 3966 ablati»
2872 3912 3109 3982 fuerant,
3140 3918 3191 3973 in
3213 3920 3303 3989 jus
3324 3923 3498 3979 eccle-

1902 3994 1999 4049 siae
2033 3997 2330 4059 revocavit,
2365 4009 2419 4054 et
2446 4001 2642 4069 viginti
2672 4004 2914 4074 quinque
2958 4010 3201 4064 maneria
3252 4012 3498 4070 ecclesiae

1902 4085 2159 4139 restituit.
2191 4086 2279 4158 (“)
2307 4086 2658 4145 Xenodochia
2693 4093 2805 4162 (‘28)
2826 4095 2911 4150 vel
2944 4099 3356 4170 ptochotrophia
3388 4104 3496 4161 duo

1898 4187 2050 4233 extra
2104 4179 2387 4236 civitatem
2426 4184 2753 4248 :cdilicavit;
2818 4203 2984 4242 unum
3040 4189 3105 4243 ad
3156 4193 3490 4263 aquilonem,

1897 4270 2123 4325 alterum
2169 4272 2236 4325 ad
2285 4288 2583 4339 occasum,
2634 4290 2757 4330 cum
2813 4277 3067 4331 omnibus
3126 4284 3489 4351 necessariis,

1897 4360 2093 4429 quibus
2121 4361 2186 4414 de
2216 4377 2315 4415 suo
2337 4377 2546 4415 animos
2573 4362 2832 4427 redditus,
2864 4375 3126 4434 quantum
3153 4368 3285 4424 satis
3312 4370 3486 4430 visum

1899 4458 2003 4513 est,
2035 4449 2322 4520 delegavit.
2365 4451 2418 4504 lu
2449 4451 2705 4507 maneriis
2731 4453 2845 4509 suis
2882 4455 3118 4526 instituit
3166 4462 3489 4529 praebendas

1900 4539 2106 4594 dandas
2137 4542 2463 4610 pauperibus
2490 4559 2587 4611 per
2616 4559 2839 4599 annum.
2872 4546 2927 4599 In
2950 4547 3197 4616 pluribus
3244 4553 3296 4623 ip
3310 4572 3483 4612 surum

1899 4632 2157 4688 manet'iis
2185 4636 2490 4689 construxit
2519 4635 2758 4707 lapideas
2786 4638 2975 4695 domos
3005 4640 3107 4696 sibi
3137 4645 3205 4698 ad
3232 4644 3482 4704 habitan-

1895 4724 2042 4779 dum.

1964 4816 2054 4871 2i.
2096 4816 2214 4873 Odo
2238 4818 2351 4891 (39)
2375 4817 2684 4887 Bajocensis
2706 4824 3011 4896 episcopus,
3032 4825 3203 4884 frater
3222 4828 3476 4889 Willelmi

1897 4911 2058 4981 regis,
2079 4922 2199 4967 erat
2221 4928 2403 4967 comes
2424 4913 2632 4970 Cantia:
2660 4930 2725 4971 eo
2749 4925 2991 4989 tempore
3012 4936 3118 4990 quo
3135 4921 3474 4982 Lanfrancus

1892 5004 1960 5056 ad
1983 5003 2510 5075 archiepiscopatum
2536 5006 2702 5061 venit.
2738 5007 2838 5065 Hic
2861 5011 3045 5067 multis
3067 5017 3474 5083 gravaiuinibus

1885 5166 1938 5211 et
1985 5157 2036 5210 in
2068 5155 2204 5209 libro
2250 5157 2324 5213 De

1886 5229 2248 5296 reparatione.

1952 5296 2181 5377 (Ξθχηῐὶς
2204 5297 2319 5364 ejus
2347 5299 2818 5377 administratione
2844 5306 2999 5377 plura
3040 5308 3263 5376 scripsit
3289 5306 3463 5369 Ordo-

1881 5368 2025 5447 riens
2057 5368 2324 5447 lihrisﬂm,
2379 5385 2430 5422 IV
2461 5384 2535 5447 _et
2581 5389 2652 5428 vn
2702 5368 2951 5447 Historiae
2982 5392 3115 5447 sum.
3148 5368 3301 5447 Quod
3336 5368 3424 5441 vet

1880 5439 1946 5510 ad
1999 5439 2139 5492 hanc
2190 5440 2635 5509 disceptationem
2697 5462 2817 5499 cum
2869 5439 3189 5503 LanfrancJ
3228 5439 3431 5510 attinet

1880 5508 2136 5582 legendus
2163 5520 2244 5563 est
2284 5508 2579 5569 Eadmerus
2609 5516 2697 5582 qui
2725 5530 2844 5568 eam
2875 5516 3012 5571 libro
3064 5534 3080 5572 ι
3114 5519 3251 5575 llist.
3287 5508 3465 5582 Novo-

1883 5593 2001 5665 Lum
2027 5578 2141 5631 fuse
2167 5582 2408 5665 εδιιφςῃτ
2440 5584 2581 5638 sicut
2624 5578 2677 5639 et
2704 5596 3022 5665 sequentem
3059 5605 3180 5645 cum
3208 5578 3464 5665 episcopo

1883 5648 2228 5719 Cicestreusi.
2298 5652 2496 5705 Ibidem
2561 5663 2708 5707 natat
2772 5648 3093 5715 Eadmcrtus
3159 5648 3462 5719 Lanfranco

1888 5717 2133 5775 adfuisse
2167 5720 2313 5777 Duns
2341 5738 2522 5788 anum,
2554 5734 2610 5777 ut
2632 5725 2874 5783 ecclesiae
2902 5745 3011 5785 sum
3027 5730 3151 5800 jura
3201 5717 3464 5791 tueretur.

2356 5159 2593 5229 ejusdem
2634 5162 2879 5220 ecclesia:
2927 5164 3355 5235 conflagratione
3410 5181 3465 5228 et
