3954 6306
225 387 287 479 t9
1720 390 1901 447 VI'J'A.
3411 391 3481 447 so

217 515 475 584 quosdam
534 528 682 582 pap:e.
739 512 1169 583 consanguimos
1211 510 1451 567 studiose
1506 512 1784 567 docuerat.
1818 507 2021 568 Aditis
2067 508 2402 577 cognitisque
2447 507 2769 571 rationibus,
2822 506 3127 561 absolutam
3170 506 3285 569 tibi,
3335 506 3477 561 Latu-

225 606 417 662 Fertur
446 607 609 661 etiam
636 622 769 674 papa
802 605 1007 659 dixisse
1035 605 1178 675 τῶι)
1200 624 1216 653 ι
1242 603 1354 657 Non
1383 604 1502 658 ideo
1524 601 1797 658 assurresi

215 697 266 754 οἱ
296 699 419 766 qu'a
450 696 899 766 archiepiscopus
921 696 1229 751 Cautuaria:
1254 704 1360 757 est,
1377 695 1470 750 scd
1495 694 1618 764 quia
1644 692 1799 748 Bccci

219 789 281 844 ad
311 787 554 843 scholam
582 786 699 856 eius
731 786 827 846 fui.
857 798 909 842 el
940 786 1006 841 ad
1052 787 1216 857 pe'les
1246 785 1362 853 eius
1401 802 1523 840 cum
1552 786 1671 840 aliis
1701 801 1799 838 au-

218 878 358 931 ditor
376 877 620 931 conscii.
658 897 676 928 ι
713 876 898 951 Itaque
941 878 1049 930 duo
1084 876 1243 947 pallia
1294 876 1366 930 illi
1405 876 1554 930 delit
1585 893 1597 928 :
1631 890 1798 928 unum

219 967 356 1037 quod
413 966 480 1019 de
536 965 731 1030 altari,
799 964 1046 1020 Rotnano
1114 981 1297 1031 more,
1363 965 1601 1035 accepit;
1663 963 1801 1018 alte-

222 1076 333 1117 rum
365 1056 478 1131 (55)
510 1073 640 1113 vero
672 1061 723 1113 in
755 1058 1013 1114 indicium
1038 1058 1291 1113 videlicet
1319 1059 1398 1114 sui
1430 1058 1650 1119 amoris,
1679 1072 1801 1111 eum

223 1169 323 1222 quo
350 1152 569 1206 missam
621 1152 901 1207 celebrare
956 1151 1183 1213 solebat.
1236 1152 1546 1206 Alexander
1582 1153 1630 1205 ei
1666 1166 1801 1221 papa

226 1260 315 1298 sua
347 1259 503 1297 manu
538 1245 819 1315 porrexit;
859 1244 911 1299 in
934 1243 1087 1313 cujus
1116 1245 1219 1314 12
1255 1244 1538 1315 praesentia
1569 1244 1806 1299 Thomas

224 1334 543 1389 calumniam
594 1335 759 1388 movit
788 1336 854 1389 de
884 1336 1117 1407 primatu
1160 1328 1593 1391 Doroberuensis
1622 1336 1806 1391 Eccle-

220 1427 329 1489 siae,
376 1435 435 1480 et
484 1428 551 1481 dc
603 1426 937 1492 subiectione
996 1428 1155 1481 trium
1209 1428 1614 1497 episcoporum,
1674 1429 1806 1481 lior-

218 1516 512 1573 CCSlreusis
541 1517 656 1571 sive
683 1516 1100 1580 Lineolnimrsis,
1140 1516 1538 1587 Wigorncns's,
1589 1518 1806 1573 Licifel-

215 1607 418 1668 densis,
448 1622 569 1677 quae
595 1622 736 1663 nunc
757 1616 841 1662 est
868 1608 1201 1673 Cestrensis,
1229 1609 1418 1662 dicens
1443 1609 1808 1662 Cantuaricn-

214 1710 327 1750 sem
382 1697 685 1751 Ecclesiam
727 1706 891 1766 atque
939 1688 1337 1753 Εὺονιὶοιληέυιη
1386 1713 1574 1769 parem
1626 1699 1694 1752 ad
1750 1714 1811 1753 se

215 1787 449 1841 invicem
482 1788 745 1843 honorem
770 1776 994 1851 liitbere,
1026 1804 1126 1843 nec
1159 1788 1387 1843 alteram
1421 1789 1811 1855 alteri,serun-

1905 598 2559 662 frauce,l)oroberueusis
2596 598 3033 667 archiepiscOpe,
3083 598 3297 667 tuisque
3354 613 3480 653 suc-

1899 693 2242 759 cessoribus,
2292 693 2360 748 de
2407 693 2666 747 canonica
2725 692 3032 746 olmlieutia
3086 691 3479 760 professionem

1902 786 2076 851 facio;
2113 796 2168 841 et
2204 786 2463 857 quidquid
2495 802 2523 839 a
2560 796 2610 840 te
2641 786 2721 841 vel
2753 786 2821 840 ab
2848 786 2927 841 eis
2960 784 3107 853 iuste
3137 792 3190 839 et
3220 785 3484 839 canonice

1903 876 2198 944 iniunctum
2247 878 2377 933 mihi
2427 876 2611 940 fuerit,
2658 886 2998 931 servaturmu
3052 890 3149 929 mei
3186 888 3307 926 esse
3355 889 3483 942 pro-

1904 972 2079 1027 mitto.
2131 971 2205 1026 De
2249 972 2351 1027 hac
2396 980 2577 1026 autem
2623 980 2782 1024 antea
2827 984 2951 1024 cum
2991 983 3018 1021 a
3061 978 3112 1021 te
3149 965 3485 1020 ordinandus

1903 1078 2079 1118 essezn
2110 1062 2465 1128 dubiusfuit,
2498 1062 2730 1132 ideoque
2760 1061 2856 1114 tibi
2887 1058 3107 1129 quidem
3139 1056 3258 1110 sine
3292 1054 3484 1109 condi-

1907 1158 2074 1219 tione,
2122 1155 2526 1210 successoribus
2576 1170 2705 1207 vero
2750 1152 2858 1207 luis
2904 1146 3349 1204 conditionalilcr
3389 1147 3486 1198 ob-

1908 1257 2332 1317 temperaturum
2357 1260 2479 1299 esse
2508 1245 2756 1313 promisi.
2799 1263 2816 1292 ι

2264 1334 2633 1390 useusruu
2673 1332 2962 1389 eoscum
2995 1331 3130 1402 (37).

1976 1427 2066 1482 ‘26.
2113 1446 2132 1478 ι
2179 1425 2335 1480 Anno
2381 1427 2449 1478 ab
2492 1424 2863 1479 incarnatione
2899 1422 3110 1476 Domini
3158 1420 3328 1475 nostri
3357 1418 3485 1474 Jesn

1909 1519 2113 1574 Christi
2158 1518 2321 1585 1079.,
2362 1516 2708 1587 pontiﬁcatus
2734 1524 2913 1569 autem
2964 1512 3143 1567 donmi
3195 1511 3486 1566 Alexandri

1912 1628 2061 1682 papa!
2091 1611 2399 1672 undecimo,
2442 1608 2590 1677 regni
2627 1622 2754 1661 vero
2790 1605 3053 1660 Willelmi
3086 1604 3303 1675 gloriosi
3347 1603 3489 1671 regis

1911 1701 2205 1772 Anglorum
2243 1709 2297 1754 et
2324 1701 2475 1754 ducis
2500 1698 2934 1753 Nor-marmorum
2961 1686 3135 1751 sexto.
3179 1693 3255 1748 Ex
3290 1706 3495 1763 prarce-

1913 1808 2004 1863 pto
2032 1793 2269 1862 eiusdem
2300 1790 2591 1846 Alexandri
2625 1805 2793 1859 papzc.
2822 1796 3095 1842 annuente
3117 1786 3309 1841 eodem
3338 1799 3486 1852 rege,

219 1877 350 1932 dum
378 1878 522 1932 beati
547 1869 1503 1949 Gregorii'constitutinnem,debere
1536 1881 1806 1937 ullatenus
1842 1859 1882 1918 Β
1915 1890 1969 1943 in
1996 1888 2280 1958 praemia
2312 1887 2481 1957 ipsius
2515 1893 2568 1940 et
2598 1887 2971 1955 episcoporum
3013 1890 3177 1951 atque
3207 1880 3489 1939 abbatum,

215 1969 532 2038 subiacere,
564 1978 790 2038 excepto
815 1967 959 2039 quod
996 1968 1311 2025 alterutrius
1337 1971 1804 2041 archiepiscopum

214 2061 460 2129 priorem
485 2070 540 2114 et
568 2060 868 2130 digniorem
896 2071 1145 2130 oporteat
1175 2078 1297 2119 esse
1322 2079 1387 2117 eo
1415 2079 1576 2135 quem
1604 2064 1810 2118 consti-

212 2154 346 2208 terit
396 2154 565 2209 fuisse
622 2154 893 2225 posterius
946 2157 1291 2222 ordinatum;
1349 2157 1634 2226 praedictus
1680 2172 1809 2212 vero

211 2253 329 2300 tres
376 2245 661 2315 epist‘Opos
713 2260 824 2310 sure
852 2246 966 2300 sedi
1000 2247 1220 2316 suisque
1261 2247 1698 2303 antecessoribus
1743 2250 1811 2304 ab

212 2334 467 2401 antiquis
500 2337 834 2404 temporibus
857 2337 1134 2391 exstitisse
1155 2338 1449 2405 subiectos.
1476 2337 1811 2393 Lanfraueus

214 2425 327 2479 l;oc
382 2425 632 2492 audiens,
690 2426 793 2481 etsi
853 2426 1079 2482 moleste
1133 2426 1279 2495 tulit,
1332 2429 1572 2485 modesta
1635 2440 1811 2486 tamen

208 2514 554 2569 discretione
619 2516 782 2568 verba
844 2516 988 2570 illius
1064 2517 1291 2571 veritate
1353 2519 1566 2587 penitus
1626 2534 1815 2574 carere

212 2604 529 2672 respondit.
578 2620 903 2660 asseverans
933 2605 1327 2675 Gregorianam
1381 2607 1524 2663 illam
1549 2610 1813 2664 constitu-

214 2692 428 2749 tionem
461 2693 575 2764 (36)
606 2711 712 2748 non
741 2694 809 2750 de
838 2695 1221 2751 Cantuariensi
1252 2706 1309 2752 et
1335 2697 1661 2755 Eboracensi
1693 2715 1814 2755 esse

211 2786 647 2857 pron'ntlgatam.
706 2788 780 2842 De
826 2802 932 2857 qua
984 2804 1044 2844 re
1086 2797 1142 2843 et
1197 2791 1264 2844 de
1318 2790 1493 2845 tribus
1544 2791 1813 2861 episcopis

212 2878 408 2934 ntultis
438 2879 569 2933 hinc
600 2879 726 2937 inde
755 2880 939 2936 verbis
991 2880 1217 2951 prolatis
1244 2881 1483 2936 decrevit
1507 2881 1815 2937 AleXander

212 2986 356 3040 papa
389 2981 651 3040 oportere
683 2973 822 3027 hanc
845 2987 1069 3029 causam
1110 2973 1162 3028 in
1193 2973 1416 3043 Anglica
1447 2985 1590 3028 terra
1616 2974 1811 3037 atuliri,

212 3074 269 3117 et
309 3062 425 3119 illic
476 3064 648 3118 totius
690 3065 841 3135 regni
872 3066 1255 3136 episcOporum
1282 3078 1336 3121 et
1369 3066 1626 3123 abbatum
1658 3071 1815 3125 testi-

211 3157 403 3208 tnonio
421 3165 477 3208 et
505 3155 711 3223 judicio
741 3156 975 3211 deliniri.

275 3244 373 3301 25.
442 3242 814 3312 Laufraucus,
869 3247 1120 3316 quamvis
1172 3248 1450 3319 alligatum
1503 3250 1656 3306 illum
1715 3268 1816 3309 suo

206 3342 475 3405 tempore
512 3335 652 3390 faeta
683 3337 751 3391 ab
777 3352 842 3391 eo
869 3336 1203 3406 professione
1229 3350 1466 3409 teneret,
1501 3344 1693 3398 maluit
1732 3352 1818 3397 ta-

208 3442 332 3481 men
372 3442 492 3497 pro
534 3427 942 3483 successoribus
988 3428 1101 3483 suis
1153 3430 1403 3485 laborare
1439 3448 1601 3501 quam
1641 3434 1722 3488 eis
1759 3433 1811 3488 ia

204 3526 508 3585 posterum
527 3517 905 3572 'indiscussam
936 3518 1077 3574 hanc
1104 3527 1310 3574 tantam
1345 3520 1671 3576 calumniam
1702 3522 1818 3578 dis«

206 3607 535 3663 entiendalu
595 3621 898 3662 reservare.
953 3607 1195 3678 Uterque
1262 3609 1426 3681 igitur
1473 3611 1525 3664 in
1573 3612 1818 3680 paschali

205 3698 580 3752 solemnitate
612 3696 680 3751 ad
713 3712 896 3768 regem
924 3697 1109 3765 venit,
1140 3698 1321 3771 ibique
1361 3700 1587 3769 prolatis
1614 3702 1664 3755 in
1696 3717 1811 3756 me-

206 3788 357 3843 ditnn
386 3789 641 3859 partium
684 3789 1009 3854 rationibus,
1034 3792 1361 3846 sententiam
1390 3795 1455 3847 de
1489 3795 1703 3861 negotio
1731 3810 1819 3849 rc-

206 3879 347 3946 gahs
394 3877 562 3933 curia
609 3879 776 3932 dedit.
826 3876 1047 3933 Iussum
1094 3889 1222 3935 tunc
1266 3890 1351 3936 est
1393 3882 1507 3936 fieri
1553 3884 1817 3953 scriptmn

215 3972 386 4025 totius
419 3984 614 4025 causa:
651 3970 941 4043 continens
986 3970 1167 4026 finem.
1217 3970 1556 4028 Laufraucus
1583 3974 1821 4029 Alexan-

215 4063 316 4115 dro
346 4079 509 4133 papae
537 4062 827 4132 epistolam
854 4061 1075 4127 direxit,
1111 4063 1163 4117 in
1190 4078 1294 4133 qua
1334 4064 1382 4118 ei
1423 4065 1587 4120 totius
1624 4067 1820 4137 uegodi

217 4154 531 4219 gestionem
573 4151 815 4206 breviter
845 4158 902 4207 et
940 4152 1212 4207 veraciter
1249 4156 1547 4209 enarravit.
1581 4153 1824 4225 Utraque

217 4245 429 4315 scripta
473 4244 669 4299 subter
703 4259 917 4300 annexa
950 4255 1109 4311 sunt,
1148 4248 1428 4317 praemissa
1462 4250 1818 4319 professione,

218 4351 383 4406 quam
413 4336 665 4390 Thomas
692 4334 1001 4391 Laufranco
1033 4351 1221 4392 coram
1268 4354 1397 4410 rege
1441 4348 1494 4394 et
1526 4340 1645 4410 eius
1671 4340 1822 4396 curia

219 4445 384 4487 manr
422 4431 479 4486 in
510 4446 733 4486 manum
762 4431 1037 4502 porrexit:

295 4547 314 4573 ι
354 4524 532 4593 Decet
559 4525 932 4580 Christianum
963 4539 1233 4593 quemque
1252 4523 1580 4579 Christianis
1614 4524 1827 4595 legibus

219 4614 541 4684 subiacere,
570 4632 670 4670 nec
694 4617 780 4672 his
804 4632 926 4687 quze
960 4612 995 4671 ‘a
1021 4615 1227 4670 sanctis
1258 4614 1510 4670 Patribus
1538 4615 1830 4671 salubriter

222 4706 484 4762 instituta
517 4717 648 4761 sunt
677 4707 1010 4776 quibuslibet
1041 4706 1342 4762 rationibus
1367 4708 1669 4773 contraire;
1702 4708 1830 4764 hinc

222 4813 471 4870 namque
529 4800 653 4861 ine,
703 4799 1090 4865 dissensiones,
1141 4798 1375 4861 invidiae,
1425 4801 1829 4864 contentiones,

222 4898 551 4959 carteraqne
583 4892 902 4959 procedunt,
930 4905 1052 4960 quze
1082 4900 1358 4944 amatores
1391 4905 1520 4944 suos
1558 4890 1609 4943 in
1638 4905 1832 4959 pwnas

221 4992 469 5036 retentas
504 4984 849 5053 demergunt.
895 4982 960 5037 Et
998 4991 1202 5053 quanto
1230 4982 1459 5053 quisque
1499 4982 1714 5037 altioris
1749 4992 1833 5037 est

222 5074 473 5138 ord'nis,
511 5083 667 5127 tanto
705 5073 1005 5144 impensius
1031 5074 1231 5129 divinis
1256 5075 1417 5129 debet
1455 5074 1837 5144 obtemperare

223 5166 555 5236 praeceptis.
610 5160 900 5235 Propterea
944 5181 1046 5235 ego
1084 5163 1343 5229 Thomas,
1396 5164 1680 5220 ordinatus
1722 5162 1836 5232 iam

224 5254 618 5310 Eboracensis
650 5254 910 5310 Ecclesia:
955 5255 1404 5326 metropolitanus
1449 5256 1700 5321 antistes,
1732 5271 1834 5309 au-

323 5392 421 5457 54)
457 5389 596 5445 Hmc
624 5388 783 5443 habet
804 5389 1101 5444 Eadmerus
1133 5389 1228 5444 lib.
1257 5405 1271 5443 ι
1302 5387 1594 5443 Novarum.

464 5460 523 5514 Id
565 5456 860 5530 Hincmaro
893 5459 1143 5514 llemeusi
1180 5459 1374 5530 seculo
1409 5468 1568 5530 tx,‘et
1587 5457 1824 5530 Britanni

227 5527 583 5592 Coloniensi,
630 5529 824 5584 saeulo
860 5546 892 5583 x
940 5546 1259 5585 concessum
1301 5527 1412 5597 iam
1468 5528 1666 5583 fuerat.
1715 5527 1827 5584 Nec

225 5603 349 5672 ejus
371 5601 455 5656 rei
470 5599 599 5672 alia
630 5611 922 5672 occurrunt
946 5599 1213 5672 exempla.

303 5672 423 5739 (36)
467 5670 527 5724 Id
564 5671 637 5722 de
657 5670 1035 5725 Cantuariensi
1085 5667 1497 5739 archiepiscopo
1534 5667 1831 5739 cum‘lmu-

228 5736 489 5797 iloiticnsi
539 5746 814 5810 statuerat
841 5740 881 5793 Β
912 5740 1225 5810 Gregorius.
1261 5736 1333 5794 De
1356 5740 1439 5794 his
1480 5738 1596 5810 fuse
1621 5736 1827 5810 Wilch-

230 5827 356 5869 mus
391 5808 902 5866 Malmesburiensis
931 5808 1074 5865 lib.”t
1104 5809 1144 5864 il
1170 5808 1349 5865 Storim
1375 5808 1689 5879 pontificum
1718 5809 1829 5862 An-

1912 1977 2172 2036 venlilata
2216 1988 2301 2035 est
2348 1994 2509 2033 causa
2562 1978 2628 2031 de
2658 1978 2915 2047 primatu,
2948 1990 3108 2045 quem
3158 1972 3495 2029 Laul‘rancus

1913 2071 2343 2127 Doroberneusis
2394 2070 2835 2139 archiepiscopus
2883 2084 3046 2138 super
3096 2068 3490 2122 Eboracensem

1912 2166 2212 2221 Ecclesiam
2258 2165 2384 2234 jure
2427 2178 2541 2219 sua:
2586 2161 2845 2218 Ecclesia:
2892 2159 3284 2231 proclamabat,
3328 2165 3382 2211 et
3430 2156 3496 2210 de

1912 2258 2346 2313 ordinationibus
2380 2256 2739 2325 quorumdam
2774 2254 3175 2323 episcoporum,
3204 2251 3271 2304 de
3301 2250 3498 2318 quibus

1914 2349 1983 2403 ad
2032 2362 2193 2417 quem
2252 2345 2565 2415 specialiter
2608 2343 2950 2413 pertinerent
3004 2348 3215 2396 certum
3275 2339 3497 2391 minime

1915 2439 2218 2494 constabat.
2247 2438 2314 2492 Et
2341 2436 2557 2491 tandem
2585 2433 2876 2504 aliquando
2901 2431 3129 2487 diversis
3158 2430 3495 2484 diversarum

1915 2528 2309 2598 scripturarum
2342 2524 2759 2580 auctoritatibus
2788 2521 3074 2593 probatum
3106 2528 3272 2589 atque
3310 2526 3497 2572 osten-

1915 2634 2034 2674 sum
2084 2626 2167 2672 est
2217 2617 2361 2686 quod
2410 2614 2771 2671 Eboracensis
2823 2610 3065 2667 Ecclesia
3114 2608 3494 2666 Cantuarieusi

1914 2710 2113 2767 debeat
2147 2708 2451 2777 subiacere,
2482 2706 2704 2776 eiusque
2735 2703 3132 2774 archiepiscopi
3167 2710 3225 2756 ut
3249 2700 3509 2771 primatis

1920 2802 2085 2858 totius
2128 2802 2423 2856 Britanniae
2470 2798 2918 2870 dispositionibus
2945 2836 2971 2861 ,.
3015 2797 3069 2851 in
3116 2794 3202 2850 bis
3248 2807 3372 2862 (pne
3431 2792 3498 2845 ad

1916 2894 2288 2952 Christianam
2323 2892 2639 2961 religionem
2672 2889 2968 2960 pertinent,
2999 2887 3052 2941 in
3086 2883 3340 2941 omnibus
3368 2881 3505 2937 obe-

1918 2984 2057 3039 dire.
2109 2982 2516 3051 Subieetionem
2541 2997 2673 3036 vero
2703 2978 3099 3043 Duuclmensis,
3135 2978 3238 3032 hoc
3266 2984 3351 3030 est
3378 2975 3507 3029 Lin-

1919 3074 2263 3131 disfeldensis
2284 3074 2519 3145 episcopi
2547 3083 2713 3140 atque
2735 3071 2975 3127 oumium
3003 3068 3307 3137 regionum,
3337 3081 3365 3119 a
3397 3075 3509 3121 ter-

1921 3164 2084 3219 minis
2107 3161 2480 3218 Licifeldeusis
2494 3158 2749 3228 episcopii
2779 3168 2835 3213 et
2867 3157 3122 3212 llumbrte
3149 3154 3328 3224 magni
3359 3153 3506 3207 fluvii

1923 3269 2096 3326 usque
2126 3254 2195 3309 ad
2219 3261 2494 3309 extremos
2520 3250 2720 3305 Scotia:
2742 3248 2901 3314 lines,
2931 3257 2986 3303 et
3011 3246 3272 3317 quidquid
3307 3260 3372 3300 ex
3403 3245 3507 3297 hac

1921 3353 2078 3416 parte
2117 3341 2364 3414 przcdicti
2414 3340 2655 3395 ﬂuminis
2698 3339 2765 3393 ad
2802 3337 3116 3409 parochiam
3142 3334 3511 3391 Eboracensis

1922 3435 2182 3491 Ecclesia:
2214 3433 2336 3501 iure
2379 3431 2660 3501 competit,
2686 3427 3094 3485 Cauluarieusis
3128 3423 3504 3495 metropolita-

1924 3541 2027 3580 uus
2057 3520 2386 3578 Eboracensi
2439 3520 2853 3589 archiepiscopo
2897 3516 3123 3587 eiusque
3171 3516 3507 3572 successori-

1922 3614 2047 3680 bus,
2103 3612 2155 3667 in
2205 3619 2520 3681 perpetuum
2572 3610 2825 3673 obtinere
2879 3607 3175 3672 concessit,
3228 3606 3303 3663 ita
3353 3614 3416 3661 ut
3458 3605 3512 3659 si-

1924 3701 2335 3760 Cantuarieusis
2381 3698 2823 3769 archiepiscopus
2854 3696 3144 3753 concilium
3174 3710 3372 3766 cogere
3409 3710 3513 3749 νος

1926 3796 2106 3859 luerit,
2157 3795 2464 3864 ubicunque
2490 3793 2663 3848 visum
2711 3790 2892 3852 fuerit.
2924 3789 3280 3845 Eboracensis
3326 3788 3513 3843 archi-

1924 3887 2208 3955 episcopus
2246 3884 2329 3939 sni
2355 3884 2724 3953 praesentiam,
2751 3898 2872 3937 cum
2900 3882 3155 3935 omnilms
3191 3879 3295 3935 sibi
3325 3878 3515 3947 subice

1924 3977 2027 4032 clis
2053 3977 2345 4048 episcopis,
2371 3977 2436 4031 ad
2471 3987 2657 4031 nutum
2691 3976 2806 4041 eius
2833 3974 3087 4039 exhibeat
3110 3982 3161 4028 et
3186 3973 3306 4043 eius
3335 3986 3507 4026 cano-

1927 4071 2063 4126 nicis
2100 4070 2544 4141 dispositionibus
2574 4068 2837 4124 obediens
2870 4067 3091 4121 cx’stat.
3133 4064 3288 4129 Quod
3324 4072 3521 4118 autem

1928 4162 2287 4218 Eboracensis
2313 4161 2759 4230 archiepiscopus
2786 4156 3178 4227 professionem
3211 4157 3391 4209 facere
3417 4155 3517 4207 dea

1927 4254 2055 4308 beat
2088 4252 2466 4307 Cantuariensi
2507 4250 2938 4317 archiepiscopo,
2969 4249 3132 4300 etiam
3170 4260 3293 4298 cum
3326 4259 3517 4299 sacra-

1929 4352 2113 4399 mento
2141 4383 2157 4407 ,
2206 4340 2546 4396 Lanfraneus
2595 4336 3024 4392 Dorobcrnensis
3073 4334 3514 4404 architmiscopus

1930 4452 1995 4489 ex
2041 4433 2263 4502 antiqua
2324 4440 2731 4485 antecessorum
2792 4427 3187 4483 consuetudine
3247 4425 3515 4481 ostendit.

1933 4530 2039 4585 Sed
2062 4530 2132 4585 ob
2159 4541 2400 4582 amorem
2430 4525 2591 4596 regis,
2618 4522 2841 4577 Thomas
2870 4520 3200 4577 Eboracensi
3242 4517 3515 4587 archiepi-

1932 4633 2095 4688 scopo
2128 4624 2536 4672 sacramentum
2578 4612 2860 4677 relaxavit,
2897 4610 3265 4681 scriptumque
3301 4617 3523 4667 tantum.

1934 4708 2326 4781 professionem
2369 4704 2593 4774 recepit,
2638 4719 2760 4757 non.
2785 4700 3143 4770 prmiudieans
3186 4696 3520 4753 successori-

1936 4803 2034 4857 bus
2060 4800 2194 4864 suis,
2222 4814 2312 4868 qut
2354 4804 2759 4851 sacramentum
2799 4808 2922 4846 cum
2965 4790 3304 4862 professione
3332 4803 3362 4841 a
3393 4802 3515 4841 sues

1936 4890 2247 4947 cessoribns
2270 4889 2492 4942 'l'homte
2534 4885 2752 4956 exigere
2782 4882 3086 4939 voluerunt.
3139 4881 3196 4935 Si
3247 4876 3515 4945 archiepi-

1939 4995 2133 5051 scopus
2183 4976 2590 5033 Cautuarieusis
2649 4976 2817 5029 vitam
2861 4973 3100 5036 finierit,
3153 4967 3517 5025 Eboracensis

1941 5070 2386 5138 archiepiscopus
2413 5067 2799 5121 Doroberniam
2831 5063 3034 5127 veniet,
3062 5071 3117 5115 et
3140 5075 3263 5115 eum
3289 5058 3380 5127 qui
3408 5056 3517 5111 ele-

1941 5175 2059 5217 ctus
2085 5160 2268 5227 fuerit,
2302 5175 2423 5214 cum
2452 5157 2665 5213 caeteris
2685 5156 2926 5227 pra-fata:
2950 5152 3207 5209 Ecclesia:
3228 5149 3541 5220 episcopis,

1942 5264 1999 5309 ut
2040 5253 2328 5326 primatem
2382 5250 2660 5323 proprium
2702 5249 2828 5319 iure
2870 5242 3238 5302 consecrabit.
3290 5241 3443 5309 Quod
3475 5241 3522 5297 si

1941 5388 2364 5459 gloruquuem
2393 5382 2609 5459 legesis.

2030 5457 2120 5525 37)
2160 5443 2291 5525 Illud
2320 5443 2610 5508 concilium
2640 5446 3316 5525 Wiudleshorar.habitum
3340 5443 3523 5525 fuisse

2002 5462 2120 5581 ἰ(57)
2161 5462 2291 5509 Illud
2320 5462 2610 5508 concilium
2643 5462 3033 5506 Wmittesuorar
3064 5462 3308 5502 nonnum
3346 5462 3519 5499 misse

1938 5544 1994 5581 re
2021 5535 2103 5581 ert
2158 5524 2539 5595 Spelmanuus,
2572 5530 2730 5595 _tom.
2778 5520 2818 5595 l_l
2870 5518 3238 5595 Coucdiormu
3289 5515 3519 5595 Anglia.

1936 5586 2531 5651 Attamen'Willelmus
2572 5588 3082 5654 Malmcsburicnsis,
3134 5603 3199 5642 ex
3248 5601 3357 5654 quo
3407 5586 3523 5654 lucc

1935 5666 2118 5720 omnia
2147 5666 2427 5733 desumpta
2461 5670 2612 5733 sunt,
2635 5659 2836 5733 nullum
2867 5658 3038 5713 locmu
3064 5653 3348 5733 exprimit;
3381 5653 3523 5733 unde

1941 5736 2189 5791 Labbeus
2222 5735 2275 5787 iu
2308 5728 2545 5787 editione
2574 5729 2939 5785 Couciliorum
2972 5728 3161 5786 maluit
3184 5728 3357 5798 ipsum
3386 5728 3545 5779 sim-,

1945 5807 2158 5877 pliciter
2186 5802 2533 5872 Anglicanam
2565 5798 2856 5871 appellare.
