4034 6290
433 462 495 516 5i

1237 456 1299 513 B.
1340 456 1728 515 LANFRANCI
1765 455 2316 516 CANTUARIENSIS
2350 459 2862 517 ARCHIEPISCOPl

3631 453 3704 508 59

434 571 876 644 ⁸τ⁰¹¹ίθΡ¹⁸ε⁰Ρ¹¹⁶
910 571 1268 628 Εδοηοοηείε
1313 573 1539 639 οὓίοτίιν
1579 573 1625 628 i3
1664 572 1757 643 qui
1799 572 1849 628 ei
1891 587 2014 626 Sllc-
2042 576 2088 634 A
2118 572 2199 628 vel
2236 588 2266 628 a
2297 574 2594 646 majoribus
2622 586 2787 645 atque
2811 573 3207 642 antiquioribus
3238 570 3506 626 veraciter
3539 578 3708 638 atque

438 676 696 721 cessurus
735 663 977 733 eligitur,
1021 673 1243 733 accepto
1280 679 1311 719 a
1354 680 1481 735 rege
1518 665 2016 735 archiepisc0patus

435 753 602 820 dono,
633 752 1006 820 Cautuariam,
1037 754 1121 808 vel
1160 755 1645 811 ubiCautuariensi
1692 758 1865 810 visum
1906 755 2018 811 lue-

439 846 547 910 rit,
593 846 853 907 accedet;
916 855 972 901 et
1023 846 1092 900 ab
1144 846 1259 915 ipso
1309 847 1707 902 Ordinationem
1756 847 2020 901 canonico

437 950 590 991 more
637 935 917 1006 suscipiet.
958 956 978 988 ι
1038 935 1174 991 lluic
1207 938 1579 993 constitutioni
1628 948 2023 993 consenserunt

437 1028 695 1098 praelatus
729 1042 823 1083 rex
862 1038 918 1082 et
947 1028 1366 1099 archiepiscopi,
1418 1028 1759 1084 [artifrancus
1780 1030 2021 1084 Cantua-

441 1119 640 1174 riensis
678 1119 802 1190 13,
841 1127 899 1174 et
938 1118 1177 1174 Thomas
1224 1119 1607 1186 Eboracensis,
1654 1128 1709 1174 et
1752 1121 2027 1175 lluhertns

443 1218 646 1264 sanctae
689 1207 947 1264 Romana).
992 1209 1249 1265 Ecclesiae
1304 1210 1674 1265 subdiaconus
1719 1220 1773 1265 et
1816 1211 2028 1280 pnefati

444 1299 736 1354 Alexandri
765 1315 917 1370 papa:
952 1300 1190 1370 legatus,
1224 1310 1279 1357 et
1321 1301 1502 1357 cmtcri
1530 1302 1621 1372 qui
1667 1301 2032 1356 interfuerunt

443 1391 681 1463 episcopi
716 1403 771 1448 et
794 1393 1036 1451 abbates.

516 1485 606 1540 27.
650 1485 774 1541 Haec
811 1495 871 1542 ut
892 1496 1043 1558 gesta
1073 1496 1199 1543 sunt
1223 1488 1562 1543 Lanl'raneus
1586 1487 1895 1541 Alexandro
1931 1501 2032 1541 no-

446 1575 674 1632 titicavit
702 1592 799 1647 per
821 1580 1181 1649 subscriptam
1208 1579 1492 1651 epistolam
1516 1596 1531 1635 :

522 1668 749 1726 Domino
785 1671 952 1726 totius
980 1671 1306 1728 Christiana:
1351 1671 1629 1741 religionis
1663 1684 1879 1725 summo
1909 1682 2035 1738 spe-

448 1763 680 1818 culatori
705 1765 1036 1821 Διευκωο
1070 1781 1241 1837 νίψω.
1261 1766 1677 1823 Laarnxacus...
1708 1763 1869 1838 (Vide
1887 1765 2037 1834 epist.

449 1855 483 1910 4
518 1855 855 1930 Leuit-anei.)
1817 1872 1841 1882 ο-
2024 1858 2027 1861 '

2120 665 2471 733 probabiliter
2502 668 2858 737 accepissent.
2890 664 3067 737 Super
3096 680 3203 735 quo
3236 678 3494 734 responso
3520 660 3705 732 petita

2121 766 2246 813 sunt
2295 757 2559 821 induciae,
2613 773 2677 811 ac
2728 771 3001 811 concessa:
3058 770 3229 824 usque
3270 754 3326 808 in
3377 752 3705 807 crastinum.

2122 848 2371 904 Crastina
2427 857 2604 902 autem
2657 848 2744 902 die
2790 846 3135 902 concorditer
3190 844 3516 914 perbibucre
3563 838 3711 910 quod

2126 943 2485 999 Eboracensis
2528 943 2971 1012 archiepiscopus
3002 940 3069 994 ad
3114 941 3393 993 dexteram
3436 933 3714 989 Dorobcr-

2128 1037 2309 1090 nensis
2341 1037 2534 1090 sedere
2581 1035 2816 1099 debeat,
2849 1031 3247 1087 Loudonieusis
3293 1031 3359 1083 ad
3405 1028 3716 1091 sinistram,

2126 1127 2435 1182 Wentanus
2456 1126 2614 1196 juxta
2639 1126 3072 1188 Eboracensem;
3114 1122 3159 1176 si
3195 1135 3323 1177 vero
3354 1118 3721 1175 Eboracensis

2128 1218 2299 1283 desit,
2334 1216 2727 1273 Londoniensis
2768 1216 2836 1270 ad
2867 1215 3183 1279 dexteram,
3217 1211 3520 1267 Wentanus
3545 1209 3613 1263 ad
3646 1206 3723 1264 si-

2132 1311 2381 1366 nistram.

2206 1400 2281 1454 Ex
2310 1398 2494 1471 regula
2527 1399 2667 1455 beati
2694 1397 2995 1463 Benedicti,
3023 1412 3087 1452 ex
3118 1395 3338 1465 Dialogo
3361 1392 3643 1463 Gregorii,
3670 1398 3727 1445 et

2136 1495 2356 1562 antiqua
2398 1492 2724 1561 regularinm
2777 1491 3017 1546 locorqu
3068 1488 3480 1551 consuetudine,
3513 1495 3569 1539 ut
3603 1500 3726 1538 mo-

2138 1584 2297 1639 nachi
2327 1583 2571 1637 ordinem
2602 1582 2845 1637 debitum
2887 1589 3101 1636 teneant
3124 1620 3141 1647 ,
3192 1579 3427 1635 infantes
3456 1577 3734 1648 prtecipuc

2138 1673 2458 1744 etjnvenes,
2505 1674 2557 1728 iu
2606 1674 2859 1728 omnibus
2904 1672 3072 1735 locis,
3111 1670 3385 1741 deputatis
3413 1668 3514 1724 sibi
3552 1666 3732 1735 magi-

2141 1768 2293 1832 stris,
2320 1767 2623 1822 custodiam
2675 1766 2932 1821 habeant.
2972 1764 3139 1820 Nocte
3189 1762 3474 1819 luminaria
3527 1760 3737 1822 fciant,

2143 1860 2470 1931 generaliter
2514 1872 2707 1913 omnes
2748 1856 2855 1911 nisi
2882 1872 2911 1909 a
2941 1855 3178 1926 praelatis
3203 1865 3460 1908 concessa
3488 1848 3739 1920 proprie-

521 1947 610 2003 98.
658 1949 735 2005 De
767 1951 960 2007 eadem
1019 1967 1077 2008 re
1122 1952 1344 2023 scripsit
1381 1951 1748 2008 llildebrando
1786 1952 2040 2008 llornana:
2070 1931 2111 1988 η
2148 1964 2255 2009 tate
2302 1960 2528 2019 careant
2576 1950 2710 2023 (reg.
2758 1964 2877 2019 cap.
2912 1948 2982 2003 63
3008 1989 3021 2012 ,
3054 1947 3157 2014 22,
3187 1946 3300 2014 33).
3352 1944 3409 2000 Si
3452 1943 3576 2013 quis
3606 1956 3741 1997 vero

451 2041 711 2098 Ecclesia:
741 2044 1132 2101 archidiacono
1151 2088 1168 2111 ,
1204 2046 1299 2101 ita.

546 2132 827 2189 Calumnia
891 2151 1053 2205 quam
1107 2137 1466 2193 Eboracensis
1513 2137 1768 2193 Ecclesiae
1820 2138 2047 2193 antistes

456 2225 746 2281 adversum
778 2243 864 2283 me
905 2229 1157 2284 movit...
1201 2229 1414 2297 (Exstat
1461 2232 1600 2285 inter
1638 2229 1884 2300 epistolas
1908 2270 1923 2295 ,
1971 2230 2049 2284 uti

454 2324 505 2368 et
537 2332 756 2385 aequem
775 2356 793 2381 ,
821 2329 1045 2386 stmtqtte
1082 2320 1116 2373 6
1143 2330 1190 2374 et
1217 2321 1295 2389 7.)

527 2408 618 2462 29.
668 2408 749 2463 Ad
777 2410 905 2464 .btee
953 2409 1352 2468 llildebrandns
1394 2412 1675 2483 respondit
1717 2410 2049 2467 Laulranco.

534 2518 552 2552 ι
582 2499 758 2557 Verba
789 2500 1092 2573 legatorum
1125 2514 1454 2570 vestrorum,
1500 2526 1516 2557 ›
1551 2514 1656 2560 etc.

1057 2594 1287 2651 CAPUT
1346 2596 1462 2652 XII.

529 2686 619 2742 30.
654 2686 768 2761 (")
805 2688 1056 2744 Annmab
1101 2688 1476 2745 incarnatione
1506 2690 1716 2746 Domini
1766 2689 1926 2755 l075,
1964 2704 2055 2744 re-

461 2788 664 2851 gnante
717 2778 958 2848 glorioso
1007 2794 1135 2851 rege
1190 2780 1466 2836 Willchno
1514 2782 1850 2852 Anglorum,
1911 2794 2057 2833 anno

464 2871 617 2941 regni
668 2869 789 2939 ejus
836 2886 1024 2938 nono,
1082 2883 1470 2943 congregatum
1521 2884 1604 2929 est
1655 2854 1971 2928 Lundoniae
2005 2872 2057 2926 in

466 2962 702 3018 ecclesia
749 2962 891 3017 beati
944 2962 1094 3018 Pauli
1134 2967 1363 3035 apostoli
1404 2966 1697 3022 concilium
1749 2965 1914 3020 totius
1945 2964 2060 3018 An-

469 3058 591 3129 glia:
642 3058 884 3129 regionis
933 3059 1335 3129 episcoporum,
1394 3060 1675 3123 abbatum,
1724 3072 1823 3111 nec
1866 3072 1971 3110 non
2008 3064 2065 3109 et

469 3148 768 3204 multarum
818 3148 1057 3221 religi’osi
1113 3150 1323 3205 ordinis
1382 3164 1783 3219 personarum,
1838 3144 2064 3216 jubente

469 3253 636 3312 atque
663 3243 840 3299 eidem
882 3243 1119 3299 concilio
1161 3243 1485 3313 prtesidente
1522 3240 1831 3297 Lanh-anco
1863 3248 2063 3294 sanctm

473 3334 905 3391 Dorobernensis
936 3335 1190 3391 Ecclesia:
1230 3334 1617 3404 arehiprmsule
1644 3320 1920 3403 totiusque
1952 3330 2072 3385 Bri-

474 3424 676 3479 tannia:
718 3424 989 3494 primato,
1042 3425 1463 3481 eonsedeutibus
1501 3440 1688 3479 secum
1735 3423 1867 3478 viris
1910 3435 2072 3475 vene-

478 3514 778 3580 rabilibus,
831 3515 924 3586 (")
975 3502 1185 3569 'l‘boma
1232 3514 1561 3569 Eboracensi
1620 3513 2073 3583 archiepiseOpo,

481 3611 576 3681 (⁸³)
611 3610 890 3665 Willelmo
943 3610 1272 3665 Londincasi
1324 3612 1618 3680 episcopo,
1677 3609 1767 3681 (“)
1800 3606 2073 3664 Goisl‘rido

480 3703 887 3758 Constantiensi
947 3701 1072 3775 [qui
1116 3702 1249 3773 (38)
1298 3717 1422 3757 cum
1475 3701 1874 3756 transmarinus
1930 3705 2076 3753 esset

479 3794 799 3865 episcopus.
855 3792 911 3847 ia
951 3791 1140 3862 Anglia
1202 3790 1402 3846 ntultas
1440 3791 1811 3859 possessiones
1848 3786 2073 3849 habens,

481 3901 607 3939 eum
662 3884 877 3939 caeteris
928 3883 982 3938 in
1039 3881 1270 3938 cent-ilio
1317 3879 1651 3952 residebat],
1681 3880 1771 3952 (⁸⁸)
1825 3877 2076 3933 Walcize-

484 3978 598 4033 lino
652 3975 1013 4041 Vintonieusi,
1044 3969 1155 4046 (⁸⁸)
1207 3973 1480 4028 llermano
1530 3967 1915 4027 Siralntrncnsi
1953 3965 2075 4039 [nl.,

487 4067 1000 4137 Scbireburneusi),
1055 4067 1146 4136 (⁸⁷)
1198 4064 1488 4120 Wilfstano
1521 4060 1946 4124 V'ircecstrensi,
1986 4058 2076 4126 (³⁸)

488 4160 758 4216 Waltcrio
806 4158 1229 4223 llerel'ordensi,
1286 4155 1395 4227 (⁸⁸)
1452 4152 1654 4210 Gisonc
1704 4150 1969 4214 Vellensi,
2024 4149 2076 4203 id

491 4258 580 4306 est
622 4250 863 4315 Batensi,
897 4250 989 4320 ('°)
1018 4247 1269 4319 Remigio
1321 4243 1686 4301 Dorcbacensi
1734 4243 1846 4297 sive
1887 4241 2079 4295 Linco-

490 4342 672 4406 licusi,
703 4341 793 4413 (⁸³)
824 4339 1075 4395 Hcrl‘asto
1126 4335 1501 4393 Hchncanensi
1541 4350 1635 4391 seu
1682 4331 2077 4392 Norwinccnsi,

497 4432 589 4501 (“)
632 4429 894 4501 Stigando
942 4427 1281 4498 Sehngeusi,
1333 4425 1423 4495 (“)
1472 4422 1721 4480 Osbcruo
1764 4419 2078 4487 Exonicnsi,

500 4521 594 4593 (“)
642 4520 805 4575 Petro
852 4517 1229 4575 Licil'erdcnsi.
1286 4514 1551 4570 Rolfensis
1601 4512 1840 4567 Ecclesia
1882 4525 1979 4581 per
2028 4509 2079 4563 id

501 4626 718 4683 tempus
770 4621 990 4682 pastore
1035 4609 1279 4664 carebat.
1330 4604 1830 4668 Lindisfarnensis,
1884 4600 1979 4671 qui
2029 4607 2084 4653 et

502 4703 812 4761 Dulmensis
844 4697 1267 4774 [Dunelmensis]
1298 4699 1607 4767 episc0pus,
1635 4693 1955 4749 canonicam
1988 4690 2084 4743 hac

506 4797 641 4849 hens
667 4793 1079 4848 excusationem
1120 4788 1352 4845 concilio
1396 4788 1664 4843 interesse
1704 4800 1813 4838 non
1858 4786 2087 4852 poterat.

504 4888 575 4942 Et
623 4887 750 4956 quia
782 4885 966 4941 multis
1002 4892 1150 4939 retro
1177 4883 1336 4937 annis
1386 4880 1436 4935 in
1478 4879 1704 4951 Anglico
1749 4889 1917 4945 regno
1964 4887 2093 4925 usus

510 4979 867 5036 conciliorum
916 4974 1287 5036 obsoleverat,
1335 4980 1591 5027 renovata
1639 4976 1765 5023 sunt
1815 4960 2091 5026 nonnulla,
2174 5000 2179 5003 Α

508 5088 630 5143 qua:
673 5070 913 5140 antiquis
947 5069 1112 5123 etiam
1160 5075 1459 5123 noscuntur
1501 5061 1805 5118 canonibus
1853 5055 2095 5111 deﬁnita.

587 5162 663 5217 Ex
711 5160 942 5217 concilio
996 5158 1159 5230 igitur
1184 5155 1453 5212 Toletano
1501 5162 1725 5221 quarto,
1769 5143 2098 5200 Millevitano

517 5264 681 5324 atque
707 5249 1068 5308 Bracbarensi
1099 5256 1360 5303 statutum
1388 5255 1472 5299 cst
1500 5252 1558 5297 ut
1586 5239 1781 5311 singuli
1810 5236 2107 5292 secundum

520 5343 883 5399 ordinationis
904 5355 1015 5397 siue
1041 5348 1283 5407 tempora
1307 5336 1555 5396 sedeant,
1572 5340 1769 5401 praeter
1793 5344 1886 5383 eos
1907 5326 2001 5396 qui
2014 5341 2108 5379 an-

522 5438 673 5506 tiqua
699 5432 1096 5489 consuetudine
1119 5430 1234 5485 sive
1253 5425 1624 5481 Ecclesiarutn
1644 5437 1863 5477 suarum
1891 5418 2108 5490 privile-

522 5527 627 5596 giis
655 5525 931 5595 digniores
970 5523 1126 5577 sedes
1157 5518 1379 5573 habent.
1426 5516 1504 5568 De
1536 5528 1639 5582 qua
1688 5528 1747 5567 re
1790 5510 2105 5580 interrogati

525 5627 655 5673 sunt
680 5630 840 5672 senes
861 5623 918 5669 et
945 5618 1106 5667 aetate
1137 5606 1380 5679 provecti
1409 5604 1542 5675 quid
1579 5602 1661 5657 vel
1693 5602 1792 5672 ipsi
1821 5599 2107 5665 vidissent,

600 5750 712 5818 (38)
732 5747 891 5803 Solus
911 5746 1001 5801 hic
1020 5757 1154 5818 curn
1164 5739 1354 5818 _0_done
1379 5733 1656 5818 Bajocensi
1678 5748 1742 5788 cx
1768 5729 2113 5818 ifiorrnauniie

530 5800 839 5898 episcopis,
876 5800 1005 5870 cum
1036 5810 1321 5869 Guillelmo
1350 5800 1739 5879 Acetiqua'store
1787 5804 1839 5857 in
1870 5800 2114 5870 Angliam

534 5898 772 5947 transut.
1230 5909 1236 5915 ·

2146 2045 2348 2115 aliquid
2386 2043 2590 2114 proprii
2620 2042 2737 2097 sine
2762 2038 2983 2112 praefata
3008 2037 3225 2094 licentia
3251 2037 3452 2092 habere
3475 2034 3527 2089 in
3560 2041 3744 2087 morte

2146 2136 2312 2193 fuerit
2335 2136 2733 2207 deprehensus,
2766 2148 2864 2188 nec
2894 2142 3022 2186 ante
3057 2141 3287 2185 mortem
3330 2129 3382 2183 id
3415 2125 3745 2190 reddiderit,

2147 2243 2271 2283 eum
2321 2225 2638 2297 pmnitentia
2667 2232 2721 2279 et
2752 2222 2938 2277 dolore
2989 2229 3268 2292 peccatum
3309 2232 3468 2274 suum
3517 2214 3747 2270 confes-

2149 2332 2276 2382 sus;
2328 2333 2427 2371 nec
2477 2317 2629 2386 signa
2682 2313 2968 2385 pulsentur
3015 2326 3113 2381 pro
3158 2324 3263 2373 eo,
3324 2322 3425 2362 nec
3483 2303 3751 2359 salutaris

2150 2427 2249 2481 pro
2269 2411 2387 2481 ejus
2413 2406 2751 2463 absolutionc
2781 2404 2955 2460 hostia
2983 2399 3309 2462 innnolctur,
3335 2412 3436 2452 nec
3459 2396 3512 2449 in
3542 2406 3752 2447 cmme-

2154 2504 2291 2559 terio
2321 2500 2617 2573 sepeliatur
2646 2497 2910 2569 (Gnaeos.
2945 2492 3086 2547 Dial.
3116 2492 3208 2545 lib.
3254 2505 3329 2554 tv,
3366 2503 3486 2557 cap.
3520 2484 3633 2555 55).

2225 2617 2304 2671 Ex
2337 2613 2569 2673 decretis
2596 2625 2931 2666 summorum
2964 2605 3303 2676 pontificum,
3338 2599 3554 2655 Damasi
3587 2596 3753 2652 vide-

2154 2708 2301 2771 licet,
2320 2716 2371 2763 et
2402 2705 2621 2768 Leonis,
2645 2717 2744 2757 nec
2767 2716 2871 2755 non
2898 2715 2965 2754 ex
2992 2695 3237 2752 conciliis
3258 2689 3569 2748 Sardiccnsi
3600 2688 3757 2756 (can.

2157 2803 2210 2872 6)
2235 2810 2397 2871 atque
2418 2793 2738 2853 Laodicensi
2772 2793 2915 2864 (catt.
2954 2789 3071 2859 57),
3096 2789 3148 2842 in
3196 2786 3394 2856 quibus
3425 2782 3760 2853 prohibetur

2159 2891 2499 2964 episcopales
2526 2889 2683 2943 sedes
2724 2886 2780 2941 in
2827 2883 2966 2938 villis
3017 2881 3283 2942 existere,
3311 2887 3635 2931 concessum
3669 2878 3761 2924 est

2162 2963 2314 3057 regia
2362 2980 2727 3038 muniﬁcentia
2793 2985 2847 3032 et
2897 2974 3086 3047 synodi
3135 2969 3457 3026 auctoritate
3506 2963 3764 3036 pnetatis

2164 3081 2338 3135 tribus
2363 3075 2631 3147 episcopis
2663 3073 2728 3127 de
2756 3070 2896 3125 villis
2925 3068 2991 3124 ad
3020 3066 3271 3122 civitates
3302 3061 3567 3123 transire;
3609 3055 3763 3110 Her-

2166 3186 2366 3228 manno
2416 3169 2482 3224 de
2512 3166 2808 3222 Siraburna
2860 3162 2926 3216 ad
2974 3156 3364 3218 Selesberiam,
3396 3151 3657 3223 Stigando
3692 3148 3768 3201 de

2098 3291 2139 3347 ρ
2172 3266 2433 3336 Selengco
2465 3262 2530 3315 ad
2578 3259 2900 3318 Cicestrum,
2933 3252 3096 3308 Petro
3122 3251 3187 3303 de
3217 3245 3476 3305 Lieit'elde
3505 3243 3573 3298 ad
3620 3240 3763 3347 (ies-

2178 3333 2357 3414 trum;
2388 3355 2462 3409 De
2485 3351 2827 3422 quibusdam,
2857 3346 2950 3417 qui
2984 3346 3036 3399 in
3078 3342 3217 3396 villis
3260 3354 3353 3394 seu
3403 3336 3536 3391 vicis
3582 3333 3771 3387 adhuc

2176 3448 2466 3519 degebant,
2498 3443 2724 3498 dilatum
2772 3447 2855 3493 cst
2902 3450 3072 3504 usque
3101 3434 3168 3486 ad
3217 3430 3360 3501 regis
3404 3423 3769 3519 audientiam,

2176 3512 2272 3613 qui
2328 3540 2378 3594 in
2426 3532 2806 3592 transmarinis
2861 3527 3021 3584 terris
3074 3534 3203 3581 tunc
3255 3518 3513 3590 temporis
3561 3512 3768 3569 bellum

2176 3634 2414 3708 gerebat.

2251 3727 2331 3782 Ex
2364 3723 2551 3779 tnultis
2580 3721 2949 3776 Romanorum
2979 3710 3267 3783 prmsulnm
3309 3704 3542 3761 decretis
3586 3701 3776 3755 diver-

2180 3822 2362 3890 sisque
2391 3829 2671 3872 sacrorum
2717 3822 2986 3866 canonum
3035 3800 3454 3859 auctoritatibus
3487 3815 3499 3851 :
3534 3795 3611 3850 Ne
3642 3794 3776 3863 quis

2180 3910 2416 3966 alienum
2449 3905 2729 3965 clericum,
2753 3898 2838 3954 vel
2862 3895 3187 3952 monachum
3224 3892 3316 3962 (")
3345 3890 3464 3944 sine
3488 3899 3777 3940 commen-

2181 3999 2386 4058 datitiis
2414 3995 2608 4052 litteris
2637 3992 2869 4047 retineat
2904 3983 2988 4041 vel
3025 3985 3257 4040 ordinet.
3292 3981 3372 4035 Ad
3403 3975 3783 4046 comprimenn

2181 4095 2306 4149 dam
2355 4086 2713 4162 quorumdam
2770 4081 3189 4136 indiscretorum
3250 4069 3639 4130 insolentiam,
3703 4080 3774 4119 ex

2181 4154 2457 4241 communi
2490 4180 2709 4234 decreto
2736 4170 3010 4228 sancitum
3063 4175 3149 4222 est
3180 4179 3245 4219 ne
3275 4163 3396 4233 quis
3438 4160 3491 4213 in
3536 4154 3776 4212 concilio

2183 4277 2436 4347 loquatur
2454 4277 2651 4341 prazter
2669 4265 2942 4322 licentiam
2965 4277 2999 4316 a
3026 4256 3442 4329 metropolitano
3471 4257 3779 4320 sumptam,

2181 4364 2426 4436 exceptis
2452 4359 2722 4433 episcopis
2743 4370 2799 4413 et
2823 4354 3137 4410 abbatibus.

2257 4477 2336 4531 Ex
2374 4472 2606 4530 decretis
2637 4471 2728 4541 (“)
2752 4466 2999 4538 Gregorii
3027 4462 3244 4533 Majoris
3274 4458 3413 4530 (39),
3453 4472 3553 4511 nec
3577 4469 3686 4508 nou
3723 4462 3781 4509 et

2190 4568 2451 4633 Minoris,
2496 4566 2588 4637 (⁸⁷)
2618 4572 2677 4617 ut
2720 4561 2901 4616 nullus
2932 4560 2997 4614 de
3043 4555 3261 4627 propria
3314 4546 3787 4622 cognatione?vel

2121 4646 2165 4700 Ῑ)
2197 4660 2386 4717 uxoris
2418 4656 2684 4712 defunctae
2718 4668 2812 4707 seu
2837 4665 2997 4720 quam
3031 4655 3293 4717 cognatus
3316 4642 3524 4705 habuit,
3553 4654 3783 4695 uxorem

2200 4751 2453 4820 accipiat,
2483 4746 2660 4816 quoad
2709 4758 2886 4815 usque
2919 4739 3195 4811 parentela
3230 4753 3300 4793 ex
3339 4734 3598 4790 alterutra
3627 4739 3788 4800 parte

2205 4842 2270 4897 ad
2301 4839 2587 4910 septimum
2617 4834 2851 4905 gradum
2875 4830 3176 4902 perveniat.

2276 4953 2363 5027 (⁸⁸)
2394 4951 2463 5008 Ut
2492 4949 2668 5005 nullus
2710 4960 2897 5001 sacros
2945 4942 3166 5000 ordines
3200 4957 3299 4997 seu
3348 4938 3584 4994 cilicium
3616 4935 3790 4991 eccle-

2205 5045 2521 5105 siasticum,
2570 5040 2712 5111 quod
2760 5038 2825 5091 ad
2877 5052 3064 5092 curam
3116 5035 3419 5089 animarum
3474 5029 3795 5100 pertineat,

2208 5144 2353 5191 emat
2385 5133 2468 5187 vel
2496 5134 2717 5188 vendat.
2746 5130 2859 5185 Hoc
2887 5130 3031 5184 enim
3063 5126 3241 5183 scelus
3270 5140 3299 5179 a
3340 5122 3502 5179 Petro
3542 5118 3790 5190 apostolo

2211 5227 2262 5280 in
2298 5226 2520 5281 Simone
2552 5223 2705 5293 Mago
2733 5221 2983 5292 primitus
3030 5218 3342 5273 damnatum
3375 5222 3457 5270 est
3481 5253 3501 5281 ,
3546 5220 3729 5281 postea
3764 5226 3802 5263 a

2210 5321 2415 5377 sanctis
2440 5317 2693 5372 Patribus
2726 5313 2831 5385 15
2873 5313 3097 5366 vetitum
3142 5316 3197 5363 et
3241 5304 3771 5363 exeommunicatum

2288 5412 2366 5467 Ne
2395 5424 2521 5465 ossa
2554 5416 2886 5462 mortuorum
2916 5399 3253 5462 animalium,
3278 5394 3552 5466 quasipro
3574 5389 3795 5445 vitantia

2218 5501 2532 5557 animalium
2563 5506 2734 5568 peste,
2755 5492 2951 5548 alicubi
2982 5489 3405 5560 suspendantur.

2291 5594 2370 5651 Ne
2406 5601 2617 5655 sortes,
2658 5585 2743 5642 vel
2768 5583 3037 5654 aruspicia
3063 5622 3084 5649 ,
3132 5595 3227 5636 seu
3271 5573 3671 5638 divinationes,
3711 5568 3797 5623 vel

2290 5725 2513 5799 (39)._ld
2552 5731 2634 5777 est
2671 5717 2984 5799 Gregorius
3019 5715 3243 5799 Magnus
3292 5728 3384 5799 seu
3432 5711 3720 5799 primuth
3746 5719 3798 5799 et

2226 5784 2518 5869 Gregorius
2555 5784 2850 5853 secundus,
2884 5788 3078 5867 tlijattl
3116 5784 3263 5839 alias
3310 5785 3656 5841 observatum
3696 5789 3785 5834 est
