3954 6306
201 355 269 412 as
820 430 827 439 ,
1750 365 1927 419 ΥΙΤΑ.
2791 408 2799 418 .
3384 368 3461 425 st

200 471 373 539 aliqua
403 468 707 538 hujusmodi
755 468 921 541 opera
972 471 1232 528 diabolica
1276 474 1341 526 ab
1392 476 1571 544 ariquo
1618 493 1775 530 exer-
1812 485 1854 539 Λ
1887 477 2124 554 Noverat
2157 479 2237 534 vir
2284 480 2736 550 prudentissimus
2785 481 2927 553 quod
2978 478 3169 540 tertius
3217 481 3460 543 Herodes

199 568 440 615 reantur.

266 652 357 721 (δ’)
381 651 507 705 Hrc
536 652 680 705 enim
708 653 885 707 omnia
913 655 1052 708 sacri
1097 670 1332 710 caiioiics
1361 657 1772 726 prohibuerunt,

196 754 250 794 ei
277 757 373 797 cos
406 742 496 811 qui
529 742 652 797 talia
678 754 955 810 exercent,
986 746 1109 800 data
1157 748 1422 802 sententia
1466 763 1777 803 excommu-

201 834 537 888 dicaverunt.

270 923 345 979 Ex
383 925 630 980 conciliis
680 926 1033 991 Eliberitano,
1060 937 1114 984 et
1157 929 1421 985 Toletaiio
1470 931 1775 986 undecimo.

204 1012 272 1067 Ut
300 1013 480 1069 nullus
504 1017 791 1086 episcopus
815 1018 895 1071 vel
927 1020 1117 1083 abbas,
1137 1037 1230 1075 seu
1261 1022 1488 1091 quilibet
1512 1023 1577 1078 de
1607 1024 1779 1089 clero,

196 1105 473 1159 hominem
502 1105 858 1163 occidendum
893 1109 974 1164 vel
1002 1111 1262 1166 membris
1295 1115 1651 1169 truneaniliiiii
1697 1115 1783 1185 jii-

208 1197 375 1261 dicet;
426 1197 511 1251 vel
564 1199 936 1269 jiidicaiitibus
983 1218 1095 1259 suae
1149 1205 1490 1261 auctoritatis
1543 1206 1781 1262 lavorcut

210 1288 603 1344 accommodet.

276 1376 383 1447 Ego
408 1376 740 1437 Lanfraiicus
762 1381 1185 1441 Dorobernensis
1205 1388 1641 1458 archiepiscopus
1659 1389 1786 1443 sub-

203 1480 415 1537 scripsi.
1654 1480 1657 1483 ‘

284 1556 397 1627 Ego
446 1556 693 1616 Thomas
739 1561 1100 1620 Eboracensis
1151 1567 1598 1639 archiepiscopus
1655 1570 1785 1624 sub-

201 1648 417 1716 scripsi.
705 1648 709 1655 “

208 1762 209 1765 η
286 1736 743 1809 Siibscripseruut
790 1751 845 1797 et
899 1743 986 1798 alii
1042 1745 1280 1818 episcopi
1325 1758 1384 1803 et
1425 1748 1650 1805 abbates
1696 1730 1784 1821 qui

204 1829 574 1885 interfuerunt
605 1832 746 1905 (40).

218 1932 224 1938 ‘
442 1946 445 1951 λ
792 1927 1023 1984 CAPUT
1070 1928 1201 1984 Xlll.

212 2046 221 2051 -
273 2015 365 2070 3|.
399 2015 530 2072 Post
558 2018 671 2073 limc
701 2018 941 2075 Thomas
986 2022 1349 2079 Eboracensis
1394 2026 1673 2082 humiliter
1700 2028 1791 2099 (⁷ο)

210 2108 426 2179 rogavit
452 2124 550 2178 per
576 2110 861 2180 epistolam
896 2112 1008 2185 (41)
1038 2113 1421 2183 Laiifraiiciiiu,
1470 2128 1528 2174 ut
1558 2120 1795 2174 mitteret

166 2198 316 2252 sibi
362 2198 501 2252 duos
548 2202 855 2270 episcopos,
907 2202 1445 2260 Dorcliaeestrciiscm
1493 2216 1547 2263 et
1574 2207 1794 2279 Wigor-

206 2305 486 2355 iieiisem,
538 2291 629 2361 (⁷⁸)
664 2293 728 2345 ad
779 2296 1105 2348 sacrandum
1158 2300 1445 2367 quemdam
1495 2300 1792 2363 clericum,

202 2397 375 2448 quem
430 2382 521 2452 (τ’)
558 2381 753 2436 Paulus
790 2399 973 2440 comes
1020 2386 1288 2441 Orcaduiii
1333 2389 1445 2455 (4‘2)
1500 2392 1795 2445 iiisularuzii

206 2467 284 2519 illi
330 2466 571 2532 miserat,
606 2469 672 2521 ad
716 2469 1072 2526 ordinandum
1128 2474 1232 2529 illis
1280 2478 1523 2546 partibus
1580 2480 1764 2549 episro

205 2574 362 2627 pini,
397 2558 669 2613 aﬂiriiiaiis
701 2560 902 2615 nullum
957 2565 1342 2633 illipOr’lel‘lllli,
1375 2584 1433 2622 se
1462 2569 1651 2623 lioriiiii
1690 2574 1798 2641 epi-

206 2663 499 2716 scoporum
533 2650 632 2703 bac
667 2649 734 2703 de
766 2665 950 2715 causa,
980 2656 1331 2721 quaesiturum
1378 2658 1791 2724 subjectioiieiii.

206 2738 376 2807 tiujus
406 2741 650 2807 petitioni
673 2740 1014 2799 Lanfraiictis
1074 2763 1316 2803 annuens
1339 2751 1560 2821 scripsit
1590 2752 1796 2820 episco-

210 2832 292 2899 pi.
337 2830 585 2886 Wlstaiio
632 2832 1013 2903 Wigorneiisi,
1062 2846 1116 2891 et
1164 2837 1327 2893 Petro
1374 2841 1678 2907 Cestrensi,
1739 2851 1792 2896 ιιι

213 2923 460 2989 Thamar,
510 2925 650 2979 sicut
684 2927 938 2996 petebat,
982 2941 1367 2994 occurrerent.
1425 2934 1492 2987 ad
1552 2936 1795 3003 pra-dicti

212 3015 396 3070 c'erlci
444 3018 945 3084 consecrationem,
997 3021 1064 3075 ad
1095 3021 1241 3077 diem
1283 3040 1440 3094 quem
1476 3027 1593 3095 ipse
1622 3029 1798 3084 uomi-

216 3114 392 3161 lintei.

240 3230 243 3235 ι
284 3199 377 3253 5‘2.
427 3197 488 3253 In
538 3200 800 3257 suburhio
850 3203 1088 3260 civitatis
1131 3206 1473 3273 Cantuariis,
1522 3219 1607 3263 est
1652 3226 1795 3280 qiire-
1826 3189 1867 3243 (ί

217 3288 335 3343 dam
387 3290 623 3346 ecclesia
669 3292 854 3348 Sancti
916 3294 1172 3364 Martini,
1226 3299 1287 3351 in
1321 3315 1457 3369 qua,
1514 3309 1574 3354 iit
1606 3300 1796 3362 fertur,

212 3382 408 3451 priscis
447 3385 782 3453 temporibus
820 3385 924 3441 fuit
973 3390 1131 3445 sedes
1172 3390 1285 3461 (43)
1322 3392 1681 3463 episcopalis;
1724 3407 1797 3459 et,

214 3485 269 3528 ut
297 3476 423 3529 aiiin
446 3484 485 3539 t,
518 3478 830 3547 episcopum
864 3480 1084 3545 habuit,
1113 3492 1404 3553 antequam
1436 3486 1502 3539 ad
1533 3486 1653 3539 illas
1680 3503 1803 3555 par-

215 3575 294 3621 tes
324 3568 596 3623 transiret
636 3568 992 3626 Lanfrancus.
1019 3572 1125 3627 Sed
1169 3575 1295 3645 quia
1345 3577 1669 3632 auctoritate
1712 3594 1804 3633 ca-

216 3675 411 3715 nimim
454 3670 667 3716 constat
709 3674 1063 3734 prteeeptimi,
1104 3682 1170 3721 ne
1218 3666 1269 3720 in
1303 3684 1407 3721 ima
1453 3669 1672 3724 civitate
1700 3670 1806 3724 duo

217 3753 507 3819 pontifices
536 3753 696 3807 simul
747 3754 1073 3819 habeantur,
1114 3757 1303 3811 statuit
1330 3758 1690 3825 Lauri-ancus,
1740 3776 1805 3816 ne

220 3842 443 3899 ulterius
495 3843 593 3914 ipsi
626 3844 744 3900 loco
764 3846 1113 3903 ordinaretur
1148 3850 1449 3920 episcopus.

289 3938 377 3994 33.
403 3940 466 3994 Ιιι
496 3941 732 4008 quadam
779 3940 1096 4010 festivitate,
1124 3944 1196 4000 de
1233 3944 1406 4000 tribus
1430 3946 1661 4016 magnis,
1687 3947 1805 4017 qui-

229 4027 326 4087 bus
346 4047 440 4088 rex
468 4041 763 4087 coronatus
796 4034 1005 4089 solebat
1034 4043 1218 4091 tenere
1260 4038 1490 4104 curiam,
1516 4039 1603 4093 die
1643 4039 1798 4094 festi-

232 4120 412 4177 vitatis
440 4138 568 4178 cum
597 4137 690 4178 rex
721 4124 1029 4181 diademate
1065 4135 1118 4182 et
1167 4128 1497 4184 indumentis
1533 4131 1803 4200 regalibus

235 4223 454 4268 ornatus
500 4214 719 4269 sederet
765 4216 832 4270 ad
883 4200 1121 4271 mensam
1144 4258 1156 4277 ,
1189 4226 1245 4272 et
1282 4218 1622 4275 Laiifrancus
1654 4219 1806 4289 juxta

240 4320 382 4371 eum,
415 4305 639 4375 quidam
670 4321 858 4360 scurra
888 4306 1073 4361 vidrns
1112 4323 1291 4378 regem
1335 4324 1469 4363 auro
1496 4320 1549 4363 et
1580 4311 1810 4380 gemmis

175 4416 183 4422 -
238 4396 562 4472 radiantem,
593 4396 920 4451 exclamavit
964 4397 1015 4450 in
1061 4396 1183 4451 aula
1209 4439 1223 4462 ,
1256 4414 1450 4469 magna
1485 4399 1814 4453 adulationis

241 4498 387 4550 Voce,
415 4496 469 4542 et
491 4486 628 4541 dixit
655 4501 669 4541 :
696 4486 836 4542 Ecce
865 4488 1034 4543 Deum
1053 4489 1228 4552 video,
1270 4502 1400 4543 ccee
1432 4491 1598 4543 Deum
1632 4490 1812 4543 video.

242 4571 579 4631 Laiifranciis
612 4591 911 4632 conversus
955 4577 1023 4630 ad
1058 4592 1240 4646 regem
1262 4617 1278 4642 ,
1311 4578 1390 4631 ait
1418 4594 1435 4631 :
1465 4576 1639 4632 Nolite
1690 4576 1817 4631 talia

245 4666 353 4732 pati
386 4666 592 4735 imponi
621 4666 803 4732 vobis;
832 4683 936 4721 non
963 4677 1090 4721 sunt
1120 4669 1235 4723 brcc
1272 4668 1531 4732 hominis,
1564 4669 1657 4723 sed
1686 4668 1814 4733 Dei;

239 4756 418 4822 jubete
439 4759 589 4815 illum
615 4761 816 4814 acriter
844 4759 1142 4823 verberari,
1166 4777 1235 4815 ne
1253 4761 1448 4815 audeat
1474 4776 1714 4829 unquam
1740 4771 1820 4816 ta-

245 4846 312 4903 lia
337 4850 554 4906 iterare.
587 4850 739 4917 Quod
766 4866 857 4904 rex
887 4850 1040 4921 juxta
1066 4852 1290 4907 verbum
1322 4851 1468 4906 illius
1490 4850 1606 4905 fieri
1633 4852 1815 4921 jussit.

316 4981 427 5050 (ιο)
462 4982 660 5038 Ειιι·ιιιιι
690 4984 906 5039 nomina
936 4996 1285 5042 recensentur
1315 4988 1367 5040 in
1409 4988 1645 5046 editione
1674 4986 1814 5044 Lab-

248 5050 535 5127 bcana_iibi
576 5056 677 5108 tria
726 5055 887 5127 hujus
932 5056 1143 5109 concilii
1186 5057 1511 5127 exemplaria
1538 5098 1552 5119 ,
1591 5057 1730 5111 sicut
1760 5066 1816 5111 et

249 5121 384 5190 apud
409 5121 813 5190 Spelinauiium,
838 5126 1122 5179 habentur.

281 5189 431 5271 ;.(4_l_)
462 5192 555 5247 Est
587 5195 726 5249 inter
753 5189 1037 5271 Laiifranci
1081 5196 1333 5271 epistolas
1362 5196 1614 5271 editionis
1642 5197 1815 5271 Aelii}-

255 5259 318 5313 rii
353 5259 455 5327 li;
495 5274 764 5335 eajaiitein
798 5279 961 5335 quam
989 5259 1321 5321 Laiifraiicus
1352 5268 1419 5322 ad
1447 5267 1663 5322 eosdem
1696 5265 1814 5335 epi-

254 5343 441 5402 scopos
470 5333 682 5402 scripsit
705 5341 789 5388 est
820 5334 906 5387 12.

282 5399 435 5471 (42)
483 5399 748 5458 Ονόςιιιιιιῐι
801 5402 987 5457 insulae
1036 5413 1162 5459 sunt
1208 5420 1432 5460 numero
1480 5405 1707 5460 circiter
1749 5405 1819 5458 50

256 5482 418 5538 prepe
456 5471 691 5544 _Scotiam
717 5515 731 5537 ,
771 5489 999 5543 quarum
1032 5475 1296 5544 principiia
1325 5484 1406 5529 est
1437 5474 1715 5542 Pomonia,
1764 5476 1817 5530 iii

256 5541 541 5615 quasedes
558 5551 649 5615 est
684 5541 874 5598 harum
908 5541 1475 5615 regionnm'episcopi.

326 5608 439 5678 (45)
496 5611 569 5684 l_bi
628 5608 1033 5684 cor-episcopum
1076 5608 1444 5684 tantummodo
1485 5615 1686 5670 sedisse
1736 5613 1819 5669 af-

261 5678 464 5753 flrmat_
490 5678 778 5739 Gervasius
830 5678 1251 5741 Dorobernensis
1302 5685 1353 5737 in
1398 5683 1548 5738 Actis
1604 5686 1819 5753 pontifi-

262 5756 380 5803 cum
425 5750 895 5811 Cantuaricusium
922 5795 935 5822 ,
982 5770 1100 5826 cap.
1149 5756 1213 5808 de
1244 5754 1299 5809 S.
1348 5754 1551 5825 l-le'cgo,
1583 5750 1668 5811 tibi
1710 5756 1818 5811 lucc

1886 567 2007 622 ideo
2045 570 2111 624 ab
2161 569 2352 640 angelo
2379 584 2666 639 percussus
2720 570 2927 626 interiit
2958 573 3099 642 quia,
3126 572 3464 629 adulatorum

1880 662 2064 728 verba,
2097 660 2225 731 quae
2247 665 2398 733 quasi
2424 656 2538 717 Deo
2564 663 2663 718 sibi
2689 663 3083 732 acclamabant,
3102 682 3210 723 non
3235 670 3463 739 respuit,

1878 754 1973 809 sed
2004 754 2236 824 suscepit
2275 753 2411 823 (Art.
2444 771 2506 819 ii,
2532 755 2627 819 22,
2660 755 2772 825 25).

1882 836 1887 839 ’
1950 844 2038 900 54.
2100 847 2191 919 (⁷³)
2247 846 2545 901 Ecclesiam
2590 846 2894 904 Rolfensem
2937 849 3049 918 ipse
3105 849 3468 912 instauravit,

1880 944 1935 991 et
1957 936 2008 990 in
2038 951 2100 992 ea
2131 938 2439 1007 episcopum
2487 937 2757 993 ordinavit
2805 939 2894 1010 (⁷⁸)
2926 939 3251 994 Beceensem
3286 957 3441 995 moiia

1882 1026 2067 1094 chum,
2096 1028 2315 1083 nomine
2364 1028 2713 1086 llernostum.
2759 1030 2817 1086 In
2856 1032 3016 1102 hujus
3063 1034 3472 1089 consecratione

1885 1121 2134 1176 inventus
2163 1129 2247 1176 est
2277 1118 2555 1190 Evangelii
2585 1135 2777 1175 versus
2812 1138 2826 1175 :
2870 1119 2986 1176 Cito
3028 1121 3256 1192 proferte
3284 1123 3473 1175 stolam

1883 1210 2106 1278 primam
2131 1208 2286 1281 (Luc.
2312 1225 2401 1275 xv,
2432 1210 2554 1278 22),
2580 1218 2693 1265 etc.
2713 1209 2865 1278 Quod
2896 1227 3017 1266 cum
3064 1212 3304 1267 audisset
3333 1212 3474 1266 Lau-

1888 1297 2405 1369 francus,,pr;edixit
2430 1300 2694 1354 eumcito
2726 1302 3075 1365 moriturum,
3099 1312 3154 1356 et
3184 1302 3265 1357 sic
3298 1316 3475 1356 conti-

1886 1388 1985 1456 glt.
2025 1385 2269 1457 Namque
2298 1389 2347 1442 ei
2398 1389 2447 1442 in
2499 1389 2811 1460 episcopatu
2867 1393 3125 1449 nonduin,
3156 1406 3474 1449 annocom-

1889 1475 2051 1546 pleto,
2084 1476 2176 1547 (⁷⁸)
2229 1464 2513 1533 decedenti
2564 1479 2832 1534 successit
2883 1479 3216 1544 Guiidulfiis,
3269 1491 3324 1535 et
3365 1482 3476 1550 ipse

1890 1572 2188 1626 monachus
2210 1568 2527 1639 B'eeeensis,
2559 1575 2649 1628 vir
2672 1574 2783 1629 Deo
2810 1575 3060 1629 amabilis
3089 1585 3143 1629 et
3174 1575 3474 1644 religiosus.

1889 1661 1978 1730 qui
2010 1663 2377 1730 perseveravit
2424 1677 2595 1733 usque
2625 1663 2693 1717 ad
2745 1674 2989 1734 tempora
3032 1664 3203 1719 sancti
3236 1663 3473 1717 Anselmi

1892 1763 1947 1808 et
1980 1754 2123 1822 regis
2163 1754 2401 1809 llenrici.
2447 1754 2736 1810 Abbatiam
2791 1770 3005 1825 quoque
3059 1755 3231 1809 sancti
3288 1754 3476 1808 Albani

1828 1838 1869 1892 Β
1900 1844 2139 1899 restituit
2194 1844 2248 1899 in
2302 1844 2592 1913 pristinum
2644 1854 2880 1909 statum;
2934 1844 3024 1916 (")
3058 1844 3108 1898 in
3150 1859 3253 1914 qua
3303 1845 3481 1912 posuit

1894 1936 2146 1991 abbatem
2213 1936 2336 2006 (M)
2387 1935 2610 1990 Paulum
2668 1936 3058 1992 Cadomensem
3108 1936 3433 1993 monachum
3464 1977 3477 1999 ,

1894 2028 1985 2097 qui
2019 2029 2089 2081 ibi
2147 2029 2392 2082 ordinem
2434 2038 2486 2083 et
2533 2027 2886 2085 ecclesiastici
2929 2026 3089 2082 oliicii
3142 2042 3295 2083 usum
3329 2026 3479 2080 insti-

1897 2120 2024 2186 tuit,
2060 2121 2201 2175 sicut
2232 2136 2458 2176 cernere
2490 2130 2769 2189 estusque
2804 2120 2984 2175 hodie.

2487 2212 2714 2269 CAPUT
2763 2212 2900 2269 XIV.
3476 2262 3477 2265 η

1967 2306 2058 2360 '55.
2093 2305 2334 2373 Quadam
2366 2305 2450 2359 die
2486 2305 2610 2358 dum
2650 2292 2871 2359 missam
2904 2303 3225 2369 celebraret,
3264 2312 3319 2357 et
3349 2316 3482 2355 vena

1900 2410 2011 2451 tuin
2059 2406 2205 2451 esset
2237 2397 2302 2449 ad
2346 2397 2533 2449 horam
2589 2411 2694 2463 qua
2737 2409 2933 2465 corpus
2973 2394 3184 2448 Domini
3235 2393 3480 2449 manibus

1902 2486 2132 2555 accepit,
2176 2485 2463 2548 diaconus,
2497 2485 2587 2554 qui
2620 2486 2685 2539 ad
2724 2486 2945 2543 missam
2983 2485 3095 2555 sibi
3117 2484 3483 2547 ministrabat,

1901 2592 2159 2645 pervasus
2197 2592 2224 2629 a
2258 2577 2501 2630 dieinonc
2533 2576 2764 2646 arripuit
2797 2577 3275 2649 archiepiscopum.
3308 2578 3484 2630 mani.

1900 2666 1999 2721 bus
2028 2682 2123 2736 per
2148 2666 2427 2736 scapulas;
2462 2668 2791 2721 venerabilis
2835 2669 3061 2723 antistes
3092 2668 3143 2721 in
3186 2666 3330 2721 nullo
3383 2678 3489 2725 tura

1899 2759 2078 2822 batiis,
2111 2756 2310 2812 reflexa
2344 2773 2504 2811 manu
2554 2757 2775 2812 dextera
2826 2774 2920 2828 per
2966 2758 3189 2828 capillos
3237 2773 3361 2812 eum
3406 2767 3485 2810 te-

1901 2851 2055 2913 nuit,
2118 2860 2171 2903 et
2228 2860 2363 2905 ante
2407 2851 2574 2921 pedes
2624 2864 2763 2905 suos.
2812 2851 3057 2909 adduxit.
3105 2850 3493 2907 Pcrcelcbrata

1902 2943 2090 3003 missa,
2123 2941 2175 2994 in
2210 2940 2426 2994 domum
2460 2940 2799 2997 inliriiiorum
2836 2938 3000 3007 jussit
3046 2940 3192 2995 illum
3243 2939 3488 3009 perduci,

1904 3031 1991 3085 tibi
2026 3047 2121 3100 per
2161 3030 2365 3100 aliquot
2406 3031 2522 3085 dies
2564 3032 2615 3083 in
2668 3031 2858 3084 eadem
2914 3031 3118 3085 insania
3170 3030 3499 3099 permansit.

1903 3121 2019 3177 Non
2051 3131 2229 3176 autem
2269 3121 2495 3175 multum
2543 3120 2689 3175 illum
2742 3122 2971 3175 vexabat
3019 3134 3352 3191 possessum,
3384 3121 3489 3173 nisi

1904 3215 2028 3282 quia
2073 3213 2125 3267 in
2170 3214 2405 3267 amentia
2458 3214 2707 3277 tenebat;
2762 3211 2975 3266 ridebat
3024 3226 3155 3266 vero
3195 3220 3504 3281 priesoutes

1902 3320 2027 3359 cum
2065 3304 2360 3368 cachinno,
2396 3304 2725 3373 respondens
2775 3302 2840 3357 ad
2881 3318 2943 3357 ea
2996 3318 3116 3375 quae
3146 3304 3489 3360 dicebantur.

1904 3394 2169 3449 Videbam
2217 3404 2395 3446 autem
2450 3393 2752 3462 quemdam.
2788 3400 3051 3447 tumorem
3110 3407 3204 3461 per
3248 3392 3501 3447 membra.

1904 3485 2293 3549 d’issilientem;
2335 3495 2389 3538 et
2418 3485 2462 3538 si
2513 3483 2637 3553 quis
2676 3482 2939 3537 voluisset
2965 3497 3183 3536 manum
3225 3482 3489 3548 superim-

1906 3592 2136 3647 ponere,
2160 3578 2343 3631 statim
2399 3576 2451 3630 iii
2493 3576 2657 3629 alium
2702 3574 2889 3630 locum
2912 3573 3223 3631 exhibebat.
3256 3571 3505 3643 Contigit

1908 3677 2089 3722 autem
2117 3667 2479 3724 venerabilem
2506 3665 2820 3735 praedictum
2848 3664 3176 3721 Gundulfum
3208 3664 3503 3735 pi'wstileiii

1912 3756 2243 3813 Boﬂ'cnsium
2276 3758 2503 3823 adesse,
2523 3757 2612 3826 qui
2645 3773 2766 3812 cum
2796 3757 3051 3813 voluisset
3085 3772 3301 3810 manuni
3334 3770 3498 3824 super

1912 3860 2179 3905 tumorem
2215 3849 2364 3904 illum
2415 3850 2715 3920 imponere,
2746 3849 2953 3905 desiliit
3002 3849 3291 3917 aliorsum,
3324 3855 3377 3903 et
3424 3849 3503 3901 ait.

1909 3942 2192 4011 episcopus
2224 3954 2237 3992 :
2270 3938 2479 3996 Revera
2517 3939 2641 3993 saiit
2671 3940 2811 3994 sicut
2858 3947 3033 3994 catus.
3073 3937 3371 4006 Respondit
3394 3939 3499 3992 die

1913 4051 2037 4090 mon
2072 4051 2086 4088 :
2120 4032 2235 4088 Non
2268 4042 2324 4088 ut
2353 4042 2531 4095 catus,
2562 4032 2654 4086 sed
2690 4040 2749 4085 ut
2794 4031 3029 4086 catulus.
3061 4029 3282 4085 Dicebat
3314 4036 3497 4083 autem

1906 4122 1982 4184 de
2010 4128 2332 4198 quibusdam
2364 4125 2604 4194 ejusdem
2648 4124 2748 4178 loci
2802 4122 3058 4178 fratribus
3104 4122 3351 4191 quaedam
3404 4136 3496 4172 ne-

1913 4218 2095 4273 fanda.
2154 4217 2305 4272 Tunc
2372 4216 2784 4270 nominavrriiiil
2838 4216 3146 4283 quemdam,
3204 4212 3493 4266 dicentes:

1914 4306 2178 4372 Quoniam
2209 4306 2277 4361 de
2326 4305 2415 4359 illo
2445 4319 2550 4358 non
2587 4305 2808 4358 haberet
2840 4302 2968 4369 quid
3018 4301 3244 4354 diceret.
3290 4301 3359 4351 At
3405 4298 3492 4373 ille

1918 4397 2082 4465 coepit
2123 4394 2392 4449 afﬁrmare
2426 4394 2552 4462 quia
2596 4405 2869 4460 nunquam
2904 4389 2993 4445 ille
3041 4403 3201 4458 quem
3248 4388 3498 4442 dixerant

1919 4488 2132 4542 auderit
2172 4488 2222 4541 in
2253 4485 2597 4556 praesentiam
2631 4483 2733 4554 15
2763 4498 2914 4538 suam
2948 4483 3151 4537 venire.
3186 4480 3338 4548 Quod
3369 4496 3491 4536 cum

1922 4582 2091 4635 frater
2141 4579 2403 4641 audisset,
2437 4577 2616 4631 timuit
2656 4592 2721 4631 iie
2769 4575 2908 4632 forte
2937 4575 3140 4645 aliquid
3172 4575 3273 4629 sibi
3307 4560 3523 4643 perpeé

1921 4687 2037 4726 rain
2081 4679 2290 4741 gestum
2322 4669 2735 4738 improperaret.
2786 4666 2938 4721 Tunc
2989 4665 3256 4736 sapientes
3307 4663 3499 4718 fratres

1919 4763 2185 4817 dederunt
2213 4760 2518 4824 consilium,
2552 4768 2629 4824 iit,
2663 4774 2783 4813 cum
2815 4758 3223 4828 arcliiepise0po
3248 4756 3495 4825 loquens,

1920 4870 2108 4925 puram
2169 4850 2567 4907 confessionem
2628 4850 2850 4912 faceret,
2905 4846 3150 4903 revelans
3201 4846 3275 4900 illi
3332 4855 3496 4899 totam

1922 4985 2083 5041 liabet
2111 5000 2125 5038 :
2163 4981 2394 5034 Habebat
2425 4980 2685 5051 quondam
2720 4978 3114 5051 Coiitiiariensis
3142 4976 3492 5051 oi'cfii'episco-i

1918 5071 2015 5123 pus
2046 5043 2447 5123 corepi'sropuiii'
2476 5050 2772 5123 quemdam,
2811 5049 2923 5123 qui
2954 5048 3007 5099 in
3058 5046 3273 5123 erefcsio
3318 5043 3499 5123 Sancti

1920 5115 2138 5175 Martini
2165 5115 2333 5173 'extro
2378 5115 2719 5172 Can'titnri'mn
2754 5115 3026 5180 monebat;
3057 5117 3146 5184 ιιιιί
3194 5115 3496 5184 adveniente

1922 5192 2222 5260 Lati/runco
2253 5189 2450 5260 deletus
2495 5199 2589 5251 est,
2621 5188 2751 5260 sicut
2784 5188 2969 5260 tibique
3010 5183 3269 5260 terrorum
3301 5183 3495 5260 factum

1920 5252 2049 5315 esse.
2072 5261 2387 5313 audiebatis.
2420 5259 2536 5325 Quo
2563 5274 2629 5312 ex
2668 5258 2783 5312 loco
2834 5252 3080 5311 videntur
3128 5252 3499 5323 cborepiscopi

1926 5346 2097 5398 usque
2123 5331 2189 5383 ad
2213 5330 2553 5383 undecimum
2581 5328 2835 5398 szeculum
2861 5339 3253 5398 perseverasse.

1997 5392 2111 5472 ('44)
2160 5400 2458 5472 Eadnierus
2492 5399 2614 5472 _lib._
2642 5414 2668 5472 _i_
2711 5392 2961 5472 Historiae
3010 5392 3279 5472 Novoriim
3330 5392 3501 5446 fusius

1929 5464 2103 5525 refert
2148 5469 2458 5523 monasterii
2488 5468 2546 5521 S.
2590 5468 2783 5521 Albani
2828 5464 3305 5527 restaurationem,
3337 5479 3496 5531 quam

1927 5538 2291 5599 Laufrancus,
2330 5538 2623 5593 constituto
2661 5537 2732 5591 ibi
2767 5534 2933 5589 Paulo
2961 5535 3155 5589 abbate
3180 5574 3194 5595 ,
3244 5549 3499 5587 consum-

1930 5611 2117 5663 mavit.
2152 5607 2418 5667 Caeterum
2452 5605 2516 5661 ad
2568 5609 2711 5660 hunc
2760 5605 2983 5660 Paulum
3033 5605 3253 5674 scripsit
3293 5604 3351 5657 S.
3382 5602 3499 5657 An-

1928 5680 2151 5741 seliuus,
2180 5687 2239 5731 ut
2266 5678 2365 5743 ipsi
2406 5678 2471 5731 de
2517 5676 2634 5744 ejus
2677 5675 2939 5730 electione
2971 5674 3355 5743 gratularetur,
3379 5688 3501 5743 qua:

1928 5749 2152 5821 cpistola
2184 5758 2263 5804 est
2298 5748 2349 5803 in
2381 5762 2518 5804 nova
2543 5746 2779 5802 editione
2801 5747 2889 5814 78,
2921 5745 3010 5802 lib.
3036 5760 3072 5799 ι.
