4034 6290
444 400 523 458 55
1081 396 1173 453 AD
1207 394 1414 451 VITAM
1460 396 1516 450 Β.
1560 392 1944 449 ΙΑΝΓΒᾹΝΟΙ
1984 390 2024 447 C

2137 343 2536 445 tUAtttENSIS
2573 386 3087 446 ARCIIIEPISCOPI
3414 426 3417 429 .
3665 381 3751 437 se

448 515 617 568 vitam
648 527 833 576 suun;
874 517 929 567 et
956 506 1035 567 sic
1068 510 1391 567 liducialiter
1420 526 1541 565 cum
1588 508 1948 571 absolutione,
1974 516 2028 563 et
2056 509 2103 568 Α
2134 506 2328 560 merito
2350 546 2364 567 ,
2401 521 2525 559 nam
2586 506 2638 558 in
2686 506 3097 559 consecratione
3147 502 3262 571 ejus
3315 511 3591 574 repertum
3651 508 3747 554 est

450 606 827 663 benedictione
852 603 999 673 ejus,
1030 604 1134 660 iret
1165 606 1233 659 ad
1281 604 1691 660 dtemoniacum.
1722 601 1831 658 Nec
1858 617 2030 666 mora,

460 692 580 752 iecit
637 695 778 766 quod
837 695 938 751 sibi
994 695 1424 759 consulebatur,
1473 703 1528 748 et
1587 709 1708 749 mox
1760 694 2033 763 ingressus

451 788 603 841 stetit
631 796 756 842 ante
785 802 929 841 eum.
964 786 1117 841 Tunc
1148 787 1237 857 qui
1270 785 1499 841 aderant
1532 784 1786 839 dicebant
1830 782 2030 837 damm-

453 879 653 934 niaco:
689 880 824 934 Ecce
858 880 1010 933 adest
1041 879 1125 933 cui
1156 878 1493 933 minitabaris
1519 917 1534 943 ,
1588 878 1675 932 die
1703 877 1746 931 si
1787 877 1915 947 quid
1968 878 2032 931 de

450 989 517 1026 co
559 975 720 1028 nosti.
750 973 815 1026 At
846 972 937 1026 ille
969 972 1020 1025 in
1054 988 1175 1025 cntu
1211 981 1363 1026 torvo
1403 980 1712 1041 respectans
1748 969 1926 1032 oculo,
1959 968 2034 1023 ait

449 1063 831 1119 cachinnans:
867 1063 972 1117 Pro
1028 1063 1170 1117 malo
1220 1063 1459 1126 homine,
1492 1062 1763 1132 quomodo
1802 1076 1864 1116 es
1891 1075 2036 1116 nunc

451 1152 734 1207 rebullitns
765 1163 819 1207 et
853 1153 1211 1208 candidatus?
1266 1152 1398 1220 Quis
1440 1161 1491 1207 te
1535 1152 1613 1207 sic
1669 1152 1937 1208 rebullivit
1978 1159 2034 1205 et

449 1242 756 1297 dealbavit?
807 1244 871 1298 Et
903 1260 1025 1299 cum
1081 1245 1149 1298 ab
1201 1245 1324 1301 aliis
1372 1255 1681 1315 urgeretur,
1726 1253 1783 1298 ιιι
1829 1246 2033 1300 diceret

448 1333 591 1401 quod
645 1341 804 1389 antea
850 1351 908 1389 se
957 1336 1225 1390 dicturum
1273 1336 1667 1401 minitabatur,
1723 1336 1859 1391 nihil
1914 1335 2032 1405 plus

448 1422 604 1475 dixit.
648 1421 802 1478 Unde
833 1423 994 1477 datur
1026 1422 1247 1494 intelligi
1289 1425 1414 1494 quia
1453 1426 1625 1480 virtus
1677 1424 2034 1480 confessionis

452 1522 505 1567 et
552 1513 912 1569 absolutionis
946 1515 1123 1569 aufert
1172 1516 1387 1570 diabolo
1423 1526 1513 1569 aut
1544 1517 1857 1570 memoriam
1904 1531 2024 1585 pec-

448 1603 579 1669 cati,
610 1604 676 1659 de
710 1620 819 1675 quo
849 1623 979 1676 pura
1024 1607 1293 1662 confessio
1342 1609 1478 1661 facta
1515 1607 1705 1670 fuerit,
1753 1615 1844 1661 aut
1885 1618 2034 1662 certe

447 1705 771 1764 potestatem
818 1697 1091 1752 hominem
1145 1701 1457 1754 accusamli.
1496 1699 1650 1754 Unde
1679 1700 1871 1753 beatus
1921 1698 2033 1751 Au-

447 1788 730 1854 gustinus:
765 1785 845 1851 Si,
879 1788 1071 1859 inquit,
1108 1788 1275 1844 fueris
1309 1789 1385 1843 tui
1420 1789 1587 1859 ipsius
1634 1799 1942 1854 accusator,
1979 1797 2035 1843 et

2137 596 2228 668 (⁸³)
2274 611 2436 666 super
2494 606 2656 667 caput
2702 594 2819 665 ejus
2874 595 3244 667 evangelicum
3301 595 3502 650 dictum
3539 610 3554 647 :
3592 592 3747 646 Date

2132 689 2552 760 elcetnosynam,
2615 700 2665 743 et
2721 705 2839 743 erce
2893 690 3069 742 omnia
3130 689 3327 742 munda
3400 696 3520 741 sunt
3583 682 3746 739 vobis

2137 779 2287 849 (an.
2318 797 2398 847 xt,
2428 780 2543 849 41).
2570 782 2713 852 quod
2767 781 2880 851 ipse
2918 790 3026 834 tota
3086 780 3373 835 devotione
3406 779 3589 833 facere
3612 787 3745 829 stn-

2134 876 2269 931 duit.
2300 875 2391 946 (⁸⁸)
2420 872 2849 944 Consanguineis
2882 871 3271 927 monachorum
3319 885 3543 926 suoqu
3585 865 3744 922 indi-

2135 966 2406 1033 gentibus,
2436 980 2601 1035 quam
2630 965 2885 1035 benigne,
2917 978 3081 1033 quam
3113 960 3439 1016 sufﬁcienter
3460 956 3741 1014 beneficia

2134 1050 2500 1125 impendebat.
2551 1052 2686 1110 Vere
2737 1061 2949 1123 poterat
2998 1052 3223 1107 dicere:
3255 1050 3331 1104 Ab
3368 1046 3742 1103 adolescentia

2134 1147 2288 1199 crevit
2318 1162 2518 1199 mecum
2548 1144 2814 1198 miseratio
2837 1143 2958 1214 (Job
3010 1157 3157 1205 xxxi,
3182 1138 3286 1211 l8).

2202 1239 2291 1293 57.
2318 1238 2530 1292 Interea
2561 1236 2796 1305 contigit
2827 1242 3077 1289 sanctum
3121 1232 3373 1287 abbatem
3423 1230 3585 1286 Becci
3616 1230 3740 1285 An-

2134 1331 2385 1393 selnmm,
2415 1329 2504 1399 qui
2533 1330 2691 1383 beato
2720 1327 2978 1383 llerluino
3009 1335 3371 1388 successerat,
3399 1323 3657 1377 transire.
3679 1321 3737 1375 in

2132 1422 2399 1493 Angliam,
2427 1431 2540 1476 tum
2569 1435 2666 1491 pro
2690 1418 3012 1474 utilitatibus
3062 1417 3317 1472 Ecclesiae
3342 1432 3478 1478 suze,
3511 1426 3628 1468 tum
3671 1421 3735 1466 ιιι

2134 1529 2256 1569 cum
2297 1513 2711 1583 archiepiscopo
2739 1512 3075 1581 loqueretur,
3102 1509 3192 1580 (⁸⁸)
3218 1506 3372 1575 cujus
3425 1504 3738 1575 alloquium

2133 1614 2188 1659 et
2242 1602 2525 1658 consilium
2586 1601 2812 1656 multum
2871 1602 3112 1655 amabat.
3166 1594 3233 1652 Et
3280 1596 3605 1668 perveniens
3659 1594 3737 1648 ad

2136 1695 2308 1760 illum,
2331 1710 2453 1750 cum
2479 1708 2676 1766 magno
2701 1708 2886 1747 amore
2908 1701 2963 1746 ct
2988 1691 3171 1746 debito
3196 1691 3403 1744 honore
3435 1696 3737 1755 susceptus

2136 1798 2238 1843 est.
2282 1788 2372 1858 (⁸⁸)
2402 1787 2645 1856 Cumque
2700 1785 2858 1840 simul
2902 1785 3273 1854 loquerentur,
3307 1790 3359 1835 ct
3383 1781 3448 1835 ad
3488 1780 3732 1835 invicem

448 1875 708 1931 Dominus
739 1877 1011 1932 liberator.
1058 1880 1188 1949 quid
1219 1882 1325 1935 erit
1355 1880 1463 1946 ille,
1498 1881 1601 1936 nisi
1632 1880 2034 1935 calumniator?
2070 1867 2110 1924 Β
2139 1879 2205 1933 de
2234 1877 2468 1932 diversis
2498 1875 2651 1947 plura
2698 1874 3041 1938 conferrent,
3089 1871 3360 1927 intimavit
3413 1871 3594 1925 abbati
3627 1880 3732 1923 an‘-

446 1966 577 2021 Post
606 1967 813 2037 aliquot
841 1970 980 2033 dies,
1016 1971 1123 2025 Deo
1161 1971 1479 2037 miserante,
1509 1980 1560 2024 et
1588 1986 1783 2040 magno
1806 1970 2033 2041 pra'sale

446 2051 758 2113 Lau'ranco
798 2074 920 2112 cum
974 2059 1201 2113 fratrum
1252 2071 1456 2114 sancta:
1505 2060 1650 2115 sedis
1696 2060 2033 2114 orat70nibus

447 2147 759 2216 adjuvante.
802 2149 1064 2206 liberatus
1113 2160 1197 2208 cst
1251 2152 1318 2207 ab
1364 2152 1453 2207 illa
1494 2162 1675 2224 peste,
1711 2161 1764 2205 et
1794 2153 2033 2223 pristiam

444 2239 732 2294 restitutus
768 2251 850 2295 est
885 2243 1125 2296 sanitati.
1179 2242 1314 2307 lloc,
1347 2243 1507 2297 beato
1550 2242 1808 2297 Auselmo
1856 2242 2035 2297 archi-

446 2332 675 2400 prtcsule
706 2333 995 2399 referente,
1030 2352 1153 2390 cmn
1194 2335 1315 2390 aliis
1345 2336 1589 2404 pluribus
1616 2336 1817 2390 audivi.

1045 2424 1272 2480 CAPUT
1312 2425 1424 2480 XV.

520 2512 610 2568 56.
642 2513 734 2583 (⁷⁷)
764 2513 993 2581 Quando
1041 2515 1310 2586 gloriosus
1354 2533 1445 2571 rex
1492 2518 1809 2572 Vuillelmus
1853 2536 2034 2573 mora-

445 2603 609 2657 batur
638 2606 690 2659 itt
720 2604 1080 2669 Normannia,
1136 2605 1478 2663 LanfrattCus
1541 2621 1658 2663 crat
1686 2612 1934 2681 princeps
1979 2622 2029 2665 et

447 2705 631 2751 custos
657 2698 888 2767 Anglia},
921 2698 1185 2768 subjectis
1236 2700 1337 2754 sibi
1391 2702 1643 2756 omnibus
1673 2704 2029 2773 principibus,

444 2795 499 2841 et
529 2788 848 2855 iuvantibus
876 2789 928 2843 in
961 2790 1046 2846 ltis
1095 2805 1214 2859 qtuc
1242 2791 1307 2845 ad
1336 2792 1725 2855 dcfcusionmn,
1754 2806 1807 2847 ct
1847 2795 2030 2864 dispo-

443 2880 719 2944 sitionem,
744 2882 827 2938 vel
857 2897 1048 2952 pacem
1106 2884 1451 2952 pertinebant
1502 2886 1676 2955 regni,
1730 2887 2027 2959 se-undum

443 2976 591 3045 leges
646 2972 855 3042 patrim.
907 2973 999 3051 (⁷³)
1051 2973 1294 3033 Lectioni
1325 2984 1443 3028 erat
1501 2976 1768 3037 assiluus,
1812 2988 1865 3031 ct
1902 2987 2031 3030 ante

442 3069 835 3139 episcopatum,
886 3080 942 3125 et
996 3073 1048 3126 in
1090 3071 1426 3142 episcopatu,
1474 3078 1733 3135 quantum
1790 3078 2025 3137 poterat.

446 3159 511 3213 Et
535 3161 658 3230 quia
700 3159 995 3232 Scriptura:
1047 3165 1382 3235 scriptorum
1418 3160 1550 3219 vitio
1594 3176 1751 3220 erant
1797 3168 2020 3221 nitrisnt

2138 1971 2297 2026 tistes
2340 1969 2748 2025 Cantuariensis
2779 1967 2938 2036 quasi
2968 1964 3371 2036 conqueremlo,
3429 1964 3577 2034 quod
3620 1964 3728 2018 ho-

2136 2064 2310 2117 mines
2335 2062 2477 2116 illius
2504 2061 2692 2131 patriae
2722 2060 2967 2115 colerent
3007 2059 3268 2129 quosdam
3300 2067 3552 2121 sanctos,
3584 2073 3737 2127 qms

2135 2155 2354 2209 illeuon
2402 2152 2701 2215 all'ectaret,
2731 2162 2785 2207 et
2816 2153 3073 2215 maxime,
3131 2152 3229 2214 ait,
3289 2150 3378 2222 (⁵⁸⁷)
3424 2150 3728 2220 quemdam

2136 2243 2378 2316 Elfegum
2407 2243 2519 2313 (46)
2553 2242 2713 2312 hujus
2740 2243 2886 2297 sedis
2912 2240 3373 2312 arcltiprmsulctn,
3405 2254 3566 2309 quem
3613 2255 3724 2294 non

2135 2336 2308 2392 solum
2342 2336 2482 2391 inter
2510 2344 2751 2397 sanctos,
2783 2334 2877 2389 sed
2929 2343 2986 2389 et
3035 2333 3178 2388 inter
3207 2343 3479 2404 martyres
3528 2347 3728 2387 numeo

2136 2446 2260 2484 rare
2290 2429 2651 2493 contendunt,
2706 2443 2828 2483 cum
2866 2434 3081 2481 constet
3117 2425 3263 2479 ilhtm
3311 2440 3423 2479 non
3468 2439 3573 2494 pro
3619 2422 3730 2479 lida

2135 2520 2356 2584 Christi,
2381 2521 2475 2575 sed
2503 2519 2628 2590 quia
2654 2519 2723 2573 ab
2759 2519 3017 2583 inimicis,
3048 2533 3076 2571 a
3105 2518 3302 2589 quibus
3342 2526 3532 2587 captus
3566 2527 3723 2572 tene-

2137 2614 2318 2677 batur,
2379 2628 2438 2667 se
2490 2612 2759 2668 redimere
2806 2611 3085 2675 noluerit,
3114 2611 3496 2679 interemptum
3531 2608 3724 2666 fuisse.

2132 2705 2213 2759 Ad
2270 2705 2383 2759 lure
2422 2705 2716 2759 Anselmus
2748 2703 2907 2774 hujus
2935 2705 3113 2758 reddit
3159 2704 3447 2757 rationem.
3497 2703 3724 2759 Certum

2130 2806 2233 2857 est,
2267 2796 2460 2865 inquit,
2502 2797 2628 2865 quia
2670 2795 2717 2851 is
2744 2796 2859 2866 qui,
2904 2810 2969 2848 ne
2994 2794 3184 2849 leviter
3231 2794 3507 2863 peccando
3552 2795 3726 2849 Deum

2130 2886 2381 2947 ollemlat,
2418 2889 2551 2943 meri
2598 2904 2700 2942 non
2730 2888 2960 2952 dubitat,
3002 2882 3381 2957 multo’magis
3423 2887 3561 2942 mori
3610 2904 3725 2941 una

2130 2979 2402 3037 dubitaret
2457 2982 2767 3054 priusquam
2828 2982 3009 3051 aliquo
3078 2982 3226 3051 gravi
3274 2989 3496 3050 peccato
3550 2980 3719 3034 Deum

2130 3077 2504 3130 cxacerharet.
2535 3076 2593 3129 Et
2625 3090 2811 3129 revera
2844 3072 3065 3142 gravius
3093 3080 3175 3126 est
3207 3071 3483 3125 Christum
3519 3085 3725 3139 negare

2131 3183 2291 3236 quam
2318 3167 2553 3236 aliquem
2603 3180 2700 3235 pro
2743 3168 2837 3218 sua
2887 3162 3284 3232 redemptinne,
3314 3161 3565 3216 homines
3590 3176 3723 3216 suos

441 3261 731 3320 corruptae.
787 3269 975 3309 omnes
1012 3264 1120 3310 tam
1166 3256 1378 3312 Veteris
1436 3273 1599 3327 quam
1647 3258 1777 3313 Novi
1839 3258 2020 3313 'frsta-
2052 3241 2095 3300 (εἶ
2129 3258 2402 3312 ablatione
2453 3257 2694 3327 ipsorum
2735 3256 2978 3325 pecuni-.c
3022 3256 3087 3309 ad
3140 3255 3410 3309 modicum
3452 3269 3722 3319 gravare;

446 3345 613 3398 menti
645 3344 842 3408 libros,
873 3361 970 3402 nec
1000 3363 1103 3402 non
1144 3349 1310 3405 etiam
1342 3351 1541 3419 scripta
1574 3361 1886 3405 sanctorum
1926 3351 2025 3405 l’a-

446 3443 611 3499 trttm,
647 3436 739 3508 (⁷³)
763 3438 1060 3493 secundum
1090 3440 1447 3495 orthodoxam
1485 3441 1641 3495 tidem
1666 3441 1869 3496 studuit
1900 3457 2025 3496 cor-

444 3526 620 3597 rigere
650 3528 784 3599 (45).
820 3529 886 3585 Et
914 3530 1080 3585 etiam
1127 3530 1293 3585 multa
1351 3530 1419 3585 de
1475 3533 1560 3588 his
1597 3534 1792 3602 quibus
1822 3533 2028 3587 utimur

444 3625 604 3672 nocte
631 3626 686 3671 et
730 3619 819 3673 die
859 3618 912 3673 in
941 3620 1164 3675 servitio
1212 3620 1466 3676 Ecclesiae
1493 3622 1558 3675 ad
1587 3639 1820 3693 ttngttettt
1843 3639 2027 3677 emen-

443 3708 611 3775 davit,
641 3709 830 3766 ethoc
880 3726 986 3766 non
1041 3722 1248 3767 tantum
1304 3729 1406 3783 per
1452 3728 1531 3777 se,
1578 3715 1670 3770 sed
1719 3715 1889 3770 etiam
1932 3731 2030 3785 per

442 3800 739 3871 discipulos
786 3816 915 3855 suos
944 3800 1091 3857 fecit.
1124 3802 1238 3869 Qua
1267 3805 1334 3858 dc
1375 3820 1563 3867 causa,
1590 3814 1649 3859 ut
1680 3805 1732 3858 in
1762 3806 2027 3874 principio

435 3892 549 3961 jam
574 3893 778 3947 dictum
814 3902 917 3960 est,
943 3894 1033 3965 (⁸ο)
1079 3896 1271 3949 merito
1299 3894 1443 3950 illum
1473 3894 1740 3949 Latinitas
1777 3910 1898 3949 cum
1927 3896 2025 3948 ho-

444 3998 579 4038 nore
615 3992 670 4038 et
713 3999 898 4039 amore
929 3998 1220 4041 veneratur
1266 3989 1605 4059 magistrum.
1668 3986 1836 4054 llujns
1885 4004 2028 4041 cout-

442 4076 805 4132 meudationis
843 4077 1093 4133 claritate
1141 4079 1321 4135 omnis
1366 4079 1575 4135 occidui
1606 4060 1755 4134 orbis
1781 4079 2023 4134 Ecclesia

442 4173 554 4219 tam
579 4164 859 4221 Gallicana
886 4184 1050 4238 quatn
1073 4167 1297 4239 Auglica
1325 4168 1525 4238 gaudet
1555 4183 1615 4223 se
1644 4168 2028 4225 illuminatata.

440 4256 519 4312 lta
553 4257 656 4315 fuit
678 4259 919 4317 liberalis
952 4261 1297 4318 tttdiceretur
1320 4260 1408 4332 (⁸⁸)
1440 4260 1643 4316 nullum
1680 4271 1788 4315 tam
1815 4244 2025 4332 largum

443 4355 513 4409 de
544 4354 697 4411 Italia
751 4356 1168 4429 Longohardum
1209 4374 1488 4431 egressum
1543 4357 1736 4414 fuisse.
1787 4359 1914 4413 Erat
1961 4375 2023 4414 ea

443 4455 767 4517 tempestate
801 4450 1163 4504 transmarina
1214 4452 1365 4521 regio
1416 4452 1575 4522 plena
1634 4462 1691 4507 et
1743 4452 2026 4508 abundans

2129 3352 2398 3421 sedquod
2458 3350 2637 3404 minus
2675 3359 2759 3403 est
2796 3348 3015 3417 Elfegus
3071 3346 3252 3401 facere
3306 3347 3498 3401 noluit.
3554 3346 3724 3401 Multo

2129 3444 2296 3512 igitur
2320 3443 2498 3498 minus
2526 3441 2804 3497 Christum
2832 3448 3082 3511 negaret,
3110 3440 3153 3495 si
3189 3454 3388 3495 vesana
3420 3439 3572 3511 plebs
3592 3455 3725 3494 eum

2129 3536 2195 3590 ad
2256 3537 2355 3592 hoc
2415 3544 2651 3590 mortem
2700 3534 3019 3589 intentando
3081 3533 3503 3602 constringeret.
3564 3531 3719 3587 Unde

2128 3630 2287 3684 datur
2318 3627 2543 3697 intelligi
2575 3635 2774 3697 quanta
2826 3626 2908 3681 vis
2934 3626 3165 3691 justitite
3186 3636 3377 3696 peetus
3419 3624 3538 3691 eius
3589 3641 3719 3695 pos-

2128 3721 2351 3781 sederit,
2379 3719 2594 3788 quando
2625 3720 2789 3774 vitam
2824 3718 2935 3789 16
2954 3733 3111 3772 suam
3148 3718 3338 3771 maluit
3362 3717 3494 3771 dare
3521 3734 3713 3787 quam,

2128 3821 2311 3880 spreta
2343 3810 2629 3873 charitate,
2677 3810 2961 3880 proximos
3007 3824 3135 3863 suos
3174 3807 3565 3863 scandalizare.
3602 3807 3725 3865 Nec

2130 3903 2423 3975 immerito,
2451 3912 2511 3956 ut
2539 3917 2684 3966 reor,
2719 3903 2858 3956 inter
2894 3910 3165 3971 martyres
3223 3909 3596 3972 computatur,
3624 3902 3719 3971 qui

2131 4010 2227 4065 pro
2251 3994 2460 4062 iustitia
2493 4003 2720 4049 mortem
2779 4004 2973 4063 sponte
3028 3994 3332 4061 suscepisse
3372 3992 3717 4063 przedicatur.

2130 4085 2265 4140 Nam
2308 4096 2364 4141 et
2396 4086 2589 4141 beatus
2633 4083 2870 4141 Joannes
2924 4084 3188 4155 Baptista,
3232 4100 3394 4154 quem
3452 4091 3562 4137 tota
3622 4083 3723 4138 Dei

2130 4180 2369 4234 Ecclesia
2418 4179 2745 4248 praecipuum
2775 4189 3072 4249 martyrem
3114 4177 3287 4232 credit
3316 4186 3371 4230 et
3399 4188 3715 4239 veneratur,

2131 4272 2387 4340 nonquia
2412 4271 2686 4326 Christum
2715 4284 2932 4340 negare,
2988 4269 3081 4323 sed
3110 4269 3236 4338 quia
3267 4282 3365 4337 pro
3396 4266 3725 4323 defensioue

2129 4362 2262 4431 legis
2286 4362 2480 4415 divina:
2510 4361 2792 4414 veritatem
2850 4359 3014 4413 noluit
3051 4368 3255 4421 tacere,
3283 4359 3348 4411 ad
3389 4368 3573 4412 votum
3607 4359 3718 4412 sal-

2132 4453 2341 4508 tatricis
2367 4452 2541 4522 capite
2564 4451 2754 4521 plexus
2783 4459 2883 4505 est.
2919 4450 2987 4504 Et
3008 4451 3137 4518 quid
3179 4450 3345 4503 distat
3371 4464 3470 4519 pro
3496 4448 3712 4517 justitia

441 4539 694 4594 omnilms
752 4540 909 4595 bonis
948 4556 1069 4610 qua:
1123 4542 1264 4597 Deus
1298 4544 1364 4596 ad
1398 4543 1690 4599 utilitatem
1742 4544 2029 4600 hominum
2057 4592 2100 4613 ,ι
2130 4548 2294 4607 mori,
2326 4546 2417 4601 vel
2441 4546 2575 4600 mori
2603 4560 2700 4613 pro
2724 4544 2991 4598 veritate?
3016 4544 3262 4606 Constat,
3291 4551 3521 4597 testante
3550 4558 3719 4597 sacro

441 4632 680 4697 creavit;
718 4632 833 4703 ipse
859 4649 1076 4704 quoque
1119 4634 1561 4706 archiepisc0pus
1609 4636 1812 4692 ditatus
1842 4636 2024 4691 multis

443 4722 875 4793 possessionibus
920 4725 1157 4797 locuples
1180 4737 1319 4781 erat.
1356 4727 1551 4781 Verum
1596 4728 1784 4797 quanti
1818 4728 2022 4798 pende-

445 4824 530 4871 ret
562 4815 687 4881 ista,
738 4816 791 4871 in
841 4818 944 4873 hoc
969 4820 1265 4889 apparebat
1292 4821 1456 4888 quod,
1487 4829 1749 4889 quantum
1788 4830 2024 4890 poterat,

443 4917 824 4979 paupertatem
854 4911 1123 4965 retinebat
1155 4912 1205 4964 in
1230 4911 1438 4967 vilitate
1480 4912 1718 4975 habitus,
1756 4914 2025 4982 parcimu-

442 4998 591 5053 niam
627 5006 817 5054 tenens
835 4998 975 5055 inter
1005 5000 1349 5057 mtdtitnodas
1371 5000 1613 5056 delicias.
1633 5001 1796 5057 Multa
1813 5019 2027 5073 quoque

442 5098 497 5145 et
523 5106 714 5162 magna
746 5089 1113 5147 oﬂ'ercbantur
1142 5093 1243 5147 sibi
1289 5092 1453 5157 dona,
1500 5110 1623 5163 qua:
1663 5094 1754 5149 ille
1776 5094 2057 5150 hilariter.

442 5183 760 5253 rogantibus
789 5198 868 5248 se,
901 5184 985 5238 vel
1035 5184 1397 5255 indigentibus
1437 5185 1729 5241 tribuebat.
1758 5184 2025 5257 (")-Pau-

440 5275 662 5340 peribus
687 5290 904 5343 quoque
936 5285 1055 5329 erat
1091 5276 1164 5329 ita
1188 5277 1440 5347 dapsilis,
1498 5288 1555 5332 ιιι
1604 5278 1926 5350 quingentas
1956 5279 2022 5334 li-

440 5363 568 5420 bras
588 5366 878 5435 q-zotanuis
925 5366 977 5422 in
1024 5366 1421 5440 elccmOsynam
1452 5385 1707 5442 erogasse
1733 5370 1946 5426 dicatur
1969 5378 2024 5425 et

513 5478 626 5544 (45)
694 5479 883 5534 Exstat
938 5480 991 5536 in
1058 5480 1382 5537 bibliotheca
1452 5484 1765 5538 monasterii
1846 5476 2051 5539 nostri

441 5549 572 5621 8.7M
594 5551 737 5621 tl‘lllli
769 5552 1062 5621 Sagiensis.
1078 5554 1244 5607 codex
1272 5570 1375 5609 ms.
1402 5554 1748 5608 collationum
1772 5552 2017 5608 Cassiani

442 5636 470 5671 a
502 5620 661 5695 beato
687 5620 993 5695 lfanfranco
1018 5625 1357 5695 emendatus.
1392 5623 1533 5695 quod
1563 5633 1710 5693 patet
1739 5638 1805 5676 ex
1835 5624 2017 5695 notula

442 5691 727 5756 tnarginali
754 5692 921 5761 ipsius
951 5710 1110 5748 manu
1143 5694 1341 5764 scripta
1369 5711 1381 5746 :
1409 5691 1539 5746 ’an
1565 5691 1728 5764 usque
1751 5709 1843 5761 ego
1871 5691 2021 5746 Lan-

470 5776 659 5831 rancus
710 5765 937 5831 rorrcxi.
996 5766 1072 5819 Dc
1118 5763 1304 5818 eadem
1358 5779 1416 5815 re
1467 5763 1783 5831 praeclarum
1840 5771 2019 5816 exsttt

475 5829 681 5887 lattluci
707 5830 877 5886 l‘aris.
903 5834 1268 5888 testimonium
1292 5834 1344 5886 in
1370 5829 1601 5887 Historia
1624 5832 1923 5903 Anglorum
1950 5832 2015 5886 ad

2127 4640 2363 4709 eloquio,
2393 4639 2525 4708 quia.
2572 4639 2770 4692 veritas
2816 4645 2871 4690 et
2919 4634 3127 4704 justitia
3165 4634 3415 4689 Christus
3441 4643 3543 4689 est.
3593 4634 3722 4704 Ipse

2128 4730 2272 4784 enim
2303 4728 2433 4782 dicit
2461 4742 2476 4781 :
2507 4725 2619 4797 Ego
2649 4743 2766 4781 sum
2790 4727 2980 4781 veritas
3016 4726 3195 4795 (Joan.
3230 4741 3345 4791 xlv,
3374 4725 3451 4795 6).
3482 4725 3547 4779 Et
3571 4726 3718 4797 Apo-

2128 4822 2325 4875 stolus:
2356 4818 2595 4874 Christus
2624 4818 2795 4887 factus
2843 4829 2916 4871 est
2967 4818 3112 4871 nobis
3156 4834 3187 4870 a
3226 4817 3333 4872 Deo
3365 4817 3627 4886 sapientia
3664 4828 3714 4872 et

2122 4913 2331 4983 jnstitia
2360 4910 2409 4979 (1
2442 4911 2564 4964 Cor.
2599 4926 2635 4975 ι,
2660 4909 2773 4980 30).
2801 4909 2901 4977 Qui
2930 4924 3059 4980 ergo
3083 4926 3177 4979 pro
3215 4913 3444 4964 veritate
3470 4917 3525 4964 et
3550 4908 3715 4978 justi-

2135 5005 2204 5057 tia
2240 5004 2488 5065 moritur,
2537 5017 2635 5071 pro
2677 5001 2898 5056 Christo
2936 5001 3196 5064 moritur;
3232 5000 3331 5070 qui
3375 5010 3557 5054 autem
3612 5015 3729 5069 pro

2133 5096 2351 5150 Christo
2386 5093 2640 5156 moritur,
2688 5090 2936 5146 Ecclesia.
2983 5098 3140 5153 teste,
3198 5098 3408 5160 martyr
3461 5088 3711 5144 habetur.

2133 5189 2330 5244 Beatus
2378 5202 2509 5243 vero
2558 5183 2970 5252 Elfcgits,zequc
3013 5178 3368 5251 projustitia.
3398 5188 3456 5233 ut
3488 5190 3719 5235 sanctus

2131 5281 2367 5337 Joannes
2405 5294 2504 5348 pro
2533 5277 2781 5339 veritate,
2827 5289 3023 5344 passus
3078 5281 3177 5328 est.
3201 5273 3312 5327 Cur
3343 5286 3474 5342 ergo
3499 5270 3619 5341 plus
3647 5271 3722 5326 de

2132 5374 2293 5427 unius
2327 5385 2490 5442 quam
2543 5370 2610 5423 de
2658 5367 2881 5422 alterius
2935 5380 3067 5421 vero
3115 5371 3412 5434 sanctoque
3451 5365 3713 5435 martyrio

2128 5500 2219 5537 an.
2252 5481 2411 5545 {089,
2454 5478 2544 5535 ubi
2594 5480 2713 5533 haec
2764 5478 2963 5533 habet.:
2996 5474 3195 5530 Eo’dem
3226 5492 3363 5529 anno
3388 5475 3513 5528 obiit
3564 5473 3708 5528 Lan-

2130 5554 2367 5622 [νηπίσυς.
2411 5590 2425 5604 .
2464 5589 2534 5622 _._.
2578 5548 2673 5622 qui
2729 5548 2935 5622 lectioni
2996 5548 3208 5622 assidue
3264 5546 3492 5622 uocauit,
3550 5545 3712 5599 libros

2144 5621 2338 5675 Veteris
2363 5638 2424 5673 ac
2452 5617 2589 5673 Novi
2618 5615 2933 5672 Testamenti
2955 5616 3269 5680 scriptorum
3288 5615 3410 5669 vitio
3435 5624 3719 5681 corruptos

2130 5694 2389 5760 corrigere
2437 5688 2659 5760 studuit,
2713 5685 2865 5760 cujus
2896 5685 3274 5760 emendationis
3300 5687 3569 5760 lttce,__t_mn
3598 5684 3713 5760 An;-

2130 5753 2333 5829 glortiin
2366 5753 2787 5829 Ecclesiaiqttant
2816 5754 3187 5829 Calleruma‘e
3204 5754 3396 5829 gaudet
3426 5753 3703 5808 illustrari.

2202 5832 2218 5901 ζ
2234 5830 2315 5902 l6)
2348 5830 2421 5883 Do
2447 5844 2511 5884 co
2543 5822 2750 5897 egimus
2771 5824 2841 5879 ad
2862 5838 3060 5877 annum
3100 5822 3252 5876 1019..
