3954 6306
147 400 214 464 57
826 392 831 395 ’
908 404 1069 461 non.
1104 400 1315 460 eum:
1359 401 1675 459 DACliEl‘dl
1717 400 1921 457 seu
1961 402 2047 457 ET
2086 366 2674 461 oescnvATIOstzs.
2758 363 2800 373 ”
3332 358 3405 466 5s

144 522 371 592 quisque
406 514 668 587 ambigat,
711 506 834 573 cum
877 532 972 588 par
992 532 1154 573 causa
1193 517 1246 570 in
1278 513 1468 569 mortis
1493 529 1715 584 perpes-
1748 526 1792 582 Α
1823 513 1960 567 male
1992 514 2126 568 mori
2160 513 2249 583 qui
2282 514 2419 569 bene
2443 514 2658 568 vixerit.
2710 512 2817 569 Nec
2864 517 3095 587 putanda
3130 526 3214 573 est
3259 519 3399 575 mala

146 610 295 665 sione
330 615 621 677 utrumque
646 606 921 662 detineat?
957 608 1194 662 Audiens
1222 609 1325 662 hoc
1360 606 1717 671 Lanl'rancus,

146 707 422 770 gratanter
465 697 730 752 rationem
778 698 1085 768 approbans
1140 699 1371 767 accepit,
1407 697 1723 752 collandans

146 790 246 843 viri
288 787 610 857 sapientiam
638 796 692 842 et
722 791 1085 859 perspicacem
1125 790 1323 858 ingenii
1368 790 1721 845 subtilitatem

147 879 297 933 ﬁrma
335 880 566 932 veritate
593 880 902 934 subnixam.
933 880 998 934 Et
1018 879 1275 949 deinceps
1305 889 1553 936 sanctum
1578 878 1723 935 Elie-

147 984 286 1037 gum,
316 976 375 1021 ut
403 983 528 1022 vere
570 985 824 1040 magnum
855 980 911 1025 et
959 981 1253 1041 martyrem
1297 972 1615 1043 gloriosum,
1637 974 1725 1028 de-

146 1069 264 1113 vote
289 1068 579 1114 veneratus
608 1073 715 1115 εει.

216 1150 300 1206 '58.
332 1151 541 1205 Interea
574 1152 803 1207 relatum
843 1161 925 1206 cst
956 1153 1055 1223 ipsi
1083 1153 1392 1209 Lanl'ranco
1415 1142 1557 1224 quod
1587 1169 1723 1225 prae.

156 1252 471 1298 memoratus
501 1243 669 1299 abbas
701 1244 1010 1311 Anselmus,
1050 1262 1154 1300 una
1210 1255 1367 1302 nocte
1394 1240 1514 1316 po-t
1544 1255 1723 1301 rnatu-

156 1334 535 1405 tinasvcniens
576 1337 643 1389 ad
682 1336 881 1391 hctum
916 1353 1097 1403 suum,
1137 1338 1341 1392 invenit
1367 1339 1418 1391 in
1460 1354 1524 1393 eo
1551 1354 1724 1393 annu-

150 1424 255 1478 lmn
289 1440 546 1493 aureum;
584 1427 736 1496 prius
760 1443 922 1482 cruce
955 1428 1155 1482 Christi
1210 1429 1453 1497 signans,
1481 1444 1548 1484 ne
1583 1430 1722 1484 lorle

147 1513 315 1569 illusio
339 1516 644 1570 daamonum
674 1527 842 1578 esset,
870 1519 1083 1588 accepit
1115 1518 1264 1573 illum
1280 1535 1408 1575 vere
1436 1521 1719 1583 annulum,

144 1616 194 1661 et
228 1606 463 1661 ostendit
488 1608 740 1663 omnibus
796 1624 890 1679 per
921 1626 1150 1679 quorum
1181 1627 1374 1666 manus
1405 1628 1490 1668 res
1529 1627 1720 1666 mona-

140 1698 283 1751 sterii
311 1698 646 1764 transibant;
678 1709 732 1752 et
764 1699 943 1755 nullus
969 1700 1145 1755 fassus
1171 1711 1256 1756 est
1310 1717 1369 1758 se
1410 1701 1559 1756 illum
1596 1717 1718 1771 per-

139 1787 354 1843 didisse.
412 1790 615 1843 Deinde
640 1791 888 1844 venditus
938 1801 1022 1846 est
1072 1792 1327 1859 annulus,
1370 1802 1424 1847 et
1481 1795 1531 1847 in
1563 1809 1720 1848 usum

138 1875 362 1947 h-atrum
402 1893 693 1947 expensus.
729 1878 881 1946 Quod
913 1896 1039 1935 cum
1086 1883 1331 1938 audisset
1353 1882 1723 1952 archiepisco-

136 1982 251 2037 pus,
282 1966 543 2023 referenti
576 1969 678 2024 sibi
712 1972 990 2041 respondit
1014 1988 1028 2025 :
1052 1972 1369 2029 Ccrtissime
1396 1974 1541 2029 scias
1568 1973 1716 2028 illum

136 2070 256 2130 post
283 2078 370 2116 me
395 2062 636 2117 futurum
666 2065 1332 2135 archiepiscopum.Sicut
1360 2067 1615 2137 praedixit
1645 2067 1719 2121 ita

133 2151 378 2207 evenisse
401 2153 624 2210 scimus.

198 2241 291 2295 '59.
323 2241 453 2297 Haec
483 2244 549 2297 de
576 2252 726 2299 tanto
754 2244 871 2300 viro
913 2260 1180 2315 perpauca
1213 2247 1418 2302 inculto
1468 2263 1720 2303 sermone

132 2328 273 2383 dicta
301 2330 435 2384 sint.
470 2330 666 2385 Verum
720 2342 774 2387 et
814 2349 879 2388 ea
899 2350 1021 2403 qua:
1059 2335 1300 2389 diximus
1332 2337 1398 2391 de
1440 2337 1551 2399 illo,
1589 2352 1720 2392 vera

132 2419 440 2486 credimus;
468 2432 522 2475 et
562 2422 714 2492 plura
745 2423 830 2478 his
853 2438 951 2494 per
987 2425 1217 2494 gratiam
1248 2426 1339 2480 Dei
1366 2424 1514 2480 illum
1547 2427 1726 2497 egisse

132 2528 235 2567 non
281 2512 619 2568 dubitamus.
648 2514 782 2570 Nam
838 2533 869 2571 a
936 2526 1181 2587 tempore
1214 2533 1324 2573 sum
1353 2520 1726 2575 conversionis

135 2612 246 2657 toto
293 2604 480 2659 animo
533 2621 753 2675 cperam
805 2608 947 2663 dedit
1010 2608 1254 2679 religioni
1313 2619 1369 2663 et
1394 2625 1609 2680 semper
1655 2611 1723 2664 ad

137 2698 364 2754 meliora
414 2701 665 2767 tendens,
713 2703 779 2757 de
826 2702 1029 2758 virtute
1076 2704 1131 2758 in
1160 2704 1417 2758 virtutem
1455 2704 1724 2773 prolicere

136 2792 359 2848 studuit.
393 2792 527 2860 Quis
556 2793 716 2865 digne
746 2802 927 2865 potest
964 2811 1227 2850 enarrare
1277 2794 1395 2865 ejus
1442 2796 1723 2867 sapientiae

136 2884 466 2950 claritatem,
483 2884 680 2956 ingenii
702 2887 1072 2953 subtilitatem,
1102 2888 1284 2944 cordis
1307 2890 1721 2959 benignitatem,

138 2974 411 3030 industriae
441 2977 786 3046 probitatem,
833 2979 1001 3034 animi
1046 2981 1373 3050 puritatem?
1422 2981 1546 3037 Fuit
1575 2983 1722 3038 enim

136 3062 410 3120 alacritate
452 3062 746 3134 iucundus,
781 3068 1085 3124 humilitate
1132 3070 1461 3135 submissus;
1494 3072 1545 3125 in
1577 3071 1723 3125 elec-

138 3156 370 3228 mosynis
413 3155 621 3227 largus,
682 3159 786 3213 ﬁde
838 3159 1161 3224 catholicus,
1214 3158 1538 3214 Christiana:
1590 3159 1716 3213 reli-

1826 617 1994 667 mors,
2019 612 2154 659 teste
2186 604 2344 658 beato
2388 604 2713 671 Augustino,
2744 619 2906 673 quant
2957 607 3096 659 bona
3126 608 3229 661 vita
3264 625 3402 679 pne-

1823 698 2070 751 ccsscrit.
2123 696 2254 750 Nam
2298 698 2763 768 appropinquante
2807 699 3037 753 termino
3095 702 3217 755 thze
3265 718 3399 771 sum,

1824 786 1915 857 (⁸⁸)
1942 787 2139 842 decidit
2184 789 2235 841 in
2283 789 2660 856 aegritudinem
2707 790 2842 860 (47),
2866 806 2971 858 qua
3004 792 3056 844 in
3082 793 3405 864 dicsingra-

1823 888 2099 940 vescente,
2125 895 2268 934 anno
2292 881 2791 952 archiepiscopatus
2816 898 2927 947 xix,
2953 899 2984 935 v
3016 884 3106 954 (δ’)
3135 884 3405 942 Kalendas

1822 967 1991 1032 Junii,
2024 970 2167 1024 diem
2207 969 2406 1025 clausit
2452 981 2779 1035 extremum,
2839 982 3097 1044 regnante
3134 973 3405 1029 Willclmo

1822 1059 1935 1114 lilio
1963 1058 2218 1116 Willclmi
2251 1062 2413 1132 regis.
2464 1062 2628 1117 Dolor
2656 1063 2907 1119 omnibus
2939 1064 3402 1134 incomparabilis,

1823 1160 1874 1205 et
1910 1150 2087 1207 luctus
2111 1151 2517 1207 inconsolabilis
2544 1153 2676 1208 suis.
2702 1152 2956 1223 Sepultus
2982 1165 3066 1209 est
3094 1155 3145 1209 in
3174 1154 3405 1212 ecclesia

1822 1242 2022 1298 Christi
2078 1244 2231 1315 (48),
2287 1260 2450 1315 quam
2506 1247 2620 1315 ipse
2665 1246 2970 1301 a:diiicavit.
3013 1247 3077 1300 Et
3104 1247 3227 1315 quia
3285 1248 3400 1317 ipsa

1823 1330 2062 1385 Ecclesia
2119 1347 2343 1401 parvum
2374 1342 2535 1402 caput
2563 1334 2744 1403 (vulgo
2774 1333 2820 1388 le
2849 1333 3061 1406 Clteect)
3088 1335 3287 1389 habere
3318 1336 3400 1388 vi-

1822 1422 2074 1486 debatur,
2100 1422 2291 1478 beatus
2310 1423 2622 1490 Anschnus,
2648 1438 2928 1479 successor
2969 1424 3102 1493 ejus,
3139 1434 3265 1479 ante
3306 1424 3401 1480 de-

1823 1530 2036 1577 cessum
2060 1530 2217 1570 suum
2243 1525 2595 1585 augmentare
2641 1517 2850 1571 studuit
2887 1517 3132 1572 ecclesize
3161 1516 3403 1584 ejusdem

1822 1614 2005 1675 caput.
2035 1606 2187 1672 Quod
2208 1606 2274 1661 ab
2303 1622 2368 1661 eo
2394 1608 2733 1672 inchoatum,
2780 1617 2829 1662 et
2872 1617 2993 1678 post
3026 1617 3255 1662 mortem
3288 1607 3405 1677 ejus

1823 1712 1919 1766 per
1966 1695 2147 1766 plures
2198 1712 2372 1752 annos
2421 1698 2771 1762 :edilicatum,
2816 1699 3031 1753 tandem
3084 1696 3402 1769 perfectum,

1824 1803 2077 1858 magnum
2126 1804 2262 1858 opus
2312 1799 2366 1844 ct
2421 1789 2727 1860 puli-hrum,
2778 1806 2807 1844 a
2854 1789 3147 1854 Willelmo,
3173 1789 3263 1858 qui
3286 1796 3406 1859 post

1758 1881 2117 1951 "Rodttlfuttl
2180 1884 2422 1938 Anselmi
2497 1898 2899 1948 successorem,
2959 1883 3405 1952 archiepiscopus

1821 1974 2050 2037 exstitit,
2079 1989 2200 2027 eum
2229 1990 2422 2043 magna
2448 1973 2638 2046 gloria,
2672 1981 2727 2028 et
2748 1973 2988 2028 omnium
3030 1987 3209 2026 rerum
3233 1971 3405 2025 abun-

1821 2065 2002 2119 dantia
2039 2066 2346 2121 dedicatum
2375 2076 2478 2141 est,
2518 2068 2657 2123 sicut
2688 2066 2865 2121 clerus
2893 2074 2948 2119 et
3001 2064 3229 2135 populus
3255 2064 3407 2133 regni

1824 2158 2224 2227 testantur,qui
2258 2158 2567 2213 adfuerunt.
2599 2158 2784 2227 Itaque
2802 2173 2924 2213 cum
2955 2157 3263 2212 immineret
3291 2156 3409 2211 dies

1822 2248 1990 2316 ipsius
2043 2248 2422 2315 dedicationis,
2475 2251 2614 2304 sicut
2648 2265 2764 2304 mos
2795 2260 2900 2316 est,
2945 2250 3126 2304 omnia
3177 2263 3407 2318 corpora

1822 2340 1889 2394 de
1917 2340 2145 2395 ecclesia
2175 2342 2315 2396 elata
2363 2341 2601 2396 fuerunt.
2648 2342 2800 2395 Tunc
2824 2342 3045 2410 quidam
3064 2341 3255 2405 frater,
3296 2342 3410 2395 sive

1824 2430 2162 2495 curiositate,
2196 2445 2311 2496 seu,
2343 2430 2484 2499 quod
2519 2431 2690 2499 magis
2729 2429 2988 2483 Credibile
3018 2439 3121 2495 est,
3151 2445 3249 2498 pro
3280 2428 3409 2482 reli-

1826 2519 1967 2589 quiis
1991 2518 2292 2573 habendam
2319 2520 2387 2574 de
2413 2520 2594 2573 casula
2620 2519 2838 2589 gloriosi
2867 2518 3151 2572 Lanl‘ranei
3180 2518 3412 2572 abscidit

1827 2602 2191 2677 particulam;
2215 2610 2281 2664 de
2308 2627 2412 2680 qua
2442 2610 2562 2663 miri
2594 2609 2780 2665 odoris
2801 2609 3043 2664 suavitas
3076 2608 3408 2679 clllagrabat.

1824 2695 2073 2755 Ostendit
2103 2698 2241 2762 aliis,
2265 2699 2356 2769 qui
2383 2710 2438 2753 et
2465 2699 2564 2768 ipsi
2622 2708 2912 2753 senserunt
2940 2698 3127 2752 odoris
3162 2699 3411 2767 fragran-

1826 2792 1977 2845 tiam.
2005 2791 2118 2858 Qua
2146 2792 2210 2845 de
2239 2806 2298 2845 re
2323 2790 2546 2861 intelligi
2569 2790 2732 2844 datur
2758 2791 2901 2859 quod
2944 2791 3127 2843 anima
3166 2789 3307 2843 illius
3353 2790 3406 2843 in

1826 2896 2021 2951 magna
2069 2881 2336 2936 suavitate
2395 2880 2710 2950 requiescit,
2758 2879 2914 2947 cujus
2964 2880 3209 2949 corporis
3254 2878 3413 2933 indu-

1825 2982 2006 3028 menta
2069 2980 2217 3027 tanto
2266 2973 2431 3027 odore
2480 2971 2743 3026 redolent.
2767 2971 2897 3038 Qure
2946 2972 3202 3025 nimirum
3229 2971 3413 3041 gratia‘

1824 3066 1931 3123 illis
1963 3064 2197 3118 maxime
2222 3062 2555 3125 conceditur,
2607 3062 2722 3131 qui,
2758 3062 2884 3116 dum
2916 3063 3160 3117 viverent
3199 3062 3253 3115 in
3287 3076 3410 3116 cor-

1824 3169 1979 3225 pore,
2018 3153 2337 3209 munditiam
2395 3153 2576 3207 cordis
2621 3162 2675 3207 et
2716 3152 2899 3206 carnis
2950 3151 3411 3222 incorruptionem

139 3249 305 3320 gionis
340 3261 649 3322 reparator,
683 3267 981 3322 pauperum
1008 3262 1364 3319 sustentatur,
1392 3253 1714 3323 pupillorum
1745 3240 1789 3301 C
1822 3250 2081 3319 usque-ad
2114 3248 2277 3304 linem
2328 3249 2451 3305 vita:
2507 3264 2729 3304 scrvare
2775 3246 3116 3303 studuerunt.
3169 3247 3411 3303 :‘Eternae

140 3350 419 3409 protector,
460 3342 742 3397 viduarum
789 3344 1119 3399 consolator.
1159 3342 1278 3410 llis,
1320 3344 1460 3409 aliis,
1488 3343 1719 3414 aliiSque

143 3429 424 3487 virtutibus
491 3442 741 3499 ornatus,
789 3435 946 3487 Iidem
1000 3443 1148 3490 recte
1184 3433 1414 3487 vivendo
1458 3434 1717 3501 servavit,

142 3536 350 3578 cursum
373 3525 519 3580 bene
551 3526 832 3580 moriendo
865 3525 1199 3580 terminavit.
1224 3524 1340 3578 Non
1366 3524 1510 3578 enim
1539 3533 1721 3594 potest

206 3656 312 3730 (l7)
345 3658 549 3713 Audita
585 3660 686 3714 hac
725 3658 1016 3714 Lanl’ranci
1067 3658 1389 3730 aegritudine
1428 3657 1719 3730 Anselmus

145 3729 291 3799 suiet
320 3732 491 3786 totius
533 3741 834 3785 conventus
857 3727 1144 3785 Becccnds
1173 3731 1409 3794 nomine,
1438 3727 1503 3781 ad
1539 3729 1713 3799 ipsum

146 3798 415 3921 cpislttlt’iam
437 3800 686 3869 scripsit,
727 3816 847 3872 qme
891 3813 990 3866 est,
1026 3801 1080 3855 in
1112 3815 1250 3854 nova
1283 3798 1567 3863 editione,
1596 3798 1714 3851 ulti-

147 3880 223 3919 ma
267 3886 279 3921 ι
322 3887 362 3925 τι
391 3887 452 3925 ιι.

480 3940 549 3996 de
590 3955 655 3996 eo
702 3940 893 3995 tabul:e
929 3956 1058 3997 mss.
1085 3939 1226 4011 apud
1260 3939 1624 3994 Cerberonezn
1659 3939 1713 3993 in

158 4090 3167 4117 W

1820 3341 2426 3412 beatitudinisquietem
2450 3346 2646 3397 animae
2697 3341 2840 3396 illius
2865 3342 2985 3411 pius
3010 3339 3261 3396 Christus
3308 3341 3411 3393 Do-

1823 3436 2003 3491 minus
2040 3446 2224 3490 noster
2243 3436 2444 3491 donare
2471 3435 2748 3506 dignetur,
2773 3435 2864 3505 qui
2896 3442 2980 3489 est
3010 3433 3328 3488 benedictus
3354 3432 3408 3487 in

1821 3535 2105 3580 internum.
2138 3526 2333 3580 Amen.

1824 3661 1966 3715 notis
1995 3660 2061 3715 ad
2101 3659 2271 3729 Epist.
2303 3659 2363 3714 41
2390 3699 2405 3723 ,
2426 3657 2547 3729 libri
2578 3674 2614 3713 ιι
2662 3658 2721 3713 S.
2752 3655 2992 3712 Anselmi
3020 3675 3032 3711 :
3065 3654 3403 3729 Lonfraucua

1821 3727 2215 3785 Ctmtuariensis
2246 3728 2542 3798 metropolis
2572 3729 2991 3798 urcltiepiswpus
3031 3727 3328 3795 defunctus,
3352 3728 3407 3779 in

1819 3802 2033 3855 basilica
2063 3810 2257 3854 sancta:
2301 3799 2596 3865 Trinitatis,
2639 3815 2797 3870 quam
2850 3814 2956 3870 ipse
2991 3798 3213 3867 mirifico
3254 3811 3408 3867 opere

1816 3883 2207 3936 construxerat,
2248 3871 2480 3941 sepultus
2503 3881 2599 3924 est.

685 4210 1370 4326 DOMINI
1448 4208 1960 4323 LUCE
2056 4206 2885 4321 DACHEBI

1162 4440 1393 4480 MONACHI
1436 4438 1775 4479 BENBDLCTINI
1812 4436 2070 4478 CONGREG.
2102 4436 2148 4475 S.
2191 4432 2380 4475 ιιΑυιιΓ

557 4583 666 4642 AD
724 4581 987 4644 VITAM
1046 4580 1118 4643 B.
1158 4578 1615 4641 LANFBANCI
1664 4575 2298 4640 CANTUARIENSIS
2355 4571 2967 4637 AliCHlEPlSCOPi

771 4760 1201 4879 NOTAE
1288 4765 1470 4876 ET
1561 4754 2785 4880 OBSERVATONES.

223 5091 503 5149 Auctorem
531 5094 669 5149 Vita:
690 5094 751 5148 Β.
781 5092 1071 5149 Lanl'ranci
1121 5093 1373 5148 Milonem
1405 5091 1711 5161 Crispinum
1744 5095 1793 5155 D
1819 5094 1982 5147 verba
2019 5110 2034 5148 :
2079 5111 2099 5146 ε
2138 5092 2313 5147 Vitam
2356 5091 2413 5146 S.
2450 5093 2691 5147 lle'rluini
2737 5095 2907 5149 edidit
2945 5096 3239 5161 Gilbertns,
3284 5098 3406 5153 Cri-

161 5160 312 5232 l’nisse
331 5164 582 5219 elenchos
610 5165 765 5219 initio
793 5164 995 5219 codicis
1026 5179 1129 5221 ms.
1152 5162 1316 5232 (unde
1342 5160 1537 5217 Vitam
1567 5162 1711 5232 illam

160 5231 435 5304 desumpsi)
482 5235 733 5304 praefixos
789 5249 875 5289 me
924 5233 1127 5289 docuit.
1182 5233 1435 5288 Milonem
1468 5248 1595 5287 vero
1651 5231 1711 5287 S.

159 5301 383 5379 {\nsehui
417 5301 782 5379 synchronmn
813 5320 873 5359 se
919 5320 1042 5379 esse
1082 5306 1224 5359 haud
1257 5306 1489 5359 obscure
1537 5304 1719 5379 prodit

164 5372 211 5444 in
237 5372 376 5428 calce
398 5372 636 5441 ejusdem
680 5375 840 5437 Viue;
898 5374 989 5428 ubi
1047 5383 1397 5444 posteaquam
1443 5374 1718 5444 enarravit

164 5438 438 5497 diaconum
473 5446 681 5499 meritis
709 5444 769 5501 Β.
804 5438 1091 5499 Lanlranci
1132 5461 1161 5498 a
1192 5438 1495 5499 daimonum
1548 5443 1719 5497 servi-

167 5514 639 5581 tuterexemptum.
690 5515 804 5569 haec
843 5514 1024 5570 subdit
1048 5524 1067 5568 :‘
1108 5534 1127 5565 ι
1182 5513 1294 5569 Hoc
1348 5514 1406 5568 Β.
1463 5512 1720 5568 Anselmo

165 5580 530 5657 archiprazsule
556 5584 845 5657 referente.
895 5598 1019 5638 eum
1068 5584 1187 5640 aliis
1232 5584 1436 5657 audivi.
1476 5601 1496 5636 ι
1563 5583 1717 5657 Illum

166 5653 326 5725 ipsum
358 5661 630 5725 auctorem
658 5653 808 5710 Vitas
833 5668 1048 5725 quoque
1075 5656 1331 5709 abbatum
1362 5654 1715 5725 Beccensinm

164 5720 390 5783 Proxime
414 5722 471 5777 S.
506 5724 815 5781 Anselmum
847 5720 1290 5795 subsequentium
1341 5723 1715 5794 descripsisse,

164 5799 480 5860 Wupertum
506 5804 588 5853 est
616 5811 681 5853 ex
724 5801 912 5854 eodem
942 5794 1201 5862 indieulo;
1232 5795 1384 5867 cujus
1431 5794 1546 5852 haec
1593 5802 1719 5852 sunt

1817 5165 2027 5232 spinus,
2040 5164 2335 5219 monachus
2358 5163 2645 5218 Bccccnsis
2663 5174 2716 5219 et
2732 5166 2895 5221 abbas
2914 5166 3405 5221 Westmonasterii.

1818 5234 1999 5289 Vitam
2032 5235 2089 5288 S.
2115 5235 2354 5288 Ansclmi
2401 5235 2562 5288 edidit
2597 5236 2857 5288 l'ldmerus
2914 5238 3210 5288 nionachus
3262 5237 3404 5290 Can-

1822 5304 2136 5359 tuariensis.
2168 5305 2345 5359 Vitam
2375 5305 2625 5364 aliorum,
2667 5305 2875 5359 scilicet
2904 5305 3214 5365 Lanl‘ranci,
3270 5306 3407 5360 Wil-

1821 5374 1989 5436 lelmi,
2025 5375 2268 5435 Bosonis,
2301 5374 2584 5437 Teobalzli,
2635 5375 2872 5437 Letardi,
2918 5375 3244 5442 conscripsit
3275 5375 3411 5431 Milo

1824 5444 2107 5512 Crispinus
2134 5455 2327 5500 cantor
2356 5446 2532 5498 Becei.
2571 5465 2587 5496 ›
2622 5446 2756 5499 llinc
2788 5454 2934 5514 patet
2976 5450 3041 5499 ad
3066 5444 3405 5514 decrepitam

1826 5525 2159 5570 senectutem
2181 5515 2346 5585 vitam
2376 5515 2709 5585 pretraxisse
2754 5513 3006 5585 Milonem
3040 5533 3053 5569 :
3084 5513 3281 5585 quippe
3310 5516 3400 5585 qui

1827 5600 2050 5653 compar
2079 5585 2137 5638 Β.
2168 5584 2448 5647 Anselmo,
2505 5592 2667 5655 gesta
2716 5584 3001 5654 descripsit
3054 5584 3269 5641 Letardi
3308 5584 3407 5638 ab-

1825 5655 1985 5719 batis,
2020 5670 2178 5724 quem
2209 5671 2239 5709 e
2263 5656 2399 5709 vivis
2419 5653 2524 5707 an.‘
2546 5653 2676 5708 ll<l9
2700 5653 2997 5711 excessisse
3030 5657 3198 5710 tradit
3242 5657 3407 5712 clito-

1826 5725 1985 5780 nicon
2016 5726 2281 5795 Beccensc
2311 5740 2432 5795 pag.
2466 5724 2517 5795 7.

1898 5794 1965 5867 (’)
2027 5794 2344 5852 Venerabilis
2390 5793 2860 5850 ill'cslmouasterii
2902 5796 3061 5852 abbas
3111 5795 3399 5853 Gilbcrtns.
