3954 6306
81 318 143 372 (iii
806 305 966 363 DO.\I.
1010 304 1215 361 LUC/E
1257 300 1576 359 DACIIEItII
1615 298 1684 355 Ν(

1786 296 1822 351 Ε
1864 296 1951 350 ET
1989 294 2572 353 OBSERVATIONES.

678 419 904 475 CAI’U'I'
950 419 1030 474 VI.

145 518 395 570 I’ra‘tcrea
442 511 485 565 si
539 510 661 579 quis
705 510 1112 578 cpisc0pornm,
1156 507 1637 579 presbyterorum,

82 588 435 643 diaconorum,
466 577 1059 639 aut‘subdiaconOrum.
1094 587 1215 648 post
1241 577 1517 648 cognitum
1564 578 1644 629 in-

80 656 351 711 terdictum
388 649 589 704 domini
637 650 803 703 nostri
831 665 982 717 papae
1023 647 1241 702 Nicolai.
1278 647 1522 700 mulieris
1550 662 1646 717 cu-

77 725 278 795 juslibet
306 720 506 795 carnali
534 720 783 774 detentus
806 716 1004 795 copula
1026 734 1113 795 ,_a_
1133 717 1435 772 ministerio
1467 726 1519 770 et
1558 716 1645 771 be-

83 789 259 850 iieficio
280 792 469 845 altaris
490 804 593 843 non
615 789 865 851 cessavit,
893 789 1009 841 sive
1033 789 1287 856 deinceps
1316 801 1647 856 cognoscens

100 865 401 919 ira-libatum
452 858 759 941 apostolicae
787 858 932 941 sedis
974 858 1345 941 interdictum,
1390 867 1487 941 aut
1532 872 1649 908 mn-

107 938 277 997 iereni,
299 940 395 985 aut
431 927 784 984 ministerium
813 928 1055 983 ecclesiae
1081 942 1203 982 cum
1248 927 1510 980 beneficio
1541 942 1647 979 non

89 1004 254 1059 statim
294 1002 591 1055 desciuerit
616 1039 631 1065 ,
670 999 868 1053 nullam
923 997 1282 1053 restitutionis
1323 997 1375 1050 in
1423 997 1651 1067 pristino

89 1074 240 1143 gradu
270 1070 478 1125 veniam
501 1070 604 1123 sibi
648 1083 958 1123 reservasse
980 1078 1295 1138 cognoscat.

673 1177 899 1235 CAPUT
944 1181 1048 1235 Vil.

162 1273 462 1342 Qiicunque
498 1280 677 1325 malent
732 1272 1053 1326 clericorum
1081 1270 1335 1339 deinceps
1378 1267 1654 1342 inermis

100 1340 463 1405 militaverint,
492 1351 546 1396 et
590 1342 911 1396 beneficium
955 1352 1009 1399 et
1041 1341 1375 1396 consortium
1429 1340 1656 1394 clerico-

96 1430 202 1465 rum
224 1414 489 1466 amittant.

669 1479 893 1536 CAPUT
936 1480 1064 1535 VIII.

155 1592 469 1661 Quicunque
513 1590 772 1647 laieorum
804 1591 1006 1659 aliquid
1042 1591 1108 1646 de
1148 1590 1214 1646 iis
1251 1604 1371 1661 quae
1403 1592 1468 1645 ad
1514 1591 1663 1647 obla-

93 1664 303 1724 tionem,
333 1663 418 1715 Vel
467 1661 864 1732 eleeinosynam
909 1662 1153 1716 ecclesiae
1198 1664 1493 1728 pertinent,
1547 1664 1665 1716 sive

90 1732 436 1799 sepulturam,
469 1732 583 1786 sive
615 1733 807 1787 saltem
841 1732 1056 1786 tertiam
1094 1732 1422 1787 decimarum
1457 1743 1661 1802 partem

91 1780 380 1870 possidere,
414 1780 645 1856 vendere
666 1843 680 1862 ,
705 1812 797 1855 aut
827 1803 927 1855 sub
959 1802 1174 1855 nomine
1207 1780 1485 1864 Izcnelirii':
1507 1804 1663 1856 alicui
1701 1780 1718 1839 ί

89 1874 234 1943 «ιιι-ε,
264 1872 497 1927 ulterius
522 1873 949 1943 praesumpserit,
984 1872 1346 1927 anathematis
1368 1872 1546 1941 gladio
1588 1873 1669 1928 fc-

90 1942 275 1995 riatur.

694 2011 925 2068 CAPUT
966 2011 1055 2065 IX.

154 2100 475 2169 Quicunque
517 2103 967 2170 consanguineaun
1006 2117 1193 2165 suam,
1223 2111 1313 2154 aut
1351 2118 1511 2172 quam
1541 2118 1672 2157 con-

88 2173 418 2242 Sanguiucus
462 2187 599 2227 suus
646 2173 793 2241 prius
843 2180 1208 2240 cognoverat,
1240 2183 1332 2225 aut
1364 2173 1519 2242 cujus
1551 2190 1673 2226 sam-

87 2241 338 2309 gnineain
372 2243 662 2295 carnaliter
700 2241 753 2294 in
797 2243 1106 2311 conjugium
1150 2243 1379 2311 accepit,
1411 2241 1492 2296 vel
1525 2243 1676 2295 dein-

87 2326 207 2380 ceps
250 2311 548 2378 acceperit,
574 2311 657 2365 vel
696 2320 979 2379 postquam
1026 2312 1310 2380 cognovit,
1339 2328 1442 2364 non
1493 2314 1675 2365 statim

90 2382 317 2441 dimisit,
349 2388 444 2431 aut
476 2395 807 2448 cognoscens
839 2395 947 2433 non
982 2381 1281 2445 dimiserit;
1309 2389 1399 2433 aut
1428 2384 1517 2450 qui
1549 2397 1681 2433 uxo-

90 2465 200 2503 rem
231 2450 464 2503 alterius
488 2452 680 2518 rapuit,
708 2465 801 2503 seu
834 2451 1094 2519 rapuerit,
1128 2450 1211 2504 vel
1234 2450 1325 2519 qui
1361 2465 1515 2503 suam
1544 2466 1681 2505 uxo-

91 2536 223 2585 rcm,
257 2519 384 2574 sine
412 2519 619 2587 judicio
646 2519 934 2589 episcopali
984 2519 1279 2589 dimittens,
1316 2520 1475 2573 aliam
1533 2520 1682 2574 duxit

92 2590 173 2643 vel
200 2589 446 2651 duxerit,
477 2589 646 2642 donec
678 2588 736 2642 Se
778 2588 1067 2658 fructuosae
1101 2588 1277 2658 tradat
1324 2591 1680 2658 pmnitcntiae,

93 2676 122 2711 a
145 2674 383 2729 corpore
410 2668 463 2712 et
492 2659 754 2728 sanguine
781 2656 993 2713 Domini
1028 2659 1197 2714 nostri
1224 2656 1349 2713 Jesn
1376 2659 1606 2725 Christi,
1628 2671 1683 2714 et

94 2744 122 2781 a
156 2729 444 2784 liminibus
490 2730 731 2783 ecclesiae
760 2742 818 2783 se
860 2729 1165 2793 exclusum,
1203 2738 1258 2783 et
1286 2730 1600 2794 alienatum,
1631 2739 1686 2784 et

94 2800 430 2853 omnimodis
477 2799 618 2853 sicut
663 2798 935 2868 putridum
987 2800 1292 2853 membrum
1325 2813 1355 2851 a
1384 2814 1517 2852 sano
1561 2816 1686 2853 eor-

94 2883 221 2938 prrc
238 2869 532 2939 pnncisnm
555 2870 731 2940 gladio
762 2868 1021 2937 Spiritus,
1046 2869 1189 2939 quod
1211 2876 1295 2924 est
1316 2868 1538 2923 verbum
1565 2869 1683 2935 Dei,

94 2949 372 3010 agnoscat.
729 3007 768 3062 ς
785 3005 958 3064 \PUT
992 3005 1039 3061 Χ

164 3099 492 3176 Quicunque
540 3101 853 3176 monasticae
908 3100 1179 3171 religionis
1226 3101 1474 3176 desertor
1501 3100 1684 3176 inven-
1712 3119 1753 3176 ρ

98 3179 184 3223 tus
210 3169 398 3236 fuerit,
444 3187 474 3223 a
518 3185 682 3238 regno
737 3170 832 3224 Dei
862 3179 915 3224 et
963 3169 1306 3225 a'consortio
1349 3171 1686 3225 Christiano-

99 3255 237 3302 rum,
270 3241 416 3293 sicut
463 3250 735 3306 apostata,
759 3241 1100 3304 excludatur,
1131 3250 1187 3296 et
1226 3241 1434 3294 alienus
1460 3241 1679 3304 existat,

97 3309 265 3380 donec
330 3310 667 3379 resipiscens
725 3310 885 3379 digne
942 3312 1224 3380 pwniteat.
1276 3310 1537 3364 Similiter
1591 3311 1701 3379 qui.

96 3377 354 3443 ejusmodi
384 3377 557 3450 digne
590 3377 915 3448 pmnitentes
943 3377 1199 3450 recipere
1228 3380 1480 3444 noluerit,
1526 3377 1687 3450 tertio

93 3450 419 3515 admonitus,
450 3449 508 3503 Si
554 3464 659 3502 non
689 3451 1044 3519 acquievcrit,
1070 3449 1100 3502 ιι
1144 3450 1527 3519 communione
1578 3449 1688 3503 fra-

96 3527 231 3572 trum
272 3520 677 3589 snSpendatur,
708 3518 822 3573 sive
869 3520 940 3574 sit
981 3520 1168 3585 abbas,
1222 3520 1338 3574 sive
1368 3518 1640 3575 abbatissa
1670 3558 1686 3585 ,

95 3589 260 3642 donec
294 3591 645 3658 acquiescat.

163 3658 270 3728 Ego
299 3657 625 3728 Stephanus
653 3668 851 3712 sanetae
878 3657 1133 3713 Roinanae
1169 3658 1421 3713 Ecclesiae
1442 3659 1690 3714 cardina-

96 3726 158 3779 lis
183 3726 441 3799 sacerdos
494 3730 885 3799 vocatus,vice
912 3728 1114 3783 domini
1148 3730 1251 3783 mei
1291 3744 1442 3799 papa:
1485 3728 1689 3784 Nicolai

97 3798 387 3870 praesidens
429 3800 678 3870 synodo,
710 3798 790 3852 his
834 3800 1312 3859 constitutionibus
1340 3798 1373 3852 ιι
1400 3800 1555 3857 nobis
1591 3816 1694 3853 .ca-

98 3867 286 3938 noniee
316 3867 709 3937 proni-ligatis.
742 3869 1024 3936 parvitatis
1060 3884 1191 3921 meae
1229 3883 1507 3922 assensum
1554 3885 1692 3938 prae-

100 3936 228 3988 bens
258 3938 609 4007 subscripsi.
645 3938 842 3991 Deinde
885 3939 1318 4007 subscripserunt
1363 3936 1690 3995 decem‘taun

100 4008 497 4078 archiepisigopi
535 4024 695 4076 quam
728 4008 984 4077 episcopi.

171 4075 457 4148 Hactenus
497 4075 794 4130 concilium
825 4092 890 4130 ex
914 4075 1255 4148 bibliotheca
1301 4075 1402 4132 SS.
1440 4076 1614 4148 Sergii
1638 4088 1694 4134 et

105 4143 739 4217 Bac_c|ii_5\iialegaveiisis
772 4147 1103 4202 monasterii.
1124 4216 1147 4217 ί
1402 4190 1419 4203 .

177 4215 265 4289 (⁸))
293 4214 360 4269 Et
405 4214 529 4271 emit
555 4232 614 4289 se
645 4228 833 4289 tenere
867 4217 1088 4287 juravit.
1119 4216 1429 4289 Bercngarii
1483 4218 1693 4289 publica

112 4285 375 4356 confessio
420 4302 519 4342 seu
547 4285 929 4356 jusjurandum
956 4297 1155 4351 exstat,
1182 4285 1321 4352 cap.’
1349 4288 1462 4356 Ego
1485 4285 1694 4342 Beren-

112 4355 307 4429 garius,
342 4356 921 4429 De_consec._d_ist._2,
951 4368 1112 4429 atque
1136 4359 1191 4429 in
1214 4358 1318 4412 fine
1346 4355 1561 4413 concilii
1592 4358 1697 4411 lio-

114 4426 250 4477 mani
282 4427 384 4479 sub
426 4425 656 4481 Nieolao
681 4423 783 4479 PP.
811 4425 873 4489 II,
905 4423 1045 4481 anno
1074 4428 1226 4489 l059.
1267 4438 1377 4482 tum
1428 4430 1480 4482 in
1531 4442 1693 4481 causa

115 4493 446 4565 ltereiigarii,
482 4506 599 4549 tum
640 4496 872 4565 maxime
929 4508 1116 4551 contra
1174 4499 1509 4551 Simoniacos
1558 4497 1697 4550 cele-

118 4562 298 4634 lirati.‘
334 4566 586 4619 Alteram
630 4564 1034 4634 confessionem
1079 4583 1263 4621 coram
1319 4581 1532 4620 summo
1567 4581 1698 4634 pou-

118 4632 550 4706 _t.ticeGregorio
577 4633 683 4698 \‘ll,
712 4650 805 4690 seu
836 4637 1035 4706 potius,
1061 4652 1176 4706 mea
1210 4635 1497 4699 sententia,
1522 4632 1701 4705 partes

118 4700 145 4751 l.
166 4705 268 4770 gati
302 4706 354 4757 in
382 4700 566 4759 Callia
590 4715 799 4773 agente,
827 4700 1111 4760 Alexandri
1145 4704 1324 4773 jussu,
1355 4700 1701 4775 praesidente-

119 4786 217 4838 que
249 4777 484 4844 concilio
520 4774 856 4844 Turonensi,
886 4774 1065 4829 emisit
1090 4774 1462 4844 Berengarius.
1490 4775 1700 4830 Utram-

119 4858 218 4920 que
252 4843 429 4898 eidem
461 4843 656 4911 objicit
684 4846 739 4897 lt.
773 4844 1108 4920 liaiifrancns
1138 4846 1189 4899 in
1218 4843 1312 4899 lib.
1358 4844 1435 4899 De
1484 4844 1701 4899 Eucha-

124 4916 234 4982 rist.
262 4924 640 4977 sacramento,
665 4924 779 4982 post
809 4916 1041 4969 initium.

186 4981 275 5053 (³³)
317 4984 595 5054 Scriptum
636 4978 811 5051 postea
848 4984 1098 5037 condidit.
1126 4978 1230 5039 Sed
1263 4983 1476 5038 tandem
1525 4983 1702 5038 divina

120 5049 330 5107 favente
357 5049 654 5125 a-leiiiciitia
704 5056 768 5125 a.l
813 5059 1003 5125 bonam
1051 5056 1257 5125 frugem
1301 5055 1528 5109 rediisse
1555 5071 1705 5109 coin-

122 5126 551 5192 Inoustraliitlltts
583 5123 647 5176 ad
676 5124 833 5192 epist.
867 5123 955 5176 51.

191 5190 277 5260 (³³)
319 5192 587 5247 Libellum
652 5190 929 5261 elegantem
983 5193 1287 5262 composuit.
1350 5192 1405 5246 Id
1473 5194 1706 5262 produnt

127 5263 417 5332 scriptores
468 5277 665 5317 omnes
688 5303 702 5323 ,
735 5272 996 5332 quotquot
1037 5263 1101 5317 de
1150 5263 1206 5316 Β.
1239 5263 1541 5317 Lanfranco
1571 5263 1707 5315 scri-

125 5343 296 5395 psere.
328 5330 404 5385 De
448 5335 621 5385 hocce
653 5332 829 5386 libello
857 5330 922 5385 ad
955 5333 1108 5401 epist.
1136 5334 1188 5386 4.
1216 5332 1386 5389 Porro
1413 5350 1518 5387 non
1550 5335 1707 5386 modo

125 5402 346 5455 concilia
387 5402 481 5455 illa
528 5402 826 5469 generalia,
872 5402 1013 5456 velut
1053 5418 1214 5471 supra
1261 5412 1537 5457 ostensum
1593 5413 1705 5466 est,

126 5482 305 5523 Verum
338 5472 509 5526 etiam
561 5480 737 5526 ctetus
769 5474 1198 5526 doctissimorum
1255 5473 1491 5524 virorum
1531 5474 1709 5539 priva-

129 5538 218 5612 tim
255 5540 425 5596 fuisse
457 5554 815 5606 convocatos,
846 5560 952 5612 quo
999 5541 1308 5610 Derengarii
1358 5538 1577 5596 haeresis
1626 5558 1704 5596 re-

129 5610 397 5667 feLleretur
450 5610 923 5680 adduceretur-que
973 5612 1059 5666 ille
1098 5614 1208 5681 ipse
1264 5613 1329 5665 ad
1383 5611 1705 5667 catholicam

128 5681 407 5752 veritatem
435 5700 451 5747 ;
482 5681 729 5752 ejusdem
761 5683 1065 5752 Berengwii
1096 5683 1163 5736 ad
1191 5681 1523 5747 Ascelinum,
1547 5690 1706 5751 atque

134 5750 363 5808 Ascclini
398 5756 468 5808 ad
515 5751 902 5824 Bereng-irium
942 5750 1198 5807 binaeex
1247 5752 1485 5821 antiquis
1539 5770 1705 5805 inem—

3253 301 3322 357 6’5

1671 416 1716 470 Α
1743 410 1925 487 tironis
1956 408 2187 463 abbatiae
2236 408 2441 487 C_asalis
2475 409 2747 487 Benedicti
2792 421 2989 469 nostrae
3031 427 3328 487 congrega-

1747 480 1909 554 tionis
1935 488 2204 554 eitcerptae
2248 480 2443 554 docent
2488 480 2757 554 epistolae;
2786 497 2944 551 quas,
2971 498 3037 538 ne
3068 480 3326 554 pereant,

1746 550 1899 605 hisce
1924 549 2368 605 adnotationibus
2397 552 2651 604 duximus
2678 549 3016 607 intesendas.

1993 663 2229 729 Epistula
2266 663 2570 735 Berengarii
2611 666 2679 718 ad
2726 666 3039 723 Ascelinam.

1822 774 1841 808 ι
1893 753 2074 809 Fratri
2100 757 2364 810 Ascsuxo
2395 754 2784 812 BERENGARIUS.

1826 865 1844 898 ι
1890 847 2072 916 Longe
2118 846 2277 900 aliter
2302 847 2456 901 vobis
2497 848 2840 903 scribendum
2873 849 3069 914 fuerat,
3100 851 3145 905 si
3199 850 3330 906 mihi

1755 917 1807 971 id
1841 919 2071 971 liberum
2101 917 2183 970 vis
2219 917 2400 989 divina
2448 917 2690 981 fecisset;
2729 921 2869 986 quod
2900 920 3027 989 quia
3080 936 3183 975 non
3241 923 3333 984 sit,

1753 989 2097 1061 scribendum
2144 988 2297 1041 vnbis
2345 998 2615 1056 utcumjue
2658 991 2861 1061 putavi.
2892 988 2997 1045 Per
3036 1007 3129 1045 vos
3172 992 3338 1061 igitur

1755 1060 2025 1112 transiens
2049 1058 2692 1131 disposueramomnino
2709 1060 2840 1113 nihil
2863 1074 3023 1130 agere
3052 1076 3175 1115 cum
3197 1058 3338 1131 'qui-

1757 1131 2069 1199 liuseunqne
2095 1129 2159 1181 de
2210 1128 2579 1192 liueharistia,
2616 1128 2928 1199 priusquam
2961 1128 3335 1186 satisfacerem

1759 1198 1811 1251 in
1863 1214 1928 1251 ei
1980 1199 2249 1267 episcopis
2289 1208 2344 1249 at
2390 1214 2527 1265 quos
2570 1198 2989 1261 conleinlebaun,
3042 1205 3336 1256 secundum

1759 1267 2122 1335 evangelicam
2180 1279 2235 1320 et
2283 1268 2630 1335 apastolicauu
2682 1269 3036 1337 Scriptorum.
3086 1271 3210 1325 In.le
3256 1270 3338 1326 la-

1761 1350 1905 1392 etum
1946 1348 2030 1392 est
2060 1348 2118 1411 nt
2165 1339 2298 1411 nihil
2336 1340 2652 1411 penejvoﬁbis
2680 1342 3045 1407 opposuerim,
3102 1343 3343 1411 nihilque

1762 1409 2132 1462 conscnserim
2168 1408 2219 1461 in
2250 1409 2527 1476 colloquio
2561 1409 2615 1461 ill
2638 1427 2670 1473 ι,
2701 1411 2766 1462 ad
2810 1412 2952 1478 quol
3002 1429 3161 1481 quam
3207 1408 3345 1464 iudi-

1764 1493 1866 1545 gue
1899 1492 2023 1533 tunc
2067 1494 2420 1539 eonveneras,
2446 1491 2502 1531 ut
2548 1484 2794 1531 omittam
2844 1492 3089 1549 caeteros,
3132 1484 3175 1535 si
3232 1497 3346 1535 rem

1765 1550 2094 1614 consideres,
2124 1565 2227 1602 non
2279 1549 2502 1602 latebit:
2537 1548 2660 1604 Inde
2703 1552 2901 1604 factum
2934 1562 3015 1606 est
3075 1561 3133 1607 ut
3181 1552 3345 1606 etiam

1770 1623 2028 1674 tacuerim
2059 1621 2125 1671 ad
2177 1619 2537 1673 damnabilem
2567 1628 2622 1673 et
2670 1620 2984 1689 sacrilegam
3035 1624 3180 1676 illam
3216 1622 3347 1675 W.I-

1771 1690 1916 1743 lelmi
1968 1690 2313 1752 sententiam,
2356 1706 2516 1759 (piam
2562 1692 2947 1757 pronuntiavit,
2988 1708 3204 1747 onmem
3259 1694 3351 1746 Ιιο·

1720 1781 1741 1837 ι
1776 1761 1974 1837 minem
2003 1761 2359 1837 aalninensmn
2389 1759 2753 1837 _Doininicain
2809 1761 3087 1837 debercin
3141 1763 3347 1837 Pascha

1770 1828 2148 1901 accedere._Ut
2174 1845 2301 1901 ergo
2335 1830 2400 1883 ad
2433 1846 2543 1884 rem
2578 1831 2809 1894 veniam,
2842 1833 3021 1886 audivi
3083 1849 3224 1887 nunc
3266 1832 3350 1899 ja-

1771 1902 1966 1955 ctitare
2004 1899 2327 1953 Willelininn
2364 1901 2505 1968 quod
2554 1916 2750 1969 negare
2801 1904 3134 1969 nequiverim
3184 1905 3351 1957 haera-

1773 1975 1935 2024 tiemn
1984 1987 2101 2024 esse
2153 1970 2415 2023 Joannem
2475 1973 2715 2023 Scotum.
2771 1971 2923 2037 Quod
2980 1973 3171 2027 falsum
3230 1988 3351 2027 esse

1777 2042 1926 2094 testis
1955 2042 2081 2094 inihi
2110 2056 2190 2102 es,
2217 2042 2258 2094 si
2284 2042 2418 2094 satis
2443 2041 2730 2095 meministi
2771 2042 3053 2097 verborum
3087 2059 3349 2103 meorum,

1773 2111 2018 2179 quamvis
2074 2112 2380 2165 hat-relicum
2436 2113 2633 2164 habeas
2700 2121 2752 2164 tu
2821 2129 3033 2182 quoque
3086 2113 3350 2168 Joannem

1777 2188 2023 2254 Scotum,
2074 2197 2233 2250 quam
2290 2182 2720 2254 inconsiderate,
2752 2197 2913 2254 quam
2964 2185 3160 2253 impie,
3193 2200 3353 2254 quam

1779 2252 1995 2323 indigne
2036 2252 2340 2323 sacerdotio
2390 2261 2481 2304 tuo
2511 2267 2637 2323 non;
2669 2253 2871 2306 diutius
2902 2262 2951 2307 te
2972 2252 3181 2308 nescire
3216 2252 3355 2323 per-

1781 2322 1980 2392 mittat,
2028 2322 2116 2373 ille
2167 2322 2253 2392 de
2288 2336 2394 2388 quo
2422 2321 2710 2392 Apostolus
2758 2322 3003 2392 fidelibus
3046 2321 3353 2392 promittit:

1788 2408 1805 2440 ι
1846 2390 1952 2459 sed
1977 2399 2033 2443 et
2058 2392 2101 2443 si
2132 2391 2257 2459 quid
2302 2388 2460 2443 aliter
2485 2390 2696 2459 sapitis,
2719 2398 2772 2444 et
2795 2391 2895 2445 hoe
2925 2388 3077 2447 Vobis
3109 2394 3247 2447 Deus
3277 2408 3360 2447 re-

1783 2458 2001 2513 velahit.
2041 2480 2059 2512 ι
2096 2458 2255 2528 Sapis
2277 2460 2420 2512 enim
2451 2458 2639 2514 contra
2660 2461 2835 2514 omnis
2869 2471 3072 2516 naturae
3097 2466 3355 2528 rationes,

1784 2539 1972 2584 centra
2025 2530 2392 2597 evangelicum
2439 2540 2494 2582 ct
2533 2530 2883 2597 apostolicam
2923 2535 3267 2596 sententiam,
3314 2535 3359 2589 si

1784 2616 1906 2653 cum
1936 2598 2223 2653 I’asehasio
2262 2599 2429 2668 sapis.
2460 2600 2514 2653 iu
2542 2614 2608 2654 eo
2635 2600 2778 2668 quod
2814 2602 2963 2656 solus
3011 2605 3112 2657 sibi
3155 2606 3360 2658 conin-

1762 2672 1863 2739 vgit
1899 2679 2237 2744 sacramento
2290 2669 2549 2744 Dominici
2579 2671 2843 2744 corporis
2889 2672 3174 2744 decedere
3205 2676 3361 2744 panis

1786 2742 2006 2793 omnino
2058 2740 2436 2793 substantimn.
2473 2739 2641 2793 Verba
2668 2750 2849 2794 autem
2881 2758 2998 2795 mea
3044 2744 3110 2796 de
3152 2739 3359 2799 Joanne

1788 2810 1902 2863 haec
1951 2810 2202 2871 fuerunt,
2259 2826 2365 2863 non
2415 2809 2715 2878 pervidisse
2764 2813 2946 2864 omnia
2999 2813 3164 2878 illius,
3222 2816 3365 2869 sicut

1787 2900 1799 2929 ι
1824 2882 1951 2932 tiam
1978 2894 2118 2933 nunc
2152 2895 2336 2932 verum
2363 2891 2467 2933 est.
2497 2878 2626 2946 Quae
2656 2890 2835 2934 autem
2870 2881 3119 2937 vidissem
3146 2885 3356 2939 adeam

1792 2964 1900 3002 rem
1931 2951 2276 3017 pertinentia,
2308 2952 2537 3022 recitare
2576 2966 2661 3005 me
2706 2966 2863 3019 posse
2888 2967 2954 3005 ex
2995 2956 3211 3022 scriptis
3244 2956 3363 3008 illo-

1790 3033 1908 3072 ruan
1935 3033 2072 3087 quos
2119 3024 2487 3088 praetixcram,
2514 3020 2785 3075 habendos
2831 3037 2951 3077 esse
3000 3020 3279 3079 haereticos
3310 3028 3363 3079 in

1790 3091 2014 3157 epistola
2066 3093 2131 3142 ad
2171 3090 2556 3151 lianfrancum,
2590 3091 2633 3144 si
2657 3089 2891 3146 Joannes
2936 3093 3030 3147 ille
3081 3097 3366 3150 haereticus

1789 3159 2098 3229 haberetur.
2121 3161 2387 3213 Caeterum
2430 3160 2473 3214 si
2504 3160 2630 3229 quid
2666 3161 2718 3213 in
2753 3162 2842 3215 illo
2874 3162 3105 3218 videre‘n
3151 3180 3255 3219 non
3282 3182 3368 3219 sa-

1790 3229 1858 3281 tis
1885 3228 2223 3300 debmatum,
2267 3229 2424 3283 facile
2468 3228 3025 3300 me,improbatorum
3064 3249 3215 3300 esse;
3250 3237 3365 3290 haec

1787 3308 1840 3352 et
1867 3311 1990 3351 vere
2012 3299 2253 3353 dcebaun
2294 3300 2424 3354 etin
2475 3298 3076 3358 nullamexcussionem
3100 3323 3165 3359 ex
3195 3298 3369 3359 trans-

1791 3370 1864 3443 itu
1915 3368 2097 3443 venire
2145 3369 2533 3424 contendebam
2576 3380 2796 3443 propter
2846 3386 3063 3426 causam
3118 3378 3368 3443 superius

1790 3438 2036 3503 dictant;
2066 3439 2172 3493 duo
2214 3448 2422 3494 tantum
2461 3438 2689 3508 protulit
2721 3441 2838 3505 ille,
2889 3443 3029 3496 sicut
3073 3438 3239 3509 nosti,
3287 3450 3369 3498 vir

1790 3508 2206 3583 optimus,quai
2256 3524 2421 3583 ante
2476 3510 2658 3583 audita
2691 3510 2754 3564 ad
2808 3525 2931 3565 eum
2985 3508 3365 3583 pervenerant.

1790 3578 2264 3654 convincereipia
2297 3580 2456 3654 verba
2500 3580 2551 3632 in
2592 3578 3053 3636 consecrationein
3088 3586 3240 3654 panis
3288 3586 3367 3638 iii-

1791 3650 2061 3713 stitutam,
2092 3664 2196 3703 non
2222 3651 2497 3722 decedere
2524 3661 2862 3722 sacramento
2882 3656 3034 3722 panis
3063 3650 3367 3722 materiam,

1792 3728 1846 3790 et
1890 3734 1993 3770 non
2022 3734 2142 3790 esse
2184 3721 2385 3790 virgam
2424 3721 2783 3789 episcopalem
2812 3721 3115 3778 animarum
3156 3721 3366 3780 curam.

1794 3788 1991 3861 llorum
2018 3788 2166 3861 prius
2200 3788 2299 3859 ego
2324 3788 2469 3845 sicut
2497 3793 2802 3846 meminisse
2829 3803 2998 3861 potes,
3026 3798 3365 3861 contirinavi,

1793 3868 1847 3911 et
1874 3859 1946 3911 ita
1978 3859 2193 3928 planum
2223 3869 2307 3915 est
2333 3872 2389 3913 ut
2415 3860 2645 3915 sullieiat
2674 3861 2776 3916 hoc
2810 3859 3011 3918 Seiitii'e
3037 3876 3089 3919 et
3144 3859 3363 3920 conviii?

1794 3944 1916 4005 cere
1942 3920 2103 3982 etiam
2146 3932 2401 3998 puerulus
2430 3932 2483 3984 in
2523 3932 2708 4005 schola
2751 3936 3092 4005 constitutus.
3135 3938 3223 4005 qui
3264 3938 3368 3990 vim
3439 3956 3444 3962 ί
3524 3920 3529 3925 ⁴

1788 3998 2055 4071 juncturan
2073 4009 2356 4055 verborum
2388 4017 2491 4055 non
2523 4000 2797 4055 instrenuo
2823 4004 2973 4058 rallei
2991 4021 3005 4067 ;
3026 4008 3089 4059 de
3110 3998 3368 4071 secum-.0,

1797 4072 1907 4123 imo
1937 4070 2044 4143 dixi
2090 4079 2146 4124 et
2195 4072 2509 4124 confirmavi
2564 4074 2935 4143 etAconlirmo
2972 4079 3175 4143 virgam
3224 4070 3369 4129 illam

1795 4154 1915 4213 esse
1955 4141 2257 4213 animarum
2289 4158 2497 4205 curam,
2525 4150 2582 4194 ut
2632 4140 2787 4196 facile
2833 4140 3115 4198 adi-eriere
3163 4156 3369 4213 posset,

1796 4210 1884 4280 qui
1916 4211 2093 4274 vellet,
2120 4212 2247 4279 quid
2292 4213 2579 4274 sentirem;
2610 4216 3025 4284 etnuneipnnl
3072 4210 3211 4282 apud
3257 4217 3369 4284 cpi-

1797 4293 1987 4347 scopos
2018 4295 2173 4348 agere
2210 4296 2577 4349 susceperant,
2606 4280 2793 4333 vellem
2829 4282 2872 4333 si
2906 4280 3037 4335 mihi
3078 4280 3244 4337 tntum
3278 4280 3372 4337 tia--

1800 4361 1901 4414 rel,
1929 4348 2117 4423 saltem
2144 4351 2282 4423 apud
2313 4348 2405 4401 vos
2435 4365 2596 4419 agere
2626 4351 2676 4401 in
2710 4350 2977 4423 audientia
3005 4369 3371 4423 tltttM'lItthtItl-

1799 4436 1919 4489 qia,
1942 4419 2045 4491 sed
2073 4418 2308 4491 quandiu
2346 4433 2449 4472 non
2480 4418 2704 4487 possum
2724 4459 2738 4482 ,
2762 4421 2985 4475 obsecro
3022 4418 3083 4491 ἰη
3104 4438 3131 4478 ι·
3179 4441 3371 4480 nomen

1804 4488 2007 4561 Doiiiini
2042 4506 2107 4541 nc
2151 4488 2339 4541 fallunt
2387 4500 2576 4543 testem
2618 4500 2670 4544 te
2719 4492 2885 4545 facias
2920 4488 3059 4561 quod
3109 4494 3370 4550 Joannem

1801 4560 1948 4613 illiilli
1989 4574 2089 4630 ego
2132 4561 2521 4630 datnnavcriin,
2550 4577 2842 4630 numenque
2875 4560 2948 4616 uti
2979 4580 3187 4625 caveas.
3222 4577 3276 4619 et
3306 4572 3374 4622 ab

1800 4628 2109 4698 evangelica
2151 4629 2239 4682 illo
2275 4645 2352 4683 va:
2383 4647 2397 4683 :
2423 4642 2481 4683 ut
2522 4630 2613 4699 qui
2653 4628 2845 4687 tenetis
2877 4634 3081 4688 clavem
3132 4638 3375 4690 seicntiae

1803 4700 1899 4769 ipsi
1934 4716 2035 4752 non
2069 4699 2330 4763 inti-uitis,
2362 4712 2417 4753 et
2444 4702 2776 4756 introeuntes
2798 4704 3023 4758 introire
3045 4721 3148 4758 non
3176 4706 3372 4760 si..i.is.

1805 4770 2108 4844 Memineris
2136 4772 2297 4844 etiam
2347 4771 2505 4844 illius
2536 4773 2859 4844 prophetica:
2884 4776 2951 4828 ad
2995 4774 3247 4844 pnpnlam
3282 4779 3375 4829 de-

1806 4840 2133 4903 testatiouis,
2178 4840 2263 4893 ubi
2310 4842 2428 4893 ait:
2467 4840 2699 4910 Populus
2743 4850 2880 4895 enim
2926 4840 3007 4896 αἱ
3044 4840 3372 4899 iracundiam

1803 4926 2085 4981 provocans
2116 4920 2213 4973 est,
2237 4922 2281 4962 et
2308 4911 2407 4977 ﬁlii
2430 4913 2703 4965 mendaces
2723 4913 2810 4981 qui
2831 4915 3008 4967 dicunt
3036 4916 3323 4968 ridentibus
3353 4930 3373 4968 :

1812 4979 1983 5033 Nolite
2010 4980 2210 5044 videre;
2234 4991 2283 5032 et
2330 4979 2745 5049 aspicientibus.‘
2781 4982 2959 5038 Nolite
3005 4987 3235 5052 aspicere
3278 5001 3374 5038 uo-

1806 5052 1882 5104 bis
1911 5066 1971 5103 ea
2000 5065 2116 5118 qua:
2148 5064 2283 5102 recta
2309 5062 2465 5112 sunt;
2495 5053 2634 5105 sicut
2666 5054 2732 5106 ad
2778 5067 2863 5106 me
2900 5054 3034 5108 dixit
3068 5055 3120 5108 in
3147 5055 3376 5108 audien-

1810 5122 1880 5173 tia
1918 5130 2004 5173 tua
2033 5121 2290 5173 Arnutfus
2337 5130 2534 5184 vester,
2567 5131 2625 5174 ut
2658 5123 3021 5189 permitterem
3082 5140 3198 5189 vos,
3236 5124 3376 5177 sicut

1807 5189 2035 5244 insututi
2094 5191 2322 5255 essetis,
2364 5193 2606 5255 sentire;
2652 5208 2957 5262 quamquam
3013 5203 3157 5247 totus
3206 5195 3262 5246 in
3312 5209 3376 5249 eo

1810 5263 1935 5334 sint,
1954 5275 2019 5313 ne
2038 5261 2159 5330 quis
2184 5262 2609 5334 t_ransgre.tiatur
2634 5261 2887 5317 terminos
2908 5263 3127 5316 Patrum
3151 5278 3379 5334 evange-

1806 5329 1955 5406 ΙιδιιιεΔ
1986 5329 2251 5406 apostoli,
2307 5329 2575 5406 Ambrosii
2604 5372 2621 5406 _,
2669 5335 2989 5406 Augustini,
3048 5329 3375 5406 Hieronymi.

1807 5401 1958 5465 Quod
1985 5401 2056 5453 ita
2080 5416 2139 5475 se
2162 5400 2456 5475 habet-etsi
2486 5403 2613 5475 mihi
2663 5400 2933 5475 liat'copia
2967 5415 3142 5457 tecum
3198 5400 3377 5475 agere,

1808 5479 2069 5541 quantum
2097 5472 2163 5523 de
2190 5480 2277 5524 tua
2303 5471 2572 5539 vigilantia
2594 5472 2929 5526 certissimus
2961 5471 3381 5541 praesumo'luce

1808 5538 2008 5614 clarius
2040 5538 2720 5614 pervidebis.’Scripsi‘tibi
2751 5544 2863 5614 haec
2888 5538 3193 5614 utcunque,
3244 5546 3382 5602 inte—
3419 5563 3422 5566 ’

1811 5612 2383 5733 νίιιιυρρθι·ῗιιιιίιιιιθυι
2406 5627 2434 5665 a
2462 5612 2688 5666 Domino
2704 5612 3041 5683 colloquendi
3070 5612 3162 5672 ubi
3185 5632 3381 5686 exspe—

1811 5691 1974 5733 etans.
2064 5700 2091 5733 ιι
2117 5694 2164 5733 e.
2197 5700 2215 5732 ι
2518 5732 2521 5733 ν
2612 5729 2620 5733 .

1807 5691 1974 5734 etatis.
2025 5682 2164 5733 Vale.
2197 5700 2215 5732 ι
