4034 6290
226 344 307 397 101

504 342 566 395 l.\'
603 342 665 395 Ι).
709 344 916 403 PAULI
948 345 1157 403 EPIST.
1192 346 1684 405 COMMENI'ARII.
1711 380 1775 391 -κ
1806 350 1874 408 IN
1906 352 2137 411 OMNES
2164 356 2383 416 EPIST.
2416 360 2479 415 ι).
2507 360 2712 417 PAULI
2745 364 3129 423 PIL-EFATIO.

3352 373 3456 427 l0‘i

223 452 541 526 preparavit;
568 457 711 525 quod
756 468 813 513 et
838 460 1271 531 archiepiscopis
1312 468 1492 517 essent
1529 461 1765 518 delecta-
1794 471 1837 528 Λ
1868 467 2003 521 siam
2052 480 2307 526 canentes
2350 473 2509 527 verba
2542 490 2679 539 mm,
2721 462 2934 533 interim
2978 482 3297 537 sonantibus
3334 500 3455 537 om-

223 548 335 602 lioni
357 555 407 600 el
430 547 635 608 honori.
666 559 722 602 et
745 552 1068 621 pauperibus
1096 552 1423 617 hominibus,
1451 554 1539 622 qui
1566 555 1775 609 archie-

221 637 429 707 piscopis
457 638 641 692 domos
685 641 984 709 sepissime
1017 641 1414 711 prmparahant,
1444 652 1624 697 essent
1671 642 1773 715 [in]

221 728 338 782 tati
364 726 569 782 laboris
614 729 1062 785 sublevationem.
1092 732 1392 788 Ecclesiam
1435 734 1597 787 etiam
1649 730 1776 785 Rof-s

219 818 400 874 fcnsem
450 833 481 871 a
520 818 887 877 fundamentis
928 823 1168 892 inempit,
1210 824 1504 893 inemptum
1548 823 1775 877 honeste

216 905 433 978 perfecit,
479 923 637 979 quam
687 910 876 967 multis
923 923 979 967 et
1026 913 1265 968 honestis
1292 912 1568 969 decoravit
1615 929 1779 968 orna-‘

216 998 405 1053 Iacntis.
432 998 658 1069 insuper
697 1010 767 1057 et
797 1003 1151 1058 reverendam
1206 1004 1335 1058 inihi
1385 1004 1774 1059 monachorum

216 1085 503 1157 religionem
548 1089 804 1147 instituit.
828 1093 1033 1148 Terras
1073 1093 1139 1148 de
1174 1093 1419 1149 Ecclesia
1450 1093 1609 1166 longo
1640 1104 1774 1150 tem-

212 1192 333 1246 pore
351 1176 902 1250 ablatasacquisivit;
935 1198 1069 1254 quas
1090 1183 1374 1240 monachis
1392 1186 1460 1239 ad
1489 1185 1688 1240 victum
1717 1192 1775 1240 et

214 1276 439 1329 vestitum
470 1269 671 1327 habere
694 1274 963 1342 permisit.
994 1273 1107 1329 Nec
1130 1289 1236 1330 non
1270 1275 1553 1333 ecclesiam
1582 1276 1642 1331 S.
1681 1276 1777 1331 Ala

212 1358 321 1423 bani
359 1357 602 1421 fundavit
646 1371 705 1418 et
750 1362 875 1419 fere
916 1366 1341 1431 consummavit;
1393 1382 1556 1437 quam
1606 1368 1779 1424 etiam

209 1460 367 1525 multis
386 1460 451 1521 et,
468 1460 733 1521 pretiosis
748 1457 1083 1515 ornamentis
1115 1456 1429 1528 ampliavit.
1450 1506 1451 1509 η

265 1539 478 1609 Semper
518 1541 739 1614 legatur
783 1546 965 1602 obitus
1014 1546 1300 1603 Lanfranci
1330 1546 1388 1603 in
1412 1552 1603 1603 ordine
1647 1563 1777 1616 suo,

207 1631 311 1711 licet
336 1632 387 1703 in
431 1633 771 1690 hebdomada
796 1635 1150 1699 Pentecostes
1179 1637 1485 1708 contigerit.
1524 1638 1770 1695 Pronun-

207 1723 319 1795 tiato
358 1724 747 1795 Anniversario
797 1729 998 1789 domini
1036 1728 1325 1789 Laufranci
1376 1730 1770 1801 archiepiscopi

204 1815 248 1867 in
266 1814 515 1883 capitulo,
544 1832 734 1889 attines
766 1821 926 1877 simul
956 1821 1153 1878 fratres
1179 1821 1473 1891 procedant
1494 1822 1554 1877 in
1582 1822 1766 1879 eccle-

1880 559 2036 613 nibus
2071 560 2257 629 signis.
2289 561 2413 616 Post
2441 578 2651 618 caulam
2686 565 2897 634 pulsato
2926 571 3079 639 signo
3109 572 3175 626 ad
3222 572 3450 645 vigilias,

1876 664 2063 706 omnes
2089 652 2245 707 solito
2287 668 2434 707 more
2458 658 2805 719 conveniant;
2842 659 2985 728 ipsas
3007 662 3214 731 vigilias
3260 665 3452 721 festive

1875 750 2162 812 peragant;
2196 744 2299 799 duo
2325 745 2564 810 tertium,
2598 755 2707 803 lrcs
2734 758 2963 811 sextum,
2988 758 3219 820 quatuor
3251 767 3394 808 nonu
3419 770 3450 808 η

1877 834 2276 904 responsorium
2304 847 2521 891 canant.
2572 838 2629 892 lu
2665 840 2902 894 crastino
2943 844 3171 912 quisque
3200 846 3452 901 sacerdos

1874 924 2095 978 missam
2118 942 2278 980 unam
2303 942 2400 999 pro
2424 944 2487 983 eo
2514 928 2785 986 celebrare
2814 931 2996 999 debet;
3026 942 3082 988 et
3109 934 3200 1005 qui
3230 933 3452 991 missam

1872 1029 1978 1068 non
1991 1022 2211 1070 cantant
2246 1017 2631 1088 quinquaginta
2644 1019 2879 1088 psalmos
2895 1031 3067 1076 cantet
3087 1021 3145 1095 [ι.
3163 1023 3451 1096 cantcnl.].

1873 1101 2036 1158 Missa
2089 1106 2140 1158 in
2173 1116 2441 1160 conventu
2478 1108 2529 1160 in
2580 1108 2717 1162 albis
2767 1108 2957 1164 festive
3004 1111 3335 1180 celebretur;
3385 1114 3451 1167 ad

1872 1204 2033 1263 quam
2065 1204 2256 1248 cantor
2284 1203 2337 1249 et
2383 1212 2503 1250 cum
2535 1212 2598 1251 co
2628 1197 2734 1251 duo
2776 1197 2864 1252 alii
2894 1198 3089 1254 fratres
3113 1200 3240 1257 sint.
3269 1202 3454 1271 cappis

1872 1283 2075 1349 induti;
2115 1294 2224 1341 tres
2254 1285 2321 1339 ad
2358 1288 2785 1357 reSponsorium,
2828 1297 3062 1358 quatuor
3089 1292 3155 1343 ad
3193 1299 3451 1357 tractum,

1871 1377 2124 1432 similiter
2154 1378 2205 1432 in
2256 1379 2461 1449 cappis.
2494 1380 2573 1433 Ad
2605 1395 2863 1459 pauperes
2893 1384 3190 1453 pascendos
3220 1382 3336 1453 ipso
3367 1383 3462 1457 die,

1872 1472 2197 1528 t'hesaurarii
2243 1474 2438 1527 debent
2466 1474 2593 1527 dare
2618 1475 2975 1547 quadraginta
3007 1475 3229 1530 solidos.
3276 1475 3471 1529 Servi?

1872 1565 2003 1619 tium
2035 1564 2306 1620 refectorii
2336 1564 2525 1617 festive
2549 1564 2664 1617 ﬁeri
2696 1566 2874 1629 debet,
2906 1567 3046 1621 sicut
3078 1565 3129 1617 in
3157 1564 3453 1619 festivitate

1868 1658 2029 1712 unius
2056 1656 2302 1727 apostoli.
2351 1655 2591 1711 Ecclesia
2621 1665 2808 1726 parata
2834 1665 3171 1727 permaneat,
3210 1655 3351 1711 sicut
3396 1654 3451 1710 in

1870 1749 2163 1805 festivitate
2192 1748 2250 1805 S.
2273 1748 2586 1819 Augustini,
2617 1748 2786 1805 donec
2818 1759 3106 1820 peragatur
3145 1748 3448 1803 servitium.

884 2184 1463 2331 nam!
1576 2181 2672 2312 nummatum:
2764 2094 2765 2097 Ὺ

226 2416 229 2419 η
552 2394 864 2451 "PlthRlS
904 2396 1300 2465 BECCENSIS,
1342 2397 1502 2452 DEIN
1552 2396 1742 2452 PRIMI

1857 2394 2071 2453 lBATlS
2110 2396 2167 2452 S.
2211 2392 2550 2451 STEPHANI
2579 2388 3035 2455 CADOIIENSIS,

1653 2569 1717 2607 AC
1755 2566 1966 2609 ’πηοεν

1100 2694 1103 2695 ί
1166 2694 1771 2773 ARCHIEPISCOPI
1812 2699 2450 2762 CANTUARIL‘NSIS

596 2880 599 2883 ·
714 2858 822 2977 'IN
864 2874 1184 2983 omnes
1216 2856 1534 2980 PAULI
1611 2880 2127 2981 EPISTOLAS
2180 2880 2857 2980 COMMENTARII

931 3099 1184 3219 CUM
1260 3097 1858 3227 GLOSSULA
1894 3100 2691 3227 iNTERJECTA.

201 3284 475 3350 Prodrunt
504 3308 676 3350 nunc
711 3289 984 3369 primum
1017 3290 1081 3350 in
1118 3289 1311 3369 lucem
1342 3306 1422 3369 ex
1450 3285 1661 3348 codice
1703 3304 1886 3369 manu
1923 3286 2185 3369 a_nliqua
2227 3298 2486 3369 exorato
2530 3289 2895 3369 monasterii
2922 3289 3138 3351 Sancti
3170 3288 3432 3352 .llelunit'

742 3380 745 3383 '
918 3388 921 3389 '
1078 3367 1456 3428 Redoncnsis
1493 3363 1996 3443 congregationis
2035 3363 2255 3427 Sancti
2287 3367 2528 3430 Mauri.

960 3646 1011 3719 ³
1072 3610 1616 3775 INCIPIT
1703 3634 1821 3706 (⁵ο)
1879 3654 2642 3773 ΡΒᾹΞΡΑΤῘΟ

1134 3881 1200 3936 IN
1240 3878 1471 3937 OMNES
1517 3876 2172 3935 EPISTULAS-SANIZTI
2209 3880 2438 3937 PAULI.

1559 4046 1987 4064 ﬂ

260 4170 470 4228 Primum
525 4179 804 4243 quaeritur
860 4180 1027 4237 quare
1077 4173 1198 4236 post
1248 4163 1538 4234 Evangelia
1568 4203 1584 4229 ,
1631 4178 1753 4233 qua:
1787 4166 1830 4220 B
1857 4150 2145 4232 statuento,
2179 4179 2232 4221 et
2266 4183 2323 4222 se
2353 4178 2539 4223 contra
2581 4169 2750 4240 legem
2784 4186 2888 4225 non
2923 4171 3101 4227 facere
3128 4172 3327 4246 Moysi,
3361 4176 3429 4231 ad

199 4265 584 4334 supplementum
617 4263 756 4333 legis
782 4269 929 4324 sunt,
959 4269 1014 4313 et
1044 4260 1096 4313 in
1131 4259 1328 4328 quibus
1355 4257 1509 4313 nobis
1548 4271 1741 4312 exem-

198 4355 265 4421 pla
297 4363 345 4409 et
387 4361 656 4426 prmeepta
714 4350 927 4404 vivendi
973 4349 1285 4417 plenissime
1333 4349 1541 4420 digesta
1595 4357 1742 4423 sunt,

201 4444 388 4500 voluerit
418 4443 714 4514 Apostolus
745 4441 844 4494 has
874 4439 1144 4509 Epistolas
1181 4439 1249 4494 ad
1275 4438 1519 4508 singulas
1550 4436 1741 4491 Eccle-

200 4534 286 4588 sias
303 4536 600 4591 destinare?
643 4533 760 4588 Ilac
784 4542 962 4586 autem
991 4546 1156 4586 causa
1189 4530 1390 4585 factum
1421 4531 1653 4593 videtur,
1688 4538 1746 4584 ut

198 4626 371 4681 scilicet
409 4628 566 4681 initia
615 4626 892 4680 nascentis
919 4623 1174 4678 Ecclesiae
1214 4623 1369 4678 novis
1405 4623 1587 4678 causis
1624 4622 1744 4677 cxi-

199 4718 424 4771 stentilms
449 4718 796 4787 praeveniret.
826 4722 880 4769 et
908 4723 962 4767 ut
997 4714 1282 4783 prtcscntia
1321 4721 1483 4784 atque
1508 4713 1741 4768 orientia

199 4820 432 4864 resecarct
460 4810 592 4863 vitia
620 4824 634 4860 :
661 4817 715 4864 et
745 4814 865 4875 post
902 4805 1110 4859 futuras
1144 4804 1458 4860 excluJeret
1485 4806 1740 4875 quiestio-

198 4913 289 4962 nes,
316 4900 557 4971 exemplo
582 4899 995 4970 prophetarum,
1028 4895 1141 4965 qud,
1173 4904 1296 4964 post
1334 4896 1534 4951 editam
1567 4896 1739 4966 legem

199 4985 354 5058 Iloysi,
395 4991 449 5044 in
486 5004 594 5059 qua
633 4987 813 5041 (IlltllIll
844 4985 933 5040 Dei
975 4985 1229 5039 mandata
1283 4984 1622 5056 legebantur,
1659 4988 1740 5039 ni-

199 5076 453 5135 hilominus
489 5089 669 5134 tamen
701 5076 947 5130 doctrina
983 5089 1079 5129 sua
1113 5075 1347 5128 rediviva
1393 5090 1609 5143 seinper
1639 5091 1739 5142 po-

200 5168 285 5233 puli
328 5182 697 5238 compressere
748 5173 1001 5234 peccata,
1050 5174 1105 5217 et
1150 5175 1373 5233 propter
1427 5167 1735 5235 exemplum

203 5258 378 5313 vivendi
413 5262 578 5314 libros
615 5258 685 5311 ad
712 5266 951 5311 nostram
983 5256 1149 5309 etiam
1190 5256 1509 5310 memoriam
1552 5266 1733 5312 trans-

201 5350 442 5406 miserunt.
494 5351 700 5404 Deinde
741 5349 1006 5418 quaeritur
1054 5363 1153 5403 cur
1184 5363 1289 5401 non
1318 5347 1548 5417 amplius
1574 5358 1767 5418 quam4

1848 4270 2131 4310 numerum
2190 4257 2487 4326 primorum
2548 4259 2799 4328 Dccalogi
2859 4261 3238 4315 mandatorum
3300 4282 3427 4319 snas

1848 4346 2116 4417 Episzolas
2166 4348 2456 4403 destinavit
2510 4351 2851 4423 [ordinavit],
2900 4361 2954 4406 et
2988 4364 3116 4421 quot
3159 4354 3247 4408 ille
3285 4366 3451 4425 pne:

1846 4441 2020 4508 ceptis
2053 4456 2083 4493 a
2112 4439 2399 4494 Pharaone
2447 4441 2683 4497 instituit
2727 4441 3014 4507 liberatos,
3067 4445 3287 4499 totidem
3338 4447 3427 4501 hic

1847 4532 2104 4602 Epistolis
2146 4548 2175 4585 a
2217 4534 2415 4587 diaboli
2462 4542 2518 4587 et
2564 4534 2886 4587 idololatria:
2931 4534 3190 4589 servitute
3232 4536 3427 4591 edocet

1847 4624 2164 4694 acquisitos.
2211 4622 2343 4679 Nam
2382 4635 2438 4680 et
2464 4625 2599 4680 duas
2641 4626 2855 4680 tabulas
2898 4625 3156 4695 lapideas,
3194 4627 3423 4682 duorum

1845 4714 2316 4770 Testamentorum
2372 4714 2599 4785 ﬁguram
2640 4714 2894 4770 habuisse
2924 4715 3025 4768 viri
3068 4716 3422 4771 crtulitissimi

1845 4804 2193 4858 tradiderunt.
2237 4804 2532 4873 Epistulam
2573 4820 2705 4859 sane
2737 4820 2858 4873 qum
2887 4805 2953 4858 ad
2986 4803 3242 4859 hehracos
3287 4808 3425 4860 scri-

1843 4897 2009 4961 bitur,
2038 4897 2257 4966 quidam
2291 4895 2440 4950 Pauli
2476 4913 2581 4951 non
2621 4912 2741 4951 esse
2780 4897 3137 4961 contendunt,
3162 4898 3249 4951 eo
3276 4898 3422 4967 quod

1843 5002 1948 5041 non
1981 4989 2051 5041 sit
2081 4985 2199 5055 ejus
2240 4988 2456 5040 nomine
2507 4986 2747 5050 titulata,
2792 4999 2846 5040 et
2889 4996 3111 5056 propter
3153 4986 3423 5041 sermonis

1842 5077 2080 5149 stylique
2107 5077 2445 5138 distantiam,
2495 5077 2590 5131 sed
2618 5086 2712 5131 aut
2738 5075 3000 5130 Barnabas
3020 5076 3175 5145 juxta
3208 5072 3443 5127 Tertn!-'

1839 5166 2067 5227 liaimm,
2104 5176 2195 5220 aut
2243 5165 2400 5219 Lucae
2440 5164 2592 5234 juxta
2629 5165 2914 5234 quosdam,
2962 5166 3047 5217 vel
3099 5169 3248 5217 certe
3292 5160 3415 5213 Cle-
3460 5200 3464 5204 -

1838 5260 2036 5313 mentis
2085 5257 2333 5326 discipuli
2364 5258 2762 5327 apostolorum
2801 5266 2858 5310 et
2892 5252 3132 5324 episcopi
3160 5252 3418 5305 Romana:

1839 5349 2097 5405 Ecclesia:
2143 5361 2263 5417 post
2292 5348 2565 5418 apostolos
2610 5349 2843 5401 ordinati
2892 5345 3161 5415 (Tenue.
3194 5342 3288 5397 lib.
3334 5340 3415 5393 De

201 5438 349 5496 decem
371 5442 634 5513 Epistolas
655 5441 722 5495 ad
749 5438 1020 5493 Eccli-sias
1046 5438 1323 5507 scripserit
1349 5455 1367 5493 :
1399 5441 1583 5495 decem
1611 5449 1736 5496 sunt
1772 5507 1806 5513 _
1837 5441 2112 5511 pudicitia,
2138 5455 2258 5508 cap.
2286 5439 2377 5492 20.
2411 5439 2605 5492 Eussn.
2639 5438 2728 5492 lib.
2761 5452 2811 5490 tv
2845 5436 2981 5488 llist.
3013 5452 3066 5486 (ι.
3092 5434 3146 5495 8,
3175 5429 3413 5499 Epistula

200 5533 314 5587 enim
338 5507 456 5588 cum
482 5549 547 5588 ea
570 5548 694 5600 qua:
722 5531 927 5585 dicitur
949 5530 1017 5582 ad
1043 5526 1323 5585 Ilebrmos:
1356 5544 1480 5582 nam
1513 5530 1735 5600 reliquae
1760 5507 1808 5569 (ἶ
1838 5507 1909 5587 ad
1933 5531 2188 5585 Hehmaos
2210 5507 2350 5598 quin
2375 5526 2527 5580 Pauli
2559 5525 2696 5594 sit.).
2746 5523 2953 5590 Quibus
2982 5516 3413 5588 respondendum

202 5638 396 5693 quatuor
446 5629 512 5683 ad
566 5623 860 5694 discipulos
908 5620 1216 5691 specialiter
1263 5630 1389 5675 sunt
1444 5634 1729 5691 porrectae.

204 5714 259 5771 Ut
279 5721 569 5775 ostenderet
606 5718 817 5773 Novum
848 5728 953 5768 non
992 5713 1305 5782 discrepare
1339 5729 1370 5767 a
1406 5713 1585 5770 Veteri
1623 5716 1729 5770 ‘l‘e-

1838 5634 1974 5680 est:
2015 5623 2070 5677 Si
2122 5631 2408 5692 prepterea
2472 5617 2623 5671 Pauli
2675 5630 2779 5670 non
2823 5613 2931 5667 erit
2970 5612 3096 5680 quia
3143 5611 3260 5679 ejus
3307 5622 3413 5657 ιιοηι

1839 5719 2001 5772 habet
2049 5729 2266 5775 nomen,
2292 5726 2421 5780 ergo
2467 5725 2567 5766 nec
2612 5707 2840 5777 alicujus
2885 5705 3016 5776 erit,
3043 5702 3172 5772 quia
3214 5697 3415 5754 nullius

256 5812 349 5885 (50)
387 5813 504 5869 llaec
538 5821 593 5869 ct
625 5825 855 5883 sequens
886 5806 1136 5862 Pncfatiu
1188 5807 1240 5862 in
1272 5806 1459 5865 colico
1491 5824 1588 5866 tus.
1623 5810 2002 5871 adscribuntur
2040 5809 2099 5866 Ι).
2134 5806 2483 5872 Ilicronvmo.
