4034 6290
475 321 578 376 ποτ,
1480 315 1539 371 ιι.
1584 313 1976 372 LANFRANCI
2016 316 2368 374 CANTUAlt.
2411 319 2727 376 ⁸ιιιιῖιιιειι.
2952 334 2955 337 ·
3090 334 3093 337 ·
3652 322 3781 383 t‘cs

474 434 688 507 nomine
718 430 983 484 tltulatur.
1028 428 1182 495 Quod
1212 428 1257 481 si
1289 426 1681 482 inconveniens
1724 428 2055 482 ahsarduah
2088 436 2133 491 Λ
2161 450 2278 485 cum
2315 450 2426 487 meo
2448 436 2635 502 spiritu
2662 435 2869 490 tradere
2890 436 3197 506 lmjnsmudi
3242 436 3457 494 Satanze
3481 440 3780 511 (ibidem).

476 542 581 597 que
608 533 717 589 est,
750 521 922 593 ipsius
960 522 1133 591 magis
1162 535 1282 574 esse
1330 520 1598 575 credenda
1629 529 1731 584 est,
1762 536 1882 591 qua:
1915 530 2063 574 tanto
2168 522 2224 577 In
2260 527 2495 580 secunda
2527 542 2657 581 vero
2700 527 3008 594 laudantur,
3062 540 3117 585 et
3145 538 3204 585 ut
3244 533 3415 602 magis
3464 548 3528 588 ac
3576 532 3780 602 magis

470 614 738 669 doctrina:
790 627 902 666 sua:
954 609 1385 680 iulgetcloquio.
1460 610 1565 665 Sed
1617 611 1873 679 quoniam
1922 611 2065 678 apud
2167 616 2454 684 protlciant
2497 627 2925 673 commonentnr.
2972 620 3177 674 Galatas
3222 637 3350 675 vero
3386 623 3499 693 jam
3548 623 3782 677 nullius

472 704 825 760 llebrreorum
855 702 1127 757 Ecclesias
1181 702 1336 771 quasi
1384 702 1696 757 destructor
1747 702 1881 772 legis
1928 701 2064 755 falsa
2166 712 2413 766 criminis
2456 720 2777 781 arguuntur,
2818 712 2920 768 nisi
2953 713 3110 783 hujus
3154 724 3360 769 tantum
3406 717 3552 786 quod
3599 716 3783 771 cum;

471 797 786 873 suspicione
826 794 1151 858 habebatur,
1185 793 1355 849 Voluit
1397 795 1565 848 tacito
1594 794 1809 847 nomine
1837 794 1903 848 de
1933 796 2067 864 ligu-

2186 805 2409 859 lissimis
2442 809 2905 877 pseudoapostolis
2938 809 3307 863 crediderunt.
3360 810 3580 879 Ephesii
3619 826 3783 864 sane

474 889 551 943 l'lS
594 887 729 959 legis
777 894 833 940 οι
866 886 1097 939 “male
1126 884 1329 938 (ληίδα
1382 884 1609 938 reddere
1661 884 1951 948 ι’ὲιιίυιιειιι,
2000 900 2067 939 ne
2169 894 2313 948 nutla
2363 896 2804 965 reprehensione,
2848 899 2944 953 sed
2995 898 3160 952 multa
3205 897 3361 954 laude
3408 909 3535 954 sunt
3576 895 3779 968 digiti,

472 980 657 1033 odium
700 976 936 1032 nominis
977 974 1251 1029 infronte
1292 975 1609 1045 prcetitulati
1654 976 1942 1029 utilitatem
1973 990 2067 1029 ex-
2168 991 2293 1059 quia
2335 989 2494 1044 [Μυκη
2545 992 2892 1061 apostolicam
2944 1002 3318 1048 servaverunt.
3368 994 3786 1064 philippmscs

474 1076 721 1161 cluderet
751 1073 1020 1129 lectionis.
1061 1070 1176 1126 Non
1230 1080 1315 1126 est
1343 1086 1476 1125 sane
1502 1071 1698 1125 mirum
1734 1070 1778 1125 si
1807 1069 2068 1139 eloqnea-
2167 1082 2331 1135 etiam
2387 1082 2555 1136 ,ηυειο
2604 1083 2776 1153 magis
2822 1083 3227 1149 collaudantur,
3274 1084 3368 1154 qui
3424 1101 3525 1139 nec
3563 1084 3786 1139 audire

476 1169 583 1223 tior
624 1167 875 1221 videatur
910 1166 962 1219 in
1006 1163 1253 1236 proprio,
1294 1164 1343 1217 id
1375 1172 1483 1227 est,
1511 1163 1755 1227 llebrteo,
1803 1178 1963 1230 quam
2011 1161 2065 1213 in

2186 1174 2385 1242 pridem
2414 1173 2576 1229 falsos
2599 1176 2874 1243 apostolos
2899 1176 3203 1230 voluerunt.
3233 1177 3784 1233 Thessalonicenses

475 1258 789 1327 peregrino,
836 1257 888 1310 id
933 1265 1038 1319 est,
1088 1255 1141 1308 in
1167 1253 1375 1313 Graeco.
1422 1267 1530 1323 quo
1572 1260 1783 1307 uetera:
1811 1251 2067 1321 Epistola:

2189 1266 2522 1322 nihilominus
2564 1267 2616 1321 in
2648 1268 2855 1323 duabus
2898 1269 3143 1339 epistolis
3181 1270 3327 1325 omni
3376 1270 3536 1325 laude
3567 1284 3789 1345 prose—

483 1359 611 1404 sunt
631 1348 873 1417 scriptm,
904 1360 1176 1400 sermone.
1204 1343 1382 1398 Movet
1408 1343 1571 1398 etiam
1602 1341 1882 1411 quosdam,
1900 1354 2070 1411 quare
2168 1358 2375 1427 quin",
2404 1374 2469 1413 ρο
2492 1360 2634 1428 (μιοά
2666 1375 2770 1415 non
2803 1360 2977 1415 solum
3015 1361 3175 1416 ﬁdem
3220 1341 3609 1418 inconcussam
3645 1377 3785 1417 scr.

479 1440 847 1494 Β⁰¹¹¹³¹¹⁰τ¹²¹¹¹
881 1435 1120 1507 urbm!“
1158 1436 1210 1489 i"
1246 1435 1527 1532 l'ri'm’us“
1562 1434 1758 1532 νθδξξθν
1788 1449 1912 1487 cum
1948 1448 2067 1486 cm"
2169 1460 2415 1514 vaverint
2446 1448 2712 1526 veritatis,
2742 1462 2835 1515 sed
2868 1462 3031 1515 etiam
3058 1463 3109 1515 in
3143 1465 3519 1532 persecutione
3550 1465 3785 1519 civium

476 1547 584 1587 non
610 1531 782 1601 primo
812 1529 1069 1599 scriptam
1104 1528 1245 1580 ratio
1287 1526 1615 1580 tnanifestet.
1664 1523 1798 1577 Nam
1830 1525 1971 1578 hanc
2009 1538 2070 1578 se
2171 1547 2373 1603 fuerim
2420 1523 2734 1605 οοηδιηηιές
2778 1551 2985 1606 inventi
3026 1551 3111 1622 (II
3144 1523 3298 1607 ilics.
3333 1570 3391 1619 tt,
3421 1554 3518 1623 c.).
3574 1538 3793 1609 Colos-

475 1622 913 1691 prolicisccntem
976 1616 1403 1715 Hierosolymam
1472 1615 1755 1685 scripsisse
1812 1624 2066 1715 testatur,
2172 1655 2359 1696 seuses
2397 1650 2578 1696 autem
2627 1638 2761 1697 mes
2790 1654 2975 1705 erant,
3005 1615 3063 1698 ὡ
3100 1659 3221 1697 cum
3261 1615 3619 1715 abApogmlo
3664 1646 3791 1701 visi

476 1728 601 1767 cum
649 1711 961 1767 Corinthios
1007 1721 1061 1763 et
1110 1709 1244 1763 alios
1274 1708 1386 1787 jam
1434 1717 1581 1769 ante,
1615 1716 1669 1760 ut
1700 1706 2066 1760 ministerium

476 1894 800 1947 adhortatus
833 1892 925 1945 sit.
973 1891 1125 1947 Unde
1160 1901 1215 1945 et
1247 1889 1471 1959 intelligi
1517 1890 1735 1959 quidam
1774 1890 1960 1943 volunt
1993 1890 2068 1943 ita

474 1998 670 2039 omnes
714 1982 975 2052 epistolas
1026 1983 1343 2046 ordinatas,
1399 1990 1459 2035 ut
1519 1981 1692 2050 prima
1752 1991 2068 2051 poneretur,

474 2075 724 2144 quamvis
755 2075 1024 2145 posterior
1062 2074 1226 2130 fuerit
1271 2075 1564 2139 destinata,
1603 2083 1660 2127 ιιι
1690 2074 1786 2143 per
1831 2072 2071 2143 singulas

474 2168 736 2237 epistolas
773 2167 1034 2238 gradibus
1069 2154 1134 2221 ad
1166 2165 1491 2237 perfectiora
1523 2168 1823 2220 veniretur.
1870 2164 2069 2218 Romae

476 2274 672 2314 norum
710 2274 945 2328 namque
972 2258 1218 2330 plerique
1253 2267 1363 2311 tant
1391 2258 1554 2311 rudes
1596 2265 1773 2317 erant,
1806 2263 1861 2308 ut
1886 2253 1941 2324 Α
1966 2265 2071 2308 ι.οη

479 2349 846 2419 intelligerent
875 2350 965 2403 Dei
1002 2366 1062 2404 se
1104 2349 1277 2419 gratia
1313 2357 1367 2402 et
1404 2364 1511 2402 non
1543 2351 1655 2401 suis
1692 2345 1903 2400 meritis
1948 2359 2076 2399 esse

478 2441 741 2505 salvatos,
768 2451 823 2495 et
852 2442 922 2496 ob
951 2445 1053 2496 hoc
1077 2442 1184 2495 duo
1211 2441 1353 2494 inter
1379 2454 1438 2493 se
1465 2422 1645 2511 populi
1676 2436 2075 2516 conﬂictarent.

479 2534 683 2589 Idcirco
715 2534 833 2589 illos
865 2523 1109 2605 indigere
1136 2533 1335 2587 asserit
1366 2530 1602 2601 corrigi,
1635 2531 1760 2585 vitia
1799 2528 2078 2600 gentilita-

480 2624 549 2679 tis
581 2625 763 2694 priora
810 2637 1267 2680 commemorans.
1301 2622 1606 2675 Corinthiis
1634 2628 1817 2673 autem
1845 2618 1959 2686 jam
1994 2618 2076 2672 di-

477 2714 554 2767 cit
596 2714 840 2768 scientiae
885 2712 1117 2783 gratiam
1165 2725 1286 2764 esse
1331 2720 1687 2775 concessam,
1733 2716 1788 2761 et
1828 2718 2073 2760 nontam

476 2817 671 2857 omnes
716 2803 982 2871 increpat,
1024 2815 1186 2870 quam
1227 2814 1326 2853 cur
1358 2805 1648 2868 peccantes
1686 2813 1792 2850 non
1829 2796 2076 2864 increpa-

477 2895 661 2950 verint
696 2892 1070 2963 reprehendit,
1101 2891 1247 2953 sicut
1268 2889 1345 2943 ait
1377 2906 1390 2943 :
1423 2888 1659 2941 Auditur
1683 2874 1829 2941 inter
1856 2902 1942 2940 ros
1966 2886 2075 2954 [or-

484 2987 681 3042 nicatio
724 2986 776 3058 (1
810 2986 934 3040 Cor.
963 3001 1014 3052 v,
1039 2984 1119 3056 ἓ).
1172 2983 1238 3038 Et
1282 2983 1479 3038 iterum
1516 2999 1529 3035 :
1561 2980 1901 3053 Congregatis
1931 2977 2073 3033 vobis

1590 1724 1669 1810 ."l
1700 1724 2066 1810 '“"_”°"_‘I3A'r'”“.“
2101 1798 2139 1810 ﬁ
2174 1733 2530 1801 corporaliter
2558 1750 2664 1787 non
2694 1733 2945 1798 fuissent,
2975 1724 3075 1790 hac
3110 1734 3268 1791 laude
3308 1736 3454 1806 digiti
3491 1738 3794 1793 haberen-

474 1805 620 1873 quod
675 1819 859 1857 secum
917 1810 1232 1871 portaturus
1279 1809 1433 1866 erat,
1480 1798 1818 1870 colligerent,
1850 1798 2067 1881 \litteris
2099 1798 2142 1858 Β
2180 1798 2306 1878 “HC:

2360 1823 2471 1877 Etsi
2502 1841 2734 1894 corpore,
2787 1825 2984 1894 inquit,
3031 1825 3215 1880 absens
3264 1843 3401 1891 sum,
3432 1828 3525 1881 sed
3568 1828 3793 1897 spiritu

2176 1918 2436 1970 vobiscum
2482 1931 2623 1980 sum,
2668 1920 2902 1986 gaudens
2942 1926 2989 1970 et
3032 1917 3211 1971 videns
3259 1919 3493 1971 ordinem
3532 1929 3794 1972 vestrum

2178 2010 2315 2081 (Col.
2349 2026 2407 2074 ιι,
2444 2015 2542 2080 a.).
2600 2010 2672 2064 De
2705 2009 2943 2064 Hebraeis
2968 2025 3096 2063 vero
3128 2010 3257 2079 quid
3307 2010 3595 2065 dicendum
3638 2020 3738 2064 est
3771 2010 3800 2062 ’ἒ

2177 2118 2403 2172 quorum
2463 2101 2979 2156 Thessalonicenses
3041 2102 3133 2170 qui
3196 2102 3486 2171 plurimum
3558 2100 3797 2154 laudati

2180 2178 2329 2259 sant,
2364 2193 2665 2248 imitatores
2696 2192 2821 2247 facti
2855 2204 2979 2247 esse
3012 2180 3286 2247 dicuntur.
3332 2190 3485 2246 Sicut
3514 2191 3632 2259 ipse
3659 2190 3797 2245 ait:

2184 2288 2247 2341 Et
2278 2304 2364 2340 res
2399 2285 2587 2355 fratres
2634 2285 2919 2338 imitatores
2962 2284 3088 2353 facti
3115 2284 3237 2338 estis
3276 2282 3640 2360 Ecclesiarum
3678 2280 3799 2333 Dei

2178 2395 2293 2450 qua:
2336 2387 2455 2431 sunt
2505 2379 2557 2431 in
2590 2374 2804 2429 Jlida’n.
2860 2376 3059 2431 Eadem
3099 2377 3236 2429 enim
3268 2375 3409 2444 passi
3441 2374 3563 2428 estis
3594 2382 3646 2425 et
3688 2388 3796 2425 vos

2181 2486 2211 2519 ιι
2251 2465 2629 2521 contribulibns
2664 2467 2863 2529 resrris,
2893 2482 3010 2536 qua:
3045 2475 3091 2518 et
3123 2465 3202 2517 illi
3239 2482 3277 2518 ο
3298 2463 3505 2516 Jnda‘is
3535 2461 3584 2531 (I
3609 2460 3794 2516 Thes.

2181 2575 2242 2621 ιι,
2277 2560 2372 2627 c.).
2424 2559 2575 2627 Apud
2608 2557 2753 2627 ipsos
2783 2572 2998 2626 quoque
3026 2557 3281 2611 llebrmos
3307 2555 3495 2609 eadem
3522 2568 3796 2625 commc-

2182 2647 2358 2702 tnbrat
2404 2647 2589 2702 dicens
2620 2664 2633 2701 :
2668 2646 2808 2700 Nam
2840 2658 2886 2700 et
2917 2649 3097 2701 vinetis
3126 2647 3383 2716 compassi
3417 2645 3559 2710 estis,
3598 2652 3649 2696 et
3690 2659 3794 2696 ra-

2176 2740 2354 2807 pinam
2400 2739 2650 2791 bonorum
2698 2748 2985 2791 vestrorum
3031 2754 3149 2791 cum
3197 2737 3391 2807 gaudio
3436 2734 3791 2804 suscepistis,

2178 2847 2540 2906 cognoscentes
2572 2853 2658 2891 ros
2702 2835 2890 2890 habere
2921 2837 3185 2891 meliorem
3232 2845 3280 2890 et
3310 2845 3606 2889 manentem
3639 2832 3793 2887 sub-

2176 2937 2426 2990 stantiam
2454 2933 2612 3005 tlIeb.
2643 2950 2696 3000 ιι,
2726 2933 2838 3006 δι).

511 3211 516 3233 Ι
1886 3206 2593 3229 .ην,ς,-

897 3348 1192 3412 ιΝριΡιΤ
1252 3348 1669 3413 PROLOGUS
1711 3346 2113 3410 SPECIALIS
2159 3344 2239 3406 ιΝ
2285 3342 2746 3407 ΕΡιεΤΟιΑΜ
2795 3343 2904 3405 AD
2951 3318 3358 3403 ROMANOS.

2011 3508 2219 3531 -ἠ

553 3608 759 3663 linum
793 3615 918 3663 sunt
945 3607 1037 3677 qui
1064 3621 1131 3662 ex
1168 3605 1370 3662 ludatis
1415 3616 1472 3661 et
1495 3605 1760 3661 Gentibus
1817 3605 2068 3662 credide‘
2099 3614 2143 3674 Ο
2174 3602 2542 3675 deputemini?
2577 3602 2643 3656 Et
2693 3601 2796 3657 hoc
2836 3600 3010 3671 ipsum
3063 3612 3168 3653 non
3214 3600 3575 3654 merebamini
3609 3616 3624 3653 :
3665 3604 3795 3660 nisi

487 3711 633 3756 rnnt.
666 3701 727 3755 lli
752 3701 982 3768 superba
1010 3698 1359 3753 contentione
1392 3698 1646 3759 volebant
1671 3712 1730 3753 se
1752 3697 2071 3753 alterutrum

486 3807 871 3863 superponere.
902 3791 1035 3844 Nam
1062 3789 1233 3845 «ιιιᾶωί
1264 3787 1514 3843 dicebant
1548 3806 1559 3841 :
1592 3786 1701 3844 Nos
1748 3803 1937 3842 sumus
1980 3802 2080 3857 po-

487 3881 648 3950 pulos
678 3880 793 3944 Dei,
835 3880 1067 3949 quosab
1098 3877 1252 3931 initio
1304 3877 1492 3931 dilexit
1517 3885 1574 3931 et
1623 3874 1775 3932 fovit.
1824 3875 1931 3930 Nos
1964 3874 2080 3930 cir-

487 3974 711 4030 cumcisi
752 3987 819 4027 ex
870 3984 1067 4042 genere
1105 3969 1375 4024 Abraham
1399 4009 1414 4034 ,
1455 3977 1645 4023 sancta
1698 3967 2082 4023 descendimus

485 4078 553 4118 ex
584 4063 772 4133 stirpe,
810 4071 865 4115 et
895 4069 1054 4115 notus
1080 4070 1226 4114 retro
1254 4059 1393 4129 apud
1417 4056 1658 4113 Judaeum
1691 4064 1901 4111 tantum
1931 4055 2077 4111 Deus

492 4151 665 4223 (Psal.
705 4166 871 4215 Lxxv,
895 4149 976 4220 2).
1009 4148 1117 4203 Nos
1139 4149 1206 4203 de
1226 4148 1460 4218 IEgypto
1476 4147 1645 4201 signis
1662 4146 1754 4201 Dei
1781 4155 1837 4201 et
1863 4145 2082 4200 virtuti-

489 4241 849 4307 busliherati,
885 4255 1033 4295 mare
1071 4239 1219 4295 sicco
1271 4238 1725 4310 pertransivimus
1773 4236 2083 4305 pede,rcum

490 4339 740 4393 inimicos
808 4345 1029 4393 nostros
1104 4334 1412 4406 gravissimi
1493 4332 1687 4387 ﬂuctus
1748 4329 2086 4385 involverent

500 4430 705 4500 (Exod.
738 4445 853 4493 xxv,
878 4426 998 4497 22).
1032 4426 1199 4482 Nobis
1223 4425 1358 4488 pluit
1385 4438 1581 4478 manna
1619 4421 1878 4476 Dominus
1908 4420 1959 4475 in
1987 4419 2082 4474 de-

500 4528 672 4583 serto,
700 4528 753 4574 et
780 4518 937 4587 quasi
968 4517 1093 4571 liliis
1117 4531 1231 4571 SIIIS
1259 4515 1481 4571 cwleste
1517 4510 1772 4583 pabulum
1805 4511 2084 4566 ministra-

493 4613 591 4666 vit.
628 4612 736 4666 Nos
780 4612 866 4665 die
917 4619 1186 4678 noctuque
1232 4609 1285 4663 in
1338 4608 1587 4664 columna
1636 4607 1794 4660 nubis
1841 4606 2085 4675 ignisque

497 4703 805 4774 prmcessit,
836 4711 895 4755 ut
920 4702 1077 4756 nobis
1110 4700 1161 4754 in
1191 4699 1336 4753 invio
1361 4699 1466 4753 iter
1517 4696 1832 4752 ostenderet
1882 4694 2080 4767 (Exod.

495 4807 635 4863 tun).
688 4794 863 4862 Atque
915 4802 973 4845 ut
1021 4801 1218 4846 cintera
1282 4789 1401 4857 ejus
1443 4789 1588 4843 circa
1647 4803 1747 4841 nos
1818 4785 2082 4840 iunnensa

492 4884 757 4939 beneficia
787 4893 1080 4944 taceamus,
1116 4897 1212 4935 nos
1235 4880 1333 4934 soli
1357 4879 1502 4949 digni
1532 4877 1733 4932 fuimus
1781 4876 1875 4930 Dei
1913 4876 2081 4945 legem

2180 3698 2307 3768 quia
2336 3696 2483 3767 larga
2507 3708 2723 3764 semper
2752 3692 2849 3748 Dei
2876 3692 3163 3747 clementia
3191 3691 3359 3745 voluit
3401 3707 3498 3746 vos
3527 3695 3597 3747 ad
3646 3710 3800 3752 noss

2183 3795 2321 3843 iram
2353 3787 2713 3842 imitationem
2745 3785 3058 3839 admittere.

2252 3878 2456 3935 Gentes
2492 3877 2658 3932 etiam
2684 3891 2715 3931 e
2750 3878 3027 3932 contrario
3070 3878 3465 3946 respondebant
3504 3896 3518 3932 :
3553 3879 3800 3945 Quanto

2186 3968 2390 4038 majora
2416 3984 2545 4039 erga
2579 3983 2677 4024 vos
2719 3967 2813 4023 Dei
2865 3967 3129 4022 beneficia
3192 3970 3569 4034 narraveritis,
3620 3981 3798 4028 tanto

2185 4061 2407 4133 majoris
2440 4076 2534 4114 vos
2552 4060 2798 4114 criminis
2847 4074 2970 4114 reos
3008 4074 3129 4115 esse
3178 4062 3573 4117 monstrabitis.
3609 4063 3797 4119 Sem-

2185 4167 2282 4221 per
2306 4150 2450 4206 enim
2479 4150 2566 4205 his
2590 4151 2845 4205 onmihus
2892 4151 3149 4205 extitistis
3199 4152 3417 4221 ingrati.
3469 4152 3605 4208 Nam
3641 4156 3799 4225 ipsis

2184 4243 2431 4314 pedibus,
2455 4243 2652 4315 quibus
2694 4244 2904 4299 aridum
2959 4260 3109 4300 mare
3151 4246 3444 4313 transistis,
3499 4248 3797 4308 ludebatis

2184 4344 2311 4387 ante
2341 4322 2478 4389 idola
2503 4349 2622 4402 qua:
2656 4333 2862 4388 fecistis
2893 4352 2906 4389 :
2940 4343 2994 4389 et
3047 4335 3098 4389 in
3154 4335 3268 4405 ipso
3296 4350 3390 4392 ore
3446 4353 3555 4408 quo
3610 4343 3797 4409 paulo

2187 4432 2311 4478 ante
2347 4422 2415 4478 ob
2454 4438 2639 4478 necem
2665 4424 3096 4478 adversariorum
3126 4423 3351 4481 Domino
3382 4433 3798 4501 eantaveratis,

2185 4515 2473 4569 simulacra
2510 4516 2662 4569 vobis
2715 4515 2828 4569 fieri
2870 4516 3167 4584 poposcitis
3223 4534 3237 4570 :
3280 4518 3384 4573 illis
3413 4519 3612 4577 oculis.
3644 4526 3794 4589 qui-

2186 4609 2286 4661 hus
2314 4609 2621 4663 venerando
2658 4609 2824 4662 Deum
2868 4608 2921 4662 in
2977 4607 3116 4662 nube
3173 4610 3257 4663 vel
3284 4610 3404 4680 igne
3450 4614 3798 4683 conspicere

2184 4699 2438 4753 sub-bnis
2500 4698 2710 4770 (Exod.
2764 4699 2979 4767 xxxn),
3029 4688 3317 4755 simulacra
3387 4701 3794 4764 intuebamini.

2185 4788 2377 4841 Manna
2425 4803 2640 4856 quoque
2678 4789 2830 4843 vobis
2866 4787 3082 4844 fastidio
3129 4789 3230 4844 fuit
3279 4791 3488 4862 (Ibid).
3535 4803 3592 4848 ct
3634 4809 3799 4852 sem-

2184 4893 2281 4946 per
2312 4878 2363 4931 in
2410 4876 2626 4932 deserto
2685 4888 2876 4931 contra
2924 4877 3207 4934 Dominum
3263 4884 3677 4945 murmurastis,
3718 4890 3799 4943 ad

497 4977 746 5045 accipere
770 5014 787 5039 ,
823 4990 1009 5029 vocem
1067 4972 1159 5025 Dei
1212 4969 1481 5039 ioqnetttis
1509 4967 1697 5021 audire
1734 4966 1913 5037 (Itoni.
1967 4966 2075 5034 nt),
2113 4974 2158 5031 υ
2185 4967 2498 5039 .⁴Ες)’βὶι1ιιι,
2529 4970 2671 5024 unde
2705 4985 2802 5023 vos
2852 4985 3011 5023 manu
3043 4970 3219 5025 valida
3273 4971 3544 5040 eiecerat,
3587 4980 3792 5036 redire

492 5067 721 5135 ejusque
752 5080 1078 5136 c0gnoscere
1105 5060 1459 5115 voluntatem.
1510 5058 1568 5113 tn
1606 5073 1714 5129 qua
1766 5057 1883 5129 lege
1928 5057 2084 5114 nobis

496 5158 800 5227 promissus
827 5165 913 5210 est
942 5152 1224 5215 Christus,
1278 5150 1346 5204 ad
1392 5163 1529 5218 quos
1559 5148 1724 5202 etiam
1765 5147 1879 5217 ipse
1904 5162 1962 5202 se
1990 5161 2085 5203 ve-

498 5248 646 5301 nisse
677 5254 907 5300 testatus
926 5251 1031 5308 est,
1062 5241 1251 5295 dicens
1276 5253 1295 5290 :
1330 5239 1452 5292 Non
1477 5239 1590 5294 veni
1614 5239 1715 5293 nisi
1735 5238 1803 5292 ad
1829 5255 1945 5294 oves
1965 5255 2085 5310 qua:

495 5340 761 5406 perierunt
794 5337 992 5389 domus
1026 5329 1198 5385 Israel
1239 5328 1578 5401 (Matium);
1634 5346 1756 5385 cum
1788 5345 1884 5385 vos
1917 5345 2084 5387 canes

499 5430 681 5498 potius
702 5443 864 5495 quant
901 5423 1147 5479 homines
1174 5420 1546 5489 appellaverit.
1600 5422 1908 5492 Equuntne
1952 5437 2084 5493 ergo

499 5527 584 5573 est
614 5527 698 5581 ut,
727 5517 870 5569 idola
899 5513 1059 5568 hodie
1081 5511 1428 5575 deserentes,
1460 5512 1657 5582 quibus
1695 5513 1763 5567 ab
1808 5513 1961 5568 initio
1989 5514 2086 5569 de-

500 5607 773 5671 servistis,
804 5604 965 5658 nobis
1015 5600 1407 5668 comparemini
1440 5616 1456 5655 :
1489 5611 1544 5657 et
1594 5617 1699 5657 non
1735 5603 1913 5672 potius
1967 5619 2090 5673 pro—

501 5699 795 5769 selytorum
821 5697 997 5753 locum
1019 5710 1085 5751 ex
1109 5692 1241 5764 legis
1268 5695 1587 5753 auctoritate
1616 5706 1670 5753 ct
1699 5697 2093 5753 consuetudine

2184 5063 2479 5131 cupientes.
2537 5061 2676 5128 Quid
2725 5062 2921 5132 plura?
2976 5063 3049 5117 lta
3119 5074 3301 5133 patres
3352 5068 3516 5122 vestri
3579 5073 3793 5129 crebra

2185 5154 2573 5223 provocatione
2613 5154 2899 5209 Dominum
2953 5155 3335 5223 irritaverant,
3374 5166 3431 5211 ut
3475 5174 3672 5216 omnes
3730 5166 3793 5221 in

2184 5260 2368 5299 eremo
2419 5253 2788 5312 morerentur,
2820 5260 2921 5299 nee
2961 5245 3082 5314 plus
3127 5260 3193 5301 ex
3219 5247 3525 5303 senioribus
3580 5264 3792 5309 eorum

2187 5351 2350 5405 quam
2380 5334 2486 5389 duo
2516 5334 2766 5389 homines
2792 5343 2992 5389 terram
3038 5337 3475 5406 repromissionis
3505 5339 3815 5401 intrarent

2192 5426 2382 5495 (Nam.
2435 5426 2568 5497 xiv).
2621 5428 2727 5481 Sed
2784 5428 2912 5497 quid
2962 5429 3180 5498 antiqua
3241 5430 3610 5500 replicamus,
3650 5450 3794 5492 cum

2193 5520 2357 5574 etiam
2387 5519 2431 5573 si
2457 5519 2543 5572 illa
2568 5519 2790 5573 ntinime
2804 5517 3093 5584 fecissetis,
3124 5519 3191 5574 de
3219 5521 3320 5575 hoc
3336 5534 3450 5577 solo
3474 5539 3637 5580 nemo
3686 5543 3795 5587 vos

2198 5609 2388 5678 dignos
2431 5608 2587 5661 venia
2609 5605 2883 5675 judicaret
2909 5647 2924 5672 ,
2969 5610 3112 5677 quod
3158 5610 3435 5666 dominum
3468 5613 3793 5685 Christum.

2200 5698 2583 5771 prophetatum
2632 5712 2847 5783 semper
2892 5699 3046 5755 vobis
3097 5701 3317 5759 vocibus
3362 5706 3796 5781 repromissum,
