3954 6306
127 322 225 381 I05

846 320 913 377 IN
951 322 1014 377 D.
1056 320 1259 379 PAULI
1300 319 1513 376 EPIST.
1554 314 1907 375 COMMENT.
1939 344 2007 357 μ-
2043 313 2257 370 EPIST.
2300 308 2391 369 AD
2431 312 2593 368 R031.

3262 312 3368 367 106

124 454 225 493 non
246 435 415 491 solum
439 431 718 503 suscipere
742 432 1014 498 noluistis,
1040 433 1135 487 sed
1164 433 1328 487 etiam
1360 426 1536 485 morte
1559 444 1685 499 pcs-
1719 438 1765 494 Α
1796 438 2104 495 terponcns,
2132 425 2204 479 ita
2229 433 2461 494 partium
2487 428 2694 476 dirumt
2741 421 3086 492 quaestiones,
3141 431 3197 476 ιιι
3240 438 3371 477 ncu-

123 528 255 581 sima
288 524 631 597 percmistis?
660 522 828 590 Quem
874 536 973 580 nos
1014 533 1072 577 ut
1104 524 1473 594 cognovimus,
1508 522 1693 576 statim

124 616 471 679 credidimus,
508 629 630 668 cum
658 611 813 685 nobis
834 613 899 683 de
924 626 989 666 eo
1026 621 1189 667 antea
1236 628 1340 667 non
1373 610 1535 666 fuerit
1564 625 1697 679 pra:-

122 707 376 761 dicatum.
408 702 561 759 Unde
582 700 855 772 probatur
871 703 1012 772 quod
1036 700 1137 773 [si],
1158 701 1313 757 idolis
1333 701 1657 756 servivimus
1680 740 1695 765 ,

125 813 227 853 non
254 795 602 852 obstinationi
631 793 959 861 mentis,sed
980 795 1295 866 ignorantia:
1310 792 1695 864 deputandum.

124 889 220 956 Qui
250 886 393 942 enim
417 886 691 958 cognitum
715 886 860 942 illico
888 886 1188 957 sequimur,
1218 887 1345 941 olim
1374 887 1558 957 utique
1607 898 1697 940 se~

128 993 430 1048 queremur,
487 977 530 1032 si
560 986 720 1031 antea
767 978 1225 1050 cognovissemus.
1260 976 1352 1032 Sic
1396 986 1578 1031 autem
1606 990 1702 1030 vos

129 1072 192 1125 de
232 1072 447 1142 generis
500 1070 783 1125 nobilitate
827 1069 1070 1139 jactatis,
1126 1069 1283 1141 quasi
1337 1084 1443 1124 non
1487 1081 1699 1123 morum

135 1162 353 1218 imitatio
380 1163 552 1233 magis
602 1177 765 1235 quam
811 1162 1047 1217 carnalis
1098 1161 1354 1216 nativilas
1395 1158 1534 1214 ﬁlios
1588 1172 1691 1213 vos

138 1253 292 1309 faciat
318 1269 437 1309 esse
466 1263 798 1309 sanctorum.
824 1252 1064 1323 Denique
1099 1253 1239 1317 Esau
1263 1261 1318 1309 et
1342 1251 1534 1307 Ismael
1567 1265 1692 1306 cum

136 1346 199 1399 de
220 1347 377 1419 stirpe
401 1338 517 1399 sint
550 1344 803 1411 Abrahm,
832 1345 1039 1413 minine
1063 1353 1241 1400 tamen
1275 1345 1325 1399 in
1382 1344 1505 1399 ﬁliis
1547 1357 1706 1412 repu-

138 1443 329 1488 tantur.

196 1512 503 1580 IHstaIiter
517 1520 926 1589 altercantibus,
954 1512 1245 1596 ApostOlus
1276 1539 1333 1579 se
1357 1523 1592 1579 medium
1626 1522 1705 1577 in-

1807 530 1948 574 trum
1967 534 2153 574 eorum
2185 534 2280 573 sua
2306 517 2514 586 justitia
2544 515 2772 572 salutem
2787 515 3050 571 meruisse
3068 515 3375 581 conﬁrmet,

1801 611 1989 669 ambos
2038 626 2168 667 vero
2213 608 2441 680 populos
2492 617 2542 663 et
2583 608 2815 662 scienter
2856 598 2911 662 et
2960 608 3197 677 graviter
3248 608 3383 664 deli-

1799 703 2006 775 quisse.
2034 699 2253 755 .lud:eos
2282 699 2520 770 quidem,
2568 697 2710 768 quod
2743 712 2839 765 per
2883 698 3386 767 praevaricationem

1800 795 1937 866 legis
1953 795 2117 848 Deum
2146 790 2598 847 inhonoraverint
2622 808 2634 843 :
2659 788 2861 844 Gentes
2891 802 3042 849 vero,
3072 790 3239 857 quod,
3262 803 3387 845 cum

1798 885 2076 955 cognitum
2104 884 2169 938 de
2216 892 2469 938 creatura
2511 889 2808 936 creatorem
2841 889 2917 934 λιιι
2974 880 3139 934 Deum
3197 878 3369 935 debue

1809 980 1933 1031 rant
1959 974 2239 1039 venerari,
2271 972 2497 1043 gloriam
2542 965 2733 1041 ejusin
2784 968 3089 1025 manufacta
3141 979 3392 1049 mutare;

1804 1067 1917 1122 rint
1971 1064 2283 1120 simulacra.
2340 1062 2610 1133 Utrosque
2659 1061 2822 1116 etiam
2882 1062 3134 1118 similiter
3175 1062 3395 1117 veniam

1802 1164 2147 1219 consecutos,
2177 1154 2414 1225 aequales
2447 1169 2567 1210 esse
2592 1152 2873 1209 verissima
2927 1152 3140 1208 ratione
3169 1152 3387 1207 demon-

1801 1256 1964 1313 strat,
1996 1256 2052 1303 et
2081 1248 2384 1317 praesertim
2414 1263 2538 1303 cum
2585 1246 2637 1301 in
2682 1245 2870 1300 eadem
2914 1243 3034 1315 lege
3074 1244 3391 1316 praedictum

1813 1340 1882 1396 sit
1905 1349 1958 1395 et
1985 1337 2197 1395 Iudaeos
2219 1346 2274 1393 et
2319 1348 2508 1409 gentes
2549 1337 2618 1392 ad
2672 1337 2874 1394 Christi
2923 1337 3080 1393 ﬁdem
3122 1337 3396 1392 vocandus

1816 1444 1931 1485 esse
1956 1431 2224 1485 ostendat.
2262 1427 2624 1496 Quamobrem
2669 1428 2906 1485 vicissim
2934 1445 3030 1485 eos
3079 1430 3392 1491 humilians,

1815 1522 1883 1577 ad
1912 1536 2100 1592 pacem
2131 1528 2187 1576 et
2212 1520 2557 1586 concordiam
2582 1520 2919 1577 cohortatur.

123 1801 179 1871 6
199 1801 257 1855 Β.
289 1798 586 1873 LANFRA
600 1798 725 1873 NCI
750 1802 807 1857 iu
828 1800 1089 1873 Epistolas
1116 1800 1182 1855 ι).
1216 1798 1387 1873 Pauli
1441 1800 1716 1873 Comnteu-
1745 1804 1789 1865 Β
1822 1800 2056 1855 cundum
2096 1800 2345 1857 ordinem
2369 1801 2789 1868 Melchisedech;
2826 1817 2926 1858 nec
2954 1818 3181 1860 necesse
3233 1790 3397 1859 foret.

193 1872 453 1926 tariorum
478 1872 711 1925 uternim't
750 1873 810 1927 S.
853 1874 1137 1927 Ausscuus
1205 1872 1300 1927 lib.
1335 1889 1349 1927 I
1426 1875 1577 1928 evist.
1624 1872 1712 1939 57,

191 1942 245 1996 in
292 1941 433 2010 ﬁne,
459 1942 687 1996 scribens
709 1943 877 1998 eidem
913 1942 1238 2011 Lanfranco.

196 2031 472 2103 Epistolas
502 2031 562 2087 Β.
594 2030 749 2088 Pauli
801 2040 984 2089 vestro
1030 2032 1286 2088 mandato
1326 2033 1564 2088 libenter
1619 2045 1719 2103 pa-

137 2134 323 2181 rentes
358 2124 513 2181 vobis
539 2124 845 2182 mittimus:
906 2125 1004 2181 sed
1051 2124 1306 2195 quoniam
1355 2125 1507 2194 quod
1540 2124 1595 2179 in
1625 2137 1697 2179 eo

130 2215 250 2269 dem
291 2214 486 2269 codice
505 2214 571 2269 de
599 2223 781 2269 vestro
802 2228 965 2284 Opere
989 2222 1091 2279 est,
1114 2213 1242 2271 alibi
1274 2229 1379 2268 non
1430 2214 1714 2278 habemus,

124 2306 263 2360 satis
283 2305 431 2361 scire
462 2305 691 2375 potestis
736 2304 866 2373 quid
895 2319 993 2360 vos
1035 2303 1325 2374 aliquando
1380 2303 1584 2359 factum
1638 2304 1718 2359 ire

127 2398 530 2452 desideremus.

120 2487 354 2544 Paratus
382 2486 707 2543 LOIIBARDUS
737 2502 788 2541 IN
813 2501 1111 2541 ensrouu
1166 2486 1234 2541 ad
1285 2485 1552 2553 Hebr-leas,
1602 2501 1717 2555 cap.

532 2571 651 2622 vm,
685 2558 815 2617 citat.
838 2556 902 2610 Β.
931 2556 1313 2625 Lanfraueum.

197 2648 280 2701 Ad
312 2647 432 2701 haec
450 2646 610 2701 verba
644 2646 710 2711 (si
737 2660 856 2715 ergo
883 2654 1011 2699 esset
1036 2661 1191 2710 super
1219 2654 1434 2713 terram,
1458 2630 1551 2701 uec
1580 2655 1712 2701 esset

134 2736 401 2811 sacerdos,
442 2736 595 2806 etc.).
629 2734 791 2802 Quasi
821 2734 965 2789 dicat
1004 2752 1017 2789 :
1062 2735 1129 2790 Et
1170 2735 1294 2805 quia
1326 2737 1504 2792 omnis
1532 2752 1716 2793 sacer-

140 2826 240 2882 dos
260 2826 451 2891 oﬁ'ert;
477 2839 608 2896 ergo
630 2826 675 2880 si
697 2835 843 2881 esset
862 2825 1058 2896 aliquis
1082 2840 1244 2896 super
1290 2836 1515 2893 terram,
1545 2828 1598 2884 id
1628 2836 1713 2884 est

132 2916 180 2970 si
216 2926 362 2973 esset
394 2916 851 2987 aliquisterrenus
864 2919 1143 2991 sacerdos,
1158 2918 1247 2988 qui
1262 2930 1440 2989 posset
1454 2922 1716 2993 mundare

137 3009 634 3078 getutshumanum,
656 3023 755 3063 nec
776 3018 921 3064 esset
939 3009 1132 3079 aliquis
1147 3009 1399 3066 sacerdos
1417 3013 1713 3068 secundum

135 3098 380 3152 ordinem
398 3096 813 3162 Melchisedech;
841 3112 963 3152 cum
986 3097 1119 3153 satis
1140 3105 1322 3153 essent
1346 3099 1433 3169 qui
1458 3097 1715 3155 oﬁ‘errent

145 3202 338 3242 munus
353 3188 651 3244 secundum
684 3188 881 3259 legem,
906 3188 1077 3254 idest,
1104 3189 1195 3259 qui
1224 3188 1483 3245 oﬂ‘erreut
1505 3189 1717 3261 legalis.

144 3275 245 3331 Se‘d
286 3279 417 3347 quia
463 3277 540 3331 illi
567 3280 822 3333 mortales
848 3285 1022 3344 erant,
1046 3286 1099 3332 et
1145 3285 1489 3349 peccatores.
1518 3289 1571 3334 et
1602 3280 1722 3334 ideo

141 3367 397 3421 mundare
418 3367 717 3421 humanum
745 3380 914 3438 genus
943 3381 1048 3420 non
1083 3366 1324 3423 valentes
1347 3406 1362 3432 ,
1395 3366 1542 3421 venit
1561 3366 1724 3422 Chri-

137 3466 246 3511 stus
266 3457 674 3529 quisulﬁceret.
699 3456 906 3522 Velita;
935 3454 1449 3529 Siergo,etc.,Quasi
1466 3458 1636 3514 dicat:
1660 3458 1728 3513 Et

139 3549 256 3615 quia
282 3548 543 3605 Chrislus
556 3548 904 3605 constituitur
916 3548 981 3602 ad
1002 3546 1335 3604 olferendum
1355 3566 1368 3604 :
1386 3564 1513 3620 ergo
1537 3549 1622 3605 vel
1645 3560 1729 3605 est

141 3647 406 3708 terrenus,
422 3659 461 3696 ιν
474 3642 521 3697 el
545 3643 782 3698 cmlestls
792 3643 1068 3708 sacerdos;
1082 3644 1175 3698 sed
1196 3650 1441 3699 terrenus
1463 3660 1589 3711 non,
1607 3646 1730 3716 quia

140 3730 181 3785 si
195 3744 522 3805 cssetsuper
535 3742 754 3796 terram,
779 3733 955 3789 idest:
974 3734 1019 3788 si
1044 3734 1290 3790 terrenus
1303 3744 1445 3790 esset
1467 3737 1729 3807 pontifex,

148 3831 204 3875 ut
228 3825 432 3893 Aaron,
459 3840 573 3879 Itec
594 3834 739 3879 esset
769 3825 957 3894 utique
988 3825 1242 3882 sacerdos
1270 3825 1323 3880 in
1352 3834 1616 3882 asternum
1645 3844 1731 3885 se—

1823 1890 1957 1946 Cum
1985 1900 2152 1958 esset,
2179 1902 2287 1949 etc.
2327 1892 2435 1949 Sed
2462 1894 2709 1950 Christus
2733 1902 2819 1950 est
2848 1891 3114 1950 Sacerdos
3161 1894 3219 1950 in
3239 1906 3402 1949 διιεῖ-ι

1825 1998 1979 2051 nunt,
2010 1999 2118 2041 non
2147 1986 2330 2042 Aaron
2368 2001 2384 2039 :
2422 1986 2596 2043 Aaron
2643 1986 2820 2051 enim,
2848 1987 2972 2056 quia
3005 1995 3250 2042 mortuus
3295 1996 3401 2050 est,

1821 2090 1927 2135 non
1967 2082 2052 2130 est
2090 2077 2379 2135 sacerdos:
2405 2076 2654 2133 Christus
2693 2092 2859 2144 vero,
2899 2078 2990 2149 qui
3049 2078 3219 2147 vivit,
3252 2093 3399 2133 sem-

1822 2164 2071 2232 piternus
2100 2174 2185 2221 est
2214 2168 2494 2233 sacerdos,
2550 2181 2658 2221 non
2712 2167 2837 2221 talis
2872 2167 3061 2237 quales
3093 2176 3222 2223 sunt
3278 2184 3401 2222 um-

1818 2255 2016 2310 bratile
2046 2258 2409 2313 sacerdotium
2437 2268 2709 2335 gerentes.
2744 2257 2843 2313 Vel
2864 2258 2937 2313 ita
2974 2276 2984 2311 :
3016 2258 3075 2331 Si
3118 2275 3260 2328 ergo.
3292 2268 3399 2314 etc.

1824 2345 1985 2402 Ratio
2019 2347 2110 2402 hic
2146 2348 2453 2403 ostenditur
2508 2365 2611 2403 cur
2654 2348 2906 2403 Christus
2952 2364 3013 2403 se
3065 2349 3323 2402 obtulerit
3388 2366 3403 2401 :

1822 2436 1990 2504 Quasi
2012 2437 2196 2493 dicat:
2226 2437 2460 2495 Necesse
2496 2449 2582 2494 est
2608 2438 2884 2494 Christum
2929 2439 3127 2508 aliquid
3170 2439 3385 2500 oll'crre.

1818 2542 1953 2597 ergo
1982 2529 2219 2599 seipsum
2240 2567 2257 2596 ,
2285 2536 2341 2584 et
2364 2541 2491 2597 vero
2531 2543 2752 2584 necesse
2780 2536 2866 2583 est
2906 2538 2968 2584 ut
2995 2527 3187 2584 oﬁ‘erat
3222 2546 3234 2583 :
3266 2530 3393 2598 quia

1820 2620 1921 2675 etsi
1952 2629 2097 2676 esset
2124 2634 2288 2690 super
2325 2618 2525 2675 terram
2558 2661 2573 2685 ,
2628 2620 2772 2691 quod
2828 2636 2927 2692 pro
2968 2628 3189 2690 peccato
3232 2621 3407 2674 totius

1823 2712 2007 2766 mundi
2037 2712 2196 2781 digne
2219 2722 2403 2782 posset
2428 2710 2609 2768 (ια’υηὶ
2635 2755 2651 2780 ,
2693 2728 2801 2769 non
2854 2722 2997 2769 esset
3028 2722 3204 2767 tamen
3229 2728 3404 2767 sacer-

1827 2800 1931 2856 dos
1952 2798 2149 2858 olI'erre
2180 2802 2393 2873 dignus.
3272 2860 3275 2861 ν
3404 2786 3409 2791 ’

2185 2914 2319 2970 Item
2343 2917 2702 2988 eodemcapite
2723 2918 2883 2989 paulo
2904 2886 3018 2987 post
3035 2932 3053 2969 :

1829 3004 1859 3016 ’
1888 3015 1971 3071 Ad
2000 3015 2140 3082 lucc,
2180 3016 2314 3072 Cum
2342 3028 2511 3073 essent
2546 3021 2639 3090 qui
2665 3020 2913 3089 oﬁerrem
2944 3035 3164 3074 munera
3218 3020 3408 3074 secan-

1818 3105 1944 3161 dum
1971 3105 2153 3177 legem.
2188 3106 2380 3163 Restat
2426 3124 2556 3179 ergo
2587 3119 2645 3164 ut
2672 3111 2786 3181 ipse
2811 3126 2872 3165 se
2898 3109 3117 3175 olferat,
3141 3120 3196 3166 et
3216 3110 3295 3165 sic
3321 3110 3405 3163 ine

1823 3203 1997 3251 troeat
2024 3197 2077 3251 in
2102 3196 2360 3253 interiora
2386 3198 2533 3255 caeli.
2581 3199 2714 3266 Qui,
2744 3209 2874 3266 etc.,
2892 3206 3076 3255 essent
3103 3201 3197 3270 qui
3245 3199 3411 3254 olI'er-

1823 3295 1947 3341 rent
1991 3302 2235 3354 munera,
2268 3290 2410 3356 dico,
2462 3291 2589 3361 quid
2640 3292 2775 3348 tales
2828 3293 3177 3356 deserviunt,
3205 3294 3257 3347 id
3288 3301 3409 3354 est.

1825 3376 1993 3446 plene'
2027 3378 2668 3453 serviunt,exemplariid
2693 3392 2774 3438 est
2800 3382 3003 3456 ﬁgura).
3030 3384 3413 3452 Et,proides:,

1828 3468 2031 3523 umbrte
2049 3469 2357 3526 caelestium
2388 3474 2797 3544 mysteriorum.
2811 3474 3071 3529 Caelestis
3083 3474 3214 3529 dicit
3230 3473 3418 3528 Eccle—

1828 3558 1966 3619 siam
1990 3599 2003 3623 ,
2058 3562 2212 3629 cuius
2264 3578 2391 3632 pars
2436 3565 2488 3621 in
2538 3566 2693 3623 cmlis
2720 3580 2972 3637 regnans,
3004 3580 3130 3635 pars
3162 3574 3412 3621 secutura

1835 3648 2217 3720 peregrinatur
2240 3651 2292 3705 in
2317 3652 2495 3708 terris.
2525 3653 2815 3727 Exemplar
2856 3662 3066 3722 autem,
3114 3663 3171 3709 et
3196 3653 3418 3709 umbras

1836 3739 1969 3798 dicit
1995 3743 2213 3812 ﬁguras,
2261 3757 2381 3813 quae
2408 3746 2684 3817 exemplar
2713 3757 2876 3815 sunt,
2900 3752 2955 3804 et
2979 3739 3287 3818 exemplum
3336 3759 3416 3801 re-

1834 3842 2023 3906 spectu
2053 3834 2384 3903 diversarum
2418 3851 2615 3895 rerum.

148 3990 3404 4037 MM

345 4096 1017 4202 7EPISTOLA
1081 4111 1189 4198 B.
1268 4109 1617 4201 PAULI
1694 4110 2279 4206 APOSTOLI
2357 4117 2508 4205 AD
2589 4109 3193 4242 ROMANos;

674 4264 1091 4328 GLOSSULA
1133 4263 1663 4327 INTERJECTA
1699 4264 1774 4325 Β.
1812 4265 2303 4330 LANFRANCI
2345 4268 2874 4331 EXPLANATA.

1535 4388 1915 4401 ﬁ

1505 4446 1735 4502 CAPUT
1770 4449 2060 4504 PRIMUM.

226 4546 283 4601 I.
316 4544 518 4601 Paulus
545 4558 734 4601 servus
763 4540 891 4598 Jesu
920 4539 1145 4598 Christi.
1179 4539 1233 4592 ἓ.
1262 4546 1481 4593 vocatus
1517 4538 1810 4619 apostolus.
1843 4540 1895 4593 5.
1926 4550 2238 4613 segregatus
2267 4542 2315 4596 in
2335 4541 2680 4613 Evangelium
2721 4541 2815 4597 Dei
2851 4541 3199 4613 (commendat
3231 4543 3408 4599 Evam

1495 4629 2066 4688 COMMENTARIUS.

227 4727 593 4783 Lssrnsacus.
638 4722 874 4793 Epistola
902 4724 1015 4777 haec
1043 4721 1262 4791 ponitur
1283 4719 1488 4790 prima,
1509 4732 1732 4793 propter
1765 4730 1808 4785 D
1836 4725 2157 4782 humilitatis
2191 4743 2385 4784 nomen
2416 4738 2519 4785 est.
2574 4726 2771 4782 Paulus
2820 4735 3102 4797 postquam
3156 4730 3422 4799 adductus

165 4817 414 4875 honorem
442 4816 713 4882 civitatis,
737 4815 805 4869 in‘
830 4830 934 4884 qua
959 4813 1249 4883 primatum
1280 4813 1451 4869 totius
1476 4814 1732 4871 'ECel'esia:

168 4910 325 4963 voluit
350 4925 470 4966 esse
506 4910 669 4964 Deus.

228 4998 374 5055 CAP.
398 5000 543 5055 l.--I
557 5040 571 5054 .
596 4997 1036 5069 Aususrtausﬁur
1051 5012 1287 5051 sermone
1303 4994 1378 5051 De
1402 4998 1735 5057 mliversioue

173 5086 227 5141 S.
256 5087 446 5156 Pauli,
497 5103 624 5158 cap.
661 5087 733 5153 4,
767 5096 897 5142 tom.
920 5086 1013 5157 Χ).
1081 5083 1284 5140 Paulus
1328 5101 1503 5141 servus
1542 5085 1737 5141 Christi

172 5178 310 5234 Jesu.
350 5182 483 5236 Erat
530 5179 661 5237 Saul
713 5196 807 5235 rex
853 5180 1156 5250 pessimus,
1196 5187 1509 5248 persecutor
1560 5181 1734 5236 sancti

172 5272 305 5325 servi
336 5272 429 5327 Dei
458 5272 662 5337 David,
704 5280 759 5325 et
790 5271 936 5341 ipse,
984 5271 1029 5326 si
1073 5270 1395 5325 meministis
1422 5311 1438 5337 ,
1497 5271 1564 5326 de
1592 5272 1734 5326 tribu

175 5357 467 5429 Beniamin.
508 5362 637 5419 lude
686 5363 791 5418 iste
829 5360 1026 5419 Saulus
1074 5352 1237 5418 ducto
1287 5375 1471 5418 secum
1521 5364 1738 5420 tramite

178 5452 457 5520 saeviendi,
488 5455 585 5510 sed
617 5454 671 5509 in
693 5454 898 5527 saevitia
930 5468 1040 5509 non
1084 5468 1489 5523 permansuros.
1544 5454 1734 5511 Postea

179 5538 219 5591 si
250 5539 443 5599 Saulus
469 5558 499 5598 a
527 5544 718 5610 Saule,
741 5544 945 5600 Paulus
966 5545 1138 5600 unde?
1165 5543 1358 5600 Saulus
1379 5561 1409 5599 a
1433 5560 1554 5615 rege
1575 5561 1738 5601 saevo.

180 5624 305 5685 Cum
336 5634 626 5705 superbus,
659 5652 783 5692 cum
810 5638 1035 5693 saeviens
1054 5677 1072 5705 ,
1113 5651 1237 5692 cum
1259 5638 1433 5694 caedes
1456 5638 1737 5694 anhelans.

178 5713 367 5778 Paulus
397 5734 577 5779 autem
609 5727 794 5782 unde?
830 5727 1059 5795 Paulus,
1091 5727 1218 5799 quia
1241 5728 1513 5795 modicus,
1543 5728 1739 5784 Paulus

445 5817 697 5881 PATIOL
764 5820 881 5881 CL.

1838 4829 1924 4876 est
1952 4819 2019 4875 ad
2042 4817 2388 4889 Magistrum,
2429 4820 2520 4889 qui
2550 4820 2653 4874 ait:
2688 4820 2885 4874 Discite
2907 4837 2939 4875 a
2970 4836 3081 4887 me,
3131 4838 3162 4893 q
3186 4823 3255 4875 .ia
3283 4824 3422 4876 mitis

1840 4926 1956 4963 sum
2002 4919 2051 4964 et
2105 4908 2318 4963 humilis
2347 4908 2521 4963 corde.
2568 4907 2701 4963 Cum
2750 4905 2949 4965 Paulus
2989 4911 3277 4981 proconsul
3325 4925 3422 4979 per

1835 4999 1952 5068 ejus
1979 4999 2222 5053 militiam
2250 4988 2514 5054 debellata
2542 4998 2791 5067 superbia
2811 5039 2825 5064 ,
2850 4998 2950 5053 sub
2978 4998 3083 5053 leui
3103 4999 3232 5069 jugo
3264 4998 3421 5053 Chrio

1836 5088 1906 5144 sti
1954 5089 2151 5145 missus
2198 5097 2381 5157 esset,
2436 5089 2575 5160 regis
2630 5089 2811 5159 magni
2883 5088 3229 5159 provincialis
3285 5086 3423 5142 eli“:-

1840 5187 1961 5234 ctus
1985 5218 2001 5244 ,
2044 5179 2167 5249 ipse
2197 5192 2413 5250 quoque
2447 5194 2511 5234 ex
2559 5178 2741 5249 priore
2792 5174 2957 5233 Saulo
2993 5176 3189 5231 Paulus
3232 5180 3420 5232 vocari

1843 5271 2045 5325 amarit
2070 5272 2139 5325 ob
2165 5278 2271 5324 tam
2301 5286 2549 5341 magnum
2591 5258 2800 5340 insigne
2825 5270 3084 5324 victoriae.

1915 5361 1969 5414 2.
2011 5359 2379 5415 Lanrnsucus.
2433 5358 2674 5415 Vocatus.
2730 5358 2819 5414 Vel
2861 5358 2930 5413 ab
2962 5356 3267 5413 hominibus
3293 5399 3308 5427 ,
3338 5360 3422 5415 vel

1847 5469 1877 5507 a
1901 5452 2012 5508 Deo
3424 5472 3425 5475 ‘

1916 5544 1970 5600 5.
2011 5543 2345 5617 Segregatus.
2381 5543 2427 5599 Α
2454 5545 2664 5601 εωιοιίδ
2694 5543 2984 5615 apostolis,
3018 5544 3160 5601 sicut
3188 5545 3242 5601 in
3272 5547 3421 5602 Actis

1849 5638 2212 5707 apostolorum
2257 5637 2387 5693 dicit
2418 5636 2651 5707 Spiritus
2679 5644 2934 5692 sanctus:
2989 5636 3264 5709 Segregate
3289 5638 3422 5692 mihi

1855 5728 2075 5784 Paulum
2115 5738 2163 5783 et
2214 5727 2514 5783 Barnabam
2555 5726 2607 5780 iu
2659 5743 2786 5789 opus
2839 5727 2908 5781 ad
2951 5728 3091 5798 quod
3149 5722 3420 5797 assumpsi

3184 5816 3223 5873 ὁ
