4034 6290
519 286 623 363 101
1518 281 1578 336 Β.
1628 280 2022 362 LANFRANCI
2061 279 2112 337 (ι.

2214 279 2412 336 I'UAR.
2465 278 2783 335 ARCHIEP.
3693 270 3807 335 108

517 399 709 468 gelium
741 395 892 467 quasi
917 395 1266 464 repentinum)
1308 394 1447 464 quod
1476 394 1801 464 promiserat
1823 408 1919 462 per
1948 394 2240 462 prophetas
2270 407 2430 456 suos,
2467 393 2517 445 in
2549 390 2851 460 Scripturis
2882 400 3086 449 sanctis
3110 392 3328 461 prolatis
3368 393 3435 447 de
3474 392 3618 447 Filio
3657 406 3772 445 suo
3794 430 3812 454 ,

517 488 608 557 qui
648 487 820 541 factus
850 486 899 539 ei
926 486 995 540 ad
1021 487 1269 541 honorem
1292 502 1443 540 suum
1474 499 1541 541 ex
1570 486 1779 540 semine
1808 485 1972 539 David
2022 485 2075 537 in
2114 500 2172 537 eo
2205 484 2344 554 quod
2384 483 2681 539 secundum
2716 498 2974 550 carnem,
3025 483 3089 549 4,
3145 482 3196 537 5.
3234 484 3326 554 qui
3368 485 3817 555 praedestinatus

517 589 602 635 est
628 578 801 633 Filius
833 578 927 633 Dei
958 579 1012 633 in
1049 578 1252 633 virtute
1276 618 1292 644 ,
1340 576 1393 632 6.
1437 577 1733 632 secundum
1775 575 2039 646 Spiritum
2088 576 2535 631 sanctiﬁcationis
2575 576 2989 644 sanctiﬁcantem
3018 617 3034 642 ,
3085 577 3369 646 probatus,
3420 579 3474 632 '7.
3513 593 3581 633 ex
3613 592 3819 632 resur-

515 669 756 726 rectione
786 680 1122 725 mortuorum
1144 670 1477 723 morientium
1507 666 1635 722 Iesu
1656 666 1857 723 Christi
1888 665 2102 722 Domini
2137 669 2331 735 nostri,
2364 669 2750 738 (commendato
2773 668 2953 722 datare
2975 669 3158 738 oﬂicii,
3182 669 3509 723 commendat
3533 670 3816 739 ofﬁciunt)

515 777 615 833 per
645 777 803 831 quem
835 762 1143 832 accepimus
1172 761 1399 832 gratiam
1432 761 1785 815 remissionem
1811 768 2177 830 peccatorum,
2229 768 2283 815 et
2315 760 2673 830 apostolatum
2711 760 2777 815 ad
2825 759 3182 816 obcdicndum
3228 769 3284 814 ut
3317 760 3595 816 obediatur
3624 759 3765 814 tidei
3799 801 3815 825 ,

516 853 575 907 in
601 852 855 908 omnibus
879 853 1128 923 gentibus
1164 867 1229 905 ea:
1258 851 1401 904 omni
1428 866 1614 921 genere
1644 851 1874 920 gentium
1906 865 2005 920 pro
2036 851 2256 908 nomine
2286 842 2427 921 ejus,
2467 869 2567 906 non
2600 851 2783 906 merito
2806 892 2820 917 ,
2868 851 2944 905 vel
2971 852 3041 904 ad
3070 852 3279 907 laudem
3307 852 3531 906 nominis
3556 850 3683 922 ejus
3704 890 3721 916 ,
3760 849 3819 903 in

516 945 716 1013 quibus
740 943 871 998 estis
899 951 955 998 et
980 958 1076 998 vos
1113 941 1289 997 vocati
1316 981 1331 1007 ,
1368 950 1423 994 ut
1456 942 1570 995 sitis
1596 940 1725 997 Jesu
1757 940 1994 1009 Christi;
2019 943 2272 998 omnibus
2302 944 2392 1012 qui
2431 953 2558 998 sunt
2589 944 2774 998 Romae
2798 984 2812 1008 ,
2848 942 3057 999 dilectis
3083 943 3215 1010 Dei,
3260 945 3313 1000 8.
3350 944 3558 999 vocatis
3588 941 3819 997 sanetis

512 1037 574 1092 '9.
615 1034 799 1090 Gratia
831 1034 1065 1089 remissio
1090 1042 1422 1105 peccatorum
1458 1033 1641 1099 vobis,
1671 1041 1752 1099 et,
1798 1034 1865 1087 l0
1890 1075 1904 1099 ,
1939 1034 2023 1089 ll.
2055 1050 2161 1104 pax
2190 1049 2219 1087 a
2269 1036 2409 1100 Deo,
2466 1035 2819 1090 reconciliatio
2842 1035 2983 1105 apud
3031 1035 3235 1102 Deum,
3282 1036 3445 1091 Patre
3474 1045 3717 1100 nostro,
3754 1042 3814 1089 et

516 1127 749 1183 Domino
773 1124 899 1182 Jesu
930 1124 1170 1179 Christo.
1202 1123 1445 1179 Primum
1478 1125 1699 1194 quidem
1732 1124 1936 1195 gratias
1960 1139 2060 1192 ago
2082 1124 2192 1178 Deo
2221 1141 2340 1180 meo
2374 1125 2461 1180 12.
2493 1140 2591 1195 per
2616 1125 2800 1180 Jesum
2845 1123 3118 1180 Christum
3166 1142 3264 1196 pro
3303 1129 3557 1184 omnibus
3598 1126 3771 1181 vobis

518 1221 645 1291 quia
674 1218 806 1274 ﬁdes
831 1226 1015 1273 vestra
1046 1216 1400 1271 annuntiatur
1423 1216 1476 1271 in
1502 1216 1760 1271 universo
1792 1216 2013 1271 mundo.
2053 1216 2231 1271 Testis
2260 1218 2404 1271 enim
2438 1217 2568 1271 mihi
2599 1227 2680 1272 est
2714 1217 2854 1272 Deus
2879 1257 2893 1283 ,
2938 1217 3025 1272 cui
3070 1219 3251 1274 servio
3285 1219 3337 1273 in
3388 1220 3584 1290 spiritu
3630 1231 3768 1272 meo
3796 1256 3814 1281 ,

519 1321 625 1361 non
655 1316 858 1361 tantum
890 1322 979 1360 ore
1004 1347 1018 1372 ,
1060 1306 1112 1359 in
1144 1305 1434 1377 Evangelio
1466 1304 1588 1359 Filii
1622 1306 1738 1376 ejus
1761 1346 1775 1370 ,
1806 1304 1947 1375 quod
1976 1304 2093 1359 sine
2123 1304 2527 1361 intermissione
2560 1306 2880 1361 memoriam
2927 1309 3090 1363 vestri
3142 1307 3283 1365 facio
3315 1324 3531 1380 semper
3578 1310 3641 1364 in
3684 1322 3819 1363 ora-

517 1397 755 1454 tionibus
784 1392 959 1461 meis,
1003 1396 1300 1452 obsecrans
1328 1396 1370 1450 si
1396 1396 1667 1462 quomodo
1705 1395 1922 1449 tandem
1954 1394 2243 1463 aliquando
2276 1396 2365 1466 (ad
2390 1396 2653 1465 e/Iectum)
2688 1411 3002 1467 prosperum
3036 1397 3140 1453 iter
3179 1398 3405 1453 habeam
3436 1400 3489 1454 in
3517 1398 3821 1454 voluntate

516 1487 611 1542 Dei
648 1488 895 1543 veniendi
920 1487 985 1541 ad
1016 1502 1132 1543 vos.
1172 1486 1349 1541 Causa
1381 1486 1641 1541 veniendi.
1675 1487 1935 1542 Des'dero
1965 1486 2108 1541 enim
2142 1487 2323 1542 videre
2354 1502 2483 1550 vos,
2543 1488 2786 1559 (remotio
2828 1490 3138 1559 suspicionis
3171 1489 3327 1560 lucri)
3366 1499 3422 1544 ut
3455 1490 3672 1561 aliquid
3722 1490 3816 1545 15.

516 1577 802 1646 impertiar
820 1576 974 1631 vobis
995 1577 1183 1647 gratim
1219 1575 1517 1645 spiritualis
1547 1616 1562 1641 ,
1600 1576 1992 1645 prtedicationis
2024 1574 2101 1629 vel
2128 1576 2507 1631 miraculorum
2539 1578 2623 1631 14.
2653 1578 2719 1633 ad
2747 1578 3147 1635 conﬁrmandos
3169 1594 3283 1635 vos.
3334 1580 3460 1635 lam
3508 1582 3655 1636 enim
3689 1597 3817 1634 crc-

518 1667 762 1722 diderant
781 1708 797 1733 ,
830 1667 882 1721 id
910 1676 1025 1731 est,
1048 1666 1285 1721 desidero
1309 1666 1470 1721 simul
1498 1665 1768 1721 consolari
1793 1666 1847 1719 in
1877 1665 2029 1720 vobis
2056 1676 2152 1734 per
2174 1680 2292 1721 eam
2318 1682 2436 1736 qua:
2459 1668 2688 1722 invicem
2713 1676 2816 1735 est,
2843 1669 2926 1723 15.
2958 1670 3116 1724 ﬁdem
3138 1657 3377 1725 vestram
3401 1681 3564 1741 atque
3597 1687 3819 1738 meam,

517 1777 610 1828 per
643 1761 934 1815 doctrinam
956 1759 1081 1828 ﬁdei
1102 1799 1117 1824 ,
1148 1775 1306 1830 quam
1340 1775 1667 1813 communem
1692 1758 1962 1812 habemus.
2016 1756 2153 1813 Nolo
2178 1768 2359 1814 autem
2400 1776 2497 1815 vos
2546 1762 2827 1832 ignorare,
2885 1763 3083 1820 fratres
3107 1806 3121 1830 ,
3181 1766 3307 1836 quia
3360 1746 3501 1837 Saepe
3536 1766 3820 1838 proposui

520 1852 707 1906 venire
736 1851 802 1904 ad
833 1864 926 1905 vos
958 1851 1035 1914 (et
1067 1849 1155 1903 16.
1181 1849 1488 1919 prohibitus
1520 1864 1638 1904 sum
1666 1866 1697 1901 a
1724 1846 1957 1912 Salano,
1985 1846 2063 1901 vel
2087 1848 2487 1905 insidiatoribus
2525 1868 2699 1922 usque
2726 1854 2923 1926 adhuc)
2949 1865 3006 1909 ut
3033 1855 3266 1925 aliquem
3300 1857 3532 1913 fructum
3556 1860 3815 1914 habeam

525 1952 579 1996 et
612 1943 663 1996 in
702 1941 884 2005 vobis,
913 1940 1054 1995 sicut
1083 1948 1137 1994 et
1163 1939 1218 1993 in
1246 1939 1460 1995 caeteris
1483 1939 1754 2010 gentibus.
1806 1936 2042 2003 Grtccis,
2095 1952 2157 1993 ac
2185 1937 2468 2011 Barbaris,
2522 1943 2853 2012 sapientibus
2893 1953 2948 1997 et
2996 1944 3375 2014 insipientibus
3419 1948 3645 2003 debitor
3689 1963 3819 2003 sum

522 2031 948 2101 prtedicationis,
986 2029 1061 2084 ita
1092 2028 1255 2099 (quod
1289 2029 1341 2083 in
1375 2028 1481 2099 me)
1512 2035 1820 2099 promptum
1846 2036 1927 2083 est
1954 2036 2008 2082 et
2030 2027 2085 2081 in
2114 2028 2292 2091 vobis,
2326 2030 2543 2097 (scilicet
2570 2032 2774 2087 debitor
2800 2034 2939 2104 sum)
2991 2035 3081 2104 qui
3133 2035 3317 2090 Roma:
3364 2039 3495 2093 estis
3526 2041 3826 2111 evangeli-

530 2139 682 2182 zare.
714 2124 828 2179 Non
859 2124 1004 2179 enim
1034 2122 1297 2178 erubesco
1329 2122 1699 2193 Evangelium.
1729 2121 1902 2175 Causa
1930 2137 2025 2174 cur
2051 2137 2154 2174 non
2180 2121 2448 2176 erubescat
2479 2124 2649 2193 ipsum
2678 2124 3043 2197 Evangelium.
3087 2132 3172 2184 17.
3205 2130 3386 2188 Virtus
3417 2135 3561 2188 enim
3597 2134 3699 2189 Dei
3740 2124 3830 2188 est

510 2224 588 2276 "in
616 2220 844 2275 salutem
869 2215 1013 2271 omni
1038 2214 1312 2280 credenti,
1344 2214 1431 2268 l8.
1461 2213 1644 2269 .ludaeo
1671 2213 1922 2283 primum,
1968 2214 2047 2283 8,
2072 2212 2129 2282 9
2154 2212 2279 2283 quia
2306 2214 2531 2283 primum
2558 2217 2799 2284 credidit,
2827 2230 2882 2275 et
2915 2220 3126 2277 Grrrco.
3157 2223 3247 2289 lli,
3274 2224 3361 2279 20.
3387 2224 3607 2281 Iustitia
3642 2227 3831 2281 Evan—

531 2311 731 2383 gelium
771 2308 913 2364 enim
962 2307 1057 2363 Dei
1083 2306 1135 2361 in
1163 2320 1227 2361 eo
1250 2304 1487 2359 credente
1524 2303 1797 2359 revelatur
1824 2303 2056 2359 revelatis
2080 2319 2145 2358 ex
2177 2302 2279 2359 ﬁde
2311 2304 2363 2358 in
2388 2304 2568 2371 ﬁdem,
2604 2308 2657 2361 in
2679 2306 2901 2367 salutem
2932 2320 2987 2364 ut
3012 2313 3145 2366 vivat
3169 2354 3183 2378 ,
3212 2313 3349 2369 sicut
3379 2316 3651 2386 scriptum
3682 2325 3775 2371 est
3811 2334 3826 2369 :

1866 2456 2441 2517 COMMENTARIUS.

527 2614 635 2665 eos.
667 2596 734 2652 Et
763 2595 1023 2666 pr0pheta
1058 2591 1321 2649 Jeremias
1349 2591 1523 2647 dicit:
1559 2591 1693 2646 Ecce
1724 2592 1833 2646 dies
1868 2592 2109 2655 veniunt,
2143 2601 2193 2660 Α
2226 2668 2231 2671 _
2292 2593 2378 2648 12.
2422 2594 2528 2650 Per
2555 2597 2733 2652 .Iesum
2766 2598 3051 2655 Christum.
3112 2602 3215 2659 Per
3266 2604 3438 2673 ipsum
3492 2606 3647 2662 enim
3696 2614 3836 2663 sunt

530 2690 655 2743 dicit
690 2687 942 2741 Dominus
962 2728 976 2749 ,
1008 2694 1056 2738 et
1091 2684 1648 2753 consummabo_super
1677 2682 1889 2736 domum
1921 2680 2114 2746 Israel,
2218 2692 2388 2753 grata:
2420 2684 2532 2740 Deo
2567 2687 2867 2745 oblationes
2896 2706 3118 2761 operum
3158 2703 3490 2750 nostrorum.

527 2792 573 2832 et
603 2793 759 2848 super
790 2777 1006 2830 domum
1031 2775 1175 2830 Juda
1202 2792 1390 2829 novum
1414 2783 1799 2845 testamentum.
1832 2773 1947 2829 Joel
1978 2790 2116 2844 quo-
2290 2775 2377 2830 15.
2420 2775 2703 2848 Impertiar
2739 2783 2947 2850 gratim.
2990 2782 3116 2838 Haec
3172 2793 3255 2839 est
3312 2787 3485 2854 gratia
3542 2789 3831 2857 spiritalis

528 2885 673 2939 que:
710 2865 1016 2932 Exsultate,
1060 2865 1188 2935 ﬁlia:
1224 2865 1387 2931 Sion,
1428 2875 1476 2920 et
1508 2864 1762 2919 ltetamini
1795 2864 1851 2917 in
1896 2863 2117 2917 Domino
2219 2881 2381 2935 quam
2414 2870 2665 2937 cupiebat
2694 2871 2782 2926 ille
2826 2873 3131 2944 impertire,
3192 2885 3252 2931 ut
3297 2878 3542 2933 eamdem
3602 2881 3778 2935 fidem
3813 2924 3828 2944 ,

528 2959 640 3014 Deo
664 2968 860 3022 vestro,
888 2956 1013 3027 quia
1043 2954 1185 3009 dedit
1218 2956 1359 3010 vobis
1386 2955 1649 3009 doctorem
1669 2953 1915 3024 justititv.
2221 2974 2382 3028 quam
2408 2960 2697 3029 Apostolus
2725 2963 2959 3018 habebat
2985 2964 3037 3019 in
3064 2965 3301 3033 Christo,
3332 2978 3385 3024 et
3409 2969 3511 3039 ipsi
3550 2966 3835 3026 haberent

601 3049 657 3103 4.
698 3047 1139 3101 Prwdestinatus.
1201 3044 1396 3101 Caeteri
1447 3045 1694 3099 homines
1751 3042 2117 3112 prtedestinati
2220 3062 2381 3118 quam
2420 3051 2657 3106 nondum
2683 3054 2923 3122 perfecte
2952 3056 3316 3112 crediderant.

539 3146 670 3192 sum
696 3146 757 3191 ut
780 3135 875 3189 ﬁlii
908 3135 1001 3190 Dei
1027 3142 1215 3190 essent
1238 3148 1337 3205 per
1358 3134 1608 3205 gratiam.
1632 3132 1731 3187 llic
1758 3140 1937 3225 aulem
1962 3132 2120 3185 Chri-
2293 3141 2378 3195 ll.
2421 3143 2500 3196 Ad
2532 3144 2941 3215 conﬁrmandos.
2981 3147 3099 3204 iam
3127 3151 3271 3204 enim
3307 3151 3374 3206 ab
3401 3151 3522 3208 aliis
3546 3155 3830 3225 apostolis

539 3241 659 3286 atus
691 3238 750 3284 ut
773 3228 944 3283 Filius
962 3228 1053 3283 Dei
1073 3234 1243 3293 esset,
1266 3226 1322 3281 in
1346 3227 1544 3281 virtute
1579 3225 1876 3280 divinitatis
1899 3223 1993 3279 Dei
2016 3240 2119 3294 qua
2222 3232 2525 3289 doctrinam
2558 3236 2830 3307 Evangelii
2857 3254 2921 3292 ex
2961 3247 3113 3310 parte
3144 3242 3450 3298 audierant.

534 3333 847 3396 assumptus
902 3333 1019 3380 est:
1077 3337 1199 3393 quae
1247 3322 1421 3377 virtus
1454 3320 1624 3377 Filius
1659 3320 1752 3376 Dei
1800 3328 1917 3387 est,
1954 3319 2006 3374 id
2040 3328 2123 3376 est
2296 3323 2383 3378 15.
2427 3323 2612 3380 Fidem
2641 3337 2861 3381 vestram
2882 3338 3035 3399 atque
3060 3347 3250 3397 meam,
3287 3334 3338 3387 id
3363 3343 3445 3389 est
3476 3350 3573 3405 per
3603 3337 3834 3391 doc;rio

535 3415 775 3471 Verbum
806 3415 1003 3472 Patris.
2225 3428 2351 3468 nam
2380 3415 2502 3471 ﬁdei
2530 3432 2692 3487 quam
2720 3420 3080 3474 communiter
3110 3422 3390 3477 habemus.

605 3509 662 3564 5.
701 3508 1047 3563 AUGUSTINUS
1083 3505 1184 3577 (De
1233 3506 1401 3577 prted.
1463 3514 1793 3567 sanctorum,
1847 3520 1897 3559 c.
1940 3502 2006 3558 l5
2032 3544 2047 3567 ,
2081 3512 2119 3557 t.

2298 3510 2385 3566 16.
2428 3509 2794 3567 LANFRANCUS.
2839 3511 2908 3565 Et
2940 3513 3232 3579 prohibitus
3263 3531 3400 3568 sunt.
3427 3514 3594 3583 Quasi
3621 3518 3835 3587 aliquis

536 3598 671 3670 Vll).
712 3597 815 3664 Qui
841 3598 1242 3669 prcedestinatus
1271 3606 1366 3651 est.
1417 3595 1835 3651 Praedestinatus
1858 3604 1941 3650 est
1966 3593 2125 3650 Chri-
2226 3603 2473 3658 diceret:
2517 3597 2573 3656 Si
2601 3602 2769 3657 Deum
2816 3618 2975 3674 rogas
3021 3612 3078 3657 ut
3117 3605 3338 3671 venias;
3395 3608 3441 3659 si
3476 3607 3839 3665 incessanter

537 3699 689 3755 stus,
719 3698 779 3743 ut
829 3689 920 3758 qui
949 3688 1163 3742 futurus
1195 3695 1316 3742 erat
1368 3686 1663 3741 secundum
1692 3699 1911 3739 carnem
1954 3682 2124 3738 Filius
2226 3693 2415 3747 venire
2446 3691 2754 3756 desideras,
2809 3707 2905 3747 cur
2937 3708 3041 3748 non
3083 3694 3277 3749 venis?
3319 3692 3630 3751 Prohibitus
3662 3715 3791 3753 sum
3818 3741 3835 3764 ,

539 3782 708 3836 David
726 3822 740 3846 ,
766 3789 911 3837 esset
934 3789 1063 3834 tunc
1094 3779 1213 3850 (aL,
1240 3779 1468 3850 tamen.)
1498 3778 1665 3861 Filius
1697 3779 1789 3832 Dei
1817 3778 1868 3831 in
1899 3776 2123 3838 virtute,
2228 3782 2431 3852 inquit,
2458 3798 2619 3852 usque
2642 3782 2837 3837 adhuc.

537 3871 835 3926 secundum
866 3870 1129 3941 Spiritum
1162 3869 1642 3936 sanctiﬁcationis,
1693 3869 1816 3938 quia
1857 3876 2016 3922 natus
2042 3877 2127 3923 est
2300 3874 2390 3928 17.
2444 3871 2616 3928 Virtus
2646 3874 2808 3933 enim.
2848 3875 3022 3931 Causa
3054 3893 3152 3932 cur
3177 3894 3281 3933 non
3326 3882 3605 3936 erubescit
3641 3882 3839 3939 Evan-

540 3966 607 4019 de
636 3963 841 4033 Spiritu
865 3970 1055 4018 sancto
1080 3970 1133 4016 et
1158 3961 1363 4030 virgine
1394 3961 1578 4016 Maria.
2158 3944 2203 4004 Β
2230 3964 2426 4034 gelium
2455 4004 2470 4031 ,
2498 3964 2789 4023 videlicet.
2816 3967 2940 4036 quia
2964 3968 3137 4024 virtus
3167 3970 3260 4024 Dei
3290 3980 3374 4026 est
3394 3973 3542 4025 omni
3574 3976 3840 4030 credenti

611 4056 666 4109 ti.
703 4053 1072 4107 Lsnrasncus.
1112 4051 1411 4107 Secundum
1464 4054 1707 4123 spiritum
1748 4052 2128 4131 sanctiﬁcatio-
2232 4056 2551 4126 Evangelia;
2608 4072 2705 4127 per
2740 4048 2901 4127 quam
2955 4068 3009 4114 et
3063 4070 3284 4129 peccata
3335 4062 3738 4132 remittuntur,
3786 4076 3845 4122 et

545 4146 651 4211 nis,
678 4142 975 4199 secundum
1004 4144 1147 4211 quod
1186 4142 1386 4213 placuit
1423 4141 1645 4214 Spiritui
1675 4144 1856 4198 omnia
1885 4141 2125 4198 sanctiﬁ-
2232 4164 2355 4203 cum
2383 4163 2469 4203 res
2491 4151 2684 4220 exigit,
2719 4151 2975 4205 miracula
3002 4154 3156 4207 tium.

542 4236 714 4291 ςῃῃιῖ,
2304 4236 2390 4291 18.
2430 4236 2645 4291 Judtro.
2682 4237 2785 4292 Per
2806 4238 3048 4295 Judicum
3070 4250 3125 4296 et
3145 4241 3390 4299 Graacum
3412 4258 3606 4300 omnes
3633 4256 3849 4316 gentes

616 4327 669 4381 7.
711 4324 798 4380 Ex
838 4326 1231 4381 resurrectione.
1274 4325 1378 4382 Per
1423 4327 1524 4382 hoc
1563 4328 1965 4383 evidentissime
2007 4344 2130 4398 pro-
2232 4327 2532 4400 intelligere
2556 4370 2570 4395 ,
2602 4345 2631 4383 a
2660 4341 2812 4398 parte
2837 4341 3006 4387 totum
3039 4334 3223 4388 voluit.

547 4417 737 4472 batum
769 4424 883 4483 est,
919 4415 1194 4471 Christum
1237 4416 1421 4473 Jesum
1453 4431 1640 4473 verum
1672 4419 1869 4486 Deum,
1906 4429 1961 4474 et
2004 4435 2132 4476 vere
2306 4423 2392 4478 19.
2432 4422 2774 4480 AUGUSTINUS
2806 4425 3028 4496 (Quwsl.
3053 4445 3232 4499 evang.
3259 4430 3349 4484 lib.
3378 4447 3440 4496 ιι,
3467 4442 3661 4502 quwst.
3720 4433 3848 4501 '59.)

548 4508 650 4563 Dei
676 4506 875 4563 Filium
902 4521 1024 4563 esse
1043 4548 1058 4574 ,
1089 4509 1212 4578 quia
1241 4509 1407 4563 multa
1434 4523 1665 4578 corpora
1698 4519 2054 4564 surrexerunt
2076 4511 2131 4564 in
2234 4514 2455 4569 Iustitia
2480 4514 2576 4570 Dei
2602 4517 2859 4587 revelatur
2898 4518 2952 4572 in
2981 4537 3041 4573 eo
3071 4537 3136 4574 ea:
3164 4522 3271 4588 ﬁde
3302 4523 3358 4577 in
3404 4524 3591 4593 ﬁdem,
3625 4539 3699 4580 ex
3736 4527 3849 4582 ﬁde

550 4597 668 4667 ejus
698 4599 1113 4653 resurrectione.
1144 4597 1258 4653 Nisi
1283 4598 1429 4653 enim
1460 4613 1620 4653 verus
1649 4598 1788 4653 Deus
1812 4607 1989 4665 esset,
2023 4609 2132 4654 tam
2239 4605 2524 4660 verborum
2552 4605 2605 4658 in
2632 4606 2790 4660 ﬁdem
2818 4622 3023 4675 rerum,
3048 4624 3113 4663 ex
3142 4611 3247 4665 ﬁde
3270 4612 3322 4665 in
3345 4628 3452 4682 qua
3478 4614 3853 4671 ministratur

549 4702 809 4758 magnum
832 4696 887 4744 et
914 4687 1217 4743 inauditum
1246 4686 1568 4741 miraculum
1598 4686 1778 4742 facere
1800 4703 1906 4742 non
1928 4698 2131 4767 posset.
2240 4694 2348 4749 Deo
2371 4694 2424 4749 in
2450 4693 2596 4748 illam
2637 4692 2725 4747 ubi
2760 4693 2973 4750 fruatur
3017 4698 3143 4764 Deo,
3187 4699 3301 4769 (lib.
3335 4701 3410 4754 De
3427 4702 3602 4771 spirit.
3638 4713 3691 4755 et
3725 4704 3844 4767 lic.,

622 4785 675 4839 8.
724 4782 958 4838 Vocatis.
999 4782 1057 4837 ld
1082 4790 1164 4837 est
1192 4822 1206 4845 ,
1235 4781 1435 4835 adhoc
1461 4780 1683 4845 vocati,
1716 4788 1774 4834 ut
1796 4781 1917 4835 sitis
1940 4783 2131 4837 sancti.
2239 4799 2356 4854 cap.
2408 4784 2495 4849 11,
2559 4793 2689 4838 tom.
2742 4784 2862 4857 lli),
2921 4802 2987 4842 ex
3018 4788 3121 4843 ﬁde
3154 4790 3648 4847 athninistrantium
3714 4793 3852 4867 [al.,

550 4871 618 4927 Et
640 4873 716 4928 sic
754 4873 806 4927 in
833 4872 1046 4928 caeteris
1078 4869 1385 4941 hujusmodi
1411 4869 1781 4937 accipiendum
1806 4880 1908 4926 est.
2241 4875 2670 4929 annuntiantium
2699 4874 2718 4947 ]
2762 4876 2813 4931 in
2853 4876 3012 4933 ﬁdem
3043 4880 3431 4936 obedientium.

621 4964 674 5019 9.
717 4961 926 5030 Gratia,
962 4961 1209 5017 remissio
1232 4968 1599 5030 peccatorum.
1786 4964 1793 4975 '
2307 4966 2397 5020 2t).
2436 4965 2638 5019 Lsnrn.
2666 4966 3042 5023 Justitia.Alia
3064 4985 3226 5024 causa
3252 4986 3349 5025 cur
3376 4985 3484 5025 non
3516 4971 3850 5042 erubescat,

623 5058 713 5113 10.
756 5057 827 5111 Et
874 5072 1014 5128 pax,
1085 5068 1190 5122 qua
1243 5051 1657 5107 reconciliamur
1708 5055 1996 5119 Creatori,
2054 5055 2137 5108 vel
2240 5056 2366 5125 quia
2394 5056 2449 5110 in
2478 5070 2542 5110 eo
2571 5056 2842 5111 revelatur
2866 5058 3102 5126 qualiter
3144 5059 3485 5128 Deusjustos
3517 5060 3691 5117 faciat
3720 5080 3855 5121 cre-

554 5149 901 5205 observantia
950 5146 1214 5201 bonorum
1275 5157 1528 5212 operum,
1590 5157 1688 5213 per
1718 5159 1877 5214 quam
1917 5160 2021 5216 pax
2057 5155 2141 5201 est
2244 5147 2432 5202 dentes
2486 5162 2552 5201 ex
2612 5146 2715 5202 ﬁde
2766 5146 2975 5203 Veteris
3004 5148 3356 5216 Testamenti,
3388 5166 3494 5220 qua
3518 5167 3662 5208 unus
3697 5155 3853 5211 Deus

560 5238 704 5293 inter
731 5237 900 5291 Deum
930 5243 983 5289 et
1011 5231 1308 5287 hominem.
2168 5288 2211 5311 η
2245 5236 2584 5304 credebatur,
2611 5236 2928 5307 proﬁciente
2980 5238 3034 5293 in
3087 5238 3247 5294 ﬁdem
3296 5240 3430 5296 Novi
3463 5242 3851 5311 Testamenti,

628 5288 1101 5384 nimum...
1144 5324 1304 5395 (lib.r
1361 5322 1632 5393 Retract.,
1692 5343 1740 5383 c.
1780 5326 1894 5401 24).
1955 5326 2139 5383 Gratia
2168 5288 2214 5350 ο
2245 5288 3256 5400 .‘.‘..;:§.1..;'.‘.ista:"erant;
3296 5288 3855 5399 ’έίῖιὶὲιῆξῖῖιῖιὶῖζὲὶ

558 5419 702 5473 vobis
733 5426 780 5471 et
806 5431 931 5485 pax.
969 5412 1154 5469 Gratia
1199 5414 1294 5469 Dei
1347 5426 1465 5483 est,
1518 5431 1623 5486 qua
1678 5419 1833 5474 nobis
1874 5418 2141 5475 donantur
2244 5408 2418 5473 triuus
2439 5418 2582 5473 Deus
2603 5418 2863 5485 creditur,
2897 5426 2954 5473 ut
2984 5435 3049 5475 ex
3078 5420 3182 5477 ﬁde
3233 5423 3616 5495 annuntiantis
3669 5427 3855 5495 proﬁ-

556 5514 814 5577 pereata,
846 5512 905 5558 ut
936 5504 1348 5562 reconciliemur
1370 5507 1508 5575 Deo;
1545 5524 1649 5579 pax
1686 5517 1865 5565 autem
1895 5509 1989 5565 Dei
2026 5505 2136 5576 est,
2244 5510 2424 5564 ciente
2456 5510 2509 5563 in
2544 5509 2701 5565 ﬁdem
2748 5509 3040 5579 credentis,
3073 5510 3158 5567 vel
3185 5525 3251 5566 ex
3282 5510 3386 5567 ﬁde
3432 5494 3733 5569 verborum
3792 5518 3849 5570 in

559 5614 665 5665 qua
691 5593 1107 5650 reconciliamur
1152 5597 1283 5653 Deo.
1327 5598 1531 5663 Tamen
1574 5602 1811 5660 sciamus
1847 5612 2136 5672 utramque
2245 5600 2403 5655 ﬁdem
2433 5614 2630 5654 rerum.

561 5686 629 5739 ad
660 5682 963 5756 generalem
1003 5676 1093 5742 Dei
1122 5688 1349 5758 gratiam
1376 5690 1666 5759 pertinere.
2264 5688 2267 5691 ’
