3954 6306
562 265 656 319 111
1561 260 1622 315 Β.
1664 257 2055 315 LANFRANCI
2086 256 2439 313 CANTUAR.
2485 252 2801 313 ARClllEP.
3709 256 3787 310 lli

558 378 699 433 enim
729 375 844 445 agis
864 388 982 446 qua:
1005 372 1239 445 judicas.
1270 371 1323 427 ὅ.
1368 372 1580 429 Scimus
1607 372 1752 428 enim
1779 372 2039 443 quoniam
2076 369 2337 438 judicium
2365 371 2456 425 Dei
2493 382 2577 425 est
2600 371 2651 423 4.
2690 368 2996 424 Secundum
3027 369 3309 424 veritatem
3345 369 3403 424 in
3437 384 3532 426 eos
3560 371 3646 441 qui
3690 372 3785 427 talia

559 476 745 537 agunt.
777 466 830 521 5.
866 466 1158 520 Existimas
1184 472 1363 519 autem
1389 465 1512 531 hoc,
1536 479 1569 518 ο
1592 466 1774 531 homo,
1804 463 2123 534 quijudicas
2144 477 2239 517 eos
2265 465 2356 532 qui
2400 462 2523 516 talia
2556 471 2742 532 agunt,
2792 469 2847 515 et
2874 460 3006 517 facis
3052 476 3137 528 ea,
3167 463 3288 531 quia
3336 470 3394 517 tu
3424 461 3645 533 effugies
3664 463 3785 532 judi-
3851 471 3854 474 ’

558 560 701 614 cium
754 558 885 612 Dei?
931 558 984 610 6.
1036 559 1116 611 An
1171 556 1387 611 divitias
1431 556 1693 611 bonitatis
1741 555 1878 625 ejus,
1930 565 1983 611 et
2004 555 2279 625 patientiae
2330 566 2383 609 et
2429 552 2854 624 longanimitatis
2897 553 3221 621 contemnis,
3257 554 3491 609 nolendo
3520 557 3787 625 respicere?

560 654 778 722 ignoras
804 650 1056 721 quoniam
1086 649 1390 721 benignitas
1420 648 1513 703 Dei
1561 649 1626 704 ad
1655 648 1970 719 patientiam
2006 658 2055 702 te
2077 647 2340 702 adducit?
2366 645 2672 702 Secundum
2713 655 2894 700 autem
2925 646 3177 713 duritiam
3215 655 3362 723 tuam
3398 658 3454 703 et
3486 649 3787 719 impmnitens

558 759 675 809 cor,
701 743 1044 798 thesaurizas
1068 758 1225 811 auges
1242 741 1337 797 tibi
1358 740 1514 808 iram,
1539 740 1592 795 in
1623 742 1709 795 die
1734 741 1826 795 irte
1846 741 1895 794 7.
1923 749 1979 795 et
2002 738 2490 808 revelationisjusti
2511 738 2701 808 judicii
2729 738 2842 805 Dei,
2871 740 2961 810 qui
2989 740 3179 796 reddet
3201 742 3501 812 unicuique
3531 744 3784 798 secundum

556 850 721 905 opera
745 832 880 903 ejus,
902 834 955 889 8.
981 834 1046 890 iis
1069 833 1281 902 quidem
1306 832 1397 904 qui
1420 832 1715 888 secundum
1738 832 2049 901 patientiam
2071 832 2195 888 boni
2219 834 2419 904 Operis,
2441 831 2799 905 qui‘patienter
2821 832 3010 887 bonum
3034 849 3161 903 Opus
3182 834 3490 905 perﬁciunt,
3508 836 3560 891 9.
3579 836 3783 908 gloriam,

556 928 728 981 carnis
750 925 1200 980 commutationem
1222 934 1277 981 et
1305 926 1583 990 honorem,
1619 925 1743 995 quia
1767 921 1868 993 ﬁlii
1892 923 1988 978 Dei
2012 924 2334 980 vocabuntur
2365 922 2450 979 10.
2483 934 2536 980 et
2560 924 3013 994 incorruptionem
3041 935 3309 996 quaerunt,
3338 914 3511 983 vitam
3540 939 3783 992 aeternam,

557 1035 660 1073 non
682 1019 892 1073 laudem
920 1019 1251 1089 temporalem
1283 1034 1301 1072 :
1341 1019 1440 1089 ιι
1477 1018 1562 1073 11.
1612 1017 1691 1073 lis
1730 1026 1907 1072 autem
1939 1017 2028 1087 qui
2075 1026 2201 1073 sunt
2250 1017 2423 1073 vivunt
2457 1018 2543 1073 l2.
2574 1034 2639 1074 cx
2669 1018 3038 1085 contentione,
3085 1028 3141 1074 et
3178 1020 3271 1090 qui
3306 1036 3420 1075 non
3478 1022 3786 1091 acquiescant

557 1109 808 1176 veritati,
848 1110 933 1164 15.
963 1110 1193 1165 credunt
1216 1117 1396 1165 autem
1428 1108 1723 1179 iniquitati,
1766 1109 1852 1163 14.
1899 1109 1980 1163 ira
2032 1117 2087 1165 et
2130 1109 2454 1179 indignatio.
2490 1110 2792 1166 Tribnlatio
2841 1120 2896 1166 et
2934 1113 3181 1182 angustia
3215 1113 3473 1167 reddetur
3503 1115 3558 1169 in
3606 1129 3783 1168 omnem

558 1199 797 1253 animam
829 1198 1066 1254 hominis
1099 1200 1377 1270 operantis
1425 1199 1650 1267 malum,
1682 1200 1773 1265 15,
1809 1199 1896 1255 l6.
1926 1199 2096 1256 Judaei
2143 1201 2378 1272 primum
2421 1204 2649 1257 maxime
2686 1213 2741 1258 et
2778 1201 2988 1270 Gmci;
3032 1203 3118 1260 17.
3149 1203 3317 1276 gloria
3353 1215 3541 1261 autem
3572 1217 3624 1262 et
3650 1207 3783 1261 honor

557 1301 609 1344 et
642 1306 745 1361 pax
776 1308 808 1344 a
839 1290 1271 1361 concupiscentiis
1309 1293 1457 1347 omni
1502 1292 1750 1361 operanti
1802 1293 2001 1347 bonum
2035 1292 2301 1361 reddetur,
2347 1294 2434 1350 18.
2475 1292 2663 1353 Judteo
2690 1295 2925 1365 primum
2954 1304 3010 1351 et
3035 1295 3245 1353 Graeco.
3281 1297 3371 1353 19.
3420 1297 3541 1353 Νοη
3572 1297 3702 1353 eiiiin
3726 1307 3784 1351 est

556 1382 799 1451 acceptio
828 1382 1180 1453 personarum
1211 1382 1351 1454 apud
1381 1385 1568 1438 Deum.
1589 1384 1677 1438 20.
1709 1383 2027 1453 Quicunque
2047 1384 2191 1439 enim
2221 1384 2338 1441 sine
2362 1385 2478 1456 lege
2505 1395 2893 1456 peccaverunt,
2920 1388 3038 1443 sine
3066 1387 3182 1459 lege
3213 1389 3439 1445 crimine
3464 1392 3782 1461 prmuaricata

560 1472 689 1543 legis
727 1475 1010 1544 peribunt;
1071 1482 1127 1529 et
1173 1475 1481 1546 quicunque
1535 1476 1589 1530 in
1640 1475 1759 1547 lege
1804 1484 2187 1546 peccaverunt,
2232 1478 2325 1532 2i.
2358 1492 2455 1547 per
2499 1478 2674 1550 legem
2723 1495 2816 1549 per
2863 1480 3352 1549 prwvaricationem
3412 1482 3782 1541 damnabantur,

554 1564 964 1635 judicabuntur.
1016 1565 1132 1621 Non
1170 1567 1313 1622 enim
1344 1568 1621 1625 auditores
1660 1568 1796 1638 legis
1820 1568 1955 1639 justi
1997 1577 2123 1625 sunt
2170 1570 2311 1640 apud
2353 1570 2543 1637 Deum,
2587 1571 2679 1625 22.
2709 1572 2805 1628 sed
2850 1571 3087 1629 factores
3134 1572 3265 1646 legis
3297 1575 3408 1629 sive
3456 1574 3511 1629 in
3555 1573 3680 1644 lege,
3706 1588 3781 1626 me

555 1655 670 1709 sine
697 1655 806 1726 lege
827 1654 1295 1725 justilicabuntnr.
1322 1656 1637 1729 Responsio.
1676 1659 1769 1713 25.
1796 1658 1931 1715 Cum
1963 1659 2105 1714 enim
2136 1670 2342 1731 gentes,
2371 1677 2491 1733 qua:
2519 1660 2691 1735 legem
2732 1678 2836 1719 non
2858 1664 3080 1731 habent,
3109 1664 3440 1721 naturaliter
3460 1682 3522 1723 ea
3553 1662 3663 1737 qum
3683 1665 3782 1733 legis

554 1756 685 1803 sunt
711 1746 941 1818 faciunt,
982 1748 1244 1819 ejusmodi
1271 1750 1444 1821 legem
1466 1753 1714 1823 scriptam
1744 1768 1850 1809 non
1879 1753 2164 1821 habentes,
2195 1755 2294 1826 ipsi
2330 1756 2432 1812 sibi
2470 1768 2596 1813 sunt
2623 1755 2729 1825 lex,
2755 1758 2848 1830 qui
2875 1760 3169 1817 ostendunt
3196 1776 3332 1830 opus
3364 1762 3507 1834 legis
3535 1762 3774 1835 .scriplum

1896 1927 2466 1987 COMMENTARIUS.

649 2081 704 2135 ὅ.
768 2080 971 2135 Lmen.
1038 2079 1247 2135 Scimus
1314 2090 1488 2136 autem
1559 2085 1806 2153 quoniam
1863 2086 2127 2156 judicium
2161 2100 2207 2156 Α
2236 2086 2478 2145 dillidens
2526 2092 2680 2164 pejus
2717 2088 3026 2149 tractandus
3068 2103 3192 2159 est,
3240 2095 3370 2166 quia
3410 2093 3772 2167 Patribus[al,

558 2170 648 2225 Dei
714 2181 810 2226 est.
876 2170 1215 2226 Auctoritate
1280 2182 1376 2227 sua
1446 2172 1732 2228 confirmat
1814 2185 2129 2245 peceatores

557 2264 990 2332 supradictorum
1055 2263 1320 2321 scelerum
1392 2265 1715 2334 generaliter
1779 2282 1900 2322 esse
1961 2269 2129 2322 dam-

555 2355 776 2411 nandos.

614 2447 671 2501 4.
698 2445 996 2501 Secundum
1022 2447 1306 2515 veritatem,
1331 2447 1382 2504 id
1403 2456 1504 2514 est,
1522 2448 1817 2505 secundum
1840 2449 2127 2518 justitiam,

554 2539 669 2595 sine
697 2541 1010 2610 acceptione
1038 2555 1413 2609 personarum.

623 2630 676 2686 5.
715 2631 1002 2687 Existimas
1027 2642 1198 2686 autem
1221 2632 1339 2697 hoc,
1363 2651 1392 2686 ο
1419 2634 1573 2688 homo
1594 2636 1761 2689 omnis
1783 2639 1870 2705 qui
1892 2638 2129 2706 judicas.

566 2721 764 2779 Putare
792 2733 976 2794 posset
1010 2724 1205 2793 aliquis
1247 2709 1535 2795 imperitus.
1555 2728 1697 2795 quod
1729 2737 1879 2783 tanto
1915 2728 2135 2785 liberius

562 2830 793 2884 peccare
820 2814 1028 2880 liceret,
1076 2821 1280 2884 quanto
1309 2814 1618 2886 diligentius
1672 2816 1809 2873 alios
1852 2833 1882 2873 a
1913 2830 2135 2889 peccato

554 2916 941 2975 compesceret.

626 2998 677 3052 6.
720 2997 959 3053 Attenes.
1002 2997 1084 3051 An
1118 2996 1329 3053 diuitias
1356 2998 1603 3055 bonitatis
1632 3000 1744 3070 ejus
1780 3012 1827 3056 et
1870 3004 2136 3073 patientite

555 3100 598 3143 et
638 3090 1100 3161 longanintitatis?
1159 3090 1284 3145 llaec
1312 3090 1445 3146 dicit
1486 3099 1546 3146 ut
1575 3108 1679 3148 non
1728 3093 1841 3164 jam
1876 3110 1936 3152 se
1986 3107 2138 3166 putet

554 3182 821 3248 evasisse,
847 3182 892 3237 si
920 3182 1124 3251 patitur
1152 3180 1299 3236 illum
1327 3181 1418 3236 diu
1447 3193 1783 3253 peccantem.

624 3274 677 3327 7.
724 3271 794 3327 Et
844 3272 1173 3328 reuelationis
1207 3273 1346 3344 justi
1383 3274 1580 3344 judicii
1635 3274 1751 3330 Dei.
1792 3275 2135 3334 Revelabitur

553 3365 694 3437 quod
726 3364 888 3420 modo
925 3364 1165 3419 luturum
1198 3373 1447 3437 negatur.
1507 3364 1641 3420 Cum
1687 3365 1830 3421 enim
1901 3369 2135 3423 ostendit

2242 2180 2464 2254 donum]
2492 2185 2814 2253 promissum
2862 2185 3141 2240 refutavit.

2306 2273 2388 2327 l6.
2421 2272 2619 2330 LANFR.
2655 2276 2853 2331 Judwi.
2883 2276 2985 2333 Per
3012 2277 3245 2346 Iudaeos,
3268 2280 3522 2338 inﬁdeles
3549 2280 3771 2351 intelligit.

2233 2367 2323 2438 qui
2352 2368 2586 2425 maxime
2635 2371 2926 2439 punientur
2966 2372 3011 2427 si
3052 2383 3322 2445 praecepta
3356 2375 3451 2430 Dei
3492 2392 3594 2431 non
3619 2373 3769 2430 obser-

2233 2470 2398 2527 vant;
2437 2478 2534 2533 per
2568 2463 2785 2520 Graecos
2822 2473 3043 2536 gentes,
3072 2466 3125 2521 id
3155 2476 3239 2522 est
3288 2468 3566 2525 inﬁdeles:
3594 2483 3620 2522 a
3654 2478 3772 2537 pane

2236 2561 2427 2609 totum.

2307 2646 2392 2699 17.
2425 2646 2661 2704 Animos.
2692 2649 2873 2707 Gloria
2927 2661 3133 2720 autem,
3168 2663 3215 2708 et
3264 2653 3439 2709 honor
3479 2663 3527 2709 et
3574 2667 3695 2723 pax,
3733 2654 3773 2698 ιιι

2237 2737 2496 2794 honorem
2528 2743 2800 2812 geminum
2827 2745 3103 2812 habeant,
3142 2746 3296 2817 quasi
3329 2747 3457 2805 Filii
3489 2747 3599 2802 Dei.
3628 2742 3768 2799 Gloria

2237 2839 2417 2886 autem
2449 2833 2505 2887 tit
2534 2850 2631 2905 pro
2652 2836 3059 2905 immutatione;
3091 2854 3196 2910 pax
3221 2855 3387 2907 vero,
3420 2857 3488 2898 eo
3514 2838 3648 2911 quod
3671 2839 3773 2891 bene

2238 2922 2478 2981 viventes
2508 2927 2673 2997 quieti
2702 2938 2865 2986 erunt
2896 2930 2950 2986 in
2978 2930 3184 3001 futuro,
3224 2932 3375 2989 nulla
3410 2928 3770 3005 perturbatione

2236 3019 2512 3074 commoti.

2308 3108 2394 3165 18.
2438 3110 2638 3167 Lssrn.
2670 3112 2883 3170 Judceo.
2921 3118 3091 3172 ,ιιαωί
3145 3118 3386 3189 primum
3443 3114 3637 3189 operati
3678 3114 3771 3167 sunt

2236 3201 2437 3256 bonum
2457 3243 2472 3268 ,
2507 3213 2693 3273 postea
2730 3203 2927 3261 Graeci.

2307 3295 2393 3351 19.
2432 3293 2553 3352 Νοη
2575 3299 2711 3352 enim
2744 3309 2817 3353 est
2841 3288 3183 3370 personarum
3203 3343 3218 3369 ,
3249 3311 3362 3357 etc.
3404 3303 3518 3358 Hoc
3547 3299 3609 3355 ad
3649 3304 3771 3363 snpe-

2238 3384 2379 3440 riora
2410 3386 2648 3455 respicit,
2676 3387 2764 3441 ubi
2787 3388 2896 3443 ait:
2921 3387 3039 3456 Ira,
3060 3399 3167 3446 etc.
3186 3390 3255 3447 Et
3276 3392 3330 3463 in
3357 3406 3557 3447 omnem
3585 3384 3771 3440 animant

552 3456 697 3527 quod
730 3471 835 3512 non
872 3469 994 3511 esse
1024 3456 1285 3522 creditur,
1328 3454 1619 3511 revelatur.
1653 3455 1748 3512 llis
1771 3457 1913 3511 enim
1942 3465 2122 3512 osten-

2241 3447 2514 3547 operanzis-
2536 3447 2754 3532 malum.
2786 3478 2853 3533 Et
2880 3447 3041 3549 paulo
3068 3489 3188 3551 post
3223 3498 3237 3535 :
3271 3453 3481 3551 Clario,
3505 3488 3633 3544 elc.,
3663 3464 3769 3525 omni

556 3551 724 3615 ditur,
744 3548 871 3619 quia
900 3546 1021 3622 [al.,
1052 3545 1167 3620 qui]
1196 3554 1393 3620 negant
1420 3548 1546 3618 quia
1572 3548 1918 3605 credentibus
1958 3550 2129 3604 mani-

554 3638 750 3694 festum
781 3646 879 3692 est.
1830 3626 1833 3629 ¹

625 3730 679 3786 8.
725 3729 801 3783 Iis
829 3728 1040 3802 quidem
1084 3728 1372 3782 secundum
1413 3728 1721 3799 patientiam
1750 3728 1889 3782 boni
1937 3729 2127 3797 aperis.

556 3819 764 3888 Quibus
794 3819 943 3874 dedit
972 3820 1111 3874 Deus
1142 3818 1392 3873 ﬁduciam
1438 3818 1596 3884 ﬁdei,
1627 3832 1695 3874 ne
1716 3818 1808 3874 diu
1853 3819 1942 3875 hic
1970 3822 2131 3890 positi

555 3912 813 3966 damnum
843 3909 1125 3965 incurrant
1152 3908 1432 3979 promissa:
1459 3909 1602 3964 vitaz.
1788 3915 1798 3925 '
2081 3921 2089 3927 '

624 4000 677 4056 9.
721 3998 960 4055 Gloriam
994 4008 1043 4054 et
1089 4000 1359 4055 honorem.
1417 3998 1474 4053 In
1524 3999 1777 4070 praesenti
1828 4001 1973 4056 enim
2005 4001 2134 4067 vita,

556 4089 731 4161 gloria
787 4089 872 4145 vel
902 4089 1075 4146 honor
1103 4088 1419 4160 frequenter
1441 4088 1728 4158 amittitur,
1764 4090 1890 4161 quia
1953 4107 2139 4147 curru-

553 4180 759 4251 ptibilis
783 4190 883 4237 est.

632 4272 719 4329 10.
760 4272 962 4330 Laure.
1006 4272 1073 4327 Et
1124 4272 1567 4343 incorruptionem
1613 4284 1900 4345 quwrunt,
1944 4275 1997 4329 id
2029 4284 2137 4339 est.

555 4369 601 4422 si
654 4369 708 4422 in
764 4368 1067 4424 intentione
1120 4373 1367 4437 quarunt
1422 4366 1589 4422 vitam
1648 4380 1929 4422 aeternam.
1988 4366 2137 4422 Multi

557 4459 705 4513 enim
736 4457 878 4513 bona
904 4466 1202 4526 operantur
1238 4465 1462 4527 propter
1500 4455 1739 4512 favorem
1764 4457 2065 4513 hominum.

626 4551 715 4604 11.
755 4550 993 4605 Attianos.
1028 4549 1104 4603 Iis
1134 4560 1306 4603 autent
1329 4550 1420 4618 qui
1456 4564 1520 4601 ea:
1560 4549 1906 4615 contentione,
1939 4550 1993 4604 id
2038 4560 2138 4613 est,

553 4645 646 4713 qui
705 4641 801 4697 Dei
841 4649 1196 4697 contemnunt
1232 4638 1595 4711 patientiam,
1653 4641 1987 4696 contendunt
2015 4656 2141 4695 eva-

553 4748 719 4791 cuare
740 4733 1002 4804 judicium
1028 4730 1148 4788 Dei.

634 4823 719 4878 η.
776 4823 975 4877 Lassa;
1032 4820 1118 4876 Ea:
1170 4821 1514 4876 contentione.
1569 4822 1649 4877 Ex
1716 4830 1861 4877 coetu
1913 4830 2137 4877 conten-

552 4918 822 4987 tioso,qui
868 4914 1215 4971 christianam
1248 4912 1555 4983 religionem
1585 4929 1707 4972 esse
1730 4917 1970 4972 inutilem
2010 4932 2139 4973 con-

552 5010 801 5067 tendunt.

624 5105 713 5159 15.
759 5103 998 5158 Animos.
1056 5099 1287 5155 Credunt
1316 5110 1491 5156 autem
1534 5101 1819 5174 iniquitati.
1874 5103 2137 5176 iniquitas

553 5207 638 5253 est
672 5212 871 5267 negare
907 5194 1051 5266 quod
1098 5193 1241 5249 Deus
1283 5193 1522 5249 futurum
1562 5209 1682 5253 esse
1733 5198 1981 5267 promisit
2015 5199 2134 5272 [al.,

552 5292 847 5364 praedixit].

627 5385 716 5441 14.
744 5383 836 5437 Ira
862 5394 908 5439 et
934 5383 1246 5455 indignatio.
1277 5390 1337 5438 ut
1355 5383 1689 5454 spiritualem
1708 5423 1723 5453 ,
1748 5400 1853 5440 non
1878 5400 2137 5465 corpora-

556 5478 668 5534 lem
694 5491 911 5545 pmnam
942 5476 1235 5548 intelligas.
1943 5458 1971 5468 ”

627 5569 717 5625 15.
750 5568 925 5624 Judaei
946 5570 1170 5638 primum
1208 5579 1256 5625 et
1287 5567 1476 5625 Graeci.
1507 5569 1748 5627 Judmum
1786 5587 2001 5642 semper
2046 5588 2142 5628 an-

558 5659 789 5731 teponit,
813 5668 871 5714 ut
900 5668 989 5713 aut
1021 5668 1311 5715 coronetur
1334 5660 1538 5731 primus
1564 5672 1653 5716 aut
1683 5661 1989 5728 damnetur,
2013 5661 2138 5731 quia

2235 3568 2472 3637 aperanti
2501 3569 2711 3624 bonum.

2303 3655 2394 3711 20.
2444 3657 2680 3713 Asianos.
2740 3658 3047 3732 Quicunque
3085 3662 3223 3716 enim
3279 3663 3395 3718 sine
3424 3662 3532 3733 lege
3574 3665 3767 3730 peccave-

2237 3757 2395 3813 runt,
2436 3748 2547 3803 sine
2580 3748 2689 3820 lege
2726 3750 3008 3820 peribunt,
3049 3752 3100 3808 id
3136 3762 3251 3819 est,
3291 3755 3413 3811 sine
3440 3751 3651 3824 judicio.
3692 3738 3766 3807 Οιιῖ

2238 3839 2382 3894 enim
2425 3855 2532 3895 non
2562 3842 2756 3909 credit,
2788 3841 2902 3909 jam
2933 3841 3209 3912 judicatus
3243 3855 3366 3914 est;
3403 3861 3503 3901 nec
3546 3847 3659 3895 ante
3699 3830 3769 3886 tri-

2239 3929 2402 3985 bunal
2438 3931 2639 3987 Christi
2669 3935 2855 4001 stabit,
2887 3937 2983 3991 sed
3032 3952 3321 4010 resurgens
3348 3940 3573 3996 ducetur
3609 3928 3667 3985 ad
3702 3937 3769 3994 8⁸⁸

2239 4023 2488 4079 bennam.

2308 4116 2398 4172 2i.
2428 4116 2533 4173 [ἐν
2552 4119 2712 4191 legem
2726 4119 3132 4191 jttdicabuntur.
3170 4123 3415 4181 Peccatis
3437 4132 3613 4179 eorum
3641 4107 3767 4167 addes

2243 4219 2333 4269 tur,
2357 4205 2637 4280 peccatum
2677 4214 3163 4282 prmvaricationis.

2321 4301 2415 4356 22.
2466 4303 2700 4358 Auanos.
2752 4302 2860 4358 Sed
2911 4303 3137 4374 factores
3186 4305 3312 4376 legis
3361 4298 3765 4377 justi/iculum!"-

2242 4393 2479 4449 Crcdere
2508 4395 2560 4449 in
2606 4393 2877 4453 Christum
2914 4412 3075 4467 quem
3126 4397 3209 4453 lex
3257 4398 3525 4469 promisit,
3557 4394 3648 4447 hoc
3690 4388 3763 4438 θεῖν

2245 4484 2423 4540 facere
2473 4484 2645 4556 legem
2688 4493 2745 4541 et
2788 4502 2925 4557 opus
2975 4487 3110 4558 legis
3151 4489 3415 4560 scriptum
3473 4488 3524 4542 in
3558 4473 3767 4539 cordibus

2243 4576 2462 4640 vestris,
2492 4575 2625 4631 ﬁdes
2650 4584 2754 4631 est.

2313 4666 2405 4720 23.
2434 4665 2674 4722 Ancus'r.
2694 4665 2806 4738 (lib.
2831 4666 2910 4722 De
2938 4669 3066 4739 spir.
3090 4678 3137 4724 et
3160 4670 3262 4736 lit.,
3297 4686 3415 4743 cap.
3446 4666 3533 4731 26,
3557 4645 3765 4717 tomJlll

2246 4757 2378 4809 Cum
2399 4756 2535 4809 enim
2566 4765 2738 4827 gentes
2778 4766 2894 4826 qua:
2934 4757 3093 4830 legem
3124 4778 3227 4815 non
3250 4761 3458 4816 habent.
3478 4757 3659 4813 Gentes
3679 4749 3767 4830 ll“?

2244 4824 2583 4902 naturaliter-
2614 4862 2733 4919 qua:
2783 4824 2916 4921 legis
2956 4824 3083 4906 sunt
3132 4852 3375 4917 faciunt.
3444 4844 3665 4922 profecto
3717 4824 3766 4882 ad

2247 4942 2592 5013 Evangelium
2620 4943 2911 5013 pertinent,
2932 4944 3128 5014 quibus
3155 4945 3239 5001 lex
3266 4946 3317 5001 in
3343 4942 3589 5002 cordibus
3608 4924 3766 4992 scrip“

2245 5042 2349 5089 est.
2395 5032 2506 5090 Nec
2545 5042 2759 5091 moveat
2804 5034 2949 5105 quod
2998 5037 3321 5093 naturaliter
3358 5052 3450 5094 eos
3505 5026 3629 5087 dixit
3675 5022 3764 5084 (ιυίν

2245 5124 2379 5196 legis
2397 5134 2523 5182 sunt
2556 5124 2761 5193 facere,
2800 5141 2910 5182 non
2943 5125 3148 5198 Spiritu
3187 5128 3319 5197 Dei,
3353 5144 3457 5185 non
3480 5118 3664 5197 gratia;
3688 5107 3765 5161 ¹¹⁰⁰

2244 5218 2389 5286 enim
2438 5217 2550 5288 agit
2576 5216 2812 5289 Spiritus
2842 5218 3030 5288 gratiae
3069 5229 3128 5275 ut
3167 5220 3453 5290 imaginem
3481 5212 3587 5275 Dei,
3615 5206 3659 5258 in
3684 5203 3761 5264 (1⁸³³

2245 5294 2565 5365 naturaliter
2593 5305 2724 5362 facti
2765 5309 3277 5376 sumus,,instauret
3314 5313 3366 5368 in
3409 5307 3575 5366 nobis.
3603 5290 3761 5349 Vitium

2246 5401 2443 5473 (ΙυίΡΡθ
2465 5408 2657 5457 contra
2686 5409 2934 5469 naturam
2966 5412 3084 5471 est,
3117 5403 3261 5474 quod
3289 5405 3472 5473 utique
3507 5395 3643 5453 sanal
3666 5389 3760 5451 κη’

2242 5494 2345 5559 lia.
2386 5494 2613 5564 proinde
2657 5494 2905 5554 homines
2934 5495 3256 5555 naturaliter
3301 5512 3419 5572 qu:e
3466 5486 3589 5559 legis
3630 5475 3756 5535 ευιιιν

2242 5582 2464 5639 faciunt.
