3954 6306
148 430 249 485 115
909 424 978 484 ιΝ
1016 426 1075 481 ι).
1119 425 1325 483 PAULI
1362 426 1580 484 EPIST.
1619 426 1975 486 COMMENT.
2010 424 2316 482 -——EPIST.
2358 426 2448 480 AD
2491 426 2654 483 ROM.
3329 417 3428 470 lli

144 546 196 600 in
226 542 488 599 cordibus
517 541 654 607 suis,
685 540 774 595 24.
810 539 1179 596 testimonium
1211 541 1469 597 reddente
1500 541 1608 598 illis
1653 541 1991 598 conscientia
2034 541 2297 611 ipsorum,
2328 548 2382 596 et
2419 539 2512 595 25.
2549 539 2692 595 inter
2723 554 2781 595 se
2834 538 2928 595 26.
2957 540 3190 598 invicem
3214 541 3421 615 cogim-

143 637 384 692 tionibus
406 636 795 693 accusantibus
824 644 920 690 aut
967 636 1138 691 etiam
1171 634 1617 701 defendentibus;
1661 636 1715 691 iu
1764 636 1874 703 die,
1900 650 2025 691 cum
2062 634 2329 705 iudicabit
2370 635 2510 689 Deus
2550 634 2761 690 occulta
2787 634 3092 703 hominum,
3122 637 3427 692 secundum

142 727 494 798 Evangelium
542 741 751 792 meum,
781 740 877 795 per
914 726 1099 783 .lesum
1127 725 1426 782 Christum.
1475 727 1578 796 12
1612 726 1668 781 Si
1709 736 1892 781 autem
1924 726 2016 793 27,
2051 726 2144 782 28.
2188 734 2243 780 tu
2291 724 2506 781 Judaeus
2542 726 2947 796 cognominaris
2971 767 2985 793 ,
3038 736 3091 783 et
3127 730 3427 801 requiescis

140 819 415 876 delectaris
462 818 515 873 in
561 818 699 888 lege,
732 826 788 874 et
819 817 1074 890 gloriaris
1118 818 1171 874 in
1222 818 1442 885 Deo,et
1481 818 1624 873 nosti
1670 816 2007 873 voluntatem
2057 816 2191 887 eius,
2253 826 2307 871 et
2334 816 2532 887 probas
2567 816 2802 884 utiliora,
2851 817 3146 873 instructus
3192 818 3283 874 29.
3327 836 3424 891 per

140 918 337 986 icgem,
366 915 597 972 confidis
624 923 678 971 te
718 915 894 985 ipsum
946 929 1069 969 esse
1096 914 1289 970 ducem
1330 929 1620 978 caecorum,
1653 914 1835 968 lumen
1875 927 2063 968 eorum
2101 913 2193 983 qui
2225 913 2280 967 in
2330 914 2567 969 tenebris
2596 923 2723 969 sunt
2746 954 2761 980 ,
2790 912 2905 981 30.,
2936 913 3265 970 eruditorem
3296 916 3423 987 legis

141 1009 550 1079 insipientium,
579 1008 902 1078 magistrum
932 1006 1241 1074 infantium,
1267 1006 1554 1062 habentem
1595 1006 1685 1060 51.
1720 1004 1952 1060 formam
1986 1002 2256 1077 exemplar
2293 1004 2536 1061 scientiae
2574 1014 2628 1060 et
2656 1004 2902 1061 veritatis
2939 1006 2993 1061 in
3035 1006 3171 1079 lege.
3195 1008 3285 1064 52.
3320 1008 3424 1075 Qui
3452 1010 3465 1017 '

140 1118 272 1172 ergo
300 1103 471 1158 alium
501 1102 687 1169 doces,
718 1102 948 1174 teipsum
976 1116 1083 1156 non
1114 1102 1308 1167 doces;
1337 1101 1430 1155 55.
1463 1099 1554 1169 qui
1582 1098 1848 1169 praedicas
1871 1113 1979 1153 non
2005 1097 2314 1163 furandum,
2348 1096 2576 1163 iuraris;
2611 1098 2701 1168 qui
2727 1098 2862 1154 dicis
2884 1113 2990 1153 non
3021 1099 3425 1162 mtechandum.

140 1190 467 1259 snmcharis;
504 1194 597 1265 qui
646 1193 980 1251 abominaris
1015 1192 1155 1248 idola
1186 1191 1307 1257 54.,
1350 1191 1695 1262 sacrilegium
1746 1190 1900 1259 facis,
1938 1190 2179 1259 teipsum,
2232 1190 2321 1261 qui
2349 1207 2499 1245 sacer
2539 1207 2649 1247 esse
2692 1191 2980 1259 debueras,
3029 1193 3205 1248 divino
3258 1193 3424 1249 cultui

139 1287 528 1354 subtrahendo;
570 1286 664 1357 qui
695 1287 748 1341 in
774 1286 892 1359 lege
922 1285 1192 1358 gloriaris,
1238 1300 1337 1357 per
1362 1276 1873 1357 praevaricationem
1911 1282 2045 1353 legis
2093 1283 2262 1338 Deum
2305 1283 2620 1340 inhonoras.
2654 1282 2745 1340 '55.
2781 1282 2988 1341 Nomen
3013 1286 3157 1340 enim
3208 1286 3301 1341 Dei
3333 1303 3430 1358 per

141 1393 233 1435 vos
259 1378 680 1450 blasphematur
701 1379 843 1434 inter
868 1361 1079 1449 gentes,
1110 1378 1254 1433 sicut
1280 1377 1546 1445 scriptum
1574 1386 1659 1431 est
1688 1376 1766 1448 (in
1796 1375 1932 1430 lsaia
1961 1390 2069 1442 Lll;
2101 1374 2300 1431 Ezech.
2327 1378 2458 1447 ινι).
2490 1375 2800 1447 Responsio.
2828 1376 3186 1434 Circumcisio
3212 1380 3429 1450 quidem

139 1472 381 1540 prodest,
419 1471 467 1525 si
498 1470 669 1542 legem
700 1472 990 1537 observes;
1018 1470 1063 1526 si
1094 1478 1273 1525 autem
1302 1470 1690 1541 praevaricator
1735 1468 1871 1539 legis
1908 1467 2017 1533 sis,
2065 1467 2414 1524 circumcisio
2457 1476 2547 1523 tua
2593 1470 2919 1540 praeputium
2969 1469 3111 1526 facta
3165 1482 3265 1528 est.
3308 1474 3431 1530 Non

143 1559 312 1627 pluris
356 1570 437 1615 est
464 1562 724 1632 praputio
751 1561 1048 1633 gentilium.
1091 1560 1148 1617 Si
1187 1561 1353 1633 igitur
1381 1560 1704 1632 praeputium
1737 1559 1981 1630 iustitias
2024 1558 2159 1631 legis
2196 1560 2489 1626 custodiat,
2519 1576 2698 1616 nonne
2732 1563 3055 1633 praeputium
3090 1563 3232 1620 illius
3254 1565 3342 1620 56.
3377 1567 3430 1620 in

140 1651 619 1709 circumcisionem
651 1654 995 1725 reputabitur
1020 1695 1035 1720 ,
1082 1654 1229 1708 illius
1266 1652 1543 1708 collatione
1584 1650 1942 1717 damnaberis,
1974 1660 2027 1708 et
2052 1651 2319 1724 iudicabit
2350 1653 2403 1708 id
2443 1652 2585 1725 quod
2633 1670 2701 1709 ex
2741 1663 2935 1709 natura
2982 1665 3066 1712 est
3121 1659 3435 1715 naturaliter

139 1742 456 1815 intelligitur
484 1746 832 1816 praeputium,
862 1745 1033 1817 legem
1064 1760 1477 1811 consummatis,
1504 1744 1779 1815 perﬁciens
1812 1752 1883 1808 te,
1915 1743 2009 1814 qui
2055 1759 2153 1816 per
2197 1745 2440 1802 litteram
2473 1756 2528 1803 et
2572 1747 3048 1805 circumcisionem
3104 1768 3207 1805 non
3256 1753 3433 1807 obser-

140 1846 316 1891 calam
345 1840 740 1907 prmvaricator
765 1838 900 1909 legis
929 1838 1026 1895 es?
1058 1837 1364 1909 Responsio.
1390 1837 1507 1893 Non
1538 1835 1681 1891 enim
1711 1835 1803 1905 qui
1844 1834 1899 1890 in
1937 1836 2247 1903 manifesto,
2279 1834 2496 1893 Judaaus
2532 1847 2646 1907 est;
2682 1855 2857 1911 neque
2884 1855 3004 1911 quae
3032 1841 3083 1896 in
3116 1844 3431 1911 manifesto,

140 1933 193 1986 iu
219 1948 412 1999 carne,
440 1942 525 1989 est
554 1935 934 2002 circumcisio;
967 1936 1063 1991 sed
1087 1936 1178 2006 qui
1211 1935 1265 1989 in
1295 1931 1637 2000 abscondito,
1668 1930 1889 1988 Judteus
1926 1941 2011 1988 est
2049 1930 2350 1987 laudandus
2379 1943 2490 1989 est:
2521 1944 2595 1995 et.
2628 1935 2719 1989 sed
2740 1936 2830 2006 qui
2859 1936 3015 1993 habet
3043 1939 3180 1995 hanc
3204 1941 3433 1996 circum-

140 2032 417 2100 risionem,
448 2033 791 2090 circumcisio
814 2035 1016 2099 cordis,
1049 2035 1340 2105 amputatio
1367 2033 1610 2089 uitiorum
1658 2031 1710 2086 in
1752 2029 1966 2101 spiritu,
2012 2045 2119 2088 non
2168 2029 2381 2098 littera;
2416 2031 2571 2102 cujus
2608 2032 2728 2088 laus
2755 2048 2863 2090 non
2887 2049 2953 2090 ex
2977 2036 3287 2095 hominibus
3337 2040 3433 2095 sed

138 2142 203 2185 ex
230 2130 344 2187 Deo
376 2140 483 2199 est,
511 2133 636 2203 quia
666 2134 824 2189 etiam
855 2134 1090 2189 homines
1132 2148 1506 2204 nonnunquam
1543 2133 1860 2201 vituperant.

1553 2245 1655 2312 ιθ
1680 2239 1906 2297 CAPUT
1943 2220 2043 2295 ill.

212 2330 267 2385 1.
298 2330 561 2403 Objectio.
594 2333 643 2389 1.
673 2333 813 2401 Quid
835 2349 965 2407 ergo
992 2334 1226 2405 amplius
1268 2332 1454 2390 Iudaeo
1506 2334 1621 2389 est?
1670 2341 1765 2387 aut
1818 2346 1941 2402 quas
1992 2328 2196 2385 utilitas
2222 2327 2698 2384 circumcisionis?
2739 2327 3048 2397 Responsio.
3082 2329 3309 2385 Multum
3339 2348 3437 2401 per

138 2440 368 2481 omnem
394 2426 637 2482 modum.
666 2429 720 2481 2.
754 2426 998 2483 Primum
1025 2428 1268 2498 quidem,
1291 2426 1420 2498 quia
1460 2425 1670 2481 credita
1715 2431 1844 2478 sunt
1872 2422 1977 2476 illis
2016 2419 2232 2489 eloquia
2276 2418 2391 2475 Dei.
2425 2418 2732 2489 Responsio.
2759 2418 2900 2487 Quid
2930 2420 3098 2487 enim,
3131 2421 3176 2476 si
3212 2422 3432 2492 quidam

308 2522 311 2523 ν
1506 2510 2084 2573 COMMENTARIUS.

212 2634 307 2691 24.
336 2633 577 2692 Alanos.
608 2634 984 2691 Testimonium
1019 2635 1284 2691 reddente.
1316 2634 1373 2691 ln
1398 2634 1487 2690 die
1520 2631 1737 2705 iudicii,
1767 2635 1814 2693 Α
1847 2628 1949 2683 hoc
1980 2635 2083 2692 est,
2116 2634 2171 2680 tu
2203 2626 2296 2697 qui
2327 2624 2557 2697 gentiles
2585 2624 2768 2696 arguis
2793 2624 2938 2697 quod
2964 2624 3086 2682 sine
3113 2626 3230 2696 lege
3248 2635 3303 2681 et
3326 2626 3437 2682 Deo

149 2725 259 2780 sola
309 2725 552 2783 hominis
600 2729 939 2785 conscientia
975 2729 1207 2787 suﬂiciet
1242 2729 1345 2786 sibi
1380 2729 1447 2785 ιιι]
1493 2728 1738 2785 ιεειίηιο-
1838 2717 2225 2786 εῖηι.ιεῑιιευιη
2252 2731 2359 2771 non
2382 2714 2585 2787 arguis.
2616 2712 2866 2773 difﬁdens
2894 2716 2960 2773 de
2982 2715 3202 2773 Christo
3229 2716 3282 2772 in
3312 2716 3432 2787 lese

153 2817 324 2886 nium,
371 2818 502 2889 quia
545 2810 707 2876 nemo
737 2828 868 2879 tunc
900 2822 1170 2893 iudicabit
1206 2823 1310 2879 nisi
1352 2824 1496 2894 quod
1545 2838 1735 2879 verum

150 2908 272 2963 erit.

217 3002 309 3058 25.
339 3002 584 3062 Attenes.
614 3004 764 3061 Inter
815 3023 870 3063 se
908 3008 1313 3079 cogitationibus
1344 3009 1735 3064 accusantibus.

152 3094 384 3153 Ccntilis
410 3097 745 3154 conscientia
774 3099 1145 3164 accusabitur,
1179 3100 1307 3171 quia
1335 3116 1442 3157 nou
1473 3100 1577 3157 sibi
1608 3115 1738 3158 sua-

154 3190 220 3245 sit
249 3207 433 3248 verum
467 3208 589 3251 esse
617 3194 760 3266 quod
803 3203 861 3251 et
884 3194 1146 3251 virtutum
1178 3196 1502 3252 testimoniis
1530 3195 1741 3250 viderat

155 3284 508 3351 conﬁrmari,
555 3292 611 3342 et
653 3274 849 3341 multos
902 3286 1078 3356 sequi.
1117 3286 1381 3342 Eutndem
1433 3285 1736 3352 excusabit,

156 3372 274 3441 quia
305 3374 508 3429 debere
531 3374 755 3430 credere
796 3390 902 3431 non
928 3376 1158 3446 putavit,
1191 3390 1367 3446 neque
1406 3384 1590 3431 tamen
1621 3375 1741 3431 sine

158 3475 307 3531 poena
337 3466 464 3520 crit.
508 3463 605 3521 Vel
641 3448 967 3522 haereticum.
1002 3467 1142 3523 bona
1190 3466 1444 3537 cogitatio
1467 3505 1484 3531 ,
1526 3467 1742 3536 quando

159 3567 331 3611 veram
378 3571 506 3614 esse
551 3564 606 3614 et
660 3557 985 3614 catholicam
1033 3557 1320 3614 intellexit.
1367 3557 1506 3612 Mala
1559 3565 1741 3613 autem

161 3648 447 3715 accusabit,
462 3649 619 3718 quia,
637 3663 704 3704 ne
727 3650 1045 3707 emendatus
1071 3649 1370 3717 videretur,
1385 3648 1751 3719 superbiendo

162 3741 482 3798 contradixit
514 3741 750 3799 veritati.

210 3831 309 3907 ¹26.
343 3833 598 3890 Invicem.
640 3832 760 3892 Non
802 3834 934 3891 dicit
964 3835 1110 3905 quod
1155 3836 1357 3893 eaedem
1386 3836 1744 3908 cogitationes

165 3934 495 3982 accusenth
532 3925 845 3992 defendant,
869 3928 988 3985 'sed
1019 3928 1259 3984 vicissim
1290 3928 1538 3998 quaedam
1578 3943 1710 3984 accu

1838 2824 2132 2881 pronusso.

1909 2900 2000 2955 33.
2034 2899 2143 2966 Qui
2170 2899 2429 2970 praedicas
2471 2914 2575 2954 non
2613 2897 2904 2969 furandum
2932 2940 2947 2967 ,
3002 2900 3223 2970 furaris.
3277 2898 3437 2957 Facis

1840 2993 1983 3063 quod
2014 2991 2277 3063 praedicas
2306 2990 2426 3046 ﬁeri
2460 3006 2566 3048 non
2602 2992 2821 3058 debere,
2866 2992 2993 3048 dum
3036 2991 3195 3053 tidem
3228 2991 3434 3047 Christi

1838 3101 1869 3140 a
1897 3086 2013 3157 lege
2031 3099 2127 3157 per
2150 3083 2344 3139 malam
2367 3083 2869 3153 interpretationem
2895 3085 3162 3155 subripis;
3186 3093 3239 3140 et
3262 3085 3433 3156 legem

1840 3175 2137 3242 adulteras,
2162 3190 2308 3241 cum,
2341 3173 2520 3230 ablata
2555 3174 2807 3243 veritate,
2842 3174 3183 3231 mendacium
3232 3174 3428 3243 ponis;

1839 3275 1893 3322 et
1923 3264 2221 3337 sacrilegus
2264 3279 2344 3330 es,
2385 3264 2511 3319 dum
2554 3262 2860 3334 Christum,
2892 3280 3052 3336 quem
3084 3263 3436 3338 propheticus

1843 3373 2024 3413 sermo
2055 3356 2348 3428 signiﬁcat,
2380 3371 2564 3427 negas.

1913 3448 2002 3503 54.
2054 3446 2256 3501 Lsnra.
2310 3446 2678 3517 Sacrilegium.
2737 3445 3099 3517 Sacrilegium
3154 3447 3299 3501 enim
3351 3458 3438 3502 est

1847 3537 2117 3595 culturam
2148 3538 2242 3592 Dei
2272 3536 2509 3605 auferre,
2543 3546 2599 3594 et
2629 3537 2969 3594 daemonibus
2995 3537 3146 3593 dare.

1917 3630 2005 3685 35.
2047 3630 2256 3685 Nomen
2298 3630 2438 3684 enim
2477 3628 2575 3685 Dei
2612 3646 2706 3701 per
2749 3646 2837 3686 vos
2866 3629 3275 3700 blasphematur.
3306 3630 3437 3687 Cre-

1848 3721 2080 3777 dendum
2137 3728 2222 3776 est
2271 3720 2485 3790 aliquos
2540 3735 2609 3776 ex
2666 3719 2870 3778 Judaeis
2926 3722 3267 3780 Christianos
3314 3737 3435 3778 esse

1848 3815 2011 3880 tales;
2047 3829 2151 3869 non
2184 3822 2365 3870 tamen
2384 3826 2593 3876 omnes,
2628 3827 2694 3869 ne
2734 3813 2807 3869 sit
2832 3814 3142 3871 contrarius
3189 3814 3292 3869 sibi
3330 3815 3437 3885 ipsi

1847 3907 1901 3960 in
1930 3905 2332 3975 superioribus,
2378 3904 2467 3960 ubi
2509 3904 2627 3959 ait:
2664 3902 2823 3959 Fides
2864 3915 3035 3959 uestra
3079 3906 3430 3959 annuntiatur

164 4024 303 4082 sent,
345 4015 596 4085 quaedam
626 4015 921 4073 defendant
955 4006 1146 4074 contra
1193 3995 1550 4088 malignorum
1586 4018 1741 4083 spiri-

1864 4004 1903 4056 ‘n
1933 4001 2170 4058 uniuerso
2217 4004 2436 4057 munda.
2486 3998 2603 4057 Non
2633 3999 2778 4055 enim
2830 3999 2965 4055 ﬁdes
3016 3999 3133 4056 sine
3177 3999 3433 4069 operibus

168 4112 305 4162 tuum
353 4110 784 4166 accusationem.
832 4110 901 4163 Et
947 4110 1165 4166 attende
1195 4110 1458 4167 ablativos
1502 4125 1603 4183 pro
1654 4127 1744 4183 ge-

169 4194 338 4253 nitivis
365 4215 520 4257 more
546 4199 885 4268 Graecorum,
911 4200 1002 4270 qui
1044 4200 1295 4257 ablativis
1320 4211 1527 4258 carent.
1559 4203 1744 4259 Potest

169 4285 262 4344 hoc
307 4293 464 4350 modo
494 4292 673 4348 audiri
700 4308 714 4346 :
743 4302 799 4347 et
823 4292 1160 4348 conscientia
1191 4293 1600 4364 cogitationum.

233 4380 319 4438 27.
363 4384 442 4439 Tu
485 4393 666 4441 autem
712 4384 936 4439 Judteus
977 4386 1385 4455 cognominaris.
1435 4385 1551 4441 Non
1590 4386 1746 4441 valde

170 4486 410 4544 magnum
438 4475 617 4532 videri
652 4474 766 4530 vult
816 4474 861 4530 si
893 4473 1110 4531 Iudaeus
1154 4475 1361 4541 credat,
1386 4476 1586 4547 quippe
1621 4492 1744 4533 eum

171 4564 235 4619 sit
270 4567 568 4625 instructus
611 4582 708 4640 per
743 4568 933 4639 legem.
969 4566 1341 4623 Periculosum
1370 4576 1550 4625 autem
1593 4568 1746 4624 valde

172 4655 212 4709 si
240 4673 339 4713 non
365 4661 581 4726 credat;
615 4662 804 4716 ducem
833 4658 977 4713 enim
1004 4657 1168 4714 habet
1192 4657 1388 4730 legem.

218 4746 319 4813 ‘28.
352 4749 558 4805 LANPR.
602 4748 682 4804 Tu
728 4759 902 4803 autem
946 4747 1170 4804 Judteus
1211 4750 1616 4819 cognominaris.
1650 4749 1744 4807 Ju-

176 4833 307 4890 d:eos
336 4839 624 4894 humiliare
659 4847 917 4904 conatur;
968 4838 1059 4909 qui
1108 4854 1173 4894 ex
1222 4847 1446 4909 accepta
1492 4840 1607 4912 lege
1655 4857 1747 4897 su-

177 4925 492 4995 perbiebant,
516 4936 572 4985 et
601 4936 787 5001 gentes
814 4930 967 4999 quasi
992 4931 1325 5000 peccatrices
1354 4931 1743 5001 despiciebant.

238 5020 322 5076 29.
351 5010 589 5080 Attenes.
640 5023 748 5078 Per
800 5022 961 5093 legem
1009 5023 1228 5088 confidis
1269 5034 1317 5078 te
1360 5022 1543 5079 ducem
1587 5040 1747 5079 carro-

181 5125 303 5166 rum.
330 5112 486 5186 Legis
530 5116 916 5172 documentum
952 5123 1054 5179 est,
1099 5114 1317 5169 erudire
1356 5113 1657 5183 imperitos,
1695 5122 1748 5169 et

184 5199 280 5257 Deo
314 5205 577 5275 subiicere
615 5205 910 5278 profanos,
948 5214 1002 5261 et
1040 5205 1109 5261 ab
1152 5204 1458 5260 idololatria
1488 5205 1553 5260 ad
1587 5206 1746 5260 tidem

184 5306 438 5352 revocare.

1847 4094 2114 4152 laudanda
2140 4103 2243 4152 est.
2282 4094 2348 4149 Et
2393 4094 2446 4148 iu
2476 4091 2958 4164 subsequentibus,
2998 4106 3093 4147 eos
3122 4106 3246 4148 cum
3276 4100 3437 4147 caete.-

1845 4190 1922 4246 ris
1953 4188 2138 4260 plenos
2181 4187 2476 4244 dilectione
2510 4201 2653 4242 esse.
2692 4184 2789 4241 Est
2837 4194 3018 4269 autem
3059 4184 3320 4253 scriptum
3375 4185 3428 4237 in

1844 4281 2168 4339 Ezechiele:
2197 4280 2267 4336 Et
2292 4280 2513 4350 ingressi
2540 4287 2662 4335 sunt
2693 4278 2762 4332 ad
2805 4287 3000 4348 gentes,
3051 4276 3120 4330 ad
3168 4293 3300 4344 quas
3342 4276 3426 4328 in-

1844 4374 2123 4438 troierunt,
2149 4381 2198 4427 et
2240 4368 2540 4441 polluerunt
2582 4383 2768 4422 nomen
2792 4376 3032 4421 sanctum
3058 4383 3248 4430 meum,
3289 4368 3432 4441 quoi

1846 4461 2113 4533 polluistis
2143 4461 2196 4516 in
2231 4459 2495 4532 gentibus.

1921 4553 2011 4607 56.
2066 4552 2131 4605 In
2186 4551 2659 4617 circumcisionem,
2693 4550 2901 4616 idest,
2953 4559 3160 4606 tantum
3211 4552 3434 4623 prodest

1849 4643 1954 4715 sibi
1990 4643 2082 4714 qui
2112 4642 2331 4713 gentilis
2362 4650 2445 4698 est
2470 4683 2483 4707 ,
2534 4651 2799 4714 quantum
2833 4643 2880 4700 si
2920 4642 3138 4701 Iudaeus
3166 4653 3332 4701 esset.
3368 4644 3434 4699 Et

1844 4731 2146 4803 iudicabit,
2204 4734 2257 4789 id
2314 4742 2397 4790 est
2445 4734 2908 4804 comparationem
2954 4736 3037 4791 sui
3084 4735 3432 4806 iudicabilem

1853 4825 2012 4882 faciet
2037 4834 2091 4880 et
2117 4824 2498 4882 damnabilem.

1921 4918 2074 4973 CAP.
2136 4917 2221 4971 lll.
2268 4948 2337 4957 —~
2376 4918 2426 4972 1.
2455 4917 2695 4975 Asianos.
2748 4919 2889 4985 Quid
2921 4936 3043 4992 ergo
3069 4923 3296 4992 amplius
3324 4922 3437 4975 est?

1852 5007 2119 5077 Quoniam
2152 5007 2354 5064 Iudaeis
2408 5008 2700 5065 incredulis
2744 5010 2877 5064 nihil
2900 5011 3165 5080 prolicere
3190 5012 3436 5066 testimo-

1852 5104 2000 5158 nium
2038 5102 2252 5173 generis
2279 5101 2535 5165 ostendit,
2571 5116 2639 5158 ne
2670 5103 2957 5159 credentes
2992 5102 3134 5158 male
3167 5110 3430 5158 tractasse

1851 5198 2146 5263 videretur,
2173 5198 2331 5253 docet
2358 5196 2584 5251 multum
2603 5196 2734 5252 utile
2763 5213 2884 5253 esse
2909 5195 3275 5261 credentibus,
3308 5196 3443 5265 quia

1856 5291 1951 5345 lilii
2002 5290 2236 5345 Abrahae
2296 5298 2444 5345 sunt.
2492 5287 2627 5344 Nam
2660 5290 2743 5345 eis
2787 5297 2918 5347 sunt
2963 5287 3174 5344 credita
3217 5288 3441 5359 eloquia

245 5386 330 5441 30.
376 5386 596 5443 Occulta
622 5387 911 5443 hominum.
942 5366 1164 5444 Occulta
1185 5384 1595 5456 iudicabuntur.
1640 5384 1745 5440 Pu-
1774 5375 1818 5436 C
1854 5382 1969 5436 Dei.

186 5477 313 5535 blica
346 5497 440 5552 per
469 5482 726 5539 humilem
758 5483 1159 5540 confessionem
1191 5498 1297 5537 non
1339 5480 1741 5551 iudicabuntur.

248 5571 334 5628 3i.
358 5573 556 5631 lauru.
587 5574 842 5630 Famam
870 5576 1124 5631 scientitc.
1158 5573 1215 5629 Si
1246 5573 1366 5643 quis
1392 5571 1524 5627 velit
1566 5572 1742 5627 scien-

191 5662 308 5718 tiam
355 5674 411 5721 et
437 5668 720 5724 veritatem
765 5668 988 5734 habere,
1015 5666 1071 5722 in
1123 5676 1174 5722 te
1216 5665 1388 5737 possit
1433 5662 1664 5719 formam
1694 5672 1746 5719 et

193 5757 446 5824 exemplar
471 5762 730 5831 aspicere.

255 5847 336 5901 32.
368 5852 576 5908 Amisos
623 5854 727 5921 Qui
757 5854 921 5909 alium
953 5855 1126 5921 doces,
1150 5863 1198 5907 te
1234 5852 1399 5921 ipsum
1446 5867 1545 5905 non
1578 5849 1748 5915 doces,

1926 5476 1981 5530 2.
2011 5474 2213 5531 Laure.
2248 5474 2488 5529 Primum
2515 5474 2745 5544 quidem.
2777 5471 2957 5534 idest,
2982 5469 3201 5540 quidam
3229 5464 3440 5528 suum.

1858 5583 1976 5624 rum
2030 5567 2378 5622 crediderunt
2423 5564 2775 5636 Evangelium
2822 5562 3049 5629 Christi,
3109 5564 3361 5619 instructi
3407 5582 3436 5617 a

1858 5660 2302 5731 praedicatoribus
2348 5656 2481 5712 Novi
2537 5656 2892 5720 Tcstameuti,
2943 5654 3170 5710 verbum
3218 5654 3353 5725 legis
3382 5664 3441 5710 et

1859 5753 2270 5824 prophetarum,
2299 5751 2444 5820 quod
2474 5747 2687 5804 facilius
2717 5746 2918 5804 factum
2941 5758 3028 5805 est
3053 5749 3106 5804 in
3132 5748 3237 5803 illis
3273 5762 3437 5817 quam

1864 5851 1915 5904 in
1948 5849 2025 5907 eis
2050 5848 2139 5919 qui
2156 5847 2369 5903 Veteris
2391 5843 2717 5905 Tcstamenti
2746 5843 2961 5914 penitus
2986 5852 3235 5913 espertcs
3260 5847 3439 5896 erant.
