3954 6306
586 404 684 458 115
1564 412 1624 467 Β.
1663 413 2053 475 LANFRANCI
2087 419 2153 475 CA

2254 420 2435 476 {‘UAR.
2479 423 2793 479 ARCHIEP.
2834 418 2837 419 ν
3046 415 3055 421 ’
3736 426 3812 481 116

584 519 795 577 illorum
830 537 936 577 non
961 522 1340 578 crediderunt?
1391 526 1446 581 ὅ.
1476 525 1725 597 Nunquid
1757 530 2106 586 incredulitas
2128 531 2338 587 illorum
2397 533 2447 587 4.
2479 533 2634 588 fidem
2665 536 2757 589 Dei
2792 536 2880 605 qui
2922 552 2985 590 ea:
3027 537 3231 590 Judwis
3282 530 3557 607 quosdam
3590 537 3802 607 praedixit

581 612 871 664 credituros
907 611 1227 667 evacuabit?
1248 613 1440 669 Absit!
1481 616 1575 669 Est
1602 626 1781 672 autem
1823 620 1965 674 Deus
1992 636 2189 686 verax;
2221 622 2398 676 omnis
2429 633 2610 677 autem
2637 625 2797 678 horno
2823 626 3075 691 mendax,
3108 628 3248 682 sicut
3277 628 3556 698 scriptum
3588 637 3682 690 est,
3710 627 3809 691 5,6.

584 700 985 768 Utjustificeris
1010 719 1165 757 verna;
1202 722 1465 775 apparens
1500 708 1556 761 in
1595 710 1936 765 sermonibus
1971 712 2073 765 tuis
2094 712 2148 764 7.
2189 720 2241 765 ct
2264 712 2451 767 vincas
2478 722 2603 768 eum
2645 714 2925 780 iudicaris.
2956 716 3188 785 Objectio
3232 735 3303 773 ea:
3338 736 3573 788 persona
3602 720 3725 773 male
3748 722 3810 773 in-

580 794 923 864 telligentiam
948 796 1137 865 psalmi
1164 814 1386 852 versum.
1412 799 1445 853 8
1494 800 1551 855 Si
1577 810 1756 856 autem
1782 803 2040 873 iniquitas
2072 812 2255 858 nostra
2278 802 2545 872 justitiam
2575 806 2669 860 Dei
2692 810 3052 876 commendat,
3102 810 3230 879 quid
3262 805 3563 866 dicemus?
3598 810 3808 881 Nunquid

582 886 801 956 iniquus
823 895 906 941 est
929 888 1090 955 Deus,
1127 890 1217 959 qui
1244 890 1405 945 infert
1430 891 1953 963 iram?(seeundum
1999 895 2272 949 hominem
2321 896 2441 950 dico
2485 897 2788 952 humanitus
2844 899 3231 971 iuteltigeutem)
3290 902 3491 956 Absit!
3529 903 3583 957 9.
3614 902 3808 970 alioquin

592 980 863 1048 quomodo
885 979 1148 1047 judicabit
1178 982 1317 1037 Deus
1344 982 1485 1038 hunc
1507 985 1804 1039 mundum?
1842 985 1925 1039 10.
1951 985 2006 1039 Si
2039 986 2183 1040 enim
2206 987 2404 1041 veritas
2455 988 2547 1043 Dei
2593 988 2799 1045 iu-meo
2847 992 3129 1046 mendacio
3189 992 3577 1047 abundabitin
3623 992 3807 1063 gloriam

589 1071 782 1151 ipsius,
808 1072 932 1140 quid
964 1073 1139 1128 adhuc
1166 1084 1219 1129 et
1247 1090 1346 1145 ego
1378 1085 1628 1145 tanquam
1651 1086 1902 1145 peccator
1921 1077 2165 1147 judicor?
2192 1078 2278 1131 11.
2312 1088 2367 1133 et
2391 1095 2496 1132 non
2521 1080 2683 1146 (sicut
2707 1081 3164 1150 blasphemamur,
3188 1093 3242 1138 ct
3264 1084 3417 1138 sicut
3454 1083 3805 1152 aiunt'quidam

582 1178 684 1217 nos
712 1164 917 1233 dicere)
955 1166 1035 1219 12.
1063 1166 1323 1221 faciamus
1347 1167 1509 1231 mala,
1549 1177 1609 1223 ut
1636 1169 1852 1223 veniant
1873 1168 2045 1234 bona,
2081 1184 2311 1237 quorum
2339 1170 2619 1225 damnatio
2643 1172 2787 1241 justa
2840 1182 2942 1228 est.
2999 1174 3136 1240 Quid
3164 1175 3333 1244 ergo?
3364 1176 3456 1230 15.
3494 1173 3806 1244 prmecllimus

585 1252 690 1324 14
715 1254 839 1307 eos?
870 1253 1238 1325 Nequaquam.
1260 1256 1345 1320 11,
1381 1258 1466 1312 15.
1498 1259 1717 1314 Causati
1744 1259 1886 1314 enim
1917 1273 2107 1314 sumus
2129 1257 2343 1313 Judmos
2364 1269 2416 1313 et
2446 1260 2663 1316 Grazcos
2684 1278 2873 1317 omnes
2894 1265 2993 1319 sub
3016 1274 3237 1334 peccato
3260 1279 3411 1332 esse,
3428 1265 3803 1333 sicutscripltlm

579 1354 665 1398 cst
712 1363 723 1397 :
754 1344 888 1410 Quia
928 1362 1031 1399 nun
1065 1355 1147 1400 est
1176 1348 1353 1417 justus
1379 1350 1687 1419 quisquam,
1716 1365 1822 1404 non
1858 1358 1939 1404 est
1986 1348 2311 1421 intelligens,
2356 1366 2459 1404 nou
2490 1364 2573 1405 est
2605 1354 2889 1422 requirens
2914 1354 3103 1411 Deum.
3153 1355 3362 1411 Omnes
3399 1356 3801 1413 declinaverunt;

578 1435 741 1489 simul
770 1436 991 1492 inutiles
1018 1438 1143 1493 facti
1185 1447 1345 1506 sunt;
1378 1456 1481 1495 non
1515 1440 1712 1509 estqui
1738 1438 1903 1495 faciat
1931 1438 2157 1504 bonum,
2194 1454 2301 1493 non
2332 1448 2416 1494 est
2436 1456 2604 1509 usque
2649 1444 2713 1496 ad
2739 1459 2925 1497 unum.
2959 1444 3277 1514 Sepulcrum
3326 1454 3529 1515 patens
3554 1453 3635 1499 est
3659 1452 3804 1515 guttur

577 1540 785 1594 eorum,
821 1529 1015 1599 linguis
1044 1532 1158 1586 suis
1187 1532 1369 1587 dolose
1393 1533 1644 1603 agebant.
1665 1534 1943 1588 Venenum
1987 1531 2233 1601 aspidum
2265 1532 2364 1586 sub
2391 1532 2548 1587 labiis
2578 1549 2786 1589 eorum.
2816 1536 3053 1602 Quorum
3086 1552 3148 1592 os
3193 1538 3588 1594 maledictione
3611 1545 3660 1592 et
3684 1548 3802 1590 ama.

579 1619 814 1675 ritudine
835 1621 1050 1691 plenam
1084 1632 1190 1678 est.
1214 1622 1433 1680 Veloces
1463 1625 1625 1693 pedes
1651 1638 1837 1680 eorum
1859 1624 1924 1677 ad
1953 1621 2330 1677 effundendum
2352 1620 2690 1694 sanguinem.
2713 1626 2981 1683 Contritio
3005 1637 3058 1683 et
3088 1628 3389 1685 infelicitas
3406 1630 3462 1684 in
3499 1628 3601 1685 viis
3627 1642 3800 1688 eorum,

577 1721 633 1767 et
672 1711 809 1765 viam
842 1716 989 1783 pacis
1021 1730 1129 1769 non
1153 1726 1541 1783 cognoverunt.
1568 1714 1685 1769 Non
1706 1724 1788 1769 est
1813 1713 1973 1768 timor
1997 1711 2088 1766 Dei
2118 1720 2241 1766 ante
2263 1711 2447 1768 oculos
2469 1728 2679 1769 eorum.
2712 1716 2797 1770 16.
2825 1716 3039 1772 Scimus
3065 1726 3245 1773 autem
3284 1719 3554 1788 quoniam
3581 1718 3658 1772 17.
3686 1732 3802 1785 qua:-

579 1817 788 1871 cunque
815 1804 899 1858 lex
928 1805 1189 1875 loquitur,
1223 1807 1286 1860 iis
1310 1808 1400 1876 qui
1435 1808 1487 1861 iu
1514 1808 1633 1877 lege
1655 1815 1779 1861 sunt
1806 1804 2044 1874 loquitur
2070 1803 2187 1868 18.,
2217 1811 2277 1856 ut
2303 1819 2538 1860 omneos
2558 1806 2889 1872 obstruatur,
2927 1817 2982 1863 et
3006 1808 3254 1864 subditus
3283 1809 3384 1863 ﬁat
3412 1809 3594 1865 omnis
3615 1806 3801 1862 mundus

584 1897 715 1961 Deo,
742 1898 865 1965 quia
890 1914 956 1952 ex
986 1900 1241 1968 operibus
1272 1900 1402 1972 legis
1430 1915 1534 1953 non
1561 1897 1953 1967 justiﬁcabitur
1978 1895 2154 1950 omnis
2176 1910 2304 1951 caro
2343 1911 2525 1953 coram
2568 1898 2679 1954 illo.
2720 1900 2806 1955 19.
2842 1900 2946 1955 Per
2975 1901 3145 1972 legem
3173 1902 3321 1956 enim
3345 1901 3588 1972 cognitio
3613 1898 3799 1971 peccati.

576 1986 731 2041 Nunc
763 2000 943 2044 autem
973 1991 1450 2064 sinelegejustitia
1486 1993 1576 2049 Dei
1609 1990 1957 2051 manifestata
2004 1996 2110 2051 est.
2141 1987 2431 2047 testiﬁcata
2470 2006 2499 2043 a
2526 1990 2643 2061 lege
2700 2001 2754 2047 et
2803 1995 3103 2063 prophetis.
3150 1992 3375 2048 Justitia
3408 2003 3590 2047 autem
3624 1992 3704 2047 Dei
3730 2004 3800 2060 per

582 2080 745 2134 (idem
774 2080 901 2137 Jesu
931 2083 1133 2140 Christi
1160 2086 1211 2139 iu
1241 2101 1428 2141 omnes
1461 2094 1515 2139 et
1536 2100 1696 2153 super
1726 2096 1915 2138 omnes
1942 2079 2030 2149 qui
2063 2077 2291 2133 credunt
2314 2080 2365 2137 in
2385 2095 2538 2146 eum;
2578 2098 2683 2140 non
2712 2085 2854 2139 enim
2876 2095 2957 2139 est
2982 2086 3281 2140 distinctio.
3313 2085 3523 2141 Omnes
3553 2085 3686 2139 enim
3707 2096 3799 2151 pec-

580 2186 867 2240 caverunt,
893 2186 948 2231 et
986 2186 1144 2248 egent
1175 2178 1343 2248 gloria
1376 2180 1487 2233 Dci.
1519 2176 1803 2233 Justificati
1832 2174 2002 2243 gratis
2022 2185 2118 2242 per
2150 2171 2380 2239 gratiam
2402 2173 2588 2243 ipsius,
2619 2191 2716 2245 per
2746 2178 3170 2247 redemptionem
3220 2193 3347 2247 qua:
3397 2187 3485 2233 est
3514 2178 3571 2232 in
3617 2174 3794 2231 Christo

579 2267 727 2333 Jesu,
766 2268 851 2322 20.
876 2285 1035 2340 quem
1074 2272 1352 2341 proposuit
1378 2272 1520 2326 Deus
1540 2269 1995 2341 propitiationem,
2027 2278 2123 2332 per
2154 2259 2312 2314 filem
2350 2262 2402 2316 in
2433 2267 2700 2336 sanguine
2734 2268 2922 2338 ipsius,
2946 2268 3037 2335 ‘21,
3066 2268 3156 2322 22.
3185 2269 3250 2327 ad
3279 2263 3796 2335 ostensimtemjusu-

968 2426 971 2429 ς
1923 2350 2492 2412 conumranws.
3434 2362 3439 2365 ς

648 2454 700 2506 5.
750 2455 985 2511 Asianos.
1046 2456 1301 2527 Nunquid
1349 2455 1685 2511 incredulitas
1737 2452 1982 2513 illorum,
2036 2456 2140 2501 etc.
2174 2447 2497 2505 Avenircnt
2546 2451 2714 2518 bona,
2751 2452 2802 2506 id
2832 2461 2936 2518 est,
2986 2463 3043 2508 ut
3073 2453 3213 2508 Deus
3265 2451 3615 2518 remittendo,
3661 2449 3795 2504 bonus

581 2545 835 2616 Nunquid
861 2549 1082 2617 perfidia
1113 2564 1298 2603 eorum
1331 2548 1549 2619 negabit
1607 2545 1830 2614 reliquis
1882 2539 2153 2598 credenti-

577 2637 678 2690 bus
727 2638 892 2692 vitaru
943 2649 1224 2706 aeternam,
1256 2654 1416 2708 quam
1469 2637 1717 2707 promisit
1745 2636 1885 2689 Deus
1913 2632 2151 2685 futuram

575 2742 676 2797 per
700 2727 856 2782 fidem
888 2729 1127 2786 Christi?

650 2820 703 2873 4.
730 2820 928 2873 Lmen.
956 2819 1141 2887 Fidem
1175 2820 1266 2874 Dei
1289 2820 1596 2874 evacuabit?
1641 2819 1693 2874 id
1749 2828 1848 2879 est,
1894 2814 2055 2871 emcit
2098 2796 2175 2869 uti

554 2912 693 2965 'Deo
722 2926 827 2965 non
860 2912 1052 2965 debeat
1103 2911 1273 2978 credi,
1302 2911 1391 2979 qui
1424 2910 1767 2980 praediximus
1793 2908 2006 2963 Judaeos
2033 2921 2154 2962 esse

580 3003 905 3069 crediturus,
941 3005 1131 3073 (totum
1171 3018 1267 3071 pro
1289 3012 1441 3072 parte
1463 3000 1708 3072 ponens).
1734 2999 1999 3055 Jeremias
2022 3012 2152 3066 pru-

582 3097 747 3164 pheta
814 3096 1072 3151 dieit:lu
1102 3097 1282 3149 diebus
1325 3095 1615 3148 salvabitur
1644 3093 1809 3147 Iuda.
1869 3091 1936 3144 Et
1978 3090 2148 3144 alias:

580 3190 697 3259 Ego
716 3206 801 3243 ero
821 3191 959 3243 vobis
986 3190 1037 3243 in
1063 3189 1257 3255 Deum;
1287 3199 1333 3244 et
1361 3190 1459 3259 ipsi
1480 3195 1631 3242 erunt
1655 3185 1780 3240 mihi
1806 3185 1861 3239 in
1879 3181 2147 3255 papulum.

581 3278 650 3334 Et
676 3279 778 3333 alia
807 3279 1057 3349 plurima.
1238 3282 1241 3283 ⁷

651 3375 704 3431 5.
742 3374 806 3429 Ut
829 3377 1162 3446 justi/iceris.
1195 3376 1359 3431 David
1387 3375 1631 3445 peccavit
1665 3374 1720 3430 in
1765 3388 1927 3429 causa
1983 3371 2148 3438 Uriae,

581 3467 761 3523 sciens
821 3467 946 3537 quia
1004 3467 1294 3537 promissio
1337 3463 1725 3536 peccaturibus
1755 3481 1859 3520 non
1908 3464 2147 3534 prodest.

579 3559 713 3614 Ozat
744 3567 803 3613 ut
850 3558 990 3614 Deus
1021 3557 1303 3628 judicium,
1341 3572 1446 3627 quo
1473 3556 1750 3627 judicatur
1778 3555 2151 3626 peccatoribus

582 3650 715 3703 nihil
753 3648 905 3713 dare,
950 3650 1158 3714 vincat;
1189 3658 1243 3704 et
1271 3664 1331 3704 se
1357 3648 1707 3718 pteultentem
1737 3647 2035 3702 sanetilieet
2055 3685 2070 3710 ,
2094 3653 2153 3698 ut

581 3741 717 3794 dans
749 3740 850 3794 sibi
876 3741 1016 3809 quod
1064 3740 1227 3807 justis
1275 3741 1528 3795 daturum
1556 3755 1614 3795 se
1641 3738 1909 3809 promisit,
1953 3735 2150 3805 justiti-

581 3840 737 3886 cetur
764 3831 816 3885 in
846 3832 1193 3886 sermonibus
1207 3832 1337 3886 suis.

656 3923 709 3976 6.
752 3919 952 3975 Lustra.
1006 3919 1075 3973 Ut
1127 3920 1458 3990 justiﬁceris.
1503 3920 1760 3977 Probatio
1808 3920 1950 3991 quod
2012 3920 2153 3975 Deus

581 4027 749 4067 verax
780 4020 894 4075 est;
916 4011 1126 4081 justitia
1151 4012 1293 4065 enim
1321 4026 1662 4076 sermonum,
1693 4020 1775 4066 est
1798 4012 2019 4065 veritas.

658 4105 709 4156 7.
746 4100 809 4157 Et
842 4084 1036 4157 uincas.
1093 4102 1171 4156 Ex
1217 4102 1544 4156 abundantia
1613 4103 1713 4156 hoc
1744 4102 1973 4157 infertur
2021 4101 2153 4154 nihil

586 4196 651 4251 ad
682 4197 930 4266 superius
978 4204 1354 4266 argumentum
1413 4196 1711 4265 pertinens.
1737 4195 1881 4249 Vicit
1906 4194 2153 4250 Christus

588 4290 749 4343 hznuo
777 4290 936 4354 Deus,
970 4305 1089 4344 cum
1109 4269 1381 4358 jtidicatus
1408 4297 1510 4352 est,
1560 4288 1683 4367 quia
1717 4295 1935 4357 propter
1984 4288 2151 4356 ipsam

580 4380 967 4443 .htuuilitatcm,
1011 4380 1151 4433 dedit
1173 4382 1222 4433 ei
1276 4379 1415 4433 Deus
1458 4396 1642 4434 nomen
1694 4380 1838 4451 quod
1890 4391 1963 4434 est
1998 4397 2155 4451 super

586 4488 735 4524 «mne
768 4488 977 4538 nomen,
1023 4482 1073 4525 ut
1105 4473 1157 4524 in
1193 4472 1397 4526 nomine
1420 4471 1545 4527 Jesu
1602 4489 1750 4527 omne
1797 4489 1928 4543 genu
1970 4475 2152 4543 Περία-

582 4572 687 4624 tur,
719 4571 825 4617 etc.
1032 4550 1043 4569 ⁷
1554 4568 1559 4571 ’

654 4655 709 4709 8.
738 4653 796 4708 Si
819 4667 991 4709 autem
1048 4657 1320 4727 iniquitas.
1375 4658 1487 4712 Hoc
1518 4659 1637 4713 ideo
1690 4659 1974 4723 subiufert,
2028 4660 2152 4728 quia

586 4745 773 4799 dicens
800 4764 812 4799 :
849 4744 912 4799 Ut
927 4747 1237 4816 justiﬁceris
1267 4749 1319 4802 in
1348 4749 1669 4802 sermonibus
1715 4749 1817 4802 tuis
1845 4789 1858 4810 ,
1892 4749 2039 4802 visus
2072 4760 2156 4804 est

585 4850 803 4889 causam
850 4835 1144 4891 reddidisse
1192 4853 1288 4892 cur
1316 4837 1491 4892 oumis
1523 4838 1681 4893 homo
1717 4845 1863 4893 esset
1904 4838 2151 4893 mendax.

586 4924 652 4978 Et
678 4934 831 4979 vocat
869 4927 1211 4996 iniquitatem
1242 4929 1603 4983 mendacium.

650 5016 703 5070 9.
734 5016 973 5070 AMBROS.
1000 5016 1242 5088 Alioquin
1278 5022 1537 5090 quomodo
1558 5020 1839 5089 judicabit.
1879 5022 2016 5089 Quia
2047 5038 2150 5077 non

580 5106 922 5176 cratjustum
976 5105 1319 5174 utjudicaret
1349 5111 1626 5175 mundum,
1674 5113 1718 5167 si
1756 5122 1976 5182 peccata
2005 5113 2149 5169 illius

580 5197 679 5265 ipsi
710 5198 1053 5266 prolicereut.

654 5286 740 5339 10.
774 5287 1079 5343 LANFRANC.
1113 5288 1175 5345 Si
1195 5289 1332 5343 enim
1357 5290 1565 5345 veritas.
1613 5291 1810 5346 lterum
1840 5293 1940 5349 hoc
1967 5294 2153 5349 subin-

581 5377 689 5429 fert
716 5391 779 5428 ex
812 5394 1040 5445 persona
1065 5381 1203 5434 male
1244 5381 1676 5453 intclligentium.

654 5467 741 5520 11.
773 5465 839 5520 Et
870 5485 970 5523 non
985 5471 1137 5524 sicut.
1169 5471 1313 5527 Ordo
1339 5492 1353 5526 :
1388 5483 1445 5528 et
1468 5474 1605 5529 sicut
1624 5475 2074 5544 blasphemamur,
2105 5487 2159 5533 et

582 5558 725 5609 sicut
768 5557 917 5612 aiunt
959 5561 1174 5631 quidam
1206 5578 1303 5617 nos
1332 5564 1512 5620 dicere
1547 5583 1560 5619 :
1590 5566 1721 5635 quid
1756 5582 1861 5621 non
1895 5566 2158 5625 faciamus

580 5646 742 5711 mala,
766 5652 1055 5706 utveuiant
1082 5654 1244 5720 bona,
1273 5656 1432 5721 sicut,
1461 5666 1567 5713 etc.

657 5739 744 5793 12.
776 5742 1097 5798 Auoaosws.
1145 5743 1426 5801 Faciamus
1478 5748 1640 5802 mala.
1686 5749 1728 5802 Α
1779 5752 2045 5820 perversis
2081 5753 2159 5806 di-

583 5831 807 5889 cebatu:
852 5833 952 5889 hoc
1002 5833 1269 5903 apostolos
1301 5835 1523 5892 dicere:
1576 5839 1905 5908 peccandum
1951 5856 2069 5899 esse
2103 5855 2159 5898 ut

2251 2538 2543 2594 videretur.

2327 2630 2412 2684 15.
2444 2630 3035 2691 Ιιλδριλ.Ῥι·αἰ-ε11ἱιηιιε
3078 2653 3185 2703 eos,
3216 2636 3268 2690 id
3298 2624 3403 2701 est,
3434 2651 3501 2691 an
3538 2649 3633 2689 nos
3660 2624 3790 2684 Judwi

2252 2721 2663 2778 excellentiorcs
2685 2733 2738 2779 et
2764 2725 3037 2796 digniores
3066 2741 3251 2780 sumus
3278 2744 3452 2797 quam
3472 2719 3724 2796 gentiles?

2326 2812 2407 2866 14.
2437 2811 2653 2869 Causati
2674 2819 2830 2871 enim.
2860 2816 3023 2884 Quasi
3050 2816 3255 2873 diceret
3292 2835 3306 2872 :
3352 2818 3456 2884 Qui
3487 2807 3656 2887 pares,
3686 2822 3790 2880 ph!"

2254 2904 2596 2963 celleutiores
2621 2922 2738 2965 esse
2764 2926 2869 2965 non
2903 2926 3208 2981 possunms.
3236 2911 3349 2967 Nec
3378 2913 3481 2967 hoc
3511 2905 3731 2977 superius
3752 2899 3789 2949 in

2254 2997 2354 3052 hac
2382 2998 2618 3069 Epistola
2664 3000 2833 3067 dixit;
2886 3002 2978 3056 sed
3011 3002 3344 3057 credendum
3390 3012 3473 3058 est
3514 3003 3565 3054 in
3587 3002 3791 3053 sermove

2252 3103 2412 3160 quem
2436 3093 2503 3146 ad
2531 3094 2787 3163 populum
2812 3095 3044 3150 habebat
3083 3110 3205 3149 eum
3231 3090 3459 3151 dixisse.

2324 3180 2412 3237 15.
2443 3181 2679 3238 Annuus.
2731 3183 2948 3238 Causati
2993 3185 3132 3239 enim
3168 3202 3374 3268 sum‘us,
3426 3186 3479 3240 id
3506 3191 3606 3246 est,
3641 3184 3785 3233 osten-

2251 3272 2450 3339 dimus,
2480 3274 2700 3330 redditis
2728 3276 2903 3332 causis
2944 3277 3212 3347 superius,
3265 3273 3489 3334 Iudaeos
3527 3282 3580 3331 et
3608 3271 3787 3327 CW

2252 3380 2372 3422 esse
2407 3382 2548 3423 F808.
3015 3435 3033 3447 .
3178 3383 3183 3393 '

2325 3460 2413 3515 16.
2449 3457 2659 3514 Scimus
2688 3470 2880 3516 autem.
2913 3461 3025 3517 Hoc
3052 3461 3269 3526 dicitur,
3298 3462 3428 3533 quia
3454 3455 3646 3516 Iudaeis
3682 3462 3783 3505 con:

2251 3551 2455 3607 strictis
2479 3553 2657 3606 omnis
2695 3554 2927 3609 mundus
2975 3554 3221 3609 subditus
3250 3554 3323 3609 sit
3353 3557 3480 3609 Deo.
3509 3548 3638 3605 Nulli
3671 3543 3781 3599 enim

2252 3644 2473 3698 dubium
2503 3653 2587 3699 est
2611 3661 2853 3715 paganos
2884 3642 3250 3717 impietatibus
3284 3648 3532 3701 obrutos.

2325 3735 2410 3788 17.
2445 3733 2644 3789 Larem.
2699 3735 3033 3807 Quwcuuque
3081 3743 3166 3789 tea:
3212 3736 3467 3806 loquitur.
3518 3734 3692 3801 Legem
3718 3720 3782 3774 Ιιίυ

2130 3826 2135 3829 “
2179 3823 2224 3883 Β
2251 3834 2407 3879 vocat
2469 3824 2729 3892 psalmos,
2777 3826 2917 3880 sicut
2972 3825 3025 3879 in
3055 3825 3391 3896 Evangelia:
3423 3823 3607 3878 Nonne
3630 3820 3677 3870 in
3701 3813 3783 3878 "9‘

2252 3926 2424 3968 oes'ra
2470 3917 2721 3986 scriptum
2779 3927 2894 3970 est:
2934 3917 3047 3987 Ego
3108 3918 3270 3971 dixi:
3303 3918 3394 3971 Dii
3435 3917 3573 3970 estis.
3628 3908 3685 3962 Et
3720 3905 3781 3953 εει

2253 4019 2444 4060 sensus
2476 4023 2489 4059 :
2523 4006 2832 4073 superiores
2879 4006 3067 4077 psalmi
3109 4022 3296 4063 versus
3325 4008 3393 4062 ad
3440 4020 3530 4060 vos
3559 3995 3782 4075 pertiucui

2252 4096 2437 4160 etiam,
2465 4113 2497 4151 ο
2525 4095 2695 4151 Judzei
2724 4099 2735 4151 !

2326 4190 2410 4242 18.
2446 4187 2515 4241 L’t
2537 4205 2685 4243 omne
2714 4205 2771 4243 os
2799 4190 3121 4245 obstruatur.
3148 4191 3259 4246 Hoc
3276 4188 3614 4260 conjungitur
3655 4185 3778 4242 sapt“

2254 4279 2381 4333 riori
2432 4280 2729 4345 sententia},
2765 4296 2869 4351 qua
2918 4282 3035 4335 ait:
3068 4280 3286 4336 Causati
3324 4283 3461 4336 enim
3492 4285 3657 4332 sumus
3694 4276 3777 4317 οηδ·

2255 4386 2343 4423 nes
2370 4374 2463 4424 sub
2491 4381 2719 4439 peccato.
3060 4412 3061 4415 η
3332 4402 3335 4403 ν
3488 4392 3491 4393 ν
3724 4370 3725 4373 “

2325 4460 2410 4514 19.
2441 4459 2681 4517 Αυωιος.
2704 4458 2810 4516 Per
2839 4460 3001 4533 legem
3022 4462 3177 4516 enim.
3212 4461 3470 4517 Videmus
3488 4463 3680 4511 veteres
3696 4455 3775 4497 n0"

2253 4551 2534 4622 ignorasse
2562 4560 2861 4622 peccatum,
2885 4567 3008 4607 cum
3038 4553 3294 4622 pincerna
3319 4562 3376 4608 et
3396 4554 3561 4623 pistor
3580 4542 3777 4597 Pharao.

2255 4646 2341 4700 nis
2394 4660 2555 4700 causa
2597 4646 2805 4715 peccati
2835 4646 2891 4700 in
2919 4661 3200 4701 carcerem
3246 4646 3400 4701 miSsi
3429 4643 3567 4697 sunt.
3598 4628 3688 4686 Sed
3712 4623 3775 4674 ⁸⁸⁸

2255 4735 2489 4789 ostendit
2516 4736 2655 4805 apud
2697 4736 2862 4791 Deum
2894 4736 3147 4806 imputari
3180 4744 3465 4805 peccatum
3486 4739 3537 4784 et
3582 4720 3776 4778 luturuttl

2248 4827 2537 4898 judicium,
2565 4830 2707 4898 quod
2738 4829 3285 4899 priusignorabatur.
3404 4845 3408 4848 ‹
3583 4835 3603 4839 ,ν

2324 4919 2415 4973 20.
2442 4918 2607 4985 Quem
2637 4919 2903 4991 proposuit
2925 4919 3089 4981 Deus,
3120 4920 3172 4975 id
3194 4926 3295 4983 est,
3317 4918 3368 4972 in
3399 4912 3605 4971 Christo
3628 4899 3773 4991 (559.0:

2254 5012 2427 5068 suisse
2454 5012 2745 5082 prOpitium
2779 5011 3019 5066 futurum
3067 5011 3303 5065 humano
3329 5005 3532 5080 generi,
3558 4998 3600 5053 si

2254 5114 2311 5160 et
2340 5106 2441 5161 huc
2455 5080 2522 5159 in
2546 5080 2808 5175 sanguine
2834 5103 3001 5173 ipsius
3023 5142 3040 5170 ,
3070 5103 3197 5172 quia
3237 5110 3412 5157 morte
3442 5095 3575 5153 illius
3602 5080 3773 5139 liberali

2252 5213 2457 5255 ευπιιιε.
3624 5267 3629 5271 .

2322 5287 2411 5343 21.
2444 5288 2525 5341 Ad
2557 5289 2918 5353 ostensionem,
2945 5286 3049 5341 hoc
3087 5295 3173 5341 est
3199 5294 3258 5340 ut
3286 5282 3599 5354 promissum
3624 5257 3770 5335 1’31"“

2256 5381 2461 5436 faceret
2486 5395 2592 5449 quo
2624 5379 2727 5433 nos
2753 5396 2783 5433 a
2811 5379 3048 5447 peccatis
3077 5378 3358 5443 liberaret,
3383 5375 3517 5431 sicut
3542 5369 3657 5418 ante

2256 5445 2518 5537 miserat,
2543 5469 2634 5540 qui
2666 5445 2969 5525 diutissime
3008 5451 3352 5529 ‘susteutavit,
3383 5473 3437 5519 ut
3463 5462 3630 5545 nostri?
3668 5445 3770 5545 iiii?"

2260 5576 2392 5632 pore
2412 5532 2721 5616 ostenderet
2753 5559 2894 5627 quod
2938 5558 3067 5613 olim
3097 5558 3430 5618 decreverat,
3457 5557 3509 5604 et
3534 5542 3596 5598 sit
3612 5532 3770 5632 juswii

2264 5622 2398 5711 dans
2460 5656 2603 5723 quod
2662 5622 2911 5725 promisit
2975 5651 3275 5722 justiﬁcare
3321 5667 3379 5705 se
3436 5636 3689 5700 credentes
3732 5622 3768 5662 ιν

2263 5746 2496 5800 Christo.

2331 5838 2420 5894 ‘22.
2453 5836 2645 5894 ωλι-ιι.
2681 5838 2761 5892 Ad
2802 5838 3160 5894 ostensiouem.
3213 5836 3294 5891 Ad
3324 5835 3421 5890 hoc
3474 5827 3600 5883 Deus
3623 5804 3765 5882 ,Πίίων
