3954 6306
154 413 261 469 ΙΙἹ
917 414 984 471 ΙΝ
1023 418 1087 474 D.
1126 417 1327 476 PAULI
1366 418 1584 477 EPIST.
1626 419 1982 478 COMMENT.
2020 411 2092 464 -'-
2129 419 2354 477 EPIST.
2396 420 2488 475 AD
2527 418 2705 479 ROM.
3346 425 3447 479 H8

147 530 246 583 tiae
275 543 422 583 sum.
452 528 543 583 23.
572 527 798 599 Propter
822 530 1199 595 remissionem
1226 535 1641 603 prmcedenhum
1674 530 2017 602 delictOrum,
2053 539 2105 592 in
2149 538 2544 593 sustentatione
2574 537 2693 600 Det,
2718 537 2783 590 ad
2814 539 3189 594 ostensionem
3224 538 3448 608 iustitiae

144 622 273 691 ejus
306 620 364 675 in
402 622 504 677 hoc
541 612 802 692 tempore,
830 630 888 675 ut
915 623 985 677 sit
1012 623 1343 692 ipsejustus,
1373 623 1464 679 ει.
1493 624 1871 694 etjustiﬁcans
1897 642 2020 681 eum
2050 628 2138 697 qni
2168 636 2252 682 est
2281 643 2348 681 ex
2378 627 2483 681 ﬁde
2512 626 2639 682 Jesu
2661 624 2891 681 Christi.
2924 626 3027 682 Ubi
3060 637 3297 700 estergo
3328 630 3446 700 glo~

143 714 319 769 riatio
355 714 486 768 tua?
506 712 735 769 Exclusa
758 723 860 770 est.
887 715 989 770 Per
1015 732 1176 787 quam
1209 716 1419 787 legem?
1447 718 1535 773 25.
1569 718 1870 793 factorum?
1894 719 2029 782 Non,
2061 720 2155 775 sed
2180 719 2271 774 ‘26.
2303 735 2398 790 per
2424 720 2594 789 legem
2629 719 2772 773 ﬁdei.
2809 720 2903 773 27.
2930 719 3280 776 Arbitramnr
3299 723 3449 785 enim

134 805 456 876 jnstiﬁcari
487 806 761 862 hominem
785 822 880 877 per
902 807 1062 863 ﬁdem
1088 809 1189 879 15
1224 812 1340 865 sine
1369 811 1624 880 operibus
1654 812 1808 883 legis.
1848 812 1929 867 An
1962 811 2271 866 Judzeorum
2292 811 2432 867 Deus
2456 813 2699 865 tantum?
2721 810 2913 867 Nonne
2949 820 3006 867 et
3033 813 3316 883 gentium?
3336 814 3449 871 lmo

138 906 198 952 et
230 898 517 967 gentium,
543 897 797 968 quoniam
821 898 1041 969 quidem
1072 915 1210 954 unus
1238 910 1323 955 est
1347 899 1512 965 Deus,
1543 900 1631 956 28.
1672 902 1761 971 qui
1786 900 2052 972 justiﬁcat
2078 902 2170 956 9.9.
2203 899 2679 955 circumcisionem
2724 914 2793 953 ex
2840 898 2965 963 ﬁde,
3021 900 3112 956 50.
3154 908 3210 956 et
3235 916 3447 971 pratpu-

140 991 282 1046 tium
309 1005 421 1062 per
438 989 842 1057 ﬁdem.31,132.
867 989 1064 1062 Legem
1088 1006 1219 1064 ergo
1252 993 1582 1048 des‘ruimus
1608 1007 1704 1062 per
1720 992 1915 1048 ﬁdem?
1946 992 2138 1047 Absit!
2177 993 2272 1048 sed
2304 993 2477 1062 legem
2511 992 2821 1047 statuimus.
3282 1004 3283 1011 ‘

1586 1103 1815 1160 CAPUT
1874 1104 1964 1159 1V.

214 1216 270 1270 Ι.
301 1213 459 1280 Quid
484 1228 614 1285 ergo
644 1213 890 1270 dicemus
932 1214 1206 1271 invenisse
1248 1217 1522 1273 Abraham
1556 1228 1768 1289 patrem
1797 1228 2043 1285 nostrum
2080 1215 2375 1272 secundum
2416 1216 2672 1270 carnem?
2696 1214 2751 1269 2.
2785 1215 2843 1270 Si
2883 1213 3030 1271 enim
3062 1213 3336 1270 Abraham
3382 1231 3448 1285 ea

134 1307 421 1376 operibus
444 1307 777 1376 justiﬁcatus
805 1320 909 1376 est,
939 1311 994 1367 5.
1029 1312 1193 1368 habet
1235 1314 1487 1384 gloriam,
1510 1316 1605 1370 sed
1634 1332 1739 1371 non
1773 1316 1913 1385 apud
1946 1316 2135 1369 Deum.
2165 1312 2219 1365 4.
2253 1298 2392 1378 Quid
2423 1311 2569 1365 enim
2599 1309 2731 1379 dicit
2764 1309 3083 1382 Scriptura?
3122 1308 3174 1363 5.
3210 1306 3452 1391 Credidit

46 1430 47 1433 η
136 1401 441 1455 Abraham
476 1400 618 1467 Deo;
647 1410 701 1457 et
735 1412 1042 1473 repntatum
1077 1406 1265 1473 estilli
1300 1406 1365 1461 ad
1403 1407 1693 1478 justitiam.
1732 1408 1784 1475 6,
1814 1410 1866 1463 7.
1899 1408 1959 1463 Ei
1988 1415 2170 1463 autem
2198 1406 2288 1474 qui
2318 1412 2597 1474 operatur,
2627 1418 2836 1459 merces
2883 1418 2987 1459 non
3025 1403 3323 1473 imputatur
3368 1418 3451 1458 se-

130 1494 394 1551 cundum
445 1494 699 1564 gratiam,
730 1495 821 1550 sed
852 1496 1152 1552 secundum
1196 1497 1458 1554 debitum.
1485 1499 1539 1554 8.
1570 1498 1631 1554 Ei
1662 1514 1794 1555 vero
1818 1499 1910 1569 qui
1955 1513 2059 1552 non
2092 1504 2370 1565 operatur,
2404 1494 2643 1548 credenti
2680 1502 2860 1548 autem
2893 1494 2945 1548 in
2986 1508 3132 1557 eum,
3160 1493 3251 1563 qui
3286 1493 3449 1563 justi—

134 1585 270 1640 ﬁcat
304 1585 569 1655 impium,
602 1593 883 1655 reputatur
911 1585 1044 1641 ﬁdes
1070 1587 1188 1657 ejus
1215 1588 1565 1667 adjustitiam
1590 1569 1889 1645 secundum
1916 1587 2250 1657 propositum
2280 1586 2469 1656 gratia?
2497 1584 2799 1667 Dei..Sicut
2820 1593 2875 1640 et
2904 1585 3071 1640 David
3100 1585 3234 1640 dicit
3272 1583 3454 1639 beati--

135 1677 404 1732 tudinem
439 1677 696 1743 hominis,
723 1677 810 1732 cui
843 1677 984 1732 Deus
1012 1686 1237 1748 accepto
1279 1662 1385 1734 fert
1407 1679 1680 1749 justitiam
1709 1678 1828 1735 sine
1857 1677 2114 1749 operibus
2148 1690 2162 1729 :
2193 1675 2342 1745 Beati
2386 1663 2630 1744 quorum
2662 1674 2904 1730 remissa:
2944 1681 3069 1729 sunt
3109 1673 3449 1744 iniquitates,

130 1780 190 1824 et
219 1775 472 1837 quorum
501 1779 642 1824 tecta
680 1776 805 1824 sunt
825 1777 1079 1839 peccata;
1109 1768 1307 1825 Beatus
1331 1771 1434 1836 vir,
1465 1770 1550 1826 cui
1581 1785 1688 1825 non
1719 1768 2006 1839 imputavit
2035 1766 2297 1839 Dominus
2318 1772 2623 1835 peccatum.
2655 1763 2941 1839 Beatitudo
2969 1778 3099 1834 ergo
3128 1763 3244 1818 haec
3265 1762 3317 1817 in
3342 1764 3449 1819 cir-

129 1860 487 1915 cumcisione
510 1868 722 1916 tantum
744 1862 1059 1933 manet,16
1070 1878 1134 1916 an
1153 1861 1318 1916 etiam
1334 1861 1386 1929 in
1399 1862 1697 1931 praeputio?
1720 1859 1961 1917 Dicimus
1976 1858 2120 1916 enim
2134 1858 2262 1929 quia
2291 1863 2538 1926 reputata
2567 1854 2894 1911 estAbrahtc
2923 1854 3056 1908 ﬁdes
3081 1853 3445 1924 adjustitiam.

130 1942 443 2019 Quomodo
487 1940 617 2023 ergo
646 1961 895 2023 reputata
918 1953 1037 2008 est?
1065 1951 1120 2007 In
1150 1953 1571 2009 circumcisione
1593 1968 1661 2008 an
1692 1955 1745 2007 in
1776 1942 2081 2022 praeputio?
2110 1947 2227 2003 Non
2255 1947 2309 2001 in
2352 1944 2786 2010 circumcisione,
2827 1942 2923 2000 sed
2974 1942 3025 1997 in
3058 1943 3343 2014 praeputio.
3392 1944 3448 1999 9.

1518 2062 2092 2124 COMMENTARIUS.

127 2196 296 2236 suum
362 2182 568 2236 mundo
619 2156 900 2253 prtedicari
952 2181 1101 2247 fecit,
1151 2190 1212 2237 ut
1249 2183 1564 2240 ostenderet
1600 2182 1746 2253 quod
1849 2180 2088 2235 diuorum
2121 2177 2193 2232 sit
2224 2176 2365 2232 Deus
2386 2175 2647 2247 gentium.
2670 2175 2788 2245 Ipse
2819 2175 2955 2230 enim
2975 2185 3149 2246 gentes
3160 2175 3447 2245 justiﬁcat.

125 2288 227 2341 per
259 2273 439 2327 ﬁdem
471 2274 586 2344 ejus
619 2273 991 2341 justiﬁeantur
1020 2284 1363 2346 peccatores.
1848 2270 1943 2325 Dei
1972 2278 2155 2324 autem
2183 2268 2350 2323 solius
2376 2277 2459 2323 est
2483 2266 2809 2337 justiﬁcare.

1916 2360 2007 2415 δι.
2034 2360 2221 2430 Legem
2248 2360 2587 2413 destruimus.
2610 2358 2746 2425 Quia
2773 2359 3020 2414 carnales
3040 2358 3450 2415 observationes

172 2354 301 2419 '23.
339 2362 575 2435 Propter
597 2366 949 2420 remissionem
981 2355 1385 2437 priecedentium
1412 2367 1742 2422 delictorum.
1782 2378 1786 2383 ‘

124 2455 307 2519 Ordo,
381 2455 806 2525 praecedentium
854 2456 1174 2511 delictorum
1232 2457 1285 2511 in
1350 2458 1747 2513 sustentatione

130 2546 251 2600 Dei.
327 2532 616 2602 Pa'tienter
662 2547 823 2627 Venim
902 2548 1045 2603 Deus
1067 2534 1325 2603 sustinuit
1378 2549 1745 2618 praecedentia

131 2636 342 2692 delicta
387 2638 597 2701 mundi,
632 2648 690 2693 ut
713 2638 1141 2709 ostenderetqui
1175 2639 1641 2708 verajustiﬁcatio
1663 2650 1746 2695 est

136 2728 189 2781 in
220 2728 334 2784 hoc
361 2737 632 2800 tempore,
668 2730 729 2785 id
759 2739 862 2796 est,
893 2731 946 2785 in
985 2731 1091 2786 ﬁde
1113 2730 1239 2787 Jesu
1264 2731 1488 2787 Christi.
1514 2731 1572 2787 Si
1599 2734 1742 2787 enim
1784 2726 1802 2803 λ

135 2836 332 2877 omnes
387 2832 707 2892 peccatores
753 2823 1038 2893 puniissct,
1072 2838 1181 2879 non
1220 2833 1366 2880 esset
1388 2824 1480 2895 qui
1532 2824 1585 2880 in
1636 2826 1743 2881 hoc

140 2918 393 2979 tempore
417 2895 709 2979 justiﬁcari
739 2921 945 2980 posset.

207 2999 302 3053 24.
319 3000 359 3054 Ι
363 3011 514 3055 ustus
541 3011 586 3056 et
607 3001 1003 3072 justiﬁcans,id
1032 3012 1134 3069 est,
1169 3017 1356 3071 verax,
1380 3002 1655 3074 complens
1678 3018 1742 3060 ea

144 3105 263 3158 qua:
290 3092 573 3161 promisit;
1019 3120 1025 3126 ο
1294 3120 1297 3121 ν

208 3182 301 3236 25.
332 3181 651 3252 Factorum,
706 3185 758 3239 id
804 3194 926 3251 est,
987 3201 1055 3241 an
1089 3188 1191 3242 alia
1220 3188 1305 3241 lex
1357 3188 1571 3257 prolata
1621 3196 1740 3254 est,

145 3271 352 3329 habens
374 3274 518 3330 alias
544 3277 987 3344 observationes,
1018 3293 1114 3348 per
1163 3294 1301 3348 quas
1331 3281 1742 3337 observationes

148 3371 245 3419 tua:
262 3365 662 3421 annilzilentur.

204 3454 293 3508 26.
344 3454 466 3511 Per
520 3455 682 3528 legem
734 3459 878 3527 ﬁdei.
929 3458 1125 3530 Legem
1186 3462 1309 3518 ﬁdei
1361 3472 1521 3519 vocat
1567 3464 1738 3535 legem

1848 2450 1983 2521 legis
2009 2450 2362 2516 destruimus,
2387 2465 2452 2505 an
2475 2450 2771 2520 putandum
2800 2459 2884 2505 est
2918 2465 3037 2516 nos,
3064 2450 3450 2520 prmdicatores

1850 2540 2145 2612 Evangelii,
2178 2540 2343 2596 etiam
2396 2540 2622 2596 moralia
2652 2550 2919 2612 praecepta
2954 2541 3273 2597 destruere?
3310 2541 3449 2608 Quid

1846 2633 2013 2704 ergo?
2044 2633 2181 2689 ordo
2214 2651 2227 2686 :
2262 2631 2391 2702 quid
2439 2632 2737 2690 secundum
2789 2646 3035 2697 carnem,
3081 2632 3133 2686 id
3165 2641 3270 2698 est,
3315 2632 3449 2702 qttid

1846 2725 2153 2780 carnalium
2185 2725 2666 2781 Observationum?
2696 2724 2894 2781 Pro'bat
2929 2726 3072 2796 quod
3097 2726 3216 2782 sine
3240 2728 3447 2781 carnali

1828 2808 2225 2873 Iohservatione
2253 2818 2387 2889 legis
2416 2817 2708 2889 justiﬁcari
2742 2826 2921 2888 potest
2947 2818 3111 2873 homo
3137 2834 3235 2889 per
3261 2818 3443 2873 ﬁdem.

1772 2932 1777 2935 τ
1844 2910 2120 2965 Abraham
2166 2909 2313 2966 enim
2344 2909 2461 2964 sine
2507 2909 2818 2965 carnalibus
2858 2909 3335 2965 observationibus
3359 2907 3449 2977 ju-

1843 3000 2114 3055 stiﬁcalus
2139 3009 2241 3065 est,
2286 2998 2567 3069 Scriptura
2610 3007 2844 3056 testante
2874 3015 2888 3054 :
2916 2998 3149 3054 Credidit
3178 3000 3446 3055 Abraham

1847 3092 1978 3158 Deo,
2015 3102 2122 3148 etc.
2258 3119 2264 3125 -
2812 3102 2817 3133 ί

1912 3182 2004 3237 52.
2045 3182 2284 3238 Auanos.
2318 3182 2506 3253 Legem
2532 3199 2669 3239 vero.
2703 3183 2822 3240 Non
2865 3184 3054 3258 utique
3094 3184 3177 3241 lex
3210 3184 3449 3240 inanitur

1843 3287 1940 3342 per
1993 3272 2177 3339 ﬁdem,
2214 3274 2308 3329 sed
2362 3273 2707 3346 adimpletur,
2752 3276 2969 3346 quando
3015 3276 3159 3347 quod
3202 3278 3443 3331 futurum

1843 3363 1980 3417 dixit
2008 3364 2168 3429 ﬁdes,
2207 3364 2348 3420 istud
2378 3365 2664 3423 advenisse
2697 3362 2953 3423 testatur.

1914 3455 2069 3511 CAP.
2104 3455 2195 3511 IV.
2227 3488 2298 3497 ——
2330 3459 2381 3513 Ι.
2411 3458 2650 3516 Auanos.
2691 3460 2833 3526 Quid
2862 3479 2983 3532 ergo
3022 3462 3254 3517 dicemus
3298 3464 3445 3519 ince-

144 3540 367 3611 Christi,
406 3547 472 3600 in
500 3560 609 3616 quo
646 3549 907 3603 asseritur
929 3549 1127 3604 salvari
1156 3550 1427 3611 hominem
1444 3568 1540 3623 per
1567 3554 1737 3609 solam

1865 3548 2019 3602 tisse?
2053 3549 2285 3604 Carnem
2329 3550 2459 3604 dicit
2489 3551 2963 3608 circumcisionem
2983 3594 2998 3619 ,
3026 3569 3134 3624 qua
3164 3555 3442 3612 Abraham

144 3632 297 3690 ﬁdem
347 3641 490 3693 dum
549 3638 919 3707 diciturzﬂui
982 3642 1297 3711 crediderit,
1349 3653 1398 3698 et
1442 3644 1738 3715 baptizatus

146 3725 320 3793 fuerit,
350 3730 542 3783 salvus
570 3724 689 3783 erit.

208 3819 297 3879 27..
328 3823 582 3877 Aucusr.
616 3823 717 3894 (De
734 3824 839 3893 [ide
866 3833 913 3879 et
943 3828 1306 3897 operib.,cap.
1342 3828 1426 3894 14,
1461 3841 1591 3884 tom.
1622 3830 1734 3903 ιν).

1842 3656 1947 3695 non
1978 3640 2485 3712 invenitjustitiam,
2520 3660 2621 3701 nec
2654 3647 2924 3716 qnmsivit.
2958 3654 2961 3659 '

1910 3730 1963 3785 2.
1996 3730 2200 3787 LANFR.
2243 3732 2301 3789 Si
2328 3735 2485 3789 enim.
2531 3735 2610 3801 Si,
2642 3736 2839 3806 inquit,
2879 3737 3156 3794 Abraham
3190 3739 3308 3795 sine
3336 3739 3442 3796 ﬁde

1842 3838 1904 3877 ex
1960 3816 2075 3879 Sola
2126 3826 2332 3880 carnali
2369 3828 2752 3883 observatione
2796 3829 3126 3899 justiﬁcatus
3173 3833 3439 3899 creditur,
3508 3823 3512 3826 ’

150 3910 484 3972 Arbitrantur
511 3919 672 3974 enim.
701 3917 835 3973 cum
864 3934 992 3991 ergo
1016 3922 1457 3992 dicitApostolus
1482 3923 1734 3979 arbitrari
1835 3913 2153 3983 iustiﬁcalio
2192 3917 2281 3974 illa
2331 3920 2385 3974 in
2418 3920 2530 3976 sola
2560 3922 2819 3992 opinione
2868 3924 3147 3981 hominum
3196 3935 3302 3993 est.
3332 3943 3439 3985 non

151 4018 205 4055 se
240 4002 521 4064 hominem
582 4007 871 4077 justilicari
938 4027 1036 4081 per
1104 4004 1279 4068 ﬁdem
1308 4014 1428 4069 sine
1482 4014 1738 4084 cperibus

152 4088 297 4161 legis,
350 4112 466 4153 non
516 4099 619 4153 hoc
668 4100 747 4154 ait
776 4109 855 4166 ut,
912 4111 1182 4172 praecepta
1222 4118 1285 4158 ac
1333 4103 1576 4173 professa
1609 4105 1732 4169 ﬁde,

151 4196 304 4250 opera
326 4187 1052 4259 justitichcontemnantur;
1091 4193 1187 4249 sed
1219 4202 1278 4248 ut
1306 4194 1446 4249 sciat
1476 4210 1536 4251 se
1584 4188 1734 4266 quis-

154 4286 251 4339 que
272 4292 365 4345 per
393 4279 560 4335 ﬁdem
593 4281 1055 4353 possejustiﬁcari
1076 4325 1091 4350 ,
1121 4284 1335 4340 etiamsi
1376 4285 1509 4357 legis
1555 4302 1723 4357 opera

155 4375 252 4417 non
285 4372 685 4436 pmeesserint.

217 4453 303 4512 28.
328 4459 430 4526 Qui
452 4462 718 4532 justi/ient
750 4465 1197 4521 circumcisionem
1226 4467 1343 4539 (lib.
1376 4468 1452 4524 De
1479 4471 1653 4539 spirit.
1690 4482 1738 4526 et

159 4543 255 4611 lit.,
288 4563 335 4603 c.
381 4551 478 4613 29,
513 4564 643 4607 tont.
692 4553 800 4624 Ill).
841 4554 954 4609 Non
1009 4558 1077 4611 ad
1118 4558 1349 4628 aliquam
1382 4558 1736 4617 differentiam

160 4640 344 4701 dictum
383 4658 497 4714 est,
520 4642 523 4643 ν
546 4640 975 4720 ιτιιιψιίιηιεΙίιιὰ
1004 4654 1073 4709 sit
1111 4670 1175 4709 ex
1221 4655 1344 4720 ﬁde,
1376 4655 1520 4711 aliud
1548 4673 1644 4728 per
1673 4658 1736 4712 ἥ·
1788 4664 1789 4671 ‘

162 4730 302 4803 dem;
335 4742 426 4795 sed
459 4742 528 4795 ad
559 4743 872 4799 varietatem
901 4744 1205 4801 locutionis.
1227 4747 1347 4801 Alio
1369 4748 1564 4820 quippe
1595 4749 1734 4815 loco,

163 4835 273 4879 cum
303 4829 367 4886 de
394 4832 646 4903 gentibus
671 4834 897 4901 diceret,
933 4837 1035 4892 hoc
1063 4844 1144 4891 est
1166 4837 1232 4892 de
1259 4838 1522 4908 praeputio
1546 4857 1559 4893 :
1585 4838 1736 4894 Prte-

1840 4006 1978 4073 apud
2011 4004 2202 4061 Deum.

1909 4097 1962 4150 '5.
2000 4096 2173 4153 Habet
2208 4099 2454 4171 gloriam,
2484 4106 2608 4175 quia
2646 4108 2735 4177 qni
2769 4109 2959 4164 fecerit
2992 4110 3164 4181 legent
3208 4111 3362 4166 vivet
3384 4112 3441 4166 in

1838 4201 1925 4256 ea,
1958 4192 2009 4247 id
2052 4201 2136 4248 est
2165 4208 2273 4249 non
2324 4197 2589 4253 morietur
2646 4209 2703 4254 ut
2751 4215 2899 4256 reus.
2948 4201 3058 4267 Nec
3088 4216 3269 4258 tamen
3298 4205 3441 4274 apud

1839 4278 2006 4334 Deum
2035 4296 2102 4337 ex
2126 4282 2230 4338 hoc
2258 4284 2421 4341 habet
2447 4288 2723 4343 meritum.

1908 4374 1961 4427 4.
1996 4376 2135 4440 Quid
2164 4377 2301 4431 enim
2344 4378 2643 4449 Scriptura.
2675 4382 2841 4449 Quasi
2867 4384 3075 4441 diceret
3108 4403 3120 4441 :
3154 4387 3438 4445 audiamus

1840 4465 1968 4533 quid
1992 4481 2158 4537 super
2182 4468 2285 4524 hoc
2312 4469 2594 4539 Scriptura
2626 4482 2873 4531 testetur.

1910 4557 1963 4611 5.
2008 4558 2247 4616 Aunnos.
2302 4561 2537 4618 Credidit
2588 4565 2857 4622 Abraham
2911 4568 3040 4626 Deo.
3094 4569 3339 4629 Credidit
3378 4589 3440 4630 se

1842 4647 2155 4706 habiturum
2187 4667 2393 4719 semen,
2419 4655 2475 4709 in
2505 4671 2612 4726 quo
2637 4656 3092 4715 benedicerentur
3117 4673 3326 4734 gentes.

1911 4742 1964 4797 6.
1999 4742 2067 4798 Ei
2112 4756 2285 4801 autent
2326 4751 2417 4819 qui
2446 4761 2713 4821 operatur.
2751 4754 2811 4809 Ei
2847 4757 2938 4825 qui
2970 4767 3228 4827 operatur
3270 4776 3436 4833 opera

1840 4831 1994 4903 legis,
2023 4836 2276 4890 meritum
2334 4853 2443 4893 non
2485 4840 2785 4912 imputatur
2826 4845 2892 4900 ad
2936 4850 3262 4906 mercedem.
3296 4831 3434 4916 Nam

164 4914 346 4985 videns,
377 4898 573 4994 inquit,
608 4898 1028 4997 Scripturarquia
1055 4945 1119 4983 ea:
1139 4898 1528 4998 ﬁde-iust'iﬁcat
1559 4948 1735 4987 omnes
1763 4898 1809 4962 ε
1842 4926 2055 4980 deum"
2077 4936 2159 4981 εει
2183 4929 2362 4985 facere
2393 4898 2585 5003 legem:

166 5017 324 5070 gentes
371 5014 525 5070 Deus.
576 5017 817 5087 Itemque
842 5033 964 5074 cum
996 5020 1062 5075 de
1096 5021 1509 5077 circumcisione
1550 5022 1735 5092 loque-

170 5104 306 5152 rctut‘
333 5103 494 5171 (unde
521 5110 662 5177 erat)
690 5125 702 5162 :
738 5108 868 5175 Nos,
898 5109 1091 5179 inquit,
1117 5120 1308 5165 natura
1328 5110 1528 5179 Judwi,
1556 5124 1604 5167 et
1630 5130 1733 5168 non

168 5200 224 5237 PI
242 5195 469 5256 gentibus
499 5210 813 5269 peccatores,
842 5201 1057 5255 scientes
1086 5204 1208 5272 quia
1232 5220 1333 5257 non
1351 5204 1735 5273 justi/imbitur

169 5273 308 5332 homo
336 5300 397 5338 ea:
422 5288 665 5357 operibus
691 5290 841 5360 legis,
871 5291 970 5344 uisi
997 5308 1087 5361 per
1105 5292 1259 5360 ﬁdem
1286 5293 1412 5348 Jesu
1438 5292 1663 5360 Christi;
1684 5305 1732 5349 et

171 5378 255 5420 nos
297 5372 350 5427 in
392 5370 597 5435 Christo
632 5381 762 5435 Iesu
791 5383 1071 5438 credimus.
1121 5385 1258 5440 Ecce
1304 5395 1360 5441 et
1411 5387 1729 5455 praeputium

173 5455 293 5598 Eii-tit
337 5466 618 5535 jnstiﬁcari
675 5488 739 5529 ex
808 5473 949 5539 ﬁde,
1007 5483 1060 5528 et
1115 5475 1582 5531 circumcisionem
1638 5491 1735 5547 per

212 5562 336 5598 ‘em-
856 5581 871 5593 νι
902 5587 906 5596 .
977 5590 984 5596 .
1076 5574 1079 5577 ·
1104 5592 1109 5597 .

212 5562 336 5606 18m.
856 5581 871 5593 "
902 5587 906 5596 '
977 5590 984 5596 ·
1076 5574 1079 5577 ’

207 5638 315 5776 19.9.
347 5643 536 5709 Lasrn.
569 5653 1029 5712 Circumcisionem
1060 5673 1124 5712 ea:
1152 5658 1278 5726 fide,
1312 5658 1363 5713 id
1405 5667 1488 5715 est
1518 5675 1579 5716 ex
1609 5659 1727 5725 ﬁde,

247 5744 334 5776 lmr
359 5739 509 5776 [Limn
1460 5742 1461 5745 “

176 5737 221 5776 ei
247 5744 334 5795 Per
359 5739 533 5798 ﬁdem.
1460 5742 1461 5745 “

238 5817 406 5883 30.127
438 5838 769 5907 pra'putium.
810 5837 945 5894 Hinc
980 5841 1241 5909 probatur
1278 5844 1422 5913 quod
1466 5843 1605 5901 Deus
1635 5844 1730 5899 Ιη-

1848 5047 1853 5053 ~
1915 5018 1965 5071 7.
1993 5017 2233 5076 Accosr.
2266 5020 2333 5076 Ei
2360 5025 2450 5094 qui
2479 5037 2746 5095 operatur,
2774 5030 2827 5086 id
2859 5040 2941 5089 est
2971 5035 3062 5105 qui
3086 5036 3152 5091 de
3178 5036 3432 5105 operibus

1840 5111 2141 5179 prarsumit,
2173 5121 2228 5167 et
2257 5118 2453 5171 merito
2498 5118 2628 5174 dicit
2654 5122 2755 5177 sibi
2789 5124 2970 5179 datam
3011 5128 3241 5198 gratiam
3280 5127 3428 5183 ﬁdei.

1840 5200 1937 5257 llis
1965 5218 2071 5293 non
2102 5205 2331 5276 imputat
2376 5212 2681 5269 mercedem
2714 5218 3008 5274 secundum
3052 5219 3303 5293 gratiam,
3335 5220 3433 5277 scd

1839 5291 2134 5347 secundum
2160 5293 2420 5352 debitum.
2654 5318 2657 5321 ί
3044 5291 3067 5323 ⁵
3094 5319 3099 5323 ’

1850 5414 1856 5420 -
1910 5385 1962 5440 8.
1988 5384 2189 5441 Laurn.
2222 5388 2287 5443 Ei
2316 5408 2433 5447 vero
2475 5396 2563 5466 qui
2603 5413 2705 5453 non
2731 5409 2996 5469 operatur.
3027 5402 3102 5457 De
3136 5417 3202 5459 eo
3230 5404 3429 5462 intelli-

1840 5482 2072 5550 gendum
2101 5494 2181 5540 est
2206 5485 2308 5542 hoc
2337 5490 2427 5557 qui
2452 5499 2572 5559 post
2602 5501 2873 5563 acceptam
2907 5494 3065 5552 ﬁdem
3093 5499 3275 5554 statim
3308 5517 3428 5558 mo-

1841 5573 1994 5627 ritur.
2186 5588 2187 5593 ‘
2278 5588 2283 5593 ί
2544 5598 2545 5601 η
2564 5598 2567 5599 ν

1910 5664 1962 5720 9.
2000 5664 2065 5719 Et
2090 5668 2295 5737 signant
2332 5673 2547 5742 accepit.
2595 5675 2757 5741 Quasi
2793 5677 3041 5736 diceret:
3072 5698 3167 5738 cur
3193 5699 3341 5753 ergo,
3379 5688 3426 5741 si

1832 5752 2161 5821 jnStiticatus
2207 5768 2349 5826 erat,
2390 5762 2855 5824 circumcisionem
2899 5774 3142 5843 accepit?
3180 5752 3427 5831 Circum-

1841 5843 2121 5910 cisioncm,
2153 5846 2348 5919 inquit,
2381 5854 2618 5925 accepit,
2650 5873 2754 5913 non
2801 5861 2925 5919 auia
2958 5862 3130 5923 ﬁeret.
3162 5867 3258 5923 sed
3297 5867 3435 5929 auia,
