3954 6306
542 382 649 437 ω
1288 451 1297 458 ,
1459 379 1544 436 .B.
1586 377 1977 435 LANFRANCI
2015 378 2135 434 car

2266 381 2368 435 tu.
2401 378 2702 439 ARClllEP
2844 456 2851 459 ν
3026 406 3027 409 ~
3056 406 3059 411 -
3761 370 3842 424 no

536 499 606 563 Et
682 495 894 568 signum
966 493 1178 568 accepit
1249 495 1724 562 circumcisiouis,
1803 495 2140 565 signaculum
2211 494 2438 563 justitiac
2500 495 2665 557 ﬁdei,
2725 509 2849 564 quae
2902 501 2987 550 est
3064 492 3123 547 in
3198 488 3546 562 praeputio,
3632 487 3720 543 1ο.
3797 486 3891 543 ιη’

539 592 611 646 sit
659 600 817 661 pater
872 590 1116 645 omnium
1172 589 1507 645 credentium
1558 604 1653 658 per
1698 589 2058 659 praeputium,
2112 598 2170 642 ut
2227 598 2506 658 repit-letor
2551 597 2606 643 et
2642 587 2749 644 illis
2798 587 2864 641 ad
2896 584 3212 654 justitiam;
3277 591 3344 637 et
3411 582 3493 636 sit
3544 590 3707 650 pater
3751 581 3841 636 cir-

551 680 934 745 cumcisionis,
954 696 1059 733 non
1092 680 1156 734 iis
1180 688 1385 733 tantum
1412 678 1502 748 qui
1544 688 1668 733 sunt
1700 693 1767 732 ex
1795 677 2229 741 circumcisione,
2257 676 2352 732 scd
2387 687 2441 732 et
2469 677 2535 730 iis
2563 675 2655 745 qui
2691 683 2970 731 sectantur
3020 674 3106 727 11.
3140 669 3389 741 vestigia
3440 668 3605 733 ﬁdei,
3636 685 3750 741 qua:
3776 683 3841 726 est

540 768 596 822 in
624 770 888 840 praeputio
938 770 1106 840 patris
1152 768 1323 825 nostri
1372 768 1625 823 Abrahae.
1654 767 1743 822 12.
1771 766 1887 823 Non
1919 767 2063 821 enim
2110 781 2209 837 per
2249 766 2422 837 legem
2468 768 2556 823 l3.
2589 766 2879 836 promissio
2929 763 3164 819 Abrahae
3214 772 3316 816 attt
3362 761 3585 817 semini
3636 761 3750 831 ejus
3796 774 3841 815 ut

540 860 719 916 haeres
747 871 893 916 esset
922 861 1138 925 mundi;
1172 861 1264 917 sed
1306 876 1403 935 per
1423 858 1692 928 justitiam
1720 859 1866 914 ﬁdei.
1912 859 1969 914 Si
2001 858 2145 913 enim
2173 859 2261 927 qui
2293 874 2359 912 cx
2388 859 2524 929 lege,
2554 858 2797 915 haeredes
2836 865 2979 917 sunt.
3010 856 3291 912 exinanita
3326 863 3426 910 est
3458 853 3630 920 ﬁdes,
3661 854 3835 908 abolita

444 1026 447 1027 ν
540 958 625 1003 est
657 950 964 1019 promissio.
1002 938 1088 1005 14.
1136 950 1246 1009 Lex
1288 950 1432 1005 enim
1464 950 1601 1004 iram
1643 958 1919 1019 operatur.
1953 948 2042 1003 15.
2073 946 2173 1002 Ubi
2216 948 2360 1004 enim
2388 965 2496 1004 non
2526 958 2608 1006 est
2648 949 2756 1014 lex,
2787 964 2887 1003 nec
2920 947 3325 1018 praevaricatio.
3363 946 3509 1001 Ideo
3542 961 3612 999 ex
3656 946 3776 1013 fido,
3797 955 3841 997 ut

542 1045 839 1098 secundum
869 1044 1098 1114 gratiam
1149 1044 1302 1099 ﬁrma
1335 1044 1405 1099 sit
1450 1042 1738 1113 promissio
1787 1040 1875 1097 16.
1908 1040 2058 1099 omni
2089 1040 2303 1107 semini,
2337 1056 2442 1095 non
2489 1041 2537 1096 ei
2570 1042 2659 1112 qui
2692 1056 2758 1096 ex
2802 1040 2920 1111 lege
2967 1049 3050 1095 est
3093 1038 3299 1104 solum,
3330 1039 3441 1094 sed
3476 1048 3537 1093 et
3586 1038 3637 1092 ei
3677 1040 3762 1108 qui
3786 1054 3838 1091 ex

544 1133 652 1186 title
700 1140 783 1187 est
828 1132 1081 1207 Abrahte,
1116 1133 1205 1201 qui
1261 1144 1416 1203 pater
1444 1140 1529 1187 est
1552 1134 1794 1187 onmium
1845 1138 2089 1185 nostrum
2124 1130 2286 1201 (sicut
2321 1132 2586 1201 scriptum
2618 1140 2742 1186 est:
2785 1130 2920 1197 Quia
2967 1130 3183 1185 Patrem
3232 1129 3568 1185 multarum
3625 1131 3838 1201 gentium

540 1225 696 1283 posui
724 1224 797 1295 te)
826 1233 953 1279 ante
984 1224 1173 1290 Deum,
1207 1226 1289 1279 cui
1314 1224 1562 1289 credidit,
1603 1224 1695 1294 qui
1736 1223 1973 1278 viviﬁcat
2011 1231 2275 1287 mortuos,
2309 1231 2364 1277 et
2386 1230 2546 1278 vocat
2573 1238 2636 1279 ea
2670 1239 2792 1294 quae
2818 1238 2921 1278 non
2952 1232 3077 1279 sunt
3103 1231 3382 1297 tauquam
3416 1238 3489 1277 ea
3527 1237 3656 1292 qua:
3697 1232 3833 1277 sunt:

541 1314 636 1384 qui
663 1325 850 1369 contra
880 1331 1029 1385 spem
1060 1315 1112 1370 in
1158 1331 1305 1385 spem
1337 1316 1568 1371 credidit
1619 1325 1677 1370 ut
1720 1315 1877 1372 ﬁeret
1905 1324 2061 1386 pater
2089 1314 2380 1370 multarum
2410 1315 2671 1387 gentium,
2699 1316 2995 1371 secundum
3041 1315 3185 1385 quod
3223 1315 3457 1369 dictum
3500 1324 3592 1369 est
3640 1314 3689 1368 ei
3726 1314 3837 1367 :Sic

537 1410 645 1464 erit
671 1425 857 1465 semen
893 1420 1073 1476 tuum;
1106 1421 1161 1465 et
1192 1426 1295 1465 non
1322 1410 1625 1464 inﬁrmatus
1654 1419 1740 1465 est
1772 1408 1896 1474 ﬁde,
1929 1423 2030 1463 nec
2069 1408 2434 1463 consideravit
2463 1422 2661 1478 corpus
2688 1422 2845 1463 suum
2886 1415 3213 1473 emortuum,
3246 1410 3395 1462 enni
3415 1405 3543 1476 jam
3591 1407 3707 1462 fere
3738 1421 3836 1460 cru-

536 1514 654 1557 tum
684 1510 829 1557 esset
860 1517 1143 1563 annorum,
1179 1512 1233 1558 et
1275 1514 1575 1557 emortuam
1607 1502 1819 1557 vulvam
1852 1500 2020 1555 Sarte.
2064 1499 2121 1555 ln
2164 1499 2581 1569 repromissione
2608 1500 2775 1556 etiam
2806 1501 2901 1556 Dei
2935 1514 3038 1555 non
3073 1500 3357 1556 haesitavit
3393 1499 3731 1562 difﬁdentia,
3761 1498 3835 1551 sed

542 1595 879 1650 confortatus
921 1605 1001 1651 est
1032 1596 1156 1665 ﬁde,
1186 1595 1320 1649 dans
1349 1595 1573 1666 gloriam
1621 1593 1754 1658 Deo,
1786 1593 2098 1663 plenissime
2121 1592 2301 1648 sciens
2328 1594 2453 1663 quia
2497 1607 2833 1663 quaecunque
2857 1594 3129 1664 promisit,
3161 1603 3367 1664 potens
3415 1601 3511 1650 est
3559 1601 3617 1649 et
3658 1590 3830 1647 facere.

536 1686 675 1739 ideo
705 1695 757 1741 et
782 1696 1092 1757 reputatum
1125 1697 1208 1742 est
1236 1685 1309 1740 illi
1338 1685 1403 1741 ad
1430 1686 1720 1756 justitiam.
1748 1683 1865 1739 Non
1889 1693 1973 1740 est
2007 1693 2186 1739 autem
2217 1685 2480 1755 scriptum
2514 1695 2724 1739 tantum
2759 1694 2979 1755 propter
3004 1683 3202 1755 ipsum,
3231 1685 3369 1755 quia
3416 1691 3739 1754 reputatum
3768 1688 3834 1733 est

536 1778 620 1832 illi
652 1777 717 1831 ad
742 1777 1032 1847 justitiam,
1063 1779 1155 1837 sed
1180 1787 1234 1834 et
1262 1787 1486 1851 propter
1512 1792 1633 1844 nos,
1665 1777 1861 1847 quibus
1889 1775 2230 1847 reputabitur
2258 1775 2606 1832 credentibus
2636 1776 2690 1831 iu
2721 1792 2844 1831 cum
2887 1777 2979 1847 qui
3010 1777 3287 1832 suscitavit
3338 1776 3549 1834 JeSum
3582 1776 3829 1832 Christum

544 1869 834 1923 Dominum
880 1878 1125 1923 nostrum
1150 1882 1181 1922 a
1213 1867 1463 1932 mortuis,
1496 1867 1587 1937 qui
1624 1867 1857 1922 traditus
1883 1876 1965 1922 est
2006 1876 2230 1937 propter
2261 1866 2455 1923 delicta
2487 1876 2691 1933 nostra,
2727 1866 2815 1921 1Ἱ.
2846 1875 2900 1922 et
2930 1867 3232 1925 resurrexit
3284 1868 3391 1925 18.
3424 1878 3666 1947 propter
3700 1866 3830 1940 justi-

538 1964 853 2019 licationetn
886 1972 1128 2017 nostram
1914 1986 1917 1987 ν

1964 2028 2195 2089 CAPUT
2235 2030 2301 2086 γ.

540 2204 547 2213 ε
620 2142 722 2213 17
766 2142 814 2197 1.
858 2140 1148 2197 Justiﬁcati
1175 2153 1306 2210 ergo
1334 2155 1401 2194 ex
1432 2138 1569 2205 ﬁde,
1608 2150 1795 2210 pacem
1822 2137 2118 2193 habeamus
2146 2138 2216 2193 ad
2242 2138 2540 2212 Deumper
2570 2139 2856 2197 Dominum
2900 2149 3144 2198 nostrum
3171 2140 3370 2198 Iesum
3402 2142 3724 2207 Christum,
3749 2152 3828 2210 per

539 2252 701 2305 quem
735 2249 791 2291 et
823 2235 1084 2290 habemus
1114 2247 1393 2288 accessum
1419 2247 1518 2304 per
1550 2230 1711 2287 ﬁdem
1753 2231 1810 2285 2.
1864 2230 1916 2285 in
1968 2230 2199 2301 gratiam
2246 2230 2433 2295 istam,
2468 2231 2521 2285 in
2566 2247 2672 2302 qua
2723 2240 2932 2288 stamus
2973 2241 3030 2290 et
3072 2232 3385 2305 gloriamur
3434 2235 3495 2290 in
3546 2222 3644 2308 spe
3671 2230 3826 2307 gloria

538 2330 780 2387 ﬁliorum
811 2329 923 2385 Dei.
956 2326 1071 2381 Non
1102 2325 1275 2382 solum
1305 2334 1528 2390 autem,
1558 2324 1652 2379 sed
1683 2332 1737 2379 et
1777 2324 2078 2395 gloriamur
2104 2325 2157 2380 in
2190 2323 2634 2384 tribulationibus
2657 2365 2672 2391 ,
2716 2326 2955 2382 scientes
3003 2328 3145 2397 quod
3181 2327 3488 2386 tribulatio
3535 2326 3823 2399 patientiam

535 2434 819 2493 operatur,
850 2420 1116 2491 patientia
1141 2427 1322 2474 autem
1354 2416 1772 2489 probationem,
1800 2417 2053 2487 probatio
2083 2432 2213 2491 vero
2241 2432 2429 2487 spem,
2456 2417 2510 2471 5.
2549 2432 2674 2488 spes
2702 2427 2882 2475 autem
2927 2436 3034 2474 non
3065 2419 3392 2488 confundit,
3428 2423 3571 2493 quia
3608 2417 3821 2476 charitas

540 2515 638 2573 Dei
666 2513 860 2569 diffusa
890 2521 973 2569 est
997 2512 1048 2566 in
1079 2511 1338 2567 cordibus
1368 2510 1571 2567 nostris
1596 2524 1693 2581 per
1718 2508 1983 2580 Spiritum
2011 2519 2262 2566 sanctum
2294 2510 2386 2580 qui
2425 2510 2583 2565 datus
2612 2517 2696 2564 est
2726 2510 2902 2566 nobis.
2931 2511 3001 2571 Ut
3025 2512 3156 2583 quid
3197 2513 3345 2568 enim
3380 2513 3683 2580 Christus,
3707 2522 3805 2563 cum

542 2606 716 2662 adhuc
742 2604 951 2662 inﬁrmi
976 2618 1221 2667 essemus
1243 2643 1261 2671 ,
1287 2604 1587 2659 secundum
1622 2612 1837 2673 tempus
1867 2618 1966 2672 pro
1996 2602 2180 2673 impiis
2203 2612 2451 2658 mortuus
2476 2603 2595 2658 est?
2625 2603 2720 2659 Vix
2749 2604 2893 2659 enim
2925 2621 3022 2675 pro
3049 2604 3199 2676 justo
3229 2608 3356 2677 quis
3409 2608 3680 2672 moritur;
3711 2614 3812 2658 nam

541 2713 640 2767 pro
663 2705 809 2754 bono
842 2695 1071 2752 forsitan
1100 2696 1227 2769 quis
1252 2695 1451 2749 audeat
1476 2694 1640 2749 mori.
1672 2693 2033 2750 Commendat
2075 2703 2259 2748 autem
2306 2693 2629 2748 charitatem
2679 2711 2833 2750 suam
2881 2694 3023 2751 Deus
3076 2698 3128 2752 iu
3174 2697 3377 2769 nobis,
3412 2699 3680 2769 quoniam
3719 2705 3816 2747 cunt
3914 2760 3915 2769 ξ

544 2766 719 2845 atltuc
754 2797 1071 2859 peccatores
1095 2766 1371 2852 essemus,
1415 2786 1471 2840 4.
1520 2785 1819 2840 secundum
1868 2794 2082 2857 tempus
2128 2784 2383 2841 Christus
2414 2801 2513 2857 pro
2547 2787 2711 2845 nobis
2730 2786 2785 2843 5.
2821 2798 3069 2846 mwtnus
3099 2801 3221 2858 est;
3248 2766 3638 2863 multo'igitur
3672 2783 3815 2853 magis
3914 2766 3915 2783 Χ

542 2896 690 2936 nunc
713 2880 992 2949 justiﬁcati
1024 2880 1077 2934 in
1105 2878 1371 2949 sanguine
1396 2877 1568 2948 ipsius
1588 2918 1605 2943 ,
1643 2876 1778 2933 salvi
1805 2877 2014 2934 erimus
2039 2878 2109 2933 ab
2147 2878 2227 2932 ira
2258 2892 2355 2949 per
2386 2878 2585 2948 ipsum.
2620 2878 2678 2934 Si
2710 2880 2854 2934 enim
2900 2896 3024 2937 eum
3060 2883 3267 2939 inimici
3315 2898 3618 2948 essemus,
3650 2892 3815 2936 recon-

542 2973 721 3031 ciliati
748 2987 938 3035 sumus
965 2970 1074 3028 Deo
1100 2987 1201 3041 per
1229 2979 1459 3037 inertem
1490 2969 1623 3025 Filii
1644 2970 1792 3039 ejus;
1824 2970 1994 3025 multo
2024 2970 2220 3041 magis,
2256 2969 2629 3037 reconciliati,
2659 2970 2795 3026 salvi
2830 2972 3034 3029 erimus
3067 2974 3121 3028 in
3153 2975 3261 3029 vita
3287 2974 3494 3046 ipsius.
3527 2974 3645 3034 Non
3666 2969 3815 3026 solun!
3914 2969 3915 2987 ’

556 3077 762 3135 autem,
789 3068 844 3124 6.
869 3068 965 3124 sed
991 3078 1046 3122 et
1071 3068 1364 3139 gloriamur
1382 3068 1432 3121 iu
1458 3067 1567 3122 Dco
1586 3082 1686 3137 per
1710 3066 1999 3122 Dominum
2027 3074 2276 3122 nostrum
2300 3063 2484 3121 Jesum
2515 3066 2811 3132 Christum,
2846 3082 2943 3136 per
2967 3082 3129 3138 quem
3160 3084 3303 3124 nunc
3330 3066 3813 3127 reconciliationem

552 3162 886 3233 accepimus.
917 3162 973 3219 7.
1007 3160 1301 3232 Propterea
1330 3159 1596 3229 sicutpcr
1625 3172 1791 3217 unum
1820 3158 2092 3215 hominem
2114 3166 2396 3228 peccatum
2430 3157 2485 3212 in
2516 3157 2663 3217 hunc
2706 3158 2969 3215 mundum
3013 3159 3269 3227 intravit,
3300 3171 3359 3227 et
3390 3176 3498 3241 per
3554 3163 3811 3231 peccatum

1828 3302 1833 3305 Α
1889 3249 2468 3309 COMMENTARIUS.

38 4496 40 4626 ψ

38 4859 49 5493 l

38 5552 53 6039 I

545 3348 919 3405 ostenderetur
938 3328 1224 3415 ca'justitia
1246 3361 1407 3415 quam
1432 3345 1541 3400 sola
1557 3344 1690 3401 ﬁdes
1706 3344 2005 3400 contulerat
2035 3345 2133 3401 illi.
2160 3345 2207 3401 Α
2233 3344 2391 3410 dere;
2426 3360 2531 3401 non
2559 3352 2739 3400 autem
2762 3360 2954 3401 omnes
2974 3345 3147 3418 legem
3178 3346 3434 3416 implere.

615 3441 700 3496 10.
729 3439 969 3496 Ακειιοε.
1019 3437 1085 3494 Ut
1113 3439 1178 3493 sit
1209 3448 1359 3508 pater
1396 3437 1825 3497 circumcisionis.
1857 3435 1969 3492 Hoc
2002 3436 2133 3492 dicit

543 3543 603 3591 nt
649 3534 721 3589 sit
757 3543 910 3603 pater
946 3530 1383 3589 circumcisiouis
1417 3529 1623 3595 cordis,
1653 3544 1759 3584 non
1793 3538 2001 3584 tantum
2043 3542 2134 3582 eo-

2308 3435 2393 3489 17.
2435 3433 2674 3493 Alanos.
2706 3435 2774 3490 Et
2816 3437 3129 3492 resurrexit
3152 3448 3387 3510 propter.
3435 3439 3573 3499 Post
3603 3441 3812 3491 resum-

2236 3527 2474 3583 ctiouem
2505 3527 2652 3593 enim
2683 3537 2938 3599 acceptus
2968 3527 3226 3599 Spiritus,
3252 3531 3323 3587 ad
3369 3530 3651 3590 cumulum
3684 3519 3808 3580 nobis

544 3641 665 3680 rum
697 3624 788 3694 qui
820 3630 945 3679 sunt
976 3637 1046 3679 ex
1092 3623 1209 3694 ejus
1249 3622 1483 3694 origine,
1509 3621 1603 3678 sed
1630 3629 1685 3679 et
1708 3636 1897 3677 eorum
1937 3620 2032 3691 qui
2060 3619 2136 3677 si-
2231 3616 2636 3691 justiﬁeationis
2662 3621 2931 3690 provenit.

544 3716 747 3773 militcr
774 3716 1001 3771 credunt
1037 3730 1101 3777 ex
1128 3714 1397 3787 gentibus.

620 3808 705 3862 11.
732 3806 933 3863 ιλεεει.
973 3804 1196 3882 Vestigia
1229 3806 1373 3875 ﬁdei.
1402 3804 1547 3861 Ordo
1580 3823 1593 3859 :
1621 3802 1844 3873 vestigia
1890 3801 2011 3857 ﬁdei
2036 3816 2133 3873 pa-

475 3936 480 3940 -
548 3900 651 3959 tris
680 3899 871 3963 ,nostri
917 3898 1168 3963 Abrahae,
1200 3912 1320 3968 quae
1353 3908 1440 3954 est
1487 3897 1545 3955 iu
1598 3896 1884 3968 praeputio,
1932 3895 1986 3955 id
2029 3902 2135 3962 est,

547 4005 711 4060 quam
738 3989 927 4045 habuit
957 3989 1011 4044 in
1039 3990 1322 4060 praeputio.

621 4081 708 4136 12.
754 4078 880 4135 Νοη
908 4082 1047 4136 enim
1073 4098 1166 4151 per
1209 4080 1393 4151 legem.
1447 4079 1612 4147 Quasi
1646 4079 1844 4149 aliquis
1886 4078 2133 4135 diceret:

545 4188 646 4231 cur
670 4172 852 4227 dixisti
878 4172 1103 4242 veStigia
1155 4171 1303 4236 ﬁdei,
1348 4180 1405 4226 et
1439 4186 1543 4226 non
1573 4169 1757 4226 dixisti
1801 4169 2022 4239 vestigia
2062 4168 2139 4225 le-

550 4264 665 4335 gis?
697 4263 753 4319 Si
784 4264 929 4320 enim
974 4265 1040 4319 ad
1072 4264 1459 4320 inconveniens
1509 4263 1660 4320 ducit
1689 4264 1972 4321 adversam
2015 4277 2139 4332 par-

545 4366 677 4422 tem,
728 4372 833 4417 non
877 4367 1057 4413 autem
1087 4356 1250 4414 simul
1277 4372 1419 4422 esse,
1457 4355 1629 4419 solam
1657 4355 1807 4427 legis
1844 4354 2141 4417 observan-

551 4447 685 4500 tiam
732 4448 1063 4503 htercditatis
1108 4463 1231 4505 esse
1265 4464 1483 4503 causam
1529 4456 1585 4505 et
1629 4447 1813 4515 ﬁdem,
1855 4455 1949 4501 aut
1997 4444 2140 4501 solos

544 4538 764 4609 .lttdazos
786 4554 907 4594 esse
942 4541 1183 4595 lizrrcdes
1208 4550 1262 4595 et
1290 4549 1497 4611 gentes.

624 4629 709 4686 15.
740 4630 973 4685 Αωωιος.
1002 4630 1289 4685 l’romissio
1312 4631 1559 4684 Abrahw.
1583 4630 1829 4687 Christus
1847 4631 1938 4700 qui
1966 4631 2139 4689 literas

2309 3710 2397 3765 18.
2432 3709 2632 3769 Laure.
2674 3710 2898 3781 Propter
2912 3712 3376 3782 justiﬁeationem,
3407 3714 3463 3770 id
3490 3720 3596 3775 est,
3623 3717 3679 3765 ut
3708 3717 3806 3760 crc-

2238 3798 2429 3856 dentes
2456 3817 2582 3863 eum
2631 3804 2997 3860 resurrexisse
3020 3802 3485 3875 justiticarcotur.
3525 3804 3598 3860 Et
3624 3817 3652 3857 a
3680 3803 3808 3869 [tam

2241 3898 2352 3946 tota
2379 3891 2512 3947 ﬁdes
2547 3893 2886 3965 designatur.

2307 3985 2458 4043 CAP.
2502 3988 2568 4043 V.
2592 4020 2661 4030 —
2687 3991 2738 4043 1.
2779 3990 3018 4045 Asianos.
3069 3989 3365 4060 Iusti/irati
3407 3992 3593 4062 igitur.
3624 3986 3793 4042 Parem

2239 4078 2445 4136 habere
2489 4098 2616 4139 eum
2663 4082 2805 4147 Deo,
2838 4083 2977 4145 ﬁdes
3002 4084 3167 4151 facit,
3201 4099 3310 4141 non
3361 4082 3474 4141 lex.
3516 4081 3639 4138 limo
3684 4070 3805 4131 extim

2241 4184 2342 4226 nos
2371 4173 2481 4229 Deo
2511 4174 2905 4231 reconciliavit.

2308 4267 2365 4320 2.
2405 4264 2473 4319 In
2495 4266 2721 4335 gratiam
2746 4268 2923 4321 istam.
2974 4266 3132 4325 Prius
3173 4267 3321 4324 enim
3351 4267 3665 4338 jaeuimus;
3707 4268 3803 4312 σε·

2241 4360 2432 4415 dentes
2456 4367 2638 4412 autem
2668 4358 2837 4413 erecti
2875 4372 3083 4414 sumus.

2310 4448 2365 4503 5.
2406 4446 2536 4517 Spes
2565 4453 2738 4501 autem
2761 4462 2865 4500 non
2886 4447 3185 4517 confundit.
3219 4447 3358 4519 Spes
3388 4464 3498 4506 non
3526 4432 3797 4501 confundit,

2242 4536 2368 4593 dum
2392 4535 2540 4594 stulti
2565 4543 2620 4590 et
2640 4534 2861 4591 hebetes
2882 4552 2914 4591 a
2940 4537 3161 4606 perﬁdis
3180 4538 3521 4606 judicantur,
3544 4529 3799 4589 credentes

2240 4643 2362 4697 qua:
2391 4627 2664 4686 mundana
2684 4635 2872 4689 carent
2894 4627 3125 4683 ratione.
3156 4628 3359 4699 Pignus
3376 4629 3528 4684 enim
3553 4609 3799 4679 charile

549 4725 634 4772 est
660 4717 924 4788 gentium,
959 4727 1017 4772 ut
1046 4719 1217 4774 David
1244 4718 1393 4773 canit
1417 4737 1431 4774 :
1460 4717 1525 4772 Et
1557 4719 1692 4773 dabo
1722 4720 1813 4774 tibi
1835 4731 2009 4789 gentes
2030 4721 2136 4774 haz-
2168 4726 2212 4785 Β
2241 4719 2507 4775 habemus
2535 4720 2586 4774 in
2615 4719 2773 4775 nobis
2797 4734 2894 4791 per
2920 4719 3181 4792 Spiritum
3231 4732 3482 4776 sanctum
3512 4714 3681 4774 nobis.

548 4807 823 4865 reditatem
853 4819 1032 4874 tuam;
1056 4818 1105 4864 et
1124 4811 1497 4880 possessionem
1521 4821 1666 4865 tuam
1692 4812 1939 4865 terminos
1960 4821 2133 4866 terrm.

546 4898 650 4967 ipsi
676 4898 821 4952 enim
857 4901 1121 4959 morimur
1149 4910 1201 4957 et
1230 4901 1461 4957 vivamus
1490 4918 1613 4957 cum
1639 4915 1723 4955 eo.
1756 4901 1881 4956 Ideo
1910 4917 1973 4956 ex
2008 4902 2133 4959 ﬁde.

550 4990 666 5047 Sub
693 4989 811 5059 lege
838 4992 1122 5059 promissio
1149 4993 1266 5048 dari
1304 5008 1408 5047 non
1443 5002 1641 5063 potest,
1673 5002 1844 5048 autex
1874 4993 1996 5060 ﬁde,
2030 5009 2133 5065 qua

545 5098 737 5138 omnes
760 5083 1054 5151 puriﬁca‘ti,
1091 5083 1225 5139 ﬁunt
1245 5084 1390 5156 digni
1418 5085 1522 5140 dici
1551 5085 1665 5140 ﬁlii.

620 5172 706 5227 H.
763 5172 961 5228 Cum.
996 5173 1104 5228 Lee:
1132 5174 1267 5230 enim
1313 5176 1447 5243 iram
1499 5185 1765 5246 operatur.
1812 5177 1985 5235 Causa
2037 5193 2135 5233 cur

548 5276 643 5330 per
667 5262 837 5334 legem
872 5280 979 5319 non
1018 5265 1088 5320 sit
1121 5265 1409 5333 promissio
1436 5266 1785 5325 luet'editatis.
1816 5267 1954 5321 Iram
1984 5268 2133 5323 enim

546 5357 715 5430 Deiex
729 5361 1172 5429 prtevaricatione
1186 5375 1292 5415 non
1317 5361 1384 5415 im
1393 5361 1513 5432 plen
1523 5361 1653 5416 tium
1665 5362 1842 5430 potius
1855 5372 2130 5432 operatur.

619 5447 705 5501 15.
736 5446 836 5503 Ubi
884 5452 1019 5505 enim
1064 5467 1167 5504 non
1203 5459 1278 5504 est
1310 5449 1413 5504 lex.
1452 5450 1519 5508 Et
1568 5451 1691 5513 hoc,
1722 5451 1930 5524 inquit,
1965 5453 2135 5509 videri

545 5545 723 5604 potest
759 5539 883 5607 quia
915 5541 999 5595 lex
1032 5543 1169 5597 iram
1191 5550 1466 5612 operatur,
1496 5542 1639 5612 quod
1664 5542 1752 5599 ubi
1780 5542 1866 5597 lex
1896 5559 2002 5598 non
2030 5553 2134 5611 est,

546 5642 647 5682 nec
678 5632 1073 5698 praevaricatio,
1101 5650 1221 5704 qua:
1253 5642 1337 5689 est
1364 5648 1530 5690 causa
1555 5633 1666 5689 iraa.

625 5718 711 5772 16.
749 5720 904 5775 Omni
927 5725 1131 5790 semini,
1160 5726 1214 5781 id
1241 5737 1344 5794 est,
1372 5727 1519 5783 omni
1557 5726 1817 5782 itnitatori
1849 5726 1994 5791 ﬁdei,
2024 5727 2136 5783 sive

548 5808 748 5878 Juda‘o,
783 5813 895 5871 sive
923 5816 1126 5888 gentili.
1161 5818 1361 5877 Omnes
1384 5822 1527 5876 enim
1556 5828 1782 5892 possunt
1823 5819 1982 5877 facile
2018 5836 2132 5878 crc-

2311 4810 2364 4864 4.
2409 4809 2710 4865 Secundum
2745 4821 2966 4881 tempus.
3010 4812 3093 4867 Ad
3142 4820 3355 4883 tempus
3402 4811 3552 4869 enim
3582 4805 3796 4891 ηιοηυυξ

2242 4910 2358 4967 est,
2412 4902 2539 4970 quia
2591 4904 2755 4958 tertia
2803 4903 2891 4961 die
2934 4905 3260 4961 resurrexit.
3300 4904 3392 4960 Vel
3437 4902 3564 4960 huic
3598 4897 3791 4958 tcttll’O"

2251 5004 2501 5052 mortuus
2526 5005 2633 5063 est,
2648 4996 2738 5051 ubi
2770 4996 2853 5053 sol
2872 4996 3048 5053 oritur
3075 5006 3132 5054 et
3155 4998 3374 5054 occidit.
3407 4989 3649 5054 Excessit
3670 4978 3790 5039 enim

2242 5102 2273 5141 e
2302 5100 2528 5156 corpore
2554 5087 2621 5142 ad
2654 5086 2859 5143 inferos
2884 5088 2997 5159 (ubi
3031 5098 3246 5160 tempus
3275 5104 3385 5152 non
3411 5095 3530 5153 est,
3559 5078 3637 5138 vel
3662 5063 3788 5135 tetas)

2242 5192 2342 5247 pro
2369 5177 2547 5239 salute
2575 5178 2907 5235 animarum.
3731 5245 3757 5255 η

2315 5267 2369 5321 5.
2407 5267 2610 5325 LANFR.
2662 5268 2907 5324 Mortuus
2953 5280 3048 5325 est.
3100 5270 3238 5326 Cum
3288 5271 3466 5335 adhuc
3508 5247 3784 5330 temporalia

2242 5358 2589 5429 diliget-emus
2610 5399 2625 5425 ,
2649 5360 2753 5414 uisi
2784 5358 2943 5417 nobis
2967 5375 3118 5431 spem
3150 5360 3346 5423 bonam
3371 5362 3551 5422 daret.
3575 5359 3684 5423 (1⁸³³⁸
3705 5346 3784 5393 ¹¹⁰³

2242 5448 2711 5513 confunderet.....

2315 5542 2369 5596 ϐ.
2411 5544 2518 5597 Sed
2546 5553 2595 5597 et
2623 5544 2932 5613 gloriantur,
2970 5543 3022 5599 id
3065 5555 3185 5607 est,
3228 5551 3507 5615 sperantes
3536 5547 3627 5589 nos

2245 5643 2396 5691 turos
2424 5635 2683 5705 gloriam,
2721 5651 2885 5706 quam
2917 5636 3119 5691 habent
3148 5636 3242 5691 ﬁlii
3285 5637 3398 5692 Dei.

2311 5728 2364 5781 7.
2405 5727 2692 5796 Propterea
2721 5728 2873 5783 sicut
2903 5728 3109 5783 Pendet
3136 5729 3407 5783 sententia
3433 5728 3773 5793 usqucu-w'"

2240 5818 2438 5895 legitur
2473 5838 2483 5874 ;
2518 5820 2655 5885 sicut
2686 5834 2779 5893 per
2807 5820 2966 5879 unius
2993 5818 3267 5887 delictum,
3292 5826 3399 5875 etc.

3656 5513 3779 5597 httlti'
