1977 3153
61 200 108 228 lii
434 199 467 227 IN
487 199 519 227 ι).
539 199 641 228 PAULI
654 199 762 228 EPIST.
776 200 953 229 COMMENT.
969 215 1003 223 —-
1022 200 1130 233 EPIST.
1155 199 1202 227 AD
1222 199 1303 228 ROM.
1637 196 1686 224 I29

59 257 194 305 ιιιοΐειλοι
215 253 251 281 ita
267 253 302 305 Ῐιι.
315 261 419 305 omnes
430 255 552 305 homines
567 264 639 284 mors
661 257 832 291 pertransiit,
853 258 879 284 in
896 266 949 293 qua
970 265 1064 285 omnes
1078 261 1268 293 peccaverunt.
1284 257 1312 284 8.
1327 253 1418 290 [isquo
1442 257 1475 283 ad
1500 257 1587 292 legem
1610 255 1684 282 enim

59 303 206 334 peccatum
223 304 280 327 erat
296 300 323 327 iu
337 300 447 329 mundo.
461 301 489 333 9.
501 301 646 330 Peccatum
660 307 751 330 autctn
764 311 817 330 non
832 303 1025 338 imputabatur,
1048 311 1110 331 cttm
1130 303 1174 330 lex
1196 311 1249 330 non
1263 307 1345 331 esset.
1362 301 1415 329 Sed
1432 302 1552 335 regnavit
1568 308 1641 328 mors
1655 300 1687 327 al-

167 352 253 397 usque
265 344 298 397 ad
311 344 419 397 Movsen
434 354 441 372 :
456 346 541 397 etiam
555 346 599 397 lt):
616 347 646 397 in
659 355 706 397 eos
720 348 765 383 qui
782 355 834 375 non
847 354 1027 383 peccaverunt
1044 349 1087 375 ll.
1102 349 1128 376 in
1148 348 1353 376 similitudinem
1367 347 1597 383 przevaricationis
1609 346 1688 377 Adte,

61 393 105 426 ll,
124 391 227 442 12,13.
244 391 347 442 qui-est
357 391 442 442 forma
460 391 554 442 futuri.
570 392 615 442 με
697 393 806 442 l5._non
819 393 891 422 sicut
902 394 1042 427 delictum,
1058 394 1094 421 ita
1109 398 1136 422 et
1149 394 1265 427 donum;
1281 394 1304 421 si
1319 394 1391 420 enim
1405 393 1485 419 unius
1500 391 1597 419 delicto
1613 390 1689 417 multi

61 437 162 488 mortui
178 442 257 488 sunt.-
266 436 326 488 ‘16."
330 436 413 488 multo
423 437 511 488 magis
529 438 615 473 gratia
632 438 679 466 Dei
696 443 725 467 et
737 438 836 480 donum
851 439 895 466 i7.
910 440 937 467 in
954 440 1041 476 gratia
1063 441 1144 467 unius
1157 440 1275 467 hominis
1296 438 1359 467 Jcsn
1375 438 1476 465 Christi
1495 437 1537 464 18.
1559 437 1585 463 in
1601 436 1691 470 plures

61 482 290 535 abundavit..19.
307 482 341 510 Et
355 490 409 535 non
423 482 468 510 20.
482 483 554 535 sicut
577 490 626 518 per
649 491 733 511 unum
756 478 915 519 peccatum,
932 484 969 512 ita
994 488 1021 512 et
1043 485 1160 518 donum;
1179 492 1242 512 nam
1260 483 1391 519 judicium
1408 482 1515 516 quidetn
1530 489 1562 508 ex
1587 487 1641 507 ttno
1663 479 1689 506 in

62 528 338 581 m'ldeliiimlionmn;
359 529 406 556 21.
429 529 517 581 gratia
541 533 632 581 autem
651 536 684 556 ex
701 530 794 558 multis
816 530 923 558 delictis
944 530 971 558 in
992 530 1226 565 justilicationem.
1251 530 1279 557 Si
1303 528 1374 557 enim
1397 528 1477 555 unius
1498 527 1596 554 dcliclo
1620 532 1693 552 mors

62 575 190 610 regnavit
203 582 252 610 per
267 582 360 607 unum,
384 575 470 602 multo
482 575 567 609 magis
580 574 626 602 22.
643 575 834 605 abundantiam
851 578 947 612 gratiae
973 581 1001 604 et
1015 577 1169 604 donationis
1182 582 1210 604 et
1222 576 1332 610 iustitiae
1346 574 1520 609 accipientes,
1533 573 1578 599 23.
1595 572 1621 599 in
1637 572 1695 598 vita"

63 620 219 673 uegttabunt
232 628 281 673 per
290 628 376 673 imum
388 619 479 671 Iesu-tn
494 619 630 671 Christum
640 620 750 672 {igitur
765 621 837 650 sicut
853 630 902 658 per
916 622 997 650 unius
1019 622 1145 649 delictum
1157 642 1165 654 ,
1192 622 1218 648 in
1234 628 1328 648 omnes
1347 620 1470 648 homines
1484 618 1510 646 in
1533 617 1695 645 condemna-

820 668 827 673 .
887 668 894 673 υ
959 668 964 673 .
998 667 1003 673 ι
1043 667 1077 673 ..η
1118 667 1133 673 .-
1247 666 1264 673 ι.
1323 665 1343 673 ι.
1413 665 1419 669 -
1440 672 1444 673 ν
1458 662 1561 673 .!._4.l:_
1589 661 1632 673 n-:
1651 669 1695 673 η-..

63 666 177 718 tionem,
193 666 277 719 silc'et
351 673 399 701 per
412 665 492 719 unius
507 664 639 715 justitiam
654 665 681 693 in
698 674 795 695 omnes
820 668 944 695 homines
958 668 984 694 in
994 667 1216 701 jnstilicationcm
1230 666 1300 692 vine.
1318 665 1361 691 ltu
1383 662 1562 691 misericordia
1585 661 1632 688 Dei
1650 669 1695 695 per

552 718 556 719 ν
700 712 715 719 ι.
742 712 776 719 Α..
804 713 831 719 η.
871 717 876 719 .
930 712 936 719 α
1055 712 1060 719 ι
1102 712 1107 719 l
1145 712 1160 719 ιι
1202 712 1217 719 Δι
1325 711 1332 716 ο
1358 717 1365 719 λ
1391 709 1404 719 l,
1414 716 1421 719 .
1437 708 1491 719 .-ξμς
1501 716 1506 719 .
1529 710 1685 719 ιιιιιιηΛΙΛ-ιιΙι

63 713 143 739 unius
152 712 290 748 justitiam
310 713 338 740 in
353 719 441 739 omnes
455 710 571 738 homines
592 712 727 745 processit.
742 712 787 741 25.
804 713 880 741 Sicut
893 712 967 741 enim
982 719 1030 748 per
1055 712 1265 740 inochientiazn
1288 711 1367 738 unius
1391 708 1507 737 hominis
1529 710 1686 742 peccatores

738 811 1022 842 COMMENTARIUS.

100 904 128 931 8.
150 902 242 939 Usque
253 902 288 930 ad
297 902 377 938 legem
396 903 478 930 enim.
492 902 638 930 Peccatum
651 901 759 936 quidem
773 901 801 928 in
814 900 858 928 his
872 904 894 933 Α

68 951 154 978 etiam
175 950 222 984 qui
236 949 322 985 legent
335 952 512 984 acceperant,
527 948 592 981 fuit,
607 947 654 976 sed
669 955 722 975 non
741 952 844 975 tantum
854 967 862 980 ,

67 1000 206 1031 quantum
221 995 312 1031 prius;
328 1003 377 1031 per
389 995 489 1032 legales
502 995 574 1024 enim
588 995 774 1023 observandas
787 994 862 1022 multi

947 899 989 927 l8.
1011 898 1043 926 In
1064 898 1161 934 plures.
1175 897 1271 925 Plures
1293 896 1373 928 dicit,
1397 903 1451 924 non
1474 894 1507 921 ad
1531 899 1696 924 numerum,

914 946 961 974 sed
978 945 1040 980 quia
1057 945 1083 972 in
1107 944 1180 971 vitiis
1195 943 1293 979 plures.
1311 943 1395 970 Adam
1411 941 1482 969 enim
1503 947 1551 975 per
1566 937 1696 973 originale

914 991 989 1020 dedit
1002 995 1131 1022 mortem,
1148 989 1271 1017 Christus
1289 995 1353 1016 vero
1368 987 1401 1015 de
1416 984 1568 1013 actualibus
1592 987 1620 1011 et
1643 983 1699 1010 ori—

70 1041 262 1070 salvabantur.

104 1087 133 1115 9.
157 1087 302 1115 Peccatum
315 1088 395 1115 enim.
419 1087 504 1115 Aliter
516 1087 561 1115 hic
575 1092 717 1123 peccatum
741 1086 866 1122 intelligit

69 1140 156 1167 quam
169 1133 307 1168 superius.
330 1132 475 1161 Peccatum
491 1134 563 1161 enitn
579 1134 629 1161 hoc
655 1134 682 1161 in
697 1133 756 1161 loco
783 1132 867 1168 signi-

72 1178 140 1205 licat
164 1178 416 1213 praevaricationem
432 1178 514 1212 legis,
529 1185 590 1214 qua:
611 1186 664 1206 non
686 1178 868 1214 impulabatur

74 1231 139 1251 cum
158 1223 204 1250 lex
219 1231 271 1250 non
284 1227 368 1251 esset.

109 1269 155 1295 10.
166 1269 286 1296 Aucusr.
298 1269 348 1304 (De
357 1274 523 1305 peccatorum
534 1269 632 1297 meritis
642 1274 665 1296 et
681 1269 780 1302 remis.,
789 1269 869 1304 deque

75 1313 231 1350 Bup.paru.
255 1315 300 1343 lib.
320 1323 347 1349 ι,
362 1323 422 1350 cap.
444 1323 488 1348 xi,
515 1320 581 1343 toni.
600 1314 665 1351 Vll.)
692 1315 726 1342 In
750 1323 793 1343 eos
818 1323 870 1343 non

76 1366 266 1395 peccat-erunt.
290 1362 316 1389 id
338 1367 392 1393 est,
420 1361 466 1397 qui
492 1362 611 1390 nondum
641 1370 689 1390 sua
713 1366 741 1390 et
761 1362 870 1398 propria

78 1409 238 1443 Volunlale,
259 1409 338 1444 sicut
368 1409 430 1443 ille,
465 1413 664 1445 peccaverunt,
691 1409 740 1438 sed
765 1409 800 1437 ab
825 1409 871 1437 illo

80 1455 184 1491 origine
194 1460 336 1491 peccatum
350 1459 501 1483 traxerunt.

116 1502 159 1530 ll.
168 1502 271 1529 LANFt‘t.
284 1501 317 1528 In
330 1502 539 1535 similitudinem,
551 1502 577 1530 id
586 1506 638 1535 est,
647 1501 692 1537 qui
704 1501 872 1539 praevaricati

84 1554 144 1575 sunt
160 1553 295 1584 praecepta
311 1548 376 1582 Dei,
390 1549 461 1577 sicut
473 1549 570 1577 Adam.

119 1594 161 1621 ll.
184 1594 239 1627 Qui
262 1599 300 1622 est
324 1594 409 1630 forma
430 1595 523 1630 futuri.
547 1595 632 1623 Adam
658 1595 744 1623 forma
771 1594 870 1624 Christi

85 1639 142 1668 [ιίι.
172 1640 244 1674 Quia
277 1641 348 1669 sicut
379 1641 424 1670 ille
455 1646 534 1677 pater
572 1642 693 1670 omnittm
724 1642 871 1670 secundum

85 1693 204 1718 carnem.
220 1687 260 1715 sic
269 1686 392 1715 Christus
403 1693 480 1721 pater
494 1687 612 1715 ﬁdelium
623 1688 769 1715 secundum
782 1687 872 1714 ﬁdem.

88 1730 120 1758 Et
140 1732 210 1760 sicut
237 1740 271 1760 ex
293 1732 381 1761 latere
394 1733 472 1765 Adae.
497 1732 613 1760 formata
635 1737 676 1760 est
694 1732 765 1764 Eva,
781 1732 821 1759 sic
840 1739 874 1758 ex

88 1776 166 1806 lmore
189 1779 295 1807 Christi
321 1779 507 1814 proﬂuxerunt
532 1783 718 1812 sacramenta,
739 1785 787 1813 per
808 1785 868 1813 qua:

89 1824 205 1853 salvator
219 1825 354 1853 Ecclesia.

123 1870 165 1897 l2.
184 1871 310 1899 Aucus'r.
334 1870 429 1907 (lbid.)
447 1871 500 1904 Qui
513 1876 551 1898 est
565 1871 662 1906 forma.
681 1870 749 1904 Quia
773 1870 799 1897 in
825 1869 878 1905 ιε

91 1913 134 1942 illo
157 1921 322 1946 constructa,
341 1920 383 1944 est
405 1917 494 1944 forma
525 1916 758 1944 condemnationis
781 1914 879 1943 futuris

93 1961 202 1994 posteris
223 1961 273 1996 qui
286 1960 344 1995 ejus
358 1961 486 1997 progenie
498 1966 666 1989 crearentur.

129 2007 171 2034 l5.
192 2008 314 2035 Annos.
331 2007 384 2040 Qui
403 2012 440 2035 est
456 2007 541 2042 forma
556 2007 650 2042 futuri.
673 2006 796 2035 Decrevit
808 2007 880 2034 enim

96 2049 161 2080 Deus
171 2061 219 2088 per
232 2060 318 2081 unum
331 2052 492 2089 (Christum)
504 2053 650 2081 emendare
660 2052 731 2087 quod
743 2060 790 2087 per
800 2059 881 2079 unum

99 2095 199 2146 iAdanw)
221 2104 367 2135 peccatum
382 2104 439 2131 est,
453 2100 524 2127 sicut
541 2100 567 2127 in
583 2098 744 2135 Apocalypsi
766 2098 883 2126 JOannes

101 2143 182 2177 inquit
197 2155 203 2172 :
218 2146 311 2180 Agnus
325 2145 370 2181 qui
384 2146 484 2174 occisus
497 2150 535 2172 est
551 2153 568 2172 ιι
581 2145 767 2172 constitutione
781 2143 881 2170 mundi.

133 2189 173 2216 14.
184 2190 237 2218 Sed
252 2199 304 2218 nou
315 2191 381 2218 sicut
392 2191 526 2218 delictum.
535 2189 591 2218 Hoc
604 2189 683 2223 dixit,
695 2189 758 2225 quia
769 2188 884 2216 formam

102 2233 175 2263 unius
187 2236 291 2264 Christi
305 2236 374 2263 dixit
387 2243 470 2264 unum
486 2235 585 2262 Adam.

108 2311 110 2313 .
136 2279 175 2307 15.
192 2281 298 2310 Laure.
314 2281 368 2309 Sed
385 2290 435 2309 non
451 2281 518 2308 sicut
538 2280 673 2307 delictum.
689 2278 762 2307 Ordo
780 2286 787 2304 ε
802 2276 885 2310 Quasi

106 2323 201 2354 ιὶὶινετθι
214 2336 221 2355 :
236 2326 363 2362 quamvis
373 2326 459 2354 Adam
467 2325 553 2352 forma
568 2325 618 2352 fuit
628 2323 743 2356 Christi,
756 2321 886 2356 majorem

108 2373 190 2418 "unco
206 2374 262 2400 vim
290 2372 372 2400 habet
396 2371 496 2399 donum
521 2369 631 2398 Christi.
657 2368 721 2398 Plus
747 2368 819 2396 cnim
848 2370 888 2394 est

109 2415 236 2445 viviticare
252 2424 333 2452 quam
347 2417 480 2445 occidere.

142 2459 182 2488 l6.
201 2461 323 2491 Auousr.
336 2462 424 2498 (ibid.)
437 2462 465 2489 Μ
468 2462 521 2488 ulta
531 2469 614 2496 magis
625 2460 721 2498 gratia.
732 2459 790 2487 Non
804 2457 890 2492 magis

112 2505 216 2554 inultos,
229 2513 258 2537 et
267 2508 353 2536 multo
365 2508 457 2545 plures
467 2507 600 2535 homines.
609 2505 700 2540 Neque
709 2505 782 2532 enim
795 2504 889 2539 plures

114 2550 284 2589 iustiﬁcantur
300 2562 381 2589 quam
398 2553 624 2582 condemnamur.
638 2551 724 2579 Adam
745 2550 848 2585 quippe
858 2556 891 2576 ex

116 2601 159 2632 suo
172 2597 267 2628 delicto
281 2607 342 2627 reos
356 2598 459 2634 genuit.
484 2597 609 2626 Christus
632 2601 722 2624 autem
738 2595 819 2623 etiam
833 2600 893 2629 qua:

117 2639 230 2672 homines
244 2646 339 2673 delicta
355 2645 471 2681 propria:
493 2643 640 2671 voluntatis
662 2641 695 2669 ad
711 2639 842 2676 originale
865 2639 893 2666 in

119 2692 167 2720 ‘1“0
177 2695 355 2723 peccaverunt
368 2690 429 2727 [al.,
444 2689 499 2717 nati
509 2688 604 2725 sunt],
614 2686 791 2719 addiderunt;
807 2684 895 2720 gratia

120 2738 165 2760 sua
178 2735 254 2764 solvit
269 2742 351 2772 atque
364 2736 483 2764 donavit.

153 2779 196 2809 17.
213 2782 312 2810 ιλκη.
331 2782 364 2809 In
377 2782 464 2818 gratia
479 2781 557 2808 unius
573 2779 694 2807 hominis.
710 2778 738 2805 In
754 2776 855 2812 gratia,
871 2775 897 2803 id

124 2829 175 2859 θειι
199 2833 306 2864 propter
328 2829 456 2865 gratiam.
484 2826 605 2855 Gratiam
633 2829 724 2860 autem
752 2823 796 2851 hic
819 2826 898 2850 vocat

125 2871 306 2902 Portet-tionem
330 2874 461 2902 virtutum
480 2879 561 2907 quam
577 2872 657 2898 homo
684 2868 740 2899 ille.
768 2875 782 2894 a
810 2866 899 2894 Verbo

127 2912 208 2944 Patris
221 2923 372 2956 assumptus
383 2939 390 2953 ,
405 2926 453 2954 per
466 2916 581 2952 gratiam
598 2915 643 2943 Det
660 2913 762 2941 nabuit.

914 1036 1048 1073 ginalibus
1061 1034 1196 1062 liberavit.

952 1092 996 1120 i9.
1016 1091 1135 1119 Accus'r.
1158 1088 1247 1124 (ibid.,
1272 1094 1332 1121 cap.
1358 1086 1414 1121 l5.)
1438 1084 1472 1112 Et
1491 1092 1541 1111 non
1566 1083 1632 1111 sicut
1657 1090 1702 1116 per

916 1147 1007 1167 unum.
1031 1139 1072 1165 Ab
1095 1137 1199 1168 Adam,
1221 1134 1248 1161 in
1271 1141 1322 1169 quo
1343 1139 1430 1159 omnes
1450 1129 1626 1165 peccavimus,
1645 1133 1698 1153 non

917 1185 1008 1213 omnia
1024 1188 1116 1211 nostra
1136 1184 1265 1215 peccata,
1287 1178 1335 1205 sed
1360 1181 1466 1204 tantum
1491 1172 1622 1209 originale
1648 1176 1705 1198 ινξιπ-

919 1228 1055 1257 duximus.
1070 1225 1207 1254 AChristo
1217 1230 1292 1256 vero,
1306 1222 1332 1249 in
1344 1228 1397 1256 quo
1410 1227 1505 1247 omnes
1513 1217 1703 1253 justilicamnr,

919 1282 973 1303 non
990 1274 1061 1301 illius
1079 1276 1183 1299 tantum
1199 1268 1354 1305 originalis,
1377 1267 1424 1295 sed
1447 1265 1531 1294 etiam
1545 1268 1704 1291 cmterorutn

921 1326 980 1355 quae
994 1318 1045 1354 ipsi
1060 1316 1212 1344 addidimus
1227 1312 1416 1342 remissionem
1428 1309 1630 1344 consequimur.
1644 1307 1707 1335 ideo

921 1373 974 1392 non
990 1364 1060 1392 sicut
1071 1370 1120 1399 per
1132 1368 1215 1389 unum
1230 1363 1402 1395 peccantem,
1420 1357 1456 1384 ita
1471 1361 1498 1384 et
1513 1352 1706 1391 donutn..Nant

918 1410 1049 1446 judicium
1065 1407 1138 1443 quod
1155 1406 1216 1443 [al.,
1231 1402 1352 1441 quidem]
1367 1410 1400 1429 ex
1417 1409 1471 1429 uno
1487 1400 1586 1429 delicto
1600 1398 1635 1433 (si
1652 1405 1705 1424 non

922 1443 1085 1490 remittatur)
1100 1454 1126 1481 id
1139 1456 1182 1480 est
1193 1450 1315 1486 originali
1325 1470 1333 1482 .
1346 1450 1373 1477 in
1384 1445 1639 1476 condemnationem
1647 1443 1712 1478 jam»

922 1506 1011 1540 potest
1027 1489 1136 1529 ducere.
1154 1498 1247 1526 Gratia
1263 1504 1328 1524 vero
1338 1503 1371 1523 ex
1389 1494 1482 1522 mttltis
1494 1491 1600 1520 delictis
1612 1489 1708 1517 remis-

923 1551 976 1582 sis,
1001 1549 1052 1576 hoc
1075 1551 1131 1578 est,
1155 1552 1207 1572 non
1232 1543 1320 1571 solutn
1345 1539 1487 1576 originali,
1509 1544 1604 1565 verum
1625 1536 1707 1563 etiam

923 1596 1049 1626 omnibus
1063 1592 1183 1626 caneris,
1197 1591 1232 1618 ad
1242 1588 1464 1625 justiticationem
1479 1583 1609 1621 perducit.

958 1649 1003 1676 20.
1023 1649 1123 1677 LANFR.
1139 1647 1172 1674 Et
1186 1655 1237 1674 non
1253 1646 1329 1673 sicut.
1342 1643 1429 1671 Aliter
1443 1650 1451 1668 :
1463 1640 1515 1668 ctsi
1530 1639 1600 1667 sicut
1614 1642 1710 1671 pecca-

924 1702 996 1729 tum,
1014 1696 1050 1723 ita
1065 1699 1093 1723 et
1106 1694 1222 1726 donum,
1239 1692 1265 1719 id
1277 1695 1334 1723 cst,
1350 1693 1465 1722 utraque
1478 1685 1554 1721 paria
1567 1690 1619 1711 non
1634 1684 1709 1709 sunt.

959 1752 1003 1779 LCL
1025 1749 1117 1778 Gratia
1138 1753 1225 1775 autem
1247 1754 1279 1773 ex
1301 1743 1401 1772 multis.
1425 1740 1498 1769 Ordo
1519 1740 1562 1765 est
1583 1745 1590 1763 :
1615 1734 1710 1763 Gratia

928 1802 1016 1825 autem
1032 1795 1058 1823 in
1071 1793 1291 1829 jnstilicationem
1306 1798 1338 1817 ex
1350 1788 1441 1816 tunltis
1454 1785 1569 1814 delictis.

962 1842 1008 1870 22.
1028 1826 1147 1869 Aucusr.
1164 1837 1252 1875 (ibid.)
1268 1834 1462 1863 Abundantium
1476 1830 1576 1867 gratim.
1588 1826 1656 1862 Quid
1675 1829 1717 1853 est

929 1893 1018 1916 autem
1032 1872 1224 1914 abundantiam
1237 1882 1330 1919 gratiae
1345 1885 1372 1908 et
1381 1876 1584 1915 justillcationis
1598 1878 1624 1901 et
1633 1872 1714 1908 justi-

930 1933 974 1961 tia:
987 1931 1137 1966 accipiunt,
1150 1929 1202 1957 nisi
1217 1928 1289 1963 quod
1310 1934 1363 1953 non
1390 1924 1429 1952 cis
1453 1927 1557 1951 tantum
1575 1921 1714 1955 peccatum

930 1978 958 2008 in
973 1986 1027 2015 quo
1045 1984 1140 2006 omnes
1153 1978 1347 2011 peccaverunt,
1364 1972 1410 2000 sed
1423 1971 1504 1999 etiam
1517 1968 1588 2005 quod
1603 1964 1714 1995 addide-

932 2029 1010 2057 runt,
1027 2023 1113 2060 gratia
1129 2021 1296 2050 remissionis
1310 2018 1406 2047 datur?

932 2080 1012 2107 9'25.
1034 2079 1066 2106 in
1080 2078 1131 2106 vita
1145 2076 1298 2112 regnabant.
1323 2073 1356 2101 Ει
1377 2072 1440 2107 quid
1455 2075 1510 2104 est,
1533 2068 1617 2096 multo
1633 2065 1720 2099 magis

936 2126 963 2155 in
974 2125 1028 2152 vita
1042 2110 1192 2159 regnabunt
1203 2129 1211 2154 ;
1223 2127 1284 2148 cum
1298 2118 1394 2146 mortis
1412 2123 1520 2150 regnum
1535 2113 1618 2140 multo
1631 2110 1720 2145 plures

936 2172 962 2199 in
977 2176 1106 2198 aeternam
1124 2174 1230 2203 poenam
1248 2164 1357 2192 trahat!
1370 2163 1427 2189 Nisi
1444 2160 1622 2193 intelligamus
1635 2162 1681 2182 cos
1693 2155 1721 2181 in

937 2216 1003 2252 ipsis
1018 2214 1056 2251 [at
1071 2234 1079 2248 ,
1094 2202 1141 2241 eois
1156 2210 1240 2246 ipsos]
1256 2210 1283 2237 in
1306 2213 1421 2243 utroque
1434 2205 1502 2237 dici,
1518 2203 1563 2238 qui
1583 2202 1725 2229 transeunt

938 2247 1075 2289 ahAd—amr
1096 2259 1129 2286 ad
1144 2257 1300 2288 Christum,
1320 2254 1345 2282 id
1360 2258 1402 2281 est
1425 2260 1439 2279 a
1463 2255 1548 2278 morte
1570 2247 1602 2275 ad
1621 2247 1723 2277 vitam,

938 2307 1001 2343 quia
1013 2306 1039 2333 in
1051 2305 1106 2332 vita
1118 2308 1219 2331 :cterna
1231 2301 1289 2329 sine
1304 2299 1356 2327 line
1370 2297 1529 2332 regnabnnt,
1542 2292 1627 2328 magis
1641 2296 1724 2325 quant

939 2337 965 2379 iit
980 2351 1020 2378 eis
1032 2357 1105 2377 mors
1119 2347 1302 2383 temporaliter
1317 2350 1345 2373 et
1369 2352 1430 2372 cum
1447 2342 1500 2370 line
1525 2339 1645 2376 regnabit
1662 2337 1724 2374 [al.,

939 2395 1082 2432 regnavit].

938 2468 942 2472 α
976 2455 1020 2482 24.
1042 2454 1143 2482 Laure.
1159 2451 1211 2479 Per
1229 2451 1306 2477 unius
1315 2448 1459 2485 justitiam.
1480 2445 1534 2474 Per
1544 2442 1677 2479 justitiam
1700 2444 1727 2469 et

942 2500 1124 2529 obedientiam
1139 2497 1253 2529 (‘hristi,
1267 2496 1322 2523 vita
1335 2494 1457 2522 omnium
1470 2491 1636 2521 credentium
1649 2486 1728 2523 justi-

944 2547 1025 2575 llcata
1038 2549 1090 2573 est.
1113 2544 1180 2578 Quia
1208 2542 1270 2570 inde
1285 2541 1372 2568 factus
1385 2543 1426 2567 est
1445 2537 1532 2565 hostia
1554 2531 1729 2569 acceptabilis

944 2593 1000 2622 Deo
1013 2599 1062 2627 pro
1076 2589 1194 2626 peccatis
1217 2587 1337 2616 omnium
1347 2606 1355 2619 ,
1373 2585 1436 2621 quia
1454 2584 1544 2619 justus
1555 2586 1582 2609 et
1597 2580 1729 2608 immacu‘.

945 2639 1016 2666 latus
1048 2623 1106 2665 sine
1142 2640 1266 2672 peccato,
1294 2639 1323 2662 et
1349 2632 1481 2661 obediens
1505 2628 1558 2656 fuit
1586 2632 1672 2661 usque
1697 2623 1731 2663 ad

946 2689 1013 2713 mort
1018 2691 1072 2711 θην.

983 2728 1029 2756 25.
1052 2727 1124 2755 Sicut
1140 2727 1219 2754 enim.
1235 2723 1426 2760 Comprobatio
1445 2725 1472 2748 et
1495 2717 1630 2754 expositio
1653 2722 1733 2751 supe-

949 2774 1030 2802 rioris
1042 2780 1136 2800 versus
1153 2781 1159 2798 :
1175 2771 1264 2798 omnis
1284 2770 1356 2798 enitn
1371 2764 1569 2797 inobcdientia,
1588 2763 1610 2790 si
1628 2766 1733 2789 tantum

950 2819 1019 2849 mala
1032 2823 1087 2849 est,
1105 2817 1249 2849 delictum;
1267 2819 1295 2843 et
1309 2813 1397 2842 omnis
1412 2811 1578 2843 obedientta,
1590 2808 1611 2836 si
1629 2810 1734 2835 tantum

951 2866 1019 2893 bona
1035 2869 1075 2891 cst
1084 2884 1091 2896 ,
1102 2862 1217 2898 iustitia.
