4034 6290
497 447 518 487 ι
538 443 607 487 ita
1447 429 1507 483 B.
1548 429 1940 485 LANFRANCI
1979 426 2324 483 caurum.
2359 405 2678 480 ARClllEP.
3646 414 3770 471 ist

496 543 779 597 constituti
812 554 937 598 sunt
967 544 1140 609 multi,
1170 544 1241 598 ita
1271 556 1324 599 et
1347 543 1433 597 26.
1467 559 1560 612 per
1590 547 1748 597 unius
1770 541 2131 597 obeglitionem
2159 536 2287 606 justi
2327 536 2730 589 constituentur
2761 532 2937 587 multi.
2967 531 3059 597 27,
3093 529 3180 583 28.
3212 529 3319 583 Lex
3355 536 3536 582 autem
3567 524 3772 581 subin-

500 634 686 700 trivit,
708 636 1075 690 tttabundarcl
1102 635 1375 689 delictum.
1398 634 1497 689 Ubi
1529 646 1706 688 autem
1736 631 2023 687 abundavit
2050 626 2423 691 delictum,29.
2444 624 2898 697 superabundavit
2929 622 3228 691 gratia,50.
3250 629 3306 675 ιιι
3330 621 3472 677 sicut
3502 616 3776 688 regnavit

500 734 783 789 prorutum
818 726 868 776 in
905 734 1165 789 mortem,-
1189 725 1258 778 ita
1287 724 1376 790 51,
1398 722 1487 777 52.
1520 732 1571 777 et
1599 724 1776 793 gratia
1808 727 1994 789 regnet
2020 717 2109 772 55.
2141 731 2239 788 per
2262 715 2531 783 justitiam
2553 716 2607 770 in
2638 714 2803 770 vitam
2828 722 3110 778 mternam,
3144 725 3239 781 per
3264 709 3448 766 Iesum
3471 708 3770 765 Christum

505 815 787 869 Dominum
828 824 1088 870 nostrum.

1922 896 2148 953 CAPUT
2199 895 2288 953 Vl.

573 1011 709 1076 Quid
741 1029 869 1080 ergo
902 1013 1179 1067 dicemus?
1206 1009 1654 1067 Permanebimus
1702 1010 1755 1063 in
1791 1019 2031 1078 peccato,
2065 1018 2124 1062 ut
2160 1017 2335 1083 gratia
2383 1007 2659 1062 abundet?
2712 1004 2907 1061 Absitl-
2944 1003 3045 1072 Qui
3076 1004 3125 1058 1.
3158 1004 3303 1073 enim
3335 1012 3537 1057 mortu.
3564 1013 3779 1056 sumus

510 1116 756 1172 pet-cato,
778 1107 1051 1175 quomodo
1083 1108 1261 1161 adhuc
1294 1109 1536 1160 vivemus
1562 1108 1613 1161 in
1656 1106 1784 1159 illo?
1822 1106 1903 1158 An
1937 1106 2199 1176 ignoratis
2226 1105 2355 1174 quia
2384 1105 2694 1175 quicunque
2723 1100 2988 1171 baptizati
3042 1114 3229 1153 sumus
3263 1098 3316 1151 in
3363 1096 3580 1153 Christo
3604 1094 3774 1158 Jesu,

512 1193 567 1254 2.
590 1192 643 1246 5.
675 1193 727 1246 in
754 1205 923 1248 morte
951 1195 1120 1264 ipsius
1151 1196 1409 1264 baptizali
1437 1196 1657 1249 sumus?
1682 1195 1733 1249 1.
1770 1195 2083 1265 Consepulti
2122 1195 2265 1250 enim
2310 1210 2497 1250 sumus
2552 1209 2671 1247 cum
2705 1192 2796 1245 illo
2828 1205 2923 1259 per
2961 1190 3290 1259 baptismum
3328 1187 3381 1242 in
3414 1197 3681 1252 mortem,
3713 1197 3789 1241 ut

511 1288 780 1359 quomodo
804 1289 1051 1343 Christus
1079 1291 1316 1344 surrexit
1341 1308 1368 1344 a
1396 1289 1623 1344 mortuis
1655 1296 1750 1358 per
1775 1290 2001 1357 gloriam
2030 1288 2227 1354 Patris,
2262 1290 2335 1343 ita
2366 1298 2414 1343 et
2442 1304 2539 1342 nos
2562 1288 2613 1341 5,
2647 1286 2696 1339 in
2730 1285 2969 1339 novitate
3001 1284 3121 1338 vitae
3150 1283 3506 1339 ambulemus.
3534 1285 3592 1349 6,
3614 1285 3674 1337 '7.
3709 1282 3778 1337 Si

510 1380 653 1432 enim
683 1380 1034 1448 complantati
1063 1380 1189 1433 facti
1220 1396 1408 1434 sumus
1435 1381 1487 1435 8.
1516 1380 1855 1435 similitudini
1885 1381 2075 1435 mortis
2102 1378 2237 1448 ejus,
2270 1379 2323 1434 9.
2376 1378 2536 1434 simul
2589 1386 2644 1432 et
2686 1376 3098 1429 resurrectionis
3120 1376 3343 1430 erimus.
3379 1374 3491 1430 Hoc
3517 1376 3785 1430 scientes

513 1468 590 1521 10.
629 1472 754 1537 quia
786 1479 937 1523 vetus
970 1471 1130 1523 homo
1156 1480 1342 1524 noster
1364 1469 1525 1523 simul
1552 1472 1843 1524 cruciﬁxus
1867 1481 1971 1536 est,
2010 1472 2096 1525 11.
2123 1482 2181 1525 ut
2212 1472 2524 1526 destruatur
2552 1468 2635 1521 12.
2666 1482 2864 1537 corpus
2892 1467 3119 1537 peccati,
3152 1476 3205 1520 et
3247 1467 3385 1520 ultra
3415 1482 3521 1522 non
3544 1467 3783 1523 servia-

509 1574 622 1611 mus
652 1566 893 1627 peccatu.
942 1558 1027 1611 15.
1054 1558 1153 1625 Qui
1180 1560 1325 1613 enim
1358 1568 1605 1614 mortuus
1630 1570 1730 1622 est,
1758 1560 2093 1629 jnstilicatus
2121 1568 2206 1616 est
2236 1577 2265 1613 a
2296 1569 2536 1629 peccato.
2568 1558 2652 1611 14.
2688 1556 2742 1611 Si
2770 1566 2947 1611 autem
2991 1556 3189 1611 mortui
3229 1571 3415 1611 sumus
3440 1572 3565 1611 cum
3596 1556 3783 1612 Chri-

508 1658 614 1712 sto,
641 1650 913 1703 credimus
944 1649 1068 1718 quia
1094 1648 1253 1702 simul
1284 1649 1448 1703 etiam
1482 1650 1859 1703 vivemuscum
1890 1651 2122 1712 Christo,
2161 1650 2395 1703 Scientes
2424 1647 2818 1717 quodChristus
2844 1662 3132 1717 resurgens
3161 1663 3226 1702 ex
3258 1649 3485 1703 mortuis
3501 1645 3620 1715 jam
3650 1662 3787 1702 non

507 1742 750 1805 moritur,
793 1756 939 1795 mors
970 1741 1043 1794 illi
1070 1741 1207 1795 ultra
1238 1759 1342 1797 non
1372 1742 1755 1797 dominabitur.
1784 1743 1869 1796 15.
1897 1742 2048 1809 Quod
2081 1742 2184 1813 19
2203 1742 2311 1812 2ο
2330 1742 2473 1795 enim
2502 1749 2746 1795 mortuus
2772 1749 2876 1805 est,
2909 1751 3153 1809 peccato.
3187 1751 3433 1796 mortuus
3453 1750 3536 1796 est
3558 1742 3785 1805 semel,

508 1830 648 1899 quod
678 1824 856 1883 autem
892 1832 1035 1893 vivit,
1072 1833 1202 1886 vivit
1230 1834 1354 1888 Deo.
1394 1834 1477 1889 16.
1530 1833 1605 1888 lla
1634 1845 1687 1889 et
1712 1852 1807 1889 vos
1838 1826 2147 1890 existimate
2192 1851 2286 1889 vos
2313 1843 2555 1888 mortuos
2587 1834 2803 1902 quidem
2834 1848 2953 1887 esse
2993 1841 3242 1901 peccato,
3282 1834 3540 1888 viventes
3573 1843 3786 1887 autem

509 1922 644 1985 Deo,
679 1922 731 1975 in
762 1922 978 1977 Christo
1006 1923 1131 1978 Iesu
1162 1924 1390 1979 Domino
1423 1936 1627 1980 nostro.
1666 1927 1753 1992 17,
1784 1926 1865 1980 18.
1909 1926 2025 1980 Non
2053 1920 2396 1995 ergo'regnet
2425 1933 2707 1995 peccatum
2737 1924 2791 1977 in
2815 1931 2993 1979 vestro
3018 1924 3227 1977 mortali
3258 1940 3509 1994 corpore,
3540 1934 3602 1979 ut
3633 1924 3790 1979 σιω.-

512 2014 675 2068 diatis
706 2016 1162 2084 concupiscentiis
1193 2016 1329 2085 ejus.
1365 2017 1469 2071 Sed
1504 2018 1587 2073 19.
1614 2034 1789 2088 neque
1816 2018 2120 2073 exhibeatis
2178 2018 2419 2073 membra
2462 2025 2639 2071 vestra
2672 2016 2762 2069 20.
2823 2031 2975 2070 arma
3025 2014 3323 2083 iniquitatis
3369 2024 3637 2085 peccato;
3668 2016 3789 2071 sed

506 2108 756 2165 exhibete
786 2126 897 2179 ‘vos
940 2110 1049 2165 Deo
1100 2119 1356 2181 tanquam
1410 2128 1476 2168 ex
1511 2113 1739 2169 mortuis
1791 2114 2052 2178 viventes,
2098 2119 2151 2166 et
2180 2111 2419 2165 membra
2443 2118 2621 2166 vestra
2650 2123 2800 2163 arma
2837 2107 3065 2178 justitia:
3094 2108 3223 2163 Deo.
3272 2107 3567 2165 Peccatum
3603 2108 3777 2170 enim

1827 2260 2391 2319 COMMENTARIUS.

572 2376 663 2429 26.
728 2374 832 2429 Per
898 2377 1055 2432 unius
1118 2377 1485 2432 obedientiam.
1542 2377 1647 2431 Per
1713 2377 2074 2431 obedientiam
2104 2378 2150 2433 Α
2246 2375 2298 2429 6.
2341 2374 2578 2429 Animos.
2622 2374 2682 2429 Si
2707 2374 2843 2428 enim
2866 2373 3221 2443 complaiitati.
3269 2372 3417 2429 Tunc
3453 2388 3553 2429 nos
3590 2373 3793 2429 felici-

509 2466 729 2529 (Iliristi,
750 2466 880 2535 justi
910 2477 1038 2521 sunt
1059 2468 1241 2533 multi;
1264 2469 1352 2523 vel'
1369 2469 1492 2537 quia
1519 2468 2074 2523 obcdientiahostiam
2180 2475 2261 2521 ter
2284 2468 2411 2521 dicit
2441 2482 2601 2538 posse
2633 2481 2936 2535 resurgere,
2965 2466 3008 2519 si
3042 2465 3381 2521 similitudini
3408 2450 3609 2520 mortis
3640 2464 3786 2533 ejus

504 2558 921 2615 «ommenzlavit.
955 2559 1048 2615 \'el
1074 2560 1197 2628 quia
1225 2559 1529 2615 obedientia
1558 2560 1623 2613 ad
1661 2569 1887 2613 mortem
1913 2558 2073 2613 Chri-
2178 2542 2443 2612 fuerimus
2472 2558 2844 2626 complantati,
2876 2557 2923 2610 id
2955 2567 3056 2623 est,
3090 2558 3133 2611 si
3178 2557 3229 2611 in
3263 2556 3533 2626 baptismo
3578 2557 3792 2612 omnia

502 2655 643 2699 stum
691 2648 960 2715 perduxit.
1010 2647 1171 2703 Fides
1220 2658 1399 2704 autem
1446 2650 1635 2703 mortis
1688 2649 1823 2718 ejus,
1874 2648 2075 2717 justiﬁ-
2178 2649 2305 2700 vitia
2335 2649 2697 2717 deponentes,
2736 2647 2787 2699 in
2816 2662 3010 2701 novam
3064 2647 3229 2700 vitam
3258 2646 3533 2711 translati,
3570 2647 3642 2701 de
3671 2661 3797 2701 ca:—

501 2737 669 2792 cavit.
1078 2752 1083 2759 ‘
1128 2758 1133 2763 ·
2182 2747 2295 2791 tero
2326 2753 2431 2790 non
2460 2752 2765 2806 peccemus.
2930 2742 2933 2745 '

522 2826 523 2833 “
574 2826 669 2879 27.
706 2826 812 2881 Lex
856 2838 1029 2882 autem
1068 2830 1397 2884 subintravit.
1435 2831 1597 2885 Moris
1641 2841 1723 2885 est
1769 2831 2076 2885 divinarum
2246 2828 2299 2881 7.
2341 2829 2541 2882 Lssrn.
2579 2828 2641 2882 Si
2675 2829 2809 2880 enim
2842 2828 3201 2899 complantati.
3234 2828 3351 2883 Alia
3385 2828 3529 2884 ratio
3555 2845 3672 2884 cur
3714 2830 3778 2884 in

502 2918 834 2984 itterarum,
881 2920 969 2974 ubi
1021 2921 1204 2989 plures
1228 2914 1231 2917 ’
1258 2936 1432 2975 causae
1484 2931 1631 2987 sunt,
1664 2938 1823 2976 unam
1871 2930 2075 2975 tantum
2179 2931 2353 2974 morte
2381 2922 2551 2990 ipsius
2578 2920 2935 2991 baptizemur,
2961 2920 3321 2991 eomplanlati,
3355 2922 3407 2977 id
3432 2932 3537 2989 est,
3579 2921 3781 2987 aﬂisi,

512 3022 656 3077 saepe
681 3022 1023 3075 enumerare,
1051 3010 1191 3065 sicut
1221 3010 1272 3064 in
1308 3011 1407 3065 huc
1434 3010 1551 3066 loco
1585 3028 1599 3065 :
1632 3014 1755 3066 data
1800 3019 1882 3065 est
1933 3010 2077 3064 enim
2179 3011 2262 3064 vel
2295 3012 2649 3065 adhaerentes.

511 3099 620 3162 lex,
648 3108 704 3152 ut
730 3100 1095 3167 przedestinati
1124 3102 1188 3157 ad
1222 3103 1386 3157 vitam
1412 3118 1510 3172 per
1554 3102 1756 3174 legales
1786 3102 2079 3157 observan-
2248 3104 2299 3158 8.
2342 3100 2706 3167 Similitndini,
2743 3104 2793 3158 id
2818 3112 2920 3168 est,
2944 3103 2987 3157 si
3012 3119 3178 3158 semet
3211 3112 3434 3174 peccato
3461 3106 3791 3172 morimur,

504 3191 612 3246 tias
664 3193 1013 3246 salvarentur
1045 3210 1059 3258 ;
1118 3194 1483 3264 prmdestinati
1516 3204 1694 3249 autem
1727 3194 1792 3247 ad
1826 3200 2075 3257 mortem,
2178 3194 2407 3249 similem
2439 3195 2891 3249 resurrectionem
2927 3194 3162 3248 habituri
3188 3194 3395 3250 suinus.
3790 3258 3793 3261 _

505 3297 602 3350 par
630 3282 767 3353 legis
812 3285 1320 3352 prmvaricationem
1369 3286 1545 3356 magis
1585 3286 1926 3355 punirentur.
1972 3283 2077 3338 Sed
2192 3306 2197 3309 ·
2249 3285 2302 3341 9.
2343 3284 2514 3341 Simul
2537 3297 2584 3339 et
2630 3285 3043 3348 resurrectionis,
3076 3285 3367 3352 subaudis;
3402 3287 3781 3345 similitudini

506 3371 651 3426 illius
680 3387 858 3427 causae
882 3373 968 3427 hic
998 3383 1202 3429 tantum
1238 3377 1568 3430 mentionem
1601 3374 1746 3439 facit,
1781 3389 1877 3444 per
1916 3389 2078 3443 quam
2178 3375 2314 3447 ejus.

502 3461 718 3519 Judaeos
772 3478 839 3518 ex
901 3473 1124 3536 accepta
1183 3466 1302 3538 lege
1359 3466 1735 3537 superbientes
1792 3464 2079 3521 humiliare
2251 3469 2337 3523 10.
2377 3468 2514 3534 Quia
2543 3479 2686 3523 vetus
2716 3469 2891 3532 homo,
2925 3469 2975 3521 id
2998 3477 3103 3532 est,
3133 3483 3229 3523 nos
3257 3469 3310 3523 in
3343 3484 3406 3523 eo
3430 3471 3578 3540 quod
3617 3489 3800 3531 more

502 3566 536 3619 p
558 3552 693 3605 )SSil.
826 3594 829 3597 ‹
1000 3579 1005 3583 ·

2219 3561 2381 3615 cteris
2403 3560 2636 3614 hominis
2660 3574 2966 3629 peccamus.

575 3642 666 3697 28.
712 3643 951 3701 Attianos.
1004 3646 1115 3701 Lex
1166 3658 1340 3702 autem
1408 3646 1739 3701 subiutravit.
1789 3645 2078 3716 Apostolus
2112 3711 2152 3724 _
2254 3652 2338 3705 11.
2379 3650 2441 3704 Ut
2476 3651 2780 3704 destruatur
2828 3667 3018 3717 corpus
3058 3650 3277 3720 peccati,
3328 3650 3379 3705 id
3427 3656 3533 3717 est,
3563 3666 3799 3724 corpus

503 3737 740 3791 ostendit
783 3739 912 3808 quid
965 3743 1277 3810 provenerit
1322 3742 1445 3798 data
1503 3742 1642 3812 lege,
1684 3757 1789 3796 non
1827 3741 1955 3811 quid
1994 3740 2078 3796 lex
2110 3711 2154 3772 Β
2183 3744 2424 3799 nostram
2450 3748 2503 3798 in
2538 3759 2602 3799 eo
2633 3743 2773 3812 quod
2797 3752 3003 3811 peccat.

505 3820 720 3878 fecerit.

574 3914 664 3969 29.
703 3916 903 3973 [λικε-ιι.
942 3919 1396 3991 Superabundabit
1423 3921 1616 3990 gratia.
1645 3920 1810 3987 Quasi
1839 3921 2073 3985 diceret;

504 4017 539 4056 o
562 4002 762 4059 .lu:':nil
797 3994 892 4063 vos
926 4011 1145 4081 putatis,
1172 4010 1316 4079 quod
1362 4008 1613 4064 Christus
1664 4009 1915 4081 gentibus
1960 4010 2078 4080 plus

510 4095 797 4164 dfmiserit,
823 4102 914 4155 sed
941 4101 1258 4170 quibusdam
1281 4110 1521 4156 vestrum
1557 4101 1675 4170 plus
1703 4102 1926 4169 dimisit,
1945 4117 2079 4172 quos

510 4190 962 4254 prtevaritatores
993 4192 1125 4261 legis
1159 4192 1381 4246 invenit.

581 4276 672 4331 50.
713 4277 777 4331 Ut
803 4282 936 4332 sicut
960 4281 1213 4349 regnarit,
1237 4281 1287 4334 id
1318 4288 1419 4344 est,
1462 4281 1762 4349 prccv'alnit.

577 4367 663 4421 5l.
704 4367 789 4422 Ita
815 4380 859 4422 et
877 4372 1046 4439 gratia
1075 4381 1269 4439 regnet,
1297 4370 1348 4425 id
1376 4378 1479 4436 est,
1512 4371 1775 4440 pra-valea

576 4456 663 4509 52.
714 4457 954 4512 Animos.
1010 4456 1195 4511 Gratia
1244 4469 1436 4530 regnet.
1488 4458 1695 4531 Reguat
1752 4462 1922 4532 gratia
1985 4479 2078 4533 per

498 4546 788 4619 justitiam,
820 4552 869 4607 si
915 4560 1140 4622 accepta
1189 4553 1527 4619 remissione,
1571 4552 1840 4622 justitiam
1879 4572 2075 4626 sequa-

504 4658 646 4697 mur.

574 4730 662 4787 55.
708 4731 812 4787 Per
832 4734 1117 4802 justitiam,
1148 4734 1352 4788 scilictt
1374 4735 1596 4790 Christi.

576 4823 730 4877 CAP.
768 4825 852 4878 Vl.
880 4855 949 4862 ——
994 4827 1039 4877 1.
1076 4824 1275 4879 Laxrn.
1330 4825 1431 4891 Qui
1481 4829 1615 4881 enim
1670 4828 1861 4881 mortui
1898 4844 2076 4881 sumus

504 4902 738 4981 peccato,
794 4914 1022 4979 scilicet,
1068 4916 1121 4969 in
1177 4916 1477 4987 baptismo;
1514 4918 1565 4971 in
1609 4916 1815 4971 Christo
1842 4916 1994 4982 Jesn,
2025 4918 2076 4971 id

506 5016 614 5074 est,
650 5008 701 5061 in
730 5007 835 5063 ﬁde
864 5008 1064 5063 Christi
1086 5009 1232 5065 Jesn.

580 5100 635 5152 2.
680 5098 746 5152 In
770 5109 932 5153 morte
956 5103 1140 5170 ipsius,
1170 5101 1221 5155 id
1248 5111 1350 5169 est,
1391 5104 1529 5157 sicut
1561 5102 1647 5156 ille
1697 5110 1943 5155 mortuus
1988 5109 2071 5154 est

503 5192 691 5255 semel,
719 5199 773 5245 et
801 5205 1015 5260 semper
1042 5194 1193 5258 vivit,
1211 5194 1282 5247 ita
1311 5203 1365 5249 et
1389 5210 1486 5248 nos
1515 5193 1683 5249 semel
1708 5201 1933 5261 peccato
1958 5206 2069 5245 mo-

500 5280 731 5347 riamur,
753 5290 809 5337 et
843 5282 893 5335 iu
924 5283 1059 5337 bene
1080 5282 1239 5338 factis
1265 5299 1479 5353 semper
1512 5284 1777 5336 vivamus.

571 5372 623 5425 5.
665 5374 902 5429 Animos.
963 5373 1029 5427 In
1073 5386 1237 5429 morte
1286 5377 1469 5445 ipsius.
1521 5374 1659 5429 Cum
1702 5373 2066 5441 baptizamur,

498 5465 885 5517 commorimur
914 5466 1130 5521 Christo
1164 5483 1178 5532 ;
1212 5468 1313 5521 hoc
1335 5475 1419 5521 est
1442 5467 1494 5519 in
1543 5473 1719 5519 morte
1749 5463 1864 5533 ejus
1899 5465 2069 5533 bapti-

499 5557 631 5609 zari.
656 5557 768 5612 Illic
795 5559 936 5613 enim
967 5568 1186 5629 peccata
1218 5559 1542 5613 moriuntur.

573 5650 627 5702 4.
672 5650 867 5705 thrn.
908 5652 1209 5721 Consepulti
1261 5653 1418 5705 enim.
1461 5651 1772 5719 Designatio
1798 5693 1809 5713 ,
1850 5652 2064 5721 quando

504 5750 555 5795 et
588 5760 684 5796 cur
714 5745 765 5797 in
794 5754 968 5798 morte
990 5742 1569 5811 Christi'baptizemur.

578 5834 626 5889 5.
668 5836 735 5891 In
772 5837 1014 5903 noritute,
1048 5836 1100 5889 id
1128 5843 1226 5901 est,
1253 5851 1281 5887 a
1313 5834 1456 5889 vitiis
1492 5850 1853 5906 resurgamus.

2257 3835 2338 3889 12.
2378 3834 2576 3903 Corpus
2602 3833 2817 3902 percuti.
2846 3831 3036 3887 Omnia
3068 3838 3291 3901 peccata
3313 3831 3472 3887 simul
3497 3833 3795 3915 appellat,

2182 3944 2367 3996 corpus
2395 3924 2615 3995 peccati.
3400 3930 3407 3935 '
3692 3986 3693 3989 η

2188 4015 2194 4021 ’
2255 4019 2341 4072 15.
2385 4016 2487 4083 Qui
2536 4017 2669 4070 enim
2708 4024 2945 4069 mortuus
2999 4024 3095 4069 est.
3144 4013 3305 4068 Ratio
3338 4029 3435 4069 cur
3480 4030 3591 4069 non
3652 4032 3796 4073 sero.

2181 4112 2431 4163 viendum
2498 4106 2568 4161 sit
2624 4113 2869 4175 peccato.
2946 4103 3178 4159 Peccato
3234 4104 3377 4158 enim
3444 4103 3799 4164 iustiﬁcatio

2179 4200 2337 4270 perit.

2253 4291 2338 4344 14.
2381 4290 2440 4344 Si
2484 4297 2655 4342 autem
2708 4288 2900 4342 mortui
2946 4303 3152 4351 sumus,
3209 4287 3260 4340 id
3307 4295 3415 4351 est,
3467 4287 3512 4341 si
3572 4301 3796 4343 revera

2182 4381 2427 4437 Christus
2449 4378 2748 4433 secundmn
2775 4389 2994 4430 carnem
3023 4384 3267 4429 mortuus
3290 4383 3372 4429 est
3396 4389 3409 4427 :
3442 4391 3543 4429 nos
3568 4390 3799 4444 pecca-

2184 4474 2250 4529 tis
2279 4470 2527 4526 omnibus
2555 4469 2751 4525 mortui
2783 4484 2989 4533 sumus,
3016 4469 3295 4532 credimus,
3324 4476 3430 4522 etc.

2253 4564 2334 4619 15.
2377 4563 2574 4617 Laxrn.
2603 4561 2754 4627 Quod
2788 4561 2924 4614 enim
2942 4570 3176 4614 mortuus
3205 4570 3279 4613 est
3299 4569 3534 4630 peccato,
3556 4563 3792 4625 suban-

2181 4656 2293 4711 dis:
2329 4654 2548 4711 humani
2575 4651 2787 4725 generis
2816 4650 3064 4705 delendo.

2252 4748 2338 4801 16.
2378 4746 2464 4799 Ita
2495 4756 2541 4798 et
2571 4762 2680 4810 vos,
2718 4759 2817 4813 pro
2846 4743 3047 4811 itaque.

2250 4840 2337 4893 17.
2380 4836 2501 4890 Non
2542 4852 2662 4905 ergo
2717 4842 2889 4904 regnet
2948 4841 3239 4903 peccatum,
3299 4832 3352 4887 id
3400 4840 3505 4895 est.
3556 4848 3799 4893 concu-

2185 4928 2447 5002 piscentia
2477 4925 2705 4995 peccati.

2257 5020 2341 5074 18.
2382 5017 2619 5071 Animos.
2669 5012 2790 5067 Non
2851 5026 2970 5082 ergo
3026 5020 3217 5080 regnet.
3276 5009 3794 5085 Mortale'corpus

2180 5114 2388 5175 dicens,
2417 5117 2583 5162 totum
2629 5103 2904 5159 hominem
2951 5102 3147 5171 signat,
3198 5101 3324 5169 quia
3365 5101 3456 5169 qui
3484 5101 3789 5161 obcdinnt

2180 5210 2401 5275 peccato
2431 5196 2689 5252 mortales
2710 5193 2978 5248 dicuntur.
3000 5192 3190 5273 Anima
3215 5191 3358 5244 enim
3382 5206 3502 5260 qua:
3533 5182 3790 5262 peccat,

2179 5295 2290 5364 ipsa
2324 5289 2609 5351 morietur,
2632 5286 2683 5339 id
2711 5293 2793 5338 est
2818 5292 2959 5364 totus
2992 5283 3171 5336 homo.

2250 5382 2317 5436 19
2384 5379 2564 5447 Neque
2610 5362 3084 5429 exhibeatis.'Non
3145 5369 3277 5423 dicit
3336 5383 3590 5440 corpora,
3672 5379 3791 5432 sed

2180 5471 2440 5527 membra.
2503 5466 2757 5521 Membris
2827 5464 2969 5519 enim
3035 5462 3409 5527 ministratur,
3468 5476 3580 5516 non
3652 5475 3794 5523 toto

2175 5578 2418 5634 corpore.

2243 5653 2333 5707 20.
2394 5651 2593 5705 Lurn.
2654 5646 2812 5699 Arma
2880 5644 3199 5713 iniquitatis,
3260 5642 3310 5697 id
3367 5651 3484 5709 est,
3545 5657 3789 5703 concu-

2178 5745 2469 5819 piseentite.
