3954 6306
155 416 269 471 125
915 407 980 464 ΙΝ
1021 409 1081 464 D.
1114 409 1317 466 PAULI
1356 407 1571 463 EPIST.
1611 406 1962 462 COMMENT.
2003 436 2075 448 -ι
2110 407 2326 463 EPIST.
2370 408 2462 463 Al)
2494 408 2661 465 ROM.
3098 404 3139 445 ’τ
3309 378 3412 464 I26

152 525 321 578 vobis
353 539 463 579 non
495 520 892 585 dominabitur;
922 520 1011 584 2l,
1043 522 1134 574 22.
1163 535 1266 573 non
1298 520 1439 574 enim
1469 518 1567 573 sub
1590 516 1704 587 lege
1728 521 1880 593 estis,
1906 517 1997 572 sed
2025 532 2123 572 suo
2152 530 2345 587 gratia.
2383 524 2522 585 Quid
2544 518 2714 588 ergo?
2752 517 3126 585 Peccahimus,
3153 520 3409 590 quoniam

152 633 271 671 non
311 615 637 685 sumuslsub
663 610 800 685 lege,
835 613 927 669 sed
951 612 1050 666 sub
1073 612 1280 683 gratia?
1305 599 1485 665 Absit!
1528 594 1758 663 Nescitis
1786 594 2198 684 quoniameui
2254 608 2520 663 exhibetis
2552 624 2645 662 vos
2687 624 2875 663 servos
2919 610 2993 677 ad
3025 610 3404 675 obediendum,

148 709 308 763 servi
348 708 490 762 estis
513 708 649 778 ejus,
676 707 759 760 cui
781 705 1035 769 obeditis,
1064 704 1177 758 sive
1204 704 1414 779 peccati
1446 702 1510 756 ad
1542 710 1793 765 mortem,
1817 701 1931 755 sive
1965 700 2289 755 obeditionis
2333 702 2398 754 ad
2446 700 2795 768 justititiam?
2846 700 3063 757 Gratias
3091 711 3270 756 autem
3303 704 3415 758 Deo

147 799 308 864 quod
348 797 531 850 fuistis
552 795 694 849 servi
721 795 956 864 peccati;
981 792 1242 847 ohedistis
1274 802 1455 845 autem
1485 807 1549 845 ex
1602 790 1766 844 corde
1813 791 1865 843 in
1921 806 2037 846 eam
2069 790 2295 844 formam
2328 792 2607 857 doctrinm,
2636 792 2725 845 25.
2773 793 2823 846 in
2851 808 3012 861 quam
3046 793 3229 847 traditi
3257 797 3412 849 estis.

148 887 417 941 Liberali
448 895 629 942 autem
667 901 695 939 a
722 892 968 955 peccato,
1000 883 1139 938 servi
1173 881 1300 936 facti
1332 881 1464 936 estis
1491 880 1738 950 justitiae.
1771 879 1864 942 24,
1902 879 1992 932 25.
2026 878 2330 933 Humanum
2388 881 2530 946 dico,
2573 890 2792 951 propter
2827 882 3197 936 inﬁrmitatem
3228 886 3411 938 carnis

147 988 401 1044 vestrte;
436 980 526 1034 26.
561 979 703 1033 sicut
733 976 876 1032 enim
902 974 1225 1030 eshibuistis
1256 974 1495 1027 membra
1523 980 1704 1026 vestra
1759 972 1963 1024 servire
2015 971 2368 1026 immunditiae
2389 981 2441 1026 et
2475 972 2744 1040 iniquitati
2792 973 2858 1026 ad
2888 972 3243 1041 iniquitatem,
3268 974 3415 1026 scili-

146 1080 228 1124 cet
260 1070 622 1140 implendam,
653 1069 729 1123 ita
753 1083 894 1123 nunc
924 1067 1176 1123 exhibete
1198 1064 1440 1139 membra
1465 1073 1644 1118 vestra
1696 1062 1903 1116 servire
1924 1060 2146 1129 justitite
2178 1063 2229 1115 in
2277 1062 2782 1128 sanctiﬁcationem,
2807 1064 2862 1117 id
2889 1074 2987 1128 est,
3008 1074 3073 1125 Aut
3103 1064 3416 1132 sanctiﬁcati

144 1161 294 1215 sitis.
350 1161 493 1216 Cum
523 1160 612 1214 27.
647 1160 788 1213 enim
821 1158 965 1213 servi
1011 1157 1205 1212 essetis
1233 1154 1463 1225 peccati,
1515 1153 1694 1216 liberi,
1724 1154 1779 1205 id
1826 1161 1920 1214 est,
1956 1162 2188 1221 expertes
2220 1152 2398 1207 fuistis
2434 1153 2678 1222 justitiae.
2704 1155 2878 1225 Quem
2908 1170 3040 1225 ergo,
3063 1154 3294 1211 fructum
3322 1156 3416 1209 ha-

146 1255 360 1309 buistis
392 1262 524 1307 tunc
552 1253 603 1307 in
632 1252 740 1306 illis
770 1253 821 1307 in
851 1251 1048 1321 quibus
1072 1264 1214 1304 nunc
1246 1246 1603 1302 erubescitis?
1628 1244 1762 1297 Nam
1792 1243 1915 1297 ﬁnis
1948 1243 2161 1297 illorum
2192 1260 2340 1315 mors
2369 1256 2473 1301 cst.
2504 1245 2656 1315 Nune
2695 1263 2825 1302 vero
2872 1247 3085 1302 liberati
3115 1263 3144 1300 a
3168 1256 3415 1317 peccato,

146 1359 175 1397 ε
194 1345 301 1396 :rvi
334 1354 527 1397 autem
564 1342 691 1396 facti
722 1343 854 1407 Deo,
880 1340 1090 1403 habetis
1117 1340 1352 1393 fructum
1382 1346 1618 1392 vestrmn
1644 1336 1695 1389 in
1724 1334 2228 1400 sanctiﬁcationem,
2255 1336 2309 1389 id
2355 1348 2452 1401 est,
2480 1338 2681 1406 fructus
2725 1339 2877 1392 vestri
2925 1339 3090 1406 operis
3118 1347 3191 1391 est
3221 1339 3418 1392 sancti“

145 1438 364 1501 ﬁcatio,
398 1437 561 1492 ﬁnem
592 1452 721 1490 vero
748 1437 915 1489 vitam
945 1444 1227 1489 aeternam.
1249 1433 1337 1487 28.
1360 1429 1641 1500 Stipendia
1668 1428 1815 1483 enim
1838 1429 2073 1499 peccati.
2104 1445 2270 1485 mors.
2297 1430 2387 1497 29,
2412 1430 2500 1485 50.
2521 1430 2707 1488 Gratia
2734 1440 2912 1485 autem
2944 1431 3056 1494 Dei,
3082 1430 3192 1484 vita
3213 1438 3414 1484 aeterna

145 1526 201 1579 in
229 1524 470 1581 Christo
492 1523 617 1579 Jcsu
645 1524 871 1578 Domino
901 1531 1110 1576 nostro.

1593 1584 1822 1641 CAPUT
1873 1586 1980 1641 VII.

219 1716 273 1767 Ι.
309 1716 396 1767 An
429 1713 714 1784 ignoratis,
740 1710 954 1775 fratres,
984 1708 1306 1780 (scientibus
1333 1710 1476 1765 enim
1512 1712 1684 1784 legem
1724 1712 1937 1785 loquor)
1962 1715 2086 1784 quia
2117 1715 2200 1771 lex
2227 1716 2279 1769 in
2312 1717 2531 1771 homine
2557 1716 2882 1780 dominatur,
2916 1724 3118 1787 quanto
3144 1725 3392 1785 tempore

144 1804 288 1859 vivit
312 1806 338 1859 ?
367 1805 508 1859 Nam
542 1818 663 1872 qua:
695 1801 794 1857 sub
826 1802 1036 1856 viroest
1064 1799 1278 1863 mulier,
1318 1800 1533 1857 vivente
1579 1804 1719 1869 viro,
1774 1805 1990 1876 alligata
2041 1816 2124 1861 est
2178 1807 2279 1877 legi
2307 1826 2320 1860 :
2352 1808 2395 1862 si
2421 1817 2601 1861 autem
2650 1818 2894 1863 mortuus
2943 1808 3109 1861 fuerit
3143 1807 3225 1860 vir
3274 1805 3410 1874 ejus,

148 1895 336 1950 soluta
372 1905 461 1950 est
490 1911 518 1949 a
556 1894 674 1964 lege
694 1893 813 1947 viri.
838 1892 1025 1962 Igitur,
1054 1891 1267 1946 vivente
1306 1892 1441 1958 viro,
1470 1895 1753 1949 vocabitur
1793 1896 2035 1951 adultera
2064 1898 2110 1952 si
2158 1897 2320 1952 fuerit
2358 1914 2478 1952 cum
2509 1899 2614 1952 alio
2653 1899 2807 1965 viro;
2840 1899 2882 1953 si
2919 1908 3097 1952 autem
3153 1906 3403 1952 mortuus

144 1981 320 2036 fuerit
372 1982 459 2036 vir
486 1982 619 2048 ejus,
655 1980 881 2035 liberata
912 1989 995 2034 est
1018 1995 1046 2032 a
1089 1978 1203 2049 lege
1228 1978 1349 2041 viri,
1378 1990 1436 2033 ut
1471 1994 1575 2034 non
1606 1982 1678 2036 sit
1705 1982 1949 2038 adultera
1981 1985 2026 2039 si
2080 1985 2242 2041 fuerit
2269 2003 2389 2042 cum
2419 1986 2526 2042 alio
2552 1989 2689 2042 viro.
2725 1989 2931 2057 Itaque,
2966 1987 3162 2042 fratres
3195 1988 3320 2053 mei,
3354 1984 3413 2041 ει

145 2091 245 2129 vos
277 2076 337 2129 2.
378 2073 689 2129 mortiﬁcati
718 2074 770 2128 5.
803 2073 934 2127 estis
960 2070 1060 2141 legi
1099 2087 1194 2141 per
1225 2086 1419 2141 corpus
1448 2071 1671 2137 Christi,
1700 2084 1756 2129 ut
1804 2076 1922 2131 sitis
1950 2078 2193 2144 alterius,
2234 2080 2324 2150 qui
2356 2095 2423 2133 ex
2450 2080 2681 2135 mortuis
2741 2080 3061 2146 resurrexit,
3096 2088 3153 2132 ut
3184 2078 3413 2132 fructiﬁ-

80 2182 83 2185 λ
143 2179 345 2218 ceruus
364 2165 480 2218 Deo
506 2163 562 2216 4.
603 2162 737 2217 Cum
762 2162 904 2216 enim
933 2161 1251 2215 essemusin
1285 2176 1471 2227 carne,
1502 2163 1779 2231 passiones
1825 2178 2195 2236 peccatorum,
2239 2187 2357 2240 quae
2386 2186 2481 2240 per
2526 2172 2700 2240 legem
2747 2179 2921 2234 erant,
2971 2172 3334 2241 operahautur
3357 2171 3409 2226 in

143 2260 431 2315 membris
471 2259 693 2324 nostris,
716 2266 775 2311 ut
804 2256 1200 2312 fructiﬁcarcnt
1236 2256 1418 2310 morti.
1441 2256 1595 2312 Nunc
1624 2267 1800 2313 autem
1830 2261 1990 2316 soluti
2035 2279 2220 2321 sumus
2250 2265 2300 2320 5.
2328 2282 2357 2318 a
2387 2264 2503 2335 lege
2530 2266 2742 2331 mortis,
2769 2265 2824 2320 in
2845 2281 2950 2335 qua
2998 2266 3396 2333 detinebamur,

1520 2348 2095 2408 COMMENTARIUS.

222 2463 323 2518 2|.
371 2459 499 2515 Non
547 2460 685 2513 enim
719 2458 813 2512 sub
857 2456 967 2526 lege
1006 2460 1146 2511 estis.
1186 2457 1477 2512 Evidenter
1514 2460 1751 2514 ostendit
1777 2484 1821 2542 Α
1848 2475 2111 2533 teternam
2131 2467 2241 2521 dat.

146 2555 302 2626 quod
360 2550 815 2621 conct'piscenlite
847 2558 1189 2618 peccatorum
1220 2548 1478 2618 majorem
1507 2551 1614 2605 vim
1644 2552 1741 2606 ha-
1788 2574 1791 2579 ί
1920 2557 2007 2611 30.
2042 2557 2280 2614 Alanos.
2319 2558 2506 2615 Gratia
2546 2572 2720 2617 autem
2772 2562 2888 2618 Dei.
2949 2562 3063 2619 Hoc
3116 2564 3415 2620 rationibus

148 2639 1297 2708 ιιεὺειηιὶιι-ιιιάιυὶεηυωηῖιιίῖιπὲειίιιιιίε-
1847 2648 1933 2703 his
1982 2648 2271 2719 Apostolus
2327 2652 2703 2709 demonstrare
2760 2654 2991 2710 videtur.
3052 2656 3157 2710 Aut
3213 2665 3298 2710 est
3357 2655 3410 2709 in

223 2734 322 2787 22.
361 2733 610 2787 Aecusr.
642 2729 753 2797 (lib.
787 2730 858 2782 De
886 2738 1025 2797 grat.
1066 2738 1114 2782 et
1141 2728 1235 2784 lib.
1267 2730 1449 2795 arbit.,
1494 2746 1615 2800 cap.
1653 2732 1740 2797 l2,

1864 2739 2084 2808 Ihristo,
2108 2751 2201 2797 aut
2241 2743 2293 2797 in
2353 2743 2491 2815 lege.
2540 2744 2859 2800 Mortiﬁcata
2910 2756 2992 2801 est
3021 2748 3163 2801 enim
3194 2746 3277 2801 lex
3313 2763 3410 2816 per

158 2819 645 2901 ιοιιι-ννΙΙ-ὶΝοη,
671 2822 808 2875 enim
848 2820 942 2873 sub
986 2818 1095 2889 ιεθε
1134 2821 1287 2897 esti»
1322 2819 1438 2895 Non
1486 2823 1612 2892 quia
1654 2824 1741 2879 lex
1843 2848 2042 2902 corpus
2063 2833 2288 2901 Christi,
2317 2844 2377 2891 ut
2430 2836 2576 2893 illius
2617 2838 2760 2903 sitis,
2792 2838 2882 2907 qui
2912 2818 2945 2892 ’a
2979 2841 3209 2894 mortuis
3238 2855 3417 2893 resur-

159 2916 328 2979 m‘alﬂ.
355 2913 455 2969 88d
477 2912 603 2982 (Ιιιῖίι
628 2912 729 2967 θυι)
753 2911 844 2965 illa
866 2918 1013 2976 sum»
1028 2926 1165 2980 ‘1“05
1192 2910 1453 2967 1ἐοδίῖλίῑίι
1479 2910 1739 2983 Ῑυὺυηιίο,
1846 2925 2150 2987 rcxit._Nam
2179 2927 2365 2982 inaliis
2388 2928 2596 2999 legibus
2614 2929 2754 2984 idem
2771 2929 3241 2984 videtur.Mot-itur
3269 2930 3414 2984 enim

162 3019 195 3056 n
239 3018 273 3057 n
305 3001 641 3069 adjuvando.
897 3018 900 3021 λ
1100 3015 1105 3023 '
1500 3015 1521 3055 f
1650 3016 1655 3059 ξ

1864 3014 1947 3083 31
1983 3015 2142 3071 homo
2192 3016 2353 3071 alicui
2388 3018 2513 3087 legi,
2549 3017 2739 3086 utjam
2764 3019 2853 3072 alii
2889 3019 3051 3074 vivat.
3085 3019 3217 3073 Nam
3239 3035 3409 3087 quan—

192 3152 195 3153 ν
228 3094 321 3147 25.
362 3093 573 3157 LANFR.
612 3090 680 3155 In
731 3108 889 3161 quam
940 3091 1122 3145 traditi
1165 3092 1310 3157 estis,
1340 3092 1392 3148 id
1416 3101 1519 3159 est,
1551 3094 1604 3148 in
1634 3110 1740 3165 qua

1864 3108 1932 3161 lin
1958 3109 2091 3164 ‘vivit
2118 3110 2321 3178 priori,
2374 3111 2466 3165 alii
2499 3112 2684 3167 vivere
2714 3127 2818 3165 non
2851 3121 3046 3180 potest.
3080 3111 3235 3165 Prior
3266 3111 3408 3164 enim

165 3183 472 3238 ῑιπιάἱάὶεῑίε
501 3198 596 3238 V05
626 3184 736 3237 Deo
765 3182 816 3235 ίη
847 3183 933 3237 die
961 3185 1393 3240 οοῐινεΐειὶιῖοηὶε
1420 3196 1633 3241 νθειτωο
1844 3197 2022 3253 adhuc
2047 3198 2379 3253 dominatur.
2414 3199 2605 3254 Mulier
2631 3201 2799 3265 enim,
2826 3201 3015 3254 vivens
3040 3199 3272 3254 maritali
3302 3199 3417 3269 lege

227 3275 297 3330 24
362 3275 679 3329 Humanum
737 3275 878 3337 ἀίεοο
927 3274 978 3329 id
1022 3282 1126 3339 θεῆ
1168 3275 1273 3330 Vile
1332 3278 1586 3346 quiddam
1637 3294 1739 3333 νο-
1843 3288 1946 3343 viri
1977 3290 2213 3357 sui,non
2240 3298 2418 3359 potest
2444 3291 2746 3361 viverelegi
2771 3292 2997 3346 alterius
3030 3291 3150 3345 viri.
3174 3291 3412 3361 Alligata

167 3366 246 3421 bis
293 3366 578 3436 praecipio,
640 3366 783 3436 quod
835 3365 943 3420 vim
990 3365 1343 3423 humanitatis
1391 3381 1587 3423 nostrae
1636 3386 1742 3425 non

1864 3393 1930 3435 est
1955 3382 2098 3436 enim
2137 3382 2257 3437 viro
2320 3398 2438 3437 suo.
2484 3382 2613 3438 Nam
2666 3384 2712 3439 si
2765 3384 3027 3437 moriatur
3076 3383 3175 3452 legi
3224 3382 3420 3451 prioris

164 3459 397 3514 εκτειῖίιο
657 3543 693 3545 Α
1020 3543 1027 3545 _
1844 3472 1967 3541 viri,
1995 3473 2217 3528 alterius
2241 3483 2421 3542 potest
2446 3475 2626 3529 vivere
2652 3475 2779 3544 legi.
2835 3474 3003 3545 Igitur
3028 3474 3218 3528 vivens
3250 3475 3412 3527 mari.

231 3545 321 3601 25.
360 3546 609 3602 Asianos.
643 3543 949 3615 [Iunianum
993 3543 1132 3603 dico.
1189 3546 1326 3601 Dum
1373 3546 1742 3602 inﬁrmitatem

1864 3564 1938 3618 ,ali
1970 3556 2069 3636 legi
2104 3563 2333 3636 (scilicet
2359 3566 2571 3619 vivente
2599 3543 2738 3635 viro)
2765 3543 3177 3635 non'potest[f.,
3206 3563 3412 3635 vivere]

168 3638 344 3693 είινυῖε
402 3645 698 3699 memori“.
753 3634 933 3691 minus
977 3652 1035 3692 ευ
1085 3636 1356 3706 Signiﬁcat
1412 3636 1631 3707 θκῑςθτθ
1676 3638 1744 3692 ab
1847 3634 2074 3713 alterius
2103 3634 2204 3723 legi
2240 3654 2364 3708 viri.
2397 3654 2453 3709 Si
2475 3654 2620 3708 enim
2646 3634 2771 3709 tunc
2799 3648 2973 3709 fuerit
2992 3634 3113 3709 cum
3140 3644 3244 3710 alio
3268 3644 3412 3719 viro;

173 3723 385 3780 huuinc
407 3740 578 3796 quam
610 3725 828 3793 dignum
855 3734 938 3779 est
965 3727 1109 3780 circa
1129 3726 1222 3779 Dei
1251 3724 1539 3779 culturam.
1732 3766 1735 3767 ν
1846 3746 2126 3801 vocabul".
2154 3746 2419 3800 adultera.

232 3818 321 3871 23.
359 3820 607 3893 Aucusr.
638 3818 723 3887 (ea:
752 3818 901 3887 epist.
951 3818 1019 3871 ad
1045 3818 1234 3887 Anast.
1289 3816 1412 3881 144,
1465 3826 1594 3871 tom.
1649 3816 1735 3881 ll).

1914 3836 2063 3891 CAP.
2105 3824 2213 3893 VII.
2239 3865 2309 3877 —
2340 3837 2391 3890 l.
2440 3835 2640 3890 [ΑΜ-ιι.
2705 3836 2788 3889 Αη
2831 3836 3129 3905 ignoratis,
3201 3838 3415 3907 fratres.

173 3905 477 3997 Πιξηιαηηηι
538 3908 837 3997 άὶεονίίιυίθ
882 3906 1002 3977 Plus
1052 3908 1336 3962 dicendum
1377 3908 1575 3976 aliqum
1623 3907 1741 3979 ίυίίν
1847 3926 2086 3983 Probare
2119 3928 2334 3983 videtur
2368 3929 2511 3997 quod
2548 3927 2634 3981 lex
2671 3926 2978 3982 Judteorum
3013 3905 3263 3983 ﬁdelibus
3304 3943 3410 3981 non

170 3995 214 4047 si
235 3995 345 4064 jam
375 3999 453 4054 illi
482 3998 667 4075 facere
692 3996 811 4070 [al.,
846 3997 1008 4070 ferre]
1048 3998 1367 4073 potuissent.
1404 3997 1529 4052 Plus
1549 3998 1745 4068 quippe

1864 4025 1928 4070 :st
1949 4018 2309 4072 observanda.
2334 3995 2450 4071 Non
2474 4028 2557 4072 est
2582 4018 2726 4072 enim
2756 4016 2878 4072 data
2910 4018 3011 4072 nisi
3037 4018 3103 4072 ad
3123 4018 3414 4073 adventum

180 4092 455 4148 δθηίίυιῖδ
489 4087 1747 4161 delteluriusliliwquampeccato-Namtmm
1846 4105 2071 4161 Christi.
2106 4108 2168 4161 Et
2206 4115 2293 4162 est
2344 4108 2645 4177 responsio.
2699 4107 2860 4173 Quasi
2897 4107 3092 4177 aliquis
3161 4108 3366 4162 diceret
3399 4124 3413 4159 :

180 4182 417 4249 corporis
448 4190 716 4236 revocant
736 4180 805 4234 ab
827 4196 990 4249 opere
1012 4180 1240 4249 peccati.
1270 4178 1487 4235 Justitia
1516 4195 1642 4235 vero
1667 4181 1745 4237 sic

1864 4212 1945 4250 :ur
1966 4198 2149 4252 dixisti
2199 4198 2253 4252 in
2304 4198 2523 4254 Christo
2547 4197 2702 4262 Jesu,
2731 4206 2785 4252 et
2827 4212 2930 4251 non
2962 4197 3016 4251 in
3066 4196 3417 4252 observantia

177 4270 394 4327 amanda
424 4283 515 4329 est
548 4281 605 4327 ut
638 4274 703 4328 ab
732 4271 847 4342 ejus
874 4273 1128 4342 operibus
1154 4273 1320 4328 etiam
1352 4287 1523 4343 poema
1557 4288 1748 4344 eorpo-
1847 4286 2025 4356 1,3315?
2446 4326 2449 4327 ν

176 4361 366 4418 l‘isuos
392 4365 1064 4425 cohibcreuondebeam-
1730 4390 1734 4394 ~
1874 4376 1972 4427 >2.
2018 4376 2325 4442 Mortiﬁcali
2384 4375 2507 4427 estis
2571 4374 2691 4443 legi.
2755 4373 2916 4439 Quasi
2969 4373 3221 4428 diceret:
3279 4372 3415 4427 nihil

244 4455 332 4509 26.
373 4458 519 4529 (Ibid
551 4459 568 4527 )
610 4458 758 4523 Sicut
784 4458 922 4511 enim
961 4456 1288 4510 exhibuistis.
1322 4454 1458 4521 Quid
1487 4465 1583 4510 est.
1611 4456 1750 4511 sicut

182 4541 321 4611 illud,
341 4550 411 4602 ita
434 4558 491 4604 et
520 4548 661 4603 hoc?
686 4548 821 4602 nisi:
852 4546 1304 4617 quemadmodum
1328 4546 1395 4600 ad
1416 4546 1747 4614 peccandum

181 4636 344 4692 nullus
400 4645 631 4712 cogehat
663 4641 856 4704 timor,
890 4639 983 4692 sed
1006 4637 1173 4707 ipsius
1202 4636 1367 4690 libido
1395 4635 1750 4705 voluptasque

185 4731 425 4796 peccati;
473 4732 555 4787 sic
578 4732 645 4785 ad
666 4729 815 4799 juste
856 4729 1140 4783 vivendum
1203 4742 1308 4780 non
1362 4740 1456 4780 vos
1501 4724 1747 4794 supplicii

183 4828 348 4875 tuctus
378 4833 593 4894 urgeat,
634 4822 727 4877 sed
758 4818 1296 4893 delectatiojustitiae
1329 4828 1545 4888 urgeat.

245 4909 333 4963 27.
368 4914 570 4970 [ΑΜΒ.
608 4914 739 4969 Cum
786 4914 924 4967 enim
982 4911 1133 4966 servi.
1190 4910 1349 4964 Ratio
1395 4925 1492 4964 cur
1544 4909 1748 4964 servire

183 4993 391 5062 Iustitia‘.
412 5023 506 5064 eos
525 5015 794 5076 oporteat.
826 5009 935 5059 Aut
956 5003 1101 5059 enim
1120 5002 1371 5073 justitite,
1394 5010 1500 5067 aut
1528 5013 1748 5069 peccato

190 5092 381 5148 servire
402 5112 628 5153 necesse
657 5105 761 5152 est.
796 5096 902 5150 Sed
929 5109 1050 5149 eum
1074 5092 1309 5149 servitur
1328 5100 1569 5161 peccato,
1593 5092 1742 5146 abest

1849 4462 2058 4525 debetis
2090 4462 2215 4532 legi.
2242 4462 2353 4517 Lex
2379 4463 2523 4518 enim
2559 4464 2685 4518 data
2705 4472 2790 4519 est
2820 4478 2991 4533 usque
3019 4464 3090 4518 ad
3118 4463 3409 4519 adventum

1848 4554 2074 4609 Christi.

1852 4696 1855 4699 .
1916 4645 1968 4699 5.
2000 4648 2238 4701 Asianos.
2274 4646 2583 4715 Marti/icati
2645 4646 2768 4700 estis
2822 4646 2941 4717 legi.
2993 4644 3259 4714 Quoniam
3293 4642 3412 4699 Sal-

1851 4750 2004 4796 valor
2048 4746 2246 4811 corpus
2291 4757 2447 4803 suum
2493 4740 2709 4796 diabolo
2764 4740 3082 4810 cruciﬁgere
3134 4738 3399 4809 permisit.

1847 4835 2054 4892 Idcirco
2103 4850 2201 4903 per
2260 4850 2457 4904 corpus
2505 4833 2736 4899 Christi,
2782 4832 2961 4888 salvos
3009 4847 3107 4888 nos
3157 4832 3287 4887 dicit
3337 4829 3415 4884 fa-

1847 4937 1985 4983 ctos.
2011 4948 2015 4975 :
2054 4930 2057 4933 ‘
3011 4943 3014 4947 '

1920 5017 1974 5071 4.
2008 5016 2206 5071 Laure.
2241 5013 2370 5070 Cum
2400 5017 2537 5070 enim
2576 5030 2803 5069 essemus
2841 5014 2895 5067 in
2928 5028 3103 5067 came.
3127 5009 3289 5078 Quasi
3320 5008 3420 5060 ali-

1850 5105 1975 5176 quis
2026 5108 2279 5162 diceret.
2318 5121 2416 5160 cur
2463 5104 2672 5171 dixisti,
2720 5113 2779 5158 ut
2829 5102 3219 5157 fructiﬁcemus
3279 5097 3413 5161 Deo,

185 5174 399 5240 iustitia.
428 5188 741 5257 Acquiritur
776 5186 984 5255 fructus
1008 5185 1149 5239 unde
1173 5182 1512 5239 erubescitur
1539 5198 1553 5247 ;
1606 5182 1745 5251 quod

1864 5198 2008 5266 quasi
2048 5213 2155 5251 non
2198 5196 2673 5259 fructiﬁcaremus,
2727 5209 2850 5248 cum
2895 5192 3069 5262 legem
3121 5186 3414 5243 carnaliter

193 5278 266 5331 Cst
294 5272 696 5334 inconveniens.
728 5277 962 5333 Iustitiae
985 5276 1150 5347 igitur
1178 5274 1519 5330 serviendum
1547 5281 1648 5328 est.

255 5363 337 5419 28.
373 5370 663 5441 Stipendia.
701 5372 877 5427 Causa
907 5386 1006 5426 cur
1046 5370 1257 5424 liberati
1304 5370 1411 5422 sint
1438 5384 1468 5422 a
1495 5377 1739 5438 peccato,

204 5459 251 5500 et
276 5468 365 5508 cur
393 5462 529 5514 servi
568 5460 693 5531 facti
756 5461 885 5514 Deo.
938 5459 1002 5512 Et
1048 5467 1132 5512 est
1185 5471 1379 5513 sensus
1411 5471 1425 5509 :
1460 5464 1740 5524 peccatum

201 5536 292 5595 1³00
331 5548 669 5619 Slipendium,
687 5552 739 5608 id
760 5559 863 5617 cst,
881 5550 1023 5606 hanc
1046 5548 1450 5605 retributionem
1475 5547 1587 5613 dat,
1604 5562 1744 5600 mor-

203 5635 298 5683 tem
322 5638 536 5695 Scilicet.

266 5719 349 5773 29.
388 5724 565 5784 Gratia
601 5742 773 5785 autem
817 5730 932 5792 Dei,
987 5729 1037 5782 id
1093 5736 1196 5791 est,
1250 5726 1423 5780 virtus
1475 5741 1592 5794 qtne
1646 5742 1743 5794 per

210 5812 414 5875 gratiam
462 5820 551 5878 Dei
593 5824 770 5890 datur,
822 5822 930 5877 vita
958 5829 1156 5879 :cterna
1204 5828 1308 5885 est,
1351 5818 1402 5871 id
1429 5828 1533 5883 est,
1572 5818 1740 5876 vitam

1853 5289 2319 5347 observarentus?
2356 5289 2453 5353 Ita,
2493 5287 2685 5356 inquit,
2722 5301 2845 5341 cum
2877 5297 3121 5347 essemus
3151 5281 3205 5336 in
3234 5295 3419 5345 carne,

1851 5381 1905 5437 id
1942 5389 2045 5444 est,
2081 5381 2134 5435 in
2166 5381 2375 5434 carnali
2408 5378 2775 5440 observantia,
2796 5383 2903 5429 etc.
3252 5420 3255 5421 ν

1921 5473 1976 5526 5.
2011 5475 2051 5526 Α
2084 5472 2194 5542 lege
2225 5472 2428 5537 martis,
2470 5471 2522 5525 id
2553 5478 2659 5536 est,
2708 5483 2831 5538 qua:
2860 5467 2978 5521 sine
3031 5463 3138 5519 ulla
3188 5464 3417 5520 misera-

1854 5565 2024 5629 tione,
2051 5572 2343 5634 peccantes
2376 5562 2612 5618 interﬁci
2640 5559 2889 5629 jubenat.
2917 5555 3029 5620 Vel,
3057 5571 3176 5626 qua:
3204 5556 3416 5626 passio-

1850 5672 1947 5711 nes
1987 5664 2355 5726 peccatorum,
2392 5669 2513 5722 quae
2560 5665 2704 5705 mors
2746 5648 2939 5703 anima:
2966 5655 3111 5712 sunt,
3147 5646 3287 5720 [ιον.
3320 5645 3415 5698 Et).

1852 5748 1936 5818 1U,
1968 5748 2381 5819 prohibitionem
2415 5744 2657 5815 augebat.
2742 5764 2745 5767 λ
