3954 6306
502 292 602 390 σει

1495 340 1557 395 Β.
1595 341 1988 397 LANFRANCI
2027 339 2372 398 CANTUAR.
2422 338 2738 395 ARClllEP.

516 462 587 506 tta
615 461 671 504 ut
700 450 1003 505 serviamus
1025 450 1077 505 in
1104 451 1343 507 novitate
1371 453 1611 523 spiritus,
1643 456 1696 508 id
1733 466 1829 521 est,
1853 456 2148 509 innovando
2179 444 2419 522 spiritum
2446 453 2549 521 [ille
2585 464 2631 506 et
2669 451 2909 522 operibus
2957 450 3126 514 bonis,
3154 434 3207 505 et
3243 466 3349 506 non
3388 436 3457 505 Διιι
3492 460 3783 505 vetustate

512 544 733 607 litterae,
753 542 809 595 id
828 552 927 606 es',
950 542 1154 595 carnali
1182 542 1552 597 observatione.
1584 543 1721 612 Quid
1761 559 1894 615 ergo
1918 544 2201 600 (licentius?
2226 543 2307 596 lex
2360 551 2639 612 peccatum
2688 549 2771 596 est
2801 543 2823 593 ?
2850 539 3046 593 scilicet
3101 540 3223 610 quia
3274 541 3517 607 superius
3574 541 3723 592 dixit
3749 562 3779 591 ι.

512 634 622 703 lege
653 634 856 695 mortis,
883 631 960 686 cel
980 634 1248 700 passiones
1274 643 1623 704 peccatorum,
1657 652 1774 705 qua:
1796 652 1889 706 per
1926 635 2086 704 legem
2126 644 2293 689 erant.
2335 632 2528 688 Absit!
2563 632 2669 687 Sed
2692 631 2725 686 ϐ
2773 640 3054 702 peccatum
3101 645 3204 683 non
3234 630 3491 699 cognovi,
3527 630 3651 684 nisi
3682 645 3785 700 per

506 728 727 794 legem;
758 739 895 805 nam,
919 724 1434 793 concupiscentiam,
1460 727 1656 781 scilicet
1691 744 1801 781 esse
1836 739 2128 797 peccatum,
2157 727 2484 785 nesciebam,
2517 724 2596 778 vel
2642 740 2746 777 non
2781 738 2925 777 eram
2964 733 3203 791 expertus
3240 720 3342 775 nisi
3375 719 3463 774 lex
3505 720 3735 774 diceret
3768 739 3784 772 :

513 809 629 863 Non
655 811 1023 879 concupisces.
1053 810 1372 878 Occasione,
1397 813 1452 866 id
1482 823 1580 879 est,
1606 816 2013 885 opportunitate,
2078 824 2255 869 autem
2310 822 2555 881 accepta,
2604 818 2906 882 peccatum,
2954 812 3008 864 id
3031 819 3126 873 est,
3160 808 3326 878 fontes
3376 809 3615 879 peccati,
3679 824 3787 879 per

504 902 823 955 mandatum
855 904 906 956 7.
932 912 1210 971 operatum
1236 911 1319 959 εει
1354 906 1405 958 in
1437 921 1523 959 me
1548 921 1762 960 omnem
1790 907 2301 977 concupiscentiam.
2342 906 2394 961 8.
2430 905 2560 965 Sine
2592 904 2707 974 lege
2735 904 2881 957 enim
2903 909 3184 973 peccatum
3215 909 3492 955 mortuum
3522 906 3687 956 erat.
3719 900 3779 956 9.

518 992 631 1060 Ego
660 1001 839 1046 autem
866 993 1109 1048 vivebam
1139 995 1257 1049 sine
1282 995 1399 1067 lege
1458 997 1767 1067 aliquando.
1802 998 1891 1053 10.
1929 998 2037 1053 Sed
2089 1013 2211 1053 cum
2259 997 2495 1051 venisset
2546 995 2885 1059 mandatum,
2939 984 3223 1063 peccatum
3277 991 3494 1047 revisit.
3529 991 3632 1046 11.
3667 993 3785 1062 Ego

517 1093 697 1136 autem
728 1093 972 1137 mortuus
1000 1099 1140 1149 sum,
1164 1095 1220 1140 et
1258 1086 1531 1142 inventum
1564 1098 1647 1142 est
1672 1089 1797 1142 mihi
1826 1090 1932 1158 22
1983 1091 2322 1153 mandatum,
2349 1088 2402 1141 id
2434 1096 2531 1153 est,
2557 1088 2779 1157 cognitio
2818 1085 3074 1147 mandati,
3108 1083 3248 1154 quod
3284 1092 3399 1137 erat
3444 1083 3516 1136 ad
3561 1084 3772 1147 vitam,

508 1178 708 1231 scilicet
729 1179 943 1246 servati,
976 1180 1077 1234 hoc
1103 1194 1220 1236 esse
1241 1181 1307 1237 ad
1333 1193 1591 1248 mortem,
1630 1184 1824 1237 scilicet
1872 1200 1975 1237 non
2026 1183 2233 1237 servati.
2283 1182 2365 1235 12.
2406 1181 2540 1235 Nam
2593 1190 2892 1249 peccatum,
2948 1178 3003 1232 id
3055 1187 3150 1244 est,
3205 1178 3368 1248 fomes
3424 1180 3664 1248 peccati,
3696 1180 3779 1233 ecl

506 1272 760 1325 diabolus
781 1274 867 1327 13.
893 1275 1177 1329 occasione
1211 1286 1426 1346 accepta
1463 1292 1558 1347 per
1587 1278 1923 1342 mandatum,
1955 1277 2167 1331 seduxit
2211 1292 2316 1340 me,
2343 1284 2397 1330 et
2427 1291 2525 1345 per
2550 1274 2679 1329 illud
2705 1274 2920 1328 occidit.
2954 1286 3137 1341 itaque
3177 1270 3259 1325 lex
3293 1272 3513 1340 quidem
3549 1282 3781 1334 sancta,

510 1376 570 1420 et
594 1368 903 1422 mandatum
956 1381 1228 1437 sanctum,
1261 1381 1317 1426 et
1339 1372 1543 1440 justum
1572 1383 1626 1428 ει
1662 1374 1882 1428 bonum.
1911 1373 2075 1439 Quod
2102 1388 2232 1443 ergo
2260 1372 2459 1426 bonum
2494 1382 2599 1437 est,
2644 1369 2777 1423 mihi
2820 1368 3024 1423 factum
3056 1374 3138 1421 est
3185 1366 3378 1421 mors?
3413 1365 3577 1421 Absit
3621 1367 3638 1421 !
3676 1366 3782 1421 Sed

514 1471 817 1530 peccatum,
836 1472 893 1516 ιιι
915 1477 1191 1535 appareat,
1216 1469 1409 1522 scilicet
1438 1471 1491 1522 in
1513 1487 1682 1538 opere,
1709 1469 1783 1523 vel
1811 1470 1933 1538 quia
1964 1467 2205 1523 diabolus
2232 1477 2328 1532 est,
2357 1476 2658 1536 peccatum,
2689 1480 2784 1534 per
2806 1463 3005 1518 bonum
3025 1471 3305 1532 Operatum
3331 1471 3416 1515 est
3441 1461 3581 1515 mibi
3632 1479 3784 1516 mor-

516 1565 620 1608 tem
647 1573 659 1607 :
691 1563 748 1608 ut
775 1555 868 1611 fiat
894 1556 978 1611 14.
1006 1559 1091 1614 15.
1120 1576 1280 1630 supra
1306 1564 1518 1616 modum
1542 1579 1770 1632 peccans
1794 1573 2095 1634 peccatum,
2121 1564 2176 1616 id
2199 1573 2297 1627 est,
2325 1578 2417 1631 per
2433 1561 2896 1630 prevaricationem
2918 1559 3137 1628 peccati,
3168 1575 3264 1629 per
3286 1561 3640 1618 mandatum.
3692 1565 3781 1617 16.

517 1650 728 1706 Scimus
748 1653 891 1706 enim
918 1651 1143 1723 quialex
1186 1655 1483 1723 Spiritnalis
1515 1666 1619 1719 est,
1649 1658 1701 1709 id
1732 1667 1829 1722 est,
1862 1657 2103 1726 spiritum
2134 1658 2368 1710 nutriens
2392 1673 2409 1721 ;
2434 1671 2532 1727 ego
2562 1656 2744 1729 (causa
2776 1671 2872 1727 cur
2899 1665 3169 1725 peccatum
3206 1667 3476 1723 operatum
3515 1658 3585 1711 sit
3630 1659 3691 1711 in
3725 1676 3783 1712 eo

515 1743 752 1811 mortem)
789 1752 966 1798 autem
1010 1745 1248 1800 carnalis
1282 1747 1530 1810 sum,17.
1564 1749 1899 1809 venundatus
1922 1748 2022 1803 sub
2050 1757 2297 1818 peccato.
2326 1747 2411 1802 18.
2448 1746 2601 1813 Quod
2630 1746 2771 1800 enim
2805 1761 3020 1816 operor,
3065 1746 3148 1801 19.
3186 1762 3292 1800 non
3342 1746 3594 1818 intelligo
3629 1766 3646 1815 ;
3681 1749 3771 1803 ἓξ).

518 1850 624 1888 non
654 1837 823 1901 enim,
864 1840 1118 1907 expositio
1148 1842 1433 1923 superioris
1452 1859 1649 1909 versus,
1683 1845 1826 1913 quod
1861 1843 1983 1898 volo
2022 1844 2243 1909 bonum,
2283 1844 2387 1899 hoc
2433 1858 2575 1912 ago:
2604 1843 2698 1898 sed
2727 1843 2871 1912 quod
2921 1843 3009 1899 odi
3049 1842 3271 1907 malum,
3325 1844 3454 1899 illud
3516 1843 3697 1901 facio.
3725 1846 3781 1901 Si

519 1938 697 1984 autem
730 1932 820 1986 21.
846 1935 988 2002 quod
1020 1935 1144 1989 nolo
1173 1936 1300 1990 illud
1330 1937 1488 2005 facio,
1518 1940 1799 1995 consentio
1823 1940 1947 2012 legi,
1972 1941 2228 2017 quoniam
2259 1940 2394 1994 bona
2413 1950 2516 1996 est.
2551 1938 2705 1994 Nunc
2729 1950 2913 1996 autem
2939 1938 3055 2008 jam
3084 1956 3193 1995 non
3239 1956 3341 2011 ego
3366 1956 3577 2011 operor
3619 1943 3776 2006 illud,

523 2024 619 2077 sed
648 2027 789 2095 quod
819 2028 1049 2096 habitat,
1084 2032 1503 2097 inseparabiliter
1531 2035 1771 2102 inliceret,
1823 2035 1875 2090 in
1906 2052 1990 2092 me
2012 2046 2317 2106 peccatum,
2350 2037 2404 2090 id
2432 2047 2531 2102 est,
2568 2037 2988 2107 concupiscentia
3038 2037 3258 2107 peccati.
3309 2036 3399 2090 22.
3450 2035 3594 2091 Scio
3627 2039 3805 2103 enim,

520 2119 646 2188 quia
679 2139 782 2179 non
808 2126 1015 2183 habitat
1042 2129 1095 2184 in
1126 2146 1231 2198 me,
1263 2132 1364 2188 boc
1385 2143 1486 2200 est,
1522 2133 1573 2189 in
1598 2150 1760 2191 carne
1793 2150 1933 2202 mea,
1987 2135 2212 2191 bonum.
2264 2134 2353 2189 23.
2384 2135 2519 2190 Nam
2571 2135 2708 2199 velle
2798 2134 3014 2207 adjacet
3048 2132 3215 2200 mibi;
3258 2134 3525 2207 perlicere
3597 2144 3781 2194 autem

535 2226 545 2247 ς
1058 2244 1063 2247 ,

1853 2287 2418 2345 COMMENTARIUS.

602 2449 655 2503 6.
690 2447 973 2508 Peccatum
1027 2472 1130 2514 non
1176 2461 1409 2528 cognoui,
1462 2460 1524 2515 id
1563 2469 1671 2525 est,
1727 2468 1930 2516 tantam
1977 2461 2084 2514 vim
2120 2469 2162 2527 Α

534 2541 984 2610 concupiscemus
1013 2556 1169 2602 antea
1195 2565 1297 2604 non
1332 2567 1479 2605 erant
1504 2561 1764 2621 expertus
1789 2592 1804 2616 ,
1832 2559 2087 2619 quantam

524 2638 759 2698 postea;
799 2636 940 2703 quod
982 2638 1208 2706 cognovi
1244 2656 1365 2694 esse
1410 2642 1763 2710 prohibitum.
1824 2641 1943 2707 Vel,
1996 2654 2087 2695 nc-

518 2724 757 2797 ‘scicbam
800 2731 1297 2799 concupiscentiam
1329 2748 1451 2788 esse
1481 2743 1787 2804 peccatum.

522 2894 525 2895 ν
599 2819 652 2873 7.
683 2820 919 2877 AMBROS.
954 2824 1240 2891 Operutum
1281 2838 1354 2882 est
1410 2828 1464 2882 in
1508 2844 1609 2883 nte.
1636 2865 1651 2883 .
1677 2865 1693 2882 .
1721 2865 1735 2882 .
1759 2867 1773 2882 .
1799 2867 1813 2883 .
1844 2866 1859 2881 .
1890 2842 2010 2899 quin
2038 2836 2093 2884 et

529 2912 700 2984 legem
727 2920 1080 2975 transcendit.

600 3010 655 3062 8.
687 3009 928 3067 Aucusr.
961 3012 1179 3085 (Contra
1200 3016 1336 3072 duas
1356 3019 1505 3087 epist.
1543 3015 1725 3089 Pelag.
1750 3017 1819 3071 ad
1844 3016 2090 3087 Bonifac.

528 3099 618 3152 lib.
654 3118 692 3163 ι,
726 3118 845 3173 cap.
881 3106 937 3170 9,
963 3117 1092 3162 tom.
1124 3108 1259 3181 Vll.)
1297 3112 1425 3167 Sine
1460 3112 1571 3183 lege
1604 3114 1761 3167 enim.
1798 3112 2089 3168 Peccatum

539 3201 809 3248 mortuum
831 3206 936 3263 εει,
970 3214 1075 3255 non
1108 3202 1472 3274 intelligimus
1513 3207 1617 3260 nisi
1671 3215 1932 3276 tanquam
1982 3216 2089 3258 non

526 3281 594 3333 sit
629 3298 644 3346 ;
702 3283 852 3353 latet,
896 3305 1001 3345 non
1044 3303 1307 3362 apparet;
1364 3296 1578 3365 penitus
1642 3297 1937 3365 ignoratur,
1977 3304 2097 3348 tan-

529 3384 689 3437 quam
740 3374 985 3434 innescio
1032 3382 1229 3452 quibus
1254 3384 1571 3455 ignorantia:
1623 3383 1863 3441 tenebris
1913 3382 2093 3454 sepul-

527 3468 662 3516 ιιιιιι.

598 3555 651 3609 9.
680 3556 916 3616 Αιιιιιιοε.
948 3562 1059 3632 Ego
1083 3575 1256 3620 autem
1281 3566 1529 3632 vivebam,
1555 3567 1672 3623 sine
1701 3566 1916 3632 timore,
1945 3577 2096 3621 secu-

528 3658 622 3698 rus
670 3650 811 3715 quod
841 3668 946 3706 non
971 3665 1116 3709 esset
1146 3656 1285 3711 Deus
1300 3659 1662 3727 iudicaturus.

604 3734 691 3789 10.
723 3737 964 3797 Accus'r.
999 3744 1099 3813 (De
1143 3744 1297 3800 γει-ὁ.
1342 3748 1522 3815 Apost.
1569 3763 1736 3803 serm.
1770 3729 1824 3813 ὁ,
1850 3760 1971 3816 cap.
1996 3761 2092 3811 vn.

2266 2459 2350 2516 15.
2380 2459 2578 2517 Laure.
2604 2461 2777 2532 Supra
2815 2460 3045 2525 modum,
3081 2461 3132 2515 id
3168 2468 3270 2525 est,
3326 2458 3501 2515 valde.
3562 2461 3721 2518 Ordo
3754 2479 3768 2514 :

2193 2560 2249 2605 ut
2274 2561 2576 2621 peccatum,
2629 2552 2856 2617 scilicet,
2910 2558 3126 2605 auctum
3169 2565 3265 2620 per
3298 2558 3620 2621 peccatum,
3677 2550 3775 2605 ﬁat

2190 2657 2352 2711 supra
2383 2642 2624 2696 modum.
2657 2641 2916 2706 Peccans,
2956 2640 3005 2695 id
3034 2648 3137 2704 εει,
3165 2654 3392 2710 peccans
3419 2641 3494 2704 ei,
3534 2639 3779 2695 locutio—

2190 2732 2275 2787 nis
2303 2733 2461 2791 modo
2488 2747 2595 2803 quo
2617 2732 2850 2804 qualitas
2870 2740 3093 2788 vocatur
3114 2731 3294 2802 quale,
3322 2745 3387 2787 eo
3410 2731 3559 2801 quod
3607 2731 3777 2787 faciat

2192 2822 2370 2891 quale.

2265 2914 2351 2969 16.
2381 2915 2590 2970 Scimus
2630 2914 2789 2969 enim.
2820 2911 3076 2968 Probatio
3124 2912 3266 2983 quod
3292 2910 3385 2967 lex
3422 2911 3636 2966 bonum
3668 2921 3774 2967 est.

2194 3006 2365 3062 Omne
2414 3007 2557 3062 enim
2610 3000 2915 3076 sp‘irituale,
2947 3005 3001 3060 id
3048 3009 3155 3070 est,
3195 3004 3445 3075 spiritum
3481 3004 3769 3070 nutriens,

2196 3099 2396 3153 bonum
2431 3106 2534 3152 est.

2268 3191 2353 3245 ιι.
2393 3189 2634 3246 Aucusr.
2682 3173 3135 3260 (no.1.xxxm
3165 3187 3384 3253 ρεισκε,
3430 3196 3629 3256 (ιιιαιει.
3688 3187 3775 3251 66,

2197 3292 2331 3338 tom.
2364 3283 2475 3351 IV.)
2521 3281 2881 3349 Venuudatus,
2922 3281 2975 3337 id
3005 3289 3107 3347 est,
3155 3294 3388 3350 peccans
3424 3280 3599 3350 pretio
3633 3290 3777 3336 tem-

2199 3376 2460 3447 poralium
2490 3374 2843 3445 voluptatum.

2271 3467 2359 3522 18.
2408 3466 2609 3521 Luca.
2643 3464 2797 3531 Quod
2836 3462 2973 3519 enim
3002 3479 3204 3533 operor.
3225 3461 3481 3519 Probatio
3503 3462 3655 3532 quod
3690 3477 3778 3518 ve-

2199 3560 2469 3614 nundatus
2490 3565 2574 3614 est
2599 3558 2700 3612 sub
2730 3562 2974 3627 peccato.
3011 3554 3068 3609 lu
3113 3562 3320 3609 tantum
3380 3553 3524 3608 enim
3573 3568 3778 3625 pecca-

2202 3657 2312 3702 tum
2333 3647 2661 3711 dominatur,
2687 3654 2745 3701 ιιι
2766 3653 3025 3717 operetur
3048 3644 3193 3714 quod
3217 3659 3322 3698 non
3362 3643 3501 3697 vult.

2273 3741 2360 3799 19.
2386 3740 2509 3795 Non
2560 3739 2817 3807 intelligo.
2863 3738 3161 3808 Acceptum
3204 3748 3313 3790 non
3376 3734 3577 3797 habeo,
3623 3734 3777 3790 sicut

531 3830 664 3876 tom.
691 3824 784 3897 Χ.)
805 3827 910 3884 Sed
945 3849 1062 3887 cum
1094 3836 1332 3890 venisset.
1377 3812 1514 3903 Quid
1544 3847 1644 3901 est,
1673 3812 1865 3892 revixit
1898 3812 2092 3905 pecca-
2129 3812 2169 3869 Β
2203 3833 2257 3888 in
2295 3830 2540 3902 psalmo:
2568 3829 2813 3901 Intellige
2840 3829 3123 3885 clamorem
3146 3843 3340 3883 meum.

532 3912 686 4014 tum?
729 3930 991 3988 apparere
1024 3923 1208 3993 coepit,
1254 3924 1519 3981 rebellare
1564 3927 1823 3983 adversus
1866 3940 1952 3981 me
1982 3941 2095 3981 cu:-

532 4013 629 4073 ptt.

609 4096 692 4151 11.
735 4099 913 4171 (ibid.)
944 4102 1056 4175 Ego
1084 4114 1255 4162 autem
1277 4116 1537 4175 mortuus,
1570 4107 1623 4163 id
1652 4115 1756 4175 est,
1780 4107 2098 4178 praevaricao

533 4192 616 4238 tor
640 4184 816 4245 factus
843 4208 985 4248 sum.
1704 4224 1705 4227 η
2042 4204 2059 4219 ⁸

602 4278 689 4331 12.
721 4280 947 4350 (anst.
970 4283 1038 4340 85
1059 4284 1174 4352 lib.,
1201 4295 1395 4358 quaest.
1419 4286 1508 4353 66,
1534 4297 1663 4343 tom.
1682 4286 1796 4358 ιγ.)
1819 4284 1961 4342 Nam
1983 4304 2102 4357 pec-

532 4377 729 4423 catum.
778 4371 931 4438 Quod
987 4385 1166 4433 autem
1216 4379 1333 4432 ait:
1387 4378 1600 4434 Fefellit
1642 4394 1727 4433 me
1789 4388 2099 4449 peccatum,

530 4460 821 4516 occasione
842 4474 1066 4535 accepta
1097 4482 1196 4536 per
1237 4469 1551 4524 mandatum
1578 4487 1593 4537 ;
1626 4470 1741 4525 sive
1765 4470 1889 4540 quia
1912 4470 2097 4525 suasio

535 4548 915 4609 delectationis
968 4557 1035 4611 ad
1091 4567 1371 4627 peccatum
1416 4561 1788 4614 vehementior
1834 4569 1939 4627 est,
1978 4577 2101 4616 cum

534 4639 691 4696 adest
714 4642 1030 4711 prohibitio,
1060 4648 1176 4704 sive
1200 4648 1329 4719 quia
1348 4650 1511 4706 etiam
1539 4650 1585 4704 si
1622 4649 1750 4719 quid
1773 4650 1933 4705 homo
1959 4650 2105 4706 fece-

538 4729 609 4795 rit
640 4734 1107 4808 secundumjussa
1136 4738 1291 4810 legis,
1338 4740 1383 4796 si
1442 4741 1620 4796 adhuc
1666 4756 1773 4797 non
1827 4740 1900 4797 sit
1943 4740 2103 4808 fides,

536 4837 659 4889 qua:
691 4823 898 4895 integra
929 4838 1034 4895 est,
1070 4830 1183 4885 vult
1229 4832 1331 4887 sibi
1365 4833 1691 4899 retribuere,
1742 4847 1849 4888 non
1884 4834 2013 4899 Deo,
2049 4841 2104 4891 et

530 4914 899 4983 superbiendo
931 4917 1051 4989 plus
1080 4931 1297 4990 peccat.

538 5064 543 5069 ,
604 5004 691 5059 15.
717 5008 955 5063 Annos.
993 5008 1283 5067 Occasione
1322 5023 1553 5083 accepta.
1625 5013 1914 5071 Peccatum
1965 5012 2101 5068 dicit

533 5095 829 5161 diabolum,
878 5098 970 5167 qui
1033 5101 1280 5157 invidens
1333 5103 1579 5169 homini,
1639 5117 1800 5173 quem
1863 5104 2101 5158 habebat

534 5190 811 5258 provisum
841 5206 940 5261 per
964 5192 1138 5265 legem
1174 5196 1401 5261 exarsit,
1435 5206 1493 5251 ut
1539 5197 1613 5251 illi
1664 5197 1837 5269 legem
1869 5197 2103 5253 inverte-

539 5290 642 5345 ret,
670 5284 762 5352 qui
804 5296 929 5342 ante
983 5286 1159 5358 lsgem
1212 5289 1364 5359 quasi
1417 5299 1667 5345 mortuus
1709 5298 1852 5355 erat,
1885 5289 2011 5359 quia
2041 5289 2109 5345 ab

536 5372 789 5430 iilusiOne
812 5380 1085 5435 cessabat.

610 5470 953 5529 14.Aucus‘r.
996 5474 1183 5544 (Bentt.
1228 5476 1282 5529 in
1334 5491 1447 5544 cap.
1502 5473 1557 5540 8,
1582 5477 1650 5528 ad
1695 5473 1876 5545 Rom.)
1932 5472 2109 5545 Supra

538 5563 757 5617 modum
777 5580 1013 5631 peccans.
1038 5567 1173 5635 Quia
1193 5568 1355 5623 etiam
1378 5576 1433 5623 et
1455 5566 1853 5638 prtevaricatio.
1880 5566 2109 5633 Quando

538 5655 687 5709 enim
756 5656 1104 5725 delinqueliat
1179 5661 1298 5714 sine
1381 5660 1658 5726 mandato,
1710 5660 1891 5714 minus
1967 5667 2105 5712 erat.

541 5748 770 5814 Quando
816 5748 1042 5819 deliquit
1089 5765 1183 5819 per
1232 5752 1561 5819 mandatum,
1597 5752 1813 5808 excedit
1865 5750 2104 5807 modum.

2270 3923 2363 3979 20.
2410 3923 2649 3980 Aucusr.
2716 3922 2830 3996 (lib.
2889 3920 3059 3975 Serm.
3109 3920 3173 3975 de
3227 3928 3407 3989 temp.,
3462 3924 3631 3974 Serm.
3684 3918 3777 3981 45,

2208 4032 2327 4088 cap.
2354 4015 2408 4087 6)
2443 4015 2566 4070 Non
2594 4015 2731 4070 enim
2755 4014 2893 4086 quod
2918 4010 3047 4077 volo,
3073 4011 3130 4068 id
3179 4019 3285 4077 est,
3336 4009 3466 4066 nolo
3519 4011 3778 4081 concupic

2202 4124 2376 4172 scere,
2408 4117 2462 4162 et
2483 4107 2828 4177 concupisco.

2272 4198 2362 4253 21.
2411 4197 2610 4253 Lssrn.
2663 4195 2818 4263 Quod
2855 4193 2995 4249 nolo.
3054 4191 3130 4248 De
3169 4189 3616 4263 concupiscentia
3670 4191 3774 4245 hoc

2205 4287 2610 4358 intelligendum
2667 4294 2769 4342 est.
2821 4283 2986 4351 Quasi
3037 4282 3284 4338 diceret:
3337 4279 3535 4336 vellem
3586 4292 3777 4335 cavere

2221 4375 2736 4447 concupiscentiam,
2772 4384 2826 4430 et
2856 4389 2959 4429 non
2992 4386 3232 4444 possum.

2276 4469 2367 4524 22.
2429 4467 2550 4524 Scio
2595 4467 2757 4523 enim.
2797 4466 2902 4521 Per
2944 4464 3270 4521 ablationem
3310 4460 3469 4516 unius
3516 4459 3774 4516 contrarii

2208 4575 2356 4618 more
2396 4577 2495 4617 suo
2535 4560 2727 4630 probat
2772 4558 3022 4613 alterum.
3070 4554 3207 4622 Quia
3237 4555 3292 4608 in
3332 4550 3599 4622 religione
3637 4551 3775 4606 chri-

2209 4656 2407 4718 stiana,
2450 4652 2762 4708 immediata
2813 4659 2940 4706 sunt
2994 4649 3195 4705 bonum
3226 4652 3282 4702 et
3322 4644 3549 4700 malum.
3586 4642 3772 4700 Omnis

2205 4749 2351 4821 cnim
2382 4747 2565 4811 homo,
2606 4744 2903 4800 secundum
2937 4740 3249 4812 religionem
3283 4737 3663 4802 christianam,
3689 4744 3771 4789 aut

2207 4840 2398 4903 bonus,
2423 4845 2516 4891 aut
2553 4837 2727 4891 malus
2749 4843 2855 4890 est.

2281 4931 2372 4986 25.
2420 4928 2562 4984 Nam
2612 4927 2740 4983 velle
2812 4926 3038 4997 adjacet.
3083 4920 3338 4977 Prohatio
3385 4919 3531 4989 quod
3578 4919 3770 4974 bonum

2208 5040 2314 5080 non
2350 5022 2559 5078 habitet
2598 5021 2648 5073 in
2672 5034 2837 5074 carne
2866 5033 2982 5073 sua.
3017 5016 3192 5072 Omne
3212 5013 3358 5068 enim
3396 5012 3600 5066 bonum
3628 5007 3769 5080 quod

2209 5114 2263 5168 in
2286 5112 2505 5167 hontiue
2525 5123 2630 5173 est,
2659 5116 2752 5162 aut
2792 5107 2929 5162 bona
2961 5106 3233 5168 voluntas,
3281 5109 3376 5156 aut
3411 5101 3555 5156 bona
3586 5112 3767 5169 apera-

2215 5205 2312 5259 tio.
2346 5201 2452 5257 Sed
2477 5199 2637 5267 velle,
2669 5198 2863 5269 inquit,
2888 5199 3086 5253 bonum
3117 5209 3223 5250 non
3254 5200 3339 5248 est
3360 5193 3412 5246 in
3440 5205 3610 5246 carne
3636 5202 3765 5243 mea.

2215 5297 2293 5351 Ex
2334 5295 2606 5351 vicinitate
2661 5293 2804 5348 enim
2844 5292 3037 5345 anima:
3086 5288 3318 5360 adjacet,
3351 5286 3403 5341 id
3449 5294 3533 5340 est
3580 5284 3759 5338 vitium

2213 5387 2313 5443 sibi
2354 5397 2457 5443 est.
2509 5384 2778 5441 Pcrlicere
2820 5390 3001 5438 autem
3043 5382 3263 5443 bonum,
3291 5377 3345 5432 id
3392 5384 3477 5431 est
3514 5374 3748 5445 operatio

2214 5493 2335 5533 nem
2365 5479 2559 5533 bonam
2593 5490 2698 5530 non
2731 5474 2949 5531 invenio
2977 5473 3030 5527 in
3054 5486 3116 5527 ea
3148 5469 3416 5526 habitare.
3446 5466 3565 5523 Non
3617 5467 3765 5535 igitur

2211 5570 2412 5624 bonum
2447 5569 2597 5633 mihi,
2646 5569 2698 5624 id
2744 5577 2828 5623 est
2867 5566 3017 5623 carni
3059 5579 3232 5629 meat;
3295 5577 3402 5617 non
3439 5560 3585 5614 enim
3636 5556 3766 5628 qttod

2212 5661 2449 5715 volo.....
2477 5678 2488 5713 ε
2517 5659 2680 5726 Quasi
2715 5661 2921 5715 diceret
2958 5673 2969 5710 :
3006 5658 3205 5711 bonum
3244 5667 3349 5707 non
3382 5651 3600 5706 invenio
3630 5645 3759 5703 habi-

2214 5762 2349 5821 tare,
2385 5753 2479 5809 sed
2518 5752 2715 5809 malum
2744 5752 2882 5823 quod
2918 5735 3033 5821 ago.

3684 308 3911 393 tes‘
