1977 3153
59 153 108 181 i2!)
409 150 441 177 ΙΝ
463 150 493 178 D.
516 149 617 179 PAULI
636 150 742 178 EPIST.
764 149 846 178 00m

909 149 938 177 Τ.
959 165 993 170 --
1013 149 1122 178 EPIST.
1139 150 1185 177 AD
1205 149 1289 178 R0,“.
1629 150 1697 181 150,

58 211 162 245 bonum,
176 216 228 236 non
241 207 356 236 invenio.
371 207 428 236 Non
446 208 517 235 enim
532 209 603 243 quod
617 209 676 236 volo
686 208 797 240 bonum,
812 208 864 236 hoc
879 207 964 248 iacio;
980 207 1027 235 scd
1040 207 1111 242 quod
1125 207 1187 235 nolo
1204 206 1316 241 malum,
1342 208 1393 236 hoc
1417 215 1476 243 ago.
1501 207 1546 236 24.
1574 207 1602 235 Si
1631 214 1680 234 an-

58 264 108 286 tem
123 257 191 293 quod
207 257 278 289 nolo,
292 256 357 289 illud
376 256 444 284 facio
458 265 465 289 ;
479 257 534 291 jam
551 264 603 284 non
616 264 666 291 ego
681 264 778 291 operor
788 256 861 289 illud,
880 255 925 283 25.
946 256 994 284 sed
1008 255 1078 290 quod
1092 255 1197 283 lnbitat
1212 255 1237 283 in
1266 262 1317 287 me.
1351 260 1505 289 peccatum.
1534 256 1578 284 26.
1600 256 1679 284 luve-

58 307 100 334 nio
114 307 195 342 igitur
211 305 256 333 ‘27.
271 305 367 341 legem,
380 306 434 342 23
447 307 493 336 28.
507 307 606 335 volenti
627 306 691 334 mihi
706 305 795 334 facere
807 306 917 339 bonum,
934 306 1025 341 (causa
1040 313 1087 333 cur
1097 305 1193 332 dixerit
1216 304 1333 339 uolenti.)
1360 305 1487 339 quoniam
1519 306 1586 333 mihi
1621 314 1678 334 ma<

57 353 108 381 lum
128 353 310 389 adjacet:29.
333 355 504 385 condelector
528 355 599 383 enim
628 355 678 391 legi
706 355 752 382 Dei
776 354 923 382 secundum
943 354 1099 381 interiorem
1119 352 1254 381 hominem
1269 361 1278 380 ε
1293 353 1371 381 video
1403 357 1493 380 autem
1518 353 1563 380 50.
1600 353 1678 382 aliam

57 400 138 435 legem
171 399 198 427 in
220 400 350 434 membris
379 401 456 435 meis,
496 406 688 436 repugnantem
719 400 763 427 51.
783 399 836 436 legi
861 400 960 427 mentis
983 407 1061 432 mem,
1089 403 1117 426 et
1139 399 1321 433 captivantem
1353 405 1396 425 me
1426 396 1452 425 in
1482 397 1540 432 lege
1564 399 1681 432 peccati,

57 453 113 480 quas
134 449 174 472 est
188 445 214 473 in
227 446 357 482 membris
368 448 444 475 meis.
457 447 501 474 52.
530 447 623 482 infelix
636 454 685 482 ego
697 446 794 474 homo!
810 446 872 481 quis
886 453 929 472 me
944 445 1069 474 liberabit
1082 446 1115 472 de
1143 452 1256 479 corpore
1279 444 1372 472 mortis
1398 443 1499 478 hujus?
1520 444 1612 471 Gratia
1634 444 1681 470 D-si

57 498 102 526 per
118 490 210 519 Iesum
225 491 362 520 Christum
374 493 489 520 Dominu
501 502 515 520 n
532 498 665 521 nostrum.
680 493 763 528 igitur
774 499 823 525 ego
836 492 892 526 ipse
906 498 948 519 me
959 495 994 518 tte
1005 491 1094 519 senio
1106 491 1155 527 legi
1171 491 1218 518 Dei
1233 499 1240 524 ;
1266 497 1351 518 carne
1365 495 1467 522 autem,
1489 490 1540 526 logi
1565 490 1682 525 percuti.

783 536 896 565 CAPUT
916 537 981 564 Vill.

89 578 161 607 Nihil
175 588 241 616 ergo
257 588 339 614 nunc,
354 581 382 608 id
399 586 449 614 est,
460 582 546 609 inltoc
561 587 675 617 tetnpore
687 583 791 617 gratim,
807 583 991 612 damnationis
1006 588 1048 610 est
1064 581 1097 609 iis
1118 581 1164 617 qui
1179 586 1241 609 sunt
1264 581 1290 608 in
1306 581 1414 609 Christo
1429 581 1503 614 Jesu,
1530 582 1558 608 id
1584 586 1631 612 est,
1658 582 1684 607 iu

57 623 105 658 [ille
114 630 136 652 et
149 627 275 653 memoria
286 626 354 662 ejus,
368 626 414 661 qui
433 633 486 655 non
497 628 645 655 secundum
661 635 772 655 carnem
794 628 934 656 ambulant
953 628 1017 660 1,2.
1029 627 1085 654 Lex
1109 627 1181 654 cuitn
1206 627 1318 661 spiritus
1347 627 1408 654 vita:
1432 628 1456 654 in
1479 627 1586 654 Christo
1609 626 1686 656 Jcsn.

56 669 82 695 id
94 675 138 702 ert,
168 671 196 698 in
210 672 296 706 gratia
322 671 419 699 Christi
445 672 509 701 Ictu
525 693 533 705 ,
559 678 582 700 et
610 675 736 701 memoria
763 674 830 710 ejus,
855 674 979 703 liberavit
997 681 1011 700 a
1036 674 1104 709 iege,
1129 673 1155 699 id
1181 678 1217 700 est
1241 674 1372 705 suasione,
1402 675 1503 707 peccati
1529 678 1556 700 et
1580 673 1685 700 morti.

57 717 81 743 5.
109 716 175 744 Nam
196 718 268 753 quod
298 718 463 754 impossibile
483 724 542 747 erat
564 719 627 752 legi,
654 720 680 747 in
699 728 753 755 quo
774 720 962 748 iuiirmabatur
988 727 1036 755 per
1054 727 1174 752 carnem,
1202 718 1273 745 Deus
1297 719 1393 745 Filium
1422 727 1498 746 suum
1523 720 1631 746 mittens
1659 720 1684 745 in

57 763 260 791 similitudinem
275 765 365 793 carnis
380 766 494 800 peccati.
512 765 541 800 4,
555 766 582 794 5.
594 772 621 793 et
634 766 666 794 dc
680 771 792 801 peccato
806 768 846 794 dat

909 767 945 795 t'il.
960 770 1112 801 peccatum,
1127 765 1154 792 id
1166 770 1213 797 est,
1239 766 1287 791 vim
1303 766 1528 800 concupiscentiae,
1552 766 1576 792 in
1594 774 1686 797 carne,

56 808 151 835 scilicet
166 808 297 843 ﬁdelium,
315 809 511 845 utjustiiicatio
525 810 799 846 legisimplereturin
811 810 900 843 nobis,
926 811 952 838 id
967 815 1016 843 est,
1031 810 1092 846 quia
1117 809 1160 836 lea:
1182 809 1357 844 promittebat,
1385 809 1429 843 qui
1461 818 1513 836 non
1537 810 1685 837 secundum

57 860 162 881 carnem
181 855 209 881 id
218 860 266 888 est,
284 855 403 883 carnales
415 855 604 889 observantius,
619 856 659 884 uel
684 856 814 884 desideria
826 857 924 890 turnis,
945 855 1124 888 ambulamus,
1138 855 1185 883 sed
1200 855 1347 882 secundum
1365 854 1500 889 spiritum,
1526 856 1553 882 id
1570 861 1618 887 est,
1636 856 1688 889 spi-

59 899 176 926 ritualem
194 900 406 935 intelligentiam,
422 900 462 927 vel
473 909 551 937 opera
569 902 687 937 spiritus.
703 901 732 929 6.
749 901 799 935 Qui
815 901 886 929 cnim
900 900 1047 929 secundum
1059 907 1169 927 carnem
1187 905 1261 932 sunt,
1283 907 1341 933 qum
1365 900 1454 926 carnis
1482 904 1544 926 sunt
1569 902 1686 935 sapiunt;

57 946 100 981 qui
113 953 179 973 vero
195 945 219 972 7.
234 946 381 973 secundant
396 946 522 981 spiritum
538 951 610 980 sunt,
625 955 685 982 quae
700 947 765 975 sun't
779 947 892 983 spiritus
905 946 1035 974 sentiunt.
1051 945 1130 976 (ratio
1155 953 1202 971 cur
1224 954 1275 971 non
1300 944 1431 970 amlmlent
1458 946 1600 972 secundant
1628 956 1687 973 mr—

57 999 122 1023 nem,
134 990 181 1018 sed
192 990 335 1018 secundum
349 990 481 1026 spiritum)
502 991 569 1018 Nam
589 992 732 1027 prudentia
748 992 850 1025 carnis,
862 999 937 1020 mors
948 996 1004 1024 est;
1020 991 1163 1027 prudentia
1178 995 1269 1018 autem
1282 990 1337 1028 24
1359 990 1482 1025 spiritus,
1500 991 1553 1018 vita
1574 996 1600 1020 et
1625 1001 1688 1028 pax.

57 1038 188 1071 Quoniam
205 1038 339 1074 sapientia
351 1038 442 1066 carnis
456 1036 565 1068 inimica
581 1044 625 1068 est
638 1041 693 1068 Deo
709 1050 715 1068 :
731 1041 757 1069 8.
768 1041 831 1077 Legi
852 1041 925 1069 enim
941 1040 988 1070 Dei
1003 1048 1057 1068 non
1072 1045 1114 1068 est
1126 1039 1256 1074 subjecta,
1274 1048 1323 1067 ncc
1334 1040 1409 1067 'cnim
1420 1043 1520 1075 potest.
1534 1038 1583 1073 Qui
1598 1044 1688 1066 autem

57 1085 81 1112 in
93 1092 176 1112 carne
191 1089 265 1125 sunt,
285 1084 340 1112 Deo
355 1084 462 1120 placere
477 1093 529 1114 non
544 1091 668 1122 possunt.
683 1087 737 1115 Vos
753 1093 844 1116 autem
865 1088 891 1115 in
909 1095 991 1116 carne
1004 1096 1058 1115 non
1076 1088 1155 1120 estis,
1170 1087 1217 1115 sed
1234 1087 1260 1125 in
1277 1087 1390 1122 spiritu;
1418 1087 1440 1115 si
1465 1091 1555 1114 tamen
1572 1076 1699 1121 Spiritus-

57 1131 100 1159 Dei
114 1132 221 1160 habitat
237 1133 263 1159 in
278 1132 365 1161 vobis.
382 1132 411 1161 Si
422 1133 483 1168 quis
497 1139 587 1162 autem
603 1134 736 1170 Spiritum
749 1135 850 1164 Christi
863 1143 915 1163 non
931 1134 1023 1168 habet,
1038 1135 1083 1163 hic
1097 1143 1150 1163 non
1161 1140 1203 1162 est
1223 1124 1291 1169 ejus.
1324 1135 1352 1162 Si
1381 1138 1472 1161 autem
1502 1134 1637 1166 Christus,
1662 1125 1701 1160 Μ’

55 1182 90 1205 est
103 1186 180 1206 amor
196 1178 305 1211 Christi,
322 1179 349 1206 in
363 1179 440 1207 vobis
452 1184 504 1213 est,
520 1180 547 1208 9.
561 1188 671 1216 corpus,
685 1181 711 1208 id
727 1186 765 1208 est
788 1182 997 1217 concupiscentia
1012 1181 1139 1216 corporis,
1165 1180 1262 1207 scilicet
1290 1186 1413 1212 vestrum,
1432 1180 1541 1214 quidem
1554 1184 1689 1206 mortuum

55 1228 95 1250 est
109 1228 224 1259 propter
234 1229 388 1259 peccatum,
402 1225 429 1251 in
443 1233 470 1252 se
482 1225 607 1259 deletum,
622 1227 733 1262 spiritus
745 1235 810 1255 vero
826 1227 892 1254 vivit
906 1231 1016 1263 propter
1027 1226 1264 1262 justiiicationem,
1290 1225 1317 1252 id
1331 1230 1382 1257 est,
1402 1230 1508 1260 propter
1521 1233 1599 1260 opera
1609 1224 1691 1259 justi-

56 1270 97 1297 tiw
109 1279 169 1307 qua
182 1276 293 1315 exercet.
308 1271 386 1309 Quod
398 1273 421 1301 si
434 1273 549 1309 spiritus
562 1273 632 1309 ejus,
647 1275 693 1310 qui
709 1275 852 1304 suscitavit
876 1275 968 1303 Jesum
981 1283 996 1302 a
1013 1274 1139 1308 mortuis,
1167 1273 1273 1301 habitat
1302 1274 1329 1301 in
1358 1273 1452 1306 vobis;
1479 1272 1525 1308 qui
1548 1273 1691 1300 suscitavit

732 1316 1016 1349 COMMENTARIUS.

91 1364 136 1391 24.
153 1364 274 1392 Aucusr.
303 1364 360 1400 (lib.
385 1369 477 1393 contra
502 1372 569 1393 auus
588 1367 665 1401 epist.
691 1366 784 1402 Pelag.
808 1367 843 1394 ad
857 1369 883 1399 Α
896 1373 957 1401 quite
970 1371 1013 1394 est
1027 1366 1140 1401 spiritus
1153 1364 1226 1398 vitae,
1250 1372 1300 1400 per
1312 1360 1427 1401 gratiam
1448 1363 1512 1393 Jesu
1536 1363 1637 1393 Christi
1662 1370 1690 1392 et

61 1409 158 1445 Bonif.,
174 1417 202 1445 q.
216 1409 243 1443 1,
254 1417 280 1437 c.
299 1410 342 1444 to,
370 1414 435 1444 tom.
450 1410 507 1447 Vll)
527 1411 559 1439 Si
581 1416 668 1439 autem
687 1412 757 1447 quod
772 1411 842 1439 uolo.

60 1453 117 1482 ideo
129 1455 268 1483 consentio
279 1455 329 1491 legi
344 1457 416 1491 quod
432 1465 485 1484 non
499 1450 565 1484 vult.
615 1486 617 1488 _

92 1501 135 1529 25.
155 1501 277 1530 “suos.
298 1501 352 1530 Sed
364 1503 434 1538 quod
449 1503 587 1534 inhabitat.
610 1504 669 1539 ipsa
682 1504 755 1533 enim
783 1512 845 1540 pec-

62 1546 111 1572 cati
149 1547 302 1581 corruptio,
338 1554 387 1582 per
415 1548 599 1580 conditionem
613 1548 772 1579 oﬂ‘ensionis
785 1557 844 1580 ma-

63 1595 105 1618 net
117 1591 142 1619 in
161 1600 288 1627 corpore.

94 1638 136 1667 26.
152 1639 255 1668 Lmen.
274 1639 389 1668 Invenio
406 1649 479 1677 ergo.
502 1641 647 1670 Concludit
670 1642 744 1678 quod
766 1650 846 1679 supe-

66 1683 117 1712 rius
129 1685 306 1720 quaerebatur
324 1690 352 1714 et
363 1685 511 1722 probatum
530 1691 583 1721 est,
607 1687 694 1723 legem
707 1695 769 1717 csse
793 1689 845 1717 bo-

67 1735 134 1762 num,
148 1730 170 1759 si
186 1736 277 1759 tainen
288 1730 389 1759 boaum
412 1732 489 1761 velit.
524 1748 527 1751 ~

96 1775 138 1803 21.
155 1776 251 1813 Legem
281 1777 376 1805 Ordo:
403 1777 512 1806 invenio
536 1778 624 1815 legem
645 1779 760 1813 bonmn,
779 1781 845 1808 mihi

67 1819 157 1848 volenti
174 1821 268 1851 facere
289 1822 400 1850 bonum.
416 1821 500 1856 Quasi
513 1823 636 1852 diceret:
652 1825 674 1853 si
688 1826 758 1853 bona
781 1834 845 1862 ago,

68 1863 107 1891 lex
125 1865 189 1893 mihi
204 1866 278 1894 bona
291 1870 352 1899 est;
367 1867 390 1894 si
402 1874 466 1895 vero
479 1867 612 1901 mala,lex
625 1869 692 1897 mibi
708 1877 780 1898 mors
791 1875 843 1899 est.

96 1909 139 1939 28.
156 1909 353 1939 Voientimilti.
376 1911 507 1941 Voluntas
534 1913 632 1942 animae
657 1919 709 1949 est,
735 1923 795 1951 qua:
820 1917 846 1944 in

68 1954 117 1982 Deo
130 1956 225 1985 bonum
240 1957 300 1985 vult
321 1956 421 1990 facere,
447 1963 478 1986 ut
502 1959 602 1988 malum
623 1960 755 1996 expellat,
776 1963 847 1998 quod

68 2000 112 2028 sibi
119 2002 220 2036 adjacet
232 2011 269 2032 ex
278 2003 417 2032 vicinitate
428 2004 528 2032 carnis.

896 1419 945 1447 per
958 1412 1116 1440 memoriam
1132 1412 1191 1447 ejus
1212 1411 1338 1439 liberabit
1353 1418 1400 1438 eos
1412 1418 1427 1437 a
1444 1410 1502 1446 lcge
1528 1410 1631 1445 peccati
1658 1416 1688 1437 ct

895 1457 1004 1489 mortis.
1019 1457 1045 1485 id
1060 1461 1111 1490 est,
1125 1464 1160 1485 ne
1172 1457 1321 1488 secundum
1340 1463 1450 1484 carnem
1465 1455 1613 1483 ambulent.

930 1503 957 1531 3.
979 1503 1046 1531 Nam
1068 1504 1138 1539 quod
1164 1502 1335 1539 impossibile.
1360 1502 1440 1530 Ratio
1461 1509 1511 1530 cur
1537 1502 1637 1530 dixerit
1661 1502 1692 1528 iu

895 1549 1005 1578 Christo
1015 1549 1091 1577 Jesu.
1107 1549 1192 1583 Quasi
1221 1548 1323 1577 diceret
1339 1547 1526 1583 :impossibile
1549 1552 1609 1575 erat
1638 1547 1695 1582 legi

895 1603 945 1631 per
957 1595 1081 1625 carnales
1098 1594 1304 1624 observationes
1318 1593 1434 1621 liberare
1449 1601 1464 1620 a
1479 1593 1606 1621 suasione
1624 1600 1689 1628 pec-

897 1641 951 1669 cati
964 1646 992 1669 ct
1005 1641 1114 1673 mortis;
1128 1641 1174 1669 sed
1188 1640 1264 1668 misit.
1277 1640 1349 1668 Deus
1364 1639 1461 1667 Filium
1475 1644 1555 1667 suum
1571 1639 1598 1666 in
1611 1639 1689 1666 simi-

896 1686 1040 1715 litudinem
1052 1687 1178 1715 humana:
1189 1685 1292 1717 carnis,
1308 1691 1368 1719 qua:
1380 1684 1482 1719 peccati
1493 1684 1689 1718 concupiscen-

898 1732 943 1761 tiis
957 1739 1029 1767 stupe
1041 1736 1168 1763 vexatur,
1187 1735 1216 1758 ut
1230 1729 1361 1760 memoria
1394 1728 1590 1756 incarnationis
1618 1728 1688 1763 ejus.

897 1778 1038 1806 suasioues
1054 1776 1158 1812 peccati
1174 1784 1190 1803 a
1206 1775 1324 1802 ﬁdelium
1340 1781 1422 1804 carne
1435 1773 1588 1808 repelleret.

932 1823 961 1850 4,
980 1823 1019 1850 De
1029 1826 1135 1858 peccato
1151 1820 1299 1848 damnat-it.
1311 1819 1453 1847 Peccatum
1470 1819 1515 1846 hic
1537 1822 1616 1846 vocat
1631 1826 1692 1846 cor-

898 1876 949 1905 pus
963 1868 1074 1900 Christi,
1087 1867 1158 1902 quod
1172 1866 1223 1894 fuit
1236 1866 1324 1894 hostia
1336 1872 1386 1900 pro
1401 1869 1525 1901 peccato,
1538 1865 1610 1893 sicut
1620 1865 1690 1892 alias

898 1922 960 1942 cum
971 1914 1016 1949 qui
1032 1921 1086 1941 non
1098 1917 1210 1941 noverat
1225 1916 1376 1947 peccatum,
1395 1915 1536 1946 peccatnm
1549 1918 1598 1946 pro
1611 1910 1690 1938 nobis

900 1961 971 1989 fecit.

934 2007 959 2035 5.
981 2007 1099 2034 Animos.
1119 2006 1157 2032 De
1169 2011 1285 2040 peccato.
1300 2004 1425 2032 Christus
1434 2011 1495 2031 cum
1524 2011 1539 2030 a
1566 2008 1689 2038 peccato.

99 2046 140 2074 29.
154 2048 335 2077 Condelector.
356 2049 406 2077 Hic
417 2054 511 2084 aperte
525 2050 637 2086 exponit
651 2059 712 2087 qua:
724 2054 847 2088 superius
863 2051 885 2081 Β
899 2054 969 2089 quod
980 2058 1021 2080 est
1032 2053 1158 2084 Satanas,
1170 2050 1346 2086 cruciﬁgitur,
1363 2050 1483 2084 peccavit
1494 2049 1520 2077 in
1533 2057 1616 2077 carne
1628 2049 1690 2077 Sal-

70 2091 151 2120 multis
164 2094 251 2122 modis
266 2093 381 2122 obscure
392 2095 471 2129 dixit,
489 2100 517 2124 et
542 2097 661 2126 maxime
681 2100 849 2135 superiorem

69 2143 164 2166 versum

100 2183 139 2211 30.
158 2186 244 2214 Aliam
258 2186 350 2222 legem.
364 2187 452 2215 Aliam
473 2186 558 2222 legem
578 2189 623 2218 hic
645 2194 736 2224 vocat,
758 2191 850 2218 horta-

71 2234 151 2258 menta
164 2232 405 2267 concupiscentiis;
417 2241 478 2268 qua:
492 2235 569 2270 quasi
603 2235 721 2271 imperat
747 2236 848 2264 homini

72 2280 143 2306 pecca
146 2284 173 2304 re
176 2296 183 2304 ο

102 2318 143 2347 51.
158 2321 218 2356 Legi
228 2324 322 2351 mentis
336 2332 410 2352 mete.
423 2324 497 2352 Mens
507 2324 584 2360 jubet
596 2334 610 2353 a
623 2326 700 2354 malis
711 2326 851 2356 discedere

73 2367 97 2390 et
108 2364 172 2394 bona
190 2367 292 2401 facere,
305 2374 332 2397 et
347 2370 404 2397 haec
415 2375 457 2398 cst
471 2370 513 2398 lex
529 2370 596 2405 eius.

102 2409 143 2437 52.
158 2412 337 2443 Αυαυετικυε.
350 2415 401 2450 (De
411 2416 480 2443 verb.
496 2422 579 2451 apost.
596 2425 679 2445 serm.
704 2418 731 2451 6,
756 2427 781 2447 c.
802 2419 846 2453 12,

75 2456 132 2483 tom.
145 2457 297 2495 X.)In[etix
309 2469 355 2496 ego
365 2462 461 2489 homo!
474 2463 530 2496 Sic,
544 2463 584 2491 sic
593 2464 749 2493 liber-aberis
762 2474 776 2493 a
787 2473 848 2494 cor-

75 2506 132 2533 Pure
146 2506 236 2533 mortis
251 2506 349 2541 hujus,
364 2513 395 2535 ut
413 2509 527 2537 mortale
541 2510 592 2538 hoc
615 2510 709 2538 induat
733 2512 846 2539 immor-

76 2546 204 2583 lalilatem,
216 2557 244 2580 et
252 2554 428 2589 corroptibile
438 2555 489 2582 hoc
497 2555 590 2583 induat
604 2556 844 2592 incorruptionem.

186 2597 323 2627 “IL—l.
335 2600 454 2628 Annos.
478 2601 534 2629 Lex
547 2603 614 2629 enim
638 2604 756 2638 spiritus.
779 2605 846 2638 Quia

76 2642 141 2671 Prior
156 2642 195 2670 lev
207 2645 241 2673 ab
255 2653 348 2674 errore
360 2646 430 2675 malo
457 2647 564 2675 imbuit.
584 2648 646 2676 Haec
667 2654 757 2677 autem
785 2658 846 2678 cum

77 2689 121 2711 nec
133 2686 158 2714 in
173 2691 251 2719 corde
263 2699 376 2727 peccare
385 2693 451 2721 dicit
464 2693 571 2726 debere,
586 2694 628 2722 lex
641 2695 751 2729 spiritus
764 2703 847 2725 voce-

78 2731 124 2762 tur,
138 2737 164 2759 ut
178 2738 259 2764 totum
268 2737 350 2765 iaciat
360 2739 495 2767 hominem
509 2740 687 2775 spiritualem.

107 2776 132 2804 2.
146 2778 238 2809 Laure.
258 2783 311 2811 Lex
323 2785 391 2812 enim
402 2786 519 2820 spiritus.
541 2786 627 2814 Causa
649 2795 698 2814 cur
724 2795 776 2814 non
804 2796 845 2816 se-

79 2824 182 2854 cundant
195 2835 302 2858 carnem
315 2831 461 2859 ambulant.
478 2831 606 2860 Memoria
620 2833 691 2861 cnim
704 2833 768 2869 legis
783 2833 844 2866 Dei;

902 2099 1013 2131 vatoris,
1029 2105 1082 2133 quo
1096 2101 1207 2132 peccato
1218 2096 1360 2124 damnatus
1372 2098 1423 2127 est,
1447 2095 1548 2122 amisso
1570 2094 1691 2122 dominio

900 2146 1066 2174 ret'cntarum
1081 2143 1244 2170 animarum.

935 2190 962 2217 6.
978 2189 1096 2216 Aucus-r.
1110 2187 1160 2223 (De
1172 2187 1243 2214 verb.
1269 2186 1361 2222 Apost.
1386 2191 1467 2213 scrm.
1492 2183 1519 2216 7,
1546 2191 1571 2211 c.
1585 2183 1612 2217 9)
1638 2182 1691 2216 Qui

900 2237 968 2263 enim
983 2233 1125 2261 secundum
1136 2239 1251 2260 carnem.
1261 2230 1414 2259 Secundum
1423 2236 1532 2258 carnem
1539 2229 1688 2261 ambulare,

899 2285 942 2309 est
960 2278 1115 2308 carnalibus
1124 2276 1353 2312 concupiscentiis
1364 2275 1532 2303 consentire.

935 2326 961 2353 7.
978 2325 1065 2361 (ibid.)
1085 2324 1236 2353 Secundum
1249 2322 1381 2357 spiritum.
1393 2321 1546 2349 Secundum
1558 2321 1687 2356 spiritum

900 2372 1049 2403 ambulare.
1061 2376 1103 2400 est
1117 2370 1239 2406 adjuvari
1254 2370 1279 2398 in
1293 2373 1384 2397 metite
1393 2368 1502 2404 spiritu,
1516 2373 1544 2396 ct
1560 2369 1690 2405 concupi-

898 2420 1008 2449 scentiis
1022 2419 1113 2447 carnis
1125 2426 1177 2446 non
1193 2417 1315 2446 obedire.

933 2466 959 2494 8.
974 2465 1062 2501 (ibid.,
1074 2472 1135 2499 cap.
1147 2463 1191 2499 10)
1205 2462 1268 2498 Legi
1281 2462 1350 2490 enim
1368 2462 1425 2490 Dei.
1444 2461 1502 2490 Hoc
1516 2469 1569 2489 non
1589 2465 1690 2497 potest,

898 2512 945 2540 sed
964 2511 1105 2547 prudentia
1120 2510 1212 2538 carnis
1224 2517 1276 2537 non
1298 2514 1401 2544 potest;
1418 2508 1513 2536 vitium
1525 2516 1577 2536 non
1591 2512 1690 2543 potest,

898 2565 952 2585 non
972 2560 1079 2584 natura.
1092 2555 1233 2590 Quomodo
1242 2556 1265 2583 si
1281 2555 1388 2583 diceres
1403 2564 1409 2582 :
1428 2555 1589 2582 claudicatio
1607 2559 1691 2581 recta:

899 2603 1077 2631 ambulationi
1095 2611 1148 2630 non
1168 2606 1210 2631 est
1224 2601 1356 2636 subjecta.
1373 2601 1466 2636 Neque
1488 2601 1561 2628 enim
1587 2604 1690 2635 potest,

897 2657 946 2685 pes
959 2653 1048 2685 potest
1063 2648 1146 2685 [sed],
1158 2648 1320 2676 claudicatio
1333 2656 1385 2676 non
1394 2652 1491 2683 potest.

934 2695 961 2723 9.
979 2695 988 2731 (
1000 2695 1120 2723 Ancus'r.
1134 2703 1167 2722 ea:
1177 2694 1306 2721 Trachin
1316 2693 1383 2728 paul.
1397 2693 1442 2724 85,
1457 2692 1508 2719 sub
1522 2691 1606 2723 med.,
1622 2695 1688 2719 tum.

861 2734 881 2763 (ἶ
899 2741 966 2776 Vill)
977 2740 1077 2774 Corpus
1090 2739 1202 2775 quidem.
1229 2738 1335 2774 Corpus
1354 2742 1476 2765 nostrum
1503 2741 1687 2772 cmnparatnni

900 2786 937 2813 illi
958 2788 1028 2820 quod
1042 2785 1160 2812 futurum
1176 2789 1229 2817 est,
1248 2781 1382 2814 invenitur
1400 2786 1545 2815 mortuum,
1566 2782 1689 2818 quannis

900 2833 988 2861 adhuc
1002 2833 1104 2860 habens
1113 2832 1240 2861 animam.
