4034 6290
530 311 624 367 151
1481 298 1541 353 Β.
1582 298 1972 355 LANFRANCI
2010 299 2109 354 CA}

2217 296 2357 353 JAR.
2422 294 2737 350 ARClllEP.
3686 286 3817 352 ηρ·

523 432 705 480 Josum
742 422 1015 477 Christum
1049 436 1077 474 a
1102 420 1350 483 mortuis,
1379 417 1672 475 viviﬁcabit
1702 428 1764 472 et.
1781 418 2028 471 mortalia
2050 424 2277 485 corpora
2310 423 2513 477 vestra,
2546 421 2765 482 pr0pter
2812 410 3203 465 inhabitantem
3258 407 3506 478 spiritum
3564 407 3685 478 ejus
3734 426 3787 463 ιη

525 517 697 571 vobis.
722 515 884 582 Ergo,
918 513 1140 575 fratres,
1181 502 1382 580 spiritui
1410 510 1682 564 debitores
1708 525 1896 564 smnus
1924 522 2027 563 non
2052 507 2221 570 carni,
2252 516 2309 560 ut
2334 505 2630 559 secundum
2658 517 2876 559 carnem
2908 504 3172 556 vivamus.
3225 491 3282 554 Si
3314 501 3457 555 enim
3489 502 3789 555 secundum

524 623 743 661 carnem
770 605 1051 668 vixeritis,
1077 602 1409 667 moriemini;
1439 603 1480 653 si
1508 608 1687 654 autem
1717 600 1909 669 spiritu
1939 598 2081 652 facta
2109 596 2292 650 carnis
2342 594 2820 659 mortiﬁcaveritis,
2875 592 3089 647 vivatis.
3154 590 3242 645 10.
3283 589 3605 660 Quicunque
3645 605 3693 644 οι
3718 590 3789 646 in

525 690 729 771 Spiritu
760 701 854 756 Dei
881 691 1141 771 aguntur,
1168 699 1201 752 ii
1228 706 1352 752 sunt
1384 696 1477 749 ﬁlii
1522 696 1635 749 Dei.
1671 693 1879 748 il.Non
1903 692 2047 749 enim
2078 691 2383 759 accepistis,
2416 691 2547 743 sicut
2575 690 2752 743 Judtei
2775 689 2830 743 in
2856 698 3031 742 monte
3058 686 3209 754 Sina,
3258 688 3511 758 spiritum
3554 680 3791 741 servitu-

525 799 593 852 tis
620 797 813 853 iterum
836 796 886 850 in
912 797 1129 863 timore,
1160 797 1254 850 sed
1285 794 1571 863 accepistis
1604 794 1852 863 spirituum
1885 790 2192 860 adoptionis
2225 790 2482 853 ﬁliorum,
2519 788 2607 853 12,
2648 787 2733 841 15.
2763 788 2814 841 in
2857 803 2963 856 quo
2994 774 3291 842 clamamus
3323 775 3341 840 ε’
3366 789 3515 841 Abba
3559 786 3789 856 (Pater).

523 894 646 964 ipse
671 893 815 947 enim
848 892 1073 961 spiritus
1106 890 1466 945 testimonium
1500 887 1674 942 reddit
1704 886 1913 957 spiritui
1941 895 2124 938 nostro
2151 881 2293 952 quod
2338 897 2525 937 sumus
2566 881 2657 935 ﬁlii
2694 881 2807 935 Dei.
2842 881 2897 935 Si
2924 891 3102 936 autem
3133 880 3252 948 ﬁlii,
3299 891 3354 936 et
3386 883 3662 947 hmredes;
3706 884 3791 936 It.

526 989 775 1044 bazredes
820 989 1037 1057 quidem
1093 987 1207 1051 Dei,
1268 983 1573 1039 cohaeredes
1624 992 1802 1037 autem
1860 979 2091 1044 Christi;
2127 979 2170 1032 si
2228 987 2405 1032 tamen
2465 978 2863 1046 compatimur,
2921 977 2976 1030 id
3036 988 3152 1041 est,
3208 978 3425 1031 adversa
3470 978 3525 1031 in
3581 976 3793 1031 Christo

529 1080 921 1142 sustineantus,
964 1079 1098 1131 sicut
1146 1078 1254 1146 ipse
1298 1092 1392 1140 pro
1444 1074 1633 1140 nobis,
1692 1082 1752 1127 ut
1815 1082 1868 1127 et
1923 1069 2410 1141 conglorilicemur.
2473 1069 2735 1122 Existimo
2790 1069 2934 1123 enim
2986 1067 3129 1137 quod
3177 1082 3280 1122 non
3326 1077 3448 1123 sunt
3509 1069 3797 1138 condigna:

529 1154 812 1242 passiones
884 1168 1039 1239 lmjus
1100 1167 1357 1238 temporis
1413 1168 1478 1220 ad
1533 1164 1769 1219 futuram
1828 1164 2072 1235 gloriam,
2130 1162 2322 1216 scilicet
2383 1152 2771 1226 obtinendam,
2810 1178 2929 1232 qua;
2986 1162 3314 1217 revelabitur
3360 1163 3413 1216 in
3467 1164 3649 1218 nobis.
3705 1164 3791 1218 15.

527 1266 665 1321 Nam
704 1266 1042 1336 exspectatio
1110 1272 1381 1319 creatura:
1442 1262 1825 1315 revelationem
1890 1258 2120 1312 ﬁliorum
2180 1256 2274 1310 Dei
2336 1264 2654 1325 exspectat,
2720 1255 2812 1322 16,
2879 1256 2965 1310 17.
3031 1254 3270 1312 Vanitati
3332 1256 3475 1313 enim
3536 1269 3795 1313 creatura

528 1357 634 1427 25
674 1355 909 1423 subjecta
936 1360 1040 1421 est,
1072 1353 1416 1421 non‘volens,
1482 1352 1569 1407 18.
1604 1352 1696 1407 sed
1722 1359 1944 1423 propter
1980 1364 2101 1403 eum
2134 1347 2222 1415 qui
2268 1347 2497 1417 subjecit
2528 1362 2646 1401 eam
2683 1347 2734 1401 in
2767 1362 2891 1417 spe,
2927 1348 3052 1417 quia
3082 1357 3134 1403 et
3166 1350 3279 1419 ipsa
3312 1361 3560 1405 creatura
3589 1351 3798 1406 libera-

526 1444 675 1502 bitur
704 1463 733 1500 a
778 1449 1038 1503 servitute
1079 1447 1443 1516 corruptionis
1480 1446 1531 1499 in
1591 1444 1895 1498 libertatem
1929 1427 2112 1512 gloria:
2154 1438 2387 1494 ﬁliorum
2426 1439 2538 1494 Dei.
2576 1439 2791 1495 Scimus
2829 1442 2971 1495 enim
3007 1442 3148 1511 quod
3192 1443 3277 1497 l9.
3316 1444 3492 1499 onmis
3535 1456 3796 1501 creatura

528 1541 856 1612 ingemiscit,
878 1540 1084 1594 scilicet
1119 1557 1212 1609 pro
1251 1540 1479 1592 vanitate
1518 1554 1673 1608 quam
1714 1537 1931 1606 patitur,
1957 1534 2012 1586 id
2041 1542 2135 1595 est,
2161 1520 2277 1584 cum
2312 1548 2498 1602 magno
2529 1544 2717 1586 conatu
2755 1546 3001 1603 operatur
3029 1534 3082 1587 id
3126 1535 3242 1588 boui
3268 1536 3405 1605 quod
3443 1545 3720 1604 operatur,
3746 1545 3800 1589 et

528 1632 765 1699 parturit
791 1647 961 1701 usque
991 1632 1185 1685 adhuc.
1217 1622 1334 1683 Non
1366 1629 1536 1684 solum
1568 1638 1747 1682 autem
1786 1627 1897 1692 illa,
1940 1626 2033 1680 sed
2066 1632 2120 1677 et
2158 1634 2257 1676 nos
2296 1623 2394 1693 ipsi
2427 1625 2693 1693 primitias
2724 1626 2947 1694 spiritus
2985 1627 3267 1688 habentes,
3303 1627 3357 1679 id
3388 1637 3483 1692 est,
3517 1628 3614 1697 qui
3637 1628 3799 1695 primi

532 1721 790 1791 Spiritum
820 1732 1060 1776 sanctum
1084 1723 1412 1791 accepimus;
1437 1730 1491 1775 et
1515 1720 1618 1790 ipsi
1646 1721 1784 1773 intra
1808 1733 1905 1772 nos
1927 1716 2215 1786 gemimus,
2247 1713 2585 1785 adoptionem
2620 1717 2849 1771 ﬁliorum
2876 1719 2967 1772 Dei
2990 1729 3395 1789 exspectantes,
3419 1718 3507 1773 20.
3540 1721 3798 1789 redemp-

533 1814 734 1869 tionem
763 1815 1005 1885 corporis
1032 1810 1219 1869 nostri.
1258 1811 1350 1867 2|.
1375 1813 1481 1883 Spe
1505 1815 1646 1867 enim
1675 1812 1806 1867 salvi
1835 1809 1962 1864 facti
1995 1819 2197 1862 sumus.
2232 1804 2369 1871 Spes
2401 1818 2581 1863 autem
2611 1824 2730 1880 qua:
2758 1809 2988 1875 videtur,
3044 1826 3151 1865 non
3182 1822 3266 1866 est
3295 1827 3453 1882 spes;
3495 1813 3799 1881 namqqu

948 1902 951 1903 ν
1858 1894 2428 1955 COMMENTARIUS.

613 1997 699 2050 10.
743 1995 934 2051 Ιιλκριι.
974 1968 1279 2065 Quicunque
1312 1995 1468 2048 enim.
1510 1992 1761 2046 Probatio
1798 1991 1920 2059 quia
1968 1990 2102 2042 facti
2136 1992 2179 2046 Λ
2282 1991 2366 2042 17.
2406 1991 2644 2047 Auccsr.
2695 1993 2810 2063 (lib.
2863 1992 3168 2048 LXXXIII
3201 1982 3410 2066 q:ta‘sl.,
3465 2004 3669 2065 quaest.
3712 1972 3801 2049 67)

531 2086 712 2141 carnis
741 2084 1128 2139 mortiﬁeantes
1184 2084 1387 2137 vivant.
1435 2082 1554 2136 Filii
1600 2082 1741 2136 enim
1798 2080 1890 2134 Dei
1952 2088 2099 2144 sunt,
2180 2096 2181 2099 ‘
2216 2077 2628 2134 Vanitatienim.
2655 2078 3032 2154 llomoquippe
3058 2096 3248 2154 sponte
3272 2086 3668 2156 peccavit,sed
3692 2102 3799 2141 non

528 2193 665 2247 quos
695 2176 873 2230 vivere
908 2175 1049 2228 haud
1081 2174 1294 2228 dubium
1320 2181 1421 2227 est.

607 2268 689 2320 11.
720 2265 999 2319 Νοιίίηὶηι
1042 2263 1332 2330 accepistis.
1383 2262 1585 2316 Probat
1626 2276 1721 2315 eos
1769 2260 1859 2330 Qui
1890 2258 2102 2328 spiritu

528 2357 623 2411 Dei
657 2364 889 2425 aguntur
918 2359 1043 2409 csse’
1067 2353 1222 2407 lilios.
1257 2351 1371 2405 Non
1396 2352 1562 2415 enim,
1613 2351 1805 2420 inquit,
1862 2348 2102 2417 Spiritus,

529 2460 689 2515 quem
717 2443 1025 2512 accepistis,
1071 2457 1258 2495 servos
1288 2456 1383 2495 vos
1429 2439 1574 2494 fecit.
1623 2438 1822 2493 Omnes
1872 2451 2107 2507 namque

532 2538 765 2591 cultores
802 2536 914 2601 Dei,
947 2535 998 2588 in
1022 2542 1341 2603 quocunque
1369 2530 1633 2601 tempore,
1657 2541 1750 2585 aut
1795 2531 1934 2585 servi
1994 2532 2106 2583 lue-

532 2635 677 2690 runt,
706 2633 765 2677 ut
811 2622 1004 2686 Judaei,
1068 2630 1159 2675 aut
1211 2621 1327 2685 lilii,
1374 2632 1433 2674 ut
1487 2620 1801 2674 Christiani.
1861 2617 2012 2672 Unde
2053 2617 2105 2671 in

530 2714 821 2785 Evangelia
852 2713 1109 2766 Dominus
1132 2710 1260 2766 dicit
1290 2728 1303 2763 :
1327 2710 1447 2764 Jam
1477 2716 1578 2763 non
1607 2702 1777 2762 dicam
1804 2725 1890 2762 vos
1911 2715 2113 2772 ’scrvos,‘

528 2808 618 2860 sed
649 2807 863 2869 amicos,
894 2810 997 2858 etc.
1034 2830 1037 2833 ι

604 2897 690 2951 19..
729 2897 967 2951 Aucusr.
1004 2893 1101 2963 (De
1128 2893 1267 2947 verb.
1303 2901 1493 2962 apost.,
1518 2891 1805 2953 serm.-13,
1840 2904 1961 2959 cap.
1997 2888 2107 2957 Us.)

532 2985 601 3042 Iu
630 3002 729 3056 quo
757 2986 1044 3038 clamamus
1074 3000 1085 3036 :
1115 2982 1278 3047 Abba,
1315 2982 1541 3053 (Pater).
1584 2980 1857 3051 Ipse‘huic
1884 2980 2000 3033 voci
2052 2988 2108 3034 et

534 3077 738 3139 animo,
769 3086 885 3142 quo
904 3073 1205 3127 clamamus
1239 3089 1251 3125 :
1285 3072 1456 3136 Abba,
1500 3072 1695 3135 Pater,
1739 3070 1965 3142 spiritus
2013 3071 2105 3124 Dei

535 3167 897 3223 testimonimn
920 3164 1031 3228 dat,
1056 3162 1180 3215 dum
1204 3170 1383 3216 manet
1411 3162 1462 3216 in
1491 3162 1645 3215 nobis
1666 3162 1895 3216 hmrens.

554 3274 561 3279 '
606 3260 694 3313 15.
728 3256 965 3311 Accusr.
1008 3254 1071 3307 In
1099 3270 1198 3324 quo
1226 3253 1513 3307 clamamus
1546 3270 1564 3307 :
1591 3254 1754 3317 Abba,
1802 3253 1980 3308 Pater.
2016 3253 2110 3309 Ut-

2207 2182 2399 2233 sponte
2430 2172 2719 2230 damnatus
2750 2183 2854 2229 est.
2883 2175 3169 2231 Peccatum
3201 2177 3384 2246 itaque
3422 2187 3794 2247 spontaneum

2210 2258 2349 2327 fuit;
2385 2272 2596 2328 contra,
2632 2275 2956 2335 przeccptum
2989 2267 3194 2331 facere,
3242 2269 3507 2322 veritatis.
3577 2269 3800 2323 Peccati

2207 2362 2384 2405 autem
2418 2366 2595 2421 poena,
2625 2354 2839 2424 subjicit
2871 2355 3113 2411 fallacim.
3150 2357 3265 2411 Non
3286 2358 3432 2413 enim
3484 2357 3610 2430 [al.,
3643 2357 3799 2429 ergo]

2207 2446 2397 2509 sponte
2425 2440 2643 2497 vanitati
2677 2456 2919 2499 creatura
2952 2445 3188 2514 subjecta
3213 2455 3313 2501 est.

2278 2531 2365 2586 18.
2409 2531 2594 2603 (Ibid.)
2645 2532 2749 2588 Sed
2790 2547 3000 2605 propter
3047 2553 3184 2590 eam.
3232 2537 3461 2609 Propter
3512 2555 3641 2595 eum
3704 2542 3798 2611 qui

2209 2623 2435 2692 subjecit
2489 2639 2607 2679 eam
2638 2627 2688 2681 in
2724 2642 2840 2697 spe,
2873 2628 2923 2682 id
2952 2640 3064 2694 est,
3108 2640 3327 2699 propter
3369 2631 3485 2699 ejus
3520 2632 3801 2700 justitiam

2209 2723 2373 2783 atque
2425 2715 2797 2782 clementiam,
2851 2719 2940 2786 qui
2990 2734 3091 2773 nec
3138 2720 3458 2790 impunitum
3510 2718 3801 2791 peceatum

2209 2804 2468 2873 relinquit
2508 2804 2631 2875 [al.,
2682 2807 2940 2880 reliquit],
2986 2822 3161 2879 neque
3223 2810 3582 2866 insanabilem
3628 2812 3805 2867 voluit

2211 2910 2332 2949 esse
2371 2905 2702 2963 peccantem.
2804 2930 2807 2933 -
2961 2928 2965 2932 -
3211 2916 3215 2925 ι
3362 2926 3363 2929 η
3400 2926 3401 2929 η
3640 2914 3643 2915 ν

2244 3012 2251 3015 -
2284 2985 2369 3040 19.
2400 2985 2636 3041 Aucusr.
2669 2986 2885 3058 (Contra
2920 2986 3152 3044 Priscill.
3193 3001 3240 3045 et
3276 2990 3515 3063 0rigen.,
3550 2994 3619 3049 ad
3663 3008 3803 3049 COll-

2211 3079 2335 3134 suit.
2373 3079 2501 3135 Oro.
2542 3096 2590 3135 c.
2624 3070 2679 3146 8,
2707 3091 2839 3136 tom.
2874 3068 2988 3154 VI.)
3025 3083 3207 3138 Omnis
3250 3097 3514 3139 creatura.
3562 3086 3622 3140 In
3672 3102 3806 3140 uno-

2212 3184 2431 3239 quoque
2462 3171 2679 3225 hominc
2708 3171 2885 3226 omnis
2911 3181 3162 3227 creatura
3189 3164 3410 3244 intelligi
3440 3183 3639 3244 potest,
3673 3176 3804 3245 quia

2215 3259 2497 3314 rationalis
2522 3260 2575 3313 in
2604 3258 2693 3314 illo
2718 3258 2820 3325 est,
2845 3275 3005 3330 quam
3033 3263 3208 3333 angeli
3234 3264 3433 3317 habere
3457 3264 3801 3329 creduntur;

535 3363 764 3418 rumque
796 3346 965 3401 voluit
992 3344 1279 3415 Apostolus
1304 3344 1502 3410 dicere,
1546 3345 1670 3414 quia
1714 3345 1931 3400 videbat
1980 3346 2109 3415 lapi-
2140 3363 2181 3418 ξι
2210 3349 2494 3415 sensualis,
2523 3366 2645 3405 cum
2692 3350 2917 3416 bestiis;
2949 3351 3129 3407 vitalis
3176 3353 3383 3422 privata
3433 3368 3622 3417 sensu,
3674 3368 3805 3408 cum

536 3442 656 3497 dem
705 3438 1036 3509 angularem,
1092 3450 1272 3505 quem,
1302 3437 1749 3505 rcprobaverunt,
1788 3439 1878 3507 qui
1925 3439 2117 3507 recipit

534 3542 822 3601 utrumque
881 3529 1140 3599 parietem
1190 3528 1352 3582 etiam
1409 3529 1476 3583 de
1522 3529 1735 3582 diverso
1783 3528 2113 3583 venientium

542 3620 664 3693 [al.,
688 3617 1037 3689 venientem].
1079 3616 1210 3671 llinc
1231 3618 1589 3684 circumcisio,
1618 3618 1743 3671 hinc
1770 3620 2109 3687 praeputium;

538 3711 663 3764 inde
694 3708 861 3773 Abba,
888 3709 1008 3762 inde
1033 3709 1211 3767 Pater.
1440 3748 1443 3749 ν
1572 3748 1575 3749 ν

616 3799 702 3852 14.
730 3799 843 3870 (lib.
868 3797 1558 3869 LXXXIIIqutcstI,q.75,
1586 3808 1712 3854 tom.
1739 3799 1850 3869 IV.)
1869 3798 2116 3853 ΠαένριΙοε

537 3890 743 3957 quidem
776 3888 892 3942 Dei.
926 3887 981 3942 Si
1032 3897 1303 3957 qureratur
1349 3890 1617 3958 quomodo
1658 3890 1829 3943 simus
1874 3890 2115 3943 lueredes

541 3981 657 4045 Dei,
680 3994 800 4033 cmn
829 3979 1118 4034 ilt‘chdilaS
1152 3989 1325 4033 morte
1352 3980 1651 4033 decessoris
1667 3980 1819 4033 ﬁrma
1846 3989 2114 4045 teneatur,

544 4073 934 4140 respondetur:
979 4069 1110 4124 Cum
1141 4073 1331 4126 venerit
1352 4072 1491 4142 quod
1521 4071 1805 4141 perfectum
1829 4082 1934 4136 cst,
1962 4071 2113 4125 aufe-

544 4156 693 4216 retur
731 4165 874 4232 quod
922 4180 987 4218 ex
1039 4172 1191 4234 parte
1234 4173 1335 4218 est.
1387 4164 1462 4217 Ita
1514 4164 1666 4218 nobis
1721 4165 2115 4233 quodammodo

542 4255 771 4309 moritur
806 4254 964 4309 Pater
988 4255 1038 4308 in
1062 4256 1373 4326 aenigmate,
1399 4263 1452 4308 ct
1475 4254 1613 4309 idem
1659 4255 1772 4325 ipse
1796 4256 1853 4309 ﬁt
1886 4256 2114 4311 hancdi-

546 4354 651 4407 tas,
682 4360 803 4399 cum
835 4345 975 4399 facie
1006 4346 1071 4399 ad
1103 4344 1293 4399 faciem
1335 4346 1641 4415 possidetur
1691 4345 1811 4418 [al.,
1850 4348 2110 4420 videtur].

614 4435 698 4489 15.
730 4436 930 4491 Lssra.
976 4435 1115 4490 Nam
1171 4438 1502 4505 exspectatio.
1544 4437 1744 4493 Probat
1791 4440 2012 4508 gloriam
2039 4444 2113 4499 ,Ιί-

542 4527 734 4582 liornm
767 4530 1110 4584 revelandam
1164 4529 1233 4584 ab
1262 4531 1584 4585 auctoritate
1630 4532 1791 4586 totius
1838 4535 2109 4600 Ecclesiae,

543 4628 703 4689 quam
723 4630 1025 4675 creaturam
1055 4622 1141 4674 hic
1165 4630 1341 4684 vocat,
1378 4623 1524 4677 sicut
1548 4624 1681 4677 alias
1715 4642 1727 4677 :
1766 4625 1827 4679 Si
1849 4643 1951 4695 qua
1978 4644 2113 4680 nova

2216 3441 2517 3494 arboribus.
2542 3440 2677 3493 Nam
2711 3442 2763 3495 in
2796 3441 2948 3497 nobis
2969 3442 3085 3496 sine
3111 3456 3272 3497 sensu
3302 3450 3490 3497 nostro
3517 3443 3657 3497 ﬁunt
3681 3458 3807 3497 cor-

2216 3531 2362 3601 poris
2386 3531 2741 3586 incrementa.

2244 3670 2247 3675 ,
2281 3622 2372 3675 20.
2395 3622 2592 3675 Laure.
2621 3621 3036 3692 Redemptiouem
3057 3625 3310 3693 corporis.
3341 3625 3481 3681 Vere
3505 3636 3805 3694 exspecta-

2216 3727 2338 3765 mus
2378 3713 2801 3781 redemptionem
2847 3715 3118 3782 corporis,
3152 3716 3279 3785 quia
3322 3730 3605 3784 speramus
3651 3717 3805 3786 Quod

2213 3810 2313 3856 cst.
2345 3801 2442 3855 Ubi
2465 3803 2591 3856 dicit
2614 3818 2709 3870 per
2728 3800 3041 3872 patientiam
3067 3814 3461 3873 exspectamus,
3486 3819 3806 3875 speramus,

2213 3896 2339 3963 quia
2371 3909 2467 3964 spe
2493 3894 2625 3958 salvi
2656 3893 2783 3948 facti
2818 3904 3023 3957 sumus,
3047 3903 3102 3951 ct
3128 3896 3228 3950 hoc
3254 3893 3467 3965 probat,
3493 3896 3620 3966 quia
3650 3897 3806 3966 quod

2216 4003 2319 4042 non
2345 3988 2617 4051 videmus,
2652 4003 2932 4056 speramus
2952 4027 2966 4053 ,
2994 3988 3200 4042 scilicet
3226 4004 3255 4042 a
3286 3988 3395 4043 Deo
3429 3989 3802 4058 promissum;

2214 4078 2308 4133 sed
2337 4079 2632 4148 redemptio
2662 4078 2904 4147 corporis
2941 4087 3023 4133 est
3054 4079 3339 4148 promissa.
3382 4078 3617 4144 Probat,
3650 4078 3805 4148 quod

2215 4183 2320 4222 non
2375 4168 2617 4223 videmus
2667 4183 2967 4236 speramus,
3021 4168 3147 4235 quia
3200 4169 3341 4236 quod
3396 4167 3640 4221 videmus
3685 4182 3802 4219 non

2215 4273 2515 4327 speramus.
2548 4257 2615 4312 Et
2648 4259 2749 4312 hoc
2780 4258 2989 4327 probat,
3021 4258 3143 4327 quia
3181 4258 3318 4311 visio
3345 4265 3529 4311 nostra
3570 4271 3678 4310 non
3712 4264 3806 4310 est

2214 4364 2357 4417 spes.
2391 4348 2456 4402 Et
2489 4348 2590 4402 hoc
2619 4348 2843 4416 prohat,
2873 4347 2997 4415 quia
3028 4362 3151 4416 spes
3176 4354 3302 4414 qua:
3336 4346 3547 4400 videtur
3574 4361 3680 4399 non
3712 4356 3808 4401 est

2214 4454 2357 4507 spes,
2394 4438 2517 4506 quia
2549 4436 2691 4491 nulla
2724 4436 2882 4499 visio,
2910 4452 3031 4505 spes
3059 4444 3160 4489 est.
3200 4435 3261 4488 Et
3296 4434 3641 4504 hocprobat,
3668 4438 3803 4504 quia

2215 4531 2357 4599 quod
2400 4528 2544 4583 videt
2589 4529 2729 4597 quis,
2782 4528 2909 4596 quid
2951 4528 3174 4598 sperat?
3205 4528 3342 4594 Quia
3387 4528 3565 4582 nullus
3607 4528 3804 4583 videns

2216 4632 2417 4691 sperat.
2450 4620 2548 4675 Vel
2576 4620 2652 4675 ita
2681 4639 2694 4674 :
2724 4628 2902 4675 utrum
2928 4620 3301 4690 exspectemus
3327 4619 3804 4689 redemptionem?

542 4723 782 4765 creatura
809 4713 861 4765 iu
890 4710 1116 4765 Christo.
1145 4711 1209 4765 Et
1233 4711 1400 4766 Jacob
1433 4727 1447 4765 :
1479 4710 1543 4765 Ut
1573 4713 1735 4767 simus
1774 4714 1982 4768 initium
2010 4716 2109 4768 ali-
2141 4696 2183 4757 (ἶ
2220 4715 2625 4783 Respondetur,
2659 4727 2817 4775 vere,
2856 4714 2979 4781 quia
3022 4727 3302 4781 speramus
3342 4714 3483 4781 quod
3532 4727 3629 4781 spe
3660 4712 3798 4767 salvi

540 4806 678 4874 quod
698 4816 952 4859 creatura:
978 4805 1111 4873 ejus.
1144 4804 1304 4871 Quasi
1333 4805 1538 4859 diceret
1572 4820 1587 4858 :
1614 4806 1851 4860 Ecclesia
1911 4806 2111 4863 Christi

542 4905 821 4964 exspectat
846 4894 1072 4947 revelari
1094 4892 1205 4948 ‘sibi
1236 4894 1462 4965 gloriam
1509 4893 1739 4949 ﬁliorum
1775 4896 1889 4961 Dei,
1922 4896 1974 4951 id
2006 4905 2107 4962 est,

541 4988 858 5041 societatem
892 4984 1093 5038 habere
1121 5000 1243 5039 cum
1271 4986 1476 5056 angelis
1508 4986 1622 5041 Dei.

612 5077 702 5131 10.
743 5076 976 5129 Vanitati
1002 5077 1160 5130 enim.
1188 5076 1351 5143 Quasi
1400 5079 1521 5147 quis
1564 5078 1769 5134 diceret
1812 5097 1824 5132 :
1875 5080 2112 5137 Ecclesia

539 5185 660 5239 qua:
689 5180 895 5223 tantam
932 5170 1389 5237 exspectationem
1418 5174 1600 5238 habet,
1654 5189 1749 5229 cur
1776 5189 1909 5228 vana
1964 5178 2107 5246 cogi-

543 5263 652 5315 tat?
678 5261 786 5315 Cur
814 5274 951 5312 vana
986 5274 1367 5331 nonnunquam
1400 5265 1706 5319 desiderat?
1750 5268 1831 5320 Ad
1865 5268 1975 5322 hoc
2024 5282 2110 5320 re-

541 5350 808 5420 spondet:
850 5366 954 5405 non
988 5352 1171 5408 volens
1222 5356 1324 5411 hoc
1374 5359 1596 5427 patitur.
1647 5358 1753 5413 Sed
1802 5360 1874 5413 ita
1911 5359 2110 5428 placuit

542 5443 673 5506 Deo,
704 5441 828 5510 quia
858 5442 1080 5497 vanitati
1109 5458 1227 5499 eam
1248 5446 1497 5517 subjecit,
1522 5451 1658 5523 dans
1699 5450 1778 5504 eis
1803 5465 1951 5519 spem
1982 5450 2107 5518 quia

542 5533 866 5619 quandoque
895 5534 1210 5593 liberabitur
1232 5556 1262 5594 a
1289 5542 1552 5597 servitute
1579 5542 1834 5596 vanitatis
1890 5553 1943 5597 et
1986 5556 2107 5595 cor-

546 5625 836 5691 ruptionis;
869 5641 991 5681 cum
1014 5628 1137 5684 data
1165 5630 1264 5687 sibi
1290 5632 1452 5688 fuerit
1482 5632 1702 5687 libertas
1729 5632 1910 5702 gloria!
1946 5646 2105 5700 quam

541 5713 633 5771 ﬁlii
665 5716 755 5772 Dei
776 5717 988 5773 habent.

2220 4806 2344 4861 facti
2368 4821 2574 4859 smnus.
2609 4805 2682 4859 Ita
2714 4804 2942 4873 explicat
2970 4822 2983 4857 :
3015 4804 3057 4859 si
3085 4819 3386 4872 speramus,
3415 4813 3801 4871 exspectamus

2217 4897 2358 4966 quod
2401 4904 2526 4951 est:
2575 4895 2631 4949 Si
2671 4904 2852 4948 autem
2896 4894 3038 4964 quod
3072 4910 3176 4949 non
3217 4896 3460 4950 videmus
3492 4911 3796 4966 speramus,

2219 5002 2314 5058 per
2343 4986 2656 5057 patientiam
2689 4994 3063 5053 exspectamus
3097 4986 3441 5055 (assumptio)
3473 4987 3572 5040 sed
3608 5000 3799 5056 spera-

2219 5092 2339 5131 mus
2385 5077 2526 5145 quod
2574 5091 2681 5129 non
2729 5074 2991 5127 videmus.
3032 5074 3096 5128 Et
3127 5076 3229 5129 hoc
3262 5076 3455 5144 probat
3487 5078 3613 5145 quia
3650 5076 3795 5145 quod

2216 5171 2446 5232 videtur,
2478 5183 2581 5222 non
2608 5176 2854 5235 speratur
2881 5167 3022 5236 quod
3052 5174 3133 5220 est
3157 5184 3171 5231 ;
3212 5182 3335 5235 spes
3359 5178 3542 5222 autem
3567 5183 3688 5236 qua:
3713 5167 3795 5220 vi-

2214 5262 2389 5325 detur,
2409 5274 2515 5313 non
2539 5270 2621 5313 est
2640 5272 2781 5327 spes.
2804 5258 2866 5310 Et
2888 5260 2988 5312 hoc
3012 5260 3232 5326 probat;
3262 5275 3384 5312 nam
3400 5259 3582 5313 nullus
3605 5260 3794 5314 videns

2212 5360 2396 5422 sperat
2426 5350 2566 5419 quod
2593 5358 2704 5415 est;
2745 5366 2867 5402 nam
2898 5350 3040 5419 quod
3071 5351 3214 5405 videt
3263 5352 3384 5419 quis
3414 5352 3542 5420 quid
3565 5353 3795 5421 sperat?

2282 5445 2371 5498 21.
2415 5442 2518 5511 Spe
2561 5442 2719 5496 enim.
2743 5441 2905 5507 Quasi
2942 5442 3137 5510 aliquis
3179 5443 3425 5497 diceret:
3469 5458 3654 5497 nonne
3701 5443 3789 5511 qui

2217 5536 2326 5590 Deo
2366 5535 2624 5598 serviunt,
2662 5534 2824 5588 etiam
2868 5534 2918 5586 in
2962 5536 3062 5587 hac
3100 5534 3205 5588 vita
3237 5552 3264 5587 a
3309 5536 3554 5589 vanitate
3588 5546 3645 5591 et
3681 5550 3793 5591 cor-

2217 5626 2465 5695 raptione
2523 5625 2882 5679 liberantur?
2940 5626 3073 5680 lluic
3142 5626 3434 5693 objectioni
3505 5627 3793 5698 respondet

2226 5716 2533 5786 Apostolus,
2566 5718 2749 5772 dicens
2773 5733 2787 5772 :
2815 5716 2972 5788 Spem
3011 5718 3269 5773 trahemus
3291 5729 3348 5772 ut
3373 5720 3426 5773 in
3456 5729 3659 5777 aeterna
3685 5721 3789 5774 vita
