3954 6306
156 282 252 336 l5!-
390 336 403 347 ,
588 278 595 285 ’
900 278 965 333 ΙΝ
990 280 1051 334 D.
1097 281 1320 337 PAULI.
1358 280 1574 336 EPIST.
1618 280 1971 337 COMMENT.
2013 312 2079 322 —
2117 281 2333 335 EPIST.
2372 283 2463 336 AD
2493 282 2658 339 ROM.
3299 295 3399 350 l5l

154 394 299 449 videt
328 394 474 465 quis,
498 392 627 463 quid
654 392 879 463 sperat?
910 391 965 446 Si
992 401 1173 447 autem
1196 394 1337 462 quod
1368 408 1471 445 non
1495 392 1758 457 videmus,
1793 407 2095 462 speramus,
2121 407 2216 461 per
2253 392 2568 459 patientiam
2595 405 2988 464 exspectamus.
3026 398 3113 453 22.
3149 399 3408 459 Similiter

154 495 342 540 autem
374 493 428 539 et
457 483 693 554 Spiritus
725 480 945 550 adjuvat
976 482 1345 536 inﬁrmitatem
1377 491 1653 546 nostram;
1689 497 1809 535 nam
1843 481 1969 549 quid
1995 496 2211 535 oremus
2241 481 2381 535 sicut
2419 490 2649 552 Oportet,
2676 483 2944 539 nescimus
2974 504 2985 538 :
3025 487 3114 541 25.
3155 488 3259 545 Sed
3302 493 3414 562 ipse

150 579 392 651 Spiritus
440 576 697 647 postulat,
744 575 799 629 id
830 585 937 642 εει,
965 576 1231 646 postulare
1273 594 1365 629 nos
1399 575 1553 645 facit,
1597 591 1693 644 pro
1718 567 1873 629 nobis
1912 575 2202 646 gemitibus
2249 577 2724 633 inenarrabilibus.
2765 578 2863 645 Qui
2913 590 3092 636 autem
3138 597 3413 641 scrutatur

149 670 345 735 corda,
370 668 427 721 id
473 676 548 722 εει
594 667 752 734 Deus,
798 671 899 725 scit
936 666 1063 740 quid
1094 670 1384 734 desideret,
1420 670 1473 722 id
1504 680 1577 724 εει
1604 671 1903 723 desiderare
1942 670 2129 740 faciat,
2194 670 2456 740 Spiritus,
2486 673 2608 742 quia
2649 675 2944 739 secundum
2982 678 3148 732 Deum
3179 683 3415 749 postulat

149 781 247 836 pro
270 765 501 831 sanctis,
524 763 579 818 id
605 776 701 828 εει,
728 765 995 833 postulare
1018 765 1143 833 facit
1168 778 1395 819 sanctos.
1424 765 1640 819 Scimus
1669 773 1847 819 autem
1871 765 2128 834 quoniam
2162 765 2509 836 diligentibus
2533 768 2699 821 Deum
2720 768 2810 822 2i.
2838 773 3015 825 omnia
3048 788 3412 844 cooperantur

149 862 203 914 in
229 864 456 927 nonum,
496 862 691 916 scilicet
726 861 966 934 spiritus,
1000 864 1095 929 iis,
1147 863 1237 933 qui
1266 864 1558 918 secundum
1587 863 1945 932 prepositum,
1973 863 2027 915 id
2062 871 2136 916 est
2169 863 2683 931 prwdestinatiouem
2711 864 2829 932 Dei,
2866 870 3040 923 vocati
3065 881 3188 925 sunt
3210 877 3409 932 sancti.

147 957 239 1015 25.
283 957 421 1013 Nam
457 974 591 1028 quos
630 959 932 1029 prmscivit,
965 959 1161 1014 scilicet
1195 958 1336 1013 Deus
1367 957 1552 1023 Pater,
1582 967 1638 1031 et
1670 957 2070 1036 praedestinavit
2096 957 2185 1010 26.
2215 956 2523 1013 eonformes
2551 958 2664 1013 ﬁeri
2704 959 2950 1030 imaginis
2976 964 3084 1035 26
3119 965 3210 1019 ﬁlii
3239 970 3416 1034 sui,ut

148 1056 218 1110 sit
273 1055 391 1124 ipse
438 1056 827 1126 primogenitus
873 1056 926 1109 in
976 1055 1159 1111 multis
1203 1056 1482 1110 fratribus.
1526 1055 1673 1122 Quos
1714 1062 1890 1108 autem
1918 1053 2023 1119 27,
2055 1053 2144 1109 28.
2184 1054 2621 1123 praedestinavit,
2668 1055 2766 1110 hos
2801 1068 2855 1110 et
2890 1059 3140 1125 vocavit;
3181 1071 3234 1115 et
3279 1078 3415 1132 quos

148 1152 384 1215 vocavit,
416 1151 516 1207 hos
537 1162 592 1205 et
612 1151 933 1221 justiﬁeavit
961 1168 975 1217 ;
1008 1167 1145 1222 quos
1172 1151 1711 1222 autemjustiﬁcavit,
1740 1150 1858 1205 illos
1885 1150 1975 1204 29.
2009 1159 2064 1205 et
2087 1150 2429 1222 gloriﬁcavit.
2458 1152 2545 1206 50.
2570 1151 2706 1218 Quid
2738 1168 2865 1222 ergo
2894 1155 3134 1210 dicemus
3161 1159 3227 1213 ad
3258 1160 3415 1214 haec?

150 1245 204 1299 Si
238 1247 385 1301 Deus
407 1261 506 1316 pro
534 1246 709 1311 nobis,
739 1247 863 1317 quis
893 1257 1083 1304 contra
1124 1264 1222 1303 nos
1247 1249 1268 1302 ?
1301 1250 1389 1303 5i.
1422 1248 1524 1315 Qui
1548 1248 1711 1303 etiam
1740 1247 1960 1318 preprio
1994 1247 2132 1302 Filio
2162 1263 2259 1302 suo
2299 1264 2400 1303 non
2429 1250 2666 1318 pepercit
2690 1290 2703 1313 ,
2736 1250 2826 1304 sed
2857 1265 2954 1319 pro
2986 1253 3139 1308 nobis
3166 1256 3416 1310 omnibus

150 1341 374 1395 tradidit
404 1341 589 1417 illum,
623 1344 897 1412 quomodo
929 1361 1034 1399 non
1073 1344 1235 1400 etiam
1269 1360 1391 1399 cum
1436 1345 1525 1399 illo
1566 1345 1745 1398 omnia
1776 1344 1933 1398 nobis
1964 1344 2230 1397 donavit?
2262 1343 2393 1410 Quis
2439 1321 2716 1398 accusabit
2758 1345 3016 1401 adversus
3043 1348 3246 1403 electos
3280 1350 3416 1404 Dei?

146 1434 290 1490 Deus
338 1435 434 1505 qui
463 1436 761 1507 justiﬁcat,
798 1439 923 1509 quis
964 1449 1048 1495 est
1083 1440 1174 1509 qui
1226 1440 1592 1495 condemnet?
1637 1439 1885 1494 Christus
1920 1438 2108 1504 Jesus,
2140 1439 2231 1510 qui
2279 1450 2526 1495 mortuus
2557 1449 2659 1504 est,
2711 1442 2819 1495 imo
2872 1441 2963 1510 qui
3010 1454 3064 1496 et
3096 1445 3413 1508 resurrexit,

147 1531 238 1600 qui
281 1540 373 1585 est
410 1532 478 1586 ad
510 1532 790 1589 dexteram
823 1535 940 1601 Dei,
969 1536 1061 1606 qui
1087 1536 1249 1591 etiam
1277 1535 1588 1606 interpellat
1635 1549 1734 1605 pro
1774 1535 1949 1591 nobis.
2001 1534 2131 1602 Quis
2158 1550 2287 1606 ergo
2328 1551 2426 1590 nos
2460 1536 2732 1607 separabit
2781 1552 2809 1589 a
2856 1524 3123 1591 charitate
3168 1536 3421 1593 Christi?

147 1628 454 1684 Tribulatio
488 1630 512 1683 ?
553 1632 635 1685 An
691 1633 993 1703 angustia?
1027 1634 1108 1685 An
1158 1633 1381 1687 fames?
1418 1633 1500 1687 An
1553 1631 1817 1686 nuditas?
1857 1630 1939 1685 An
1981 1631 2331 1700 periculum?
2374 1631 2454 1685 An
2487 1632 2855 1701 persecutio?
2900 1633 2981 1688 Au
3030 1634 3281 1705 gladius?
3324 1635 3414 1693 52.

147 1724 324 1793 (Sicut
369 1725 631 1797 scriptum
680 1738 805 1784 est:
843 1730 933 1785 35.
971 1728 1107 1797 Quia
1139 1739 1362 1801 propter
1404 1738 1454 1784 te
1494 1728 1889 1785 mortiﬁcamur
1938 1735 2047 1783 tota
2101 1728 2206 1794 die,
2245 1728 2496 1782 testimati
2526 1743 2711 1783 sumus
2754 1730 2893 1783 sicut
2922 1719 3049 1786 oves
3086 1732 3415 1799 occisionis.)

146 1820 251 1876 Sed
286 1823 343 1877 in
394 1822 481 1877 his
531 1825 784 1881 omnibus
832 1842 1181 1897 superamus,
1237 1834 1457 1895 propter
1505 1839 1629 1880 eum
1667 1823 1755 1879 55.
1788 1824 1881 1893 qui
1922 1822 2112 1877 dilexit
2151 1839 2270 1878 nos.
2320 1822 2514 1878 Certus
2577 1839 2696 1877 sum
2734 1825 2878 1878 enim
2922 1825 3047 1893 quia
3105 1842 3278 1896 neque
3326 1826 3415 1879 55.

146 1922 311 1982 mors,
374 1934 551 1989 neque
597 1918 687 1975 36.
714 1920 847 1986 vita,
898 1936 1073 1991 neque
1103 1920 1279 1992 angeli
1319 1920 1406 1975 57.
1448 1934 1625 1990 neque
1664 1919 2019 1989 principatus,
2053 1917 2248 1972 scilicet
2281 1918 2483 1984 malus,
2518 1934 2692 1988 neque
2717 1920 2972 1985 virtutes,
3004 1921 3199 1975 scilicet
3239 1923 3415 1986 mala‘,

144 2026 323 2084 neque
386 2016 662 2078 instantia,
713 2017 908 2071 scilicet
962 2020 1118 2083 bona,
1169 2017 1249 2071 vel
1298 2016 1463 2081 mala,
1504 2031 1679 2085 neque
1720 2014 1929 2079 futura,
1966 2015 2021 2068 id
2054 2024 2129 2069 est
2174 2015 2335 2079 bona,
2385 2014 2460 2069 vel
2491 2014 2660 2078 mala,
2705 2030 2879 2083 neque
2917 2014 3203 2077 fortitudo,
3239 2013 3293 2066 id
3343 2022 3417 2067 εει

143 2110 242 2176 vis,
270 2126 453 2183 neque
479 2113 726 2177 altitudo,
751 2114 805 2167 id
827 2123 901 2168 est
929 2115 1208 2183 promissio
1236 2113 1555 2178 altitudinis,
1587 2127 1764 2182 neque
1791 2111 2142 2182 profundum,
2160 2112 2216 2165 id
2237 2121 2311 2167 εει
2330 2112 2666 2167 comminatio
2694 2111 3097 2175 humiliationis,
3123 2123 3298 2180 neque
3322 2110 3411 2164 58.

143 2219 422 2274 creatura,
455 2210 609 2275 bona,
656 2209 731 2264 vel
770 2209 932 2274 mala,
975 2211 1078 2264 alia
1118 2212 1318 2281 poterit
1348 2213 1448 2265 nos
1493 2222 1749 2279 separare
1776 2223 1805 2262 a
1835 2194 2102 2263 charita‘te
2132 2197 2254 2274 Dei,
2288 2222 2409 2277 qua:
2449 2215 2566 2273 est,
2600 2207 2794 2261 scilicet
2828 2223 2985 2276 quam
3031 2206 3280 2260 habemus
3326 2222 3419 2276 per

142 2299 441 2369 Christum,
470 2305 522 2358 in
553 2305 766 2363 Christo
791 2307 917 2363 Jcsu
954 2307 1183 2363 Domino
1209 2317 1417 2363 nostro.

492 2398 495 2399 ⁷
848 2400 853 2403 ⁸
1126 2398 1127 2401 “
1398 2396 1401 2399 ’
1607 2399 1835 2457 CAPUT
1873 2400 1970 2454 IX.

146 2484 149 2485 ⁷
228 2487 282 2542 1.
317 2483 617 2545 Veritatem
650 2492 771 2546 dico
803 2492 891 2562 (ne
918 2494 1031 2562 quis
1058 2493 1251 2548 diceret
1280 2493 1573 2563 deprimere
1599 2510 1653 2547 se
1691 2492 1874 2563 legem,
1901 2491 2024 2561 quia
2075 2486 2367 2543 iuimicaret
2397 2483 2623 2539 ludatis.
2648 2484 2705 2538 In
2743 2483 2983 2551 Christo,
3026 2500 3128 2541 non
3165 2486 3415 2550 mentior,

144 2578 516 2635 testimonium
543 2582 671 2636 mihi
701 2584 1021 2653 perhibente
1051 2585 1381 2639 conscientia
1414 2599 1529 2639 mea
1545 2584 1597 2638 2.
1627 2584 1679 2638 in
1705 2568 1907 2653 Spiritu
1926 2587 2142 2645 sancto,
2172 2575 2428 2647 quoniam
2457 2574 2675 2628 tristitia
2702 2575 2829 2629 mihi
2864 2591 3055 2645 magna
3079 2586 3177 2640 est,
3200 2586 3255 2631 et
3280 2593 3415 2631 eon-

150 2668 334 2725 tinuus
365 2671 475 2742 27
516 2672 668 2728 dolor
695 2675 843 2730 cordi
875 2690 1013 2731 meo.
1040 2675 1093 2730 3.
1125 2674 1389 2746 Optabam
1418 2675 1560 2731 enim
1599 2691 1698 2746 ego
1750 2675 1864 2743 ipse
1893 2671 2179 2725 anathema
2222 2662 2343 2731 esse
2375 2682 2403 2720 a
2434 2665 2652 2722 Christo
2683 2681 2780 2736 pro
2834 2665 3090 2721 fratribus
3120 2668 3273 2731 meis,
3310 2667 3400 2739 qui

1494 2760 2062 2820 COMMENTARIUS.
2128 2784 2129 2787 η

153 2848 465 2913 liberemur,
498 2854 591 2907 sed
624 2853 855 2909 nondum
894 2854 945 2909 in
978 2856 1081 2912 hac
1113 2857 1221 2911 vita
1263 2855 1474 2911 liberati
1516 2872 1723 2912 sumus.
1755 2858 1804 2917 Α
1901 2853 1991 2908 28.
2022 2852 2260 2906 Aucusr.
2283 2848 2529 2918 (Deverb.
2558 2857 2753 2917 apost.,
2778 2863 2941 2903 serm.
2970 2849 3054 2915 16,
3073 2864 3191 2918 cap.
3226 2850 3276 2914 i,
3304 2850 3413 2917 10}.

219 2937 311 2992 22.
354 2938 631 2996 Similiter.
678 2942 839 3010 Quasi
886 2945 1131 3002 diceret:
1174 2947 1315 3001 sicut
1361 2962 1483 3017 spes
1518 2949 1740 3001 roborat

157 3028 656 3096 pusillanimitatem
705 3045 978 3101 nostram,
1029 3037 1101 3091 ita
1152 3047 1207 3093 et
1256 3038 1475 3108 Spiritus
1522 3028 1739 3105 adjuvat

159 3117 526 3177 inﬁrmitatem
573 3135 841 3193 nostram,
878 3127 1158 3185 insinuans
1199 3129 1355 3185 nobis
1391 3131 1517 3201 quid
1559 3130 1737 3186 facere

163 3205 470 3265 debeamus.
1006 3251 1010 3254 ι
1574 3228 1577 3229 '

222 3300 311 3355 25.
348 3303 594 3359 Aucusr.
630 3305 767 3377 (Lib.
810 3325 825 3363 ι
878 3320 1060 3366 contra
1092 3312 1342 3377 Maxim.,
1391 3312 1502 3368 fere
1549 3314 1737 3379 initio,

162 3401 281 3447 tum.
318 3393 431 3468 Vl.)
474 3396 582 3452 Sed
610 3388 738 3468 ipse
777 3401 989 3468 spiritus
1020 3401 1267 3471 postulat.
1306 3401 1397 3456 Sic
1425 3402 1626 3456 dictum
1658 3412 1741 3458 est

162 3485 436 3551 gemitibus
491 3487 817 3558 interpellat,
859 3498 918 3544 ut
953 3491 1403 3561 intelligeremus,
1449 3492 1741 3563 gemitibus

165 3571 505 3659 interpellare
537 3595 633 3633 nos
664 3580 812 3635 facit.
845 3581 1010 3635 Atiest
1036 3583 1177 3635 enim
1203 3582 1358 3637 nobis
1387 3582 1507 3655 [al.,
1537 3582 1740 3653 vobis],

164 3672 212 3715 et
240 3664 568 3724 infundendo
597 3671 921 3726 eharitatem
950 3672 1000 3726 in
1026 3674 1199 3737 nobis,
1234 3672 1362 3728 facit
1387 3674 1737 3745 interpellare

165 3768 253 3809 nos
281 3760 591 3827 gemitibus.

226 3845 310 3899 24.
359 3848 575 3927 Laure.
619 3850 811 3905 Omnia
854 3863 1218 3921 cooperantur.
1269 3853 1434 3922 Quasi
1485 3856 1736 3911 diceret:

172 3948 265 3990 non
296 3941 461 3996 solum
497 3943 766 3997 orationis
802 3940 1121 4013 cooperator
1150 3954 1233 4000 est
1260 3945 1492 4017 Spiritus
1518 3956 1739 4004 sanctus

173 4022 218 4164 :‘n
246 4025 323 4082 his
360 4033 449 4100 qui
501 4032 734 4103 diligunt
762 4033 950 4100 Deum,
981 4035 1075 4091 sed
1114 4036 1273 4092 etiam
1312 4037 1573 4094 bonorum
1619 4055 1738 4112 quae

192 4129 292 4164 Iunt
321 4121 385 4164 ah
407 4124 508 4164 at:~
1730 4116 1735 4121 ’

192 4116 293 4172 iuut
321 4121 385 4175 ab
407 4124 511 4179 eis.
1730 4116 1735 4121 ’

241 4208 322 4263 25.
357 4212 495 4268 Ναηι
522 4231 671 4285 quos.
700 4213 998 4286 Responsio
1026 4232 1123 4273 cur
1160 4218 1357 4275 dixerit
1379 4223 1735 4291 propositum.
1768 4220 1814 4278 Β

176 4295 234 4350 Ει
279 4311 355 4356 εει
391 4307 567 4361 ordo:
610 4322 732 4361 nam
774 4324 909 4377 quos
952 4312 1222 4379 praescivit
1268 4312 1574 4368 eonformes
1620 4314 1734 4369 ﬁeri

178 4387 406 4461 imaginis
437 4397 533 4453 ﬁlii
566 4399 669 4463 sui,
708 4400 758 4453 id
798 4407 879 4454 est
910 4402 1118 4457 futuros
1149 4404 1449 4457 imitatores
1474 4405 1734 4474 vestigio-

177 4491 281 4535 rum
307 4483 425 4542 Jesu
454 4490 682 4554 Christi,
707 4499 761 4545 et
798 4493 1239 4562 prcedestinavit;
1277 4495 1348 4548 ita
1385 4504 1443 4548 ut
1473 4496 1585 4565 ipse
1624 4497 1735 4564 pri-

179 4578 457 4644 mngcnitus
484 4579 558 4636 sit
588 4581 640 4636 in
668 4581 849 4637 multis
878 4584 1153 4649 fratribus,
1201 4583 1253 4639 id
1290 4594 1372 4641 est
1394 4626 1408 4649 ,
1460 4586 1735 4657 print-ipa-

183 4668 279 4718 tum
311 4668 510 4729 habens
538 4673 590 4728 in
623 4674 849 4743 collegio
873 4685 1207 4730 sanctorum.

238 4756 320 4811 26.
374 4762 609 4821 Aucusr.
666 4764 801 4834 (Lib.
842 4764 920 4820 De
969 4766 1104 4820 dono
1158 4783 1385 4836 persev.,
1452 4782 1570 4835 cap.
1624 4768 1733 4837 Η.)

190 4837 587 4909 Ρνωιιεειὶηαυει.
629 4853 754 4908 llzcc
800 4862 884 4909 est
927 4855 1327 4924 prtedcstiuatio
1389 4867 1734 4921 sanctorum,

185 4942 441 4997 presentia
489 4943 614 5016 (ab,
654 4943 1020 5015 prteseientia]
1061 4943 1289 5010 scilicet,
1321 4954 1376 4999 et
1415 4946 1736 5014 prmparatio

188 5020 545 5088 beneficiorum
574 5035 687 5089 Dei.

247 5115 328 5171 27.
364 5122 599 5181 Aucusr.
650 5124 787 5196 (Lib.
843 5141 954 5180 χχιι
1009 5124 1081 5181 De
1141 5127 1257 5180 civit
1300 5126 1418 5192 Dei,
1450 5143 1568 5197 cap.
1623 5128 1733 5199 15).

190 5201 468 5275 ϐοηῙονηιειι
505 5217 643 5285 ﬁeri.
698 5217 882 5271 Potest
938 5219 1230 5273 secundum
1282 5219 1552 5273 hominem
1605 5206 1737 5276 inte-I

191 5293 366 5355 riorem
402 5305 642 5380 intelligi.
676 5307 830 5363 Unde
862 5309 1015 5363 nobis
1041 5310 1146 5365 alio
1183 5310 1301 5364 loco
1336 5311 1466 5365 dicit
1496 5329 1508 5364 :
1547 5311 1733 5381 Refor-

192 5391 385 5445 mamini
410 5398 461 5450 in
483 5401 707 5454 novitate
734 5401 917 5454 mentis
944 5412 1142 5455 vestrm.
1181 5382 1363 5456 Plotest
1384 5412 1438 5457 et
1465 5404 1543 5457 sic
1566 5403 1732 5473 accipi

193 5480 244 5527 ut
266 5492 355 5535 nos
380 5484 449 5539 illi
474 5488 767 5545 efﬁciamur
791 5490 1196 5547 immortalitate
1224 5492 1549 5547 eonformes.
1582 5493 1733 5560 Quod

1841 2942 2263 2997 Prtrdcstiuavit.
2323 2940 2729 2995 Prtedesﬁnavit
2776 2956 2876 2995 nos
2917 2940 3077 3006 Deus,
3129 2952 3414 3012 antequam

1839 3046 2111 3095 essemus;
2148 3029 2361 3084 vocavit
2390 3038 2591 3094 autem,
2620 3043 2739 3083 cum
2767 3029 2941 3083 aversi
2965 3045 3231 3096 essemus;
3258 3030 3418 3099 justi-

1842 3124 2041 3185 ﬁcavit,
2086 3138 2207 3175 cum
2241 3130 2555 3192 peccatores
2602 3135 2884 3185 essemus;
2918 3120 3263 3191 gloriﬁcavit,
3296 3124 3414 3176 eum

1840 3214 2093 3271 mortales
2120 3228 2383 3269 essemus.

1910 3336 1997 3390 20.
2030 3338 2235 3391 Lassa.
2270 3330 2615 3399 Gloriﬁcari'.
2653 3328 2697 3383 Il
2735 3343 2765 3384 c
2800 3330 3033 3384 nomium
3074 3328 3269 3383 factum
3304 3338 3415 3397 est,

1840 3429 1931 3481 sed
1965 3429 2053 3482 ﬁet
2085 3429 2134 3481 in
2168 3426 2343 3481 futura
2376 3425 2506 3478 vita.

1852 3502 1855 3505 I
1912 3518 2001 3571 50.
2030 3518 2168 3583 Quid
2192 3533 2311 3584 ergo
2343 3516 2593 3577 dicemus,
2620 3514 2671 3567 itl
2705 3520 2808 3576 est,
2834 3527 2968 3581 quas
2994 3512 3180 3583 dignas
3207 3494 3418 3581 gratias

1844 3612 2140 3665 refetemus
2172 3608 2281 3663 Deo
2312 3624 2406 3678 pro
2437 3606 2519 3661 his
2550 3606 2711 3660 tantis
2733 3604 2936 3659 bonis?

1914 3699 2002 3753 5i.
2048 3696 2189 3766 Quid
2204 3699 2363 3754 etiam
2392 3696 2554 3752 Filio.
2587 3695 2752 3763 Quasi
2785 3695 2959 3761 dicat;
2993 3710 3095 3749 non
3128 3695 3297 3749 solum
3328 3694 3418 3748 dat

1842 3789 2000 3845 nobis
2038 3790 2178 3845 Deus
2206 3804 2310 3843 non
2356 3786 2546 3842 timere
2587 3786 2959 3850 adversarios,
3000 3784 3096 3839 sed
3125 3784 3286 3839 etiam
3326 3784 3419 3837 dat

1843 3882 1997 3936 nobis
2025 3880 2226 3945 omnia,
2258 3880 2397 3934 sicut
2433 3878 2579 3932 illum
2609 3875 2758 3931 dedit
2780 3875 2955 3930 nobis.

1911 3972 1998 4025 52.
2041 3971 2123 4024 An
2146 3970 2354 4041 gladius
2380 3969 2404 4022 ?
2435 3966 2719 4029 Subaudis,
2747 3964 2877 4019 nihil
2900 3966 3110 4019 horum.

1909 4064 1996 4119 55.
2043 4063 2192 4118 Sicut
2219 4063 2468 4131 scriptum
2499 4068 2593 4114 est.
2624 4059 2686 4113 Et
2729 4058 2828 4113 hoc
2859 4058 3066 4127 probat.

1911 4154 2005 4208 5i.
2048 4151 2275 4223 Propter
2298 4167 2435 4215 eum,
2474 4150 2525 4204 id
2561 4156 2643 4203 est
2672 4156 2889 4218 propter
2909 4147 3025 4216 ejus
3052 4160 3310 4201 amorem.

1911 4247 2002 4301 55.
2047 4244 2216 4308 Mors,
2251 4243 2303 4297 id
2331 4250 2414 4295 est
2442 4239 2791 4296 comminatio
2819 4237 3030 4293 mortis.

1909 4335 1997 4388 56.
2039 4333 2183 4394 Vita,
2210 4333 2261 4385 id
2288 4340 2370 4384 est
2392 4327 2677 4399 promissio
2700 4328 2842 4382 vita}.

1908 4423 1996 4476 57.
2040 4419 2245 4489 Angeli,
2278 4419 2507 4483 scilicet,
2542 4416 2691 4471 mali.

1907 4531 1996 4586 58.
2037 4530 2277 4585 Aunnos.
2323 4526 2504 4597 Neque
2523 4536 2785 4581 creatura.
2809 4525 2920 4581 Nec
2948 4525 2992 4582 si
3022 4534 3138 4581 arte
3162 4534 3217 4581 et
3242 4527 3407 4583 subli-

1839 4624 2031 4680 mitate
2083 4622 2295 4678 astutiae
2355 4636 2503 4695 suae,
2550 4620 2709 4674 aliam
2760 4620 2929 4692 ﬁngat
2989 4629 3291 4675 creaturam
3348 4622 3415 4675 ad

1838 4716 2061 4781 horam,
2090 4717 2231 4772 sicut
2272 4713 2546 4769 ﬁnxerunt
2582 4710 2798 4768 Jamnes
2834 4720 2889 4767 et
2925 4710 3194 4767 Mambres
3232 4726 3415 4768 coram

1838 4808 2143 4863 Pharaone.

1906 4918 2056 4974 CAP.
2082 4917 2176 4976 1X.
2215 4948 2284 4958 —
2318 4918 2366 4971 1.
2396 4916 2598 4970 Lassa.
2650 4914 2950 4968 Veritatem.
2987 4911 3148 4979 Quasi
3182 4912 3304 4981 quis
3344 4911 3417 4965 di-

1837 5020 2024 5063 ceret:
2067 5009 2160 5080 qui
2198 5008 2471 5077 quondam
2531 5004 2826 5060 Ecclesium
2859 5004 2951 5058 Dei
2984 5002 3414 5073 perscquebaris,

1839 5102 2106 5170 quomodo
2149 5116 2291 5155 nunc
2335 5100 2410 5154 ita
2451 5098 2734 5169 loqueris?
2782 5096 3151 5160 lncessanter,
3202 5094 3373 5161 inquit
3399 5134 3412 5155 ,

1838 5194 1995 5250 doleo
2020 5195 2160 5264 quod
2201 5194 2444 5249 fecerim.
2478 5253 2483 5262 ι

1908 5305 1965 5357 2.
2003 5304 2069 5357 In
2093 5302 2294 5373 Spiritu
2313 5311 2515 5364 sancta,
2533 5301 2584 5356 id
2610 5308 2713 5364 est,
2738 5314 2836 5368 per
2857 5297 3115 5366 Spiritum
3144 5303 3410 5360 sanetum,

1836 5411 1995 5467 quem
2020 5396 2072 5449 in
2102 5409 2159 5449 se
2190 5395 2374 5459 habet,
2402 5408 2431 5447 a
2464 5408 2572 5463 quo
2598 5392 2699 5447 sibi
2730 5392 2934 5446 veritas
2966 5388 3278 5457 inspiratur.

1907 5491 1960 5544 5.
1989 5486 2246 5557 Optabam
2296 5488 2454 5540 enim.
2493 5484 2725 5554 Exponit
2766 5496 2865 5535 cur
2904 5481 3101 5544 doleat,
3166 5478 3415 5533 videlicet

196 5564 251 5616 all
276 5568 433 5638 ipsam
480 5582 928 5637 resurrectionem
970 5584 1223 5653 pertinet,
1261 5584 1550 5640 secundum
1590 5586 1731 5657 quod
1760 5564 1805 5625 C
1838 5597 1943 5650 quo
1971 5592 2206 5647 tempore
2233 5576 2653 5647 persequebatur
2678 5572 2973 5626 Ecclesiam
2994 5570 3214 5632 Christi,
3252 5585 3302 5637 οῖ
3326 5579 3410 5622 tn-

198 5658 561 5737 itrimogenitus
589 5677 772 5747 utique
803 5692 832 5732 a
872 5677 1095 5735 mortuis
1131 5687 1232 5733 est.

1839 5677 1929 5729 hat
1957 5687 2073 5728 esse
2098 5670 2302 5726 alienus
2322 5686 2350 5723 a
2382 5667 2595 5723 Christo
2624 5683 2634 5720 :
2677 5675 2729 5720 et
2757 5665 2859 5719 hoc
2907 5666 3044 5720 bono
3067 5664 3180 5719 zelo
3221 5662 3411 5716 iecisse
