3954 6306
86 393 185 451 137
818 387 885 442 IN
928 388 991 444 D.
1028 386 1237 446 PAULI
1267 385 1488 443 EPIST.
1527 386 1667 443 C051

1805 386 1983 448 Ir...
2022 385 2238 442 EPIST.
2279 361 2575 442 an'nou.
3227 386 3331 444 ηε

76 505 335 564 currentis
362 503 556 559 scilicet
597 511 650 557 ut
681 502 934 573 salvetur,
978 504 1071 560 sed
1103 504 1413 560 miserentis
1449 512 1535 559 est
1560 502 1681 557 'Dei.
1725 503 1866 559 Dicit
1911 502 2056 559 enim
2108 503 2196 557 l7.
2241 501 2519 571 Scriptura
2571 499 2839 555 Pharaoni
2877 518 2889 553 :
2944 498 3107 563 Quia,
3136 500 3190 554 in
3228 500 3339 555 liae

83 602 248 670 ipsum
272 597 503 653 excitavi
537 604 611 662 te,
635 604 694 650 ut
714 595 995 651 ostendam
1020 594 1073 649 in
1101 604 1152 650 te
1179 594 1436 650 virtutem
1475 596 1693 650 meam:
1745 604 1801 649 et
1830 606 1891 649 ut
1934 593 2291 649 annuntietur
2332 608 2530 647 nomen
2568 606 2745 645 nicum
2774 588 2828 644 in
2862 589 3117 646 universa
3167 590 3336 646 terra.

78 690 346 749 Conclusio
377 688 648 759 utriusque
672 682 992 759 quiestionis.
1022 686 1164 757 Ergo
1192 687 1347 758 cujus
1377 686 1489 740 vult
1509 686 1818 751 miseretur,
1848 695 1905 741 et
1929 700 2092 755 quem
2125 684 2237 738 vult
2266 682 2503 738 indurat.
2532 682 2678 737 Dicis
2701 679 2887 749 itaque
2914 680 3045 735 mihi
3076 698 3089 732 :
3125 680 3213 747 {8,
3241 680 3335 735 i9.

90 783 219 849 Quid
242 780 419 836 adhuc
438 777 743 849 quaeritur?
780 776 1044 832 voluntati
1078 777 1195 850 ejus
1221 776 1344 846 quis
1370 776 1612 832 resistit?
1650 776 1741 830 20.
1775 776 1819 831 Ο
1850 777 2031 838 homo,
2068 784 2121 828 tu
2150 774 2237 843 qui
2266 788 2347 838 es,
2400 774 2491 843 qui
2522 773 2850 843 respondeas
2898 770 3053 826 Deo?
3082 769 3336 841 Nunquid

84 874 203 930 dicit
225 871 538 942 ﬁgmentum
564 869 615 925 ei
653 868 744 939 qui
768 866 826 924 ‘Se
848 868 1003 923 ﬁnxit
1022 886 1041 923 :
1073 869 1211 938 Quid
1235 883 1321 924 me
1351 867 1523 924 iecisti
1562 866 1674 924 sic?
1702 868 1786 921 An
1815 882 1917 921 non
1955 866 2116 921 habet
2149 874 2473 935 potestatem
2507 864 2700 935 ﬁgulus
2728 863 2823 918 luti
2848 878 2916 919 ex
2941 863 3129 918 eadem
3157 876 3338 917 massa

79 968 252 1022 iacere
273 963 421 1018 aliud
458 962 677 1033 quidem
707 968 803 1018 vas
839 963 893 1018 in
932 963 1221 1028 honorem,
1276 961 1421 1016 aliud
1448 976 1580 1017 vero
1625 962 1680 1016 in
1716 959 2135 1015 contumeliam?
2196 959 2289 1013 2i.
2338 958 2490 1025 Quod
2544 958 2588 1012 si
2643 956 2786 1013 Deus
2830 956 3018 1011 volens
3052 956 3347 1009 ostendere

82 1056 293 1128 (scilicet
324 1056 383 1109 in
404 1054 591 1124 futuro
617 1052 833 1123 steculo)
865 1053 1025 1120 iram,
1052 1062 1108 1108 et
1154 1062 1339 1108 notam
1376 1052 1577 1108 lacere
1610 1055 1908 1123 potentiam
1959 1065 2136 1116 suam,
2176 1050 2435 1106 sustinuit
2470 1050 2522 1104 in
2569 1049 2736 1104 multa
2770 1047 3028 1119 patientia
3060 1061 3187 1102 vasa
3244 1046 3341 1101 irae.

80 1157 194 1217 apta
224 1146 277 1201 in
302 1144 604 1210 interitum,
637 1154 699 1198 ut
717 1140 1029 1199 ostenderet
1069 1142 1285 1198 divitias
1306 1141 1490 1213 gloria:
1518 1158 1631 1198 sua:
1661 1143 1714 1197 iu
1747 1158 1875 1197 vasa
1898 1140 2301 1207 misericordiae,
2327 1155 2445 1210 qua:
2472 1141 2797 1210 przepnravit
2827 1140 2882 1195 in
2905 1138 3151 1210 gloriam.
3194 1134 3346 1204 Quos

79 1248 129 1293 et
147 1238 352 1294 vocavit
377 1252 479 1293 nos
511 1251 618 1291 non
649 1235 823 1292 solum
850 1251 917 1291 ex
945 1235 1165 1301 Judteis,
1193 1236 1287 1291 sed
1312 1235 1475 1291 etiam
1507 1249 1574 1291 ex
1597 1235 1866 1305 gentibus.
1894 1232 2091 1288 Probat
2117 1234 2242 1304 quia
2267 1234 2458 1287 vocavit
2482 1249 2547 1288 ex
2577 1234 2835 1303 gentibus,
2865 1234 2999 1288 sicut
3024 1235 3078 1287 in
3101 1234 3235 1288 Osce
3259 1232 3348 1285 di-

76 1330 224 1383 citur.
244 1346 290 1382 c.
315 1343 380 1391 ι..
416 1328 570 1383 Sicut
592 1328 645 1383 iu
674 1327 813 1384 Osee
835 1326 993 1383 dicit:
1023 1328 1113 1383 22.
1148 1328 1363 1384 Vocabo
1391 1341 1494 1381 non
1522 1326 1732 1396 plebem
1764 1340 1959 1391 meam,
1988 1325 2198 1397 plebem
2220 1337 2430 1391 meam;
2457 1336 2511 1379 et
2542 1342 2648 1380 non
2672 1327 2944 1391 dilectam,
2968 1325 3252 1391 dilectam;
3283 1334 3343 1380 et

84 1437 181 1475 non
213 1420 644 1476 misericordiam
668 1419 779 1491 29
804 1430 1188 1485 consecutam,
1219 1418 1651 1475 misericordiam
1676 1416 2168 1474 consecutam.~25.
2198 1416 2265 1470 Et
2296 1416 2424 1481 erit,
2460 1416 2511 1470 in
2544 1416 2683 1483 loco,
2712 1417 2801 1472 ubi
2841 1417 3045 1472 dictum
3083 1428 3167 1473 est
3208 1418 3290 1472 eis
3318 1435 3334 1472 :

82 1510 190 1567 Non
228 1511 378 1582 plebs
407 1525 526 1566 mea
555 1526 667 1577 vos,
707 1512 778 1566 ibi
812 1512 1151 1568 vocabuntur
1174 1510 1267 1565 ﬁlii
1292 1510 1388 1566 Dei
1420 1509 1551 1588 vlivi.
1585 1507 1779 1563 Probat
1818 1513 1957 1579 quod
1984 1525 2049 1563 es:
2069 1508 2275 1562 Judcets
2299 1508 2515 1569 vocavit,
2558 1509 2683 1578 quia
2712 1518 2937 1563 testatur
2976 1506 3173 1574 Isaias,
3217 1528 3267 1565 c.
3295 1529 3340 1567 ι.

78 1604 237 1659 lsaias
271 1614 454 1659 autem
491 1602 688 1659 clamat
713 1617 813 1672 pro
836 1603 1022 1669 Israel,
1047 1620 1143 1672 pro
1160 1603 1496 1658 conversione
1520 1599 1692 1655 Israel
1724 1616 1742 1653 :
1782 1602 1871 1655 24.
1905 1602 1961 1657 Si
1987 1600 2151 1656 fuerit
2179 1614 2441 1655 numerus
2476 1599 2709 1656 litorum
2738 1600 2900 1656 lsrael
2937 1612 3195 1671 tanquam
3225 1617 3346 1658 are-

80 1712 141 1753 na
182 1697 367 1761 maris,
408 1696 502 1759 25,
533 1695 625 1749 26.
667 1696 910 1766 reliquiae
939 1696 1103 1751 salva:
1136 1696 1287 1751 ﬁent.
1316 1695 1409 1760 27,
1435 1695 1525 1750 28.
1559 1694 1793 1750 Verbum
1819 1694 1918 1764 (vel
1944 1694 2154 1748 verbum
2195 1692 2464 1749 Christum
2507 1690 2815 1758 breviatum,
2851 1695 2986 1749 sicut
3037 1694 3202 1759 illud;
3245 1694 3351 1749 llic

84 1785 232 1839 nuisti
252 1802 369 1839 eum
398 1786 556 1857 paulo
582 1787 756 1840 minus
780 1786 843 1839 ab
868 1786 1089 1855 angelis}
1110 1786 1254 1841 enim
1294 1800 1700 1851 consummatis,
1736 1794 1792 1841 et
1830 1785 2176 1846 abbrevians,
2201 1785 2259 1838 id
2281 1795 2355 1839 est
2377 1796 2639 1855 prlecepta
2657 1782 2804 1855 legis,
2828 1785 2887 1840 in
2916 1787 3191 1855 aequitate,
3216 1787 3347 1857 quia

82 1878 297 1933 verbum
333 1876 638 1933 breviatum
670 1878 855 1944 faciet,
889 1877 1085 1932 scilicet
1111 1878 1314 1948 jnbebit
1344 1877 1632 1943 observari,
1659 1877 1922 1932 Dominus
1968 1892 2131 1947 super
2176 1886 2397 1943 terram,
2453 1887 2508 1932 et
2558 1880 2704 1933 sicut
2741 1878 3223 1948 prmdixitlsaias:
3252 1878 3345 1935 29.

84 1967 186 2022 Nisi
212 1969 474 2026 Dominus
493 1970 723 2049 sahaoth
764 1968 1076 2039 reliquisset
1113 1969 1204 2023 30.
1249 1968 1404 2024 nobis
1439 1983 1643 2037 semen,
1696 1968 1838 2023 sicut
1883 1966 2116 2022 Sodoma
2150 1966 2280 2022 facti
2315 1982 2582 2034 essemus,
2614 1970 2669 2022 id
2701 1979 2779 2023 est
2806 1971 3014 2039 penitus
3042 1972 3351 2042 periclitati,

79 2072 131 2117 et
156 2063 296 2118 sicut
320 2063 628 2120 Gomorrba
653 2063 860 2119 similes
891 2062 1204 2118 fuissemus.
1238 2061 1377 2128 Quid
1399 2076 1528 2132 ergo
1552 2062 1833 2117 dicemus?
1854 2059 2133 2115 Conclusio
2179 2063 2319 2130 quod
2345 2061 2471 2114 dicit
2496 2077 2516 2115 :
2551 2061 2634 2116 Ea:
2677 2063 2915 2132 gentibus
2945 2066 3164 2131 vocavit,
3200 2067 3357 2136 quod

84 2165 286 2225 gentes,
318 2171 441 2226 quat
482 2171 590 2212 non
646 2155 997 2212 sectabantur
1032 2154 1322 2225 justitiam,
1375 2152 1855 2225 apprehenderunt
1901 2151 2209 2221 justitiam;
2246 2153 2511 2223 justitiam
2553 2162 2755 2220 autem,
2806 2170 2927 2225 qua:
2970 2172 3038 2212 ex
3094 2158 3199 2213 ﬁde
3249 2168 3356 2214 est.

78 2246 235 2302 lsrael
262 2261 398 2302 vero
432 2246 693 2302 sectando
721 2245 892 2315 legem
941 2244 1191 2312 justitize,
1225 2245 1279 2297 id
1308 2254 1383 2297 est
1415 2242 1664 2296 carnales
1690 2242 2097 2305 observationes,
2145 2259 2266 2312 qute
2304 2260 2397 2311 per
2447 2243 2605 2311 ﬁdem
2643 2244 3031 2314 justi/iocatur,
3076 2248 3149 2302 in
3187 2249 3359 2319 legem

73 2340 290 2410 justitim
318 2353 427 2393 non
460 2337 727 2406 pervenit.
755 2336 982 2402 Quare?
1012 2335 1147 2402 Quia
1180 2348 1287 2389 non
1317 2350 1385 2388 ex
1425 2333 1552 2398 ﬁde,
1578 2332 1773 2385 scilicet
1796 2332 2052 2400 putabant
2088 2332 2349 2386 Immineat
2364 2334 2678 2401 justiﬁcari,
2721 2337 2817 2391 sed
2861 2338 3017 2406 quasi
3070 2353 3138 2393 ex
3171 2342 3357 2409 operi-

79 2433 205 2487 bus:
234 2430 330 2486 5l.
360 2428 707 2484 oﬂ‘enderunt
758 2427 903 2482 enim
946 2426 1279 2497 in-lapidem
1327 2424 1662 2487 oﬂ‘ensionis,
1694 2423 1783 2476 52.
1829 2424 1972 2477 sicut
1998 2424 2262 2492 scriptum
2302 2432 2385 2478 est
2418 2440 2431 2477 :
2476 2426 2618 2481 Ecce
2656 2440 2799 2495 pono
2839 2427 2892 2481 in
2934 2427 3064 2483 Sion
3119 2430 3356 2501 lapidem

80 2524 414 2588 oﬁ‘ensiouis,
449 2530 503 2577 et
525 2529 733 2593 petram
757 2519 1019 2585 scandali,
1044 2527 1101 2574 et
1130 2519 1307 2574 omnis
1331 2517 1422 2588 qui
1448 2517 1620 2572 credit
1643 2516 1694 2569 in
1726 2531 1872 2578 eum,
1900 2531 2003 2569 nou
2030 2514 2415 2571 confundetur.

1430 2600 1998 2663 CUMKENTARIUS.

149 2707 232 2761 Π.
292 2704 587 2775 Scriptura.
642 2701 940 2769 Quamdam
996 2708 1202 2754 tantum
1266 2697 1550 2752 utilitatem
1599 2713 1666 2751 ex
1697 2706 1740 2760 Α
1839 2696 1930 2750 25.
1968 2693 2038 2747 Et
2080 2696 2178 2749 erit
2227 2694 2282 2749 in
2330 2694 2465 2749 loco.
2514 2694 2682 2751 Judaei
2715 2710 2812 2767 per
2860 2698 3060 2755 multas
3111 2704 3361 2760 nationes

89 2795 421 2851 induratione
476 2793 772 2848 inﬁdelium
825 2792 1113 2861 provenire
1174 2790 1440 2853 ostendit;
1498 2804 1672 2856 neque

96 2887 274 2954 probat
308 2895 487 2941 tamen
518 2882 662 2955 quod
718 2882 977 2951 iniquitas
1009 2896 1119 2935 non
1170 2878 1337 2935 fuerit
1387 2879 1530 2934 Esau
1588 2895 1673 2934 re-

96 2978 356 3045 probasse.
1666 3018 1671 3023 .

160 3069 242 3125 18.
283 3068 525 3124 AUGUST.
554 3065 729 3138 (ibid.)
756 3065 896 3133 Quid
923 3066 1095 3119 adhuc
1126 3065 1400 3135 queritur!
1429 3064 1541 3119 Hoc
1589 3074 1674 3120 est

102 3159 231 3215 enim
258 3161 437 3216 dicere
472 3178 487 3213 :
514 3158 650 3227 Quid
677 3158 743 3213 de
776 3156 929 3212 nobis
961 3157 1020 3211 ﬁt
1057 3156 1281 3226 querela
1319 3156 1462 3225 quod
1504 3155 1674 3210 Deum

95 3250 402 3307 odendimus
438 3249 583 3305 male
613 3247 878 3314 vivendo;
902 3263 1025 3303 cum
1057 3246 1197 3302 illius
1223 3246 1485 3301 voluntati
1518 3260 1677 3300 uerno

100 3342 254 3409 possit
305 3342 595 3406 resistere,
633 3340 850 3410 quinos
900 3337 1189 3394 obduravit
1244 3338 1675 3394 misericordiam

103 3448 194 3487 non
220 3433 561 3504 praestando?

172 3525 247 3579 l9.
277 3525 476 3580 Laure.
497 3523 638 3590 Quid
659 3523 831 3578 adhuc
848 3522 1126 3593 queritur?
1145 3521 1341 3576 Audito
1365 3520 1470 3575 hoc
1487 3522 1674 3588 verbo,

101 3631 237 3683 quem
259 3617 616 3680 vultindurat,
635 3615 970 3685 interrogare
993 3623 1204 3684 poterat
1227 3612 1464 3668 carnalis
1492 3612 1675 3681 homo,

102 3716 150 3759 et
176 3708 534 3779 voluptatibus
555 3708 760 3773 vivens,
792 3708 1056 3761 adversus
1106 3707 1274 3762 Deum
1306 3721 1674 3776 murmurans,

108 3798 357 3857 etdivina:
385 3800 657 3856 voluntati
706 3814 814 3853 non
868 3798 1003 3853 vitio
1050 3812 1151 3853 suo
1207 3797 1473 3867 deputans
1533 3800 1677 3869 quod

109 3887 216 3943 talis
235 3890 301 3945 sit
327 3911 339 3945 :
380 3891 527 3959 Quid
556 3891 733 3945 adhuc
763 3889 1103 3960 diSputatur?
1126 3887 1373 3960 Intelligo
1414 3890 1557 3960 quod
1588 3904 1677 3945 se-

1775 2786 1939 2841 etiam
1992 2794 2117 2840 ante
2172 2787 2461 2842 adventum
2498 2788 2696 2843 Christi
2743 2791 2916 2859 sparsi
2963 2804 3150 2861 erant;
3178 2811 3207 2849 a
3238 2798 3363 2867 qui-

1772 2878 1877 2933 bus
1920 2878 2205 2935 dicebatur
2250 2894 2391 2951 saepe
2427 2880 2679 2951 gentibus
2726 2883 2853 2953 quia
2904 2884 3058 2955 plebs
3086 2888 3200 2944 .Dei
3253 2905 3362 2946 rion

1774 2979 1975 3023 essent.

1848 3060 1938 3115 2t.
1982 3060 2044 3117 Si
2098 3062 2277 3132 fuerit.
2321 3062 2575 3119 Probalio
2617 3065 2745 3136 quia
2791 3082 2921 3124 vasa
2976 3071 3366 3130 misericordia:

1775 3166 1840 3207 ex
1869 3151 2069 3208 Iudaeis
2098 3168 2130 3207 a
2162 3155 2271 3209 Deo
2293 3164 2482 3210 vocata
2507 3166 2656 3223 sunt,
2690 3158 2880 3222 fuerit;
2902 3162 3155 3219 inusitata
3185 3174 3373 3220 trans-

1778 3240 1979 3296 latione
2004 3242 2075 3297 ita
2105 3244 2408 3313 reperiatur
2441 3263 2454 3299 :
2518 3245 2573 3302 Si
2604 3247 2769 3303 fuerit
2795 3252 3026 3321 populus
3049 3263 3172 3309 tuus
3198 3256 3365 3312 lsrael

1778 3333 1937 3404 quasi
1987 3349 2153 3389 arena
2202 3336 2407 3403 maris,
2454 3339 2682 3409 reliqua:
2729 3353 3120 3400 convertentur
3146 3362 3215 3401 ex
3259 3364 3361 3416 eo;

1776 3427 2177 3483 consummatio
2204 3428 2518 3485 abbreviata
2565 3433 2843 3489 mandavit
2882 3435 3184 3505 justitiam;
3237 3456 3372 3495 ροη-

1779 3520 2194 3575 summalioncm
2223 3520 2368 3576 enim
2390 3531 2442 3576 et
2468 3522 2927 3581 abbreviationem
2948 3527 3208 3585 Dominus
3225 3529 3369 3588 Deus

1778 3612 2117 3666 exercituum
2147 3609 2307 3666 faciet
2330 3611 2383 3666 in
2414 3612 2593 3669 medio
2623 3615 2799 3671 omnis
2818 3604 2998 3673 terrae.

1850 3700 1940 3756 25.
1983 3699 2261 3772 Reliquitv,
2293 3702 2345 3756 id
2374 3712 2477 3769 est,
2510 3703 2645 3761 viles
2685 3707 2867 3776 pauci,
2897 3709 2989 3779 qui
3031 3709 3099 3766 de
3144 3718 3371 3772 numero

1781 3793 2075 3851 inﬁdelium
2104 3796 2391 3865 impiorum
2415 3783 2735 3868 regnabant.

1847 3886 1939 3941 26.
1981 3888 2221 3942 Asianos.
2274 3888 2532 3960 Reliquim
2565 3892 2727 3946 salva:
2766 3893 2913 3961 ﬁent.
2969 3893 3370 3956 Recedentibus
3446 3893 3451 3897 ’

107 3981 288 4047 quitur,
322 3984 462 4040 Nihil
485 3983 635 4039 valet
658 3992 845 4038 contra
879 3982 1011 4037 vitia
1049 3980 1203 4036 labor
1253 3997 1425 4047 mens,
1474 3981 1679 4037 inutilis
1711 4054 1750 4063 _
1778 3975 1980 4034 Iudaeis
2001 3995 2030 4032 a
2058 3980 2255 4036 merito
2284 3990 2337 4036 et
2373 3983 2736 4051 promissione
2760 3994 2978 4055 patrum
3000 4028 3014 4053 ,
3042 3988 3096 4044 bi
3130 3982 3373 4063 reliquiae

108 4082 178 4126 est
200 4075 451 4132 industria
480 4091 628 4133 mea.
657 4076 803 4131 Talis
831 4090 925 4130 ero
951 4075 1165 4144 qualem
1219 4090 1306 4129 me
1330 4075 1471 4147 Deus
1497 4074 1678 4129 volue-
1711 4054 1753 4112 Β
1783 4080 1926 4134 sunt,
1952 4072 2043 4142 qui
2072 4073 2123 4126 in
2147 4073 2251 4129 lide
2277 4076 2595 4145 persislunt.

112 4163 169 4214 rit
192 4179 320 4222 esse.
349 4167 622 4222 Voluntati
652 4168 795 4222 enim
820 4167 938 4237 ejus
963 4167 1086 4235 quis
1114 4166 1365 4221 resistet?

169 4255 250 4310 2t).
285 4258 527 4315 Aucnsr.
578 4257 751 4331 (ibid.)
780 4259 825 4313 0
852 4261 1030 4325 homo,
1077 4269 1135 4312 tu
1174 4258 1293 4330 quis
1318 4274 1392 4312 es.
1414 4257 1562 4312 Satis
1608 4258 1679 4313 sit

112 4349 306 4404 interim
346 4368 408 4407 ex
437 4351 749 4409 Christiana
779 4351 883 4407 ﬁde
912 4351 1038 4423 [al.,
1076 4350 1389 4407 Christiano
1437 4367 1500 4405 ex
1528 4350 1677 4423 ﬁde],

115 4436 269 4495 adhuc
295 4444 518 4510 viventi,
556 4452 612 4497 et
648 4442 884 4497 nondum
911 4444 1153 4499 cernenti
1180 4442 1325 4513 quod
1377 4441 1676 4512 perfectura

114 4533 205 4590 οδι,
225 4530 312 4585 sed
346 4546 412 4586 ex
444 4541 605 4603 parte
642 4531 837 4587 scienti
885 4547 1047 4589 nosse
1099 4533 1183 4587 vel
1222 4532 1476 4598 credere;
1536 4534 1679 4603 quod

116 4621 360 4679 neminem
420 4628 564 4682 lleus
610 4625 807 4681 liberet
858 4626 964 4681 nisi
1020 4625 1257 4697 gratuita
1304 4626 1677 4701 misericordia

116 4720 201 4772 νοτ
231 4711 505 4771 Dominum
554 4724 797 4769 nostrum
830 4714 1014 4771 Jesum
1042 4714 1361 4781 Christum;
1414 4724 1470 4772 et
1504 4716 1679 4771 nemi-

121 4812 226 4853 nem
262 4805 473 4863 damnet
510 4806 617 4862 nisi
656 4807 964 4878 aequissima
1009 4808 1237 4864 veritate
1274 4823 1371 4878 per
1426 4809 1676 4865 eumdem

118 4887 375 4951 Dominum
400 4910 649 4955 nostrum
677 4897 863 4955 Jesum
890 4899 1189 4956 Christum.
1218 4899 1329 4955 Cur
1356 4912 1535 4956 autem
1577 4916 1677 4971 po-

121 4980 212 5037 tius
232 4985 370 5044 illum
400 5008 564 5063 quam
605 4991 754 5047 illum
808 4992 1019 5059 liberet,
1069 5002 1341 5048 scrutetur
1375 4994 1467 5062 qui
1500 5003 1678 5063 potest

117 5067 416 5138 iudiciorum
436 5083 554 5153 ejus
581 5094 690 5139 tam
739 5100 993 5156 magnum
1049 5084 1407 5156 profundum;
1464 5101 1678 5141 verum-

124 5171 278 5222 tamen
294 5186 490 5230 caveat
519 5178 897 5248 praecipitium.

182 5256 261 5311 2|.
291 5260 479 5319 Laara.
512 5267 665 5333 Quod
702 5269 746 5323 si
778 5269 922 5324 Deus
969 5269 1161 5324 colens.
1222 5268 1451 5324 Causam
1504 5268 1677 5323 reddit

123 5350 461 5410 curinﬁtleles
484 5359 839 5422 obdurentur.
893 5359 1139 5415 videlicet
1186 5368 1265 5425 ut,
1320 5373 1417 5428 per
1465 5357 1674 5429 patien-

126 5436 237 5495 tiam
259 5446 604 5505 tribulationis
626 5450 695 5507 ab
718 5450 822 5504 illis
850 5449 1038 5516 illatua,
1090 5449 1275 5505 ﬁdeles
1323 5459 1671 5517 coronentur,

126 5530 429 5592 retribuente
459 5538 571 5594 Deo
593 5540 649 5594 in
680 5538 882 5594 futuro.

183 5617 264 5677 22.
302 5622 497 5682 l’ocabo
545 5647 648 5684 non
697 5631 911 5700 plebem.
956 5630 1210 5687 Probatio
1240 5632 1378 5703 quod
1410 5646 1543 5710 vasa
1572 5632 1670 5688 mi-

127 5712 403 5775 sericordia:
424 5736 487 5777 ex
513 5725 759 5792 gentibus
790 5726 1064 5778 vocaverit
1100 5726 1259 5781 Deus.
1292 5723 1494 5780 Gentes
1527 5724 1670 5779 cnim

130 5812 219 5857 non
243 5807 380 5877 plebs
404 5813 492 5869 Dei
524 5826 648 5871 ante
686 5817 841 5871 ﬁdem
873 5827 1045 5872 erant.

466 5909 754 5972 'PATROL.
795 5911 920 5972 CL.

1848 4161 1939 4217 27.
1984 4160 2206 4217 Verbum
2235 4166 2392 4219 enim.
2427 4166 2717 4233 Quoniam,
2736 4169 2960 4223 sublatis
2980 4173 3231 4227 onmibus
3254 4190 3375 4228 car-

1780 4253 1994 4308 nalibus
2036 4254 2168 4324 legis
2203 4257 2608 4323 observantiis,
2641 4260 2755 4315 sola
2802 4259 2936 4315 ﬁdes
2965 4273 3044 4315 est
3075 4263 3250 4331 posita
3301 4266 3370 4319 ad

1780 4347 2031 4403 salutem.

1848 4440 1940 4495 28.
1976 4438 2178 4494 Luam.
2230 4438 2452 4495 Verbum
2496 4443 2654 4499 enim.
2699 4446 2933 4502 Verbum
2984 4434 3372 4505 consummatis

1781 4541 1940 4588 vocat
1969 4531 2312 4589 dilectionem
2341 4532 2460 4599 Dei,
2491 4544 2546 4591 et
2572 4538 2826 4607 proximi,
2852 4554 2950 4609 per
2975 4554 3139 4610 quam
3176 4542 3371 4599 saluti

1781 4633 1902 4680 sunt
1928 4624 2109 4695 plures
2132 4625 2249 4681 sine
2269 4625 2533 4698 legalibus
2553 4629 3042 4689 observationibus.

1850 4716 1938 4772 29.
1970 4716 2211 4773 Αιωιωε.
2250 4718 2375 4773 Nisi
2422 4719 2682 4776 Dominus
2730 4723 2969 4780 sabaotlt.
3030 4726 3369 4785 Salvatorem

1781 4810 2031 4867 relictum
2066 4812 2223 4867 nobis
2252 4813 2382 4868 dicit
2435 4815 2504 4869 ad
2558 4814 2873 4885 suilragium
2925 4819 3063 4883 vitm,
3092 4808 3253 4892 quem
3305 4823 3372 4876 ab

1780 4899 1935 4959 initio
1982 4902 2245 4957 Dominus
2294 4905 2446 4960 nasci
2500 4905 2771 4974 decrevit;
2821 4924 2981 4979 quem
3022 4911 3228 4967 ideirco
3275 4928 3369 4966 se-

1779 5008 1901 5047 men
1931 4992 2091 5059 dicit,
2120 4994 2249 5063 quia
2277 5009 2373 5065 per
2401 4994 2576 5066 ipsum
2607 5009 2919 5069 reparatum
2944 5010 3028 5057 est
3062 5017 3231 5073 genus
3262 5003 3369 5056 hu-

1778 5097 2018 5137 manum.

1848 5175 1935 5232 50.
1976 5174 2179 5231 Laure.
2213 5176 2381 5233 Nobis
2424 5195 2619 5236 semen.
2651 5179 2850 5237 Semen
2886 5192 3045 5238 vocat
3090 5184 3368 5254 apostolos

1776 5276 1831 5321 et
1857 5267 2187 5337 primitivam
2209 5266 2523 5326 Ecclesium.

1849 5358 1939 5412 5i.
1984 5356 2347 5428 Offenderunt.
2400 5362 2577 5419 Causa
2612 5379 2711 5419 cur
2742 5379 2851 5421 non
2909 5373 3277 5435 pervenerunt
3311 5368 3366 5424 in

1780 5452 1950 5525 legem
1967 5452 2193 5523 jnStitia:
2218 5492 2233 5518 ,
2260 5463 2315 5509 et
2341 5470 2439 5510 cur
2463 5472 2571 5513 non
2607 5456 2834 5512 credant
2862 5457 3134 5513 hominem
3161 5460 3364 5531 justiti-

1775 5545 1889 5600 cari
1913 5560 1978 5600 ex
2012 5545 2135 5601 ﬁde.

1851 5639 1941 5693 52.
1973 5638 2121 5693 Sicut
2148 5639 2396 5710 scriptum
2426 5649 2522 5707 est,
2548 5642 2828 5708 subaudis,
2854 5642 2907 5698 in
2934 5658 3043 5715 quo
3070 5642 3174 5699 ﬁda
3201 5660 3366 5701 acma-

1781 5731 1927 5785 Iatio.
1960 5731 2085 5787 Zelo
2128 5732 2268 5786 bono
2311 5748 2408 5789 nos
2446 5732 2791 5799 :emulantur,
2842 5736 2887 5790 si
2940 5722 3189 5791 nesciunt
3231 5735 3361 5806 quid

1781 5824 2007 5890 tacium,
2032 5824 2297 5894 justitiam
2320 5824 2413 5879 Dei
2438 5838 2557 5895 quae
2582 5838 2679 5896 per
2710 5824 2869 5882 ﬁdem
2902 5827 3105 5884 Christi
3134 5835 3237 5881 est.

2882 5919 2922 5981 5
