3954 6306
137 364 223 420 in
860 346 937 406 ΙΝ
973 350 1034 407 u.
1072 343 1283 406 PAULI
1315 319 1914 407 mss-conuenta.
1946 370 2015 385 —-
2038 340 2255 401 EHST.
2294 341 2384 398 se
2423 338 2586 396 non.
3262 341 3366 398 ηε

134 481 379 551 pientcm;
418 468 638 524 miram
671 481 766 523 vos
794 467 1028 523 mittam.
1057 468 1145 524 19.
1172 467 1339 524 lsaias
1375 475 1557 522 autem
1592 466 1782 528 audet,
1849 472 1905 521 et
1939 462 2130 558 dicit:
2162 459 2419 558 lii—ventus
2447 471 2566 558 sum
2619 470 2648 508 a
2698 455 3206 558 ηοεξείυεεῖθηίὶδιιε
3238 470 3325 512 ωε

133 547 297 643 palam
323 562 548 632 apparui
586 561 651 617 iis
673 560 765 630 qui
791 575 880 616 me
902 575 1008 616 non
1031 559 1460 630 interrogabant.
1488 559 1571 614 Ad
1599 556 1761 613 Israel
1783 564 1962 613 autem
1989 552 2122 609 dicit
2147 567 2161 606 :
2196 550 2332 607 Tota
2368 549 2457 606 die
2478 548 2571 605 30.
2598 547 2829 618 expendi
2875 561 3069 603 manus
3106 562 3256 604 meas
3290 549 3360 607 ad

131 658 369 733 populi!!!)
390 668 504 710 non
532 652 865 718 credentem,
894 660 954 707 et
976 652 1464 708 contradicentes).
1563 709 1792 774 CAPUT
1829 714 1900 771 Kl

196 811 318 866 Dico
345 823 473 877 ergo
498 826 512 861 :
551 805 804 876 Nunquid
839 805 983 861 Deus
1009 803 1233 877 repulit,
1262 806 1458 862 scilicet
1482 825 1547 863 ea:
1575 819 1704 874 toto,
1728 805 1990 878 populum
2018 801 2211 860 suum?
2240 799 2422 855 Absit!
2462 797 2598 854 Nam
2630 804 2686 854 et
2720 811 2819 868 ego
2854 794 3095 852 Israelita
3121 810 3240 851 sum
3259 835 3275 860 ,
3303 810 3370 850 ex

131 901 324 956 semine
350 898 654 964 Abraham,
684 897 749 952 de
777 896 917 951 tribu
948 892 1225 966 Beniamin
1249 937 1265 962 ,
1305 908 1353 952 et
1390 915 1493 953 non
1524 895 1712 969 repulit
1732 897 1930 969 plebem
1956 911 2108 950 suam
2135 910 2153 949 :
2180 909 2283 948 non
2310 892 2506 962 repulit
2544 892 2684 945 Deus
2713 888 2923 958 plebem
2957 902 3141 953 suam,
3179 886 3374 940 scilicet

132 1003 439 1055 creaturam,
469 1005 630 1059 quam
670 988 961 1060 praescivit.
994 988 1077 1042 An
1110 990 1334 1045 nescitis
1365 991 1417 1045 in
1449 991 1562 1045 Elia
1591 991 1719 1061 quid
1748 988 1883 1044 dicit
1912 984 2215 1055 Scriptura,
2246 985 2299 1038 id
2333 993 2407 1038 est
2438 982 2525 1036 ubi
2553 981 2784 1053 loquitur
2812 980 2877 1034 de
2921 978 3072 1045 Elia,
3113 977 3377 1048 quemad-

138 1083 340 1137 modum
372 1079 682 1151 interpellat
711 1079 892 1135 'Deum
924 1078 1209 1135 adversum
1230 1074 1443 1134 "Israel?
1469 1079 1718 1141 Domine,
1739 1074 2031 1149 prophetas
2061 1085 2181 1130 tuos
2207 1070 2554 1139 occiderunt,
2578 1068 2776 1125 altaria
2808 1078 2897 1123 tua
2930 1064 3289 1131 suil‘oderunt,
3322 1078 3378 1123 et

137 1189 228 1244 ego
257 1172 475 1227 relictus
504 1172 803 1227 sum'solus
823 1213 838 1238 ,
867 1179 921 1226 et
947 1178 1198 1241 quaerunt
1225 1171 1465 1226 animam
1499 1187 1696 1227 meam.
1726 1169 1819 1224 Est
1850 1169 2100 1237 scriptum
2138 1168 2193 1220 in
2221 1162 2375 1220 tertio
2407 1164 2499 1219 lib.
2552 1162 2775 1234 Regum.
2816 1161 2922 1219 Sed
2963 1161 3093 1230 quid
3134 1162 3266 1215 dicit
3303 1162 3377 1216 illi

136 1265 361 1320 divinum
385 1262 741 1333 responsum?
770 1261 981 1331 Reliqui
1005 1262 1135 1316 mihi
1172 1269 1376 1332 septem
1407 1259 1575 1316 millia
1612 1261 1873 1322 virorum,
1907 1258 1998 1327 qui
2037 1272 2143 1311 non
2166 1261 2528 1311 curvaverunt
2555 1268 2729 1325 genua
2766 1251 3077 1345 ante-rBaal.
3112 1251 3202 1307 Sic
3229 1269 3378 1326 ergo,

135 1363 188 1410 et
214 1354 263 1407 ln
291 1353 394 1406 hoc
423 1359 693 1420 tempore,
718 1351 964 1419 reliquiae
996 1351 1293 1405 secundum
1321 1350 1643 1405 electionem
1676 1348 1865 1421 gratiae
1898 1348 2062 1403 sa‘lvte
2096 1345 2255 1401 laetae
2293 1353 2445 1431 sunt.
2472 1342 2531 1399 Si
2564 1353 2749 1401 autem
2776 1342 2981 1414 gratia,
3007 1340 3123 1413 jam
3169 1361 3276 1400 non
3313 1362 3381 1402 ex

135 1444 418 1516 operibus;
458 1442 695 1511 alioquin
730 1442 905 1512 gratia
930 1439 1178 1508 iamnon
1206 1450 1289 1495 est
1307 1442 1512 1511 gratia.
1550 1439 1689 1507 Quid
1716 1439 1881 1509 ergo?
1904 1439 2065 1506 Quod
2099 1438 2376 1508 quaerebat
2396 1434 2566 1492 'lsrael
2586 1477 2601 1502 ,
2623 1437 2733 1491 hoc
2764 1452 2869 1490 non
2897 1448 2980 1492 est
3008 1449 3334 1493 consecutus
3366 1458 3380 1493 :

140 1539 185 1590 1.
210 1534 397 1590 electio
428 1542 606 1587 autem
634 1539 923 1586 consecuta
944 1541 1053 1597 est;
1078 1532 1270 1586 caeteri
1303 1546 1431 1587 vero
1463 1531 1721 1587 exctecati
1750 1539 1902 1596 sunt,
1934 1529 2075 1585 sicut
2105 1529 2366 1598 scriptum
2391 1537 2477 1583 est
2504 1546 2516 1581 :
2547 1528 2706 1583 Dedit
2740 1526 2845 1584 illis
2869 1525 3013 1583 Deus
3040 1529 3094 1583 2.
3131 1530 3385 1598 Spiritum

133 1625 577 1695 compunctionis,
607 1623 792 1679 oculos
820 1631 879 1677 ut
907 1638 1013 1677 non
1044 1623 1292 1689 videant,
1319 1632 1374 1678 et
1405 1639 1567 1679 aures
1598 1632 1655 1678 ut
1683 1636 1790 1678 non
1824 1623 2068 1687 audiant,
2098 1633 2269 1691 usque
2298 1620 2353 1673 in
2386 1619 2706 1675 hodiernum
2730 1619 2892 1676 diem.
2916 1620 2985 1675 Et
3017 1619 3182 1676 David
3214 1622 3385 1677 dicit:

140 1712 253 1767 Fiat
280 1729 465 1769 mensa
497 1728 682 1768 eorum
726 1713 778 1767 in
820 1711 1069 1781 laqueum
1091 1753 1106 1777 ,
1140 1721 1195 1766 et
1218 1712 1613 1782 in‘captionem
1634 1752 1650 1779 ,
1694 1720 1750 1767 et
1780 1713 1833 1766 in
1861 1712 2177 1767 scandalum
2217 1719 2272 1764 et
2300 1711 2353 1764 in
2386 1711 2798 1767 retributionem
2843 1710 2968 1768 illis.
3012 1711 3388 1768 Obscurentur

138 1805 268 1859 oculi
302 1820 490 1860 eorum
524 1820 590 1860 ne
619 1806 861 1870 videant,
890 1814 946 1859 et
972 1804 1191 1859 dorsum
1221 1820 1409 1859 eorum
1436 1818 1651 1873 semper
1679 1804 1923 1859 incurva.
1958 1802 2091 1857 Dico
2117 1816 2288 1873 ergo:
2323 1800 2376 1855 5.
2410 1801 2660 1872 Nunquid
2690 1803 2770 1859 sic
2797 1801 3169 1870 offenderunt,
3207 1812 3266 1858 ut
3300 1819 3391 1858 ca-

140 1896 360 1950 derent?
384 1896 567 1951 Absit!
594 1896 697 1951 Sed
716 1894 930 1951 illorum
961 1895 1158 1950 delicto
1192 1894 1339 1951 salus
1372 1903 1456 1949 est
1484 1894 1757 1966 gentibus,
1784 1895 1847 1961 4.
1869 1900 1929 1949 ut
1951 1891 2059 1965 32
2082 1892 2202 1947 illos
2226 1891 2568 1958 aemulentur,
2586 1892 2639 1947 5.
2666 1892 2819 1960 Quod
2835 1893 2881 1949 si
2898 1893 3153 1949 delictum
3171 1895 3384 1949 illorum

140 1987 336 2042 divitiae
367 1997 492 2043 sunt
516 1988 720 2053 "tutudi,
756 1997 818 2042 et
853 1985 907 2052 6,
944 1984 997 2041 7.
1030 1985 1321 2042 diminutio
1350 1999 1549 2042 eorum
1576 1986 1780 2041 divitiae
1813 1981 2080 2057 gentium,
2119 1984 2173 2039 8.
2206 1994 2408 2053 quanto
2448 1984 2621 2054 magis
2648 1984 2929 2053 plenitudo
2972 1987 3194 2041 eorum?
3222 1986 3391 2041 Vobis

139 2078 278 2132 enim
313 2079 435 2133 dico
462 2079 749 2149 gentibus:
775 2078 1028 2144 Quandiu
1069 2078 1286 2149 quidem
1316 2094 1417 2150 ego
1452 2094 1572 2133 sum
1605 2078 1851 2150 gentium
1896 2077 2207 2149 Apostolus,
2244 2077 2309 2132 9.
2358 2075 2722 2131 ministerium
2764 2092 2946 2133 meum
2990 2076 3386 2138 honoriﬁcabo.

146 2168 226 2221 10.
265 2169 311 2224 si
360 2185 467 2239 quo
504 2172 661 2226 modo
694 2170 763 2225 ad
791 2169 1154 2225 aamulandum
1190 2184 1481 2238 provocem
1518 2184 1739 2226 carnem
1770 2184 1970 2231 meam,
2012 2168 2099 2222 11.
2135 2177 2190 2223 et
2225 2169 2404 2223 salvos
2439 2167 2635 2223 faciam
2681 2166 2892 2238 aliquos
2930 2182 2998 2224 ex
3026 2169 3155 2223 illis.
3195 2169 3284 2224 12.
3329 2171 3388 2228 Si

139 2258 278 2313 enim
312 2261 535 2316 amissio
575 2275 785 2323 eorum,
814 2260 1190 2315 reconciliatio
1217 2265 1303 2314 est
1330 2260 1517 2314 mundi
1542 2276 1559 2326 ;
1591 2259 1677 2313 i5.
1709 2273 1830 2327 qua:
1860 2256 2188 2326 assumptio,
2214 2258 2316 2313 nisi
2347 2259 2457 2312 vita
2488 2273 2556 2313 ex
2579 2258 2842 2313 mortuis?
2877 2259 3032 2325 Quod
3059 2260 3103 2314 si
3138 2259 3224 2313 14.
3258 2260 3392 2315 deli-

140 2345 283 2403 batio
310 2356 496 2402 sancta
522 2355 625 2411 est,
656 2356 709 2401 ct
744 2361 951 2412 massa;
979 2354 1036 2401 et
1065 2346 1112 2400 si
1146 2345 1301 2401 radix
1329 2354 1548 2409 sancta,
1571 2353 1627 2398 et
1649 2344 1807 2397 rami.
1840 2344 1995 2409 Quod
2020 2344 2066 2399 si
2099 2344 2264 2414 aliqui
2294 2361 2361 2400 ex
2398 2346 2563 2402 ramis
2593 2347 2752 2403 fracti
2790 2357 2908 2402 tum
2929 2389 2943 2414 ,
2971 2357 3024 2403 tu
3046 2359 3239 2405 autem
3266 2366 3389 2408 cum

1474 2456 1616 2513 COM
1628 2455 1929 2512 MENTARI
1939 2456 2043 2513 US.

214 2551 303 2606 19.
345 2540 521 2607 Isaias
548 2563 726 2607 t1qu.
762 2549 1203 2620 isaias,inquit,
1242 2566 1345 2621 pro
1362 2548 1574 2606 Iudaeis
1603 2566 1715 2605 non
1744 2556 1797 2625 Α
1894 2552 1947 2608 8.
1990 2551 2198 2617 Quanto
2237 2553 2404 2623 magis
2438 2553 2727 2627 plenitudo.
2769 2556 3050 2612 Plenitudo
3078 2534 3389 2614 Judmorum

149 2640 350 2695 dimisit
382 2642 507 2712 quid
528 2642 730 2697 bonum
763 2641 1033 2713 gentibus,
1059 2641 1204 2710 quod
1238 2641 1475 2696 futurum
1498 2650 1638 2709 erat,
1666 2650 1723 2697 et
1828 2643 1918 2712 qui
1965 2642 2019 2695 in
2056 2641 2162 2696 line
2211 2644 2395 2698 inundi
2437 2644 2693 2701 credituri
2736 2657 2888 2712 sunt,
2928 2648 3166 2711 maxime
3204 2650 3396 2705 ditavit

153 2729 345 2783 malum
375 2733 513 2800 quod
541 2730 741 2787 Iudaeis
772 2731 1007 2787 futurum
1039 2741 1177 2799 erat,
1206 2732 1548 2801 praediceret.

210 2819 304 2873 ‘20.
345 2819 591 2891 Expandi
632 2838 818 2875 manus
866 2837 1030 2875 meas.
1082 2821 1180 2876 Vel
1224 2837 1419 2875 manus
1458 2821 1511 2875 iu
1560 2835 1723 2877 cruce

155 2916 403 2966 cxtensas
433 2909 596 2975 dicit,
625 2911 707 2965 vel
751 2912 929 2979 potius
958 2926 1122 2981 opera
1152 2925 1274 2981 qua:
1319 2912 1463 2964 inter
1506 2908 1722 2966 Judaeos

160 3000 411 3056 Dominus
440 3010 698 3073 Operatus
731 3011 835 3056 est.

223 3090 369 3145 CAP.
409 3092 500 3145 ΧΙ.
522 3122 585 3132 -
623 3093 673 3145 1.
703 3091 903 3146 Laure.
938 3089 1138 3145 Electio
1172 3089 1498 3147 autem.Nou
1530 3106 1725 3147 secun-

162 3180 276 3234 dum
305 3184 520 3237 merita.

222 3272 273 3326 2.
314 3272 569 3343 Spiritum
616 3277 1046 3345 conpunctionis.
1100 3275 1299 3330 Malam
1349 3278 1728 3346 compunctio-

162 3374 276 3414 nem
323 3362 411 3417 hic
453 3361 747 3433 signiﬁcat,
779 3380 886 3434 qua
929 3378 1071 3435 saepe
1117 3365 1182 3418 Iit
1226 3373 1285 3419 ut
1326 3365 1491 3420 etiam
1524 3367 1727 3422 bonum

162 3448 353 3505 homini
383 3453 455 3508 sit
485 3452 798 3508 molestum.

224 3543 278 3599 2.
317 3544 441 3601 Fiat
478 3564 661 3602 mensa
698 3564 876 3601 eorum
915 3547 969 3601 in
1010 3548 1270 3619 laqueum.
1308 3548 1367 3602 ln
1394 3546 1649 3618 laqueum
1675 3556 1731 3603 et

165 3630 215 3686 in
240 3644 426 3691 caetera
453 3653 577 3708 quae
606 3646 905 3707 sequuntur
931 3638 1071 3693 facta
1097 3646 1180 3694 est
1209 3636 1410 3693 Judazis
1447 3637 1729 3708 Scriptura

168 3724 429 3794 ipsorum,
458 3743 624 3799 quam
667 3728 808 3784 male
848 3729 1250 3783 intellexerunt.
1298 3727 1585 3799 Scriptura
1631 3744 1729 3783 au-

170 3822 267 3869 tem
306 3833 550 3875 mensam
592 3830 774 3883 vocat,
814 3819 941 3889 quia
985 3816 1419 3890 intelligentibus
1453 3820 1612 3891 panis
1649 3828 1733 3876 est

170 3907 368 3966 animae.

231 3998 285 4053 ὅ.
322 3999 578 4075 Nunquid
608 4003 683 4057 sic
713 4003 1083 4071 ofendertmt?
1110 4002 1216 4068 An,
1271 4001 1450 4073 inquit
1477 4043 1490 4067 ,
1537 4016 1729 4073 pecca-

173 4097 274 4145 tum
288 4109 492 4152 eorum.
520 4096 892 4151 tantummodo
918 4105 1197 4165 operatum
1218 4104 1302 4151 est
1328 4111 1511 4152 casum
1538 4097 1732 4152 anima:

174 4190 375 4242 eorum?

194 4350 197 4353 η
237 4274 289 4330 1.
326 4274 389 4331 Ut
433 4280 555 4335 illos
598 4277 927 4334 azmulentur.
967 4275 1081 4333 Hoc
1118 4291 1260 4347 saepe
1303 4276 1504 4334 factum
1533 4287 1646 4346 est,
1678 4289 1734 4334 et

176 4363 369 4431 plenius
397 4370 488 4426 liet
523 4372 579 4426 in
605 4371 711 4426 line
741 4368 922 4425 saaculi
951 4370 1170 4438 quando
1191 4366 1361 4425 Judaei
1392 4369 1735 4427 Christianos

180 4472 558 4531 persequentur
588 4464 640 4518 in
672 4463 777 4518 ﬁde
806 4462 1029 4517 Christi.
1068 4459 1255 4519 Potest
1295 4464 1462 4518 etiam
1510 4462 1736 4532 intelligi

181 4560 234 4605 ut
248 4565 428 4623 gentes
445 4557 661 4613 Iudaeos
686 4556 1030 4622 aemulentur,
1058 4555 1111 4610 id
1133 4563 1216 4610 est
1243 4564 1300 4609 ut
1326 4556 1573 4620 credant,
1597 4554 1739 4609 sicut

180 4649 230 4693 et
249 4640 340 4712 ipsi
368 4646 682 4702 credebant.
708 4642 806 4700 Vel
835 4652 895 4699 ut
920 4644 1012 4699 Dei
1032 4643 1378 4701 aemulatione
1401 4645 1550 4699 circa
1572 4657 1737 4711 opera

182 4743 351 4788 eorum
381 4738 518 4792 mala
543 4745 884 4793 moveantur.

244 4820 294 4876 5.
334 4823 484 4891 Quod
513 4830 560 4884 si
589 4827 834 4881 delictum
855 4827 1089 4883 illorum.
1131 4827 1398 4883 Delictum
1430 4823 1738 4882 Judaeorum

186 4908 357 4968 ditavit
385 4918 663 4981 mundum,
696 4918 822 4987 quia
851 4917 956 4973 nisi
984 4917 1083 4987 ipsi
1118 4916 1404 4971 Dominum
1431 4916 1742 4971 cruciﬁxis—

189 5010 315 5069 sent,
348 5021 477 5062 crux
515 5007 751 5073 Christi,
781 5018 836 5063 et
864 5008 1218 5073 resurrectio,
1260 5014 1319 5062 et
1349 5007 1599 5063 ascensio
1625 5005 1744 5076 ejus

190 5095 457 5159 praedicata
480 5108 534 5154 et
560 5099 766 5155 credita
799 5099 852 5153 in
885 5097 1089 5152 mundo
1116 5110 1224 5153 non
1252 5107 1418 5154 esset.

253 5184 302 5238 6.
338 5187 569 5245 Annos.
602 5189 894 5243 Diminutio
917 5204 1116 5243 eorum.
1150 5189 1446 5245 Diminutio
1474 5189 1558 5246 vel
1581 5189 1744 5246 amis-

1825 2742 2033 2805 gentes,
2054 2735 2176 2802 quia
2203 2735 2450 2806 exemplo
2477 2752 2662 2793 eorum
2686 2749 2992 2808 provocatur
3011 2752 3421 2799 convertentur.

1826 2823 1894 2876 ad
1924 2820 2227 2878 Christum.

1897 2912 1949 2967 9.
1976 2913 2213 2969 AIBROS.
2243 2913 2592 2971 Ministerium
2621 2934 2819 2985 areum.
2839 2918 3194 2977 Min-isterium
3218 2937 3419 2986 suum,-

1827 3019 1934 3074 quo
1961 3005 2255 3075 Apostolus
2290 3008 2530 3078 gentium
2556 3019 2672 3075 est,
2706 3010 3055 3079 honoriﬁcat;
3100 3015 3144 3069 si
3186 3024 3242 3077 et
3279 3015 3400 3071 illos

1827 3096 1894 3149 ad
1920 3109 2056 3165 quos
2090 3111 2196 3152 non
2221 3106 2305 3152 cst
2330 3098 2547 3164 missus,
2576 3099 2816 3155 lucretur
2840 3103 2905 3156 ad
2925 3104 3115 3158 vitam.

1901 3186 1987 3240 10.
2026 3185 2225 3242 Laure.
2266 3186 2325 3242 Si
2380 3191 2639 3259 quomodo
2682 3194 2752 3247 ad
2804 3195 3181 3250 simulandum.
3235 3197 3400 3264 Quasi

1831 3277 2035 3332 diceret
2061 3295 2075 3331 :
2099 3277 2314 3336 Judazos
2347 3295 2483 3350 quos
2499 3283 2843 3351 prmdicando
2870 3286 2938 3338 ad
2971 3284 3246 3341 Christum
3266 3303 3401 3343 cou-

1828 3377 2039 3424 vertere
2071 3385 2174 3425 non
2204 3385 2424 3439 possum
2456 3372 2661 3427 honore
2684 3374 2876 3430 saltem
2901 3391 3011 3445 quo
3041 3391 3137 3431 vos
3161 3377 3366 3433 honoro
3388 3408 3421 3442 ,ν
3494 3448 3497 3449 ν

1831 3456 1897 3510 ad
1925 3457 2257 3513 credendum
2292 3457 2510 3515 Christo
2537 3462 2767 3518 invitare
2791 3465 3049 3521 conabor.

1904 3546 1990 3601 11.
2032 3546 2220 3602 Salvos
2248 3548 2440 3617 faciam
2471 3549 2695 3621 aliquos.
2725 3552 2863 3619 Quid
2900 3556 2966 3609 ad
3006 3555 3151 3610 te'de
3172 3554 3423 3622 Iudaeis,

1832 3651 1955 3692 cum
1982 3638 2271 3709 Apostolus
2299 3640 2536 3710 gentium
2567 3642 2671 3698 sis!
2712 3644 2844 3700 Volo
2866 3647 3137 3703 honorare
3163 3648 3409 3704 ministe-

1832 3725 1971 3781 rium
2020 3742 2229 3795 meum;
2257 3730 2398 3800 quod
2446 3731 2661 3800 quidem
2704 3734 3087 3804 honoraretur,
3141 3740 3185 3795 si
3235 3739 3405 3797 Judaei

1835 3819 2149 3884 crederent;
2188 3818 2280 3888 qui
2320 3819 2373 3874 in
2408 3819 2526 3891 lege
2550 3823 2824 3892 sapientes
2852 3836 3029 3881 erant.
3066 3827 3268 3885 Gentes
3306 3846 3404 3887 au-

1766 3912 1810 3967 B
1839 3917 1943 3962 tem
1968 3910 2121 3977 quasi
2159 3910 2306 3966 stulti
2339 3917 2730 3983 reputabantur
2755 3925 2813 3973 et
2852 3922 3107 3989 mobiles,
3136 3924 3265 3994 quia
3296 3933 3404 3979 tam

1828 3996 1940 4054 cito
1981 4000 2303 4069 credebant;
2353 4006 2495 4074 quod
2545 4007 2650 4063 illis
2697 4024 2803 4065 non
2846 4014 3306 4082 exprobraretur,
3362 4018 3408 4073 si

1829 4088 2000 4145 Judaei
2030 4093 2315 4150 crederent
2342 4095 2435 4164 qui
2465 4096 2687 4154 stabiles
2705 4107 2764 4154 et
2790 4102 3068 4171 sapientes
3097 4119 3217 4162 esse
3244 4116 3407 4177 puta-
3464 4104 3467 4105 ⁷

1830 4181 2054 4239 bantur.

1905 4271 1992 4327 12.
2031 4272 2093 4326 Si
2126 4276 2261 4327 enim
2294 4275 2524 4331 amissio.
2567 4278 2841 4349 Repetitio
2863 4282 3164 4351 superioris
3191 4292 3427 4341 senten-

1838 4361 1942 4416 tiae.
1973 4362 2127 4430 Quod
2156 4364 2299 4418 enim
2329 4368 2580 4437 superius
2609 4372 2819 4427 vocavit
2841 4372 3286 4445 diminutionem,
3321 4378 3410 4434 hic

1835 4459 1994 4506 Vocat
2022 4452 2387 4509 amissionem.

1862 4608 1863 4611 η
1909 4544 1997 4599 15.
2041 4545 2172 4611 Quae
2218 4549 2524 4619 assumptio.
2560 4550 2872 4624 Assumptio
2897 4555 3206 4615 Iudaeorum
3232 4601 3246 4626 ,
3283 4576 3408 4616 cum

1840 4634 1907 4688 ad
1943 4634 2103 4690 fidem
2134 4635 2334 4693 Christi
2378 4640 2432 4693 in
2480 4640 2586 4695 line
2638 4645 2824 4700 mundi
2875 4650 3139 4719 assumpti
3187 4649 3411 4715 fuerint,

1839 4726 1948 4782 vita
1980 4728 2085 4782 erit
2113 4742 2177 4783 ex
2210 4731 2457 4786 mortuis.
2500 4732 2595 4788 Vel
2622 4736 2746 4805 quia
2775 4737 2972 4794 multos
3015 4750 3258 4797 mortuos
3285 4757 3413 4813 pec-

1841 4822 1998 4886 catis,
2026 4822 2274 4893 exemplo
2307 4824 2522 4881 illorum
2568 4840 2919 4898 provocatos,
2962 4835 3165 4891 invenit
3206 4838 3260 4891 in
3308 4838 3416 4891 (ide

1843 4911 2062 4975 Christi,
2100 4914 2225 4982 quia
2254 4916 2414 4984 paulo
2443 4927 2568 4986 post
2598 4930 2743 4976 certe
2771 4923 2878 4977 erit
2906 4929 3236 4985 resurrectio
3266 4943 3410 4983 mor-
3488 4941 3521 4996 ῖζ

1845 5006 2078 5065 tuorum,
2110 5002 2161 5056 id
2191 5011 2275 5057 est
2296 5003 2423 5061 ﬁnis
2456 5008 2661 5063 mundi.
3482 5020 3500 5061 εἴ

1915 5092 2003 5146 14.
2042 5093 2301 5151 Delibatio
2341 5109 2543 5154 sancta.
2583 5100 2851 5159 Admonet
2890 5115 3076 5175 gentes
3111 5114 3182 5163 ne
3224 5099 3415 5179 super-

1845 5181 2029 5250 biant,
2086 5194 2142 5241 et
2187 5201 2257 5242 ne
2300 5186 2513 5246 Iudaeos
2557 5193 2833 5264 despectui
2882 5197 3144 5261 habeant,
3185 5198 3409 5255 dicens:

193 5272 264 5327 sio
299 5290 478 5333 eorum
527 5287 627 5341 est,
679 5279 933 5334 damnum
984 5280 1399 5349 promissionis,
1454 5294 1553 5349 per
1595 5280 1740 5351 quod
1768 5261 1809 5320 θ
1843 5274 1980 5342 Qﬂia
2008 5275 2053 5330 Si
2087 5279 2316 5348 apostoli
2345 5282 2516 5338 sancti
2548 5261 2693 5353 suni,
2723 5295 2932 5343 certum
2963 5296 3046 5344 est
3069 5289 3233 5345 etiam
3264 5293 3408 5362 quod

195 5376 365 5432 gentes
390 5369 607 5425 lucrata:
636 5378 761 5426 sunt
789 5372 955 5425 vitam
981 5381 1261 5428 aeternam.

256 5457 305 5510 7.
351 5459 546 5517 Lmrn.
598 5462 888 5519 Diminutio
938 5481 1140 5519 eorum.
1190 5465 1610 5520 Diminutionem
1649 5464 1743 5520 Ju-

198 5546 413 5606 dteorum
445 5563 600 5610 vocat
627 5554 923 5624 apostolos,
956 5556 1080 5625 quia
1111 5555 1217 5610 illis
1248 5555 1648 5612 discedentibus
1676 5556 1744 5609 ab

1846 5366 1902 5421 in
1932 5367 2049 5437 ipso
2074 5369 2270 5440 populo
2309 5372 2462 5428 multi
2496 5376 2669 5431 sancti
2699 5386 2854 5441 sunt;
2889 5385 2944 5432 et
2981 5380 3026 5434 si
3051 5379 3289 5437 nondum
3319 5398 3416 5451 re,

1846 5473 1943 5530 spe
1974 5472 2153 5517 tamen
2184 5472 2240 5518 et
2270 5466 2555 5534 praesentia
2589 5467 2790 5523 divina.
2818 5468 2916 5525 Est
2938 5479 3116 5526 autem
3155 5473 3411 5533 delibatio
3508 5462 3529 5487 ³

1846 5563 2011 5618 prava
2039 5565 2106 5606 ex
2137 5551 2316 5622 aliqua
2349 5569 2409 5610 re
2437 5555 2753 5625 assumptio,
2794 5564 2856 5612 ut
2888 5572 2952 5614 ex
2986 5562 3159 5630 pomis
3182 5603 3197 5631 ,
3222 5564 3304 5621 vel
3339 5580 3408 5621 ex

200 5636 496 5700 inﬁdelitate
533 5660 750 5711 eorum;
792 5644 1022 5716 populus
1068 5646 1160 5703 ille
1197 5646 1250 5701 in
1289 5661 1386 5700 sua
1428 5644 1747 5701 inﬁdelitate
1850 5644 1990 5711 cibo,
2017 5644 2101 5699 vel
2133 5660 2197 5700 ex
2232 5656 2384 5714 potu.

201 5729 494 5802 persistens,
521 5751 585 5792 ex
614 5740 846 5812 quadam
868 5745 1021 5810 parte
1051 5737 1249 5793 mansit
1273 5737 1603 5824 diminutus.

1810 5840 1897 5856 νυ.-

2040 5850 2088 5859 η.-
2102 5853 2141 5861 ν...
2182 5846 2257 5863 5.5.,
