3880 6306
514 377 619 434 us
1362 366 1365 367 ί
1480 364 1487 369 ’
1527 376 1590 433 Β.
1624 377 2013 436 LANFRANCI

2224 379 2413 436 ιυΑιι.
2449 360 2763 437 ARCHIED.
3671 378 3756 436 ut

512 492 749 546 oleaster
771 503 942 556 esses,
963 489 1198 546 insertus
1217 505 1279 547 es
1300 491 1354 546 in
1385 489 1509 558 illis,
1536 500 1591 546 et
1614 494 1793 547 socius
1822 493 2020 549 radicis
2042 503 2093 548 et
2126 495 2464 563 pinguedinis
2512 496 2596 549 15.
2624 496 2779 549 oliva:
2808 496 2981 549 tactus
3003 508 3097 560 es;
3132 492 3241 548 noli
3270 493 3454 565 gloria
3492 493 3506 547 i
3536 494 3764 548 adversus

478 594 711 634 'ramos.
744 578 830 633 16.
858 579 1013 647 Quod
1053 580 1099 634 si
1140 579 1424 649 gloriaris:
1459 595 1563 635 non
1603 588 1656 635 tu
1689 583 1926 637 radicem
1958 593 2162 653 portas,
2194 584 2287 637 sed
2326 585 2479 638 radix
2528 593 2599 638 te.
2647 585 2801 639 Dices
2828 599 2987 653 ergo;
3016 583 3172 639 fracti
3216 592 3359 638 sunt
3391 584 3575 647 rami,
3609 594 3665 637 ut
3687 598 3765 653 ego

511 673 742 726 inserar.
778 670 921 725 Bene
956 687 968 723 :
1006 678 1226 741 propter
1254 671 1687 726 incredulitatem
1730 673 1884 728 fracti
1914 684 2059 729 sunt.
2092 676 2169 729 Tu
2202 686 2380 730 autem
2422 675 2527 731 ﬁde
2565 685 2677 731 stas
2713 690 2729 729 :
2768 676 2873 731 noli
2905 677 3071 731 altum
3103 691 3346 747 sapere,
3394 676 3495 731 sed
3539 677 3681 733 time.
3720 679 3765 731 Si

510 767 655 821 enim
689 766 833 819 Deus
858 764 1199 821 naturalibus
1227 766 1391 820 ramis
1417 782 1522 820 non
1550 768 1831 838 pepercit:
1864 782 1933 822 ne
1964 767 2105 823 forte
2149 784 2247 823 nec
2288 768 2383 823 tibi
2420 778 2624 839 parcat.
2658 768 2791 825 Vide
2818 784 2948 840 ergo
2990 770 3295 825 bonitatem
3336 778 3397 825 et
3446 770 3766 824 severitatem

511 857 642 925 Dei;
669 856 722 911 in
750 871 844 912 eos
872 855 1088 925 quidem
1123 858 1212 928 qui
1264 850 1603 925 Ceciderunt,
1640 861 2021 926 severitatem;
2055 860 2107 915 in
2152 869 2205 915 te
2242 872 2424 916 autem
2451 862 2750 917 bonitatem
2800 861 2930 927 Dei,
2956 861 2999 918 si
3024 862 3412 932 permanseris
3436 862 3491 916 in
3521 861 3765 921 bonitate.

512 949 754 1018 alioquin
785 957 840 1004 et
865 957 919 1002 tu
946 950 1231 1005 excideris.
1259 949 1365 1005 Sed
1392 958 1446 1004 et
1474 951 1573 1017 illi,
1604 952 1648 1005 si
1683 967 1788 1007 non
1819 953 2223 1022 permanserint
2256 954 2309 1006 in
2334 953 2732 1019 incredulitate,
2767 953 3076 1009 inserentur
3102 962 3350 1022 :potens
3374 961 3462 1007 est
3489 952 3631 1007 enim
3656 952 3767 1006 Deus

513 1042 712 1095 iterum
751 1040 990 1093 inserere
1021 1040 1163 1096 illos.
1208 1040 1341 1096 Nam
1378 1040 1425 1096 si
1468 1050 1522 1095 tu
1565 1058 1631 1097 ex
1674 1042 1908 1097 naturali
1940 1044 2157 1098 excisus
2192 1058 2252 1098 es
2284 1042 2539 1107 oleastro,
2587 1051 2643 1097 et
2686 1051 2871 1097 contra
2900 1052 3153 1097 naturam
3184 1042 3446 1097 insertus
3491 1056 3556 1097 es
3606 1042 3683 1095 l7.
3725 1042 3767 1096 in

512 1132 709 1185 bonam
737 1130 955 1196 olivam,
987 1141 1189 1200 quanto
1218 1133 1545 1203 magisiiqui
1574 1133 1868 1190 secundum
1892 1144 2139 1188 naturam
2176 1134 2485 1189 inserentur
2521 1148 2632 1188 suae
2674 1133 3026 1189 olivae?Nolo
3072 1133 3215 1188 enim
3244 1132 3366 1204 33
3411 1148 3512 1187 vos
3551 1133 3767 1203 ignorare

514 1226 711 1282 fratres
746 1226 831 1282 I8.
862 1228 1175 1298 mysterium
1201 1229 1326 1295 hoc,
1358 1230 1445 1285 19.
1480 1231 1562 1300 (ιιι
1589 1245 1695 1284 non
1729 1229 1848 1284 sitis
1876 1230 2029 1285 vobis
2055 1229 2187 1299 ipsis
2212 1229 2511 1299 sapientes)
2538 1229 2636 1284 sibi
2673 1230 2931 1300 sapientes
2969 1239 3160 1294 essent,
3200 1228 3251 1282 si
3279 1227 3505 1283 Judwis
3539 1243 3638 1281 non
3676 1242 3766 1279 am-

511 1322 652 1390 plius
683 1339 829 1393 posse
850 1331 1121 1392 putarent;
1154 1324 1276 1392 quia
1312 1325 1528 1381 caicitas
1562 1340 1629 1380 ea
1658 1334 1810 1393 parte
1853 1326 2084 1395 contigit
2126 1326 2178 1380 in
2223 1326 2412 1391 Israel,
2458 1327 2632 1382 donec
2673 1325 2955 1397 plenitudo
2993 1325 3237 1396 gentium
3285 1324 3569 1388 intraret,
3616 1331 3667 1377 et
3704 1322 3765 1376 sic

514 1408 692 1470 omnis
713 1414 875 1469 Israel
908 1413 1088 1469 salvus
1126 1416 1312 1481 ﬁéret,
1344 1417 1485 1471 sicut
1514 1417 1775 1487 scriptum
1807 1426 1890 1472 est
1917 1434 1930 1471 :
1969 1416 2063 1472 20.
2091 1417 2288 1473 Veniet
2310 1434 2374 1473 ex
2404 1418 2565 1483 Sion,
2597 1418 2687 1473 21.
2719 1418 2811 1487 qui
2842 1414 3071 1488 eripiat,
3100 1428 3156 1473 et
3196 1426 3432 1472 avertat
3464 1416 3763 1485 impietatem

515 1522 547 1561 ιι
572 1506 758 1562 Iacob.
785 1504 985 1560 Euhoe
1011 1504 1116 1560 illis
1142 1521 1172 1559 a
1202 1522 1306 1572 me,
1334 1506 1528 1562 scilicet
1553 1508 1917 1578 complebitur,
1946 1517 2356 1574 testamentum,
2387 1525 2512 1564 cum
2538 1509 2814 1565 abstulero
2839 1518 3061 1579 peccata
3092 1524 3315 1566 eorum.
3341 1508 3446 1574 22,
3475 1507 3568 1570 25,
3588 1506 3672 1570 24,
3693 1505 3761 1558 25

515 1601 810 1657 secundum
851 1599 1199 1670 Evangelium
1238 1602 1480 1671 quidem,
1522 1602 1727 1657 inimici
1772 1612 1996 1673 pr0pter
2043 1618 2169 1668 vos;
2220 1603 2516 1657 secundum
2565 1603 2886 1658 electionem
2931 1612 3144 1669 autem,
3192 1603 3546 1669 cbarissimi,
3576 1591 3763 1672 propter

514 1704 718 1767 patres,
748 1694 838 1760 26,
869 1695 959 1749 27.
991 1696 1109 1751 sine
1133 1696 1451 1765 ptenitentia
1479 1697 1624 1750 enim
1650 1706 1776 1751 sunt
1810 1697 1947 1751 dona
1983 1706 2037 1752 et
2067 1698 2277 1753 vocatio
2308 1698 2421 1752 Dei.
2450 1698 2542 1752 28.
2572 1695 2725 1752 Sicut
2748 1698 2891 1753 enim
2920 1698 3214 1767 aliquando
3240 1709 3304 1755 et
3342 1715 3447 1755 vos
3477 1714 3584 1754 non
3612 1696 3762 1753 credi-

516 1790 674 1845 distis
699 1790 830 1854 Deo,
868 1804 1011 1843 nunc
1050 1798 1231 1844 autem
1262 1789 1688 1845 misericordiam
1717 1793 1992 1847 consecuti
2022 1792 2154 1847 estis
2182 1800 2403 1862 propter
2428 1792 2859 1849 incredulitatem
2888 1793 3133 1858 illorum,
3164 1794 3240 1848 ita
3270 1803 3336 1850 et
3373 1795 3467 1850 isti
3503 1808 3643 1849 nunc
3676 1805 3759 1846 nan

515 1876 864 1941 crediderunt
893 1884 947 1938 iu
980 1869 1217 1941 vestram
1245 1883 1716 1952 Emisericordiam,
1744 1894 1804 1938 ut
1832 1894 1887 1939 et
1921 1885 2020 1955 ipsi
2062 1887 2494 1942 misericordiam
2534 1897 2956 1958 consequantur.
2989 1888 3083 1944 29.
3119 1888 3417 1946 Conclusit
3458 1890 3602 1944 enim
3648 1887 3761 1941 Deus

515 1977 693 2033 omnia
720 1974 771 2029 in
803 1974 1204 2055 incredulitate,
1228 1981 1289 2029 ut
1316 1974 1554 2029 omriium
1588 1975 1932 2030 misereatur.
1963 1978 2051 2031 50.
2084 1976 2130 2032 Ο
2157 1977 2384 2032 altitu’do
2410 1978 2723 2033 divitiarum
2751 1979 3033 2049 sapientiae
3056 1989 3112 2035 et
3144 1980 3407 2037 scientia:
3455 1980 3583 2035 Dei!
3616 1977 3755 2043 Quam

514 2068 1078 2141 incomprehensibilia
1114 2074 1237 2122 sunt
1263 2065 1465 2136 judicia
1498 2066 1640 2137 ejus,
1668 2075 1723 2123 et
1754 2068 2158 2139 investigabiles
2186 2072 2286 2126 vite
2317 2072 2469 2141 ejus!
2499 2072 2633 2139 Quis
2667 2074 2812 2128 enim
2851 2074 3101 2144 cognovit
3132 2088 3371 2130 sensum
3411 2070 3759 2129 Dominiillut
3856 2070 3857 2081 ‘

517 2166 642 2236 quis
670 2165 1010 2220 consiliarius
1042 2160 1159 2231 ejus
1178 2159 1311 2213 luit?
1335 2160 1442 2214 Aut
1467 2162 1589 2230 quis
1615 2162 1764 2231 prior
1794 2163 1940 2233 dedit
1966 2164 2070 2228 illi,
2100 2172 2156 2219 et
2185 2166 2513 2223 retribuetur
2539 2167 2629 2222 ei?
2657 2169 2745 2224 51.
2770 2168 3038 2236 Quoniam
3075 2185 3141 2226 ex
3174 2169 3337 2242 ipso,
3370 2181 3429 2227 et
3455 2166 3556 2242 per
3578 2168 3752 2238 ipsum.

517 2273 573 2318 et
603 2262 656 2316 in
683 2261 800 2331 ipso
825 2266 951 2315 sunt
980 2256 1198 2329 omnia:
1240 2255 1339 2327 ipsi
1369 2255 1538 2327 gloria
1567 2256 1620 2310 in
1659 2256 1877 2311 saecula.
1909 2259 2105 2314 Amen.

1875 2374 1985 2446 34
2019 2374 2246 2431 CAPUT
2276 2375 2392 2430 xu.

589 2488 641 2543 1.
673 2486 911 2542 Obsecro
940 2485 1120 2554 itaque
1148 2498 1264 2547 vos,
1292 2482 1491 2540 fratres
1519 2499 1636 2554 per,
1656 2486 2085 2541 misericordiam
2114 2487 2231 2552 Dei,
2259 2489 2318 2543 2.
2343 2499 2401 2543 ut
2423 2487 2726 2545 exhibeatis
2753 2503 2981 2559 corpora
3006 2498 3188 2545 vestra
3223 2490 3470 2547 hostiam
3497 2490 3751 2550 viventem.

1872 2594 2437 2654 COMMENTARIUS.

587 2689 676 2746 15.
718 2687 902 2745 οιευω.
942 2685 1150 2742 Olivam
1176 2694 1332 2742 vocat
1358 2684 1611 2755 populum
1645 2685 1984 2753 .ludaeorum;
2020 2704 2100 2741 ra-
2127 2697 2174 2753 Α
2204 2690 2555 2759 dispositione
2582 2692 2817 2756 venisse,
2849 2708 3012 2763 quam
3042 2692 3163 2767 [al.,
3194 2695 3317 2768 qui]
3354 2696 3436 2751 uti
3466 2694 3600 2749 bene
3637 2688 3754 2746 novit

519 2783 720 2845 dicem,
749 2779 945 2835 ﬁdem:
976 2776 1392 2847 pinguedinem,
1423 2777 1563 2831 bona
1592 2792 1778 2847 opera.
2198 2781 2362 2835 etiam
2402 2781 2591 2848 malis;
2630 2798 2738 2836 non
2775 2792 2833 2837 ut
2861 2786 2940 2839 eis
2982 2782 3106 2856 [at.,
3136 2786 3185 2841 ei
3215 2783 3237 2857 ]
3275 2785 3495 2857 prosint
3519 2797 3637 2837 vasa
3662 2781 3750 2834 ira‘.

585 2873 683 2928 46.
722 2870 874 2935 Quod
905 2870 949 2923 si
973 2869 1238 2938 gloriaris.
1280 2868 1416 2922 Audi
1446 2868 1575 2937 quid
1601 2870 1695 2924 tibi
1727 2869 1904 2925 dicam
1938 2894 1951 2926 ;
1980 2870 2097 2927 Non
2199 2872 2294 2926 sed
2325 2881 2381 2926 ut
2418 2872 2535 2943 ipso
2579 2873 2684 2927 illis
2710 2874 2847 2929 bene
2893 2884 3100 2941 utente,
3128 2878 3349 2946 prosint
3383 2876 3530 2932 vasis
3570 2868 3751 2928 miseri-

521 2974 583 3018 tu
630 2961 870 3016 radicem
915 2968 1137 3027 portas,
1189 2958 1282 3013 sed
1317 2959 1467 3012 radix
1518 2968 1593 3024 te,
1634 2961 1685 3015 id
1728 2972 1842 3027 est,
1872 2964 2100 3034 populus
2200 2961 2417 3018 cordire.

521 3050 833 3110 Iudaeorum
860 3063 889 3101 a
919 3056 971 3100 te
996 3046 1159 3101 ﬁdem
1191 3063 1296 3101 non
1325 3049 1556 3118 accepit,
1584 3049 1677 3103 sed
1706 3058 1759 3104 tu
1786 3052 1854 3105 ab
1881 3066 1968 3107 eo.
2268 3053 2358 3108 25.
2398 3054 2636 3110 Αιιιιιιοε.
2670 3053 2969 3110 Secundum
3003 3055 3376 3127 Evangelium.
3407 3055 3579 3111 Causa
3608 3051 3751 3106 incre-

598 3141 685 3195 I7.
724 3140 966 3194 Attianos.
1005 3136 1073 3190 In
1108 3138 1294 3191 bonam
1319 3137 1529 3193 olivam.
1569 3139 1779 3196 Olivam
1814 3142 1975 3198 ﬁdem
2006 3161 2102 3214 per
2199 3144 2439 3201 dulitatis
2465 3145 2670 3202 inimici
2698 3155 2823 3203 sunt
2848 3147 3147 3220 Evangelii,
3178 3158 3238 3203 ut
3265 3164 3429 3205 error
3454 3156 3511 3204 et
3533 3144 3747 3201 delictum

524 3245 686 3302 quam
716 3228 987 3283 Abraham
1025 3226 1356 3296 justiﬁcatus
1388 3236 1504 3292 est,
1545 3229 1896 3299 accipiamus.
1949 3231 2056 3288 Ole:

2199 3248 2398 3309 eorum.
2436 3236 2685 3306 gentibus
2727 3238 2962 3308 aperiret
2991 3239 3134 3292 viam
3167 3240 3411 3294 intrandi
3438 3239 3505 3293 ad
3534 3237 3694 3290 ﬁdem.

523 3333 697 3378 strum
721 3334 869 3385 vero,
892 3320 1017 3389 quia
1040 3318 1271 3389 agrestis
1295 3327 1398 3383 est,
1432 3328 1487 3373 et
1517 3317 1851 3375 infructuosa
1883 3331 2101 3388 natura,
2267 3326 2357 3380 26.
2399 3326 2524 3381 Sine
2572 3329 2895 3398 paenitentia.
2947 3328 3135 3384 Gratia
3186 3330 3239 3385 in
3295 3330 3623 3401 baptismate
3663 3333 3744 3376 n0"

521 3413 804 3486 perfidiam
835 3410 1127 3481 signiﬁcat.
2201 3418 2392 3488 quazrit
2417 3419 2675 3489 gemitum
2708 3429 2801 3475 aut
2826 3420 3125 3491 planctum.

596 3505 683 3583 I8,
723 3504 923 3558 Laure.
967 3500 1275 3572 Mysteriuu.
1301 3501 1426 3565 hoc,
1460 3501 1510 3555 id
1541 3510 1640 3566 est,
1670 3516 1777 3572 quo
1807 3501 1977 3559 Judaei
2006 3518 2102 3559 ex-
2268 3508 2356 3561 27.
2401 3509 2601 3563 Larem.
2646 3509 2775 3565 Sine
2809 3512 3133 3581 prenitentia.
3169 3512 3335 3569 Ratio
3367 3504 3660 3567 curdixerit
3685 3511 3746 3554 se-

524 3594 710 3652 caacatl
739 3602 955 3648 suntex
982 3602 1157 3659 parte.
2202 3596 2433 3653 cundum
2471 3598 2815 3663 electionem.
2846 3600 3054 3668 Quibus
3084 3603 3229 3657 enim
3254 3603 3404 3659 Deus
3441 3601 3593 3656 ﬁdem
3625 3600 3748 3648 suam

597 3686 684 3741 19.
727 3682 793 3737 Ut
830 3699 933 3738 non
964 3683 1078 3736 sitis
1113 3681 1252 3735 vobis
1286 3680 1407 3751 ipsi,
1458 3682 1510 3736 id
1550 3690 1655 3746 est,
1685 3690 1744 3735 ut
1788 3696 1893 3737 non
1918 3682 2102 3738 videa-
2201 3687 2453 3756 inspirat;
2494 3689 2613 3745 sine
2655 3691 2993 3759 przecedente
3023 3692 3350 3762 pmnitentia
3393 3704 3576 3749 eorum
3609 3676 3743 3747 inslil‘

515 3774 659 3832 lmini
690 3773 1087 3842 vobismetipsis
1115 3771 1411 3839 sapientes.
2202 3784 2317 3842 rat;
2355 3792 2448 3831 seu
2481 3793 2617 3847 quos
2646 3778 2713 3834 ad
2742 3780 2907 3835 vitam
2938 3792 3197 3837 aeternam
3226 3782 3417 3854 elegit,
3461 3779 3575 3835 sine
3604 3776 3745 3827 mult"

560 3894 567 3897 Α
595 3862 687 3919 20.
733 3862 911 3917 Veniet
943 3859 1185 3915 exSion.
1228 3859 1590 3914 Posteriorem
1622 3861 1946 3915 sententiam
1976 3876 2103 3932 pro-
2202 3863 2347 3920 tione
2376 3866 2457 3921 sui
2488 3868 2697 3922 consilii
2731 3869 2912 3941 elegit.

518 3955 623 4009 ’bat
662 3969 730 4008 ex
772 3952 1097 4006 auctoritate
1135 3951 1448 4021 prophetica
1470 3991 1485 4017 ,
1529 3958 1582 4005 et
1613 3950 1693 4005 sic
1726 3950 1904 4006 omnis
1939 3950 2103 4007 Israel
2272 3955 2361 4013 28.
2403 3956 2550 4011 Sicut
2576 3959 2713 4013 enim
2739 3959 3044 4031 aliquando.
3075 3961 3166 4016 Sic
3194 3962 3395 4017 iterum
3423 3953 3633 4029 exponit
3656 3958 3743 4015 my-

528 4046 709 4100 salvus
738 4044 911 4099 ﬁeret.
2139 4054 2182 4109 Β
2207 4047 2427 4102 sterium
2459 4063 2558 4103 cur
2583 4047 2750 4104 Judaei
2784 4066 2849 4105 ex
2881 4061 3033 4121 parte
3059 4052 3243 4107 cremati
3273 4063 3421 4107 sunt.

597 4136 688 4190 2|.
730 4133 1098 4203 Qui-eripiat.
1133 4131 1209 4187 Et-
1245 4132 1360 4186 haec
1406 4132 1613 4200 ereptio
1655 4146 1760 4185 nou
1807 4133 2099 4187 secundum
2273 4136 2364 4192 29.
2404 4137 2644 4193 Auanos.
2673 4139 2940 4195 Conclusit
2978 4143 3117 4195 enim
3142 4142 3307 4196 Deus.
3356 4141 3470 4196 Hoc
3496 4144 3574 4194 est
3599 4124 3743 4187 οιιιιιίλ

527 4243 724 4298 corpus
747 4226 886 4291 erit;
926 4225 1021 4279 sed
1053 4224 1155 4278 hoc
1185 4231 1584 4285 testamentum,
1624 4221 1677 4276 id
1713 4230 1818 4286 est,
1850 4225 1992 4290 quod
2022 4235 2059 4277 tt

2210 4230 2535 4286 conclusisse
2580 4230 2632 4284 in
2676 4231 3073 4296 incredulitate,
3108 4242 3167 4288 ut
3209 4243 3338 4290 tunc
3371 4235 3637 4288 decretum
3668 4218 3742 4272 d0-

527 4331 645 4375 stor
672 4316 983 4389 eripiendos
1011 4315 1153 4380 illos,
1179 4315 1285 4370 erit
1312 4313 1610 4369 auferendo
1637 4323 1861 4383 peccata
1892 4328 2102 4369 eorum.
2205 4336 2335 4375 num
2379 4336 2407 4375 ο
2438 4322 2547 4377 Deo
2572 4324 2809 4389 veniret;
2852 4323 3067 4393 quando
3094 4340 3283 4381 omnes
3310 4317 3597 4382 difﬁdentia
3624 4308 3742 4365 labo—

528 4409 627 4464 Vel
666 4409 792 4478 quia
838 4408 1051 4462 dixerat
1092 4420 1159 4461 ne
1195 4407 1321 4476 quis
1342 4413 1559 4474 putaret
1600 4404 1704 4460 hoc
1738 4403 1807 4458 ab
1831 4403 1939 4458 alio
1964 4404 2060 4459 ﬁer

1976 4404 2103 4467 [ἰϐτὶν
2206 4423 2410 4479 rarent,
2446 4424 2505 4469 ut
2530 4417 2703 4486 gratia
2735 4418 2978 4472 muneris
3003 4427 3149 4472 esset
3177 4418 3508 4489 gratissima.

529 4499 662 4552 (“Cll
691 4513 704 4550 ε
733 4497 886 4562 Ουοά
918 4504 1087 4549 ῑθειον
1123 4510 1153 4548 ³
1183 4509 1270 4549 me
1302 4495 1501 4549 melli!“
1530 4495 1656 4549 Θΐίῑ·
2277 4505 2364 4559 50.
2407 4504 2605 4559 Laxrn.
2653 4504 2697 4560 0
2740 4506 2985 4561 altitudo.
3038 4507 3116 4563 Nc
3162 4487 3287 4577 quis
3330 4499 3660 4579 profundiora
3699 4487 3739 4579 ίΔη

595 4584 687 4639 22.
728 4583 1027 4638 Secundum
1055 4582 1417 4653 Evangelium.
1467 4580 1700 4651 Propter
1726 4582 2105 4653 Evangelium,
2209 4598 2579 4666 superioribus
2621 4607 2961 4668 quereretur,
3009 4576 3272 4662 οεευτῇίι,
3314 4576 3498 4655 dicens
3527 4610 3538 4644 ;
3572 4588 3612 4643 0
3642 4576 3740 4637 alti-

468 4710 489 4731 ι
529 4674 728 4743 inquit,
748 4673 891 4741 quod
918 4671 1155 4741 praedico
1179 4680 1402 4741 propter
1427 4686 1524 4726 vos
1549 4671 1859 4737 salvandos,
1898 4671 2104 4725 inimici
2207 4687 2331 4739 ιηάο
2354 4687 2374 4738 3
2405 4696 2511 4741 ac.

531 4758 671 4833 mihi,
701 4771 827 4818 sunt
874 4761 1067 4817 Judaei.
1110 4761 1281 4816 Electi
1333 4770 1512 4815 tamen
1556 4775 1745 4814 eorum
1800 4760 2104 4815 charissimi
2277 4778 2367 4832 δι,
2398 4777 2635 4831 Amnes,
2662 4778 2921 4844 Quoniam
2948 4796 3012 4834 επ
3038 4780 3171 4850 ipso,
3201 4780 3339 4849 Quia
3369 4773 3598 4835 omnium
3626 4769 3741 4852 erca.

465 4856 475 4866 '
531 4855 663 4910 mihi
693 4862 915 4925 propter
942 4861 1158 4923 patres;
1202 4852 1255 4906 id
1289 4859 1375 4906 est
1407 4850 1749 4921 patriarchas
1788 4860 1844 4907 et
1872 4864 1997 4920 proli

2211 4874 2296 4919 tor
2321 4863 2462 4919 Deus
2497 4874 2598 4920 est.
2647 4866 2727 4920 Ex
2775 4866 2892 4937 ipso
2935 4876 3066 4923 sunt
3101 4871 3284 4924 omnia
3326 4861 3527 4940 (Patre)
3566 4863 3614 4911 cl
3639 4850 3737 4940 (ιυιέ

531 4953 636 5010 tas,
666 4958 896 5015 quorum
932 4942 1091 4998 ﬁdem
1132 4942 1434 4996 imitantur.

2208 4956 2322 5026 ipse
2344 4964 2600 5027 operatur
2629 4973 2727 5027 per
2752 4936 2970 5024 Filium,
2997 4974 3094 5028 per
3128 4960 3302 5030 ipsum
3330 4936 3456 5013 sunt
3481 4943 3669 5006 omnia;
3696 4936 3736 4983 ει

598 5030 691 5090 25.
744 5032 1044 5089 Secundum
1089 5031 1433 5103 Evangelium
1485 5030 1693 5101 quidem
1751 5033 1970 5099 inimici,
1997 5042 2103 5088 etc.
2208 5048 2463 5116 quoniam
2492 5064 2611 5119 qum
2652 5065 2716 5103 ex
2744 5050 2876 5116 υεο,
2914 5065 3013 5120 ρετ
3039 5053 3207 5107 Deum
3244 5061 3391 5116 sum,
3435 5049 3549 5119 post
3584 5032 3736 5122 renti.la

526 5126 606 5182 Ne
628 5126 752 5197 quis
775 5127 980 5183 diceret
998 5124 1213 5179 Judteos
1244 5123 1297 5177 in
1328 5122 1493 5178 corde
1519 5121 1651 5211 odio
1669 5122 1942 5190 habuisse,
1976 5122 2106 5179 loris
2208 5139 2260 5192 ίη
2295 5138 2498 5207 spiritu
2546 5148 2737 5201 εοηριο
2785 5146 2934 5203 sum,
2988 5139 3039 5193 in
3091 5142 3209 5211 ipso
3259 5149 3386 5197 sum
3427 5121 3731 5192 omnia,qul3

524 5225 705 5271 autem
739 5215 921 5271 verbis
954 5214 1035 5271 eis
1065 5214 1309 5283 placere,
1330 5221 1385 5267 et
1429 5213 1503 5266 ita
1533 5210 1765 5278 adulari,
1796 5214 1927 5269 dicit
1958 5231 1971 5268 :
2008 5215 2106 5269 Se-
2210 5226 2443 5299 spiritus
2469 5236 2688 5283 sanctus
2720 5228 2786 5282 de
2813 5230 2923 5285 ι)εο
2959 5238 3041 5285 ρει
3072 5210 3253 5287 palm,

525 5309 761 5372 cundum
787 5307 1162 5371 Evanuelium,
1189 5306 1332 5376 quod
1358 5306 1825 5361 estcontrarium.

2252 5294 2430 5373 ὈΑΡ.
2470 5316 2583 5371 XII.
2602 5346 2675 5357 ——
2705 5316 2755 5371 I'.
2786 5318 3027 5375 AMBROS.
3063 5308 3291 5376 Obsecro
3315 5321 3486 5388 itaque
3507 5322 3605 5364 vos.
3630 5294 3733 5388 ξὀδί

558 5462 559 5465 η
595 5402 690 5456 2i.
716 5402 882 5459 Aus-r.
904 5401 1011 5472 (De
1035 5400 1202 5469 praui.
1223 5399 1393 5454 sancti
1408 5398 1502 5453 lib.
1524 5413 1563 5466 ι,
1582 5413 1701 5469 cap.
1723 5398 1793 5453 I6
1817 5409 1947 5454 tom.
1968 5398 2090 5470 VII).

2211 5416 2502 5464 tractatum
2533 5407 2666 5478 legis
2697 5414 2751 5463 et
2783 5407 2925 5471 ﬁdei,
2956 5408 3239 5465 Judaicum
3274 5385 3517 5481 populum
3547 5402 3594 5450 el
3618 5385 3729 5442 δέη·

528 5493 830 5549 Secundum
861 5490 1224 5561 Euangelium.
1253 5490 1391 5558 Quid
1420 5498 1505 5546 est
1535 5492 1830 5546 secundum
1859 5490 2106 5561 Evange-
2209 5498 2327 5553 tiles
2358 5498 2425 5552 ad
2448 5498 2644 5553 bonam
2667 5497 2833 5552 vitam
2859 5498 3126 5570 agendam
3155 5501 3420 5554 hortatur.
3670 5558 3681 5572 .

527 5583 657 5636 lium
686 5583 902 5651 quidem
926 5582 1130 5639 inimici
1159 5592 1379 5654 propter
1400 5585 1631 5649 vos,nisi
1652 5584 1792 5653 quod
1822 5583 2104 5639 inimicitia
2273 5589 2328 5642 2.
2370 5586 2455 5641 Ut'
2482 5588 2766 5642 cohibentis
2818 5568 3038 5658 corpora
3084 5599 3272 5645 vestra.
3330 5588 3557 5654 Corpora
3609 5568 3725 5621 enim

527 5690 631 5743 qua
654 5676 969 5731 occiderunt
1006 5676 1302 5743 Christum,
1335 5676 1645 5747 Evangelia,
1674 5678 1813 5731 sicut
1836 5676 2103 5741 videmus,
2202 5680 2438 5750 subjecta
2471 5680 2727 5749 peccatis.
2758 5696 2863 5736 non
2891 5682 3010 5737 viva
3038 5682 3324 5748 habentur,
3350 5677 3440 5737 sed
3465 5668 3669 5729 mortua-

528 5765 643 5822 siue
688 5765 1025 5823 dubitatione
1071 5766 1341 5838 profecit?
1391 5766 1454 5821 Et
1481 5766 1581 5820 hoc
1627 5764 1865 5820 ostendit
1907 5779 1970 5821 ex
2005 5764 2100 5820 Dei
