3954 6306
148 354 238 410 HS
850 348 917 407 ΙΝ
964 354 1025 411 1).
1085 357 1292 416 PAULI
1332 359 1551 417 EPlST.
1579 359 1932 419 COMMENT.
1963 392 2035 405 --
2070 363 2286 422 EPIST.
2320 367 2410 421 AD
2450 365 2615 421 80M.
3272 370 3378 427 iiii

144 471 395 529 sanctam,
430 461 541 519 Deo
567 464 895 536 placentem,
928 469 1253 526 rationabile
1292 470 1613 541 obsequium
1645 483 1902 529 vestrum.
1938 475 2004 529 Et
2038 476 2202 532 nolite
2239 476 2591 544 conformari,
2622 476 2817 533 similes
2843 479 2961 548 fieri
2982 485 3308 554 sapientibus
3330 501 3385 540 in

147 559 306 625 rebus,
335 558 460 615 huic
504 562 723 630 saeculo,
750 564 846 619 sed
884 564 1259 622 reformamini
1297 566 1350 621 in
1383 567 1621 623 novitate
1655 584 1849 625 sensus
1876 571 2069 637 vestri,
2101 581 2160 627 ut
2209 573 2448 642 probetis
2484 575 2538 628 5.
2568 589 2689 645 quae
2724 574 2793 629 sit
2820 576 3068 634 voluntas
3094 581 3186 636 Dei
3220 582 3385 646 bona,

142 665 194 710 et
222 657 350 713 bene
380 656 601 729 placens
628 671 683 718 et
715 662 977 734 perfecta.
1012 662 1151 718 Ideo
1177 664 1303 717 dicit
1332 664 1453 730 hoc,
1484 664 1611 734 quia
1650 668 1890 735 superius
1927 668 2132 723 dixerat
2159 658 2417 741 quasdam
2455 670 2759 727 insolubiles
2787 674 3119 744 quwstiones.
3171 676 3226 731 4.
3261 678 3395 732 Dico

142 746 297 813 enim,
326 761 424 816 per
451 752 680 820 gratiam
706 769 826 825 quae
857 755 983 810 data
1008 763 1093 811 est
1128 754 1285 821 mihi,
1310 755 1565 811 omnibus
1586 757 1680 826 qui
1710 767 1839 813 sunt
1881 758 2026 815 inter
2051 775 2147 816 vos
2175 780 2188 815 :
2220 760 2337 818 Non
2363 762 2484 834 plus
2518 780 2708 836 sapere
2736 774 2900 839 quam
2930 775 3142 837 oportet
3178 783 3391 839 sapere,

141 842 189 897 5.
223 844 313 899 sed
338 858 533 915 sapere
574 848 643 903 ad
671 848 1045 915 sobrietatem,
1091 849 1146 907 6.
1179 859 1236 906 et
1263 850 1581 920 unicuique,
1621 851 1763 907 sicut
1792 853 1932 909 Deus
1969 855 2154 910 divisit
2193 872 2503 913 mensuram
2542 860 2686 915 ﬁdei.
2718 862 2772 916 7.
2801 861 2955 917 Sicut
2990 846 3139 918 enim
3189 863 3241 917 in
3284 880 3394 920 uno

142 950 354 1008 corpore
402 942 570 997 multa
617 944 863 999 membra
902 944 1185 1028 habemus,
1228 945 1411 1001 omnia
1462 954 1644 1001 autem
1695 948 1937 1003 membra
1981 965 2088 1005 non
2131 952 2382 1008 eumdem
2429 964 2609 1011 aetum
2658 957 2886 1024 habent,
2932 959 3008 1013 ita
3041 959 3193 1014 multi
3229 977 3396 1018 unum

139 1043 324 1100 corpus
358 1047 549 1092 sumus
585 1039 637 1092 in
679 1040 923 1108 Christo,
964 1043 1160 1115 singuli
1202 1054 1383 1101 autem
1425 1045 1562 1101 aiter
1599 1046 1822 1102 alterius
1861 1051 2123 1105 membra.
2178 1051 2450 1109 [labentes
2493 1063 2672 1109 autem
2737 1056 3056 1113 donationes
3100 1059 3394 1115 secundum

137 1127 386 1221 gratiam,
418 1145 540 1200 quae
571 1135 695 1189 data
724 1145 811 1191 est
837 1138 1012 1205 nobis,
1062 1140 1117 1195 8.
1149 1140 1465 1196 diﬂ'erentes
1501 1142 1788 1197 secundum
1824 1144 2077 1199 rationem
2106 1147 2254 1215 ﬁdei,
2282 1148 2477 1204 scilicet
2505 1128 2754 1205 habemus
2784 1141 3101 1221 di/ferentes,
3131 1165 3177 1209 et
3208 1165 3401 1210 cwtera

139 1216 308 1287 eodem
347 1222 528 1289 modo,
571 1224 625 1279 9.
659 1226 776 1282 sive
824 1229 1165 1297 prophetiam
1210 1230 1509 1287 secundum
1558 1232 1644 1286 10.
1682 1233 1949 1289 rationem
2000 1236 2144 1301 lidei,
2194 1237 2308 1292 sive
2358 1238 2719 1293 ministerium
2762 1216 3247 1308 inﬂministrando,
3281 1245 3399 1301 sive

144 1308 320 1379 li.qui
341 1312 501 1369 docet
514 1315 566 1370 in
577 1316 842 1382 doctrina,
859 1319 1052 1389 12.'qui
1065 1321 1386 1377 exhortatur
1404 1322 1458 1378 in
1474 1323 1835 1389 exhortando,
1851 1325 1942 1392 qui
1959 1325 2145 1381 tribuit
2159 1326 2210 1380 iu
2228 1327 2596 1397 simplicitate,
2611 1330 2701 1399 qui
2720 1338 2917 1399 praeest
2938 1330 2990 1385 in
3007 1331 3391 1397 sollicitudine,
3466 1338 3471 1343 '

140 1402 225 1471 qui
264 1404 555 1463 miseretur
590 1410 653 1475 in
683 1410 977 1468 hilaritate.
1012 1413 1241 1471 Dilectio
1266 1415 1385 1469 sine
1420 1414 1787 1470 simulatione.
1821 1415 2077 1472 Odientes
2115 1416 2334 1490 (scilicet
2362 1419 2500 1489 sitis)
2541 1420 2765 1484 malum,
2803 1420 2884 1475 vel
2910 1422 3163 1491 digressio
3199 1424 3298 1491 fuit
3333 1425 3397 1476 de

139 1492 230 1547 hoc
272 1498 410 1566 quod
460 1499 611 1567 dicit,
656 1501 774 1557 dico
805 1504 945 1558 enim
991 1521 1085 1576 per
1106 1506 1367 1577 gratiam,
1417 1505 1757 1561 adhaerentes
1802 1505 1942 1561 bono
1996 1523 2010 1561 :
2059 1507 2327 1562 charitate
2377 1506 2736 1564 fraternitatis
2796 1509 3027 1565 invicem
3079 1510 3411 1579 diligentes;

142 1583 333 1642 honore
380 1588 616 1647 invicem
673 1595 1095 1664 praevenientes;
1166 1598 1253 1653 13.
1305 1597 1664 1654 sollicitudine
1709 1598 1816 1669 35
1877 1599 2196 1670 nou-pigri,
2262 1600 2346 1654 14.
2386 1600 2581 1670 spiritu
2626 1599 2927 1666 ferventes,
2986 1602 3218 1657 Domino
3280 1618 3403 1658 ser-

140 1677 487 1755 vientes,spe
525 1686 855 1756 gaudentes,
914 1689 968 1743 in
1016 1690 1365 1746 tribulatione
1412 1692 1711 1763 patientes,
1752 1693 1985 1749 orationi
2040 1694 2343 1758 instantes,
2406 1695 2822 1751 necessitatibus
2877 1706 3194 1752 sanctorum
3248 1712 3401 1753 com-

142 1774 498 1845 municantes,
530 1781 585 1835 id
612 1791 686 1835 est
708 1782 909 1853 aliquid
938 1783 1247 1855 largientes,
1280 1786 1701 1857 hospitalitatem
1726 1795 2020 1843 sectantes.
2063 1787 2368 1843 Beuedicite
2394 1789 2843 1860 persequentibus
2874 1803 3009 1854 vos;
3065 1787 3420 1851 benedieite,‘

138 1866 192 1922 et
234 1869 400 1929 nolite
449 1877 795 1938 maledicere.
837 1882 1128 1950 Gaudere,
1186 1885 1384 1942 scilicet
1431 1886 1699 1957 idipsum,
1749 1888 1804 1940 id
1855 1896 1929 1942 est
1979 1888 2213 1943 eamdem
2280 1904 2417 1953 rem,
2461 1900 2584 1944 eum
2642 1887 3044 1957 gaudentibus,
3096 1884 3233 1941 llere
3282 1901 3405 1940 cum

138 1962 411 2039 ﬂentibus,
455 1974 686 2047 idipsum
717 1980 946 2035 invicem
987 1980 1311 2049 sentientes,
1366 1983 1422 2037 id
1471 1992 1544 2038 est
1594 1982 1849 2050 volentes,
1899 1998 2005 2038 non
2056 1983 2164 2038 alta
2206 1984 2479 2054 sapientes
2532 1983 2915 2053 superbientes,
2967 1982 3061 2037 sed
3115 1974 3415 2037 humilibus

137 2068 550 2128 consentientes.
581 2074 669 2130 15.
711 2076 889 2133 Nolite
912 2093 1032 2135 esse
1071 2080 1363 2151 prudentes
1392 2081 1533 2150 apud
1564 2082 1951 2152 vosmetipsos,
1994 2082 2080 2137 16.
2117 2082 2246 2137 nulli
2279 2082 2478 2137 malum
2510 2096 2607 2153 pro
2638 2080 2784 2138 malo
2813 2081 3139 2147 reddentes,
3171 2081 3258 2135 l7.
3284 2084 3409 2151 pro-

136 2158 374 2220 videntes
395 2167 536 2224 bona
564 2187 668 2227 non
699 2184 904 2229 tantum
930 2192 1111 2231 coram
1140 2177 1277 2242 Deo,
1318 2178 1411 2232 sed
1439 2178 1603 2233 etiam
1649 2194 1832 2233 coram
1868 2178 2119 2234 omnibus
2159 2177 2467 2235 hominibus
2490 2217 2506 2244 ,
2552 2178 2633 2234 l8.
2676 2177 2722 2233 si
2774 2178 2888 2233 fieri
2914 2184 3091 2247 potest
3117 2216 3135 2243 ,
3163 2175 3305 2246 quod
3338 2190 3407 2232 ex

136 2257 286 2313 vobis
320 2271 448 2329 est,
508 2282 631 2323 cum
668 2273 920 2327 omnibus
958 2273 1268 2329 hominibus
1325 2290 1513 2345 pacem
1556 2276 1847 2340 habentes,
1910 2291 2049 2341 non,
2096 2275 2348 2330 subaudis
2396 2274 2545 2341 sitis,
2604 2274 2965 2343 vosmetipsos
3015 2272 3407 2339 defendentes,

134 2354 475 2429 charissimi,
527 2368 620 2422 sed
670 2368 754 2424 l9.
806 2371 929 2426 date
977 2371 1155 2427 locum
1192 2372 1324 2439 im;
1366 2373 1626 2443 scriptum
1669 2382 1753 2426 est
1812 2372 1997 2427 enim:
2046 2372 2176 2426 Mihi
2216 2370 2494 2434 vindicta,
2550 2369 2802 2425 subaudis
2848 2374 3047 2423 servate
3098 2363 3407 2428 vindictam,

133 2461 234 2519 ego
264 2456 594 2527 retribuam,
642 2463 774 2518 dicit
820 2448 1097 2519 Dominus.
1140 2464 1245 2520 Sed
1294 2465 1339 2520 si
1367 2465 1621 2520 esurierit
1651 2464 1903 2519 inimicus
1953 2471 2076 2518 tuus
2100 2502 2116 2528 ,
2163 2460 2282 2518 ciba
2346 2458 2535 2526 illum;
2568 2460 2614 2515 si
2654 2458 2812 2526 sitit,
2850 2466 3036 2530 potum
3066 2457 3133 2511 da
3164 2454 3266 2513 illi.
3300 2454 3415 2510 Hoc

136 2546 277 2601 enim
310 2549 517 2609 faciens
539 2557 631 2613 20.
662 2560 926 2615 carbones
952 2561 1092 2632 ignis
1117 2576 1380 2632 eongeres
1419 2576 1579 2632 super
1607 2570 1799 2631 eaput,
1848 2559 1904 2614 id
1939 2569 2014 2614 est
2056 2568 2277 2614 mentem
2306 2556 2442 2628 ejus.
2477 2555 2592 2612 Noli
2631 2555 2772 2612 vinci
2801 2571 2831 2612 a
2864 2554 3033 2620 malo,
3062 2554 3116 2609 id
3142 2562 3219 2609 est
3248 2551 3366 2608 vitio
3395 2590 3413 2618 ,

142 2642 231 2696 sed
256 2644 419 2704 vince
442 2650 495 2706 in
518 2652 660 2710 bono
683 2697 698 2723 ,
730 2654 784 2721 id
804 2666 879 2712 est
909 2658 1096 2713 virtute
1115 2697 1130 2723 ,
1160 2657 1381 2712 malum.

1490 2796 1868 2856 COMMENTA
1878 2795 2061 2854 RlUS.

212 2919 265 2975 3.
304 2920 507 2979 Lsxrn.
549 2926 680 2993 Qua:
720 2930 785 2983 sit
823 2930 1059 2987 voluntas
1086 2931 1179 2987 Dei
1212 2934 1368 2996 bona,
1398 2932 1453 2987 id
1484 2941 1589 2998 est,
1635 2930 1713 2985 fa-
1741 2934 1789 2992 Α
1818 2929 2132 2985 tradendam
2158 2944 2225 2983 ex
2255 2927 2357 2983 ﬁde
2387 2927 2697 2998 adjuvatur.

151 3009 292 3065 ciens
320 3014 509 3083 honos,
539 3026 593 3071 et
623 3019 1023 3078 benefacientes
1053 3032 1106 3076 et
1136 3021 1426 3092 perfectos.

218 3106 272 3160 4.
315 3106 444 3163 Dico
470 3112 633 3166 enim.
666 3110 770 3178 Per
797 3115 1050 3184 gratiam,
1084 3116 1281 3185 inquit,
1327 3132 1429 3185 qua
1469 3130 1554 3169 me
1582 3114 1721 3170 Deus

155 3194 461 3263 Apostoium
502 3212 748 3258 vestrum
798 3205 955 3269 fecit,
1023 3206 1275 3261 omnibus
1322 3206 1575 3277 pmeipio
1620 3221 1726 3260 non

155 3282 266 3351 plus
294 3287 623 3358 investigare
653 3308 815 3361 opera
843 3293 935 3349 Dei
965 3309 1128 3364 quam
1155 3303 1390 3364 oportet.

221 3375 272 3431 5.
312 3378 418 3435 Sed
448 3400 652 3452 sapere.
685 3384 909 3455 Sapere,
943 3385 995 3439 id
1039 3394 1122 3440 est
1158 3384 1479 3455 intelligere,
1527 3381 1732 3437 debetis

158 3472 441 3527 secundum
472 3472 809 3529 differentias
837 3476 1098 3529 donorum
1128 3473 1246 3539 Dei,
1276 3471 1402 3543 quia
1436 3487 1597 3527 omne
1637 3471 1733 3525 do-

160 3572 275 3614 num
299 3561 540 3634 Spiritus
565 3566 738 3620 sancti
764 3563 1017 3620 ditferens
1040 3573 1157 3619 est:
1187 3562 1329 3635 quod
1350 3571 1452 3630 est,
1481 3560 1730 3615 habentes

162 3648 473 3723 donationes,
507 3665 638 3718 εις..
675 3655 835 3709 infra.

225 3739 275 3795 6.
308 3742 373 3797 Et
402 3744 707 3814 unicuique.
744 3742 890 3799 Ordo
916 3762 929 3799 :
956 3759 1034 3799 sue
1057 3744 1199 3798 Deus
1225 3741 1409 3797 divisit
1438 3740 1733 3811 unicuique

164 3834 462 3889 mensuram
486 3835 758 3889 donorum
792 3850 1044 3897 suorum;
1084 3850 1205 3904 qua:
1233 3834 1366 3889 lides
1399 3832 1731 3888 credentium

90 3926 93 3927 ν
166 3929 508 3983 promeretur.

228 4008 277 4062 7.
317 4011 459 4068 Sicut
506 4015 671 4069 enim.
712 4014 949 4085 Exponit
978 4014 1214 4084 qualiter
1261 4014 1398 4069 dona
1432 4011 1526 4067 Dei
1559 4011 1730 4067 divisa

167 4108 281 4152 sunt
328 4102 618 4169 ﬁdelibus,
666 4106 917 4161 videlicet
975 4106 1116 4160 sicut
1159 4106 1371 4160 diversa
1418 4101 1589 4159 oliicia
1646 4103 1731 4157 di-

166 4192 325 4248 versis
365 4198 527 4254 unius
572 4197 816 4267 corporis
862 4197 1109 4267 partibus
1159 4205 1286 4252 sunt
1330 4196 1643 4259 distributa,
1674 4202 1736 4248 ut

169 4275 424 4340 humilitas
461 4287 516 4342 in
551 4288 806 4342 omnibus
840 4297 1209 4344 conservetur.

170 4461 200 4514 ὁ
232 4373 282 4429 8.
321 4377 659 4449 Di/ferentes.
690 4380 786 4437 Vel
810 4381 1131 4437 donationes
1155 4379 1487 4444 differentes,
1516 4376 1600 4433 vel
1642 4390 1739 4431 nos

202 4462 479 4514 merentes-

202 4462 480 4526 ilierentes.

234 4554 284 4609 9.
318 4558 564 4616 Aunnos.
600 4560 728 4616 Sine
749 4561 1098 4632 prophetiam.
1126 4559 1416 4629 Pmphetia
1458 4572 1557 4628 pro
1582 4556 1741 4611 modo

176 4640 286 4700 fidei
332 4649 514 4707 datur.
592 4651 841 4707 Minister
892 4652 960 4705 ad
1009 4650 1328 4720 obsequium
1383 4646 1759 4702 fraternitatis

176 4738 526 4809 Wbendum,
556 4743 612 4797 in
637 4752 899 4813 quantum
931 4741 1126 4806 credit,
1156 4740 1422 4794 ﬁrmatur.

205 4829 319 4887 .l0.
358 4833 561 4892 Laurn.
595 4836 700 4891 Rat
727 4853 877 4891 onem
911 4836 1057 4904 ﬁdei.
1105 4836 1286 4900 Fides,
1317 4845 1372 4889 et
1398 4832 1741 4904 pro;-betiam

178 4925 227 4971 el
260 4933 450 4981 caetera
491 4943 617 4999 quas
655 4936 962 4997 sequuntur
1008 4926 1139 4991 facit
1188 4927 1389 4981 habere
1436 4923 1739 4980 credentes.

182 5005 281 5065 Nisi
323 5017 465 5073 enim
501 5020 806 5085 crederent,
856 5035 966 5074 non
1005 5019 1289 5074 haberent.
1340 5018 1405 5073 Et
1449 5018 1503 5071 in
1533 5016 1745 5072 caeteris

182 5104 461 5161 secundum
508 5110 776 5164 rationem
825 5109 947 5164 ﬁdei
986 5107 1315 5179 subinteiligi
1345 5108 1525 5163 debet.
1573 5104 1640 5160 Et
1663 5113 1747 5159 est

184 5200 398 5249 sensus:
430 5199 772 5269 prophetiam
806 5199 1066 5255 habentes
1102 5199 1363 5254 debemus
1403 5212 1525 5253 esse
1550 5195 1743 5266 singuli

186 5284 443 5354 membra;
481 5290 598 5345 sive
627 5290 890 5346 habentes
925 5290 1263 5361 mysterium,
1297 5290 1555 5345 debemus
1588 5287 1749 5342 mini-

185 5375 395 5430 strando
429 5392 551 5435 esse
593 5379 730 5436 alter
769 5380 997 5436 alterius
1028 5381 1304 5447 membra,
1342 5388 1399 5435 et
1426 5387 1620 5435 caetera
1650 5392 1748 5433 eo-

187 5459 298 5517 dem
327 5469 506 5525 modo.

252 5554 335 5610 ll.
374 5560 611 5620 Austros.
659 5563 763 5632 Qui
791 5567 961 5622 docet.
998 5564 1079 5621 Ad
1107 5563 1446 5637 disciplinam
1477 5560 1746 5620 caelestem

1900 3020 1987 3073 12.
2031 3018 2135 3085 Qui
2165 3021 2489 3074 exhortatur.
2543 3017 2808 3073 Similiter
2844 3015 2936 3087 qui
2973 3014 3295 3070 exhortatur
3336 3013 3427 3069 ad.

1826 3108 2051 3164 bonum.
2103 3109 2367 3164 Similiter
2416 3109 2507 3178 qui
2561 3107 2879 3177 simpliciter
2926 3105 3175 3175 largitur,
3212 3112 3269 3160 et
3314 3108 3406 3173 qui

1827 3210 2053 3270 praeest,
2095 3198 2248 3269 juxta
2292 3200 2452 3255 fidem
2492 3200 2689 3269 accipit
2729 3198 3092 3269 vigilantiam,
3135 3213 3201 3252 eo
3257 3195 3417 3250 modo

1834 3278 1948 3358 qui.
1984 3290 2137 3345 lactus
2193 3290 2617 3345 misericordiam
2673 3286 2838 3353 facit,
2896 3286 3195 3342 secundum
3255 3285 3416 3339 fidem

1833 3382 1909 3435 ro!
1931 3391 2137 3436 oratur.

1906 3453 1991 3525 is;
2043 3469 2415 3525 sollicitudine
2445 3483 2548 3523 non
2569 3469 2727 3539 pigri.
2758 3467 2871 3523 Hoc
2900 3476 2983 3522 est
3013 3466 3155 3535 quod
3182 3463 3311 3518 dicit
3330 3462 3418 3517 Je-

1833 3560 2031 3613 retnias
2059 3574 2073 3612 :
2105 3559 2420 3613 Maledictus
2449 3559 2538 3629 qui
2568 3558 2695 3628 facit
2725 3573 2885 3628 opera
2919 3555 3130 3611 Domini
3162 3553 3421 3625 negligen-

1832 3659 1930 3705 ter.
1962 3651 2083 3704 ldeo
2109 3650 2338 3721 subjecit
2363 3668 2375 3704 :

1905 3741 1993 3795 M.
2035 3740 2238 3811 Spiritu
2283 3740 2556 3811 ferventes.
2627 3739 2739 3795 lloe
2786 3747 2905 3806 est,
2943 3736 3206 3794 exercitio
3248 3734 3415 3791 divini

1834 3833 2011 3903 eperis
2041 3841 2134 3887 aut
2163 3832 2295 3904 legis
2323 3848 2427 3888 non
2452 3833 2562 3888 sint
2591 3833 2776 3902 tepidi.

1908 3925 1995 3980 15.
2040 3924 2238 3981 Lsnrn.
2284 3922 2463 3987 Nolite
2493 3941 2603 3979 esse
2630 3924 2932 3994 prudentes.
2976 3922 3152 3978 Nolite
3176 3961 3192 3989 ,
3223 3920 3415 3990 inquit,

1837 4017 2176 4089 prudentiam
2204 4025 2443 4072 vestram
2466 4016 2605 4085 apud
2633 4016 2991 4087 vosmetipsos
3024 4023 3230 4070 tantum
3259 4027 3419 4068 exce-

1838 4108 1969 4161 dere
1992 4147 2006 4171 ,
2037 4106 2131 4161 sed
2160 4105 2333 4175 magis
2360 4106 2501 4175 apud
2531 4105 2829 4174 proximos.

1879 4195 1881 4198 ⁴
1914 4198 1997 4253 16.
2042 4196 2194 4252 Nulli
2223 4196 2443 4252 malum.
2487 4196 2682 4250 Malum
2706 4196 2918 4259 vitium,
2952 4193 3203 4249 videlicet
3228 4201 3287 4248 ut
3307 4192 3425 4246 vin-

1766 4287 1806 4345 Β
1836 4290 1978 4345 dicet
2004 4305 2081 4343 se.

1912 4380 1996 4433 17.
2041 4378 2278 4432 Attianos.
2345 4376 2683 4432 Providentes
2728 4376 2884 4429 bona.
2928 4373 3220 4430 Providere
3283 4373 3421 4428 bona

1842 4481 1925 4527 est
1958 4470 2132 4524 futura
2158 4479 2282 4524 ante
2305 4468 2491 4524 oculos
2516 4466 2748 4532 habere,
2804 4476 2863 4522 ut
2904 4482 2966 4522 ea
3015 4474 3275 4538 gerantur
3303 4481 3424 4536 qua:

1844 4561 2017 4616 laudis
2050 4561 2162 4615 sive
2219 4560 2358 4630 apud
2391 4558 2555 4613 Deum
2587 4557 2725 4623 sint,
2756 4557 2871 4612 sive
2900 4557 3041 4627 apud
3073 4556 3340 4612 homines.

1914 4652 2001 4708 18.
2044 4650 2107 4709 Si
2132 4652 2252 4721 ﬁeri
2277 4660 2463 4722 potest.
2497 4650 2653 4718 Quod
2684 4651 2733 4705 si
2767 4666 2872 4705 non
2900 4649 3061 4705 fuerit
3091 4658 3303 4705 amator
3331 4664 3425 4719 pa-

1843 4745 1924 4802 cis
1950 4786 1964 4809 ,
2002 4753 2058 4799 tu
2087 4755 2266 4799 tamen
2297 4742 2431 4798 velis
2477 4756 2599 4797 esse
2633 4743 2892 4813 pacificus
2912 4782 2927 4807 ,
2978 4751 3238 4813 quantum
3278 4743 3344 4796 ad
3373 4750 3425 4794 te

1845 4836 2094 4906 pertinet.
2138 4834 2195 4890 Si
2242 4844 2422 4889 autem
2453 4833 2760 4888 irreverens
2806 4841 2861 4888 et
2910 4831 3259 4903 blaSphemus
3301 4829 3426 4900 quis

1845 4928 1946 4993 sit,
1978 4936 2032 4982 et
2059 4940 2247 4996 pacem
2283 4940 2407 4981 cum
2435 4924 2526 4979 illo
2551 4924 2756 4980 habere
2783 4938 2889 4979 non
2914 4924 3091 4996 possis
3116 4964 3133 4992 ,
3171 4939 3280 4979 non
3322 4922 3426 4977 uti-

1846 5031 1951 5087 que
1980 5016 2083 5072 tibi,
2102 5015 2481 5071 ascribendum
2516 5016 2639 5071 erit.

1920 5108 2004 5162 l9.
2046 5107 2248 5162 [ΑΜΒ.
2288 5106 2422 5162 Date
2448 5107 2620 5162 locum
2651 5107 2766 5162 inc.
2809 5107 2910 5162 Dat
2942 5107 3118 5162 locum
3159 5106 3282 5171 iraa,
3332 5106 3423 5176 qui

1849 5200 2216 5255 adversarium
2238 5199 2503 5269 permittit
2521 5198 2699 5254 facere
2721 5200 2863 5270 quod
2891 5199 3022 5253 vult.

1919 5289 2007 5345 20.
2046 5289 2308 5344 Carbones
2338 5290 2472 5360 ignis
2494 5330 2510 5356 ,
2558 5289 2611 5345 id
2639 5300 2755 5354 est,
2807 5289 3074 5344 fervorem
3097 5285 3381 5342 charitatis
3411 5327 3427 5351 ,

1849 5383 1933 5441 vel
1956 5383 2192 5455 Spiritus
2221 5383 2393 5438 sancti
2420 5422 2434 5448 ,
2490 5391 2549 5438 ut
2581 5392 2672 5439 tuo
2696 5380 2942 5452 exemplo
2976 5386 3301 5452 provocatus
3328 5421 3342 5449 ,
3374 5387 3429 5436 et

1853 5476 1965 5547 ipse
1996 5476 2197 5534 bonum
2227 5473 2407 5530 faciat.
