3880 6306
540 409 646 469 m
1104 500 1109 504 θ
1559 419 1626 474 Β..
1660 420 2051 482 ΕᾹΝΕἮᾹΝΟΙ

2253 422 2434 485 'UAR.
2469 427 2787 487 ARCHIEP.
3712 434 3785 493 Il!

1940 558 2167 617 CAPUT
2207 561 2341 617 XIII.

601 650 795 710 Omms
817 670 995 711 anima
1020 661 1377 727 potestatibus
1392 662 1793 722 sublimioribus
1826 670 1877 722 I.
1911 673 2123 728 subdita
2152 675 2261 741 sit;
2279 675 2397 743 (hoc
2422 676 2554 730 dixit
2588 692 2650 729 ne
2670 674 2931 741 subirent,
2953 674 3077 744 quia
3099 674 3305 729 dixerat
3327 674 3479 743 ﬁlios
3500 676 3779 731 tlei‘liberot

524 749 657 817 esse)
692 766 798 805 non
819 761 901 808 est
924 754 1068 808 enim
1096 765 1333 825 potestas
1354 758 1454 813 nisi
1482 774 1522 813 at
1538 760 1667 815 Deo.
1689 762 1819 829 Qum
1846 772 2025 821 autem
2060 779 2211 834 sunt,
2233 785 2263 823 a
2288 770 2398 825 Deo
2421 771 2683 825 ordinata:
2722 778 2846 825 sunt
2863 768 2918 822 2.
2946 769 3134 837 Itaque
3160 769 3251 838 qui
3278 770 3495 825 resistit
3526 771 3779 839 potestati,

528 842 622 899 Dei
656 846 984 903 ordinationi
1023 850 1247 906 resistit.
1279 853 1380 921 Qui
1410 863 1587 911 autem
1620 859 1904 925 resistunt,
1950 862 2050 932 ipsi
2098 864 2200 920 sibi
2242 865 2644 920 damnationem
2690 865 3013 934 acquirunt;
3055 880 3181 920 nam
3236 866 3523 937 principes
3552 882 3652 921 non
3684 876 3778 921 sunt

525 939 712 998 timori
744 945 867 1000 boni
893 946 1105 1016 operis,
1136 950 1228 1004 sed
1255 951 1410 1006 mali.
1427 954 1520 1008 Vis
1544 965 1723 1011 autem
1762 973 1878 1012 non
1915 961 2104 1016 timere
2144 964 2510 1033 potestatem?
2551 960 2760 1020 Bonum
2790 962 2876 1018 fac
2902 970 2957 1018 et
2978 964 3033 1018 '5.
3062 961 3288 1018 habebis
3312 963 3540 1018 laudem
3572 979 3631 1016 ex
3675 963 3775 1016 illa:

533 1034 629 1090 Dei
659 1039 804 1093 enim
844 1042 1088 1097 minister
1113 1053 1199 1099 est
1227 1044 1321 1101 tibi
1358 1047 1409 1101 in
1437 1049 1655 1104 bonum.
1688 1050 1745 1107 Si
1769 1063 1948 1109 autem
1978 1055 2175 1112 malum
2199 1058 2414 1122 feceris,
2437 1059 2492 1113 4.
2522 1060 2689 1125 time;
2730 1075 2835 1116 non
2876 1059 3020 1115 enim
3063 1059 3174 1131 36
3212 1058 3330 1114 sine
3377 1073 3550 1113 causa
3584 1057 3775 1128 gladium

527 1140 727 1200 portat.
760 1134 825 1198 5,
866 1135 919 1190 6.
966 1136 1067 1193 Dei
1082 1141 1225 1194 enim
1254 1142 1500 1199 minister
1524 1156 1638 1212 est,
1667 1147 1717 1202 7.
1746 1149 1944 1206 vindex
1974 1152 2026 1206 in
2052 1153 2189 1207 iram
2215 1154 2265 1209 ei
2291 1155 2380 1223 qui
2411 1155 2608 1209 malum
2636 1155 2765 1225 agit.
2790 1154 3022 1224 Ideoque
3044 1153 3367 1210 necessitate
3393 1152 3598 1207 subditi
3623 1161 3776 1213 estote,

525 1227 583 1288 8.
623 1245 726 1284 non
756 1228 924 1287 solum
959 1244 1177 1304 propter
1199 1236 1332 1291 iram
1356 1279 1371 1304 ,
1407 1240 1599 1295 scilicet
1630 1244 1932 1311 vitandam,
1965 1248 2060 1302 sed
2086 1247 2250 1316 etiam
2278 1257 2500 1319 prapter
2520 1249 2910 1305 conscientiam
2930 1287 2946 1313 ,
2978 1247 3176 1303 scilicet
3204 1259 3434 1303 vestram
3461 1250 3517 1302 in
3550 1249 3673 1302 bona
3695 1262 3774 1299 ser-

522 1329 749 1383 vandam
778 1372 793 1397 ,
822 1330 901 1384 vel
929 1348 961 1385 a
985 1332 1126 1386 malo
1154 1332 1501 1391 liberandam.
1535 1338 1659 1395 Ideo
1680 1342 1827 1395 enim
1850 1350 1905 1397 et
1927 1343 2129 1398 tributa
2162 1344 2470 1413 praestatis:
2520 1344 2754 1399 ministri
2790 1332 2934 1399 enim
2960 1344 3054 1399 Dei
3106 1351 3271 1408 sunt,
3313 1344 3369 1399 θ.
3414 1343 3472 1399 ἰη
3506 1345 3609 1399 hoc
3635 1343 3774 1413 ipsum

523 1424 843 1480 servientes.
883 1425 1109 1482 Reddite
1132 1445 1260 1499 ergo
1285 1432 1535 1489 omnibus
1562 1435 1774 1501 debita;
1803 1436 1888 1491 cui
1920 1438 2212 1505 tributum,
2269 1430 2544 1512 (tributum
2575 1440 2827 1496 vocabant
2846 1481 2861 1507 ,
2913 1440 3038 1511 quia
3091 1440 3293 1495 subditi
3322 1440 3478 1494 domi
3504 1437 3769 1497 solvebant,

522 1534 638 1587 qua:
665 1520 763 1589 ipsi
787 1521 982 1575 subditi
1012 1524 1081 1577 ad
1108 1525 1289 1580 domos
1334 1528 1597 1609 seniorum
1628 1533 1896 1605 vehebant)
1930 1536 2223 1603 tributum;
2275 1538 2361 1593 cui
2410 1536 2676 1610 vectigal,
2716 1535 2987 1608 vectigal;
3040 1536 3128 1593 cui
3179 1536 3470 1599 timorem,
3526 1536 3772 1601 timorem;

521 1614 607 1671 cui
642 1617 934 1684 honorem,
966 1619 1247 1676 honorem.
1278 1624 1362 1679 I0.
1402 1608 1623 1683 Nemini
1642 1630 1937 1700 quidquam
1964 1632 2237 1700 debeatis,
2294 1634 2396 1689 nisi
2429 1643 2490 1689 ut
2534 1634 2764 1689 invicem
2823 1632 3091 1704 diligatis;
3136 1649 3503 1703 quemcunque
3548 1629 3769 1699 diligitisv

520 1708 793 1782 intelligite
822 1732 912 1769 vos
942 1716 1061 1784 plus
1090 1720 1273 1775 debere
1300 1722 1536 1793 diligere.
1567 1725 1668 1793 Qui
1706 1728 1852 1782 enim
1881 1728 2057 1799 diligit
2077 1730 2417 1801 proximum,
2449 1730 2623 1803 legem
2648 1729 2911 1800 implevit.
2940 1728 3076 1783 Nam
3104 1746 3117 1782 :
3150 1727 3266 1782 Non
3293 1726 3629 1782 adulterabis
3650 1742 3661 1777 :
3684 1721 3770 1775 Non

519 1805 774 1863 occides:
805 1808 923 1865 Non
954 1812 1258 1871 l‘uraheris:
1301 1816 1415 1875 Non
1441 1820 1632 1876 falsum
1669 1825 2038 1880 testimonium
2070 1825 2219 1881 dices
2245 1844 2259 1880 :
2287 1825 2406 1881 Non
2436 1826 2786 1896 concupisces
2814 1839 2830 1879 :
2863 1834 2918 1881 et
2946 1826 2989 1881 si
3015 1825 3159 1896 quod
3184 1834 3267 1880 est
3291 1825 3441 1881 aliud
3467 1822 3767 1879 mandatum.

518 1901 572 1954 in
606 1902 710 1959 hoc
742 1906 906 1961 verbo
936 1908 1279 1967 instauratur
1305 1930 1318 1967 :
1356 1914 1557 1987 Diliges
1582 1918 1889 1987 proximum
1924 1930 2072 1975 tuum
2101 1921 2242 1977 sicut
2278 1923 2530 1992 teipsum.
2564 1922 2789 1978 Dilect’io
2821 1921 3090 1991 proximi,
3119 1922 3179 1975 id
3201 1932 3274 1975 est
3301 1964 3315 1988 ,
3359 1923 3457 1988 qui
3487 1918 3647 1987 diligit
3672 1929 3765 1983 pro-

515 1998 714 2055 uimum
736 2042 750 2065 ,
780 2004 979 2059 malum
1008 2023 1114 2061 non
1140 2019 1415 2080 operatur.
1448 2013 1734 2071 Plenitudo
1767 2032 1893 2088 ergo
1926 2018 2060 2089 legis
2098 2027 2179 2074 est
2218 2019 2457 2075 dilectio.
2514 2019 2581 2074 Et
2632 2021 2737 2075 hoc
2783 2021 3025 2075 scientes
3046 2026 3296 2089 tempus:
3355 2016 3494 2085 Quia
3550 2015 3670 2067 hora
3706 2009 3765 2060 est

517 2105 622 2156 Iam
655 2111 761 2151 nos
786 2099 849 2153 de
875 2115 1066 2157 somno
1089 2118 1329 2177 surgere.
1374 2108 1529 2165 Nune
1552 2111 1694 2165 enim
1722 2114 1942 2182 prepior
1965 2122 2048 2169 est
2075 2122 2259 2169 nostra
2289 2115 2435 2170 salus
2458 2155 2472 2181 ,
2509 2115 2578 2183 (et
2601 2125 2799 2186 quanto
2825 2114 3043 2185 quisque
3067 2116 3284 2183 propior
3312 2123 3390 2167 est
3415 2108 3602 2169 morti,
3652 2108 3767 2155 tanta

517 2191 728 2259 propior
758 2196 951 2268 saluti)‘
978 2214 1139 2269 quam
1166 2218 1287 2258 cum
1310 2208 1661 2264 credidimus.
1692 2211 1778 2263 11.
1812 2210 1929 2265 Nox
1958 2214 2266 2282 praecessit,
2294 2214 2410 2268 dies
2436 2221 2616 2269 autem
2645 2212 3121 2285 appropinquavit.
3153 2211 3239 2266 I2.
3289 2207 3625 2277 Abjiciamns
3663 2208 3762 2263 ergo

518 2301 683 2354 Opera
713 2293 1055 2350 tenebrarum
1077 2339 1091 2363 ,
1128 2300 1225 2355 15.
1258 2310 1312 2356 et
1338 2303 1627 2360 induamur
1656 2320 1805 2362 arma
1835 2308 1988 2363 lueis.
2033 2308 2186 2364 Sicut
2218 2310 2275 2363 in
2297 2309 2414 2370 die,
2444 2308 3033 2378 bonestejambnlemus
3053 2346 3068 2372 ,
3097 2321 3200 2361 non
3230 2304 3284 2359 in
3314 2291 3761 2394 comessaliumbtls

516 2391 575 2436 et
600 2384 958 2446 ebrietatibus
978 2432 994 2457 ,
1024 2408 1129 2449 non
1157 2395 1209 2450 in
1245 2398 1513 2456 cubilibus
1542 2411 1597 2457 et
1624 2402 1974 2474 impndicitiis
2002 2445 2016 2469 ,
2047 2420 2154 2459 non
2189 2404 2241 2459 in
2271 2405 2704 2461 contentioneet
2731 2404 3119 2470 mmuiatione;
3165 2400 3260 2458 sed
3297 2393 3586 2455 induimini
3613 2390 3756 2444 Domt-
3850 2396 3851 2419 ἢ

515 2491 645 2532 tuom
673 2479 856 2537 Iesum
886 2485 1164 2546 Christum
1189 2530 1211 2558 ,ν
1235 2500 1290 2548 et
1317 2496 1499 2552 carnis
1524 2512 1710 2554 curam
1734 2515 1802 2555 ne
1834 2499 2073 2556 feceritis
2106 2500 2158 2554 in
2187 2500 2492 2557 desideriis.

1983 2590 2212 2647 CAPUT
2250 2591 2389 2646 XIV.

590 2686 619 2741 1
642 2726 658 2752 ,
688 2689 741 2744 2.
786 2690 1064 2749 lnﬁrmum
1099 2695 1243 2768 (quia
1277 2710 1425 2755 erant
1470 2704 1685 2773 quidam
1732 2707 1891 2762 suilla
1929 2725 2087 2762 carne
2136 2707 2356 2763 viventes
2379 2749 2393 2773 ,
2426 2707 2637 2777 quidam
2666 2704 2790 2759 'non
2811 2745 2825 2769 ,
2855 2701 3149 2774 modi/icui
3175 2717 3262 2756 eos
3308 2695 3620 2769 Apostolus.
3646 2684 3758 2791 illd."

512 2797 656 2836 mum
723 2798 905 2855 vocat,
956 2792 1046 2859 qui
1109 2792 1291 2849 debere
1348 2813 1475 2851 cura
1531 2797 1886 2874 [f.,carncm]
1941 2804 2092 2857 edere
2140 2820 2243 2857 nou
2299 2800 2560 2872 credebat)
2605 2800 2714 2870 37
2767 2806 2945 2852 autem
3005 2798 3059 2852 in
3117 2796 3222 2850 ﬁde
3283 2792 3565 2854 assumite,
3597 2800 3684 2840 non
3714 2794 3756 2832 In

509 2872 1426 2953 disceptationibuscogitationum.
1454 2888 1605 2946 Alius
1645 2893 1811 2960 enim,
1864 2872 1918 2949 id
1960 2904 2035 2950 est
2085 2896 2180 2949 iste
2228 2895 2506 2964 perfectam
2558 2892 2712 2960 ﬁdem
2745 2891 2917 2954 habet,
2969 2889 3143 2945 credit
3189 2901 3247 2942 se
3296 2885 3619 2971 manducare
3663 2887 3754 2971 0m“:

510 2963 629 3029 nia;
664 2967 754 3033 qui
808 2978 989 3023 autem
1028 2972 1296 3041 inﬁrmus,
1332 2978 1525 3034 scilicet
1575 2983 1628 3036 in
1676 2985 1776 3038 hac
1834 2986 1962 3055 ﬁde,
2010 2994 2113 3051 est,
2158 2963 2277 3040 olus
2316 2987 2623 3049 manducet,
2685 2982 2739 3035 id
2784 2992 2859 3036 est
2896 2982 3229 3051 permittatur
3298 2977 3573 3030 abstinere.
3606 2970 3645 3022 Is
3683 2978 3750 3033 qui

515 3053 849 3121 manducat,
900 3058 1095 3114 scilicet
1166 3080 1340 3121 omnes
1419 3070 1600 3137 cibos,
1656 3088 1762 3130 non
1815 3053 2229 3130 manducantem
2284 3090 2389 3129 non
2430 3080 2652 3143 spernat
2704 3072 2757 3126 5.
2810 3078 2863 3125 et
2913 3070 3005 3140 qui
3059 3085 3167 3126 non
3223 3074 3548 3134 manducat,
3607 3065 3653 3118 id
3697 3066 3751 3112 ιιι

1886 3168 2456 3228 COMMENTARIUS.

581 3240 733 3298 CAP.
778 3245 912 3302 XIII.
936 3249 1070 3305 -1.
1108 3250 1307 3308 Lmrn.
1339 3256 1564 3314 Subdita
1590 3263 1676 3316 sit.
1711 3263 1877 3320 Subdi
1909 3266 2091 3331 debet,
2116 3270 2169 3328 Α
2268 3262 2354 3317 I0.
2393 3262 2633 3317 AUGUST.
2657 3258 2827 3330 (epist.
2853 3258 2956 3313 I55
2980 3258 3050 3312 ad
3073 3257 3321 3313 Severum
3351 3258 3527 3312 abbat.
3552 3244 3749 3308 tom.lD.

515 3331 640 3400 quia
670 3349 776 3390 non
800 3336 962 3393 debet
988 3342 1264 3399 resistere.
1306 3345 1440 3402 Nam
1469 3350 1512 3405 si
1543 3351 1787 3418 resistat,
1819 3353 1914 3411 Dei
1955 3358 2102 3413 ordi-
2207 3354 2421 3409 Nemini
2442 3354 2748 3423 quidquam.
2774 3349 3109 3405 Charitatem
3139 3358 3288 3404 tanto
3312 3350 3489 3421 magis
3508 3346 3743 3400 debemus.

513 3425 731 3499 nationi
761 3429 996 3497 resistit;
1054 3444 1299 3504 potestas
1348 3440 1491 3495 enim
1536 3441 1631 3499 Dei
1684 3447 1957 3505 ordinatio
1981 3459 2099 3517 est,
2202 3454 2408 3516 quanto
2437 3442 2953 3515 apprehenderimus
2995 3442 3117 3515 [al.,
3164 3453 3376 3514 quanto
3428 3440 3643 3509 amplius
3670 3434 3743 3487 im-

511 3516 639 3585 quia
692 3532 855 3575 omne
901 3523 1045 3592 quod
1097 3540 1126 3579 a
1185 3526 1294 3582 Deo
1322 3538 1437 3596 est,
1498 3531 1594 3588 Dei
1643 3535 1916 3593 ordinatio
1972 3516 2098 3606 est,
2200 3533 2597 3610 penderimus],
2631 3534 2785 3603 cujus
2812 3549 2911 3590 nos
2932 3545 3225 3605 perpetuos
3248 3536 3527 3591 debitores
3548 3523 3742 3587 ostendit

508 3616 753 3674 potestas
786 3620 965 3666 autem
1004 3628 1034 3667 a
1067 3613 1176 3673 Deo
1206 3627 1319 3685 est;
1378 3636 1483 3677 non
1532 3631 1619 3679 est
1660 3626 1805 3681 enim
1854 3636 2099 3698 potestas
2199 3631 2492 3702 Apostolus
2520 3630 2739 3685 dicens:
2776 3627 2989 3684 Nemini
3018 3627 3311 3700 quidquam
3336 3626 3575 3685 debeatis
3596 3618 3683 3677 nisi
3703 3619 3746 3667 ut

510 3696 612 3752 nisi
636 3713 665 3750 a
694 3698 824 3754 Deo.
1858 3696 1871 3698 ’

1858 3696 1871 3698 ἡ
2201 3696 2431 3779 ita-vicem
2455 3722 2708 3793 diligatis.

579 3788 635 3842 2.
677 3789 866 3862 Itaque
914 3794 1006 3863 qui
1070 3798 1263 3852 resistit
1312 3804 1575 3870 potestati.
1638 3805 1695 3861 In
1756 3808 1843 3863 his
1889 3808 2100 3867 scilicet
2271 3813 2360 3868 11.
2399 3788 2640 3869 Aunnbs.
2683 3812 2809 3867 No.1:
2835 3812 3123 3883 prwcessit.
3164 3810 3393 3869 Noctem
3424 3798 3744 3865 veteremllo‘

508 3895 630 3948 quae
660 3882 726 3935 ad
753 3892 1080 3954 potestatem
1108 3892 1407 3960 pertinent,
1433 3894 1611 3964 idest,
1646 3899 2097 3971 tributis,vecti-
2197 3905 2398 3962 minem
2452 3905 2764 3975 signiﬁcat;
2822 3904 2968 3959 hunc
3022 3904 3353 3975 praeteriisse
3403 3901 3565 3979 dicit:
3626 3889 3741 3979 di?!“

508 3968 751 4041 gatibus,
785 3982 840 4029 et
870 3978 1050 4034 caeteri
1101 3980 1427 4050 huiusmodi.
1887 3968 1893 3971 ’
2196 4006 2379 4053 autem
2404 3968 2900 4068 appropinquasse,
2958 3995 3009 4049 id
3038 4004 3121 4051 est
3148 3978 3465 4058 Christum,
3518 3986 3653 4056 cujus
3674 3978 3734 4031 lu-

577 4065 630 4118 5.
673 4064 915 4122 Habebis
934 4069 1166 4127 laudent.
1208 4073 1353 4131 Laus
1398 4078 1630 4137 habetur
1671 4097 1737 4139 ex
1780 4095 2047 4154 potestate
2077 4130 2094 4157 ,
2196 4087 2341 4145 mine
2374 4064 2752 4142 veritas-nobis
2783 4085 3058 4156 apparuit.

505 4156 900 4268 qualiscunque
949 4165 1038 4268 sit.
1095 4166 1370 4226 Autenim
1418 4172 1557 4229 bona
1612 4184 1739 4245 est,
1788 4188 1843 4234 et
1888 4156 2087 4237 bonum
2265 4197 2352 4252 η,
2394 4197 2721 4268 MIy-ciam,”
2765 4211 2909 4265 ergo,
2964 4194 3020 4250 ω
3068 4204 3149 4250 εει
3205 4195 3340 4250 vim,
3394 4190 3595 4254 carnis,
3642 4188 3740 4250 qua

505 4246 729 4318 laudat;
760 4262 851 4309 aut
876 4254 1014 4310 mal'a
1045 4298 1059 4322 ,
1090 4267 1145 4314 et
1178 4260 1376 4317 bonum
1401 4268 1777 4337 persequitur;
1810 4278 1866 4326 et
1892 4272 1973 4328 sic
1998 4289 2093 4343 per
2194 4246 2406 4344 occulta
2431 4246 2580 4353 sunt,
2602 4296 2659 4343 et
2686 4246 2851 4358 digna:
2877 4294 3002 4341 sunt
3027 4286 3287 4343 tenebris.

503 4343 822 4412 patientiam
847 4347 1010 4405 illatae
1039 4352 1406 4412 tribulationis
1426 4399 1442 4424 ,
1475 4374 1663 4417 servus
1692 4363 1788 4419 Dei
1817 4363 2087 4421 laudatur.
2264 4343 2353 4435 i3.
2396 4343 2717 4434 ιηααιίηιαν,
2744 4343 2890 4433 υΒοηί
2920 4389 3105 4444 θρωπε.
3155 4394 3306 4434 arma
3330 4378 3467 4436 lucis
3491 4378 3635 4433 sunt,
3656 4364 3735 4418 int-

572 4436 629 4490 4.
660 4436 846 4547 Time;
878 4458 1001 4496 nam
1048 4462 1151 4499 non
1197 4449 1309 4503 sine
1347 4467 1507 4506 causa
1541 4453 1776 4523 gladium
1797 4468 1992 4526 portat.
2026 4458 2091 4512 Ει
2192 4483 2494 4547 pugnantes
2518 4488 2681 4544 opera
2714 4474 3080 4528 tenebrarum.
3482 4516 3483 4519 η

500 4529 606 4585 MC
645 4531 839 4623 probat
864 4574 879 4600 ν
929 4537 1055 4607 φιῖει
1108 4554 1231 4594 cum
1261 4557 1425 4599 causa
1453 4562 1471 4598 ι
1518 4554 1577 4601 ει
1603 4548 1707 4602 hoc
1740 4550 2087 4618 Ρΐθδθῑνθθί
2119 4613 2159 4632 η
2195 4529 2208 4546 Ι
2262 4529 2413 4622 UAP.
2455 4529 2595 4621 Xl\i.
2631 4594 2704 4606 -ο
2762 4566 2812 4619 1.
2853 4564 3093 4620 Αιωῐιοε.
3135 4564 3417 4632 Inﬁrnmm
3457 4568 3637 4617 autem.
3672 4543 3731 4600 Εἰ

501 4620 645 4674 enim
674 4621 923 4680 minister
947 4636 1049 4683 est.
1741 4613 1758 4618 _

2195 4656 2392 4712 Judmis
2421 4664 2575 4711 erant
2603 4656 2694 4728 qui
2736 4656 3011 4711 Romanos
3050 4658 3117 4712 ad
3147 4658 3306 4713 ﬁdem
3351 4646 3727 4721 assntnpsem“

574 4712 625 4767 5.
645 4710 769 4769 ~D‘ei
798 4718 957 4774 enim.
997 4718 1174 4775 Causa
1202 4738 1299 4778 cur
1330 4723 1507 4781 timeri
1533 4735 1804 4809 oporteat.

2194 4710 2290 4801 llis
2306 4710 2846 4803 videbaturjcarnem
2871 4710 3201 4818 prohibitam
3223 4710 3511 4805 edere—non
3531 4710 3726 4795 debere;

573 4803 627 4856 θ’
661 4804 760 4859 Dei
786 4809 924 4862 enim
954 4810 1209 4870 ”²ί¹¹ί³¹ε¹ὀ
1242 4815 1359 4871 An“
1383 4833 1545 4874 ⁸³⁸³⁵³
1568 4803 2093 4891 ουτ-(ἰυίΐθείειυυιν
2190 4852 2328 4908 quos
2365 4838 2486 4893 ideo
2522 4838 2768 4894 inﬁrmos
2799 4803 2978 4895 vocat.
3038 4840 3171 4895 Aliis
3217 4850 3411 4896 contra
3448 4831 3726 4891 videbatur;

499 4892 904 4952 damnationem
927 4901 1030 4955 sibi
1060 4904 1367 4974 acquirunt.

2191 4892 2329 5003 quos
2349 4932 2439 4987 hic
2453 4931 2791 5004 disputantes
2809 4933 3123 5004 Apostolus,
3148 4914 3454 4990 concordia:
3472 4918 3720 4985 consulens

569 4985 622 5041 7.
674 4986 1144 5050 Vindexiniram.
1190 4998 1497 5055 Subaudis:
1549 5002 1603 5057 in
1652 5016 1774 5058 eum
1823 5004 1913 5073 qui
1948 5006 2088 5061 male
2190 4985 2431 5077 ἐενοοω,

498 5078 628 5149 agit.
654 5079 778 5137 Ideo
801 5084 945 5137 enim
973 5100 1004 5139 a
1024 5086 1133 5143 Deo
1155 5089 1391 5145 ordinati
1415 5100 1563 5159 sunt,
1590 5094 1673 5149 vel
1704 5105 1925 5166 propter
1947 5097 2030 5152 ira

2256 5111 2312 5166 2.
2353 5110 2554 5166 LANFR.
2596 5111 2883 5181 lit/irinum
2907 5123 3104 5167 autem.
3145 5113 3407 5170 Perfecta:
3452 5103 3565 5165 ﬁdei
3601 5090 3730 5152 Cliti'

495 5186 550 5231 et
579 5180 990 5238 conscientiam.

2190 5207 2492 5262 stianorum
2534 5216 2654 5271 est,
2708 5207 2913 5262 nullum
2942 5208 3122 5262 cibum
3173 5197 3721 5267 immundnmputarc.

565 5268 620 5324 8.
661 5271 901 5329 ANBROS.
946 5274 1070 5330 Non
1097 5276 1269 5331 solum
1298 5288 1508 5349 propter
1531 5282 1688 5336 iram.
1727 5281 1783 5338 ld
1806 5292 1934 5351 est,
1966 5298 2080 5352 pro-

2192 5297 2319 5368 quia
2347 5297 2529 5353 omnia
2567 5268 2767 5353 munda
2795 5298 3030 5353 mundis.
3067 5299 3298 5366 Quidam
3347 5307 3516 5352 tamen
3557 5285 3604 5338 in
3646 5275 3724 5328 1³³⁸

496 5370 618 5429 pter
639 5376 959 5431 praesentem
985 5368 1267 5433 ultionem,
1309 5371 1402 5426 sed
1431 5382 1653 5443 propter
1680 5374 1920 5431 futurum
1940 5375 2087 5445 judi-
2193 5388 2298 5445 ﬁde
2324 5389 2521 5445 inﬁrmi
2545 5433 2562 5457 ,
2594 5407 2625 5445 ει
2654 5392 2977 5460 quibusdam
3010 5392 3147 5447 cibis
3173 5392 3467 5447 censebam
3490 5373 3724 5437 abstineﬂ'

498 5452 672 5518 cium,
703 5457 814 5522 ubi,
852 5469 1145 5516 accusante
1177 5464 1533 5529 conscientia,
1557 5467 1868 5538 punientur.
2193 5481 2341 5535 dum.
2376 5452 2694 5549 Cujusmodi
2743 5481 3018 5536 hominem
3050 5480 3293 5551 praecipit
3339 5468 3603 5549 Apostolus
3638 5461 3720 5551 ηοξ

567 5548 623 5602 9.
659 5546 858 5604 Laure.
899 5550 968 5605 In
995 5553 1094 5607 hoc
1123 5554 1315 5623 ipsum.
1354 5555 1423 5612 Ut
1448 5556 1576 5613 boni
1607 5557 1928 5623 laudentur,
1958 5560 2082 5616 mali
2191 5541 2553 5642 spernendum
2579 5611 2598 5637 ,
2620 5572 2715 5627 sed
2738 5588 2861 5627 cum
2887 5541 3153 5627 οιιω-ίίθιε
3179 5541 3552 5627 ἃὲειηηίὲηάυηὶ
3594 5551 3652 5604 ita
3676 5541 3720 5591 αι

495 5640 809 5708 puniantur.
853 5642 1039 5699 Potest
1066 5654 1122 5699 et
1162 5660 1258 5715 per
1286 5657 1540 5717 parentes
1571 5650 1800 5724 intelligi
1852 5652 2084 5708 ministri
2191 5640 2294 5714 nec
2326 5660 2378 5713 in
2411 5661 2835 5730 cogitationibus
2854 5661 3197 5731 judicaretur
3232 5675 3378 5717 reus.

496 5730 634 5784 enim
662 5729 755 5784 Dei
783 5742 924 5798 sunt,
958 5743 1009 5787 ιιι
1041 5734 1111 5791 sit
1140 5716 1476 5794 continuatio
1498 5755 1690 5797 sensus
1717 5716 2003 5811 prestatis,
2028 5745 2081 5799 in
2259 5749 2310 5802 5.
2354 5716 2592 5805 Ausus'r.
2632 5750 2732 5817 (De
2779 5716 2958 5822 Agbne
2997 5751 3331 5816 Christiano,
3362 5765 3412 5805 c.
3452 5742 3515 5798 27
3538 5777 3551 5800 ,
3577 5740 3608 5785 t.
3634 5716 3712 5784 Ill).

500 5826 594 5880 hoc
630 5826 797 5898 ipsum
843 5828 1149 5898 servientes,
1179 5832 1385 5889 scilicet
1430 5832 1538 5890 Deo
1566 5834 1864 5906 placentes.
2192 5838 2294 5905 Qui
2328 5856 2427 5894 non
2489 5842 2787 5897 mandarat.
2838 5844 3043 5899 Dicitur
3086 5843 3347 5913 judicium
3401 5850 3490 5911 pro
3538 5822 3713 5881 di‘mm‘
