3954 6306
156 355 263 412 H9
900 348 967 407 IN
1001 354 1059 408 D.
1103 353 1307 412 PAULI
1344 353 1560 411 EPIST.
1604 352 1730 411 C051

1858 353 1957 410 NT.
1984 344 2054 395 +
2082 352 2296 409 EPIST.
2340 352 2431 409 AD
2476 351 2642 410 ROM.
3308 356 3435 411 1501

151 469 446 531 abstinens,
498 466 909 520 manducantem
960 480 1064 519 non
1093 465 1341 535 ,‘judicet,
1400 467 1452 519 td
1496 477 1569 520 est
1626 465 1759 519 male
1806 465 2095 529 existimet;
2151 467 2290 520 Deus
2340 465 2485 521 enim
2531 464 2678 518 illum
2737 466 3047 537 assumpsit,
3101 468 3155 523 id
3202 479 3300 536 est,
3361 450 3417 525 et

149 564 565 617 manducantem
604 569 652 615 et
707 560 1066 615 abstinentem.
1127 560 1206 615 Tu
1258 561 1380 631 quis
1437 576 1520 627 es,
1582 561 1671 630 qui
1724 559 1937 629 judicas
2002 561 2236 616 alienum
2289 561 2554 616 servum?
2607 559 2661 613 ι.
2720 560 2945 616 Domino
2992 577 3089 619 suo
3134 572 3272 631 stat,
3316 573 3412 620 aut

144 656 299 712 cadit
331 674 347 711 ε
384 656 550 712 stabit
576 663 756 727 autem
790 664 1026 724 ;potens
1054 664 1137 711 est
1160 656 1305 710 etaim
1346 656 1487 710 Deus
1511 664 1750 710 statuere
1791 654 1962 710 illum.
1995 655 2130 710 Nam
2172 656 2308 711 alius
2351 656 2403 710 ὅ.
2429 655 2636 725 judicat
2674 656 2817 712 diem
2868 657 3006 715 inter
3059 659 3237 716 diem:
3268 661 3409 715 alius

143 760 333 807 autem
358 750 571 821 judicat
597 767 813 808 omnem
840 751 980 806 diem
1015 769 1028 805 :
1060 750 1113 806 6.
1140 751 1519 822 Unusquisque
1548 753 1600 806 in
1637 766 1735 807 suo
1765 767 1927 807 sensu
1947 752 2201 808 abundet.
2234 754 2287 807 7.
2311 752 2411 820 Qui
2434 753 2574 823 sapit
2601 754 2766 819 diem,
2790 753 3017 809 Domino
3041 751 3201 820 sapit,
3220 752 3275 805 id
3310 760 3408 815 est.

143 844 215 898 ad
243 844 505 899 honorem
540 843 772 909 Domini,
803 851 858 899 et
886 843 978 913 qui
1006 844 1317 910 manducat,
1341 844 1395 897 id
1421 854 1518 908 est,
1560 860 1736 897 omnes
1765 844 1930 908 cibos,
1957 843 2201 909 Domino,
2236 845 2291 898 id
2313 853 2415 910 est,
2436 845 2505 898 ad
2539 845 2787 899 honorem
2816 842 3049 907 Domini,
3080 840 3406 897 manducat:

142 924 403 1007 (Domino
431 940 716 994 manducet
746 940 869 1010 quia
902 956 1007 995 non
1034 941 1155 1007 sibi,
1188 957 1350 1011 neque
1379 957 1517 995 enim
1539 940 1717 995 vinum
1756 941 1856 994 sibi
1887 940 2010 994 bibit
2040 958 2062 1006 ;
2093 958 2255 1012 neque
2282 943 2440 996 etiam
2477 940 2575 996 sibi
2605 939 2846 1011 moritur)
2879 938 3082 1011 gratias
3110 937 3253 992 enim
3301 936 3417 1007 agit

144 1034 274 1098 Deo,
303 1052 407 1104 pro
437 1036 630 1090 collata
680 1036 1012 1091 abstinentia.
1049 1034 1116 1091 Et
1152 1036 1242 1105 qui
1292 1051 1398 1091 non
1447 1038 1766 1102 manducat,
1801 1035 2028 1091 Domino
2072 1051 2178 1091 non
2221 1036 2548 1099 manducat,
2581 1040 2635 1091 et
2663 1034 2866 1104 gratias
2912 1032 3023 1103 agit
3069 1030 3197 1086 Deo.
3242 1028 3411 1084 Nemo

139 1124 287 1178 enim
317 1134 567 1180 nostrum
588 1126 688 1181 sibi
711 1126 859 1192 vivit,
877 1134 932 1180 et
952 1141 1109 1181 nemo
1130 1126 1231 1180 sibi
1256 1128 1500 1181 moritur.
1521 1128 1576 1184 8.
1610 1127 1735 1182 Sive
1756 1127 1898 1181 enim
1926 1126 2177 1191 vivimus,
2209 1126 2434 1181 Domino
2460 1126 2721 1190 vivimus;
2749 1124 2865 1179 sive
2889 1123 3167 1186 morimur,
3184 1121 3411 1176 Domino

141 1218 568 1285 morimur,sive
592 1234 720 1291 ergo
746 1220 999 1286 vivimus,
1012 1221 1124 1276 sive
1141 1221 1424 1286 morimur,
1442 1221 1653 1277 Domini
1675 1236 1881 1277 sumus.
1897 1221 1951 1276 ln
1975 1222 2078 1276 hoc
2097 1222 2240 1277 enim
2255 1220 2506 1276 Christus
2521 1231 2764 1276 mortuus
2781 1228 2864 1276 est
2885 1228 2940 1275 et
2956 1217 3271 1283 resurrexit,
3287 1224 3411 1271 utet

141 1323 492 1367 mortuorum
514 1323 568 1369 et
588 1314 829 1369 vivorum
858 1316 1185 1373 dominetur.
1202 1316 1281 1370 Tu
1313 1325 1492 1371 autem
1526 1316 1720 1371 scilicet
1746 1315 2004 1371 abstinens
2028 1316 2157 1385 quid
2182 1315 2393 1385 judicas
2416 1314 2635 1371 fratrem
2668 1315 2849 1370 tuum?
2873 1316 3065 1370 scilicet
3089 1314 3413 1369 manducan-

140 1414 260 1456 tem.
289 1402 405 1458 Aut
423 1413 477 1458 tu
505 1418 674 1475 quare
696 1406 907 1476 spernis
932 1405 1155 1463 fratrem
1174 1408 1357 1462 tuum?
1376 1407 1428 1463 9.
1454 1405 1656 1463 Omnes
1681 1408 1827 1462 enim
1849 1408 2112 1462 stabimus
2136 1415 2262 1462 ante
2286 1390 2521 1462 tribunal
2546 1406 2764 1462 Christi.
2793 1405 3062 1477 Scriptum
3100 1414 3182 1462 est
3218 1406 3363 1461 enim
3388 1422 3407 1457 τ

140 1501 261 1555 vivo
281 1516 410 1572 ego,
426 1500 555 1556 dicit
579 1501 857 1570 Dominus,
872 1504 1137 1574 quoniam
1161 1504 1289 1560 mihi
1315 1504 1560 1560 flectetur
1585 1519 1746 1559 omne
1765 1519 1903 1573 genu
1932 1512 1987 1558 et
2007 1502 2183 1557 omnis
2205 1502 2385 1573 lingua
2405 1502 2750 1558 conﬁtebitur
2769 1502 2895 1557 Deo.
2916 1503 3096 1573 Itaque
3124 1502 3411 1572 unusquis-

140 1612 247 1665 que
277 1609 533 1652 nostrum
562 1614 659 1668 pro
686 1614 745 1654 se
771 1600 1033 1654 rationem
1057 1600 1242 1655 reddet
1274 1601 1403 1655 Deo.
1420 1600 1537 1655 Non
1567 1614 1700 1671 ergo
1725 1599 1952 1668 amplius
1984 1598 2211 1653 invicem
2245 1598 2576 1669 judicemus;
2600 1597 2692 1652 sed
2723 1598 2824 1652 hoc
2839 1597 3076 1667 judicate
3103 1597 3294 1667 magis,
3319 1594 3407 1650 10.

140 1702 207 1739 ne
239 1688 467 1755 ponatis
492 1686 870 1743 oﬂ'eudiculum
922 1688 1101 1755 fratri,
1127 1690 1209 1745 vel
1254 1690 1565 1745 scandalum
1603 1688 1687 1754 11,
1720 1689 1805 1743 12.
1841 1687 1968 1742 Scio
1994 1696 2051 1741 et
2088 1687 2301 1743 conﬁdo
2347 1688 2399 1742 in
2423 1687 2651 1743 Domino
2675 1685 2801 1744 Je.u
2826 1688 2948 1757 quia
2972 1686 3103 1742 nihil
3125 1702 3411 1742 commune

140 1776 253 1846 38
289 1793 392 1847 per
429 1779 626 1848 ipsum,
666 1780 751 1835 15.
786 1782 889 1836 nisi
914 1782 961 1836 ei
995 1783 1085 1853 qui
1124 1783 1402 1837 existimat
1435 1782 1563 1850 quid
1590 1793 1878 1835 commune
1910 1794 2032 1834 esse
2074 1779 2159 1833 M.
2196 1779 2267 1833 illi
2309 1794 2595 1834 commune
2638 1789 2739 1844 est,
2772 1780 2860 1834 15.
2911 1780 2967 1833 Si
2998 1779 3143 1834 enim
3188 1786 3413 1848 propter

139 1868 349 1933 cibum,
383 1869 582 1924 scilicet
621 1886 773 1940 quem
806 1874 990 1938 sumis,
1022 1872 1152 1927 vela
1180 1889 1284 1943 quo
1337 1872 1585 1937 abstines,
1617 1870 1788 1924 frater
1836 1877 1957 1925 tuus
2006 1869 2364 1925 contristatur
2395 1868 2542 1939 :jam
2575 1884 2681 1925 non
2734 1869 3026 1925 secundum
3082 1869 3404 1925 charitatem

142 1964 421 2021 ambulas.
451 1965 570 2021 Noli
621 1967 742 2025 cibo
780 1977 870 2023 tuo
901 1968 1050 2024 illum
1083 1969 1334 2040 perdere,
1363 1984 1461 2041 pro
1493 1982 1601 2039 quo
1623 1966 1873 2023 Christus
1899 1973 2145 2022 mortuus
2172 1972 2277 2021 est.
2322 1963 2440 2020 Non
2480 1981 2607 2037 ergo
2634 1964 3035 2035 blasphemetur
3078 1963 3277 2018 bonum
3309 1976 3419 2017 no-

140 2072 342 2117 strum.
369 2062 489 2117 Non
521 2073 606 2119 est
628 2063 770 2117 enim
807 2062 892 2118 16.
931 2079 1153 2136 regnum
1187 2064 1301 2129 Dei,
1333 2079 1458 2121 esca
1490 2072 1543 2119 et
1584 2072 1742 2134 potus
1773 2079 1788 2129 ;
1815 2062 1911 2118 sed
1932 2060 2167 2130 justitia,
2191 2076 2317 2131 pax,
2348 2069 2403 2117 et
2434 2061 2685 2131 gaudium
2722 2061 2775 2115 in
2802 2060 3007 2131 Spiritu
3041 2065 3230 2113 sancto
3264 2074 3280 2124 ;
3314 2057 3425 2127 quis

139 2153 287 2207 enim
324 2153 382 2207 in
414 2155 518 2210 hoc
544 2154 971 2221 servitChristo,
997 2156 1174 2227 placet
1196 2157 1323 2222 Deo,
1357 2164 1411 2212 et
1439 2155 1700 2226 probatus
1726 2165 1809 2211 est
1830 2154 2157 2210 hominibus.
2186 2153 2369 2222 Itaque
2397 2169 2516 2222 qua:
2539 2153 2684 2223 pacis
2705 2162 2851 2218 sunt,
2881 2160 3175 2216 sectemur;
3208 2159 3264 2205 et
3287 2164 3425 2219 qua»

136 2250 526 2307 aediﬁcationis
556 2261 701 2317 sunt,
729 2252 782 2305 in
828 2252 1059 2307 invicem
1089 2253 1480 2309 custodiamus.
1511 2253 1597 2306 17.
1644 2251 1762 2306 Noli
1792 2259 2015 2322 propter
2039 2265 2219 2306 escam
2262 2250 2543 2305 destruere
2572 2263 2705 2318 opus
2730 2247 2846 2313 Dei,
2872 2248 2926 2301 id
2952 2256 3047 2311 est,
3077 2248 3409 2301 charitatem.

140 2344 223 2400 18.
251 2345 458 2401 Omnia
480 2346 696 2415 quidem
725 2356 848 2401 sunt
872 2347 1068 2402 munda
1095 2364 1110 2412 ;
1146 2348 1241 2403 sed
1273 2347 1475 2402 malum
1504 2357 1589 2403 est
1613 2347 1843 2413 homini,
1874 2347 1966 2417 qui
1994 2347 2078 2401 19.
2105 2362 2201 2417 per
2219 2343 2602 2399 oﬁendiculum
2632 2344 2935 2407 manducat.
2970 2343 3175 2395 Bonum
3205 2349 3289 2396 est
3314 2341 3406 2397 20.

137 2451 249 2491 non
285 2437 623 2493 manducare
645 2453 884 2504 carnem,
902 2446 954 2493 et
982 2452 1087 2493 non
1112 2439 1297 2495 bibere
1324 2439 1529 2506 vinum,
1552 2452 1728 2509 neque
1763 2440 1816 2493 in
1846 2454 1953 2509 quo
1974 2437 2140 2492 frater
2163 2429 2285 2492 tuus
2309 2436 2619 2503 otl'cnditur,
2653 2442 2747 2491 aut
2768 2433 3180 2499 scandalizatur,
3210 2441 3303 2488 aut
3328 2432 3414 2488 in-

141 2646 308 2700 tione.
344 2646 489 2701 Dicit
525 2645 811 2715 Apostolus
844 2664 857 2701 :
885 2646 991 2713 Qui
1020 2663 1123 2701 non
1164 2648 1467 2713 manducat,
1500 2651 1725 2704 mandu-
1754 2650 1801 2707 A
1830 2653 1915 2698 ter
1935 2644 2069 2698 duos
2106 2644 2416 2713 superiores
2443 2644 2630 2699 dicens
2663 2658 2679 2698 :
2728 2640 2941 2697 Nullam
2971 2650 3278 2698 creaturam
3314 2653 3413 2711 per

145 2745 349 2789 mntem
381 2753 487 2789 non
500 2736 793 2806 judicet,id
818 2746 919 2800 est,
937 2752 1042 2790 non
1065 2736 1131 2791 de
1157 2736 1248 2791 illo
1271 2736 1410 2791 male
1432 2737 1727 2795 existimet.
1833 2736 2109 2791 Christum
2138 2735 2337 2791 factam
2367 2750 2488 2791 esse
2537 2749 2900 2801 communem,
2931 2734 2983 2789 id
3036 2744 3139 2800 est,
3176 2734 3411 2789 immun-

146 2836 196 2881 et
221 2828 491 2884 Dominus
523 2828 653 2883 dicit
688 2846 701 2882 :
732 2827 910 2883 Nolite
950 2828 1221 2898 judicare,
1250 2845 1313 2884 ne
1355 2828 1627 2900 judicetur
1667 2833 1732 2887 de
1834 2827 1976 2882 dam.
2013 2828 2309 2883 Commune
2339 2827 2484 2883 enim
2516 2826 2850 2882 immundum
2881 2826 3145 2881 vocabant
3167 2821 3358 2878 Judtei.

148 2918 301 2971 vobis.
1728 2950 1740 2961 -
1904 2921 1990 2975 15.
2031 2921 2265 2976 Attenes.
2302 2919 2421 2975 Nisi
2455 2920 2502 2975 ei
2528 2920 2618 2993 qui
2659 2919 2947 2983 existimat,
2983 2918 3034 2972 id
3061 2924 3164 2983 est,
3196 2913 3269 2971 illi
3306 2916 3407 2971 im-

215 3006 267 3060 4.
334 3006 538 3062 [ΑΜ-ιι.
568 3006 789 3062 Domino
820 3024 915 3062 suo
954 3017 1080 3074 stat,
1114 3007 1167 3064 id
1190 3016 1296 3075 est,
1319 3009 1385 3064 ad
1417 3009 1624 3066 laudem
1648 3013 1730 3068 sui
1832 3012 2091 3067 mundum
2116 3021 2218 3077 est,
2243 3012 2331 3083 qui
2362 3020 2514 3083 putat
2553 3025 2658 3065 non
2709 3010 3000 3066 edcndmn.
3032 3009 3095 3061 Et
3124 3007 3251 3079 quia
3303 3023 3407 3063 non

152 3097 383 3164 Domini,
417 3108 474 3154 et
523 3099 818 3169 perfectam
870 3099 1030 3155 ﬁdem
1068 3100 1286 3167 habeat,
1316 3111 1372 3157 et
1406 3101 1461 3156 in
1502 3103 1605 3159 ﬁde
1649 3103 1765 3179 iu-q
1832 3104 1936 3161 hoc
1964 3106 2351 3176 superstitione
2378 3103 2527 3170 facit,
2568 3103 2660 3159 sed
2692 3103 2887 3159 timore
2916 3117 3033 3167 suo,
3078 3101 3287 3173 judicio
3326 3116 3409 3158 re-

153 3190 426 3257 ﬁrmatur;
458 3191 599 3247 bona
632 3192 775 3245 enim
816 3191 1115 3247 intentione
1142 3194 1242 3249 hoc
1272 3194 1401 3264 agit.
1832 3195 2177 3250 servandum.

216 3281 266 3335 5.
302 3281 526 3336 Iudicat
557 3284 717 3349 diem,
748 3283 849 3339 hoc
888 3294 990 3349 est,
1027 3284 1245 3354 quidam
1290 3286 1457 3341 certis
1496 3285 1729 3356 diebus;
1902 3289 1991 3343 M.
2026 3288 2225 3344 ΒΑΜ-ιι.
2269 3286 2361 3341 Illi
2393 3304 2685 3342 commune.
2720 3286 2885 3355 Quasi
2916 3287 3163 3343 diceret:
3219 3300 3409 3341 revera

154 3370 363 3438 quidam
386 3373 538 3428 omni
563 3373 651 3427 die
674 3381 866 3442 putant
896 3374 1296 3459 abstinendum.
1831 3379 1967 3434 nihil
1994 3390 2076 3435 est
2113 3379 2471 3446 immundum,
2506 3380 2597 3435 sed
2629 3379 2720 3449 qui
2762 3387 2914 3449 putat
2939 3377 3136 3448 aliquid
3166 3393 3287 3434 esse
3311 3378 3414 3433 im-

218 3461 267 3516 6.
307 3462 699 3535 Unusquisque.
733 3464 899 3532 Quasi
939 3466 1145 3521 diceret
1177 3484 1191 3520 :
1226 3467 1317 3537 qui
1366 3475 1522 3537 putat
1558 3467 1731 3524 omni-
1832 3474 2111 3533 mundum,
2141 3471 2194 3525 in
2236 3470 2349 3525 sola
2376 3470 2492 3540 ejus
2516 3469 2770 3538 opinione
2805 3477 2889 3523 est
2926 3466 3285 3523 immundum.

157 3547 249 3605 bus
272 3554 573 3620 utendum,
624 3568 759 3613 cum.
803 3554 1101 3624 gratiarum
1153 3556 1369 3611 actione
1417 3566 1621 3614 utatur.
1664 3557 1732 3613 Et
1903 3559 1989 3614 15.
2032 3558 2093 3615 Si
2112 3561 2247 3613 enim
2268 3570 2476 3629 propter
2494 3560 2686 3613 cibum.
2712 3557 2827 3614 Non
2847 3556 3235 3624 contristes;si
3258 3557 3403 3611 enim

156 3644 237 3711 qui
266 3655 418 3714 putat
443 3646 853 3713 abstinendum,
883 3657 1103 3717 propter
1128 3648 1293 3704 Deum
1334 3649 1624 3705 abstineat.
1831 3650 2121 3707 contristas
2171 3660 2392 3721 propter
2442 3649 2648 3716 cibum,
2683 3650 2866 3721 perdis
2916 3650 3038 3706 cibo
3084 3656 3175 3705 tuo
3206 3649 3353 3705 illum
3388 3665 3402 3713 ;

221 3732 270 3785 7.
310 3733 412 3799 Qui
440 3736 603 3805 sapit,
629 3736 681 3791 id
724 3744 839 3802 est,
873 3737 1120 3809 intelligit
1163 3738 1219 3793 in
1268 3738 1595 3796 abstinentia
1636 3739 1731 3797 ob-
1831 3742 1926 3799 sed
1950 3743 2178 3814 perdere
2215 3759 2322 3810 non
2363 3742 2550 3808 debes,
2581 3758 2706 3797 nam
2745 3742 2994 3798 Christus
3022 3757 3120 3813 pro
3146 3757 3212 3799 eo
3265 3755 3413 3797 mor-

159 3828 470 3883 scrvandum
506 3828 675 3883 diem.
1833 3840 1957 3889 tuus
1982 3842 2085 3889 est.
2128 3833 2270 3907 Ergo
2323 3851 2427 3892 non
2462 3835 2800 3901 contristes;
2841 3834 2984 3905 quod
3026 3843 3107 3890 est
3154 3849 3258 3890 non
3280 3846 3413 3902 ergo

222 3915 271 3971 8.
309 3916 549 3976 Ancus-1'.
579 3918 678 3990 (De
706 3936 883 3989 expos.
917 3921 971 3975 in
996 3938 1077 3991 ps.
1100 3922 1303 3993 cxuv).
1332 3922 1449 3979 Sive
1473 3923 1611 3980 enim
1649 3926 1725 3981 υἰ-
1759 3989 1797 3997 _
1831 3925 2236 3997 blasphemetur
2280 3928 2478 3983 bonum
2528 3937 2793 3983 nostrmn.
2840 3927 2904 3982 Et
2945 3926 3098 3997 ponit
3144 3925 3285 3996 quod
3328 3935 3413 3979 est

162 4002 333 4061 cintus.
366 4008 522 4063 Sicut
561 4009 948 4080 magnitudinis
982 4012 1191 4067 Domini
1234 4029 1340 4069 non
1368 4023 1452 4070 est
1473 4014 1616 4081 linis,
1649 4015 1730 4071 sic
1759 3989 1803 4049 Β
1832 4032 2167 4089 consequens
2206 4019 2550 4083 contristare,
2585 4018 2712 4088 quia
2756 4033 2822 4073 ex
2850 4018 3177 4072 contristare
3224 4028 3414 4071 conse-

167 4097 258 4181 ture
292 4093 460 4153 laudis
506 4111 621 4152 non
651 4098 757 4153 erit
803 4099 943 4155 ﬁnis.
969 4098 1086 4155 Non
1127 4102 1268 4157 enim
1310 4119 1431 4158 cum
1490 4113 1732 4160 mortuus
1831 4110 2016 4181 quitur
2046 4111 2188 4181 quod
2221 4110 2629 4181 blasphematur
2653 4109 3052 4166 Christianitas.

166 4177 319 4274 fueris
360 4188 412 4243 in
440 4190 548 4245 hac
592 4205 777 4257 carne,
816 4191 1034 4248 desines
1083 4193 1304 4250 laudare
1354 4195 1544 4251 Deum.
1581 4197 1733 4254 Unde
1849 4177 1866 4181 _
1904 4203 1991 4258 16.
2028 4177 2265 4274 Iiegnum
2291 4177 2386 4257 Dei
2425 4219 2564 4258 esca.
2593 4202 2750 4266 Esca,
2778 4202 2861 4255 vel
2909 4210 3067 4271 potus
3110 4201 3222 4255 sive
3267 4212 3412 4252 sum-

170 4272 351 4333 factum
395 4292 476 4337 est
526 4283 726 4354 utejus
752 4284 827 4340 sis
854 4293 912 4341 et
930 4294 1177 4342 mortuus
1204 4287 1228 4340 ?
1256 4288 1380 4357 quia
1436 4289 1612 4358 pretio
1649 4290 1731 4344 sui
1830 4305 1954 4366 ptus
2000 4272 2119 4351 non
2142 4295 2272 4350 facit
2302 4294 2578 4349 hominem
2626 4294 2829 4349 habere
2874 4306 3097 4362 regnum
3149 4290 3266 4355 Dei,
3317 4288 3411 4344 sed

168 4372 423 4439 sanguinis
460 4384 514 4430 te
573 4376 803 4431 redemit
826 4386 881 4433 et
916 4387 1166 4433 mortuus
1195 4395 1210 4445 ;
1238 4381 1510 4449 quomodo
1558 4382 1734 4450 perdit
1826 4387 2061 4450 justitia,
2091 4394 2146 4440 et
2172 4395 2389 4439 caetera.
3222 4390 3233 4401 ’

171 4470 362 4517 servum
386 4474 681 4531 mortuum,
699 4466 854 4539 cujus
878 4484 1024 4524 mors
1042 4477 1127 4525 est
1147 4470 1378 4538 pretium
1406 4471 1591 4524 tuum?
1612 4469 1734 4527 Ideo

170 4560 275 4602 cum
301 4554 541 4623 dixisset,
584 4560 692 4613 sive
730 4559 972 4624 vivimus,
1022 4562 1128 4615 sive
1182 4560 1468 4626 morimur;
1520 4560 1733 4616 Domini

171 4655 354 4714 sumus,
384 4659 442 4704 ut
469 4651 785 4707 ostenderet
814 4652 987 4721 ipsum
1026 4653 1281 4722 pretium.
1313 4653 1394 4706 Ad
1441 4654 1540 4708 hoc
1568 4655 1731 4719 enim,

173 4726 349 4801 inquit,
380 4740 616 4798 Christus
651 4753 889 4798 mortuus
911 4754 1008 4799 est.
1037 4745 1090 4802 9.
1121 4744 1323 4800 Laure.
1349 4744 1565 4816 (Omnes
1592 4749 1728 4802 enim

175 4822 426 4901 stabimus)
455 4831 535 4888 Ne
561 4847 807 4903 spernas,
833 4834 926 4888 sed
953 4835 1020 4889 de
1042 4843 1095 4888 te
1117 4835 1192 4891 sis
1218 4835 1481 4892 sollicitus
1507 4853 1524 4902 ;
1560 4853 1725 4893 unus—

176 4910 384 4983 quisque
408 4923 555 4977 enim
599 4938 697 4993 pro
728 4939 788 4978 se
825 4924 1091 4981 rationem
1134 4926 1341 4995 reddet,
1367 4928 1496 4999 quia
1540 4944 1733 4986 omnes

178 5000 415 5063 stabimus
444 5021 571 5067 ante
605 5013 835 5069 tribunal
866 5014 1091 5070 Christi.

242 5091 320 5146 10.
356 5097 459 5164 (Ne
481 5104 689 5171 ponatis
719 5105 1117 5177 o/fendiculum)
1154 5105 1233 5162 Ne
1286 5123 1456 5177 ponas
1499 5108 1734 5165 offendi-

183 5180 342 5239 culum
369 5187 539 5259 fratri,
582 5195 632 5248 id
655 5205 762 5261 est,
794 5211 861 5251 ne
910 5198 1225 5265 contristes;
1266 5216 1391 5255 nam
1427 5202 1476 5258 si
1523 5204 1730 5260 contri-.

184 5280 302 5337 Stas,
324 5292 423 5334 non
454 5285 699 5342 ambulas
727 5289 1022 5344 secundum
1049 5290 1395 5348 charitatem.

246 5363 324 5419 11.
360 5370 589 5431 Alanos.
606 5376 729 5433 Scio
748 5388 796 5432 et
824 5380 1051 5448 conﬁdo.
1080 5380 1420 5439 Manifestum
1440 5392 1524 5441 est
1544 5383 1731 5441 Salva-

188 5454 304 5548 ξοτξε
327 5458 576 5523 beneﬁcio
599 5470 781 5525 omnia
825 5473 1024 5528 munda
1064 5488 1223 5538 esse;
1253 5475 1346 5545 qui
1375 5478 1443 5532 de
1476 5477 1577 5533 sub
1600 5477 1731 5548 Ιιιεο

187 5538 305 5684 ἰ.θέἱῖ
326 5566 511 5684 fruens
552 5560 819 5631 homines,
852 5565 1088 5622 reddidit
1109 5538 1308 5623 statum
1334 5538 1619 5640 pristinum
1662 5538 1730 5628 ii-

250 5650 269 5684 l'
295 5654 318 5684 ἰ
346 5658 402 5684 ις.

220 5641 405 5697 ertatis.

254 5726 332 5785 13.
368 5734 555 5799 Lasrn.
594 5745 717 5805 Scio
750 5759 797 5805 et
838 5749 1065 5819 conﬁdo.
1117 5750 1453 5811 Sententiam
1484 5754 1588 5813 fert
1643 5756 1726 5813 in-

1756 5345 1802 5407 C

1826 4387 2061 4459 justitia,
2091 4394 2146 4440 et
2172 4395 2389 4439 caetera.

1902 4477 1990 4531 17.
2022 4478 2261 4531 Animos.
2298 4474 2424 4529 Noli
2459 4482 2672 4545 propter
2706 4490 2899 4529 escam.
2942 4471 3115 4530 Homo
3147 4486 3283 4542 opus
3316 4470 3411 4526 Dei

1833 4575 1955 4632 est;
1989 4574 2045 4621 et
2081 4567 2275 4621 iterum
2318 4580 2453 4636 opus
2484 4565 2577 4621 Dei
2620 4574 2724 4633 est,
2768 4566 2895 4621 dum
2952 4564 3298 4628 reformatur.
3316 4579 3413 4636 per

1832 4658 2320 4730 regenerationem.
2608 4710 2611 4713 ,

1904 4748 1991 4806 18.
2031 4747 2225 4803 Omnia
2270 4748 2501 4819 quidem.
2531 4747 2666 4805 Cum
2704 4763 2801 4820 per
2851 4760 3100 4804 naturam
3155 4748 3413 4805 animalia
3447 4760 3455 4767 '

1833 4840 2033 4894 munda
2066 4840 2197 4905 sint,
2223 4840 2602 4896 dubitantibus
2646 4848 2825 4897 tamen
2857 4842 2991 4895 ﬁunt
3021 4840 3316 4907 immunda,
3354 4852 3412 4895 et

1830 4930 1937 4985 erit
1965 4929 2039 4983 illi
2070 4927 2477 4987 offendiculum.
2520 4931 2611 4985 cui
2652 4944 2776 4985 cum
2812 4930 3040 4993 dubitat,
3064 4931 3300 4986 comedit
3329 4938 3410 4983 ta-

1833 5037 1976 5076 men.

1904 5114 1991 5169 19.
2030 5113 2232 5169 [ΛΜ-Ἦ.
2275 5111 2381 5169 Per
2425 5114 2837 5185 offendiculum,
2885 5118 2988 5173 hoc
3033 5125 3138 5179 est,
3176 5115 3268 5185 qui
3311 5128 3413 5170 sua

1832 5192 2161 5263 comestione
2189 5222 2295 5262 non
2320 5207 2739 5264 manducantem
2771 5208 3120 5266 scandalizat.

1899 5295 1991 5350 ‘20.
2039 5295 2159 5350 Non
2198 5297 2537 5352 manducare.
2567 5296 2681 5353 Hoc
2727 5307 2817 5353 est
2854 5297 2994 5366 quod
3025 5296 3189 5361 dicit,
3216 5296 3261 5351 si
3304 5296 3408 5350 im-

1833 5387 2244 5459 praesentiarum
2286 5386 2359 5442 sit
2398 5386 2487 5443 ille
2525 5388 2617 5457 qui
2660 5387 2917 5451 abstinet,
2947 5394 3003 5441 et
3034 5386 3107 5441 ita
3165 5386 3411 5445 inﬁrmus

1834 5484 1903 5540 sit
1938 5492 1999 5538 ut
2039 5480 2310 5553 patienter
2351 5497 2457 5537 non
2499 5481 2671 5551 possit
2701 5494 2930 5536 cernere
2974 5488 3217 5537 utentem
3257 5498 3414 5539 crea-

1837 5574 1972 5630 turis
2004 5573 2119 5638 Dei,
2148 5587 2271 5628 eum
2293 5572 2386 5643 qui
2419 5570 2577 5626 ﬁdem
2613 5570 2772 5625 habet
2797 5570 3049 5626 omnibus
3071 5572 3278 5637 utendi,
3302 5587 3410 5627 tue-

1834 5666 1937 5723 lius
1963 5675 2046 5721 est
2088 5666 2246 5721 ﬁdem
2283 5664 2499 5720 habenti
2533 5663 2602 5718 ab
2629 5662 2711 5719 eis
2736 5661 3011 5722 abstinere
3053 5683 3215 5738 quam
3246 5667 3415 5723 abstiw

1836 5759 1996 5817 ncndi
2041 5759 2342 5816 molestiam
2370 5774 2462 5816 sua
2495 5756 2841 5830 perceptione
2871 5758 3133 5834 ingerere.
