3880 6306
408 260 511 347 ςδι
1444 278 1504 333 n.
1543 279 1933 349 LANFRANCI
1977 280 2326 341 caurum.
2366 284 2692 345 ARClllEP.
2732 366 2743 369 _
3667 295 3767 351 ἐί

410 389 677 478 armatur.
706 386 783 442 Tu
810 388 969 445 ﬁdem
1002 392 1170 449 habes
1202 394 1443 452 ?sciiitel
1492 399 1729 455 omnibus
1762 403 1957 467 utendi,
2005 419 2169 473 penes
2221 407 2561 478 temetipsum
2611 406 2750 463 habe
2792 421 2978 462 coram
3029 406 3167 464 Deo.
3221 406 3339 462 9.1.
3391 408 3621 467 Beatus
3671 412 3756 468 22.

408 476 499 541 qui
529 492 632 570 non
656 476 863 546 judicat
885 484 1257 555 semetipsum,
1297 489 1353 542 id
1383 498 1481 554 est,
1522 492 1832 562 culpabilem
1861 496 1987 563 facit
2022 496 2075 550 in
2127 511 2193 551 eo
2234 499 2375 567 quod
2410 476 2644 570 probat.
2674 498 2765 554 2'5.
2796 498 2897 565 Qui
2946 507 3125 555 autem
3178 501 3528 569 discernit,
3581 503 3675 557 24.
3718 507 3760 560 si

409 569 844 641 manducavcrit,
894 577 1184 633 damnatus
1215 588 1317 645 est,
1347 582 1473 652 quia
1502 598 1608 639 non
1631 599 1694 640 ex
1726 586 1853 641 ﬁde.
1891 586 1983 642 25.
2017 602 2179 643 omne
2214 569 2591 661 mitem,qu
2623 605 2730 646 non
2757 599 2840 647 est
2866 605 2933 647 ex
2964 591 3091 659 ﬁde,
3122 600 3477 662 peccatum
3507 606 3625 651 est.

1943 702 1966 757 (

434 766 437 769 λ
483 776 755 863 Debemus
778 791 1103 848 autem,uos
1145 784 1434 852 ﬁrmiores,
1462 701 1966 847 imbecilliugssinﬁ

2222 701 2323 759 KV.

2250 796 2517 852 sustinere
2545 806 2598 851 et
2624 813 2729 854 non
2765 798 2920 854 nobis
2946 797 3188 869 placere.
3224 801 3293 856 1.
3339 800 3754 875 Unusquisque

408 882 654 929 vestrum
687 879 933 945 proximo
962 895 1061 933 suo
1088 880 1301 951 placeat
1321 883 1373 937 in
1398 883 1620 951 bonum,
1645 887 1711 942 ad
1748 888 2181 946 aediﬁcationem.
2204 890 2414 948 Etenim
2437 893 2688 950 Christus
2713 910 2818 950 nou
2850 896 2952 951 sibi
2981 896 3220 966 placuit,
3257 898 3407 964 sed,
3434 899 3597 955 sicut
3623 902 3754 955 scri-

408 979 563 1037 ptum
588 979 676 1027 est
705 989 719 1025 :
758 973 1095 1045 lmproperia
1123 978 1608 1050 improperautium
1638 983 1733 1039 tibi
1761 986 2078 1042 ceciderunt
2100 1004 2262 1057 super
2291 1005 2394 1045 me.
2425 991 2480 1045 2.
2508 990 2854 1061 Qumcunque
2875 992 3025 1046 enim
3050 993 3277 1062 scripta
3318 1001 3513 1059 sunt,
3560 995 3632 1050 ad
3672 1013 3757 1050 uo-

413 1074 587 1121 stram
613 1066 922 1126 doctrinam
950 1074 1151 1144 scripta
1175 1083 1318 1141 sunt,
1352 1085 1413 1131 ut
1439 1093 1537 1144 per
1556 1078 1877 1149 patientiam
1900 1090 1955 1136 et
1982 1082 2408 1155 consolationem
2437 1084 2869 1155 Seripturarum,
2893 1099 3041 1154 spem
3066 1086 3442 1144 habeamus.
3480 1089 3636 1145 Deus
3662 1107 3752 1145 au-

414 1173 523 1219 tem
547 1168 822 1236 patientiae
845 1178 899 1224 et
929 1170 1106 1226 solatii
1129 1172 1221 1228 det
1249 1173 1401 1229 vobis
1424 1174 1657 1245 idipsum
1683 1190 1876 1245 sapere
1900 1178 1952 1232 in
1978 1176 2320 1243 alterutrum,
2368 1179 2661 1234 secundum
2699 1178 2881 1234 Iesum
2935 1178 3253 1246 Christum,
3319 1193 3391 1239 ut
3454 1187 3749 1240 unanimes

414 1274 525 1314 uno
553 1275 648 1315 ore
670 1260 1041 1320 bonoriﬁcetis
1066 1266 1232 1322 Deum
1261 1275 1314 1323 et
1338 1268 1551 1324 Patrem
1578 1270 1789 1326 Domini
1814 1274 1982 1327 nostri
2010 1273 2136 1329 Jesu
2167 1273 2389 1330 Christi.
2434 1274 2662 1345 Propter
2685 1276 2828 1346 quod
2859 1276 3116 1346 suscipite
3174 1278 3491 1343 invicem,
3523 1278 3583 1332 5.
3617 1278 3750 1331 sicut

413 1367 469 1409 et
493 1355 743 1412 Christus
773 1360 1012 1428 suscepit
1043 1374 1138 1414 vos
1164 1361 1215 1414 in
1247 1361 1507 1416 honorem
1541 1362 1657 1417 Dei.
1686 1364 1739 1418 4.
1767 1364 1896 1421 Dico
1937 1367 2080 1422 enim
2111 1367 2391 1424 Christum
2438 1369 2623 1426 Jesum
2681 1371 2990 1426 ministrum
3045 1371 3225 1428 fuisse
3276 1374 3751 1428 circumcisionis

412 1462 639 1522 propter
670 1454 955 1509 veritatem
982 1454 1099 1520 Dei,
1129 1458 1196 1510 ad
1221 1457 1623 1513 confirmandus
1656 1461 2047 1529 promissiones
2070 1461 2311 1518 Patrum.
2341 1464 2397 1530 5,
2427 1464 2480 1529 6,
2512 1462 2565 1519 7.
2597 1463 2800 1521 Gentes
2826 1474 3008 1521 autem
3031 1466 3256 1536 (probat
3284 1464 3456 1537 quia
3525 1466 3751 1535 suscepit

414 1557 616 1615 gentes,
653 1547 731 1602 rel
754 1548 1017 1602 honorare
1039 1548 1205 1602 Deum
1228 1561 1427 1620 gentes,
1453 1552 1516 1605 ab
1538 1555 1855 1609 auctoritate
1877 1558 2275 1627 prophetarum)
2298 1573 2461 1629 super
2496 1559 2888 1623 misericordia,
2914 1560 3109 1614 scilicet
3134 1560 3274 1614 dico
3312 1561 3552 1626 debere,
3579 1560 3747 1615 bono-

419 1656 542 1698 rare
571 1642 761 1707 Deum,
791 1644 934 1700 sicut
967 1646 1230 1715 scriptum
1276 1656 1359 1702 est
1386 1665 1399 1701 :
1433 1648 1486 1703 8.
1515 1647 1808 1720 Propterea
1854 1652 2152 1707 conﬁtebor
2177 1654 2272 1708 tibi
2328 1654 2379 1708 in
2409 1654 2687 1725 gentibus,
2715 1655 2960 1717 Domine.
3001 1663 3056 1709 et
3091 1655 3325 1709 nomini
3362 1664 3469 1711 tuo
3495 1656 3748 1710 cantabo.

418 1738 487 1794 Et
515 1739 715 1795 iterum
744 1741 875 1796 dicit
905 1760 918 1796 :
950 1742 1001 1798 9.
1028 1741 1334 1810 Lmtamini,
1372 1755 1581 1816 gentes,
1613 1762 1736 1803 cum
1786 1748 1943 1818 plebe
1968 1750 2104 1820 ejus.
2150 1751 2217 1805 Et
2246 1752 2485 1806 iterum:
2522 1751 2768 1808 Laudate
2810 1768 2999 1808 omnes
3046 1764 3250 1825 gentes
3306 1754 3655 1827 Dominum,
3695 1761 3743 1807 et

324 1832 331 1839 ’
414 1835 763 1906 magniﬁcam
790 1851 934 1902 eum,
966 1855 1157 1895 omnes
1186 1841 1387 1911 populi.
1423 1842 1489 1897 Et
1515 1859 1702 1900 rursus
1729 1844 1899 1901 Isaias
1924 1846 2002 1899 ait
2034 1864 2047 1898 :
2084 1847 2170 1902 10.
2203 1846 2317 1901 Erit
2347 1848 2496 1903 radix
2521 1848 2695 1914 Jesse,
2726 1860 2780 1903 et
2808 1850 2898 1921 qui
2940 1862 3201 1922 exsurget
3263 1869 3491 1927 regere
3545 1863 3742 1926 gentes,

421 1933 477 1987 in
501 1948 625 1989 eum
654 1944 847 2006 gentes
878 1937 1197 2005 sperabunt.
1220 1936 1364 1992 Deus
1399 1948 1578 1993 autem
1612 1940 1726 2009 spei
1756 1941 1961 2012 repleat
1988 1957 2084 1998 vos
2108 1944 2252 1999 omni
2287 1945 2485 2015 gaudio
2511 1954 2564 2001 et
2600 1961 2734 2015 pace
2766 1947 2820 2001 in
2867 1948 3162 2013 credendo,
3206 1958 3280 2005 ut
3326 1952 3646 2007 abundetis
3688 1952 3737 2005 in

414 2047 512 2103 spe
534 2040 593 2087 et
620 2032 821 2087 virtute
853 2032 1086 2101 Spiritus
1119 2034 1315 2089 sancti.
1346 2035 1430 2088 11.
1462 2034 1655 2091 Certus
1677 2045 1855 2091 autem
1892 2053 2029 2100 sum,
2062 2038 2262 2095 fratres
2292 2041 2421 2105 mei,
2459 2051 2511 2094 et
2542 2055 2641 2112 ego
2665 2041 2779 2112 ipse
2803 2042 2867 2097 de
2894 2042 3067 2108 vobis,
3099 2024 3389 2113 quoniam
3419 2045 3739 2120 metit-ﬁ

416 2128 569 2199 pleni
592 2130 725 2186 estis
745 2129 1059 2197 dilectione,
1088 2131 1175 2185 12.
1203 2131 1389 2202 repleti
1418 2133 1565 2187 omni
1588 2134 1836 2198 scientia,
1863 2135 1933 2189 ita
1959 2143 2014 2190 ut
2036 2136 2252 2206 possitis
2275 2136 2596 2192 alterutrum
2626 2152 2866 2193 tuonere.
2895 2138 2979 2192 15.
3005 2138 3293 2196 Audacius
3321 2150 3528 2197 autem
3553 2140 3735 2212 scripsi

1788 2231 2357 2288 COMMENTARIUS.

484 2319 577 2375 21'.
616 2321 855 2377 Austros.
891 2318 1086 2376 Beatus
1132 2323 1224 2393 qui
1273 2340 1375 2377 non
1402 2324 1632 2393 jmticat.
1663 2323 1817 2380 Hunc
1869 2326 2007 2380 bea-
2031 2332 2077 2388 Α
2106 2334 2248 2380 stum
2270 2323 2566 2379 ministrari
2594 2322 2788 2380 fecisse
2813 2324 2915 2380 sibi
2941 2325 3478 2396 circumcisionem,
3507 2334 3722 2398 propter

416 2424 538 2467 tutn-
577 2412 709 2469 dicit
736 2414 829 2485 qui
875 2428 984 2468 non
1032 2413 1176 2469 aliud
1215 2410 1346 2471 facit
1374 2430 1535 2485 quam
1567 2416 1671 2472 sibi
1718 2417 1847 2472 utile
1882 2432 2006 2488 pro.
2107 2416 2392 2472 veritatem
2424 2416 2519 2471 Dei
2571 2416 2977 2486 complendum,
3011 2426 3065 2472 et
3094 2419 3524 2487 promissiones
3551 2418 3619 2472 ad
3646 2431 3725 2486 pa-

418 2508 533 2561 bat.
1642 2554 1645 2555 ν
1804 2502 1809 2507 ”
2111 2519 2222 2564 tres
2245 2500 2434 2563 factas.
2462 2507 2794 2564 Promissum
2827 2510 2972 2563 enim
3003 2508 3184 2565 fuerat
3211 2511 3376 2582 quod
3408 2526 3483 2565 ex
3522 2509 3723 2565 Judzeo-

482 2596 579 2651 22.
623 2595 823 2652 Laure.
876 2598 983 2664 Qui
1029 2613 1135 2654 non
1181 2598 1490 2652 mandarat.
1545 2598 1662 2654 Non
1716 2599 2011 2655 manduces
2110 2616 2230 2655 rum
2267 2600 2475 2655 semine
2522 2609 2743 2656 orturus
2790 2602 3051 2657 esset:in
3098 2616 3207 2672 quo
3264 2602 3726 2660 benedicerentut'

415 2705 603 2746 coram
635 2688 1066 2760 lratribus,quia
1106 2691 1151 2745 si
1200 2705 1305 2745 non
1348 2690 1665 2756 mandueas,
1697 2692 1887 2747 beatus
1929 2707 2008 2747 es.
2112 2705 2322 2746 omnes.
2348 2689 2538 2745 Aliter.
2590 2690 2948 2746 Miuislerium
2995 2691 3485 2760 circumcisionis,
3536 2693 3591 2747 id
3630 2698 3720 2754 est,

418 2780 486 2838 Et
517 2783 621 2839 hoc
653 2784 888 2854 probat;
928 2798 1061 2837 nam
1090 2782 1268 2837 onmis
1298 2791 1383 2837 cst
1411 2782 1631 2850 beatus,
1654 2783 1744 2854 qui
1774 2799 1879 2837 nou
1926 2781 2013 2852 ju-
2114 2780 2181 2833 ad
2210 2778 2462 2850 populum
2494 2778 2825 2845 Judaeorum,
2849 2789 2908 2835 ut
2933 2781 3136 2837 veritas
3160 2781 3261 2837 Dei
3306 2794 3370 2838 et
3407 2779 3722 2852 promissio—

418 2877 566 2931 dicat
597 2891 675 2939 se,
702 2876 753 2931 id
777 2883 883 2939 est,
907 2874 1235 2944 culpabilem
1273 2874 1423 2943 facit,
1456 2874 1603 2946 quod
1633 2885 1719 2931 est
1744 2877 1872 2930 dum
1905 2891 2011 2931 non
2114 2862 2213 2925 nes
2236 2868 2353 2938 ejus
2381 2871 2447 2924 ad
2465 2879 2649 2941 patres
2672 2870 2842 2926 factas
2863 2871 3297 2941 complerentur.
3323 2873 3539 2940 Quales
3565 2876 3718 2925 sunt:

420 2967 713 3021 manducat
743 2981 809 3021 ne
834 2963 1091 3021 oti'eudat.
2115 2962 2265 3017 Dabo
2300 2964 2442 3017 vobis
2464 2980 2671 3033 germen
2701 2962 2808 3035 (vel
2837 2964 3112 3036 decorem)
3137 2964 3422 3034 justitite,
3468 2976 3526 3021 et
3552 2981 3565 3017 :
3599 2961 3719 3016 Pro-

478 3055 582 3111 .25.
629 3056 733 3123 Qui
774 3066 951 3111 autem
987 3056 1257 3111 discernit.
1303 3056 1402 3123 Qui
1429 3065 1609 3113 autem
1641 3058 1903 3113 discernit
1942 3058 2016 3113 ci-
2114 3056 2322 3124 pltetam
2354 3055 2494 3109 vobis
2522 3055 2790 3109 suscitabit
2820 3055 2983 3123 Deus,
3009 3065 3116 3112 etc.

421 3148 541 3212 hos;
574 3148 625 3203 id
651 3156 763 3213 est,
808 3148 900 3218 qui
950 3157 1105 3219 putat
1146 3149 1281 3204 alios
1330 3150 1578 3215 mundos,
1620 3160 1674 3205 et
1713 3151 1848 3206 alios
1896 3167 2018 3206 esse
2283 3145 2471 3201 Gentes
2491 3158 2687 3201 autem.
2717 3147 2917 3202 Probat
2946 3148 3073 3218 quia
3110 3149 3367 3220 suscepit
3410 3139 3713 3220 gentes”?!

422 3238 753 3305 immundos,
785 3240 1071 3295 damnatus
1114 3249 1228 3305 est;
1260 3240 1387 3311 quia
1437 3256 1542 3296 non
1587 3256 1652 3297 ex
1703 3243 1825 3297 ﬁde.
1856 3242 2020 3298 Fides
2118 3237 2388 3292 honorare
2451 3238 2617 3293 Deum
2684 3246 2893 3309 genteS,
2960 3239 3028 3294 ab
3094 3241 3443 3296 auctoritate
3514 3237 3712 3291 εἰυδκοο

423 3332 575 3387 enim
608 3342 793 3389 nostra
826 3334 942 3389 vult
983 3344 1043 3389 ut
1084 3335 1254 3390 homo
1295 3334 1346 3389 id
1404 3343 1532 3406 agat
1571 3336 1715 3405 quod
1765 3334 2018 3405 intelligit
2119 3320 2261 3382 tum.

426 3425 565 3478 bene
586 3438 708 3480 esse
730 3425 1018 3497 agendum.
2192 3418 2245 3471 6.
2282 3418 2520 3473 Annuus.
2560 3417 2748 3473 Gentes
2776 3429 2979 3475 autem.
3008 3418 3143 3487 Quia
3174 3420 3328 3475 enim
3387 3418 3477 3475 his
3504 3413 3715 3489 promis-

493 3515 586 3573 21.
633 3515 693 3572 Si
734 3518 1168 3583 manducauerit,
1198 3526 1306 3572 ete.
1350 3518 1552 3574 Probat
1597 3519 1743 3589 quod
1784 3520 1873 3588 qui
1914 3534 2019 3573 non
2122 3511 2202 3565 sio
2227 3511 2370 3565 nulla
2401 3521 2538 3579 erat,
2566 3512 2720 3582 quasi
2755 3512 2983 3582 indigni,
3037 3527 3136 3580 per
3175 3512 3355 3567 solam
3416 3508 3708 3566 misericor-

424 3607 631 3677 judicat
657 3623 735 3672 se,
767 3608 818 3663 id
866 3617 954 3663 est
990 3624 1095 3664 non
1147 3610 1461 3676 manducat,
1510 3609 1700 3666 beatus
1734 3619 1839 3675 est,
1894 3625 2019 3664 nam
2122 3604 2266 3657 diam
2295 3603 2409 3667 Dei,
2438 3604 2506 3658 ad
2535 3604 2764 3658 salutem
2787 3606 3048 3675 assumpti
3076 3613 3222 3658 sunt.

426 3699 607 3753 utimis
650 3699 985 3753 manducans
1034 3700 1361 3766 damnatus;
1403 3701 1547 3769 quod
1596 3701 1672 3756 ita
1713 3701 1842 3755 dicit
1882 3718 1895 3754 :
1930 3701 2022 3766 qui
2053 3684 2097 3742 Β
2196 3701 2249 3754 7.
2291 3698 2491 3754 Laure.
2543 3698 2731 3754 Gentes
2783 3710 2981 3753 autent.
3039 3700 3187 3754 Laus
3247 3699 3524 3770 gentium.
3584 3688 3706 3747 Dicit

428 3801 606 3843 autem
654 3790 902 3844 discernit
942 3790 988 3844 si
1019 3792 1440 3855 manducauerit,
1467 3801 1573 3848 etc.
1606 3792 1674 3847 Et
1703 3801 1831 3847 sunt
1855 3792 2024 3847 multa
2126 3791 2271 3847 enim
2323 3800 2485 3845 tanta:
2512 3807 2655 3846 cura:
2686 3789 2853 3845 fuisse
2893 3791 3032 3854 Deo,
3068 3798 3126 3843 ut
3176 3790 3243 3843 ad
3288 3786 3584 3844 salvandas
3627 3792 3708 3834 eis

429 3881 860 3943 ε-οιιιτιιι·ἰει,ηοιι
893 3880 1124 3951 iudicat,
1149 3892 1199 3938 et
1237 3884 1574 3939 manducans
1620 3885 1815 3955 prohat
1842 3891 1897 3937 ct
1944 3899 1961 3937 ε

2174 3884 2428 3953 rophctas
2478 3899 2604 3937 suos
2658 3883 3001 3951 praediceret.
3047 3881 3141 3936 llis
3187 3881 3447 3936 laudibus
3494 3870 3706 3944 aequales

429 3974 657 4036 seernit,
693 3973 745 4026 id
769 3984 873 4038 est,
914 3990 1020 4029 non
1053 3975 1248 4045 probat
1288 3976 1680 4032 comedendum
1722 3977 1933 4041 beatus,
1973 3984 2028 4030 et
2130 3988 2226 4028 cos
2254 3975 2393 4027 inter
2420 3988 2479 4028 se
2508 3988 2628 4028 esse
2649 3974 2907 4039 ostendit,
2937 3981 2996 4027 ut
3018 3972 3153 4026 alter
3186 3970 3454 4042 praeferre
3484 3982 3542 4024 se
3570 3956 3704 4018 alteri

433 4067 741 4120 damnatus.
1712 4062 1715 4063 ⁷
2130 4083 2236 4122 non
2265 4075 2575 4138 praesumat.
3663 4139 3673 4151 .

640 4156 811 4213 Omne
836 4167 1009 4213 autem
1046 4159 1187 4229 quod
1220 4176 1327 4214 non
1363 4170 1438 4215 est
1467 4177 1531 4215 ea:
1556 4160 1681 4229 ﬁde.
1730 4160 2029 4214 Damnatus
2204 4158 2257 4213 8.
2302 4154 2589 4226 Propterea
2621 4155 2926 4225 conﬁtebor.
2958 4154 3070 4209 Vox
3100 4153 3304 4210 Christi
3339 4153 3433 4224 qui
3471 4152 3521 4205 in
3545 4150 3701 4229 genttf

434 4249 560 4318 quia
601 4258 885 4320 peccatum
933 4259 1019 4321 est
1054 4228 1197 4322 quod
1234 4251 1390 4315 facit,
1419 4262 1473 4307 et
1517 4228 1619 4306 huc
1665 4253 1859 4320 prohat
1908 4252 1981 4305 ita
2012 4267 2025 4303 :
2132 4249 2234 4302 bus
2258 4248 2549 4305 conﬁtetur
2574 4246 2721 4302 Patri
2754 4247 2877 4315 quia
2905 4261 2999 4316 per
3019 4245 3134 4313 ejus
3173 4245 3583 4300 conversionem
3609 4228 3699 4332 (ξ’«ι

437 4340 606 4396 Omne
645 4343 791 4412 quod
826 4353 1029 4398 nonest
1072 4361 1139 4399 ea:
1168 4344 1274 4413 ﬁde
1303 4354 1573 4415 peccatum
1602 4354 1676 4398 est
1707 4361 1731 4409 ;,
1768 4343 1874 4399 Sed
1927 4344 2031 4398 hoc
2135 4337 2600 4409 prmdicationem)
2648 4352 2925 4393 conversa:
2968 4345 3095 4391 sunt
3151 4337 3219 4391 ad
3264 4335 3533 4391 culturam
3562 4332 3700 4382 uultis

437 4450 546 4488 nou
574 4448 639 4489 ex
675 4436 810 4497 ﬁde;
840 4437 935 4489 sed
977 4437 1092 4492 hzee
1134 4438 1436 4509 assumptio
1482 4438 1760 4506 praemissa
1808 4444 1913 4503 est,
1942 4436 2031 4490 ubi
2136 4426 2252 4484 Dei.

441 4528 577 4586 dicit
605 4529 730 4597 quia
771 4545 874 4582 non
902 4545 967 4583 ea:
988 4530 1114 4599 ﬁde.
2208 4521 2262 4577 9.
2304 4519 2589 4575 Lwtamini
2628 4528 2822 4590 gentes.
2869 4518 2926 4573 lu
2978 4517 3116 4573 Isaia
3164 4517 3243 4572 sic
3293 4516 3548 4586 scriptum
3591 4510 3695 4561 est:

516 4622 670 4677 CAP.
712 4621 831 4677 XV.
869 4652 942 4664 --
978 4624 1029 4676 1.
1070 4621 1310 4678 Annos.
1352 4619 1719 4692 Unusquisque
1785 4629 2029 4674 vestrum.

2160 4610 2557 4666 Lwtaminicum
2581 4608 2909 4675 Jerusalem;
2958 4619 3008 4663 et
3053 4609 3310 4665 exsultate
3359 4609 3415 4661 in
3449 4621 3509 4659 ea
3545 4606 3692 4653 omne!

443 4716 764 4772 Commonet
801 4723 861 4769 ut
890 4716 1141 4770 charitati
1168 4717 1471 4782 studentes,
1501 4716 1764 4785 proximis
1793 4713 2039 4783 placeant
2139 4705 2229 4775 qui
2251 4703 2469 4774 diligitis
2495 4721 2630 4758 eam-

446 4813 515 4867 ad
544 4813 595 4867 id
622 4813 766 4881 quod
795 4810 924 4867 utile
937 4818 1037 4865 est.
1059 4807 1182 4864 Haec
1208 4810 1353 4864 enim
1377 4807 1685 4863 aediﬁcatio.

2196 4797 2303 4851 '10.
2348 4795 2465 4850 Erit
2495 4797 2650 4851 radio:
2680 4796 2849 4850 Jessc.
2888 4794 3034 4850 Ordo
3062 4811 3075 4848 :
3106 4792 3258 4849 Jessc
3286 4793 3392 4847 erit
3423 4785 3582 4844 radix,
3603 4784 3687 4831 etC-

512 4903 577 4959 2.
618 4874 817 4957 Gaure.
862 4901 1196 4972 Quaecunque
1233 4901 1428 4969 scripta
1466 4910 1609 4954 sunt.
1648 4899 1813 4967 Quasi
1840 4898 2042 4954 diceret
2146 4889 2415 4944 Subaudis
2475 4905 2541 4943 ex
2596 4888 2695 4941 hac
2752 4887 2929 4941 radice
2985 4886 3085 4941 erit
3138 4886 3227 4956 qui
3275 4887 3507 4950 exsurget
3548 4874 3693 4938 r099"

449 4995 646 5065 aliquis
679 5011 692 5047 :
720 4993 850 5067 quid
875 4993 984 5047 vita
1006 4991 1209 5046 Christi
1242 4990 1540 5045 ministrari
1566 4988 1759 5044 fecisse
1787 4989 1887 5067 sibi
1934 4987 2044 5043 cir—
2069 5029 2114 5090 ϐ
2144 4994 2337 5055 gentes.
2418 4974 2437 4989 ’

451 5040 645 5065 .....,...-
679 5040 692 5047 -
887 5040 984 5047 -.-ἡ
1014 5040 1209 5046 πη---
1943 5040 1979 5043 _,

451 5040 869 5150 cumcisioiiem,
897 5092 1121 5154 propter
1141 5082 1466 5138 veritatem?
1498 5083 1626 5152 quid
1654 5081 1936 5151 prophetia
1976 5100 1983 5133 ς

2156 5040 2168 5054 Ι
2221 5075 2307 5128 11.
2352 5071 2538 5127 Certus
2563 5086 2680 5124 sum
2706 5078 2903 5132 autem,
2932 5076 3038 5121 etc.
3062 5062 3363 5119 Benevolos
3384 5058 3498 5114 illos
3523 5040 3683 5187 redddit.

2156 5165 2300 5187 -λ--λε
2336 5179 2428 5187 *η
2471 5160 2705 5187 “md-mi
2736 5174 2829 5187 ιιι-η
2885 5159 3012 5187 ηυξ..
3038 5156 3204 5187 ουτοι...
3229 5170 3322 5187 ..ηρ
3363 5147 3573 5187 “Nimim
3625 5144 3688 5183 H-

453 5177 603 5232 Deo?
628 5176 756 5246 quid
784 5174 850 5230 ad
888 5173 1279 5229 institutionem
1313 5188 1524 5228 morum
1571 5173 1917 5228 nostrorum?
1961 5170 2047 5226 Ad
2148 5165 2301 5237 quasi
2333 5179 2432 5234 ego
2468 5160 2706 5231 corripui
2736 5174 2854 5225 VOS.
2883 5159 3013 5227 (ιιιίη
3037 5156 3205 5212 δυίθπι
3229 5170 3324 5210 "05
3362 5144 3682 5246 i“"ice'f‘f.':

454 5270 559 5325 hoc
584 5228 911 5339 respondet:
944 5266 1282 5335 Qutecunque
1326 5266 1522 5334 scripta
1547 5273 1687 5329 sunt,
1716 5274 1823 5319 etc.
2148 5272 2308 5327 gere;
2340 5270 2440 5310 nec
2469 5254 2587 5309 ideo
2613 5250 2866 5306 admonui
2914 5248 3042 5319 quin
3096 5247 3263 5301 sciam
3318 5258 3412 5298 vos
3457 5228 3688 5304 samem”

520 5364 579 5417 ὅ.
621 5362 765 5416 Sicut
791 5371 838 5415 et
869 5361 1131 5425 Christus,
1155 5368 1261 5414 etc.
1292 5358 1542 5430 Suscepit
1577 5374 1691 5425 vos,
1731 5367 1784 5413 et
1832 5357 2048 5412 Judmos

2150 5364 2290 5414 esse,
2320 5347 2413 5402 sed
2437 5344 2671 5400 cilicium
2703 5357 2882 5396 meum
2912 5349 2994 5396 est
3017 5352 3237 5394 monere
3263 5352 3377 5391 vos.
3520 5409 3551 5454 r
3616 5396 3682 5454 Μ

2227 5439 2289 5454 ιη
2364 5436 2401 5454 n
2474 5435 2561 5454 ἠε
2596 5434 2727 5454 _,___-:
2756 5433 2967 5454 --ξ---.2-
3026 5428 3313 5454 ΙΙ...ν.ῗΙΞΙιιιι
3345 5425 3518 5454 Αηηαιη
3540 5427 3570 5454 Ι.

460 5466 512 5510 et
535 5464 723 5527 gentes
743 5453 1056 5524 probando;
1080 5450 1177 5507 sed
1206 5459 1469 5507 monstrat
1487 5450 1758 5520 quomodo
1794 5448 1992 5503 Cill‘iSll

2223 5411 2310 5493 ΡΞ.
2355 5435 2561 5506 Repleti
2586 5434 2727 5488 omni
2751 5433 2988 5486 scientia.
3026 5428 3316 5485 llumilitas
3336 5411 3570 5544 Apostoli.
3594 5411 3665 5544 el):

2194 5534 2226 5544 "
2335 5531 2347 5543 '
2547 5528 2586 5544 ’ν
2633 5528 2665 5544 ’ν
2720 5542 2731 5544 ~
2778 5526 2846 5544 ἀμ
2923 5540 3024 5544 --μ-
3087 5520 3223 5544 ---μ-ι
3259 5518 3356 5544 ε..,.;
3406 5507 3645 5544 ;.ι.ίσρι·ιι

462 5545 909 5604 condescenderit
931 5547 1107 5612 nobis,
1130 5545 1255 5617 quia
1291 5543 1646 5601 circumcisus
1692 5542 1815 5607 fuit,
1865 5548 1917 5596 et
1947 5557 1994 5594 ne

2159 5534 2234 5587 cit
2262 5531 2405 5588 enim
2453 5528 2739 5597 scripsisse
2770 5526 2873 5588 eis,
2923 5540 3029 5578 non
3082 5520 3226 5592 quod
3259 5518 3357 5589 ipsi
3406 5509 3681 5633 indigereslétd-

2162 5627 2197 5633 ’⁵
2280 5623 2292 5633 ¹
2352 5624 2365 5633 ⁸
2466 5623 2477 5633 ·
2632 5629 2641 5633 -
2706 5620 2716 5630 ·
2860 5617 2882 5633 ι·
2917 5623 3056 5633 ...πη
3143 5611 3281 5633 ,μληε
3333 5598 3561 5633 “dumb.

461 5638 960 5694 cotitlcscemlmuus
988 5636 1234 5692 inﬁrmis.

2162 5623 2366 5694 chlcti
2395 5623 2559 5685 cnim,
2590 5629 2648 5673 ut
2705 5620 2816 5687 ipse
2860 5617 3077 5679 fatetur,
3136 5611 3282 5667 omni
3332 5600 3563 5694 scientia;

534 5731 588 5787 ὃ.
633 5730 937 5786 Dicoenim.
966 5730 1106 5788 Laus
1127 5728 1452 5785 Judtem'um.
1511 5727 1651 5783 Dicit
1704 5726 1848 5781 enim
1898 5721 2050 5779 Chri-

2163 5684 2321 5772 ollicii
2352 5715 2430 5770 sui
2462 5712 2779 5770 necessitate
2805 5718 3083 5775 coactum;
3110 5706 3252 5778 quod
3298 5689 3559 5774 Λροδῑοξίίδ
3582 5684 3681 5749 ⁸οΨ

3592 5821 3876 6254 Δ
