3954 6306
103 360 235 417 vsa
841 364 907 420 IN
953 367 1015 421 ι).
1053 365 1259 424 PAULI
1296 353 1513 426 eris'r.
1538 358 1735 427 Conv

1858 348 1910 428 r;
1942 404 2009 412 -
2050 370 2267 427 EPlST.
2314 371 2406 427 AD
2438 372 2604 429 non.
3283 370 3386 426 154

105 472 329 537 νοῢίεί
351 472 572 541 “mres.
608 490 673 532 0X
702 488 880 545 Parte,
910 490 1164 551 tanquam
1192 484 1245 538 in
1277 484 1595 540 memoriam
1622 502 1717 543 vos
1745 488 2029 552 reducens,
2080 497 2300 557 propter
2336 488 2588 558 gratiam,
2625 500 2745 556 qua:
2771 484 2893 539 data
2921 494 3002 541 est
3032 486 3161 541 mihi
3190 502 3220 540 a
3254 487 3385 550 Deo.

102 576 169 620 ut
199 566 322 623 sim
355 568 604 625 minister
625 569 826 627 Christi
852 573 976 629 Jesu
1006 575 1057 629 iu
1093 579 1361 647 gentibus,
1400 580 1747 637 sanctiﬁcans
1772 582 2119 654 Evangelium
2165 583 2285 647 Dei,
2314 590 2376 637 ut
2410 582 2505 636 ﬁat
2532 581 2731 636 oblatio
2778 582 3017 651 gentium
3065 592 3285 653 accepta
3335 592 3391 637 et

101 664 476 719 sanctiﬁcata
499 666 554 721 in
584 665 789 737 Spiritu
816 678 1025 727 sancto.
1049 673 1139 740 ﬂ,
1177 675 1265 730 15.
1301 675 1487 733 Habeo
1513 678 1681 749 igitur
1708 678 1933 750 gloriam
1960 680 2011 734 in
2035 674 2249 735 Christo
2286 678 2409 735 Jesu
2452 679 2519 734 ad
2572 679 2760 749 Deum.
2786 676 2871 731 16.
2896 675 3010 731 Non
3042 680 3186 731 enim
3218 677 3391 731 audeo

102 757 341 866 θξίίῐυῖά
366 760 513 832 loqui
538 778 725 819 eorum
758 781 878 836 qua:
899 783 997 839 per
1020 784 1105 825 me
1134 786 1241 826 non
1268 771 1432 829 eﬂieit
1466 756 1717 830 Christus
1748 775 1801 829 in
1857 775 2217 830 obedientiam
2257 774 2521 846 gentium,
2552 773 2719 828 verbo
2764 780 2818 825 et
2868 769 3051 834 faetis,
3083 770 3135 823 in
3194 771 3395 825 virtute

103 862 418 958 εἱειξο-τιιῳ
446 868 501 914 et
528 862 918 958 prodigiorum,
944 866 999 920 in
1024 866 1223 924 virtute
1246 870 1481 942 Spiritus
1505 872 1698 938 sancti,
1732 872 1806 927 ita
1837 881 1895 925 ut
1919 872 1988 926 ab
2011 871 2343 927 Hierusalem
2373 885 2470 940 per
2499 868 2782 924 circuitum
2812 882 2981 936 usque
3008 867 3073 921 ad
3114 865 3389 937 Illyricum

105 950 487 1058 reple'v'erim,
511 956 568 1010 id
595 968 695 1058 est,
730 961 879 1030 plene
905 965 1295 1033 praedicaverim
1335 967 1680 1038 Evangelium
1726 968 1951 1025 Christi.
1979 969 2070 1024 Sic
2098 976 2275 1023 autem
2302 965 2589 1038 praedicari
2618 963 2967 1034 Evangelium
3007 963 3130 1026 hoc,
3162 977 3267 1015 non
3304 962 3395 1015 ubi

103 1050 453 1103 nominatus
478 1058 564 1105 est
588 1050 860 1123 Christus,
893 1074 961 1113 ne
986 1074 1151 1130 super
1190 1062 1426 1117 alienum
1474 1063 1883 1119 fundamentum
1935 1065 2291 1129 :ediﬁcarem;
2348 1062 2443 1117 sed
2489 1061 2631 1116 sicut
2691 1058 2949 1129 scriptum
2998 1065 3080 1112 est
3120 1057 3174 1109 in
3227 1054 3401 1117 Isaia,

106 1155 241 1210 cap.
269 1141 398 1197 εει
436 1145 642 1211 Quibus
685 1165 791 1205 non
837 1161 920 1207 est
968 1157 1348 1211 annuntiatum
1398 1157 1466 1213 de
1509 1174 1595 1224 eo,
1640 1160 1927 1225 videbunt;
1951 1168 2006 1215 et
2029 1159 2120 1230 qui
2151 1174 2257 1215 non
2298 1158 2588 1212 audierunt
2616 1157 2681 1211 de
2707 1169 2794 1219 eo,
2826 1153 3141 1221 intelligent.
3168 1150 3399 1220 Propter

106 1238 267 1306 quod
293 1247 356 1293 et
389 1240 723 1310 impediebar
751 1248 1040 1317 plurimum
1067 1252 1252 1307 venire
1281 1255 1348 1308 ad
1373 1268 1490 1320 vos,
1522 1264 1578 1307 et
1606 1254 1908 1323 prohibitus
1934 1270 2051 1308 sum
2082 1268 2251 1323 usque
2277 1253 2473 1307 adhuc.
2502 1250 2654 1306 Nunc
2675 1264 2802 1304 vero
2826 1247 3052 1302 ulterius
3081 1246 3257 1301 locum
3291 1261 3396 1299 non

109 1335 345 1391 habens
380 1338 435 1391 in
458 1338 544 1395 his
565 1341 893 1411 regionibus,
921 1346 1271 1414 cupiditatem
1303 1357 1482 1403 autem
1522 1348 1725 1405 habens
1744 1349 1992 1404 veniendi
2017 1350 2085 1404 ad
2118 1364 2214 1404 vos
2238 1364 2306 1404 ex
2361 1348 2543 1402 multis
2570 1347 2682 1417 iam
2741 1343 3169 1415 praecedentibus
3218 1342 3396 1404 annis,

112 1446 247 1486 cum
278 1431 339 1485 in
378 1431 693 1504 Hispaniam
726 1439 995 1525 proﬁcisci
1029 1457 1267 1525 coepero,
1297 1459 1456 1515 spero
1484 1446 1627 1515 quod
1661 1446 1982 1515 prmteriens
2008 1446 2221 1501 videam
2252 1459 2368 1509 vos,
2401 1454 2458 1499 et
2493 1459 2522 1497 a
2552 1442 2704 1496 vobis
2737 1440 2973 1495 deducar
3000 1436 3147 1501 illuc,
3175 1434 3222 1489 si
3246 1434 3401 1489 vobis

115 1525 383 1594 primum
413 1543 480 1583 ex
506 1540 660 1600 parte
689 1532 884 1590 fruitus
910 1536 1082 1592 fuero.
1116 1537 1269 1595 Nunc
1296 1541 1458 1608 igitur
1484 1540 1800 1612 proﬁciscar
1830 1542 1881 1597 in
1912 1541 2246 1597 Hierusalem
2275 1540 2606 1603 ministrare,
2633 1539 2690 1592 td
2718 1547 2815 1602 est,
2852 1535 3142 1589 necessaria
3171 1533 3402 1601 corporis

123 1620 339 1729 aliam
368 1624 595 1729 sanctis.
621 1624 995 1686 Prohaverunt
1018 1634 1164 1689 enim
1200 1634 1513 1693 Macedonia
1537 1649 1592 1694 et
1618 1638 1821 1695 Achaia
1852 1638 2193 1695 collationem
2219 1638 2452 1708 aliquam
2477 1636 2656 1692 facere
2682 1636 2734 1690 in
2764 1645 3029 1705 pauperes
3067 1636 3399 1688 sanctorum,

114 1719 215 1784 qui
265 1727 412 1774 sunt
449 1719 504 1774 in
552 1721 873 1779 Jerusalem.
908 1726 1116 1784 l'lacuit
1140 1732 1286 1786 enim
1312 1734 1412 1800 eis,
1438 1742 1490 1788 et
1512 1734 1786 1790 debitores
1816 1743 1939 1789 sunt
1964 1749 2173 1790 eorum.
2204 1733 2496 1806 (Debitares
2517 1744 2636 1787 sunt
2663 1733 2716 1786 in
2742 1726 3061 1790 carnalibus,
3089 1733 3135 1778 et
3165 1723 3260 1777 hoc
3283 1738 3406 1791 pro-

117 1811 211 1866 bat
238 1829 274 1866 a
299 1814 533 1884 majori,
564 1818 688 1887 quia
726 1820 792 1875 ab
823 1822 898 1876 eis
921 1824 1217 1893 spiritualia
1242 1839 1567 1898 acceperunt,
1596 1830 1735 1901 quod
1763 1839 1837 1884 est
1860 1830 2081 1901 majus.)
2109 1829 2242 1883 Nam
2272 1830 2316 1885 si
2360 1828 2717 1899 spiritualium
2744 1841 2929 1880 eorum
2960 1822 3247 1894 participes
3274 1816 3405 1873 facti

116 1918 257 2015 sunt
285 1912 555 2015 gentiles,
586 1915 639 1969 id
662 1924 760 1981 est,
790 1917 854 1969 ab
878 1916 1215 1973 Hierusalem
1250 1918 1489 1977 doctrina
1510 1924 1655 1991 ﬁdei,
1685 1934 1733 1979 et
1772 1924 1894 1980 bene
1927 1924 2146 1993 vivendi,
2195 1942 2287 1996 per
2335 1922 2595 1995 apostolos
2624 1922 2732 1976 lata
2762 1931 2834 1976 est
2866 1920 2937 1974 ad
2966 1927 3175 1989 gentes;
3212 1915 3408 1971 debent

120 2011 182 2058 et
208 2008 268 2058 in
298 2008 628 2064 carnalibus
656 2011 971 2068 ministrare
1002 2014 1127 2070 illis.
1161 2014 1275 2071 Hoc
1300 2016 1464 2087 igitur
1486 2034 1608 2074 cum
1641 2035 2113 2086 consummavero,
2144 2030 2197 2075 et
2228 2012 2578 2090 assignavero
2613 2018 2692 2073 eis
2723 2015 2955 2072 fructum
2985 2016 3160 2076 hunc;
3190 2028 3286 2081 per
3311 2026 3408 2065 vos

117 2100 465 2168 proﬁciscar
491 2104 544 2158 in
572 2104 907 2175 Hispaniam.
942 2108 1067 2164 Scio
1121 2118 1300 2166 autem
1339 2113 1592 2183 quoniam
1643 2116 1867 2189 veniens
1922 2116 1987 2171 ad
2037 2130 2156 2181 vos,
2206 2115 2258 2170 in
2316 2114 2641 2170 abundantia
2698 2109 3087 2168 benedictionis
3133 2106 3409 2177 Evangelii

118 2196 341 2253 Christi
385 2201 623 2256 veniam.
668 2203 909 2262 Obsecro
958 2222 1088 2279 ergo
1144 2224 1265 2275 vos,
1308 2208 1529 2277 fratres,
1584 2227 1683 2282 per
1727 2212 2012 2285 Dominum
2065 2220 2313 2267 nostrum
2346 2211 2527 2267 Jesum
2577 2210 2849 2267 Christum
2876 2215 2929 2263 et
2958 2222 3055 2277 per
3079 2203 3408 2261 charitatem

117 2294 310 2349 sancti
343 2294 588 2366 Spiritus
612 2308 670 2353 ut
692 2300 957 2370 adiuvetis
981 2318 1067 2358 me
1090 2306 1143 2357 in
1172 2304 1511 2381 orationibus
1536 2308 1730 2362 vestris
1756 2323 1854 2377 pro
1907 2323 1993 2363 me
2032 2308 2099 2362 ad
2133 2308 2324 2373 Deum,
2353 2317 2413 2360 ut
2442 2306 2636 2360 liberer
2677 2305 2745 2358 ab
2788 2300 3094 2357 inﬁdelibus
3141 2298 3233 2368 qui
3287 2304 3413 2361 sunt

117 2387 177 2444 in
218 2387 445 2456 Iudaea,
471 2396 787 2465 etohsequii
823 2398 925 2451 mei
948 2398 1150 2454 oblatio
1184 2409 1406 2471 accepta
1429 2401 1522 2456 ﬁat
1546 2403 1596 2456 in
1620 2402 1956 2457 Hierusalem
1991 2403 2218 2467 sanctis,
2246 2410 2303 2455 ut
2333 2401 2546 2454 veniam
2586 2400 2653 2455 ad
2699 2413 2795 2453 vos
2848 2398 2901 2451 in
2932 2396 3275 2467 gaudio,per
3318 2407 3412 2448 vo-

116 2482 413 2541 luntatem
436 2486 553 2552 Dei,
577 2500 631 2544 et
664 2490 956 2562 refrigerer
988 2493 1285 2551 vobiscum.
1321 2498 1460 2553 Deus
1483 2506 1662 2553 autem
1686 2498 1938 2567 pacissit
1962 2514 2082 2553 cum
2107 2497 2360 2552 uuiuibus
2387 2496 2558 2551 vobis.
2596 2495 2786 2549 Amen.

1511 2608 1615 2681 [ιι
1646 2609 1874 2665 CAPUT
1906 2609 2041 2664 xw.

202 2684 259 2739 1.
294 2683 640 2742 Commendo
683 2697 864 2745 autem
905 2691 1058 2746 vobis
1094 2692 1331 2749 Phoeben
1367 2711 1611 2752 sororem
1657 2710 1919 2765 nostram,
1964 2715 2084 2769 qua:
2134 2707 2217 2755 est
2268 2699 2319 2753 in
2371 2698 2673 2753 ministerio
2716 2694 2989 2760 Ecclesiae,
3040 2712 3161 2766 qua:
3207 2704 3290 2750 est
3340 2694 3395 2749 in

130 2777 435 2843 Cenchris,
465 2788 525 2833 ut
545 2794 664 2835 eam
688 2784 994 2853 suscipiatis
1017 2786 1071 2840 in
1100 2786 1330 2843 Domino
1353 2788 1513 2858 digne
1534 2792 1762 2858 sanctis,
1788 2802 1843 2849 et
1865 2790 2135 2848 assistatis
2156 2794 2204 2847 ei
2228 2793 2282 2847 in
2308 2806 2631 2862 quocunque
2658 2789 2871 2859 negotio
2892 2788 3054 2841 vestri
3078 2785 3402 2857 iudigueril;

131 2872 342 2926 etenim
378 2870 498 2940 ipsa
530 2888 745 2942 quoque
774 2876 946 2931 astitit
974 2877 1177 2944 multis,
1204 2888 1264 2935 vet
1306 2879 1437 2935 mihi
1469 2882 1585 2952 ipsi.
1625 2882 1869 2938 Salutate
1910 2884 2148 2939 Priscam
2180 2892 2236 2939 et
2264 2883 2537 2954 Aquilam,
2584 2880 2858 2950 adjutores
2902 2894 3051 2933 meos
3099 2877 3150 2931 in
3197 2876 3416 2931 Christo

134 2961 285 3028 Jesu,
322 2964 445 3036 (qui
471 2981 570 3035 pro
600 2970 775 3021 anima
822 2984 942 3023 mea
984 2985 1111 3025 suas
1144 2972 1383 3027 cervices
1429 2983 1862 3043 supposuerunt;
1893 2970 2088 3045 quibus
2119 2990 2225 3029 non
2257 2975 2405 3030 solus
2451 2990 2552 3045 ego
2596 2973 2800 3045 gratias
2843 2986 2965 3042 ago,
2998 2970 3089 3025 sed
3121 2978 3176 3023 et
3206 2974 3416 3022 cunctae

138 3056 403 3115 Ecclesia:
436 3060 703 3129 gentium)
729 3069 784 3115 et
813 3062 1164 3119 domesticam
1206 3064 1502 3121 Ecclesium
1530 3083 1737 3123 eorum.
1787 3068 2029 3123 Salutate
2059 3068 2371 3138 Epteuetum
2416 3067 2669 3121 dilectum
2717 3063 2869 3130 mihi,
2904 3062 2994 3132 qui
3028 3071 3082 3116 et
3111 3059 3416 3130 primitivus

139 3145 281 3203 Asia:
308 3147 366 3202 in
395 3147 640 3205 Christo.
666 3149 907 3205 Salutate
928 3151 1306 3222 Mariam,qua:
1331 3155 1553 3211 multum
1579 3156 1842 3212 laboravit
1867 3158 1921 3212 in
1944 3158 2118 3212 vobis.
2155 3157 2399 3212 Salutate
2420 3155 2790 3212 Andronicum
2817 3161 2870 3207 et
2893 3152 3132 3217 Juuiam,
3155 3159 3417 3217 cognatos

142 3248 196 3293 et
225 3241 590 3310 concaptivos
620 3257 771 3296 meos
796 3259 809 3295 :
837 3242 929 3313 qui
959 3254 1087 3298 sunt
1114 3245 1322 3300 nobiles
1350 3246 1402 3300 in
1431 3247 1713 3316 apostolis,
1749 3248 1841 3318 qui
1865 3258 1919 3302 et
1946 3256 2071 3302 ante
2100 3263 2187 3303 me
2218 3248 2436 3302 fuerunt
2460 3247 2511 3299 in
2549 3245 2783 3300 Christo.
2818 3242 3060 3297 Salutate
3086 3239 3416 3308 Ampliatum

146 3330 570 3386 dilectissimum
596 3332 726 3387 mihi
754 3333 806 3387 in
841 3332 1086 3413 Domino.
1117 3335 1367 3392 Salutate
1389 3336 1691 3411 Urbanum,
1714 3338 2016 3415 adiutorem
2045 3348 2288 3395 nostrum
2309 3340 2360 3393 in
2386 3338 2601 3393 Christo
2625 3335 2773 3403 .lcsu,
2804 3343 2859 3387 et
2888 3332 3126 3402 Stachyu
3154 3331 3411 3385 dilectuzn

148 3437 346 3478 meum.
394 3424 647 3481 Salutate
675 3427 893 3495 Apellen
930 3430 1154 3497 probum
1182 3430 1232 3484 in
1256 3431 1492 3487 Christo.
1520 3431 1766 3487 Salutate
1786 3448 1879 3487 eos
1900 3433 1990 3501 qui
2015 3441 2227 3487 suntex
2260 3430 2555 3486 Aristobuli
2585 3430 2765 3483 domo.
2793 3425 3034 3480 Salutate
3056 3422 3416 3477 Herodiouem

151 3528 439 3587 cognatum
472 3534 673 3575 meum.
707 3520 951 3578 Salutate
978 3539 1071 3579 eos
1096 3526 1186 3594 qui
1227 3537 1351 3580 sunt
1380 3542 1444 3579 ex
1478 3525 1714 3582 Narcissi
1743 3526 1922 3593 domo;
1951 3528 2042 3597 qui
2085 3536 2211 3582 sunt
2265 3528 2318 3581 in
2374 3526 2621 3581 Domino.
2679 3523 2921 3578 Salutate
2956 3522 3312 3594 Tryphaenam
3360 3530 3417 3575 ct

154 3605 512 3677 lepbosam,
542 3626 662 3679 qua:
687 3612 933 3668 laborant
965 3615 1019 3669 in
1050 3616 1295 3672 Domino.
1330 3617 1569 3689 Salutate
1606 3619 1881 3675 Persidem
1912 3619 2310 3682 charissimam,
2336 3633 2454 3687 qua:
2489 3616 2714 3670 multum
2760 3614 3025 3669 laboravit
3058 3614 3110 3667 in
3166 3612 3415 3666 Domino.

154 3697 399 3757 Salutate
435 3703 637 3757 Rufum
667 3704 897 3760 electum
928 3707 981 3760 in
1012 3708 1260 3772 Domino,
1290 3709 1345 3763 2.
1380 3719 1434 3765 et
1472 3719 1696 3764 matrem
1723 3708 1859 3778 ejus,
1889 3719 1941 3764 et
1975 3724 2170 3765 meam.
2206 3707 2450 3762 Salutate
2478 3704 2846 3777 Asyncritum,
2881 3701 3249 3772 Phlegoutem,
3284 3698 3418 3752 Her-

156 3805 315 3866 mam,
347 3793 665 3860 Patroham,
697 3796 950 3862 Hermen,
976 3809 1028 3853 et
1058 3800 1149 3868 qui
1181 3817 1302 3855 cum
1336 3802 1414 3857 eis
1459 3802 1872 3867 sunt,Fratres.
1899 3800 2141 3856 Salutate
2164 3799 2498 3871 Philologum
2522 3809 2578 3852 et
2604 3794 2819 3858 Juliam,
2846 3793 3075 3850 Nercum
3099 3802 3152 3845 ct
3175 3804 3414 3845 sororem

156 3882 287 3951 ejus,
316 3896 371 3939 ct
398 3886 801 3959 Olympiadem,
831 3896 886 3941 et
913 3903 1101 3943 Omnes
1127 3890 1217 3959 qui
1256 3907 1374 3945 cum
1406 3893 1484 3946 eis
1513 3900 1635 3946 sunt
1669 3900 1908 3947 sanctos.
1942 3889 2183 3947 Salutate
2214 3888 2442 3943 invicem
2487 3887 2539 3939 in
2570 3883 2753 3941 osculo
2783 3889 2989 3937 sancto.
3038 3880 3288 3933 Salutant
3319 3892 3415 3931 vos

158 3987 337 4031 omnes
368 3979 629 4034 Ecclesia:
657 3980 875 4033 Christi.
904 3980 1053 4051 Rogo
1082 3991 1261 4036 autem
1292 3997 1406 4047 vos,
1442 3982 1660 4047 fratres,
1689 3991 1747 4037 ut
1772 3982 2070 4039 observetis
2097 3995 2190 4035 eas
2215 3981 2307 4051 qui
2336 3979 2701 4034 dissensiones
2730 3984 2784 4030 et
2825 3971 3171 4037 oll‘endicula,
3208 3981 3412 4047 praeter

159 4065 455 4122 doctrinam
506 4084 672 4139 quam
715 4084 810 4125 vos
840 4070 1118 4132 didicistis,
1150 4070 1375 4138 faciunt,
1406 4081 1461 4127 et
1487 4072 1751 4127 declinate
1782 4073 1848 4127 ah
1880 4071 2003 4126 illis.
2053 4070 2435 4140 Huiuscemodi
2483 4069 2628 4124 enim
2677 4065 2896 4121 Christo
2950 4064 3177 4118 Domino
3228 4070 3419 4115 nostro

162 4168 260 4209 non
290 4159 559 4223 serviunt,
592 4158 685 4213 sed
732 4174 829 4215 suo
876 4161 1090 4215 ventri:
1118 4170 1171 4215 et
1215 4177 1313 4231 per
1338 4162 1519 4218 dulces
1562 4178 1861 4237 sermones,
1910 4169 1965 4217 et
2025 4160 2444 4227 benedictiones,
2495 4159 2759 4233 seducunt
2806 4156 2967 4210 corda
3019 4152 3409 4207 innocentium.

1502 4275 2071 4349 COMMENTARIUS.

166 4377 286 4435 tium
310 4398 338 4437 a
365 4384 476 4441 Deo
511 4388 837 4443 constitutus
861 4396 998 4444 erat.

229 4474 313 4530 l5.
348 4478 623 4535 Audacius
646 4490 838 4535 autem.
872 4482 1124 4537 Audacia:
1168 4482 1449 4538 videbatur
1490 4496 1609 4537 esse
1656 4497 1737 4536 re-

166 4562 312 4631 pletis
335 4572 483 4625 omni
514 4571 740 4626 scientia
773 4572 1030 4627 scribere.

233 4655 317 4710 l4.
355 4658 600 4717 Annos.
657 4660 840 4716 Habeo
880 4663 1039 4733 igitur
1059 4661 1307 4732 gloriam.
1339 4660 1578 4718 Gloriam
1607 4663 1739 4720 dicit

172 4756 223 4796 se
245 4744 436 4804 habere
460 4752 602 4822 apud
643 4752 809 4807 Deum
846 4767 941 4822 per
970 4750 1265 4808 Christum.
1298 4752 1593 4809 Credentes
1618 4753 1733 4825 (aL,

172 4837 401 4911 credens)
427 4845 576 4898 enim
607 4844 659 4897 in
689 4844 981 4911 Christum,
1013 4846 1263 4901 meritum
1290 4847 1392 4902 sibi
1427 4846 1556 4903 fecit
1596 4851 1735 4920 apud

176 4928 431 4997 pupulum,
458 4935 510 4988 in
545 4944 754 4989 tantum
784 4944 842 4990 ut
869 4936 936 4991 de
976 4950 1034 4991 se
1060 4951 1179 4991 esse
1219 4938 1353 4992 nihil
1401 4939 1547 4992 dicat
1593 4941 1737 5008 quod

178 5028 271 5068 non
294 5034 545 5087 oneratus
571 5025 913 5082 sitChristus
941 5043 1037 5098 per
1078 5026 1250 5094 illum,
1302 5036 1360 5081 ut
1404 5028 1739 5083 exhortatio-

179 5116 287 5159 nem
313 5111 424 5175 ejus
448 5118 622 5172 virtus
656 5120 1078 5175 commendaret.

242 5197 323 5253 l3.
354 5202 553 5262 Laure.
583 5208 763 5264 Habeo
791 5211 950 5281 igitur
967 5211 1210 5281 gloriam.
1234 5210 1523 5282 Quidquid,
1542 5211 1735 5282 inquit,

183 5297 353 5386 putent
382 5312 465 5352 Ine
494 5300 765 5357 hominem
820 5303 909 5376 υ..
943 5303 1210 5376 homines]
1260 5320 1403 5370 esse,
1427 5320 1527 5375 ego
1559 5314 1735 5359 tamen

185 5389 284 5465 ξειλο
304 5398 383 5439 me
409 5389 607 5448 habere
633 5393 857 5464 gloriam
898 5396 1037 5465 apud
1064 5395 1231 5450 Deum
1266 5399 1317 5452 in
1352 5396 1737 5465 praedicatione

186 5461 297 5523 Jesu
328 5475 559 5550 Christi;
585 5461 710 5555 quia
742 5461 960 5557 propter
1002 5488 1259 5542 honorem
1292 5461 1385 5541 Dei
1417 5498 1472 5542 et
1502 5488 1733 5542 salutem

187 5561 399 5620 gentium
429 5587 527 5643 ago
555 5577 695 5645 quod
720 5592 840 5648 ago.

217 5734 227 5744 υ
256 5647 332 5705 16.
372 5657 491 5715 Non
511 5668 647 5721 enim
679 5670 868 5723 audeo.
910 5668 1024 5723 Alia
1055 5685 1216 5724 causa
1262 5686 1360 5724 cur
1391 5670 1585 5725 habeat
1615 5671 1727 5741 sle»

193 5746 308 5794 "am
332 5752 463 5817 allud
492 5755 691 5829 Deum;
727 5762 981 5833 quidquid
1015 5762 1155 5818 enim
1185 5761 1439 5831 loquitur,
1474 5762 1734 5832 quidquid

1761 4397 1809 4454 Α
1839 4396 2096 4458 operatur
2141 4384 2386 4455 Christus
2458 4400 2490 4437 n
2537 4397 2626 4447 eo,
2672 4390 2729 4436 et
2784 4394 2882 4449 per
2928 4390 3052 4445 eum
3087 4375 3327 4445 loquitur
3364 4384 3425 4432 et

1836 4487 2113 4549 operatur,
2161 4486 2219 4530 ut
2240 4474 2528 4545 Evangelio
2553 4473 2831 4529 obediant.
3288 4544 3293 4547 ἱ

1904 4566 2059 4624 CAP.
2091 4566 2226 4621 XVI.
2274 4596 2345 4605 —
2388 4566 2437 4619 l.
2471 4564 2674 4629 Laure.
2710 4562 3023 4618 Commendo
3067 4571 3240 4616 autem
3273 4560 3419 4619 vobis

1837 4658 2087 4714 Phoeben.
2126 4657 2396 4713 Ditissima
2442 4666 2497 4711 et
2546 4654 2880 4709 nobilissima
2912 4651 3105 4707 mulier
3148 4651 3269 4715 fuit,
3300 4666 3427 4720 quae

1837 4752 2133 4809 Ecclesiam
2154 4750 2272 4816 Dei,
2294 4742 2413 4821 qua!
2438 4748 2577 4821 apud
2595 4747 2766 4825 locum
2790 4747 2880 4819 qui
2908 4744 3168 4800 Cenchris
3189 4744 3409 4807 dicitur,

1837 4858 1973 4916 erat,
2002 4864 2095 4903 sua
2145 4845 2447 4902 substantia
2495 4842 2853 4900 sustentabat.
2884 4839 2960 4893 Ea
2993 4847 3119 4893 tunc
3156 4836 3419 4905 temporis

1836 4956 1936 5010 pro
1963 4936 2197 5009 quodam
2234 4937 2448 5007 negotio
2476 4934 2702 4989 Romam
2747 4930 2987 5001 profecta
3012 4939 3115 4984 est.
3146 4928 3248 4982 Per
3276 4926 3415 4979 hanc

1838 5027 2087 5093 fortasse,
2116 5029 2273 5083 istam
2297 5026 2442 5081 misit
2469 5024 2773 5095 epistolam.

1906 5122 1961 5176 2.
1994 5121 2060 5175 Et
2083 5130 2304 5176 matrem
2330 5122 2442 5189 ejus
2462 5132 2509 5175 et
2533 5136 2722 5176 meam.
2748 5117 2843 5175 Vel
2868 5125 3095 5177 matrem
3124 5124 3276 5165 suam
3297 5124 3421 5163 cum

1837 5223 2010 5269 matre
2039 5213 2181 5268 illius
2207 5212 2450 5283 praecipit
2470 5211 2831 5266 salutandam.
2862 5207 2955 5262 Vel
2977 5220 3138 5260 unam
3167 5199 3419 5255 eamdem

1839 5312 2092 5366 feminam
2123 5319 2352 5366 matrem
2392 5308 2538 5363 illius
2568 5307 2730 5370 dicit,
2766 5314 2821 5361 et
2852 5316 3007 5357 suam
3036 5299 3179 5353 illius
3225 5310 3422 5352 secun-

1838 5403 1963 5459 dum
1992 5417 2234 5469 carnem,
2262 5417 2413 5457 suam
2446 5399 2725 5455 beneﬁcio.

1908 5496 1961 5551 5.
2006 5495 2188 5551 Vestra
2240 5495 2394 5568 enim‘
2422 5492 2729 5545 obedientia.
2761 5488 2933 5543 Causa
2964 5499 3063 5539 cur
3107 5489 3258 5552 roget
3282 5493 3419 5543 eos;

1839 5588 2154 5644 obedientes
2200 5586 2341 5644 enim
2387 5581 2607 5655 rogandi
2648 5586 2793 5647 sunt,
2843 5576 3213 5634 iuohcdicntcs
3248 5574 3419 5629 incre-

1842 5682 2019 5749 pandi.
