3880 6306
483 310 581 367 153
1502 306 1563 362 Β.
1604 303 1996 362 LANFRANCI
2032 303 2064 361 C

2180 303 2383 363 I‘UAR.
2416 304 2731 362 ARCHIEP.
2822 322 2827 327 '
3671 303 3756 358 156

484 419 537 473 '5.
578 418 763 474 Vestra
785 414 930 472 enim
966 413 1270 469 obedienua
1304 414 1357 469 in
1385 432 1598 472 onmem
1637 416 1809 474 locum
1842 417 2109 488 divulgata
2140 428 2243 473 est.
2286 416 2505 473 Gaudeo
2536 418 2700 487 igitur
2727 416 2780 471 in
2813 415 2981 473 vobis.
3018 415 3123 472 Sed
3153 414 3282 471 volo
3333 430 3444 473 vos
3491 416 3754 487 sapientes

476 530 597 569 esse
621 516 673 569 in
701 516 863 577 bono,
901 519 956 568 et
988 509 1259 580 simplices
1295 510 1349 565 in
1380 511 1540 565 malo.
1573 512 1713 567 Deus
1741 521 1923 567 autem
1955 512 2105 582 pacis
2134 511 2189 565 4.
2242 519 2488 567 conterat
2529 510 2786 566 Satanam
2813 512 2913 567 sub
2937 511 3160 583 pedibus
3204 513 3440 569 vestris
3482 511 3751 568 velociter.

475 612 659 669 Gratia
690 610 901 665 Domini
932 610 1104 666 nostri
1132 609 1261 666 Iesu
1286 610 1486 667 Christi
1522 611 1820 668 vobiscum.
1854 611 2067 668 Salutat
2097 626 2192 668 vos
2219 609 2535 666 Timotheus
2573 610 2786 681 adjutor
2815 622 3001 675 meus,
3028 616 3084 664 et
3108 607 3352 673 Lucius,
3391 616 3455 665 et
3504 606 3669 664 Iason
3709 617 3754 664 et

477 710 776 778 Sosipater,
809 708 1021 779 cognati
1052 708 1179 762 mei.
1210 707 1263 762 5.
1299 707 1488 764 Saluto
1528 724 1625 765 vos
1649 725 1749 781 ego
1778 709 2012 777 Tertius,
2041 709 2132 780 qui
2174 707 2367 779 scripsi
2399 707 2714 779 Epistolam,
2764 706 2820 761 in
2867 704 3115 762 Domino.
3167 704 3409 760 Salutat
3465 719 3568 759 vos
3614 702 3756 758 Caius

479 804 676 874 hospes
707 819 879 869 meus,
910 814 963 858 et
996 806 1247 862 universa
1274 806 1533 863 Ecclesia.
1568 808 1778 863 Salutat
1819 824 1917 864 vos
1946 809 2169 863 Erastus
2197 807 2453 863 Arearius
2497 805 2754 870 civitatis,
2789 812 2842 859 et
2887 802 3125 872 Quartus
3175 802 3392 858 frater.
3439 801 3559 875 42
3587 800 3753 857 Gratia

481 898 690 953 Domini
719 899 886 953 nostri
916 897 1042 955 Iesu
1071 900 1275 956 Christi
1307 917 1430 956 cum
1462 903 1711 959 omnibus
1739 903 1908 965 vobis,
1938 903 2135 959 Amen.
2164 903 2215 967 6,
2247 904 2302 959 7.
2337 903 2396 959 Ei
2436 910 2615 957 autem
2636 902 2728 971 qui
2760 907 2954 972 potens
2980 908 3062 956 est
3102 915 3197 955 vos
3230 897 3601 954 confirmare
3620 894 3755 966 juxta

489 988 834 1060 Evangelium
883 1006 1083 1058 meum,
1115 1001 1169 1046 et
1200 991 1633 1061 praedicationem
1678 992 1802 1048 Iesu
1852 993 2075 1059 Christi,
2125 994 2179 1048 8.
2230 992 2526 1048 secundum
2574 990 2960 1059 revelationem
3009 989 3064 1045 9.
3111 988 3375 1060 mysterii
3434 986 3753 1057 temporibus

480 1082 701 1136 aeternis
733 1082 905 1147 taciti,
940 1082 1103 1154 (quod
1131 1099 1271 1138 nunc
1308 1085 1632 1153 patefactum
1665 1094 1748 1140 est
1775 1084 1862 1140 10.
1891 1098 1988 1154 per
2017 1083 2325 1152 Scripturas
2365 1082 2748 1153 prophetarum
2770 1121 2785 1146 ,
2830 1081 3128 1136 secundum
3176 1087 3544 1150 praeceptum
3591 1080 3754 1133 arterei

482 1170 601 1235 Dei,
634 1173 699 1226 ad
728 1173 1087 1229 obeditionem
1119 1172 1264 1244 lidei)
1297 1176 1348 1228 in
1378 1176 1586 1230 cunctis
1617 1176 1868 1246 gentibus
1899 1173 2121 1246 cogniti,
2172 1173 2270 1228 soli
2300 1172 2532 1243 sapienti
2564 1171 2674 1226 Deo
2702 1170 2786 1225 11.
2826 1168 2927 1226 Per
2976 1168 3162 1225 Iesum
3191 1167 3532 1233 Christum,
3570 1165 3655 1220 12.
3685 1164 3752 1219 cui

483 1268 656 1322 honor
684 1276 737 1323 et
766 1268 932 1340 gloria
962 1269 1013 1324 in
1046 1270 1610 1328 swcula‘smculorum.
1647 1272 1844 1327 Amen.

1838 1360 2407 1420 COMMENTARIUS.

545 1473 601 1529 4.
632 1472 876 1529 Contemt
924 1472 1200 1530 Satanam.
1249 1474 1505 1531 Satanam
1550 1475 1651 1531 sub
1695 1475 1919 1545 pedibus
1958 1474 2056 1529 Ec-
2090 1462 2127 1516 Α
2163 1475 2348 1529 tacita.
2396 1472 2655 1540 Quamvis
2699 1470 2844 1527 enim
2896 1484 2965 1526 ex
3019 1468 3255 1539 quadam
3321 1474 3497 1537 parte
3542 1461 3754 1532 antiquis

475 1562 655 1617 elcsia:
682 1562 940 1619 Dominus
968 1564 1243 1631 contrivit,
1276 1566 1401 1636 quia
1443 1566 1681 1620 membra
1708 1563 1844 1635 ejus,
1866 1565 2060 1635 quibus

480 1654 771 1709 Ecclesiam
805 1656 1253 1727 persequebatur,
1298 1656 1365 1711 ad
1418 1655 1578 1727 fidem
1626 1670 1908 1722 conversa,
1959 1654 2061 1726 ipsi

477 1746 735 1801 Ecclesia:
766 1747 1093 1817 subjugavit.

547 1836 601 1891 5.
638 1834 823 1890 Saluto
863 1854 968 1891 vos.
1000 1838 1181 1894 Ordo:
1214 1838 1388 1893 saluto
1415 1853 1509 1894 vos
1552 1838 1606 1892 in
1646 1839 1890 1892 Domino.
1922 1836 2061 1893 Ter-

482 1927 589 1981 tius
642 1928 745 1983 iste
794 1930 1035 1985 notarius
1077 1929 1177 1984 fuit
1217 1930 1485 2001 Apostoli,
1530 1930 1620 2001 qui
1659 1930 1799 1985 hanc
1846 1929 2063 2000 scripsit

478 2018 795 2087 Epistolatn.

554 2106 605 2159 6.
640 2107 880 2162 AMBROS.
919 2106 985 2160 Ei
1020 2118 1212 2163 autem.
1258 2113 1319 2167 Ei
1367 2125 1456 2181 qut
1484 2118 1675 2181 potens
1703 2117 1786 2164 est
1815 2125 1910 2164 vos
1937 2124 2079 2164 con»

495 2195 713 2252 firmare
735 2198 831 2253 soli
855 2200 1081 2267 sapienti
1105 2200 1212 2256 Deo
1234 2199 1402 2271 gloria
1427 2202 1480 2256 in
1504 2201 1697 2258 saecula
1721 2201 2062 2256 saeculorum.

554 2287 607 2341 7.
639 2287 841 2346 [ΑΜ-ιι.
871 2288 938 2342 Ei
957 2301 1154 2356 autem,
1180 2292 1233 2346 id
1264 2301 1365 2359 est,
1392 2294 1482 2363 qui
1514 2302 1692 2364 potest
1719 2310 1814 2349 vos
1844 2295 1911 2349 ad
1944 2303 2065 2348 tan-

486 2388 596 2432 tam
646 2380 1034 2450 perfectionem
1091 2384 1327 2450 ducere,
1376 2394 1631 2455 quantam
1680 2386 1951 2455 prtedieo,
2009 2394 2064 2442 et

482 2478 740 2539 quantam
777 2471 1025 2530 Christus
1065 2476 1397 2545 prtedicavit,
1450 2484 1503 2533 et
1550 2478 1945 2547 praedicandam
1978 2478 2066 2533 iu-

483 2560 683 2615 stituit.

552 2651 606 2706 8.
629 2651 929 2709 Secundum
953 2655 1339 2723 reuelationem,
1383 2658 1437 2713 id
1470 2667 1573 2723 est,
1606 2668 1665 2713 ut
1697 2661 1768 2713 ita
1801 2659 2063 2726 credatis,

479 2738 634 2795 sicuti
657 2744 975 2812 mysterium
997 2745 1088 2800 Dei
1113 2746 1405 2801 revelatum
1426 2755 1529 2812 est,
1551 2756 1605 2801 et
1620 2749 1772 2818 ponit
1792 2748 2064 2818 singulare

484 2844 585 2898 pro
620 2832 837 2899 plurali.

553 2920 607 2975 9.
635 2921 894 2992 Mystert'i.
921 2924 1233 2996 blysteriutn
1267 2936 1427 2984 vocat
1466 2929 1890 2985 incarnationem
1937 2927 2065 2985 Iesu

484 3010 728 3080 Christi,
777 3022 832 3068 et
883 3025 1077 3071 caetera
1126 3032 1246 3087 qua:
1289 3020 1508 3075 aeternis
1547 3021 1877 3090 temporibus
1908 3029 2065 3076 erant

2162 1562 2869 1633 Patribusessentcognita,
2899 1560 3057 1631 plene
3082 1569 3267 1614 tamen
3307 1575 3340 1612 a
3377 1556 3538 1612 nullo
3560 1554 3750 1609 fuerunt

2160 1659 2318 1722 scita,
2355 1656 2531 1728 quoad
2559 1670 2727 1726 usque
2753 1669 2853 1710 suo
2882 1663 3123 1723 tempore
3142 1665 3239 1706 uer
3260 1649 3468 1706 Iesum
3499 1646 3750 1702 Christum

2162 1746 2379 1801 fuerunt
2416 1746 2671 1801 revelata.

2233 1837 2321 1892 10.
2360 1837 2464 1892 Per
2511 1836 2811 1907 Scriptura:
2856 1834 3248 1905 prephetarum.
3285 1830 3623 1899 Scripturas
3646 1840 3749 1895 pro-

2160 1929 2446 1998 phetarum
2480 1926 2737 1982 revelavit
2774 1925 3022 1981 Christus
3061 1922 3329 1992 apostolis
3363 1920 3511 1985 Suis,
3545 1918 3673 1973 sicut
3703 1915 3744 1967 in

2164 2018 2451 2088 Evangelio
2481 2017 2719 2088 legitur:
2750 2015 2893 2069 Tunc
2920 2014 3119 2084 aperuit
3158 2013 3265 2066 illis
3299 2025 3553 2073 sensum,
3590 2014 3642 2059 ut
3681 2004 3744 2056 in-

2164 2108 2450 2180 telligerent
2479 2108 2807 2179 Scripturas,
2840 2114 2949 2161 etc.

2232 2179 2317 2253 11.
2353 2197 2591 2254 Αιωιιοε.
2627 2196 2731 2252 Per
2751 2195 2957 2260 Iesum,
2986 2193 3039 2249 id
3070 2201 3173 2257 est,
3210 2206 3313 2261 per
3365 2188 3562 2244 Iesum
3609 2179 3737 2238 Chri-

2164 2291 2521 2359 stum;quia,
2557 2298 2617 2343 ut
2656 2287 2760 2341 alia
2812 2295 3042 2349 taceam,
3094 2283 3211 2352 ipse
3258 2278 3539 2350 praecepit
3585 2279 3742 2345 gentes

2164 2384 2426 2454 baptizari
2452 2383 2501 2436 in
2525 2382 2738 2436 nomine
2758 2379 2955 2443 Patris,
2980 2375 3187 2439 etFilii,
3210 2383 3266 2429 et
3288 2371 3544 2443 Spiritus
3565 2361 3736 2423 sancti,

2165 2475 2255 2530 ubi
2282 2475 2552 2545 praecipue
2578 2472 2954 2527 commendata
2999 2475 3080 2523 est
3128 2454 3290 2533 hujus
3321 2461 3626 2519 individua?
3649 2454 3738 2526 glo-

2166 2566 2245 2620 ria
2276 2565 2580 2619 Trinitatis.
2950 2597 2956 2603 .

2239 2656 2326 2711 l2.
2359 2653 2457 2709 Cui
2487 2655 2668 2707 honor.
2693 2652 2843 2720 Quod
2888 2666 3016 2705 vero
3042 2648 3283 2704 additum
3320 2645 3437 2710 cui,
3471 2651 3532 2698 ut
3559 2639 3735 2693 diceret

2167 2746 2274 2810 cui,
2305 2760 2424 2799 cum
2455 2744 2723 2799 sufﬁceret
2745 2743 2789 2798 si
2820 2742 3024 2797 dictum
3054 2750 3218 2803 esset,
3265 2738 3318 2792 ei
3348 2746 3534 2790 autem
3568 2726 3731 2801 gloria.

2172 2840 2479 2894 inusitatam
2527 2848 2725 2893 nostrae
2770 2836 2964 2906 lingua:
3012 2832 3214 2889 indicat
3266 2820 3605 2886 locution'etu
3646 2832 3731 2873 non

2171 2947 2387 2987 sensum
2425 2944 2585 3001 quem
2629 2928 2965 2999 requiramus
3006 2925 3092 2981 vel
3139 2925 3205 2980 de
3254 2937 3371 2993 quo
3425 2916 3730 3007 ambigamus

2173 3022 2432 3077 insinuat.

495 3140 3712 3181 __________________________________________.

489 3279 1067 3378 EPISTOLA
1129 3291 1232 3376 B.
1290 3288 1644 3380 PAULI
1707 3283 2288 3380 APOSTOLI
2347 3286 2497 3372 AD
2539 3276 3285 3374 CORINTHIOS
3329 3262 3716 3366 PRIMA.

1144 3479 1324 3541 CUM
1375 3479 1790 3545 GLOSSULA
1850 3478 2379 3544 INTERJECTA
2438 3477 2512 3537 Β.
2569 3473 3077 3538 LANFRANCI.

1947 3649 2276 3670 -ᾔ

561 3787 958 3847 Anconsuruu.
993 3822 1062 3832 —
1085 3790 1348 3848 Corinthii
1377 3807 1500 3851 sunt
1526 3796 1766 3862 Achaici,
1818 3808 1871 3853 et
1902 3800 1955 3854 hi
1988 3800 2059 3854 si-

485 3879 686 3936 militer
720 3881 789 3935 ab
817 3882 1072 3953 Apostolo
1120 3884 1404 3940 audierunt
1448 3889 1668 3942 verbum
1697 3889 1937 3944 veritatis
1964 3907 1978 3956 ;
2010 3900 2065 3945 et

486 3972 731 4027 subversi
755 3984 879 4027 sunt
916 3973 1207 4030 multifarie
1244 3992 1273 4030 a
1307 3975 1453 4033 falsis
1482 3978 1758 4048 apostolis,
1785 3979 2002 4049 quidam
2031 4000 2062 4037 a

486 4063 840 4136 philosophiae
881 4067 1109 4123 verbosa
1139 4067 1467 4138 eloquentia,
1497 4071 1585 4125 alii
1625 4080 1771 4127 secta
1801 4071 1935 4143 legis
1969 4072 2064 4129 Iu-

2171 3798 2337 3851 daicae
2364 3794 2565 3849 inducti
2592 3802 2738 3848 sunt.
2769 3791 2877 3848 llos
2907 3801 3125 3847 revocat
3156 3793 3453 3862 Apostolus
3481 3788 3546 3843 ad
3568 3791 3721 3839 veram

2172 3887 2331 3942 fidem
2376 3895 2428 3941 et
2472 3885 2835 3956 evangelieam
2888 3884 3228 3955 sapientiam,
3274 3885 3520 3939 scribens
3562 3877 3632 3932 eis
3665 3869 3717 3924 ab

2171 3960 2382 4048 Epheso
2417 3994 2513 4048 per
2540 3976 2920 4031 'l‘himotheum
2947 3974 3266 4046 discipulum
3288 3990 3468 4030 suum.

1817 4185 2044 4242 CAPUT
2085 4185 2373 4245 PRIMUM.

485 4292 499 4308 ‘
562 4292 761 4349 Paulus
783 4306 1004 4352 vocatus
1050 4297 1326 4367 apostolus
1351 4296 1479 4354 Iesu
1510 4297 1712 4355 Christi
1741 4315 1840 4369 per
1878 4301 2206 4361 voluntatem
2235 4304 2356 4368 Dei,
2386 4313 2441 4361 ct
2468 4302 2763 4361 Sosthenes
2807 4303 3008 4369 frater,
3052 4302 3304 4360 Ecclesiae
3348 4300 3467 4365 Dei,
3510 4305 3618 4366 qutc
3646 4288 3713 4341 est

486 4379 757 4448 Corinthi,
790 4386 841 4440 1.
870 4386 1239 4450 sanctiﬁcatis,
1277 4388 1546 4454 habitatis,
1589 4391 1641 4445 in
1670 4389 1776 4462 43
1804 4378 2021 4449 Christo
2064 4393 2214 4461 Iesu,
2239 4395 2448 4452 vocatis
2491 4395 2715 4462 sanctis,
2755 4405 2810 4450 ut
2856 4396 3024 4451 sancti
3070 4396 3195 4451 sint.
3242 4396 3296 4450 2.
3329 4408 3454 4449 cum
3500 4378 3712 4477 omnibus

484 4471 577 4541 qui
611 4472 863 4529 invocant
897 4493 1091 4532 nomen
1123 4479 1339 4533 Domini
1368 4482 1536 4536 nostri
1568 4480 1693 4537 Iesu
1721 4482 1947 4550 Christi,
1976 4486 2028 4541 5.
2066 4486 2119 4541 in
2151 4489 2296 4542 omni
2329 4486 2447 4543 loco
2487 4487 2751 4557 ipsorum,
2777 4497 2832 4542 et
2874 4495 3077 4552 nostro,
3105 4488 3159 4539 id
3186 4496 3261 4541 est
3306 4486 3359 4539 in
3392 4476 3630 4536 Ecclesia,
3668 4471 3708 4517 ῐη

487 4581 593 4633 qua
621 4576 740 4618 sunt
766 4568 939 4621 omnia
967 4570 1283 4624 communia.
1310 4568 1519 4639 Gratia,
1573 4573 1808 4627 remissio
1845 4585 2198 4644 peccatorum,
2237 4577 2315 4632 vel
2342 4577 2673 4631 observantia
2720 4576 2972 4631 bonorum
3020 4591 3252 4646 operum,
3309 4574 3482 4634 vobis,
3528 4575 3577 4622 cl
3605 4570 3707 4631 Pa"

484 4654 545 4714 5d
578 4669 673 4724 cst,
707 4661 1059 4715 reconciliatio
1088 4668 1227 4732 apud
1276 4663 1443 4719 Deum
1514 4679 1543 4719 a
1591 4665 1703 4720 Deo
1752 4664 1911 4721 Patre
1951 4676 2159 4735 nostro,
2197 4678 2253 4724 et
2305 4669 2533 4725 Domino
2579 4668 2704 4725 Iesu
2755 4668 2990 4725 Christo.
3026 4669 3080 4723 4.
3105 4667 3325 4724 Gratias
3355 4681 3452 4738 ago
3484 4663 3584 4716 Deo
3609 4664 3706 4708 mw

1836 4774 2402 4835 COMMENTARIUS.

552 4886 704 4943 CAP.
731 4886 898 4942 l.—l.
927 4887 1167 4944 Auanos.
1193 4888 1566 4957 Sanctiﬁcatis.
1590 4889 1731 4957 Ideo,
1755 4891 1880 4960 quia
1907 4905 2057 4961 rege-
2096 4874 2141 4929 D
2166 4892 2500 4950 carnationis
2541 4892 2659 4963 ejus
2683 4900 2737 4947 et
2782 4889 3047 4961 passionis
3087 4899 3143 4945 et
3187 4898 3500 4945 ceterorum
3544 4875 3697 4935 contir-

486 4981 658 5036 narati
694 4981 745 5034 in
774 4980 1012 5046 Christo,
1044 4983 1365 5039 sanctiﬁcati
1397 4993 1541 5040 sunt.

554 5072 611 5129 ‘2.
648 5072 885 5127 Aucus'r.
914 5072 987 5141 (in
1018 5070 1217 5140 Expos.
1248 5072 1384 5143 psal.
1408 5090 1492 5139 ιι,
1524 5081 1652 5128 tom.
1688 5074 1845 5142 Vill).
1881 5074 2064 5130 Omni-

485 5163 580 5217 bus
628 5162 718 5232 qui
762 5162 1023 5216 invocant.
1078 5162 1169 5217 lati
1211 5162 1300 5232 qui
1350 5170 1572 5233 propter
1608 5162 1886 5218 saecularia
1915 5179 2066 5220 com-

487 5254 665 5317 moda,
690 5253 779 5324 qui
818 5262 1041 5324 propter
1086 5261 1300 5307 terrena
1330 5252 1492 5318 bona,
1528 5253 1619 5323 qui
1656 5264 1876 5323 propter
1897 5255 2063 5311 vitam

482 5352 801 5413 praesentem
839 5353 894 5398 et
922 5352 1188 5398 terrenam
1231 5342 1541 5398 felicitatem
1594 5332 1851 5400 invocant
1884 5345 2087 5400 Domi»

482 5448 609 5487 num
636 5431 757 5504 [al.,
784 5432 995 5506 Deum],
1022 5450 1127 5489 non
1159 5434 1411 5490 invocant
1445 5434 1635 5490 Deum.

548 5524 603 5579 3.
644 5522 843 5578 Laure.
872 5523 941 5578 In
967 5527 1107 5580 omni
1138 5524 1272 5580 loco.
1307 5524 1504 5590 Verba,
1538 5525 1730 5595 inquit,
1779 5538 1834 5583 et
1880 5528 2059 5583 scien-

482 5616 611 5670 tiam
649 5615 875 5684 tenetis,
908 5616 1047 5672 sicut
1092 5617 1454 5675 testimonium
1497 5616 1715 5687 Christi,
1769 5617 1820 5673 id
1868 5628 1949 5675 est
1983 5620 2059 5674 in-

2167 4993 2373 5040 malum
2421 4995 2527 5051 est,
2570 4992 2624 5040 et
2672 5001 2702 5039 a
2749 4984 2904 5038 νοιιίε
2950 4982 3090 5037 inter
3136 4998 3230 5037 vos
3273 4980 3496 5037 diversis
3536 4963 3705 5028 Veteri“

2169 5075 2499 5131 Testamenti
2535 5074 2972 5130 auctoritatibus.

2240 5164 2296 5219 4.
2331 5164 2569 5218 Asianos.
2625 5161 2836 5215 Gratias
2895 5177 2995 5231 ago
3060 5176 3175 5215 meo
3239 5158 3366 5213 Deo.
3426 5150 3700 5223 Quanquam

2170 5256 2424 5312 omnibus
2475 5257 2527 5310 in
2576 5253 2819 5310 Ecclesia
2865 5254 3083 5315 scribat,
3138 5252 3212 5306 ita
3261 5250 3550 5325 significat.
3601 5241 3697 5334 C‘fm

2173 5347 2466 5418 aliquando
2508 5346 2756 5416 corripit,
2789 5344 3077 5415 aliquando
3122 5344 3325 5409 laudat,
3364 5353 3421 5398 ut
3454 5336 3696 5398 unusquis-

2168 5456 2275 5510 quc
2309 5455 2430 5495 cum
2460 5438 2608 5512 legit,
2634 5437 2897 5509 intelligat
2925 5437 3052 5510 quid
3080 5452 3177 5494 uro
3200 5451 3278 5499 se,
3303 5435 3430 5507 quid
3456 5422 3695 5516 adversum

2167 5548 2225 5589 sc
2255 5532 2482 5589 dicatur.
