4034 6290
577 325 679 384 159
1599 324 1654 379 Β.
1700 326 1881 382 LANF
1886 327 2093 385 ltANCl
2121 325 2302 384 CAN-'1‘
2312 327 2472 386 UAR.
2518 327 2838 384 ARCHIEP.
3711 330 3801 386 κθ

576 438 783 493 salvare
817 438 1115 519 credentes;
1148 454 1268 491 nam
1299 455 1393 510 per
1420 439 1605 494 stultos
1635 442 2027 511 pra'dicatores,
2077 442 2409 498 swcularium
2441 443 2735 497 litterarum
2777 446 3062 511 imperitos.
3108 439 3195 496 ι8.
3234 437 3422 495 Nonne
3470 437 3676 496 stultam
3702 443 3804 503 fecit

578 535 721 588 Deus
746 534 1066 604 sapientiam
1101 535 1258 605 hujus
1293 536 1511 590 mundi?
1542 537 1672 591 Nam
1700 539 1826 609 quia
1853 540 1904 593 in
1929 540 2022 594 Dei
2050 541 2337 609 sapientia,
2374 541 2549 595 divino
2578 541 2818 604 consilio,
2861 554 2969 593 non
3000 538 3273 607 cognovit,
3317 553 3423 592 non
3467 546 3539 591 est
3585 538 3803 609 placitum

576 637 632 682 ut
660 636 983 700 cognosceret
1010 632 1241 685 mundus
1271 647 1365 702 per
1401 633 1722 704 sapientiam
1777 636 2101 690 mundanam
2134 636 2298 690 Deum
2351 650 2366 688 :
2417 635 2504 689 l9.
2548 634 2751 704 placuit
2800 635 2910 688 Deo
2956 647 3054 703 per
3083 630 3371 686 stultitiam
3427 632 3802 703 przedicatiouis,

573 719 763 775 stultos
787 720 1176 789 pra'dicatores,
1219 722 1274 774 id
1301 731 1397 786 est,
1443 741 1535 793 per
1560 725 1824 793 imperitos
1850 726 2183 778 stccularium
2228 726 2517 779 litterarum
2562 726 2929 794 prtedicatores
2963 722 3138 778 salvos
3162 722 3341 776 facere
3362 720 3657 777 credentes.
3689 724 3805 791 Quo-

576 816 724 871 niam
754 826 808 871 et
832 817 922 880 20,
951 819 1039 870 2|.
1069 815 1238 871 Judzui
1277 819 1428 888 signa
1462 829 1674 890 petunt,
1701 830 1755 874 ut
1782 821 2151 890 pra'dicatores
2183 820 2440 875 miracula
2464 820 2662 891 faciant
2694 819 2785 873 22.
2835 826 2890 873 et
2927 817 3123 883 Graeci,
3166 816 3536 885 prredicatores
3579 826 3629 869 ut
3658 818 3805 877 dicunt

574 911 896 979 sapientiam
922 912 1268 983 syllogisticas
1296 914 1647 984 probationes.
1699 898 2118 986 quamam-nos
2162 927 2341 971 autem
2391 916 2743 986 praedicamus
2788 914 3061 970 Christum
3116 912 3438 969 cruciﬁxum
3468 951 3484 977 ,
3526 911 3807 974 25.1uda2is

580 1008 798 1077 quidem
822 1007 929 1079 45
957 1008 1293 1076 scandalum,
1323 1011 1445 1078 quia
1488 1028 1655 1081 regem
1690 1028 1843 1068 suum
1890 1009 2212 1079 cruciﬁxisse
2241 1012 2512 1076 dicuntur,
2554 1010 2643 1065 24.
2685 1008 2935 1080 gentibus
2962 1019 3140 1063 autem
3172 1005 3487 1071 stultitiam;
3516 1006 3638 1074 ipsis
3658 1019 3808 1065 autem

576 1103 807 1167 vocatis,
834 1104 1223 1173 prwdestinatis
1253 1106 1321 1159 ad
1352 1108 1509 1161 vitam
1540 1107 1741 1164 Judzeis
1763 1118 1921 1177 atque
1950 1108 2172 1176 Griecis,
2197 1108 2472 1162 Christum
2505 1107 2597 1161 Dei
2634 1106 2725 1170 25,
2756 1106 2844 1159 26.
2880 1105 3156 1167 virtutem,
3183 1111 3238 1157 et
3267 1102 3362 1157 Dei
3387 1102 3805 1172 sapientiam,2'l,

574 1198 667 1254 28.
699 1199 833 1266 Quia
858 1198 948 1253 29.
981 1201 1122 1268 quod
1150 1202 1381 1256 stultum
1415 1204 1755 1273 (incarnatio,
1786 1203 1983 1273 passio)
2016 1204 2312 1273 inﬁdelibus
2343 1213 2425 1257 est
2454 1201 2549 1257 Dei
2580 1218 2643 1256 ea:
2689 1201 2796 1254 Deo
2842 1199 3140 1270 sapientius
3183 1206 3265 1252 cst
3305 1198 3643 1253 hominibus:
3665 1202 3809 1268 H50,

575 1292 665 1347 '51.
700 1295 842 1362 quod
870 1294 1142 1350 inﬁrmum
1167 1310 1250 1353 est
1277 1298 1392 1365 Dei,
1422 1299 1534 1369 (per
1567 1300 1723 1368 ﬁdem
1761 1301 1899 1354 enim
1930 1316 2108 1353 eorum
2139 1310 2353 1369 peccata
2402 1299 2760 1360 remittuntur,
2792 1305 2837 1349 et
2883 1297 3143 1349 dwmones
3187 1293 3541 1363 expelluntur,
3579 1296 3704 1364 quod
3730 1297 3811 1351 lto-

578 1389 743 1442 mines
768 1392 1051 1463 nequeunt)
1081 1392 1273 1449 fortius
1312 1405 1394 1449 cst
1421 1396 1749 1452 hominibus.
1782 1395 1968 1452 Videte
1986 1397 2131 1451 enim
2154 1395 2490 1450 vocationem
2514 1402 2771 1457 vestram,
2806 1393 2859 1445 id
2891 1402 2983 1452 est,
3008 1407 3097 1459 per
3134 1407 3259 1460 quos
3282 1391 3448 1444 vocati
3471 1391 3599 1457 sitis,
3626 1389 3810 1458 fratres,

573 1485 700 1555 quia
734 1501 837 1543 non
865 1487 1017 1544 multi
1040 1492 1309 1560 sapientes
1339 1491 1633 1545 secundum
1663 1506 1905 1559 carnem,
1933 1492 2347 1561 prwdicavermtt
2378 1491 2518 1543 vobis
2564 1504 2777 1558 regnum
2812 1487 2925 1551 Dei,
2982 1487 3068 1540 52.
3110 1502 3215 1541 non
3266 1485 3418 1540 multi
3452 1494 3706 1555 potentes,
3727 1490 3809 1548 sci_

572 1583 692 1636 licet
719 1585 1136 1654 praedicaverunt
1165 1585 1372 1639 verbum
1408 1584 1521 1647 Dei,
1550 1601 1658 1639 non
1688 1586 1838 1641 multi
1866 1585 2070 1641 nobiles
2101 1586 2231 1640 :sed
2259 1601 2380 1654 quae
2406 1585 2568 1639 stulta
2600 1594 2726 1639 sunt
2774 1584 2956 1638 mundi
2986 1583 3171 1652 elegit,
3214 1583 3398 1651 probat
3429 1582 3554 1651 quia
3584 1583 3750 1637 stultos
3773 1593 3812 1638 et

571 1675 811 1743 inﬁrmos
837 1677 985 1749 elegit
1014 1678 1180 1745 Deus,
1219 1689 1278 1733 ut
1304 1678 1622 1745 confundat,
1651 1680 1951 1735 erubescere
1978 1682 2163 1750 faciat,
2203 1681 2505 1750 sapientes;
2534 1689 2589 1734 et
2614 1680 2829 1733 inlirma
2859 1678 3042 1732 mundi
3074 1678 3236 1748 elegit
3261 1678 3426 1746 Deus,
3464 1690 3522 1734 ut
3546 1682 3812 1738 confundat

574 1768 761 1838 fortia;
795 1781 852 1827 et
882 1773 1132 1844 ignobilia
1163 1774 1367 1837 mundi,
1401 1783 1454 1829 et
1482 1776 1570 1830 55.
1602 1776 2025 1854 contemptibilia
2059 1776 2221 1846 elegit
2249 1777 2413 1841 Dens,
2462 1786 2514 1832 et
2544 1790 2757 1845 eaqua:
2804 1790 2909 1829 non
2942 1783 3105 1840 sunt,
3160 1791 3263 1829 non
3290 1791 3403 1831 esse
3432 1778 3738 1844 ridebantur,
3769 1784 3817 1834 ut

1906 1872 2476 1928 COMMENTARIUS.

639 1959 726 2014 l8.
767 1960 1008 2016 Aunus'r.
1049 1961 1134 2030 (ea:
1175 1963 1265 2016 lib.
1292 1962 1367 2017 De
1402 1974 1561 2033 past.,
1594 1977 1711 2033 cap.
1746 1962 1829 2026 l2.
1861 1972 1992 2017 tom.
2039 1963 2156 2034 lX.)
2188 1970 2235 2028 Α
2338 1964 2425 2015 28.
2458 1962 2655 2016 Las-ru.
2691 1961 2845 2026 Quod
2878 1959 3095 2014 stultum
3118 1969 3215 2015 est.
3248 1960 3553 2016 lncarnatio
3577 1972 3628 2017 et
3665 1966 3816 2035 passio

572 2048 762 2105 Nonne
828 2052 1065 2129 stultam.
1132 2055 1337 2109 Dicitur
1411 2055 1696 2123 aliquando
1750 2055 1803 2107 in
1872 2054 2164 2124 Stripturis
2268 2052 2359 2107 Dei
2396 2062 2449 2106 et
2478 2052 2712 2106 hominis
2732 2050 2858 2105 Jesu
2886 2050 3107 2114 Christi,
3135 2066 3254 2119 qua:
3296 2050 3601 2120 hujusmodi
3636 2056 3816 2124 sapien-

564 2144 849 2212 sapientia
879 2160 977 2215 pro
1025 2146 1221 2200 astutia
1253 2186 1267 2210 ,
1318 2136 1576 2201 abusione
1632 2145 1825 2212 verbi,
1886 2161 1989 2200 non
2041 2162 2164 2217 pro-
2267 2146 2408 2200 tibus
2442 2146 2669 2199 stuLitia
2708 2143 3048 2207 videbantur,
3075 2142 3332 2209 majorem
3367 2145 3679 2214 sapientiam
3710 2164 3818 2202 con-

569 2234 822 2301 prietale.
2268 2236 2435 2289 t'nent
2458 2250 2619 2305 quam
2660 2234 2908 2289 homines
2937 2233 3145 2303 possint
3173 2233 3472 2303 inquirere,
3495 2242 3549 2288 et
3592 2232 3817 2302 majorem

634 2323 721 2377 19.
766 2323 961 2378 Lsaru.
998 2323 1205 2378 Placuit
1235 2325 1342 2379 Deo
1377 2342 1469 2396 per
1493 2326 1793 2390 stultitiam,
1827 2336 1931 2380 etc.
1968 2325 2079 2381 Non
2108 2328 2161 2381 in
2263 2324 2635 2380 fortitudinem
2679 2326 2881 2382 habent
2906 2341 3067 2396 quam
3100 2324 3347 2380 homines
3380 2336 3598 2396 possent
3627 2326 3812 2382 habere.

560 2414 829 2483 sapientia
862 2417 1011 2470 verbi
1048 2418 1303 2486 prmdico,
1348 2420 1489 2487 quod
1515 2419 1725 2488 probat,
1750 2419 1875 2488 quia
1904 2434 1999 2488 per
2028 2419 2159 2474 stul-
2263 2415 2367 2471 Per
2397 2415 2555 2471 ﬁdem
2612 2415 2756 2470 enim
2804 2430 2991 2471 eorum
3022 2424 3078 2470 et
3127 2423 3344 2484 peccata
3402 2416 3738 2471 remittuntur
3776 2424 3819 2471 et

563 2503 742 2558 titiam
779 2505 979 2575 placuit
1017 2506 1125 2561 Deo
1171 2507 1349 2562 salvos
1401 2509 1579 2563 facere
1608 2509 1892 2581 credentes
1918 2550 1932 2573 .
1964 2517 2020 2565 et
2058 2511 2162 2565 hoc
2263 2507 2538 2564 daemones
2563 2507 2925 2579 expelluntur,
2956 2517 3010 2563 et
3058 2507 3183 2573 alia,
3219 2525 3340 2565 cum
3386 2510 3637 2581 resurgit,
3682 2510 3820 2563 mira-

564 2594 780 2663 probat,
810 2597 937 2666 quia
993 2598 1255 2667 sapientia
1304 2598 1487 2653 mundi
1522 2614 1625 2653 non
1654 2599 1875 2667 placuit,
1909 2599 2050 2669 quod
2078 2609 2162 2656 est
2263 2599 2383 2655 cnla
2421 2599 2576 2654 ﬁunt.

568 2684 623 2739 in
658 2684 750 2741 Dei
789 2687 1072 2756 sapientia,
1113 2703 1219 2741 non
1246 2688 1500 2758 cognovit
1536 2689 1771 2742 mundus
1822 2702 1917 2757 per
1946 2689 2161 2758 sapien-
2332 2691 2421 2747 29.
2456 2691 2611 2759 Quod
2640 2691 2855 2748 stultum
2878 2701 2972 2747 est.
2998 2692 3199 2747 Probat
3224 2692 3501 2748 Christum
3531 2693 3819 2764 sapientiam

570 2775 698 2830 tiam
739 2777 926 2831 Demn.
2261 2798 2405 2849 esse,
2433 2786 2559 2854 quia
2602 2786 2766 2840 etiam
2816 2786 2869 2839 in
2904 2787 3007 2841 hoc
3035 2784 3299 2855 sapientia
3326 2795 3429 2849 est,
3462 2786 3603 2854 quod
3638 2785 3821 2838 videtur

634 2871 723 2924 20.
762 2870 961 2925 Judaei.
999 2870 1167 2927 Judaei
1222 2871 1731 2926 scantlalizabantur
1798 2870 1921 2941 quia
1976 2885 2156 2943 regem
2261 2877 2486 2932 stultum
2536 2877 2600 2933 de
2650 2892 2735 2941 eo,
2781 2888 2836 2932 et
2888 2886 3035 2931 tanta
3084 2876 3369 2947 sapientia,
3420 2878 3562 2947 quod
3617 2885 3820 2946 nequeat

563 2976 722 3016 διιυηι
752 2963 1087 3018 CI'UCiﬁXiSSG
1114 2964 1451 3017 dicebaltlur-
2260 2971 2645 3040 comprehendi
2673 2969 2740 3023 ab
2765 2971 3017 3025 omnibus
3051 2970 3193 3039 quod
3221 2978 3305 3024 est
3342 2969 3637 3039 sapientius
3672 2969 3821 3022 homi-

633 3053 726 3109 2l.
767 3054 1005 3110 Aunuos.
1063 3055 1242 3109 Juda’i
1291 3055 1440 3126 signa
1474 3064 1673 3126 petunt.
1725 3054 1880 3110 Unde
1923 3055 2153 3110 dicunt:
2262 3061 2441 3117 nibus.
2497 3059 2628 3115 Post
2674 3075 2803 3116 vero
2854 3061 3047 3131 probat
3076 3059 3349 3115 Christum
3404 3060 3657 3115 virtutem
3701 3074 3821 3123 esse,

564 3144 676 3201 Nos
701 3148 905 3202 scimus
936 3149 1060 3218 quia
1089 3147 1257 3219 Moysi
1295 3146 1500 3203 locutus
1530 3157 1613 3201 est
1641 3147 1798 3207 Deus,
1833 3162 1956 3201 eum
1985 3144 2157 3213 majus
2259 3152 2387 3219 quia
2441 3151 2493 3205 in
2524 3151 2627 3205 hoc
2672 3152 2814 3221 quod
2865 3149 3139 3205 inﬁrmum
3192 3150 3404 3205 videtur
3433 3152 3497 3206 de
3525 3165 3611 3215 eo,
3657 3151 3705 3205 in
3739 3151 3823 3203 hoc

564 3239 639 3294 sit
679 3239 943 3294 Lazarum
974 3242 1039 3296 de
1073 3251 1421 3296 monumento
1447 3240 1627 3294 vivum
1657 3240 1873 3293 exiisse.
2266 3243 2436 3297 virtus
2462 3251 2565 3307 est,
2596 3251 2650 3297 et
2695 3250 2841 3296 tanta
2869 3242 3041 3296 virtus
3070 3242 3212 3311 quod
3252 3241 3444 3296 fortius
3486 3250 3572 3296 est
3616 3240 3821 3295 homini-

652 3332 745 3387 22.
789 3332 855 3386 Et
912 3332 1083 3389 Gra'ci
1130 3335 1463 3402 sapientiam.
1529 3332 1662 3399 Quia
1720 3332 1910 3385 nolunt
1976 3328 2161 3384 audire
2191 3322 2236 3381 Β
2265 3333 2387 3399 bus,
2415 3333 2467 3387 id
2508 3342 2613 3400 est,
2649 3341 2881 3403 nequeat
2912 3333 2978 3387 ab
3008 3332 3113 3399 illis
3141 3334 3555 3403 comprehendi;
3591 3334 3687 3388 hoc
3712 3331 3823 3387 stul-

559 3433 919 3497 pra'terqnam
950 3441 1070 3496 qua:
1100 3425 1284 3479 mundi
1320 3425 1528 3480 ratione
1559 3423 1833 3494 possibilia
1861 3432 2007 3476 sunt.
2260 3432 2367 3477 tum
2400 3433 2452 3477 et
2481 3423 2778 3487 inﬁrmmu,
2828 3423 3127 3478 incarnatio
3170 3433 3224 3477 et
3254 3424 3435 3493 passio
3475 3422 3692 3487 Christi,
3723 3422 3824 3490 qui-

630 3514 720 3568 2'5.
763 3514 970 3569 Judazis
1025 3516 1233 3586 quidem
1287 3513 1621 3569 scandalum.
1673 3512 2002 3568 Scandalum
2071 3518 2153 3565 est
2254 3514 2355 3569 bus
2385 3523 2533 3568 tanta
2565 3515 2826 3584 sapientia
2866 3515 3113 3569 etvirtus
3142 3523 3244 3578 est,
3278 3523 3337 3568 ut
3364 3512 3824 3569 evincaturdiabo-

558 3603 761 3660 Judreis
806 3606 933 3659 dum
974 3607 1200 3660 audiunt
1231 3604 1506 3660 Christum
1540 3604 1731 3658 Filium
1767 3603 1857 3657 Dei
1897 3616 1956 3657 se
1986 3600 2154 3671 proﬁ-
2255 3608 2337 3663 lus
2366 3617 2421 3663 ρι
2450 3607 2748 3661 redimatur
2784 3608 3077 3661 humanum
3110 3621 3301 3676 genus.

565 3707 792 3762 tentem,
816 3707 871 3751 et
899 3698 1194 3751 Sabbatum
1224 3708 1597 3751 evacuantem.
2327 3697 2417 3751 30.
2465 3695 2703 3751 Animos.
2742 3695 2895 3761 Quod
2933 3697 3204 3764 inﬁrmant
3236 3705 3310 3751 est
3346 3696 3475 3765 Dei.
3523 3695 3656 3763 Quia
3697 3694 3826 3749 inﬁr-

633 3789 727 3846 24.
786 3787 1034 3843 Gentibus
1090 3799 1264 3842 autem
1315 3787 1614 3842 stultitiam.
1670 3787 1770 3853 Qui
1811 3799 1873 3839 ea
1930 3772 2156 3841 audiunt
2261 3788 2421 3843 mitas
2471 3789 2697 3855 Christi,
2748 3803 2941 3859 magna
2996 3788 3255 3855 victoria;
3294 3787 3447 3855 vicit,
3505 3803 3627 3843 cum
3677 3787 3825 3840 victus

564 3880 884 3949 praedicare,
907 3895 1025 3949 quae
1051 3880 1176 3934 dum
1201 3878 1396 3932 rationi
1425 3878 1676 3931 humana:
1703 3891 1807 3930 non
1831 3884 2153 3943 congruunt,
2259 3881 2553 3934 videretur.

562 3971 843 4026 insensata
889 3971 1164 4038 videntur,
1198 3978 1256 4024 ut
1298 3977 1485 4039 partus
1518 3968 1769 4038 Virginis,
1820 3975 1874 4022 et
1914 3981 2158 4021 resurrc-
2326 3973 2415 4027 5].
2446 3972 2684 4027 Accus'r.
2728 3971 2817 4041 (ex
2856 3970 3037 4024 Traet.
3071 3970 3136 4023 l5
3177 3971 3231 4025 in
3291 3969 3514 4034 Joaun.,
3567 3978 3691 4024 tom.
3724 3965 3821 4036 IX).

562 4063 678 4118 ctio
707 4072 1065 4118 mortuorum.
1588 4094 1595 4101 -
2259 4064 2326 4119 Et
2355 4065 2494 4136 quod
2522 4064 2786 4131 inﬁrmum
2810 4071 2905 4115 est.
2932 4062 3068 4128 Quid
3096 4062 3259 4129 igitur
3291 4061 3428 4115 fac:a
3460 4070 3543 4115 est
3578 4060 3758 4115 mulier
3782 4059 3824 4109 iu

634 4154 725 4211 25.
773 4154 1023 4209 Virtutem
1073 4163 1121 4208 et
1174 4152 1273 4207 Dei
1319 4152 1647 4221 sapientiam.
1678 4148 1862 4204 Virtus
1910 4148 2002 4203 Dei
2050 4158 2153 4215 est,

2262 4166 2441 4220 costa,
2493 4165 2751 4224 tanquatn
2804 4155 2990 4218 fortis;
3044 4154 3220 4208 factus
3254 4163 3337 4208 est
3366 4153 3538 4206 Adam
3590 4153 3642 4206 in
3683 4164 3826 4205 carne

556 4248 687 4319 quia
728 4263 825 4317 per
871 4246 1045 4315 ipsum
1076 4246 1255 4300 omnia
1304 4243 1433 4299 fecit
1461 4245 1604 4299 Deus
1634 4243 1829 4310 Pater;
1872 4241 2152 4311 sapientia,

2262 4258 2515 4319 tanquam
2566 4247 2847 4302 inﬁrnms?
2892 4246 3140 4301 Christus
3180 4255 3345 4302 estet
3390 4245 3659 4313 Ecclesia;
3705 4243 3827 4298 illius

558 4341 685 4412 quia
714 4356 808 4410 per
831 4340 1003 4410 ipsum
1033 4338 1282 4409 cognitus
1310 4346 1393 4392 est
1421 4335 1583 4390 Deus.
1982 4352 1985 4353 '
2259 4341 2566 4405 inﬁrmitas,
2599 4348 2783 4395 nostra
2812 4348 2895 4395 est
2919 4339 3195 4394 fortitudo.

632 4430 720 4483 26.
754 4430 995 4486 Aucusr.
1047 4430 1133 4501 (ea:
1174 4428 1307 4484 lib.'t
1341 4426 1541 4492 Quaest.
1571 4443 1777 4496 evang.,
1810 4433 2002 4494 quaest.
2060 4424 2153 4489 14,

2329 4432 2419 4488 '52.
2463 4430 2661 4485 ΒΑΜ-ιι.
2702 4430 2827 4484 Νοη
2857 4430 3008 4485 multi
3034 4430 3312 4497 sapientes.
3350 4428 3606 4484 Fortasse
3632 4435 3827 4499 propter

564 4530 698 4573 tom.
745 4519 859 4588 IV).
906 4519 1160 4574 Virtutem
1207 4518 1304 4573 Dei
1347 4526 1395 4572 et
1441 4518 1773 4589 sapientiam.
1809 4515 1884 4571 De
1927 4516 2157 4572 Domino
2258 4538 2316 4579 se
2342 4524 2471 4580 dicit
2494 4523 2617 4588 hoc,
2647 4522 2773 4593 quia
2801 4522 2948 4579 solus
2975 4523 3117 4577 inter
3158 4521 3293 4577 alios
3317 4521 3613 4591 apostolos,
3637 4518 3828 4576 schola-

564 4623 751 4667 nostro
792 4614 1045 4667 dixerunt
1070 4611 1241 4667 Judaei
1282 4630 1294 4665 :
1334 4609 1483 4665 Unde
1522 4613 1780 4681 sapientia
1810 4612 1943 4679 ha'c,
1970 4621 2017 4666 et
2047 4612 2156 4666 vir-
2260 4617 2401 4671 rium
2456 4615 2759 4672 litterarum
2809 4616 3037 4685 peritus,
3080 4625 3418 4670 terrenarum
3468 4630 3632 4685 opum
3674 4612 3824 4672 dives,

560 4704 743 4757 tates?
773 4702 1049 4774 Sapientia
1081 4704 1134 4757 in
1168 4704 1253 4759 his
1292 4717 1410 4773 quae
1437 4701 1781 4772 loquebatur.
1814 4701 2057 4757 Virtutes
2100 4703 2154 4756 in
2182 4690 2227 4754 C
2260 4707 2519 4762 Romana:
2566 4706 2847 4776 dignitatis
2881 4704 3158 4777 parentela
3205 4706 3531 4775 conspicuus
3560 4705 3677 4767 fuit,
3706 4703 3828 4757 sicut

564 4795 650 4850 his
679 4810 800 4865 qua:
840 4796 1187 4865 operabatur.
1235 4794 1673 4864 ldeoApostolus
1715 4793 1845 4848 dicit
1882 4794 2157 4848 Christum
2261 4808 2493 4855 testatur
2521 4799 2636 4869 ipse
2665 4798 2719 4853 in
2759 4797 2984 4853 Actibus
3034 4797 3443 4868 apostolorum:
3478 4796 3591 4867 Ego
3642 4794 3827 4865 quidem

563 4887 659 4943 Dei
689 4888 942 4943 virtutem
982 4896 1036 4942 et
1077 4887 1169 4943 Dei
1202 4886 1544 4957 sapientiam.
1575 4885 1845 4941 Virtutem
1876 4886 2061 4941 retulit
2089 4884 2157 4939 ad
2258 4890 2413 4944 homo
2437 4906 2551 4943 sum
2578 4887 2818 4953 Judwus,
2845 4906 2877 4942 a
2909 4888 3111 4942 Tharso
3142 4886 3340 4941 Cicilite
3371 4904 3475 4941 non
3504 4888 3691 4957 ignota:
3715 4881 3827 4936 civi-

561 4982 714 5053 sigua
763 4990 984 5052 propter
1011 4979 1243 5037 Judzeos.
1277 4981 1608 5051 Sapientiam
1666 4988 1872 5044 autem,
1921 4986 2014 5033 aut
2065 4980 2161 5033 do-
2260 4981 2382 5035 tatis
2429 4981 2714 5050 municeps.
2740 4980 2807 5035 Et
2834 4978 2960 5033 alibi
2989 4977 3344 5049 interroganti
3396 4976 3617 5030 tribuno
3664 4981 3824 5028 utrum

564 5076 801 5130 ctrinam
832 5075 899 5130 ad
944 5074 1182 5141 Graecos,
1224 5075 1282 5130 id
1330 5083 1436 5140 est,
1466 5084 1657 5145 gentes
1707 5070 1805 5145 [al.
1836 5071 2153 5143 sapientiam

2263 5075 2539 5129 Romanus
2571 5081 2737 5140 esset,
2764 5074 3041 5144 respondit
3069 5087 3083 5125 :
3113 5071 3308 5124 Etiam.
3334 5069 3401 5123 Et
3426 5069 3665 5123 tribunus
3692 5083 3709 5120 :
3732 5061 3826 5131 Ego

566 5176 748 5222 autem
778 5167 845 5222 ad
868 5167 1170 5223 doctrinam
1201 5176 1420 5238 propter
1440 5164 1705 5240 Graacos].
2265 5166 2484 5221 multam
2530 5183 2787 5220 summam
2816 5182 2847 5218 α
2883 5165 3088 5218 civitate
3126 5163 3225 5215 hac
3260 5170 3566 5214 consecutus
3606 5173 3736 5211 sum.
3769 5148 3828 5203 Et

630 5258 723 5313 27.
774 5259 1014 5315 Aucusr.
1063 5258 1255 5331 (Eatur.
1305 5259 1359 5311 in
1405 5257 1540 5328 psal.
1576 5274 1769 5323 vattr,
1806 5254 2053 5312 concion.
2100 5254 2152 5321 l,
2265 5256 2468 5312 Paulus
2517 5258 2640 5311 ait:
2697 5255 2806 5326 Ego
2836 5266 3009 5309 autem
3053 5263 3102 5309 et
3147 5263 3299 5307 natus
3328 5267 3464 5304 sum.
3515 5249 3583 5303 Et
3613 5247 3738 5301 alias
3773 5254 3827 5296 eo

564 5346 696 5407 tom.
713 5350 868 5421 Vlll).
888 5352 1025 5418 Quia
1040 5351 1179 5419 quod
1191 5348 1406 5405 stultum
1418 5359 1511 5403 est.
1531 5348 1669 5415 Quid
1685 5349 1828 5403 enim
1847 5356 1955 5401 tam
1977 5344 2153 5403 simile
2265 5348 2529 5404 rationem
2590 5348 2846 5403 reddente
2872 5388 2886 5413 ,
2949 5344 3275 5402 exclamavit
3330 5341 3523 5396 Festus
3572 5354 3587 5392 :
3636 5332 3827 5391 Insanis

566 5444 941 5513 imprudentiae
972 5458 1156 5513 quam,
1189 5457 1311 5495 cum
1360 5441 1584 5495 haberet
1636 5440 1689 5495 in
1738 5448 2007 5511 potestate
2047 5456 2153 5495 una

564 5552 697 5594 VOCB
749 5553 876 5595 SUOS
926 5549 1304 5608 persecutores
1356 5545 1719 5608 prosternere,
1769 5545 2047 5606 pateretur
2094 5550 2154 5590 SC

566 5631 762 5689 teneri.
810 5628 1094 5701 ﬂagellari,
1130 5629 1378 5698 conspui,
1407 5627 1755 5699 colaphizari,
1790 5627 1957 5699 spinis
2000 5642 2155 5682 coro—

566 5720 706 5783 nari,
739 5720 885 5791 ligno
918 5721 1053 5791 attigi
1073 5723 1094 5773 ?
1116 5721 1490 5791 lmprudcnlizc
1516 5720 1688 5778 simile
1718 5730 1818 5787 cst,
1851 5728 1904 5775 et
1932 5720 2153 5775 stultum

564 5813 797 5869 videtur.

2265 5348 2529 5404 rationem
2590 5348 2886 5413 reddente,
2949 5344 3275 5402 exclamavit
3330 5341 3523 5396 Festus
3572 5354 3587 5392 :

2263 5439 2466 5505 Paule;
2496 5438 2670 5495 multa:
2706 5440 2892 5494 littera:
2920 5449 2966 5492 te
2994 5438 3062 5490 ad
3092 5435 3350 5490 insaniam
3373 5438 3690 5486 concertant.

2332 5532 2421 5587 55.
2464 5532 2703 5587 Aucusr.
2735 5530 2933 5599 (Serm.
2965 5529 2999 5584 9
3031 5526 3293 5582 Detribus
3330 5523 3509 5593 virgis,
3554 5522 3694 5598 inter
3730 5519 3826 5585 Ira-

2262 5633 2476 5694 gntent.,
2505 5631 2634 5678 tom.
2661 5621 2752 5686 Χ).
2780 5618 3214 5690 Contemptibilia.
3247 5616 3376 5684 Quae
3400 5630 3502 5670 non
3533 5616 3823 5681 computan'

2264 5726 2368 5769 tur.
