3880 6306
97 396 188 451 161
820 388 885 444 IN
921 389 983 444 D.
1022 388 1223 446 PAULI
1272 386 1485 444 EPtST.
1540 386 1677 444 COM

1793 385 1894 441 NT.
1920 420 1987 429 —
2012 388 2227 444 EPIST.
2272 389 2292 443 ι
2326 389 2418 445 AD
2442 391 2601 449 COR.
3248 395 3354 451 162

92 525 154 565 ea
181 521 302 578 quae
332 512 475 569 sunt,
504 518 614 558 esse
640 502 897 570 videntur,
927 503 1249 567 destrueret,
1282 511 1341 556 ut
1386 515 1489 555 non
1520 500 1782 570 g.orietur
1819 500 1997 555 omnis
2036 516 2165 555 caro
2200 501 2251 555 in
2293 513 2582 573 conspectu
2610 503 2747 572 ejus.
2790 501 2865 557 Ex
2908 500 3025 573 ipso
3057 511 3260 574 autem,
3288 523 3353 562 ea:

93 606 251 675 ipsius
280 602 454 675 gratia
484 616 577 656 vos
605 602 736 656 estis
760 602 813 655 in
843 600 1061 657 Christo
1089 599 1235 666 Jesu,
1264 599 1317 652 in
1362 598 1466 666 ﬁde
1493 595 1689 651 Christi
1728 596 1873 659 Jesu,
1926 596 2014 651 54.
2050 596 2141 667 qui
2189 596 2384 663 factus,
2431 601 2755 664 incarnatus,
2803 594 2913 675 46
2942 607 3027 654 est
3077 601 3234 656 nobis
3265 618 3353 656 sa-

92 699 311 768 pientia,
344 696 477 750 dans
518 697 851 765 sapientiam,
896 712 927 751 a
972 696 1103 751 Deo.
1147 694 1235 749 53.
1266 702 1321 749 et
1360 692 1589 761 justitia.
1620 692 1904 761 justitiam,
1954 704 2007 746 et
2038 695 2417 759 sanctificatio,
2444 674 2909 765 sattctiﬁcationéttt
2954 703 3006 750 et
3034 697 3353 767 redemptio,

89 794 508 865 redemptionem,
533 801 612 859 ut,
644 790 1092 862 quemadmodum
1117 789 1374 859 scriptum
1401 795 1483 841 est
1514 805 1526 840 :
1555 786 1644 852 56,
1675 785 1766 842 57.
1805 786 1906 854 Qui
1942 787 2226 860 gloriatur,
2257 790 2311 845 in
2351 791 2577 846 Domino
2605 791 2890 861 glorietur.

106 896 107 899 ‘
1204 911 1208 915 -
1542 881 1673 938 CAP

1809 883 1871 938 II.

157 978 225 1031 Et
250 992 376 1048 ego,
401 992 527 1031 cum
565 975 835 1031 venissem
862 974 931 1029 ad
956 989 1073 1041 vos,
1101 972 1321 1040 fratres,
1345 973 1469 1029 veni
1516 990 1625 1030 non
1671 975 1724 1029 1.
1762 974 1815 1028 in
1845 973 2174 1030 sublimitate
2202 972 2488 1037 sermonis,
2517 988 2631 1025 cum
2663 971 2993 1043 syllogisticis
3031 975 3357 1044 probationi-

80 1075 195 1135 bus,
224 1080 321 1127 aut
349 1072 648 1142 sapientiae,
676 1072 1004 1127 annuntians
1034 1071 1186 1127 vobis
1215 1058 1583 1127 testimonium
1627 1071 1853 1127 Christi.
1875 1071 1931 1125 2.
1961 1070 2076 1125 Non
2105 1070 2249 1125 enim
2279 1069 2461 1139 probat
2502 1070 2624 1139 quia
2653 1069 2838 1123 stultos
2879 1069 3058 1140 elegit;
3090 1086 3211 1123 nam
3256 1087 3310 1124 se
3339 1082 3361 1121 :

84 1169 217 1237 quod
245 1178 322 1222 est
355 1169 425 1239 (et
468 1184 559 1239 ego
587 1185 705 1223 cum
748 1170 1021 1234 venissem,
1053 1167 1183 1238 etc.)
1208 1167 1446 1237 judicavi
1480 1183 1566 1222 me
1595 1168 1735 1223 scire
1763 1166 1967 1237 aliquid
1995 1166 2141 1221 inter
2167 1179 2261 1220 vos
2286 1164 2389 1220 nisi
2416 1163 2600 1219 Jesum
2644 1164 2944 1229 Christum,
2978 1174 3031 1218 et
3063 1166 3206 1219 hunc
3238 1181 3364 1220 cru-

84 1266 321 1319 cilixum.
356 1264 426 1319 Et
451 1281 550 1337 ego
574 1265 718 1336 (item
748 1266 932 1337 probat
961 1266 1084 1337 quia
1107 1265 1423 1334 inﬁrmiores
1452 1264 1628 1336 elegit,
1654 1264 1778 1334 quia
1801 1281 1878 1329 se,
1910 1263 2048 1334 quod
2077 1272 2150 1317 est
2174 1272 2220 1315 et
2244 1278 2336 1332 ego
2362 1262 2416 1315 in
2441 1261 2763 1330 inﬁrmitate,
2794 1259 2923 1331 etc.)
2957 1260 3008 1314 in
3045 1260 3363 1316 inﬁrmitate

83 1370 134 1416 et
164 1362 361 1417 timore
388 1360 603 1427 animat,
627 1370 682 1417 et
710 1370 944 1416 tremore
972 1362 1205 1426 corporis
1234 1360 1405 1416 multo
1436 1359 1509 1415 fui
1541 1361 1680 1432 apud
1710 1376 1837 1427 vos;
1876 1368 1932 1416 et
1960 1374 2141 1415 sermo
2183 1373 2355 1422 meus,
2399 1366 2455 1411 et
2491 1358 2801 1426 praedicatio
2832 1372 2970 1417 mea,
3012 1371 3118 1410 non
3164 1355 3261 1424 fuit
3306 1355 3360 1411 in

89 1457 140 1511 5.
165 1455 617 1525 persuasibilibus
646 1456 894 1510 humana:
938 1455 1216 1526 sapientiae
1244 1456 1444 1520 verbis,
1472 1455 1760 1510 dialecticis
1787 1454 2205 1526 probationibus,
2238 1454 2331 1509 sed
2360 1453 2411 1507 in
2444 1452 2750 1508 ostensione
2780 1452 3021 1522 Spiritus,
3057 1450 3181 1520 (non
3225 1449 3358 1513 dixi,

87 1551 184 1603 nisi
223 1556 367 1621 quod
407 1551 620 1625 spiritus
648 1549 949 1603 ostendebat
992 1549 1144 1618 mihi)
1175 1558 1230 1603 et
1261 1550 1497 1616 virtutis,
1527 1549 1924 1617 miraculorum,
1953 1557 2014 1604 ut
2053 1549 2185 1604 ﬁdes
2226 1556 2404 1603 vestra
2435 1563 2540 1603 non
2572 1548 2643 1603 sit
2669 1548 2722 1602 in
2767 1547 3029 1618 sapientia
3057 1545 3360 1612 hominum,

88 1645 178 1701 sed
206 1646 260 1701 in
290 1647 494 1702 virtute
521 1646 637 1701 Dei.
676 1644 767 1716 (Et
798 1662 861 1699 ne
898 1645 1126 1698 dicerent
1158 1661 1277 1698 eum
1306 1646 1524 1711 nescire,
1547 1645 1745 1716 subdit)
1770 1644 2101 1715 Sapientiam
2132 1652 2308 1698 autem
2353 1643 2624 1713 loquimur
2651 1642 2795 1697 inter
2819 1641 3122 1712 perfectos;
3152 1641 3365 1711 sapien-

88 1741 211 1796 tiam
246 1757 378 1798 vero
412 1756 516 1797 non
550 1739 714 1809 hujus
741 1738 946 1803 saeculi,
976 1739 1030 1793 4.
1080 1754 1267 1809 neque
1286 1739 1613 1811 principum,
1642 1740 1720 1794 uel
1743 1741 2041 1795 dwmonum
2086 1736 2247 1807 hujus
2275 1738 2480 1804 saeculi,
2517 1737 2608 1809 qui
2654 1736 3038 1803 destruuntur;
3072 1737 3125 1803 5,
3175 1735 3230 1790 6.
3268 1736 3365 1791 sed

86 1837 358 1909 loquimur
372 1838 676 1912 exponendo
701 1836 793 1893 Dei
818 1836 1136 1907 sapientiam
1162 1837 1214 1890 7.
1234 1837 1293 1891 in
1317 1836 1594 1908 mysterio,
1622 1851 1740 1905 quae
1762 1836 2074 1892 abscondita
2097 1843 2199 1897 est,
2224 1849 2386 1903 quam
2411 1834 2815 1903 praedestinavit
2845 1834 2985 1887 Deus
3007 1842 3131 1886 ante
3158 1832 3364 1887 smcula

87 1931 265 1999 futura
309 1934 365 1989 in
421 1934 649 2006 gloriam
686 1944 952 2001 nostram,
998 1935 1053 1989 id
1098 1943 1199 2000 est,
1237 1951 1331 2005 per
1364 1951 1481 1989 eam
1527 1933 1636 2006 47
1665 1934 2053 2006 gloriﬁcemur,‘
2082 1935 2136 1992 8.
2189 1950 2350 2006 quam
2379 1934 2431 1989 9.
2465 1950 2629 1991 nemo
2650 1934 2952 2005 principum
2989 1931 3147 2001 hujus
3185 1931 3365 1987 saeculi

87 2030 360 2097 cognovit.
392 2030 449 2085 Si
495 2030 640 2085 enim
670 2032 1077 2100 cognovissent,
1108 2030 1195 2085 10.
1240 2045 1517 2100 nunquam
1566 2030 1855 2085 Dominum
1881 2031 2066 2102 gloriae
2110 2030 2532 2095 cruciﬁxissent,
2562 2030 2800 2101 cruciﬁgi
2847 2032 3202 2101 instigassent.
3252 2028 3361 2084 Sed

81 2123 217 2180 sicut
241 2126 512 2197 scriptum
540 2134 628 2183 est
665 2144 679 2182 :
722 2128 819 2182 hoc
842 2126 1040 2183 scilicet
1063 2127 1214 2198 quia,
1248 2127 1335 2181 11.
1383 2126 1535 2194 Quod
1584 2125 1773 2182 oculus
1795 2128 1970 2181 carnis
2012 2142 2119 2184 non
2160 2127 2316 2191 vidit,
2342 2141 2443 2182 nec
2468 2125 2617 2181 auris
2647 2123 2878 2180 carnalis
2904 2124 3132 2189 audivit,
3179 2138 3280 2180 nec
3312 2123 3366 2178 in

1445 2211 2015 2278 COMMENTARIUS.

142 2312 234 2368 34.
278 2314 392 2380 Qui
437 2313 608 2383 factus
642 2323 716 2369 est
767 2315 934 2371 nobis.
984 2315 1161 2386 Elegit
1205 2316 1348 2371 Deus
1395 2331 1515 2385 quae
1564 2333 1671 2371 non
1703 2324 1748 2380 Α
1781 2317 2048 2371 viderunt.
2094 2316 2378 2386 Sapientes
2425 2314 2498 2367 illi
2532 2313 2736 2384 magni,
2785 2314 2959 2383 arguti
3005 2314 3368 2383 disputatores

78 2412 226 2469 sunt,
251 2403 306 2456 id
332 2412 424 2458 est
453 2418 574 2472 quae
603 2420 709 2459 non
734 2413 1137 2473 computantur.
1776 2406 2001 2460 omnino
2041 2406 2455 2472 ignoraverunt;
2490 2404 2592 2458 hoc
2618 2410 2702 2456 est
2724 2402 3040 2471 mysterium
3070 2403 3211 2471 quod
3244 2402 3369 2455 abs-

148 2492 239 2546 55.
268 2490 525 2548 Αυοῠετ.
560 2494 742 2561 (epist.
768 2494 877 2548 222
904 2492 973 2547 ad
1007 2493 1253 2558 Consen.,
1283 2500 1412 2548 tom.
1445 2493 1533 2563 ll).
1569 2492 1681 2547 Fa-

86 2591 193 2635 ctus
223 2593 301 2635 est
342 2584 493 2637 nobis
508 2583 722 2652 justitin
752 2603 782 2637 a
812 2584 944 2638 Deo.
972 2584 1125 2639 Sicut
1162 2593 1342 2639 autem
1373 2601 1492 2639 cum
1524 2585 1596 2639 sit
1622 2585 1676 2638 in

91 2686 143 2725 se
166 2672 285 2742 ipso
312 2673 449 2739 vita,
480 2676 644 2728 etiam
674 2674 731 2729 lit
758 2675 915 2731 nobis
945 2676 1078 2743 vita,
1109 2691 1232 2730 cum
1270 2676 1387 2746 ejus
1417 2676 1679 2730 eliicimur

92 2764 412 2834 participes;
440 2765 513 2819 ita
542 2781 662 2821 cum
692 2767 745 2821 in
772 2782 831 2822 se
859 2767 975 2838 ipso
1013 2769 1084 2823 sit
1110 2768 1342 2839 jusdtia,
1374 2754 1537 2823 etiam
1581 2783 1678 2823 no-

96 2854 170 2909 bis
194 2855 253 2909 lit
274 2854 510 2923 justitia,
545 2873 666 2912 eum
691 2858 740 2913 ei
774 2859 1095 2915 coluerendo
1117 2861 1254 2915 bene
1282 2860 1531 2914 vivimus.

157 2945 242 2999 56.
288 2947 531 3002 Accusr.
577 2948 664 3018 (ea:
711 2945 900 3003 Cenes.
951 2950 1021 3003 ad
1061 2950 1169 3017 lit.,
1211 2950 1306 3006 lib.
1341 2966 1415 3016 tn,
1462 2965 1585 3021 cap.
1621 2950 1675 3030 8⁹

100 3040 219 3089 tom.
252 3036 360 3104 ΙΙΙ).
397 3037 504 3104 Qui
543 3038 823 3109 gloriatur.
864 3039 956 3095 Sic
990 3041 1080 3110 qui
1124 3040 1407 3111 gloriatur,
1434 3056 1539 3095 non
1576 3040 1677 3096 nisi

101 3123 147 3177 in
178 3126 401 3183 Domino
434 3128 725 3199 glorietur;
758 3145 881 3185 cum
914 3132 1194 3200 cognoscit
1239 3145 1345 3186 non
1376 3146 1554 3197 suum,
1585 3129 1681 3185 sed

102 3214 231 3273 illius
274 3235 399 3276 esse
440 3235 547 3275 non
588 3221 763 3278 solum
794 3231 854 3276 ut
894 3223 987 3288 sit,
1026 3238 1215 3277 verum
1258 3223 1422 3277 etiam
1466 3232 1524 3277 ut
1571 3238 1679 3278 non

99 3306 190 3362 nisi
215 3311 282 3366 ab
310 3311 405 3367 illo
439 3313 577 3367 bene
603 3313 704 3369 sibi
735 3314 829 3378 sit,
859 3327 891 3367 a
922 3329 1031 3384 quo
1058 3314 1223 3369 habet
1255 3323 1315 3369 ut
1344 3314 1436 3368 sit.

168 3399 250 3455 37.
276 3401 484 3459 LANFR.
510 3404 613 3470 Qui
640 3404 919 3475 gloriatur,
942 3406 995 3458 in
1020 3405 1246 3459 Domino
1268 3403 1536 3473 glorietur.
1566 3403 1683 3459 Hoc

104 3490 461 3551 testimonium
489 3494 541 3550 in
566 3494 801 3551 Ieremia
828 3496 901 3549 ita
923 3494 1121 3566 legitur
1147 3512 1161 3548 :
1192 3493 1259 3550 1η
1288 3496 1385 3548 hoc
1405 3494 1679 3565 glorietur,

101 3580 182 3645 qui
221 3582 498 3651 gloriatur,
526 3585 659 3640 scire
704 3596 751 3640 et
786 3600 937 3639 nosse
963 3601 1063 3651 me,
1111 3585 1237 3654 quia
1272 3599 1364 3653 ego
1412 3599 1529 3638 sum
1574 3583 1685 3638 De-

106 3685 281 3728 minus.

170 3760 312 3819 CAP.
358 3766 427 3821 ll.
462 3795 531 3839 -έ
556 3766 607 3819 1.
640 3765 836 3821 [ΑΜ-ιι.
871 3762 996 3819 Non
1035 3765 1090 3819 in
1118 3762 1461 3818 sublimitate.
1502 3760 1685 3818 Subli-

107 3852 332 3912 mitatem
374 3858 649 3914 sermonis
674 3866 833 3914 vocat
872 3857 1125 3927 logicum,
1164 3854 1290 3925 quia
1316 3854 1429 3925 ipsa
1475 3862 1583 3909 tota
1614 3853 1687 3911 de.

110 3946 380 4007 artiﬁciosa
432 3952 680 4007 oratione
708 3959 810 4007 est.
868 3948 1201 4019 Sapientiam
1244 3956 1403 4003 vocat
1444 3946 1681 4016 quadru-

110 4032 240 4091 vium
289 4038 710 4114 [quadrivium],
758 4048 815 4096 et
857 4040 1091 4096 maxime
1143 4038 1308 4093 libros
1351 4037 1678 4105 Platonicos,

113 4128 344 4199 islleciem,
373 4134 599 4191 nomine
627 4132 845 4203 generis
874 4131 1184 4200 designans.

172 4216 221 4271 2.
248 4222 487 4282 Aucus'r.
526 4223 627 4295 (De
657 4222 871 4287 Trinit.,
897 4222 989 4277 lib.
1033 4236 1072 4285 t,
1106 4236 1225 4290 cap.
1258 4219 1349 4285 12,
1395 4226 1526 4273 tom.
1565 4218 1677 4291 Ill).

120 4307 227 4365 Non
252 4316 379 4369 enim
400 4315 645 4387 judicavi
682 4331 763 4368 me
788 4316 937 4368 scire.
983 4312 1076 4367 Eis
1104 4312 1425 4381 loquebatur
1451 4311 1543 4378 qui
1586 4326 1677 4365 ca-

116 4413 231 4466 pere
258 4404 448 4461 altiora
487 4407 552 4460 de
579 4404 783 4460 Christi
811 4402 1012 4461 deitate
1038 4418 1143 4456 non
1174 4407 1443 4470 poterant.
1482 4399 1549 4452 Et
1579 4399 1681 4453 hoc

121 4490 274 4546 solum
300 4510 356 4549 se
380 4496 531 4552 scire
558 4494 771 4550 dicebat
790 4495 929 4562 quod
952 4508 1044 4547 eos
1065 4508 1161 4562 per
1183 4490 1332 4544 illum
1359 4489 1503 4545 scire
1523 4482 1683 4557 oporé

120 4580 267 4639 tebat.
302 4586 410 4645 Hoc
450 4588 593 4643 inter
614 4586 735 4641 illos
766 4585 1039 4639 nesciebat
1071 4581 1215 4652 quod
1243 4596 1339 4650 per
1365 4580 1511 4634 illum
1541 4581 1681 4635 scire

121 4683 212 4727 ηοῐι
235 4687 501 4745 poterant.
1474 4684 1477 4685 '

180 4764 229 4818 5.
257 4766 452 4828 Lsara.
492 4768 956 4826 Persuasibilibus.
1001 4766 1349 4822 Rhetoricam
1394 4765 1584 4835 tangit,
1626 4764 1680 4820 in

124 4864 215 4919 (ιηεί
239 4859 435 4935 dantur
456 4872 723 4935 praecepta
766 4860 1008 4932 apposite
1058 4859 1205 4929 loqui
1253 4858 1321 4913 ad
1368 4859 1679 4928 persuasio-

126 4954 230 4999 nem
238 4987 250 5001 .

148 5070 151 5075 -
185 5035 233 5090 4.
265 5039 438 5115 Neque
475 5048 789 5119 principum.
821 5047 1097 5118 Principes
1126 5047 1214 5103 hic
1242 5056 1402 5103 vocat
1437 5048 1681 5118 egregios

128 5121 466 5204 Philosophos,
496 5155 527 5194 a
576 5140 772 5209 quibus
823 5148 880 5194 et
909 5153 1003 5208 per
1048 5154 1181 5208 quos
1216 5138 1553 5208 philosophia
1601 5138 1682 5191 in-

131 5224 271 5274 venta
289 5238 386 5282 est.
413 5231 530 5298 Quo
557 5230 775 5285 nomine
812 5230 867 5285 in
898 5229 1244 5285 saecularibus
1283 5230 1448 5282 etiam
1491 5227 1687 5283 litteris

135 5315 414 5386 censentur,
466 5332 525 5378 ut
550 5323 739 5379 Cicero
784 5323 839 5377 in
896 5322 1108 5392 topicis.
1143 5319 1449 5397 Utriusque,
1493 5319 1684 5389 inquit,

135 5397 366 5475 Ρήηεερι,
387 5425 438 5469 ut
459 5416 586 5470 mihi
613 5415 837 5481 videtur,
865 5413 1165 5468 Aristotcles
1190 5413 1315 5483 fuit.

196 5487 243 5545 ⁵·
282 5496 510 5562 Αυαυετ.
549 5512 635 5579 (ex
670 5524 825 5565 serm.
870 5507 935 5561 de
961 5506 1079 5561 lect.
1115 5506 1170 5559 in
1208 5504 1306 5559 Eu.
1334 5503 1497 5559 Joan.
1541 5504 1681 5572 apud

140 5571 331 5659 Βθάαιη)
370 5591 468 5650 Sed
510 5571 791 5667 loquimur.
829 5596 1014 5655 Gratia
1044 5596 1143 5650 ista
1180 5594 1489 5650 Christiana
1533 5571 1679 5664 (quia

141 5674 297 5729 omnia
328 5681 532 5745 Christo
585 5690 779 5745 tradita
830 5697 956 5745 sunt
998 5704 1029 5742 a
1062 5687 1243 5757 Patre)
1292 5702 1482 5741 omnes
1526 5685 1683 5739 latuit

143 5764 382 5832 sapientes
408 5778 563 5853 hujus
586 5783 789 5841 mundi.
817 5782 966 5837 llauc
992 5780 1202 5850 Moyses
1229 5779 1382 5845 vidit,
1407 5778 1681 5850 progihetw

1779 2495 2053 2549 conditum
2081 2492 2181 2547 fuit
2212 2508 2242 2546 a
2266 2491 2478 2547 sazculis
2502 2491 2555 2545 in
2585 2491 2717 2545 Deo.

1850 2586 1904 2640 6.
1933 2586 2174 2639 Annos.
2205 2582 2307 2638 Sed
2338 2582 2603 2652 loquimur
2637 2582 2733 2635 Dei
2774 2578 3104 2650 sapientiam.
3135 2581 3369 2635 Abscon-

1779 2674 1890 2729 dita
1921 2681 2007 2727 est
2034 2686 2164 2741 ergo
2194 2671 2459 2741 sapientia
2504 2670 2621 2735 Dei,
2653 2670 2777 2724 dum
2810 2684 2916 2723 non
2950 2669 3002 2723 in
3049 2669 3246 2733 verbis,
3274 2667 3368 2723 sed

1779 2765 1833 2820 in
1869 2764 2073 2818 virtute
2116 2771 2222 2829 est,
2254 2778 2360 2817 non
2410 2762 2645 2816 humana
2668 2762 2901 2819 ,ratioue
2949 2760 3240 2830 possibilis,
3276 2760 3371 2814 sed

1780 2855 2001 2926 Spiritus
2024 2852 2261 2908 efficacia
2287 2852 2584 2908 credibilis.

1851 2948 1902 3001 7.
1931 2947 2132 3001 Lassa.
2162 2945 2228 2999 In
2253 2945 2518 3015 mysterio.
2564 2944 2894 3014 Exponendo
2927 2945 3181 3016 mysteria
3213 2944 3370 2999 Vete-

1780 3039 1856 3093 ris
1887 3035 2242 3101 Testamenti,
2275 3034 2327 3088 in
2352 3033 2550 3104 quibus
2573 3032 2850 3088 Christum
2873 3033 3160 3103 ﬁguratum
3204 3033 3369 3089 fuisse

1780 3132 2093 3188 asserimus.

1802 3254 1803 3257 η
1850 3225 1906 3280 8.
1970 3224 2211 3277 Asianos.
2271 3221 2444 3288 Quam
2488 3237 2636 3275 nemo
2684 3220 3004 3290 principum.
3084 3218 3370 3288 Principes

1780 3317 1941 3387 hujus
1967 3315 2171 3379 saeculi,
2216 3329 2320 3369 non
2372 3314 2545 3369 solum
2601 3313 2850 3367 homines
2896 3310 3196 3381 accipiendi
3220 3320 3370 3375 sunt,

1783 3407 1879 3463 sed
1924 3417 1981 3463 et
2027 3408 2064 3461 ii
2116 3407 2377 3460 adversus
2430 3419 2565 3474 quos
2612 3404 2767 3460 nobis
2796 3403 3105 3458 colluctatio
3134 3412 3236 3465 est,
3266 3404 3362 3472 qui

1784 3498 2028 3555 sciebant
2051 3512 2173 3553 esse
2200 3496 2477 3551 Christum
2511 3496 2563 3549 in
2608 3495 2728 3564 lege
2772 3495 3133 3563 promissum;
3165 3498 3389 3565 myste-'

1787 3590 1925 3645 rium
1955 3597 2130 3642 tamen
2160 3585 2297 3654 ejus,
2324 3601 2432 3655 quo
2465 3585 2634 3639 Filius
2669 3584 2763 3638 Dei
2793 3591 2902 3644 est.
2926 3584 3266 3639 nesciebant.

1715 3655 1759 3716 Β
1856 3680 1910 3735 9.
1963 3678 2165 3733 ΒΑΜ-ιι.
2222 3676 2392 3731 Nemo
2452 3676 2768 3746 principum,
2832 3683 2940 3730 etc.
2999 3673 3201 3730 Probat
3243 3676 3370 3745 quia

1783 3786 1942 3826 nemo
1969 3769 2295 3840 principum,
2325 3769 2450 3838 quia
2473 3768 2867 3837 scriptum-est.
2899 3768 3053 3834 Item,
3086 3770 3214 3839 quia
3259 3786 3367 3825 non

1782 3870 2172 3932 cognoverunt,
2205 3862 2329 3931 quia
2356 3860 2409 3915 hi
2440 3860 2535 3931 qui
2570 3860 2799 3932 diligunt
2820 3876 2944 3917 eum
2971 3870 3202 3916 tantum.
3235 3860 3370 3916 Nam

1782 3970 1904 4020 nos,
1951 3955 2093 4025 quod
2122 3963 2206 4010 est
2235 3953 2390 4009 nobis
2418 3962 2600 4009 autem
2644 3954 2923 4009 revelavit.
2975 3953 3181 4009 Probat
3239 3954 3370 4023 quia

1783 4048 2064 4114 revelavit,
2094 4063 2219 4103 nam
2255 4062 2349 4117 per
2402 4046 2692 4116 Spiritum.
2744 4054 2851 4101 etc.
2905 4046 2972 4100 Et
3026 4047 3129 4101 hoc
3152 4047 3368 4116 prohat,

1781 4138 1909 4208 quia
1930 4152 2028 4194 nos
2069 4137 2379 4209 accepimus
2432 4136 2712 4207 Spiritum,
2762 4142 2869 4190 etc.
2920 4134 3065 4203 quod
3116 4142 3222 4198 est,
3273 4134 3371 4191 sed

1785 4229 2046 4300 Spiritum
2074 4229 2167 4298 qui
2201 4243 2270 4281 ex
2317 4228 2426 4282 Deo
2454 4235 2557 4290 est,
2588 4234 2697 4281 etc.
2724 4224 2791 4279 Et
2821 4226 3016 4294 probat
3042 4224 3168 4293 quia
3193 4223 3368 4291 Spiri-

1784 4329 1899 4375 tum
1949 4320 2042 4374 Dei
2093 4317 2563 4387 acceperit:quia
2614 4330 2719 4370 non
2756 4313 3069 4382 accepimus
3120 4312 3370 4381 spiritum

1784 4411 1946 4479 hujus
1974 4407 2184 4463 mundi.

1858 4501 1946 4558 10.
1976 4500 2220 4557 Aususr.
2248 4500 2335 4569 (ea:
2354 4497 2445 4553 lib.
2487 4514 2503 4553 ι
2545 4496 2621 4551 De
2654 4496 2825 4557 Trin.,
2851 4510 2900 4549 c.
2937 4492 3048 4565 15).
3085 4493 3368 4562 Nunquam

1785 4592 2069 4648 Dominum
2105 4590 2308 4662 glorite.
2357 4589 2435 4643 Ex
2484 4588 2655 4642 forma
2705 4586 2845 4642 servi
2899 4584 3198 4640 cruciﬁxus
3260 4595 3368 4648 est,

1785 4685 1910 4741 talis
1943 4684 2087 4741 enim
2143 4691 2264 4739 erat
2296 4680 2383 4736 illa
2432 4680 2702 4750 susceptio
2730 4694 2850 4748 quae
2890 4678 3060 4732 Deum
3092 4677 3367 4732 hominem

1786 4778 2012 4841 faceret,
2043 4784 2098 4831 et
2126 4774 2403 4832 hominem
2466 4772 2653 4827 Deum.
2716 4769 2855 4837 Quid
2886 4758 3099 4836 tamen,
3150 4778 3372 4838 propter

1789 4871 1941 4942 quid,
1967 4877 2022 4925 et
2058 4865 2234 4940 [quid]
2291 4865 2587 4921 secundum
2639 4862 2768 4934 quid
2813 4862 3028 4918 dicatur
3081 4860 3369 4929 adjuvante

1789 4958 2043 5022 Domino,
2076 4954 2313 5026 prudens
2360 4959 2415 5007 et
2460 4952 2691 5022 diligens
2716 4959 2772 5006 et
2820 4951 2944 5021 pius
2990 4950 3162 5006 lector
3211 4948 3369 5004 intel-

1787 5050 1941 5104 licet.

1998 5138 2196 5194 Ltnrn.
2230 5136 2385 5204 Quod
2414 5133 2598 5189 oculus
2640 5148 2743 5187 non
2772 5131 2921 5186 cidit.
2981 5128 3181 5183 Probat
3224 5127 3365 5196 quod

1786 5229 2034 5298 superius
2063 5229 2197 5283 dixit
2224 5245 2237 5280 :
2266 5223 2437 5280 Nemo
2464 5223 2762 5296 principum
2821 5220 2982 5290 hujus
3010 5216 3191 5273 seaculi
3248 5233 3368 5286 cog-

1789 5322 1949 5376 nouit.
1988 5300 2321 5389 Sapientiam
2346 5317 2489 5372 enim
2521 5315 2638 5381 Dei,
2667 5314 2719 5370 id
2742 5321 2846 5377 est,
2889 5310 3181 5367 Dominum
3213 5308 3367 5363 Chri-

1790 5422 1955 5476 stum,
1979 5427 2098 5481 quae
2124 5408 2470 5479 diligentibus
2499 5423 2622 5463 eum
2661 5406 2715 5460 in
2743 5403 3363 5481 prtemiumprtnparata

1788 5514 1892 5569 est,
1920 5478 2019 5559 nec
2041 5478 2241 5556 oculus
2263 5499 2420 5564 vidit,
2454 5507 2561 5554 etc.
2610 5496 2784 5551 Habet
2817 5501 2997 5548 autem
3022 5478 3280 5562 scriptum
3312 5492 3365 5545 in

1786 5598 1924 5653 Isaia
1972 5598 2051 5653 sic
2082 5614 2096 5651 :
2138 5593 2333 5649 Oculos
2387 5608 2493 5646 non
2547 5590 2695 5657 uidit,
2725 5587 2891 5655 Deus,
2924 5586 3113 5658 absque
3140 5595 3222 5653 te,
3250 5599 3366 5656 qua!

1786 5688 2094 5762 praeparasti
2122 5684 2452 5756 diligentibus
2483 5691 2551 5737 te.
