4034 6290
542 338 645 401 185
1562 332 1623 387 Β.
1657 331 2054 391 LANFRANCI
2095 330 2125 387 ί

2237 329 2445 387 TUAR.
2491 329 2813 386 ARCHIEP.
2966 394 2967 399 η
3717 334 3813 392 I65

536 471 633 512 σοι’
662 451 876 508 carnale
921 445 1157 503 Ιιοηιῖηίε
1188 444 1452 506 ascen-Ill.
1485 461 1604 515 quae
1651 446 1974 515 przeparavit
2031 445 2171 499 Deus
2204 444 2269 498 iis
2313 445 2403 513 qui
2456 444 2688 513 diligunt
2720 444 2903 508 illum;
2938 441 3095 497 nobis
3123 451 3303 497 autem
3358 444 3626 501 revelavit
3674 448 3813 504 Deus

536 565 634 619 per
663 546 924 616 Spiritum
961 557 1141 599 suum.
1189 542 1275 595 I2.
1311 540 1547 610 Spiritus
1592 542 1737 597 enim
1783 544 1969 613 (potest
1998 542 2095 595 hoc
2132 539 2360 608 Spiritus
2396 540 2528 593 Dei?
2555 538 2890 608 Respondet),
2921 538 3101 592 omnia
3136 546 3431 601 scrutatur,
3460 538 3519 591 id
3570 550 3668 601 est.
3706 545 3817 609 scit,

536 654 583 699 et
617 645 752 697 scire
771 642 925 709 facit,
953 639 1119 694 etiam
1148 637 1412 707 profunda
1458 636 1575 692 Dei.
1608 637 1743 703 Quis
1776 638 1919 692 enim
1948 637 2002 703 (a
2033 635 2216 689 simili.
2261 633 2400 700 Quia
2434 634 2652 705 spiritus
2678 632 3034 691 hominisscit
3064 647 3181 696 qua:
3209 632 3433 687 hominis
3461 634 3609 705 sunt)
3648 636 3818 692 homi-

535 753 664 792 num
696 738 801 793 scit
848 752 969 807 qua:
993 746 1121 791 sunt
1162 735 1418 802 hominis,
1463 736 1589 807 quia
1627 735 1805 790 nullus
1834 737 1996 798 alius,
2029 733 2129 788 nisi
2161 733 2385 803 spiritus
2416 732 2652 787 hominis
2678 732 2768 800 qui
2804 732 2857 786 in
2888 731 3002 801 ipso
3028 729 3149 784 est?
3175 729 3249 783 ita
3281 731 3335 799 (a
3356 731 3517 785 sim'li
3549 731 3743 803 illatio)
3771 746 3821 791 et

534 844 656 900 quae
685 828 783 883 Dei
827 837 952 884 sunt
979 843 1140 883 nemo
1183 827 1457 898 cognovit,
1489 826 1593 882 nisi
1626 826 1866 897 Spiritus
1894 826 2010 881 Dei.
2046 824 2131 890 15,
2166 825 2252 878 14.
2284 824 2394 878 Nos
2425 834 2606 877 autem
2653 838 2759 877 non
2788 822 3038 892 spiritum
3068 818 3227 889 hujus
3255 821 3441 875 mundi
3488 824 3819 893 accepimus,

536 921 636 977 sed
670 920 932 991 Spiritum
960 921 1050 990 qui
1077 935 1142 975 ex
1176 922 1287 976 Deo
1317 929 1422 986 est,
1461 927 1521 974 ut
1548 920 1785 975 sciamus
1813 917 2101 989 (conclusio
2130 916 2456 987 principalis.
2491 914 2634 985 Ergo
2659 913 2805 969 nobis
2830 912 3090 983 reuelauit)
3125 927 3244 982 qua:
3274 927 3305 965 a
3335 912 3444 967 Deo
3471 914 3676 968 donata
3704 926 3821 971 sunt

538 1018 733 1084 nobis;
762 1033 882 1086 qua:
907 1028 962 1073 et
1003 1018 1275 1088 loquimur
1302 1019 1386 1072 15.
1419 1034 1525 1072 non
1569 1018 1624 1071 in
1652 1018 1824 1073 docti-3
1852 1017 2104 1071 humana:
2139 1014 2416 1083 sapientia:
2451 1014 2649 1079 verbis,
2676 1015 2769 1069 sed
2801 1014 2856 1068 in
2883 1014 3127 1069 doctrina
3165 1014 3419 1085 Spiritus,
3464 1025 3626 1082 quam
3664 1006 3822 1076 Spiri-

538 1119 624 1162 tus
655 1111 1016 1177 administrat,
1060 1110 1147 1165 16.
1203 1111 1596 1180 spiritualibus,
1644 1119 1795 1180 prout
1842 1118 2060 1178 possunt
2106 1125 2313 1178 capere,
2343 1107 2643 1176 spiritualia
2695 1123 2790 1176 pro
2844 1123 3091 1161 mensura
3146 1113 3546 1175 comparantes.
3598 1100 3683 1163 I7,
3740 1098 3816 1161 I8,

544 1202 631 1258 I9.
660 1199 927 1257 Animalis
955 1210 1134 1255 autem
1160 1203 1321 1256 homo
1350 1199 1466 1272 48
1488 1216 1593 1254 non
1620 1199 1850 1271 percipit
1871 1213 1935 1253 ea
1962 1213 2081 1267 qua:
2103 1207 2228 1252 sunt
2251 1197 2485 1266 Spiritus
2506 1198 2634 1265 Dei;
2670 1196 2877 1271 [causa]
2908 1198 3135 1252 stultitia
3161 1195 3303 1252 enim
3334 1204 3416 1251 est
3452 1194 3550 1259 illi,
3579 1199 3653 1256 et,
3683 1207 3818 1260 ergo,

541 1311 648 1350 non
696 1301 875 1363 potest
924 1293 1240 1364 intelligere,
1272 1293 1398 1363 quia
1448 1292 1823 1362 spiritualiter,
1857 1290 2142 1345 secundant
2194 1289 2491 1343 interiorem
2540 1292 2824 1356 hominem,
2874 1290 3236 1353 examinatur,
3277 1287 3332 1340 id
3369 1295 3467 1350 est,
3514 1285 3813 1337 dantnntur.

536 1385 627 1450 20,
655 1384 749 1439 2I.
780 1382 1091 1454 Spiritualis
1119 1390 1301 1437 autem
1346 1381 1559 1450 judicat
1608 1381 1875 1451 intelligit,
1919 1390 1966 1434 et
2021 1380 2343 1451 reprehendit
2376 1382 2580 1444 omnia,
2612 1382 2704 1436 22.
2753 1392 2808 1436 et
2850 1382 2963 1452 ipse
2991 1397 3021 1435 a
3054 1380 3269 1435 nemine
3309 1379 3611 1447 judicatur,
3649 1391 3820 1445 reprc-

535 1474 803 1529 henditur.
828 1472 916 1527 25.
948 1471 1082 1539 Quis
1104 1473 1247 1527 enim
1274 1471 1612 1543 [spiritualis,
1645 1473 1833 1542 inquit,
1862 1472 2015 1524 homo
2053 1487 2084 1523 a
2108 1471 2312 1524 nemine
2341 1472 2753 1541 reprehenditur,
2780 1474 2905 1543 quia
2946 1491 2976 1525 a
3001 1474 3205 1526 nemine
3230 1469 3533 1541 instruitur]
3572 1467 3818 1539 cognovit

535 1581 779 1629 sensum,
807 1564 1087 1633 Spiritum,
1112 1562 1348 1629 Domini,
1373 1562 1460 1616 24.
1491 1563 1581 1632 qui
1608 1562 1839 1617 instruat
1866 1558 2027 1614 eum?
2050 1557 2157 1612 Nos
2181 1569 2361 1612 autem
2390 1573 2631 1627 sensum,
2660 1558 2937 1631 Spiritum,
2967 1559 3169 1615 Christi
3199 1559 3479 1613 habemus.

2007 1648 2237 1706 CAPUT
2276 1650 2362 1706 IlI.

606 1744 676 1801 Et
699 1758 816 1813 ego,
851 1742 1070 1807 fratres,
1097 1758 1203 1797 non
1238 1741 1385 1811 potui
1413 1741 1563 1795 vobis
1604 1740 1747 1809 loqui
1773 1742 1926 1810 quasi
1978 1742 2377 1813 spiritualibus,
2405 1740 2499 1796 sed
2528 1739 2683 1809 quasi
2731 1738 3042 1795 carnalibus
3073 1737 3233 1808 (ratio
3264 1754 3362 1791 cur
3396 1754 3500 1792 non
3525 1738 3731 1792 locutus
3754 1738 3815 1792 sit

536 1837 613 1892 eis
645 1834 995 1907 spiritualia.)
1019 1834 1303 1902 Tanquam
1329 1831 1566 1902 parvulis
1606 1831 1658 1884 in
1688 1831 1925 1896 Christo,
1960 1831 2065 1897 lac,
2113 1832 2322 1885 minora
2369 1838 2654 1900 prwcepta,
2680 1827 2834 1882 vobis
2873 1835 3060 1895 potum
3114 1826 3256 1889 dedi,
3286 1839 3393 1879 non
3444 1840 3633 1880 escam
3667 1840 3682 1877 :
3716 1841 3813 1879 non

538 1928 735 1982 altiora
760 1941 779 1979 :
809 1926 1047 1981 nondum
1070 1925 1214 1979 enim
1265 1923 1549 1994 poteratis,
1605 1922 1700 1977 sed
1747 1938 1847 1978 nec
1900 1939 2046 1979 nunc
2097 1924 2315 1994 quidem
2372 1921 2639 1991 potestis;
2675 1920 2852 1974 adhuc
2874 1917 3022 1985 enim
3058 1917 3305 1972 carnales
3330 1917 3480 1972 estis.
3512 1915 3649 1971 Cum
3678 1916 3816 1972 enim

541 2020 615 2077 sit
645 2020 788 2074 inter
815 2033 914 2072 vos
936 2016 1083 2072 zelus
1112 2025 1167 2071 et
1187 2015 1500 2079 contentio;
1539 2029 1721 2069 nonne
1748 2016 2001 2071 carnales
2027 2016 2181 2079 estis,
2208 2014 2585 2085 eLsecundum
2617 2012 2919 2074 hominem,
2951 2027 3055 2065 non
3088 2008 3375 2064 secundum
3410 2006 3672 2079 Spiritum
3703 2008 3813 2072 Dei,

540 2109 1198 2167 ambulatis?lmmanitus
1225 2108 1417 2161 vivitis.
1466 2106 1699 2176 Exponit
1728 2109 1994 2177 quomodo
2044 2107 2334 2163 secundum
2365 2106 2631 2160 hominem
2687 2102 2976 2158 ambulent.
3026 2103 3077 2156 1.
3123 2102 3259 2157 Cum
3286 2103 3430 2157 enim
3484 2102 3611 2171 quis
3638 2100 3809 2174 dicat:

543 2202 659 2273 Ego
686 2199 902 2270 quidem
931 2213 1047 2252 sum
1098 2195 1384 2266 Discipulis
1416 2194 1597 2262 Pauli;
1637 2196 1776 2252 alius
1802 2206 1985 2254 autem
2020 2197 2113 2252 :2.
2153 2198 2266 2267 Ego
2319 2196 2532 2266 Apollo,
2571 2208 2751 2250 nonne
2797 2193 3047 2248 homines
3074 2193 3244 2248 estis?
3273 2193 3583 2246 humanitus
3629 2192 3815 2261 agitis?

538 2294 593 2349 5.
634 2293 774 2360 Quid
798 2292 963 2364 igitur
979 2300 1062 2347 est
1082 2289 1304 2361 Apollo?
1325 2289 1466 2357 Quid
1499 2304 1632 2346 vero
1658 2288 1893 2346 Paulus!
1928 2290 2159 2345 Ministri
2184 2290 2301 2359 ejus
2332 2289 2417 2344 cui
2442 2286 2766 2351 credidistis,
2796 2296 2851 2341 et
2876 2286 3166 2356 unicuique
3197 2295 3433 2339 nostrum
3456 2286 3605 2340 sicut
3630 2286 3801 2340 Domi-

1894 2378 2465 2437 COMMENTARIUS.

608 2477 698 2533 12.
744 2475 980 2532 Aucusr.
1024 2472 1111 2544 (ex
1140 2480 1295 2527 tract.
1347 2472 1402 2526 in
1430 2472 1568 2543 psal.
1621 2487 1721 2539 LII,
1772 2481 1902 2527 tom.
1961 2470 2119 2539 VIII).
2153 2476 2197 2533 Α
2224 2484 2336 2525 suae
2367 2469 2581 2535 animae,
2612 2482 2773 2539 quam
2800 2482 2906 2522 non
2930 2466 3068 2539 regit
3095 2467 3335 2537 spiritus,
3360 2481 3545 2538 neque
3576 2468 3808 2524 coluerat

544 2568 777 2639 Spiritus
791 2566 925 2620 enim
942 2566 1118 2618 omnia
1134 2572 1421 2617 scrutatur.
1454 2563 1529 2618 De
1554 2563 1762 2634 Spiritu
1793 2565 1888 2619 Dei
1913 2563 2121 2619 dictum

537 2670 623 2717 est
651 2659 794 2730 quod
842 2657 1028 2713 omnia
1084 2664 1378 2722 scrutetur,
1409 2658 1573 2711 etiam
1605 2656 1947 2712 altitudinem
2003 2656 2125 2721 Dei,

539 2768 648 2808 non
684 2751 810 2822 quia
841 2750 930 2804 ille
960 2757 1262 2814 scrutatur,
1309 2750 1400 2817 qui
1449 2749 1601 2803 novit
1628 2748 1839 2814 omnia;
1873 2748 1968 2803 sed
1996 2748 2125 2819 quia

542 2844 637 2900 tibi
659 2843 892 2898 donatus
914 2853 998 2896 est
1023 2840 1278 2911 Spiritus,
1311 2850 1363 2894 te
1388 2841 1623 2895 scrutari
1669 2839 1829 2905 fecit;
1879 2850 1935 2895 et
1981 2839 2127 2909 quod

539 2934 682 2990 dono
705 2934 850 2989 illius
878 2931 1031 2997 facis,
1068 2931 1157 2985 ille
1185 2930 1364 2985 facere
1393 2929 1611 2985 dicitur.

611 3028 703 3081 15.
734 3025 972 3080 Aueusr.
1000 3025 1087 3090 (ea;
1134 3020 1310 3075 Tract.
1342 3020 1405 3074 de
1434 3029 1547 3074 nat.
1602 3019 1766 3074 Mart.
1812 3018 2126 3091 Massylita;

539 3135 701 3176 serui.
726 3117 797 3173 42
815 3116 892 3170 De
921 3116 1111 3168 αἰτίη.
1144 3128 1265 3183 cap.
1308 3112 1363 3177 5,
1397 3120 1527 3167 tom.
1554 3110 1646 3182 X).
1680 3109 1795 3165 Nos
1826 3121 1999 3165 autem
2026 3128 2127 3166 non

546 3213 813 3283 spiritum.
868 3208 1104 3279 Spiritus
1156 3204 1318 3273 hujus
1362 3203 1570 3265 mundi,
1622 3202 1845 3271 spiritus
1890 3210 1974 3257 est
2018 3201 2130 3257 ela-

542 3303 736 3369 tionis;
794 3316 955 3371 quem
991 3297 1085 3368 qui
1144 3296 1367 3359 habent,
1423 3293 1641 3365 superbi
1694 3302 1901 3348 suntet
1933 3293 2126 3364 ingrati

540 3393 671 3449 Deo.
1464 3454 1472 3460 .

610 3484 701 3538 14.
735 3480 975 3537 Αιθκοε.
1029 3478 1142 3533 Nos
1178 3488 1350 3532 autem
1398 3492 1503 3530 non
1562 3475 1829 3544 spiri.’um.
1895 3475 2130 3547 Spiritus

540 3572 728 3628 mundi
767 3577 872 3634 est,
908 3583 1006 3639 per
1032 3583 1192 3638 quem
1215 3566 1551 3636 arripiuntur
1602 3564 1850 3631 fanatici,
1888 3567 1977 3635 qui
2013 3568 2131 3622 sine

544 3662 663 3717 Deo
676 3668 804 3716 sunt
828 3674 843 3725 ;
869 3673 1027 3728 quem
1058 3656 1356 3727 Pythonem
1380 3653 1670 3725 appellant.
1697 3653 1793 3709 llic
1824 3664 1904 3710 est
1922 3656 2011 3725 qui
2037 3671 2132 3725 per

541 3752 802 3824 Sybillam
841 3750 1053 3806 locutus
1082 3759 1190 3805 est.

2227 2558 2369 2614 intra
2424 2567 2596 2613 metas
2641 2556 2905 2612 naturalis
2938 2558 3169 2612 ordinis.
3232 2556 3333 2625 Qui
3390 2568 3578 2614 autem
3628 2560 3811 2629 spiritu

2227 2652 2463 2705 animam
2489 2651 2645 2721 regit,
2677 2660 2903 2706 vocatur
2927 2650 3248 2721 spiritualis.

2301 2742 2389 2796 19.
2434 2742 2634 2797 Lassa.
2668 2741 2928 2796 Animalis
2985 2743 3159 2796 homo.
3217 2742 3353 2809 Quia
3408 2743 3665 2799 animalis
3709 2754 3803 2805 est,

2230 2830 2357 2901 quia
2390 2831 2503 2901 ipsa
2534 2831 2836 2902 spiritualia
2861 2832 3153 2903 improbat,
3183 2841 3238 2888 et
3278 2832 3398 2889 ideo
3429 2833 3683 2890 laborare
3703 2851 3801 2890 non

2232 2932 2412 2994 potest
2434 2933 2493 2978 ut
2514 2924 2793 2995 intelligat.

2304 3016 2393 3071 20.
2412 3018 2650 3073 Aunusr.
2678 3018 2763 3088 (ea:
2778 3017 2867 3071 lib.
2890 3017 2967 3072 De
2982 3034 3099 3072 vera
3125 3018 3302 3087 reliq.,
3326 3035 3447 3090 cap.
3468 3020 3561 3084 5|,
3582 3028 3708 3075 tom.
3726 3020 3806 3074 Ill.

2240 3108 2546 3178 Spiritualis
2574 3118 2767 3163 autem.
2799 3107 2991 3165 Omnia
3050 3124 3179 3180 ergo
3233 3110 3463 3180 judicat,
3496 3111 3626 3180 quia
3658 3126 3810 3181 super

2234 3203 2419 3271 omnia
2469 3211 2571 3268 est,
2621 3203 2837 3272 quando
2882 3218 3002 3257 cum
3052 3204 3163 3258 Deo
3199 3213 3302 3258 est.
3357 3205 3489 3257 Cum
3520 3204 3611 3258 illo
3637 3212 3807 3258 autem

2234 3303 2337 3359 est,
2382 3294 2598 3363 quando
2647 3295 2938 3365 purissime
2988 3295 3259 3367 intelligit,
3311 3305 3366 3351 et
3395 3304 3505 3351 tota
3553 3292 3809 3352 charitato

2233 3386 2377 3457 quod
2408 3385 2656 3457 intelligit
2684 3386 2881 3457 diligit.
3694 3442 3701 3449 ,

2301 3478 2389 3532 21.
2430 3476 2631 3532 Lassa.
2664 3476 2969 3547 Spiritualis
2996 3488 3190 3533 autem.
3243 3477 3579 3548 Spiritualis,
3620 3480 3804 3551 inquit.

2233 3569 2486 3640 intelligit
2531 3580 2586 3625 et
2608 3570 2958 3640 reprehendit
2986 3572 3166 3625 omnia
3208 3586 3329 3640 quae
3376 3572 3722 3642 intelligenda
3758 3583 3809 3626 et

2233 3663 2673 3731 reprehendenda
2714 3671 2869 3728 sunt;
2901 3673 2955 3716 et
2993 3662 3108 3732 ipse
3142 3678 3171 3716 a
3211 3663 3358 3718 nullo
3403 3665 3702 3719 carnalium
3732 3664 3808 3719 vel

2232 3755 2651 3825 reprehenditur
2697 3754 2780 3809 vel
2818 3754 3155 3823 intelligitur.
3186 3756 3239 3809 In
3270 3765 3499 3826 utraque
3544 3757 3806 3829 signiﬁca-

613 3845 701 3900 I5.
725 3843 926 3899 Laure.
998 3841 1119 3896 Non
1175 3842 1229 3895 in
1278 3840 1466 3895 doctis.
1522 3839 1578 3894 In
1638 3839 1814 3895 doctis
1876 3810 2381 3900 huntanteBtione
2409 3846 2512 3900 hoc
2535 3846 2761 3900 verbum
2796 3846 3087 3915 reperitur.

542 3936 784 3993 scientia:
847 3934 1026 3992 verbis
1090 3949 1149 3988 se
1205 3932 1349 4003 loqui
1412 3935 1663 4003 abnegat.
1728 3933 1796 3988 Et
1840 3940 2021 3987 tamen
2072 3933 2124 3988 in

544 4025 846 4097 Scripturis
874 4023 991 4093 ejus
1030 4031 1180 4078 tanta
1228 4023 1470 4087 locorum
1496 4023 1924 4093 disputationum
1956 4022 2127 4077 subti-

541 4115 691 4182 litas,
745 4124 893 4169 tanta
922 4123 977 4169 et
1006 4124 1114 4168 tam
1165 4114 1380 4169 subtilis
1426 4112 1816 4168 benevolentia:
1865 4114 2124 4181 captatio,

542 4221 666 4260 cum
706 4220 794 4261 res
819 4205 1003 4276 exigit,
1053 4205 1351 4270 invenitur,
1379 4213 1437 4258 ut
1467 4201 1723 4257 tanta'vel
1751 4215 1815 4256 ea
1849 4202 2022 4271 major
2070 4202 2124 4255 in

542 4298 689 4353 nullo
711 4298 1101 4367 scripturarum
1153 4310 1351 4368 genere
1396 4294 1721 4364 reperiatur.
1754 4290 1908 4348 Unde
1936 4293 2125 4363 procul

542 4390 704 4446 dubio
731 4388 1062 4445 credendum
1116 4399 1198 4443 est
1246 4403 1352 4442 non
1384 4401 1507 4441 eum
1552 4384 1769 4454 regulas
1793 4384 1992 4440 artium
2020 4400 2123 4439 sre-

542 4480 805 4536 cularium
834 4480 886 4534 in
923 4479 1212 4535 scribendo
1241 4478 1325 4533 vel
1367 4477 1638 4548 loquendo
1694 4476 1980 4547 cogitasse.
2015 4475 2124 4532 Sed

541 4586 640 4643 per
663 4572 964 4629 doctrinam
992 4572 1165 4627 sancti
1187 4570 1445 4640 Spiritus,
1494 4584 1524 4624 a
1571 4570 1678 4640 quo
1735 4578 1791 4623 et
1817 4583 1914 4639 per
1964 4584 2123 4638 quem

544 4672 629 4721 est
655 4665 833 4721 omnis
860 4664 1007 4720 utilis
1035 4662 1250 4734 peritia,
1292 4660 1417 4715 talia
1465 4669 1520 4716 et
1559 4660 1737 4715 taliter
1760 4660 1983 4725 dixisse,
2007 4676 2125 4730 qua:

544 4771 642 4827 per
687 4752 897 4828 singula
939 4768 1287 4827 exponerem,
1339 4753 1445 4808 nisi
1504 4753 1879 4823 imperitorum
1937 4751 2123 4807 talium

545 4848 914 4904 doctrinarum
944 4861 1190 4901 murmur
1220 4845 1520 4900 timeretur.

618 4940 707 4993 I6.
739 4937 1051 5008 Spiritualia
1080 4948 1463 5006 comparantes,
1506 4938 1557 4993 id
1598 4947 1679 4994 est
1711 4949 2125 5010 compensantes

548 5028 884 5099 spiritualem
940 5026 1265 5092 doctrinam,
1319 5028 1616 5083 secundum
1680 5030 1821 5099 quod
1851 5045 2018 5100 capax
2043 5039 2127 5086 est

2299 3937 2388 3991 22.
2421 3937 2486 3991 Et
2519 3938 2626 4007 ipse
2671 3955 2705 3991 a
2752 3939 2975 3992 nemine.
3007 3937 3049 3992 A
3092 3938 3306 3993 nemine
3343 3939 3609 4009 spiritalis
3650 3940 3805 3993 homo

2228 4029 2568 4100 intelligitur,
2607 4030 2735 4098 quia
2762 4044 2919 4085 nemo
2944 4029 3226 4100 intelligit;
3261 4045 3365 4084 non
3394 4031 3542 4084 enim
3566 4029 3809 4099 cognovit

2226 4122 2350 4192 Quis
2410 4135 2625 4176 sensum
2647 4122 2883 4177 Domini.
2949 4122 2995 4177 A
3051 4138 3215 4177 causa
3266 4124 3462 4192 probat
3491 4124 3719 4187 iterum;
3778 4138 3805 4176 a

2227 4211 2446 4266 nemine
2494 4212 2929 4282 reprehenditur,
2966 4212 3092 4281 quia
3138 4227 3298 4268 nemo
3328 4213 3699 4282 reprehendit;
3756 4221 3806 4266 et

2228 4302 2329 4357 hoc
2357 4305 2568 4372 probat,
2595 4304 2721 4373 quia
2749 4318 2854 4358 non
2888 4304 3130 4358 inStruit.

2296 4392 2386 4447 25.
2413 4392 2543 4459 Quis
2565 4396 2703 4449 enim
2731 4396 2989 4466 cognovit.
3008 4394 3123 4451 Hoc
3145 4394 3376 4452 refertur
3397 4397 3465 4451 ad
3478 4395 3802 4469 snperiorem

2227 4483 2375 4539 verbi
2402 4485 2875 4555 signiﬁcationem.

2252 4588 2257 4593 '
2296 4575 2387 4631 24.
2421 4576 2526 4642 Qui
2550 4579 2775 4631 instruat
2801 4594 2941 4632 eum.
3004 4577 3118 4634 IIoc
3165 4579 3231 4633 ad
3282 4578 3663 4649 posteriorem.
3707 4577 3801 4646 Qui

2227 4668 2370 4722 enim
2452 4669 2820 4738 reprehendit,
2890 4668 3175 4724 scientiam
3235 4670 3541 4724 instruendi
3612 4670 3804 4727 habere

2226 4759 2406 4815 debet.
3718 4752 3752 4759 7‘

2298 4853 2452 4908 CAP.
2483 4851 2569 4905 III.
2609 4881 2680 4891 --
2738 4853 2790 4905 I.
2856 4852 3060 4907 Lassa.
3094 4852 3224 4907 Cum
3282 4854 3417 4907 enim
3474 4854 3591 4924 quis
3646 4853 3800 4907 dicat.

2227 4946 2504 5016 Expositio
2534 4945 2635 4999 zeli
2666 4953 2720 4999 et
2747 4945 3135 5000 contentionis.

2296 5036 2351 5089 2.
2384 5036 2625 5090 Asianos.
2660 5035 2774 5107 Ego
2825 5037 3083 5107 plantaui.
3142 5034 3395 5089 Plantare
3434 5044 3518 5091 est
3544 5032 3803 5105 evangeli-

548 5116 846 5189 spiritualis
875 5114 1119 5213 auditor;
1165 5130 1285 5185 quae
1309 5116 1663 5187 spiritualiler
1692 5120 1912 5187 auditis.
1961 5122 2091 5191 spiri
2155 5150 2201 5213 ρ
2233 5144 2360 5183 zare
2406 5138 2458 5182 et
2504 5130 2571 5182 ad
2627 5128 2785 5183 ﬁdem
2818 5131 3055 5184 trahere.
3112 5128 3313 5197 Rigare
3361 5143 3487 5183 vero
3534 5128 3802 5198 baptizare

549 5208 782 5263 tualibus
804 5204 1083 5276 probatur.

619 5300 706 5353 17.
728 5297 965 5351 Asianos.
994 5297 1250 5353 Animalis
1296 5298 1473 5361 homo.
1528 5300 1823 5358 Pecoribus
1860 5302 2002 5357 enim
2053 5300 2127 5355 si-

549 5389 711 5453 milis,
746 5388 799 5443 in
834 5396 1032 5442 terram
1058 5404 1273 5445 sensum
1301 5394 1575 5463 deprimit.

594 5482 707 5549 ,18.
725 5481 964 5536 Ausus'r.
990 5482 1176 5552 (exlib.
1195 5482 1525 5551 LXXXIII,
1545 5486 1772 5552 Qua‘st.,
1790 5501 1846 5555 q.
1868 5485 1958 5550 67,
1976 5494 2014 5539 t.
2033 5481 2124 5555 IV)

547 5574 806 5629 Animalis
829 5575 1002 5631 homo.
1034 5577 1132 5645 Qui
1157 5578 1288 5633 vivit
1314 5594 1381 5634 ex
1411 5594 1662 5649 corpore,
1695 5579 1929 5633 carnalis
1964 5580 2125 5635 homo

549 5667 632 5720 vel
661 5666 906 5723 animalis
930 5679 1175 5725 vocatur.
1223 5670 1491 5734 Carnalis,
1517 5671 1644 5739 quia
1678 5670 1919 5724 carnalia
1950 5680 2125 5725 secta-

550 5769 665 5828 tur;
699 5761 943 5835 apimalis
967 5772 1166 5829 autem,
1204 5763 1329 5832 quia
1383 5762 1553 5817 fertur
1603 5762 1857 5817 dissoluta
1908 5763 2121 5819 lascivia

2234 5218 2562 5274 solemnibus
2588 5219 2786 5273 verbis.

2305 5312 2357 5366 5.
2388 5310 2528 5375 Quid
2579 5312 2741 5381 igitur
2786 5322 2859 5367 est
2900 5313 3129 5383 Apollo?
3173 5313 3287 5370 Non
3330 5314 3537 5370 debetis
3585 5312 3797 5367 dicere:

2235 5401 2344 5471 Ego
2367 5416 2485 5455 sum
2517 5400 2665 5456 Pauli
2692 5403 2776 5457 vel
2802 5403 3014 5474 Apollo,
3056 5405 3150 5460 sed
3199 5404 3330 5470 Dei;
3379 5404 3504 5474 quia
3535 5400 3722 5471 Apollo
3750 5406 3801 5452 et

2227 5492 2427 5548 Paulus
2477 5493 2612 5548 nihil
2650 5504 2777 5549 sunt
2821 5495 2934 5550 Deo
2980 5497 3321 5565 comparati;
3359 5503 3487 5549 sunt
3524 5494 3667 5547 enim
3698 5490 3825 5544 mir

2227 5584 2384 5639 nistri
2409 5582 2544 5652 ejus,
2579 5585 2720 5640 sicut
2748 5586 3039 5657 unicuique
3068 5587 3332 5643 Dominus
3372 5586 3553 5651 dedit;
3584 5597 3797 5640 enume-

2227 5684 2315 5728 rat
2340 5683 2518 5728 autem
2550 5685 2731 5744 partes
2777 5677 3091 5745 ministerii,
3145 5676 3473 5748 praedicandi
3513 5672 3712 5731 scilicet
3748 5678 3798 5725 et

2228 5765 2554 5837 baptizandi.
