4034 6290
235 378 323 436 m
910 370 974 427 IN
1012 370 1071 426 ι).
1113 352 1316 426 psum
1349 367 1567 425 EPIST.
1602 368 1955 427 COMMENT.
1979 365 2285 425 ——ms'r.
2323 366 2344 425 ι
2388 369 2479 424 AD
2516 368 2673 426 con.
3357 364 3467 426 tuo

231 505 314 546 nus
337 484 443 559 (alii
461 483 578 555 plus
598 483 695 539 alii
726 481 922 552 minus)
942 479 1102 536 dedit.
1136 480 1247 549 Ego
1273 481 1613 549 prtedicando
1638 481 1693 534 in
1720 480 1825 549 ﬁde
1852 479 2114 549 plantavi,
2138 480 2325 549 Apollo
2354 479 2902 550 rigavitbaptisanda,
2926 480 3450 555 sedDeus(Paulus,
3490 474 3495 477 ’

231 579 391 648 inquit,
416 582 461 628 et
484 573 665 643 Apollo
702 572 838 627 nihil
852 582 985 636 sunt,
1006 572 1128 641 quia
1165 570 1301 625 Deus
1332 581 1561 639 tantum,
1590 573 1680 642 qui
1708 573 1800 627 dat
1840 572 2239 643 incrementum)
2268 572 2663 628 incrementum
2713 570 2879 626 dedit.
2907 571 3111 644 Itaque,
3139 577 3264 646 quia
3307 575 3453 630 Deus

228 678 425 732 tantum,
454 679 626 734 neque
660 664 758 734 qui
785 663 993 733 plantat
1022 671 1111 717 est
1135 662 1363 731 aliquid,
1390 676 1569 732 neque
1595 662 1688 733 qui
1711 664 1853 734 rigat
1888 678 1901 715 :
1930 662 2050 728 sed,
2079 662 2170 731 qui
2226 662 2621 718 incrementum
2656 661 2743 715 dat
2767 661 2933 716 Deus.
2963 662 3062 729 Qui
3084 674 3264 720 autem
3298 665 3465 735 plana:

229 769 292 815 tat
320 768 368 813 et
394 756 480 826 qui
507 756 664 825 rigat,
691 770 857 808 unum
887 763 1010 809 sunt
1036 754 1090 806 in
1116 753 1241 822 ﬁde.
1273 751 1660 824 Unusquisque
1684 763 1866 809 autem
1919 754 2194 825 propriam
2239 753 2549 808 mercedem
2589 753 2839 823 accipiet,
2868 754 3125 810 diversam
3153 767 3331 812 tamen
3359 759 3459 811 lia—

227 852 385 905 bebunt
408 847 687 901 mercedem
712 846 1005 900 secundum
1030 860 1188 900 suum
1210 844 1476 909 laborem,
1501 862 1597 916 pro
1613 845 1925 900 meritorum
1945 861 2165 899 suorum
2199 844 2475 916 qualitate.
2501 844 2556 898 4.
2589 842 2683 899 Dei
2708 843 2819 916 5.9
2845 845 2990 899 enim
3014 861 3202 902 sumus
3243 847 3456 916 adjuto-

226 956 317 1004 res,
350 938 743 1009 praedicatores;
770 936 861 991 Dei
892 935 1222 1007 agricultura
1248 920 1339 990 uos
1363 936 1520 1001 estis,
1546 935 1641 991 Dei
1680 934 1970 991 aedificatio
2027 934 2179 997 estis,
2233 943 2282 988 et
2323 949 2436 1004 ego.
2501 931 2810 990 Secundum
2852 933 3084 1004 gratiam
3128 936 3454 1005 apostolatus

222 1033 318 1099 Dei,
343 1047 456 1103 qua:
490 1032 615 1084 data
642 1037 725 1084 est
764 1029 919 1094 mihi,
957 1036 1013 1084 ut
1045 1029 1262 1098 sapiens
1283 1028 1617 1083 architectus
1642 1026 2076 1093 fundamentum,
2108 1027 2268 1096 ﬁdem
2290 1026 2510 1092 Christi,
2550 1027 2741 1097 posui;
2769 1026 2911 1082 alius
2944 1036 3123 1084 autem
3152 1031 3452 1099 superzedi-

222 1127 344 1181 ﬁeat.
372 1122 746 1191 Unusquisque
768 1130 948 1176 autem
988 1120 1166 1175 videat
1213 1120 1485 1190 quomodo
1525 1118 1943 1190 supertediﬁcet,
1975 1135 2133 1188 opera
2157 1118 2345 1188 faciat.
2403 1117 2458 1183 5,
2505 1117 2558 1172 6.
2618 1116 3055 1174 Fundamentum
3105 1118 3252 1174 enim
3307 1119 3456 1175 aliud

219 1226 353 1269 nemo
375 1218 548 1280 potest
574 1222 773 1279 ponere
803 1216 999 1279 prteter
1035 1209 1087 1264 id
1113 1209 1256 1278 quod
1288 1226 1321 1262 a
1350 1224 1432 1263 me
1462 1209 1696 1278 positum
1750 1216 1855 1274 est,
1885 1208 2029 1278 quod
2071 1217 2154 1263 est
2202 1206 2451 1263 Christus
2484 1205 2663 1272 Jesus,
2707 1206 2905 1262 Christi
2930 1208 3082 1277 ﬁdes.
3135 1208 3186 1263 7.
3233 1208 3290 1265 Si
3320 1211 3447 1279 quis

217 1314 372 1356 autem
393 1297 785 1368 superaedilicat
815 1313 982 1369 super
1006 1297 1132 1366 ﬁdei
1155 1296 1567 1353 fundamentum
1600 1299 1704 1353 hoc
1730 1315 1822 1369 per
1842 1298 1953 1352 lucc
1985 1299 2091 1351 tria
2117 1297 2253 1353 bona
2278 1315 2437 1368 opera
2464 1313 2656 1353 aurum
2674 1338 2690 1363 ,
2738 1306 3047 1369 argentum,
3075 1298 3283 1370 lapides
3317 1315 3448 1372 pre-

217 1394 377 1455 tiosos,
402 1406 494 1461 per
519 1390 623 1444 ista
648 1390 853 1444 minora
881 1399 1102 1460 peccata
1134 1389 1309 1459 ligna,
1351 1388 1556 1453 fenum,
1608 1389 1861 1458 stipulam
1892 1406 1905 1442 :
1931 1386 2359 1458 uniuscujusque
2387 1405 2523 1460 opus
2574 1389 2922 1445 manifestum
2968 1392 3109 1457 erit;
3144 1391 3259 1448 dies
3293 1394 3442 1449 enim

214 1480 415 1543 Domini,
439 1478 983 1549 judicii,declarabit,
1009 1479 1135 1549 quia
1161 1479 1214 1533 in
1238 1479 1380 1550 igne,
1413 1495 1507 1549 per
1532 1480 1727 1549 ignem,
1768 1478 2097 1535 revelabitur
2125 1490 2181 1533 et
2212 1479 2638 1550 uniuscujusque
2661 1496 2797 1551 opus
2821 1481 2980 1551 quale
3012 1482 3114 1547 sit,
3142 1484 3284 1554 ignis
3313 1501 3447 1554 pur-

212 1574 415 1644 gatortus
445 1569 695 1639 probabit
720 1570 817 1623 hoc
841 1569 997 1623 modo
1029 1585 1049 1623 :
1074 1569 1122 1624 si
1151 1570 1307 1639 cujus
1352 1585 1488 1641 opus
1545 1570 1831 1635 manserit,
1884 1570 2027 1640 quod
2062 1570 2221 1639 ﬁdem
2277 1571 2732 1640 supermdiﬁeavit
2778 1573 3087 1628 mercedem
3113 1575 3370 1644 accipiet;
3403 1576 3453 1631 si

212 1663 339 1732 cujus
364 1678 495 1731 opus
525 1662 741 1728 arserit,
775 1662 1163 1718 detrimentum
1186 1664 1445 1733 patietur,
1475 1663 1591 1734 ipse
1618 1672 1797 1719 autem
1830 1663 2014 1719 salvus
2039 1664 2167 1730 erit,
2197 1663 2276 1719 sie
2310 1671 2489 1718 tamen
2512 1664 2565 1718 8.
2592 1665 2745 1735 quasi
2785 1679 2882 1734 per
2910 1666 3107 1735 ignem.
3132 1667 3187 1733 9,
3231 1669 3315 1722 10.
3345 1668 3453 1724 Ne-

210 1756 338 1810 scitis
361 1756 442 1826 (ne
461 1756 569 1809 sint
606 1755 662 1810 in
698 1755 840 1811 vobis
874 1756 1181 1820 schismata)
1205 1756 1330 1824 quia
1356 1756 1440 1809 ll.
1473 1754 1731 1826 templum
1757 1753 1852 1810 Dei
1897 1754 2052 1820 estis,
2084 1763 2140 1810 ct
2166 1756 2289 1823 quia
2322 1753 2559 1824 Spiritus
2590 1754 2684 1808 Dei
2709 1755 2919 1809 habitat
2949 1755 3002 1809 in
3031 1756 3220 1811 vobis?
3242 1757 3298 1812 Si
3329 1758 3454 1829 quis

209 1856 362 1901 autem
386 1845 640 1917 templum
680 1846 776 1901 Dei
799 1845 1105 1912 violaverit,
1140 1844 1416 1917 disperdct
1453 1845 1605 1901 illum
1639 1846 1802 1900 Deus.
1830 1843 2115 1915 Templum
2163 1843 2309 1899 enim
2355 1841 2451 1899 Dei
2480 1852 2728 1898 sanctum
2775 1851 2881 1910 est,
2948 1846 3091 1914 quod
3142 1847 3277 1900 estis
3328 1862 3451 1903 vos.

206 1939 286 2006 ξ12.
312 1938 472 1993 Nemo
500 1938 713 2010 (putans
744 1937 840 1992 hoc
881 1937 1046 1992 Deum
1084 1937 1364 2009 negligere,
1391 1937 1470 1992 vel
1525 1954 1629 1992 non
1671 1937 1998 2008 acquiescere
2049 1936 2237 1995 verbis)
2293 1949 2352 1991 se
2399 1936 2641 1991 seducat.
2678 1934 2732 1990 Si
2770 1936 2892 2007 quis
2917 1937 3132 1992 videtur
3176 1938 3319 1993 inter
3358 1954 3456 1995 vos

209 2031 279 2085 l3.
304 2030 508 2099 sapiens
536 2045 657 2085 esse
680 2029 735 2083 in
773 2030 879 2085 hoc
905 2029 1123 2096 sazculo,
1152 2029 1205 2083 in
1233 2029 1429 2083 astutia
1456 2030 1617 2099 hujus
1651 2028 1833 2083 surculi
1859 2028 2064 2083 stultus
2096 2026 2210 2092 ﬁat,
2248 2026 2466 2081 stultum
2504 2043 2557 2081 se
2584 2043 2697 2081 esse
2734 2028 3011 2098 intelligat,
3038 2036 3094 2082 ut
3118 2029 3187 2083 sit
3216 2030 3453 2103 sapiens.

209 2118 451 2191 Sapientia
476 2118 626 2174 enim
646 2119 806 2189 hujus
837 2118 1045 2184 mundi,
1075 2118 1306 2173 stultitia
1336 2127 1420 2174 est
1446 2117 1590 2189 apud
1614 2117 1808 2183 Deum,
1838 2118 1894 2171 id
1923 2127 2018 2181 est,
2062 2118 2375 2187 sapientiam
2422 2134 2574 2171 suam
2619 2118 2843 2189 deponat
2866 2134 2886 2183 ;
2911 2118 3060 2173 debet
3089 2130 3262 2175 autem
3294 2122 3456 2190 depo.

210 2227 332 2274 nere;
352 2226 499 2263 omne
531 2208 640 2279 50
662 2210 799 2263 enim
832 2208 1052 2264 stultum
1085 2209 1472 2277 deponendum.
1499 2206 1774 2278 Scriptum
1804 2215 1886 2263 est
1907 2207 2053 2263 enim
2083 2207 2140 2261 in
2158 2206 2283 2262 Job.
2316 2224 2435 2281 cap.
2465 2223 2499 2261 v
2525 2225 2538 2261 :
2583 2207 2671 2262 14.
2718 2209 3186 2279 Comprehendam
3236 2212 3455 2281 sapien-

208 2311 273 2356 tes
290 2301 337 2355 in
360 2302 561 2356 astutia
589 2316 797 2357 eorum.
822 2301 889 2356 Et
911 2301 1107 2356 iterum
1136 2319 1150 2357 :
1178 2301 1437 2357 Dominus
1463 2302 1615 2357 novit
1664 2301 1751 2355 t5.
1802 2300 2163 2371 cogitationes
2211 2299 2561 2369 sapientium,
2590 2302 2843 2370 quoniam
2892 2316 3045 2356 vana:
3068 2312 3214 2357 sunt.
3275 2303 3448 2359 Nemo
3512 2350 3515 2353 .

208 2392 359 2462 itaque
384 2391 647 2463 glorietur
669 2393 816 2464 (quia
852 2390 1057 2447 Paulus
1078 2402 1125 2447 et
1159 2392 1346 2463 Apollo
1374 2394 1527 2464 nihil)
1559 2393 1614 2447 in
1639 2392 1970 2458 hominibus,
1992 2391 2449 2462 pradicatoribus,
2473 2390 2552 2445 vel
2581 2392 2994 2461 baptisatoribus
3021 2392 3107 2447 16.
3136 2394 3222 2448 1⁸7.
3251 2393 3448 2451 Omnia

1527 2503 2099 2564 COMMENTARIUS.

260 2601 307 2656 4.
335 2598 533 2655 Lassa.
563 2599 659 2653 Dei
678 2601 814 2653 enim
842 2615 1043 2653 sumus.
1079 2598 1239 2653 Ratio
1268 2613 1367 2654 cur
1390 2596 1587 2652 dixerit
1618 2612 1758 2650 mer-
1788 2605 1835 2660 Α
1864 2596 2157 2649 secundum
2190 2607 2338 2663 spem
2372 2591 2493 2665 [al.,
2543 2593 2824 2666 speciem].
2857 2593 3105 2661 Quanliu
3138 2606 3265 2652 sunt
3316 2610 3451 2655 tem-

208 2690 682 2761 cedem:0perarii
724 2692 889 2754 enim,
916 2706 1053 2761 quos
1101 2689 1377 2759 adjutores
1431 2689 1519 2742 hic
1576 2697 1756 2752 vocat,

209 2781 481 2836 mercedem
508 2780 689 2834 solent
708 2780 979 2849 accipere.

264 2870 310 2923 5.
343 2872 559 2925 Aucesr
596 2870 682 2940 (ex
709 2870 798 2922 lib.
826 2868 901 2922 De
920 2868 1024 2937 ﬁde
1051 2880 1097 2923 et
1127 2885 1293 2939 open,
1318 2883 1368 2923 c.
1401 2868 1483 2933 l6,
1512 2876 1620 2923 tom
1645 2866 1757 2939 IV).

212 2957 636 3014 Fundamentum.
664 2960 825 3015 Fides
873 2960 1060 3027 gratiae
1087 2960 1430 3026 (ihristiante,
1464 2960 1516 3015 id
1547 2967 1648 3022 est,
1695 2974 1760 3012 ea

208 3068 305 3122 qua-
324 3068 413 3123 per
433 3052 777 3107 dilectionem
801 3061 1081 3122 operatur,
1107 3052 1280 3122 posita
1308 3054 1359 3107 in
1385 3052 1757 3120 fundamento,

211 3146 444 3199 neminem
482 3146 667 3215 perire
697 3146 977 3215 permittit.
1011 3146 1187 3216 Super
1221 3147 1321 3201 hoc
1351 3146 1758 3201 fnndamentmn

209 3234 321 3289 alius
344 3235 572 3290 aediﬁcat
616 3250 833 3296 aurum,
881 3247 1183 3305 argentum,
1235 3235 1439 3305 lapides
1468 3238 1757 3306 pretiosos,

209 3327 247 3381 is
286 3328 522 3383 videlicet
576 3329 668 3397 qui
727 3329 925 3399 cogitat
974 3345 1091 3398 qurc
1142 3328 1232 3382 Dei
1281 3338 1426 3391 sunt,
1493 3331 1761 3398 quomodo

208 3418 386 3485 placeat
410 3418 536 3473 Deo.
562 3419 714 3472 Alius
742 3419 974 3473 aediﬁcat
993 3435 1155 3490 super
1178 3419 1317 3475 idem
1351 3418 1759 3475 fundamentum

209 3507 346 3578 ligna,
374 3508 578 3573 fenum,
628 3510 902 3579 stipulam,
934 3511 978 3565 is
1002 3510 1251 3566 videlicet
1291 3513 1382 3582 qui
1415 3513 1612 3582 cogitat
1641 3528 1761 3582 quae

209 3611 313 3655 sunt
334 3604 537 3667 mundi,
560 3602 830 3672 quomodo
860 3603 1067 3671 placeat
1097 3603 1273 3658 uxori.
1303 3604 1477 3673 (ibid.,
1503 3620 1567 3658 ex
1590 3601 1758 3657 Ench.

211 3691 265 3742 ad
292 3690 559 3757 Laurent.,
582 3708 630 3747 c.
654 3692 746 3755 68,
777 3700 882 3748 tom
913 3690 1019 3762 Ill.)
1043 3692 1189 3747 Illius
1216 3708 1348 3763 opus
1372 3709 1476 3747 non
1492 3694 1757 3758 exuritur,

210 3781 284 3847 qui
341 3798 440 3837 non
492 3797 557 3836 ea
595 3781 783 3836 dilexit
833 3797 1060 3851 quorum
1116 3782 1409 3837 amissione
1466 3783 1758 3838 crucietur.

211 3869 438 3925 Exuritnr
482 3880 667 3925 autem
721 3870 901 3939 hujus,
947 3870 1201 3940 quoniam
1258 3871 1375 3925 sine
1428 3871 1612 3927 dolore
1654 3888 1758 3925 usu

1865 2683 2013 2754 plum
2046 2684 2340 2737 secundum
2368 2683 2577 2739 tidem?
2616 2683 2864 2749 Quandiu
2912 2685 2966 2738 in
3022 2686 3153 2756 ipsis
3200 2687 3451 2744 Christus

1862 2789 1961 2843 per
1989 2772 2147 2828 ﬁdem
2173 2774 2403 2828 habitat.

1941 2864 2030 2918 10.
2076 2865 2319 2919 Αιιιιιιος.
2379 2862 2611 2919 Nescitis
2667 2866 2789 2937 quia
2840 2867 3088 2937 templum
3143 2868 3260 2923 Dei.
3327 2870 3452 2927 llaac

1864 2956 2067 3012 idcirco
2089 2957 2350 3028 prmmisit
2385 2966 2444 3012 ιιι
2475 2957 2596 3012 illos
2648 2969 2979 3029 compungat
3001 3003 3016 3025 ,
3052 2960 3178 3030 quia
3227 2963 3456 3032 turpiter

1863 3046 2113 3111 vivendo,
2143 3060 2373 3115 corpora
2407 3062 2502 3100 sua
2530 3046 2779 3101 violando
2803 3058 3186 3116 corruperunt.

1935 3138 2021 3190 ll.
2065 3136 2262 3189 Lassa.
2307 3134 2577 3205 Templum
2604 3135 2700 3189 Dei
2732 3136 2876 3189 estis.
2930 3136 3068 3207 Ergo
3099 3152 3165 3191 ne
3217 3137 3457 3207 perdatis

1865 3226 2120 3296 templum
2183 3226 2276 3281 Dei
2334 3228 2642 3297 peccando,
2686 3227 2891 3282 violare
2947 3244 3051 3281 non
3116 3228 3363 3295 debetis;
3409 3230 3455 3285 si

1861 3316 2005 3372 enim
2061 3318 2162 3371 hoc
2216 3315 2434 3383 facitis,
2485 3318 2763 3386 disperdet
2812 3333 2907 3372 vos
2955 3318 3258 3372 Dominus:
3314 3319 3450 3373 Nam

1862 3423 2076 3463 onmem
2103 3408 2194 3478 qui
2220 3408 2382 3463 violat
2411 3408 2668 3479 templum
2701 3408 2819 3474 Dei,
2856 3407 3131 3477 disperdet
3156 3408 3448 3475 Dominus;

1861 3514 1957 3553 vos
1985 3508 2165 3553 autem
2190 3501 2467 3569 peccando
2483 3500 2736 3565 violatis;
2784 3500 2928 3569 quod
2979 3501 3057 3554 sic
3095 3502 3309 3569 probat.
3342 3500 3450 3557 Vos

1862 3593 1996 3648 estis
2047 3594 2305 3664 templum
2357 3595 2473 3659 Dei,
2520 3596 2645 3666 quia
2698 3595 2934 3666 Spiritus
2983 3596 3075 3649 Dei
3128 3596 3338 3651 habitat
3391 3598 3445 3653 in

1864 3684 2051 3749 vobis;
2089 3684 2191 3739 hoc
2219 3693 2301 3740 est
2338 3685 2541 3751 dicere,
2571 3701 2669 3739 vos
2722 3685 2855 3740 estis
2905 3686 3276 3740 habitaculum
3327 3684 3445 3741 Dei.

1864 3776 1993 3832 Item
2019 3792 2180 3833 omne
2205 3787 2451 3832 sanctum
2481 3786 2564 3833 est
2599 3778 2852 3849 templum
2884 3779 2999 3843 Dei,
3040 3780 3132 3834 sed
3176 3794 3271 3835 vos
3316 3781 3453 3835 estis

1864 3856 2131 3934 sanctum,
2163 3884 2292 3938 ergo
2317 3869 2410 3924 Dei
2442 3870 2697 3940 templum
2734 3888 2746 3924 :
2781 3885 2877 3925 vos
2919 3880 3098 3924 autem
3125 3872 3290 3939 ipsos,
3321 3872 3449 3926 dum

211 3969 408 4026 pereunt
451 3976 573 4031 quae
600 3976 724 4016 cum
747 3976 931 4015 amore
954 3976 1200 4029 possessa
1224 3970 1367 4015 sunt.
1387 3960 1492 4015 Sed
1508 3963 1762 4031 quoniam
1796 3943 1839 4002 Β
1870 3961 2129 4030 peccatis,
2161 3960 2407 4028 violatis;
2436 3977 2566 4032 ergo
2593 3963 2848 4032 templum
2883 3962 2976 4018 Dei
3009 3964 3243 4018 violatis.

212 4049 499 4107 alterutrum
531 4051 654 4123 [al.,
680 4049 964 4123 alterutra]
1017 4051 1331 4107 conditione
1354 4052 1653 4121 proposita,
1685 4052 1765 4106 eis

212 4143 363 4211 potius
392 4144 571 4198 mallet
596 4158 784 4198 carere
805 4159 966 4213 quam
990 4142 1226 4208 Christo,
1260 4158 1360 4198 nec
1383 4144 1577 4198 timore
1598 4144 1759 4198 amit-

214 4233 335 4288 tendi
376 4236 519 4300 talia,
571 4233 779 4289 deserit
813 4233 1109 4299 Christum,
1163 4233 1409 4303 quamvis
1437 4234 1612 4287 doleat
1640 4249 1762 4288 cum

212 4324 611 4391 smittit,salvns
660 4324 879 4395 quidem
925 4334 1048 4390 est;
1089 4325 1168 4379 sic
1229 4332 1407 4379 tamen
1464 4325 1618 4394 quasi
1670 4340 1766 4394 per

214 4416 384 4487 ignem.
414 4419 565 4491 (ibid.
593 4417 754 4489 paulo
784 4419 926 4489 ante)
959 4419 1055 4473 Est
1102 4419 1243 4488 ignis
1271 4420 1376 4474 iste
1406 4422 1631 4475 tentatio
1663 4421 1765 4475 tri-

214 4506 492 4576 bulationis,
539 4512 606 4566 de
635 4525 743 4580 quo
794 4511 1057 4579 scriptum
1088 4519 1213 4565 est:
1259 4508 1363 4565 Vas
1411 4512 1561 4581 ﬁguli
1580 4512 1763 4583 probat

215 4600 397 4669 fornax,
411 4613 458 4657 et
480 4603 716 4657 homines
732 4603 908 4672 justas
937 4603 1153 4656 tentatio
1177 4602 1549 4658 tribulationis.

270 4693 317 4748 6.
367 4694 566 4751 LANFR.
628 4693 1053 4748 Fundamentum
1105 4695 1263 4749 enim.
1331 4696 1497 4763 Quasi
1565 4697 1764 4767 aliquis

216 4784 427 4842 diceret:
469 4802 567 4842 cur
597 4785 782 4840 dixisti
815 4784 1085 4840 :Tantum
1110 4786 1521 4856 superaulilicet,
1578 4798 1632 4844 et
1655 4805 1764 4844 non

217 4875 375 4932 dixisti
405 4894 420 4933 :
447 4877 881 4932 Fundamentum
916 4878 1062 4933 enim
1111 4879 1317 4949 ponat?
1346 4881 1537 4935 Absit!
1570 4881 1763 4951 inquit,

218 4966 592 5026 fundamentum
624 4970 769 5025 enim
794 4970 958 5035 aliud,
986 4979 1094 5025 etc.

274 5061 320 5113 7.
343 5063 570 5117 Alanos.
602 5061 666 5117 Si
679 5062 796 5130 quis
818 5072 989 5116 autem
1028 5064 1425 5133 superauiiﬁcet,
1446 5074 1552 5119 etc.
1568 5065 1765 5123 Tribus

219 5150 475 5218 prioribus,
506 5154 693 5218 bona;
734 5152 903 5208 tribus
952 5153 1301 5224 sequentibus
1333 5170 1468 5209 vana
1517 5156 1763 5212 doctrina

220 5254 445 5313 signatur.

1940 4051 2029 4105 12.
2073 4050 2242 4107 Nemo
2290 4069 2344 4107 se
2392 4054 2632 4120 seducat,
2667 4054 2719 4108 id
2751 4063 2857 4119 est,
2910 4069 3067 4109 nemo
3100 4055 3319 4124 proprio
3366 4054 3451 4110 vel

1868 4143 2106 4199 humano
2128 4143 2355 4199 consilio
2378 4154 2529 4214 putet
2554 4160 2613 4200 se
2640 4145 2741 4200 sibi
2769 4144 3044 4216 prodesse.
3064 4146 3141 4198 Ad
3171 4146 3450 4215 superiora

1866 4235 2026 4291 redit.

1939 4327 2027 4381 13.
2067 4326 2268 4381 LANrn.
2312 4326 2530 4396 Sapiens
2553 4327 2737 4381 essein
2782 4328 2880 4379 hoc
2908 4326 3122 4392 smculo,
3156 4327 3208 4380 id
3241 4336 3345 4390 est,
3397 4327 3453 4381 in

1868 4421 2068 4475 astutia
2091 4418 2249 4488 hujus
2276 4417 2457 4473 smculi
2490 4417 2602 4483 fiat,
2628 4419 2806 4485 idest,
2832 4418 3058 4473 stultum
3089 4434 3148 4472 se
3178 4417 3451 4490 intelligit,

1865 4522 1922 4569 et
1946 4512 2263 4583 sapientiam
2293 4525 2445 4567 suam
2478 4511 2763 4566 stultitiam
2790 4515 3033 4581 deputat.

1926 4603 2465 4673 H.Comprehendam
2478 4605 2755 4673 sapientes.
2775 4602 2829 4657 In
2849 4602 2949 4657 Job
2963 4604 3221 4673 scriptum
3243 4613 3325 4658 est
3349 4603 3449 4659 ita:

1869 4696 1974 4763 Qui
2004 4696 2389 4767 comprehendit
2412 4698 2672 4765 sapientes
2699 4697 2751 4749 in
2791 4698 2983 4749 astutia
3024 4713 3224 4750 eorum.
3281 4696 3453 4750 Omne

1867 4789 2009 4859 quod
2039 4789 2295 4860 illaqueat
2317 4789 2695 4860 deponendum
2723 4806 2737 4853 ;
2774 4789 2971 4843 astutia
2996 4798 3175 4843 autem
3198 4787 3455 4857 illaqueat

1867 4882 2151 4953 (scriptum
2184 4893 2268 4936 est
2297 4881 2441 4936 enim
2464 4881 2944 4950 comprehendam,
2965 4879 3097 4950 etc.)
3128 4894 3278 4945 ergo,
3307 4887 3414 4931 etc.

1939 4971 2024 5027 15.
2067 4970 2417 5042 Cogitationes
2442 4972 2774 5041 sapientium.
2805 4970 3063 5027 Inusitata
3095 4970 3450 5025 translatione

1866 5065 2083 5137 legitur,
2112 5066 2450 5133 cogitationes
2474 5065 2769 5118 hominum.

1938 5157 2025 5213 16.
2064 5158 2302 5212 Αιιιιιιοε.
2328 5156 2521 5211 Omnia
2552 5158 2690 5211 enim
2718 5166 2885 5211 vestra
2906 5155 3181 5211 sunt-Vita
3207 5168 3450 5225 praesens

1868 5249 2023 5304 nobis
2051 5264 2307 5304 concessa
2339 5259 2443 5314 est,
2479 5257 2537 5303 ut
2572 5248 2637 5302 ad
2669 5249 2764 5303 Dei
2817 5248 3041 5319 gloriam
3094 5261 3213 5300 eam
3250 5245 3450 5300 transi-

277 5336 324 5391 8.
360 5337 514 5403 Quasi
547 5356 642 5409 per
668 5340 859 5409 ignem.
893 5338 1037 5411 Ignis
1063 5320 1291 5397 extremi
1339 5339 1526 5411 jutlicii
1582 5344 1763 5398 tandiu
1792 5328 1835 5385 ε
1870 5356 2059 5412 gamus
2088 5356 2103 5405 ;
2144 5354 2312 5405 mors,
2338 5350 2395 5393 ut
2421 5353 2519 5409 pro
2552 5338 2771 5394 Christo
2804 5339 2941 5393 mori
2966 5337 3191 5391 velimus
3220 5351 3314 5406 spe
3364 5336 3448 5389 fn-

223 5423 427 5493 durabit,
465 5444 748 5499 quousque
783 5431 995 5502 purgati
1028 5432 1137 5485 sint
1186 5432 1278 5502 qui
1308 5432 1551 5487 salvandi
1582 5443 1762 5488 erunt.

280 5518 326 5572 9.
358 5519 582 5576 Ancus'r.
617 5520 705 5592 (ea:
730 5529 885 5573 tract.
916 5522 970 5573 in
998 5520 1134 5590 psal.
1158 5525 1349 5591 cxxtt).
1386 5519 1614 5577 Nescitis
1642 5523 1765 5593 quia

225 5612 435 5679 templum
473 5613 589 5667 Dei.
640 5613 843 5668 Omnes
900 5612 1076 5668 adhuc
1127 5614 1324 5668 inﬁrmi
1378 5624 1434 5668 et
1468 5617 1762 5670 sectnnlnm

229 5703 364 5757 tidem
383 5705 734 5773 ambulantes,
764 5705 1057 5760 secundum
1116 5702 1274 5759 ﬁdem
1332 5706 1585 5776 templum
1638 5716 1765 5762 sunt

233 5794 345 5860 Dei;
381 5808 427 5854 ct
479 5801 733 5872 templum
786 5799 878 5855 Dei
928 5797 1133 5853 erimus
1187 5797 1585 5869 aliquando,et
1639 5799 1751 5869 jam

1873 5442 2008 5487 tura:
2059 5431 2454 5502 promissionis.
2516 5430 2832 5495 Prtesentia,
2872 5438 2930 5483 ut
2983 5430 3059 5483 sic
3094 5429 3451 5498 prcsentibus

1872 5532 2088 5576 utamur
2112 5537 2176 5577 ne
2204 5521 2541 5577 oll'emlamus
2573 5521 2771 5586 futura,
2792 5528 2866 5585 ut,
2897 5534 2960 5574 ea
2982 5519 3287 5587 credentes,
3321 5520 3451 5591 ipsis

1872 5630 1969 5669 nos
1999 5615 2462 5670 commendemus.

1943 5710 2029 5763 17.
2071 5709 2274 5765 Lmrn.
2309 5710 2499 5764 Omnia
2533 5724 2687 5762 enim.
2724 5707 2888 5774 Quasi
2936 5707 3184 5763 diceret:
3244 5706 3308 5761 de
3366 5720 3445 5767 se,

1872 5800 2186 5871 majoribus,
2215 5814 2268 5858 et
2298 5800 2765 5859 cxcellentioribus
2799 5799 2957 5857 rebus
2981 5800 3175 5866 cuique
3207 5797 3446 5862 glorian-
