4034 6290
466 360 565 416 16⁸1
1419 357 1478 411 Β.
1529 354 1919 412 LANFRANCl
1959 353 2058 410 CA?

2179 352 2318 409 ΕΑΒ.
2372 354 2690 411 ARCHIEP.
3649 352 3783 409 168

461 473 604 526 enim
632 471 787 541 (ratio
804 486 896 522 cur
920 485 1022 522 non
1052 468 1268 521 debeant
1300 468 1516 538 gloriari
1548 471 1599 520 in
1629 468 1953 529 doctoribus,
1984 466 2180 539 scilicet
2209 482 2333 534 qum
2370 478 2488 520 sunt
2522 468 2764 536 ministri)
2809 473 2987 521 vestra
3036 475 3183 531 sunt,
3218 465 3329 522 sive
3356 466 3586 530 Paulus,
3617 464 3769 520 sive

468 559 704 626 Cephas,
738 558 972 613 {8..sive
995 559 1079 611 hic
1103 559 1353 621 ntundus,
1400 557 1482 611 19.
1519 558 1634 611 sive
1655 558 1784 620 vita,
1810 558 2103 619 doctarum,
2135 571 2252 625 qua:
2275 556 2344 608 ad
2372 558 2770 625 wdiﬁcationem
2809 557 3027 611 subditis
3055 574 3166 612 esse
3206 559 3373 622 debet,
3407 558 3523 613 sive
3566 571 3777 620 mors,

460 652 575 703 sive
600 650 911 718 pmesentia,
940 650 1053 704 sive
1089 649 1267 704 futura
1297 666 1310 715 ;
1343 650 1523 704 omnia
1553 651 1698 705 enim
1737 658 1918 704 vestra
1964 655 2116 712 sunt;
2147 662 2243 702 vos
2273 657 2465 723 autem
2486 648 2690 703 (lhristi
2718 666 2730 701 :
2763 648 2853 702 20.
2898 650 3150 705 Christus
3201 659 3385 704 autem
3447 649 3785 706 secundum

461 740 719 795 hominem
754 742 868 796 Dei.

1914 830 2145 887 CAPUT
2194 830 2286 886 IV.

501 956 511 976 ί
542 946 596 999 1.
639 945 732 1002 Sic
753 963 851 1004 nos
878 945 1141 1016 apostolos
1172 947 1446 1003 existimet
1477 947 1601 1017 (non
1626 956 1680 1001 ut
1710 946 1935 1019 aliquid)
1960 948 2140 1009 homo,
2172 956 2232 1000 ut
2263 944 2540 1000 ministros
2568 943 2790 1010 Christi,
2830 960 2931 998 non
2961 953 3016 998 ut
3050 942 3291 998 dominos
3312 952 3367 1000 et
3386 945 3442 998 2.
3467 945 3798 1017 dispensa-

468 1044 615 1093 tores
648 1038 1025 1109 mysteriorum
1054 1037 1169 1099 Dei,
1196 1039 1611 1107 prtrdicationis,
1644 1037 1721 1092 vel
1744 1038 2045 1103 sacerdotii,
2083 1047 2130 1091 et
2172 1036 2400 1091 aliorum
2435 1052 2708 1091 sacrarum
2738 1035 3001 1091 ordinum.
3056 1035 3111 1089 5.
3172 1034 3273 1091 Hic
3324 1036 3437 1106 jam
3488 1036 3803 1107 qumritur

464 1135 485 1204 (
514 1134 701 1187 horum
721 1134 992 1207 verborum
1028 1136 1299 1188 occasione
1325 1134 1656 1206 arguendos)
1684 1135 1824 1189 inter
1856 1150 1948 1189 nos
1991 1134 2392 1204 dispensatores
2422 1133 2477 1187 4.
2522 1141 2583 1186 ιιι
2615 1132 2785 1187 ﬁdelis
2808 1131 2931 1202 quis
2968 1131 3292 1187 inveniatur.
3323 1133 3378 1187 5.
3412 1133 3545 1189 Mihi
3572 1143 3796 1187 autem

472 1236 573 1295 pro
597 1214 821 1282 minimo
848 1238 931 1285 est
959 1238 1016 1283 ut
1046 1246 1076 1283 a
1106 1231 1503 1299 vobisjndicer,
1527 1233 1581 1286 in
1606 1233 1909 1287 ministeriis
1932 1231 2299 1301 dispensandis
2340 1229 2708 1300 reprehendar,
2738 1227 2794 1282 6.
2828 1235 2923 1281 aut
2951 1227 3281 1285 ab.humano
3311 1228 3421 1294 die,
3449 1228 3797 1293 intellectu;

469 1319 562 1372 sed
592 1335 762 1389 neque
785 1316 1047 1390 mcip‘sum
1070 1322 1274 1391 iudico,
1299 1324 1350 1377 in
1373 1325 1454 1378 Itis
1482 1339 1600 1394 quia
1649 1324 1717 1378 ad
1747 1324 1971 1394 o/ﬁcium
2006 1324 2260 1392 pertinent
2287 1362 2301 1387 ,
2352 1319 2669 1390 reprehendo
2714 1320 2854 1390 quod
2880 1319 3128 1389 facerem,
3178 1320 3226 1373 si
3266 1319 3572 1388 faciendum
3605 1329 3795 1375 esset.

468 1408 613 1467 Nihil
643 1415 785 1469 enim
816 1415 945 1470 mihi
967 1418 1021 1469 in
1044 1418 1303 1486 mysteriis
1323 1419 1687 1488 dispensandis
1712 1419 1960 1473 conscius
1988 1417 2204 1480 sum,7.
2226 1418 2318 1471 sed
2342 1430 2447 1470 non
2474 1414 2526 1469 in
2557 1414 2659 1483 51
2694 1412 3141 1482 hocjustiﬁcatns
3170 1428 3287 1469 sum
3316 1432 3330 1480 ;
3356 1416 3412 1471 8.
3441 1416 3533 1486 qui
3575 1424 3797 1471 autem

460 1505 664 1573 judicat
689 1521 777 1560 me
800 1509 927 1575 (vos,
963 1510 1149 1579 inquit,
1180 1529 1280 1565 non
1310 1514 1504 1567 debetis
1527 1530 1607 1568 me
1619 1514 1886 1583 judicare,
1908 1512 2033 1584 quia
2065 1511 2322 1565 Dominus
2349 1509 2514 1579 solus)
2539 1508 2798 1563 Dominus
2838 1519 2942 1565 est.
2975 1509 3158 1579 Itaque
3184 1511 3349 1566 nolite
3379 1523 3506 1566 ante
3540 1522 3798 1584 tempus

460 1598 704 1666 judicare
725 1602 869 1671 (quia
898 1602 1109 1659 Domini
1138 1618 1212 1660 est
1235 1608 1502 1680 judicare)
1521 1607 1707 1679 'quoatl
1733 1624 1901 1679 usque
1927 1608 2104 1663 veniat
2131 1607 2407 1670 Dominus,
2501 1605 2591 1675 qui
2614 1614 2664 1659 Cl
2688 1605 3014 1661 illuminabit
3040 1605 3353 1663 abscondita
3380 1610 3794 1675 tenebrarum,

466 1690 667 1744 occulta
696 1692 916 1746 crimina
942 1695 1239 1764 iniquorum
1270 1702 1681 1764 tenebrosorum,
1704 1710 1759 1755 et
1784 1700 2158 1755 manifestabit
2187 1698 2413 1753 consilia
2440 1698 2705 1765 cordium,
2736 1707 2789 1753 et
2818 1699 3078 1754 tunclaus
3107 1700 3212 1754 erit
3242 1702 3541 1772 unicuique
3560 1719 3593 1758 a
3621 1703 3792 1760 Deo.

465 1786 553 1839 10.
577 1785 702 1841 Haec
725 1797 925 1851 autem,
955 1790 1174 1859 fratres,
1202 1798 1580 1869 transliguravi
1606 1798 1656 1852 in
1685 1812 1771 1852 me
1794 1808 1848 1852 et
1871 1797 2076 1868 Apollo,
2100 1805 2321 1867 propter
2343 1810 2463 1861 vos,
2484 1793 2877 1849 humiliandos:
2903 1803 2981 1861 ut,
3001 1795 3253 1863 videlicet,
3279 1798 3331 1852 in
3356 1800 3511 1857 nobis
3527 1801 3797 1857 discatis

467 1894 534 1932 ne
558 1879 646 1933 11.
677 1898 839 1950 supra
871 1899 1033 1953 quam
1077 1893 1337 1961 scriptum
1380 1902 1482 1961 est,
1535 1895 1774 1965 superius
1794 1895 1858 1948 de
1884 1893 2051 1958 nobis,
2089 1907 2228 1946 unus
2252 1892 2515 1947 adversus
2566 1890 2795 1945 alterum
2825 1889 3039 1945 inﬂetur
3068 1907 3165 1962 pro
3196 1891 3325 1948 alio.
3377 1894 3464 1960 12,
3499 1896 3590 1951 15.
3626 1896 3794 1964 Q..is

463 1973 607 2027 enim
641 1983 692 2029 te
722 1975 981 2033 discernit
1032 1980 1179 2052 (dicit
1219 1988 1273 2040 in
1308 1990 1607 2044 doctoribus
1630 2007 1734 2044 non
1760 2007 1870 2044 esse
1904 1989 2259 2059 gloriandum,
2278 1988 2400 2058 quia
2422 1986 2521 2056 ipsi
2546 1982 2639 2041 nas
2659 2003 2690 2040 a
2709 1989 2933 2057 peccatis
2955 2004 3058 2042 non
3082 1988 3415 2057 discernunt;
3442 1991 3590 2047 Deus
3617 1995 3793 2048 enim

463 2065 701 2138 tantum)
728 2085 759 2119 (ι
783 2073 1009 2137 peccatis
1046 2089 1278 2146 separat,
1312 2083 1412 2135 nisi
1436 2082 1618 2137 Deus?
1648 2082 1785 2150 Quid
1809 2090 1988 2136 autem
2010 2081 2195 2144 habes,
2225 2096 2381 2150 quam
2406 2080 2632 2149 gratiam
2653 2079 2831 2146 habes,
2861 2082 3025 2151 quod,
3051 2098 3207 2152 quam
3229 2098 3336 2139 non
3366 2087 3683 2156 accepisti?
3720 2086 3789 2143 Si

1818 2175 2393 2233 COMMENTARIUS.

464 2275 592 2329 dum
629 2285 742 2343 est;
787 2294 890 2333 non
922 2281 987 2333 de
1012 2277 1095 2332 his
1119 2289 1238 2345 quae
1256 2287 1351 2327 sua
1386 2280 1532 2325 sunt.
2089 2274 2138 2331 Α
2167 2267 2507 2333 mortalium;
2538 2276 2666 2323 tunc
2716 2278 2897 2327 autem
2948 2270 3272 2328 illuminabit
3327 2272 3593 2330 Dominus
3634 2280 3793 2332 abs-

537 2368 622 2421 18.
665 2367 784 2423 Siue
811 2371 1060 2424 mundus.
1104 2366 1331 2425 Mundus
1351 2364 1495 2419 enim
1521 2372 1740 2435 propter
1765 2362 2054 2417 utilitatem

469 2455 748 2512 hominum
787 2459 962 2515 factus
989 2468 1090 2513 est.

539 2548 625 2602 19.
645 2549 760 2603 Sive
782 2551 907 2603 vita.
940 2550 1058 2605 Vita
1081 2560 1134 2604 et
1162 2562 1306 2603 mors
1324 2548 1601 2602 doctorum
1640 2546 1707 2601 ad
1738 2544 2057 2600 mdiﬁcatio-

468 2654 587 2692 nem
619 2638 847 2693 subditis
873 2656 991 2695 esse
1016 2640 1231 2693 debent.
1266 2638 1559 2691 Possumus
1583 2637 1742 2689 etiam
1769 2651 1864 2705 per
1896 2635 2057 2688 vitam

467 2730 714 2784 homines
752 2738 967 2785 sanctos
994 2740 1048 2785 et
1081 2728 1300 2801 angelos
1336 2717 1653 2796 intelligere.
1700 2727 1806 2781 Per
1831 2738 2057 2782 mortem

467 2820 738 2873 diabolum
766 2830 821 2875 et
862 2822 1103 2876 membra
1137 2821 1287 2888 ejus;
1319 2819 1435 2889 qui,
1473 2820 1599 2875 dum
1656 2818 1947 2873 ‘consulnnt
1977 2819 2059 2872 vel

467 2919 896 2979 persequuntur,
923 2909 1143 2963 utilitati
1184 2924 1465 2963 servorum
1498 2908 1591 2963 Dei
1629 2910 1950 2963 mserviunt.

545 2999 634 3054 20.
665 3000 903 3055 Aecusr.
922 2998 1452 3072 (exlib.LXXXlII,
1474 2998 1673 3065 Quaest.
1697 3009 1887 3070 quiest.
1904 2998 1993 3064 57,
2019 3006 2058 3052 t.

473 3089 586 3161 IV).
611 3090 850 3146 Christus
878 3100 1051 3145 autem
1080 3091 1199 3145 Dei.
1236 3090 1351 3145 Non
1382 3099 1636 3160 tanquam
1661 3090 1936 3145 dissimilis
1967 3098 2061 3145 aut

474 3183 699 3239 alterius
730 3193 973 3249 naturze;
1006 3185 1100 3239 sed
1132 3194 1387 3255 tanquam
1416 3184 1594 3239 Patris
1625 3184 1812 3239 Filius.

542 3272 695 3330 CAP.
736 3275 1212 3355 lV.—j.AuBRos.
1238 3276 1325 3331 Sic
1350 3294 1441 3331 nos
1470 3277 1727 3331 existimet
1749 3278 1925 3331 homo.
1963 3276 2061 3331 llic

478 3363 751 3435 signiﬁcat
776 3367 903 3435 quia
936 3366 1117 3421 minus
1146 3368 1280 3422 bene
1320 3367 1625 3422 sentiebant
1652 3368 1718 3421 de
1768 3366 1857 3420 illo
1893 3366 2059 3437 aliqui

471 3457 900 3513 Corinthiorum.
934 3530 939 3535 ι

541 3546 597 3599 2.
640 3546 844 3602 Lassa.
890 3548 1309 3619 Dispensatores.
1365 3550 1606 3619 Apostoli
1669 3549 2062 3619 dispensabant

2168 2361 2386 2414 condita
2446 2360 2815 2427 tenebrarum,
2853 2371 2908 2417 et
2936 2364 3307 2421 manifestabit
3346 2367 3791 2436 cogitationnes

2159 2450 2368 2513 cordis;
2409 2458 2460 2504 et
2501 2459 2628 2505 tunc
2656 2450 2774 2506 laus
2806 2454 2913 2507 erit
2966 2455 3258 2526 unicuique
3283 2472 3313 2511 a
3359 2458 3494 2524 Deo,
3524 2460 3673 2529 quia
3726 2460 3789 2515 id

2161 2540 2470 2596 laudabitur
2496 2552 2552 2596 et
2581 2543 2835 2613 diligetur
2863 2562 2891 2597 a
2915 2548 3164 2616 proximo
3192 2549 3247 2603 in
3274 2551 3545 2618 proximo,
3582 2554 3787 2624 quod,

2160 2647 2230 2687 ne
2268 2632 2452 2699 lateat,
2484 2634 2551 2689 ab
2585 2634 2701 2704 ipso
2723 2635 3117 2693 illuminabitur
3149 2641 3279 2697 Deo.

2232 2722 2330 2799 10..
2358 2722 2558 2779 ΒΑΜ-ιι.
2591 2724 2721 2780 llam
2754 2738 2926 2781 autem
2958 2728 3171 2797 fratres,
3199 2732 3254 2788 id
3302 2743 3390 2788 est
3417 2775 3432 2800 ,
3465 2736 3788 2806 superiora

2160 2811 2480 2868 httmilitatis
2510 2817 2675 2870 verba
2696 2856 2711 2880 ,
2736 2818 2933 2885 quibus
2967 2834 3053 2873 me
3091 2821 3392 2891 plantasse,
3422 2825 3627 2896 Apollo
3700 2829 3793 2883 ri-

2162 2906 2338 2971 g‘asse.
2376 2904 2480 2961 Sed
2526 2921 2626 2961 nec
2679 2906 3011 2977 plantantem
3061 2927 3164 2967 nec
3220 2914 3484 2985 rigantem
3546 2917 3789 2989 aliquid

2162 3016 2284 3056 esse
2305 2999 2437 3053 dixi.
2470 2999 2617 3063 Ideo,
2645 3002 3023 3069 praetermissis
3050 3004 3283 3071 exteris,
3303 3006 3354 3059 in
3375 3023 3459 3062 me
3482 3019 3537 3063 et
3562 3009 3791 3080 Apollo

2165 3092 2438 3157 transtuli,
2471 3093 2915 3150 uthumilitatem
2945 3097 2998 3150 in
3047 3100 3204 3154 nobis
3250 3101 3475 3157 discatis
3522 3105 3785 3164 habt-rc.

2236 3184 2321 3237 11.
2350 3181 2522 3252 Supra
2552 3201 2731 3253 quam.
2764 3184 2939 3255 Supra
2963 3188 3226 3259 scriptum
3275 3201 3360 3247 est
3391 3194 3541 3249 nullo
3592 3199 3788 3253 modo

2163 3289 2264 3344 pro
2292 3275 2609 3330 doctoribus
2636 3291 2759 3331 esse
2790 3279 3232 3348 superbiendum,
3260 3285 3385 3353 quia
3426 3288 3527 3356 ipsi
3566 3290 3789 3346 docto-

2166 3380 2273 3428 res,
2307 3364 2540 3420 ministri
2570 3375 2778 3422 tantum
2804 3378 2968 3436 sunt;
2997 3388 3097 3427 nec
3129 3374 3334 3444 aliquid
3391 3393 3514 3434 esse
3560 3382 3788 3439 existi-

2164 3465 2400 3520 mantur,
2426 3458 2493 3512 ad
2525 3462 2988 3529 comparationem
3031 3464 3149 3535 ejus
3186 3482 3215 3519 a
3247 3464 3355 3537 quo
3384 3478 3439 3524 et
3469 3487 3570 3541 per
3590 3490 3787 3545 quem

2169 3549 2560 3605 incrementum
2589 3552 2769 3607 datur.

477 3640 733 3708 mysteria
792 3640 924 3706 Dei;
968 3642 1101 3699 alios
1151 3643 1452 3712 episcopos,
1499 3643 1636 3698 alios
1686 3647 2058 3717 presbyteros,
2094 3621 2137 3674 Β
2234 3636 2490 3709 manu
2528 3645 2665 3697 enim
2714 3656 2763 3700 te
2814 3648 3116 3704 discernit?
3147 3650 3309 3717 Quasi
3367 3656 3625 3716 diceret:
3671 3662 3791 3719 sia.

476 3727 614 3781 alios
636 3728 687 3781 in
713 3729 858 3785 hunc
892 3730 1109 3784 modum
1133 3733 1466 3787 ordinantes.

543 3814 598 3868 ’5.
641 3815 743 3869 llic
781 3817 899 3886 jam
946 3808 1223 3889 qutrritur,
1274 3821 1326 3875 id
1379 3829 1481 3886 est,
1532 3824 1818 3877 occasione
1869 3823 2060 3878 horum

475 3920 719 3959 meorum
766 3907 1076 3977 verborum,
1136 3911 1330 3980 quibus
1378 3914 1651 3982 apostolos
1703 3915 1811 3968 dixi
1864 3915 2062 3971 debere

474 3997 779 4052 existimari
837 4009 895 4054 ut
950 4001 1376 4070 dispensatores,
1440 4006 1634 4073 qurerit
1684 4005 1882 4075 aliquis
1938 4008 2061 4076 quis

474 4087 616 4141 inter
638 4104 738 4142 nos
757 4089 1098 4160 dispensator
1121 4108 1308 4148 revera
1333 4093 1505 4148 ﬁdelis
1529 4094 1856 4158 inveniatur,
1878 4095 2062 4152 volens

471 4178 840 4234 ordinationes
854 4180 1319 4249 nostrasjudicare
1331 4183 1625 4237 secundum
1646 4183 1835 4237 merita
1852 4193 2057 4240 nostra.

541 4268 594 4321 4.
625 4267 691 4323 Ut
712 4270 905 4338 ﬁdelis.
935 4270 1023 4339 Ut,
1048 4288 1147 4343 pro
1177 4290 1373 4329 revera.
1401 4273 1555 4329 Sicut
1597 4274 1724 4330 illud
1750 4293 1761 4327 :
1789 4275 1863 4329 Et.
1878 4277 2061 4331 habitu

473 4357 710 4411 inventus
734 4370 789 4411 ut
812 4362 986 4414 ltomo.

490 4456 493 4459 ‘
543 4447 596 4500 5.
643 4448 776 4503 Mihi
805 4463 1000 4509 autent.
1044 4454 1209 4523 Quasi
1240 4456 1446 4511 diceret
1487 4474 1500 4510 :
1542 4458 1669 4527 quid
1720 4456 1807 4512 alii
1837 4458 2055 4529 dispen-

473 4547 685 4592 satores
706 4555 866 4611 super
891 4544 992 4599 hoc
1018 4546 1257 4600 sentiant
1282 4547 1486 4602 nescio.
1528 4549 1634 4604 Sed
1663 4565 1764 4621 ego
1785 4551 2058 4621 vitupera-

477 4627 647 4683 tiones
671 4641 879 4689 vestras
897 4636 1047 4712 nihili
1074 4638 1269 4708 pendo,
1293 4638 1470 4695 sciens
1497 4656 1590 4711 per
1612 4657 1731 4708 nos,
1754 4644 1847 4698 seu
1870 4643 2058 4713 dignos

476 4735 572 4777 seu
606 4723 872 4794 indignos,
903 4746 1038 4800 opus
1066 4746 1223 4785 suum
1255 4732 1420 4786 Deum
1446 4735 1680 4803 operari.

552 4814 605 4868 6.
648 4817 885 4874 AMBROS.
928 4822 1033 4874 Aut
1056 4821 1120 4873 ab
1153 4823 1382 4877 humano
1413 4824 1517 4878 die.
1559 4824 1865 4880 Humanum
1915 4826 2055 4884 diem

476 4906 601 4961 dum
633 4910 784 4977 dicit,
817 4912 1085 4983 signiﬁcat
1106 4913 1368 4978 divinum,
1399 4916 1454 4971 in
1479 4933 1587 4989 quo
1614 4917 1949 4988 iudicaturus
1974 4933 2058 4979 est

475 4996 744 5055 Christus.

546 5088 599 5144 7.
643 5091 749 5146 Sed
781 5110 883 5147 non
912 5097 967 5149 in
989 5097 1088 5149 hoc
1103 5097 1429 5167 justiﬁcatus
1458 5117 1594 5156 sum.
1628 5102 1782 5161 Nunc
1808 5107 2058 5163 humiliat

476 5195 554 5246 se,
583 5191 637 5237 et
663 5184 900 5254 loquitur
925 5195 983 5241 ut
1014 5187 1195 5254 homo,
1217 5190 1309 5259 qui
1339 5192 1508 5260 possit
1536 5194 1746 5265 culpam
1778 5198 2055 5257 incurrere

476 5287 711 5328 IICSCIUS.

544 5363 597 5419 8.
644 5363 749 5429 Qui
779 5375 953 5420 autem
970 5368 1182 5437 judicat
1214 5389 1312 5427 me.
1347 5373 1516 5431 Recte
1564 5377 1795 5435 Domino
1842 5381 2060 5441 Christo

471 5452 766 5522 plurimum
795 5453 978 5522 dedit;
1019 5460 1140 5529 quia
1166 5471 1346 5531 potest
1395 5468 1539 5535 quod
1602 5470 1873 5526 hominem
1906 5473 2057 5543 latet,

475 5543 604 5597 dum
634 5544 847 5599 occulta
868 5544 1094 5616 judicat,
1125 5554 1493 5612 manifestare.

545 5635 598 5728 9.
646 5639 886 5728 Apsusr.
921 5638 1160 5711 (Enchir.
1191 5645 1281 5700 ad.
1320 5646 1507 5715 Laur.,
1540 5666 1659 5722 cap.
1698 5652 1818 5718 120,
1851 5664 1891 5710 ι.
1931 5656 2044 5728 ΙΙΙ).

480 5720 584 5787 Qui
611 5733 659 5778 et
682 5722 1012 5785 illuminebil.
1050 5731 1163 5789 Non
1192 5736 1334 5791 enim
1364 5738 1565 5795 scimus
1591 5720 1868 5811 mortales,
1887 5720 2050 5804 corda

2166 3750 2342 3790 massa
2378 3736 2711 3806 perditorum
2747 3747 2798 3793 te
2828 3740 3018 3796 doctor
3046 3752 3168 3799 tuus
3208 3747 3570 3819 discerneret,
3616 3756 3784 3811 tole-

2166 3826 2335 3881 rabile
2363 3825 2590 3882 forsitan
2632 3839 2807 3895 esset,
2865 3831 2909 3886 si
2952 3849 3049 3902 pro
3107 3850 3171 3891 eo
3213 3842 3547 3907 superhires.
3600 3844 3787 3906 Nunc

2167 3934 2296 3973 vero
2324 3919 2575 3982 minime;
2611 3922 2704 3974 sed
2728 3937 2825 3991 per
2846 3937 2967 3978 eum
2996 3926 3254 3983 discernit
3289 3940 3340 3986 te
3369 3934 3529 3989 Deus.

2240 4008 2327 4064 15.
2361 4009 2601 4065 A‘ucusr.
2624 4013 2795 4083 (epist.
2825 4013 2914 4083 46,
2937 4018 3006 4068 ad
3044 4015 3269 4085 Valent.,
3293 4030 3329 4076 ι.
3354 4022 3441 4094 ll).
3463 4026 3597 4091 Quis
3619 4034 3789 4088 enim

2164 4109 2214 4153 te
2240 4100 2485 4155 discernit
2514 4103 2538 4155 5’
2567 4102 2718 4166 Quod
2748 4104 2869 4160 ideo
2894 4108 3045 4173 dicit,
3075 4111 3200 4178 quia
3254 4113 3321 4168 de
3376 4130 3554 4172 massa
3612 4121 3789 4181 illius

2163 4191 2482 4258 perditionis
2508 4208 2630 4262 qua:
2658 4196 2798 4250 facta
2843 4208 2926 4252 est
2963 4215 3026 4254 ex
3059 4201 3270 4266 Adam,
3321 4221 3430 4260 non
3481 4210 3786 4272 discernit

2166 4283 2464 4353 hominem,
2494 4296 2555 4341 ut
2604 4304 2728 4344 eum
2778 4290 2944 4347 faciat
2992 4309 3087 4350 vas
3135 4297 3187 4351 in
3213 4297 3494 4369 honorem,
3547 4320 3669 4362 non
3719 4311 3785 4366 in

2165 4379 2569 4442 contumeliam,
2606 4382 2707 4436 nisi
2736 4382 2897 4439 Deus.
2934 4386 3040 4442 Sed
3064 4390 3321 4457 quoniam
3365 4394 3527 4450 homo
3551 4414 3782 4459 carna-

2164 4469 2230 4523 lis
2255 4480 2312 4525 et
2367 4471 2601 4528 inaniter
2631 4475 2869 4544 inﬁatus,
2896 4495 3017 4536 cum
3047 4485 3289 4540 audisset
3320 4504 3332 4540 :
3375 4487 3507 4553 Quis
3543 4495 3703 4549 enim
3726 4508 3787 4553 te

2165 4562 2452 4645 discernit?
2477 4574 2661 4633 posset
2699 4571 3027 4639 respondere
3082 4575 3168 4630 vel
3219 4593 3350 4634 voce
3406 4581 3489 4636 vel
3545 4588 3786 4657 cogita-

2166 4654 2313 4710 tione
2343 4666 2400 4710 et
2427 4658 2607 4715 dicere
2638 4677 2650 4714 :
2680 4660 2948 4720 Discernit
2990 4682 3077 4723 me
3134 4668 3268 4727 ﬁdes
3299 4688 3416 4728 mea
3445 4714 3462 4740 ,
3488 4654 3783 4740 discernit

2167 4762 2255 4801 me
2296 4749 2472 4837 oratio
2528 4766 2682 4820 mea,
2721 4755 2981 4813 discernit
3023 4776 3111 4817 me
3150 4761 3360 4832 iustitia
3422 4785 3545 4825 mea
3570 4812 3586 4838 ,
3624 4789 3777 4833 mox

2167 4830 2458 4910 Apostolus
2477 4847 2719 4902 occurrit
2737 4830 3163 4921 cogitationibus
3174 4854 3312 4926 ejus,
3331 4869 3386 4916 et
3407 4860 3545 4917 dixit
3609 4830 3778 4935 Quid

2086 4968 2134 5033 Ο
2164 4932 2304 5033 enim.
2330 4934 2487 4989 [tabes
2528 4939 2665 5006 quod
2698 4938 3109 5016 non'accepistif

2245 5020 2331 5075 M.
2355 5021 2558 5080 LANl-‘R.
2578 5026 2718 5092 Quid
2730 5040 2899 5085 autem
2918 5033 3278 5093 habes?“in
3296 5054 3466 5111 genus
3487 5058 3778 5119 arrogam

2166 5112 2253 5166 tia:
2292 5128 2545 5171 amovere
2589 5130 2845 5185 conatur,
2880 5124 3128 5181 videlicet
3170 5144 3239 5184 ne
3277 5130 3440 5187 homo
3466 5112 3775 5207 superbiat

2164 5214 2388 5275 pr0pter
2412 5207 2647 5278 aliquam
2674 5213 2904 5280 gratiam
2924 5218 3025 5271 sibi
3047 5219 3315 5284 collatam.
3334 5234 3530 5294 putans
3543 5244 3673 5287 eam
3703 5250 3774 5292 se

2167 5296 2369 5353 habere
2381 5313 2411 5352 a
2427 5313 2502 5363 se,
2522 5300 2643 5357 ideo
2655 5304 2811 5359 dicit:
2828 5305 2965 5373 Quid
2980 5318 3161 5367 autem
3179 5313 3367 5383 habes,
3382 5321 3517 5373 etc.?
3529 5337 3595 5377 ac
3609 5325 3660 5379 si
3680 5328 3773 5382 di-

2164 5394 2255 5439 cat
2290 5401 2305 5440 :
2342 5388 2386 5441 si
2417 5399 2597 5445 autem
2637 5393 2713 5448 sis
2760 5408 3040 5466 separatus
3086 5417 3117 5457 a
3146 5406 3410 5475 peccatis,
3459 5409 3585 5468 ideo
3648 5432 3773 5475 non

2164 5479 2327 5575 debes
2352 5480 2602 5575 gloriari;
2624 5485 2677 5540 in
2704 5486 2849 5543 nullo
2869 5490 3015 5547 enim
3043 5496 3183 5564 quod
3205 5496 3420 5554 aliunde
3447 5506 3769 5575 acceperis,

2161 5570 2326 5626 debes
2346 5573 2587 5665 gloriari.
2624 5575 2876 5648 Separari
2905 5597 2935 5636 a
2964 5586 3199 5654 peccatis
3221 5587 3435 5645 aliunde
3457 5570 3763 5665 accepisti;

2155 5676 2280 5753 nam
2313 5664 2442 5731 quid
2476 5664 2644 5722 habes
2682 5671 2824 5739 quod
2865 5688 2974 5729 non
3014 5676 3084 5732 ab
3127 5677 3232 5735 alio
3268 5682 3571 5753 accepisti?
3602 5664 3766 5744 nihil

2163 5752 2369 5823 utique.
2400 5755 2563 5826 Ergo,
2578 5766 2684 5816 etc.
