  <div class='ocr_page' id='page_1' title='image "/cluster/home/n/w/nwhite01/storage/ocr_20150623/150/hvd.32044015473788/090.png"; bbox 0 0 3880 6306; ppageno 0'>
   <div class='ocr_carea' id='block_1_1' title="bbox 111 400 3371 471">
    <p class='ocr_par' dir='ltr' id='par_1_1' title="bbox 111 400 3371 471">
     <span class='ocr_line' id='line_1_1' title="bbox 111 400 3371 471; baseline -0.006 -4"><span class='ocrx_word' id='word_1_1' title='bbox 111 410 209 471; x_wconf 72' lang='grc' dir='ltr'><strong><em>ιω</em></strong></span> <span class='ocrx_word' id='word_1_2' title='bbox 822 402 887 462; x_wconf 75' lang='lat' dir='ltr'><strong>IN</strong></span> <span class='ocrx_word' id='word_1_3' title='bbox 926 404 989 462; x_wconf 76' lang='grc' dir='ltr'><strong>ι).</strong></span> <span class='ocrx_word' id='word_1_4' title='bbox 1029 402 1235 461; x_wconf 77' lang='lat' dir='ltr'><strong><em>PAUL.</em></strong></span> <span class='ocrx_word' id='word_1_5' title='bbox 1274 403 1497 459; x_wconf 53' lang='grc' dir='ltr'><strong><em>λίπει.</em></strong></span> <span class='ocrx_word' id='word_1_6' title='bbox 1534 401 1892 458; x_wconf 73' lang='lat' dir='ltr'><strong><em>COMMENT.</em></strong></span> <span class='ocrx_word' id='word_1_7' title='bbox 1925 429 1994 443; x_wconf 84' lang='lat'><strong>-</strong></span> <span class='ocrx_word' id='word_1_8' title='bbox 2033 400 2253 458; x_wconf 75' lang='lat' dir='ltr'><strong><em>artsr.</em></strong></span> <span class='ocrx_word' id='word_1_9' title='bbox 2294 402 2311 456; x_wconf 92' lang='lat' dir='ltr'><strong><em>I</em></strong></span> <span class='ocrx_word' id='word_1_10' title='bbox 2346 402 2438 457; x_wconf 85' lang='lat' dir='ltr'><strong><em>AD</em></strong></span> <span class='ocrx_word' id='word_1_11' title='bbox 2475 401 2635 459; x_wconf 81' lang='lat' dir='ltr'><strong><em>con.</em></strong></span> <span class='ocrx_word' id='word_1_12' title='bbox 3266 414 3371 471; x_wconf 64' lang='grc' dir='ltr'><strong><em>,το</em></strong></span> 
     </span>
    </p>
   </div>
   <div class='ocr_carea' id='block_1_2' title="bbox 104 514 3369 601">
    <p class='ocr_par' dir='ltr' id='par_1_2' title="bbox 104 514 3369 601">
     <span class='ocr_line' id='line_1_2' title="bbox 104 514 3369 601; baseline 0 -20"><span class='ocrx_word' id='word_1_13' title='bbox 104 535 280 583; x_wconf 78' lang='lat' dir='ltr'><strong><em>autem</em></strong></span> <span class='ocrx_word' id='word_1_14' title='bbox 310 519 585 593; x_wconf 84' lang='lat' dir='ltr'><strong><em>accepisti,</em></strong></span> <span class='ocrx_word' id='word_1_15' title='bbox 623 519 754 591; x_wconf 88' lang='lat' dir='ltr'><strong><em>quid</em></strong></span> <span class='ocrx_word' id='word_1_16' title='bbox 781 519 1034 591; x_wconf 77' lang='lat' dir='ltr'><strong><em>gloriaris</em></strong></span> <span class='ocrx_word' id='word_1_17' title='bbox 1062 518 1218 589; x_wconf 85' lang='lat' dir='ltr'><strong><em>quasi</em></strong></span> <span class='ocrx_word' id='word_1_18' title='bbox 1244 533 1349 572; x_wconf 88' lang='lat' dir='ltr'><strong><em>non</em></strong></span> <span class='ocrx_word' id='word_1_19' title='bbox 1372 518 1683 587; x_wconf 80' lang='lat' dir='ltr'><strong><em>acceperis?</em></strong></span> <span class='ocrx_word' id='word_1_20' title='bbox 1708 520 1794 574; x_wconf 86' lang='lat' dir='ltr'><strong><em>l5.</em></strong></span> <span class='ocrx_word' id='word_1_21' title='bbox 1824 518 1943 575; x_wconf 82' lang='lat' dir='ltr'><strong><em>Jam</em></strong></span> <span class='ocrx_word' id='word_1_22' title='bbox 1973 516 2204 573; x_wconf 85' lang='lat' dir='ltr'><strong><em>saturati</em></strong></span> <span class='ocrx_word' id='word_1_23' title='bbox 2233 517 2386 581; x_wconf 85' lang='lat' dir='ltr'><strong><em>estis,</em></strong></span> <span class='ocrx_word' id='word_1_24' title='bbox 2417 516 2658 581; x_wconf 86' lang='lat' dir='ltr'><strong><em>terrenis,</em></strong></span> <span class='ocrx_word' id='word_1_25' title='bbox 2687 514 2801 585; x_wconf 81' lang='lat' dir='ltr'><strong><em>jam</em></strong></span> <span class='ocrx_word' id='word_1_26' title='bbox 2825 518 3019 577; x_wconf 78' lang='lat' dir='ltr'><strong><em>divites</em></strong></span> <span class='ocrx_word' id='word_1_27' title='bbox 3045 522 3174 581; x_wconf 84' lang='lat' dir='ltr'><strong><em>lacti</em></strong></span> <span class='ocrx_word' id='word_1_28' title='bbox 3202 528 3369 601; x_wconf 78' lang='lat' dir='ltr'><strong><em>estis;</em></strong></span> 
     </span>
    </p>
   </div>
   <div class='ocr_carea' id='block_1_3' title="bbox 102 604 3375 687">
    <p class='ocr_par' dir='ltr' id='par_1_3' title="bbox 102 604 3375 687">
     <span class='ocr_line' id='line_1_3' title="bbox 102 604 3375 687; baseline -0 -15"><span class='ocrx_word' id='word_1_29' title='bbox 102 618 214 673; x_wconf 82' lang='lat' dir='ltr'><strong><em>sine</em></strong></span> <span class='ocrx_word' id='word_1_30' title='bbox 235 614 387 670; x_wconf 88' lang='lat' dir='ltr'><strong><em>nobis</em></strong></span> <span class='ocrx_word' id='word_1_31' title='bbox 416 610 673 681; x_wconf 83' lang='lat' dir='ltr'><strong><em>regnatis,</em></strong></span> <span class='ocrx_word' id='word_1_32' title='bbox 702 620 966 665; x_wconf 75' lang='lat' dir='ltr'><strong><em>terrenam</em></strong></span> <span class='ocrx_word' id='word_1_33' title='bbox 994 608 1282 678; x_wconf 74' lang='lat' dir='ltr'><strong><em>potentiam</em></strong></span> <span class='ocrx_word' id='word_1_34' title='bbox 1326 608 1547 672; x_wconf 90' lang='lat' dir='ltr'><strong><em>habetis,</em></strong></span> <span class='ocrx_word' id='word_1_35' title='bbox 1577 618 1633 663; x_wconf 84' lang='lat' dir='ltr'><strong><em>et</em></strong></span> <span class='ocrx_word' id='word_1_36' title='bbox 1657 606 1744 663; x_wconf 84' lang='lat' dir='ltr'><strong><em>l6.</em></strong></span> <span class='ocrx_word' id='word_1_37' title='bbox 1777 609 1982 663; x_wconf 82' lang='lat' dir='ltr'><strong><em>utinam</em></strong></span> <span class='ocrx_word' id='word_1_38' title='bbox 2008 606 2280 678; x_wconf 86' lang='lat' dir='ltr'><strong><em>regnetis!</em></strong></span> <span class='ocrx_word' id='word_1_39' title='bbox 2332 604 2640 676; x_wconf 79' lang='lat' dir='ltr'><strong><em>regnarctis,</em></strong></span> <span class='ocrx_word' id='word_1_40' title='bbox 2664 604 2859 660; x_wconf 75' lang='lat' dir='ltr'><strong><em>scilicet</em></strong></span> <span class='ocrx_word' id='word_1_41' title='bbox 2885 610 3077 668; x_wconf 78' lang='lat' dir='ltr'><strong><em>ctelesti</em></strong></span> <span class='ocrx_word' id='word_1_42' title='bbox 3104 632 3286 687; x_wconf 83' lang='lat' dir='ltr'><strong><em>regno,</em></strong></span> <span class='ocrx_word' id='word_1_43' title='bbox 3314 629 3375 675; x_wconf 87' lang='lat' dir='ltr'><strong><em>ut</em></strong></span> 
     </span>
    </p>
   </div>
   <div class='ocr_carea' id='block_1_4' title="bbox 100 704 3374 780">
    <p class='ocr_par' dir='ltr' id='par_1_4' title="bbox 100 704 3374 780">
     <span class='ocr_line' id='line_1_4' title="bbox 100 704 3374 780; baseline -0 -14"><span class='ocrx_word' id='word_1_44' title='bbox 100 720 151 766; x_wconf 92' lang='lat' dir='ltr'><strong><em>et</em></strong></span> <span class='ocrx_word' id='word_1_45' title='bbox 180 726 276 768; x_wconf 90' lang='lat' dir='ltr'><strong><em>nos</em></strong></span> <span class='ocrx_word' id='word_1_46' title='bbox 303 711 580 767; x_wconf 79' lang='lat' dir='ltr'><strong><em>vobiscum</em></strong></span> <span class='ocrx_word' id='word_1_47' title='bbox 613 723 920 780; x_wconf 80' lang='lat' dir='ltr'><strong><em>regnemus.</em></strong></span> <span class='ocrx_word' id='word_1_48' title='bbox 945 707 1083 763; x_wconf 86' lang='lat' dir='ltr'><strong><em>Puto</em></strong></span> <span class='ocrx_word' id='word_1_49' title='bbox 1104 707 1251 762; x_wconf 87' lang='lat' dir='ltr'><strong><em>enim</em></strong></span> <span class='ocrx_word' id='word_1_50' title='bbox 1279 706 1678 778; x_wconf 79' lang='lat' dir='ltr'><strong><em>(demonstratio</em></strong></span> <span class='ocrx_word' id='word_1_51' title='bbox 1700 707 1928 779; x_wconf 81' lang='lat' dir='ltr'><strong><em>qualiter</em></strong></span> <span class='ocrx_word' id='word_1_52' title='bbox 1952 707 2063 762; x_wconf 82' lang='lat' dir='ltr'><strong><em>sine</em></strong></span> <span class='ocrx_word' id='word_1_53' title='bbox 2094 704 2345 777; x_wconf 81' lang='lat' dir='ltr'><strong><em>apostolis</em></strong></span> <span class='ocrx_word' id='word_1_54' title='bbox 2384 706 2618 776; x_wconf 82' lang='lat' dir='ltr'><strong><em>regnent)</em></strong></span> <span class='ocrx_word' id='word_1_55' title='bbox 2642 705 2785 777; x_wconf 91' lang='lat' dir='ltr'><strong><em>quod</em></strong></span> <span class='ocrx_word' id='word_1_56' title='bbox 2810 704 2952 759; x_wconf 88' lang='lat' dir='ltr'><strong><em>Deus</em></strong></span> <span class='ocrx_word' id='word_1_57' title='bbox 2976 719 3073 759; x_wconf 89' lang='lat' dir='ltr'><strong><em>nos</em></strong></span> <span class='ocrx_word' id='word_1_58' title='bbox 3098 709 3374 777; x_wconf 83' lang='lat' dir='ltr'><strong><em>apostolos</em></strong></span> 
     </span>
    </p>
   </div>
   <div class='ocr_carea' id='block_1_5' title="bbox 100 797 3404 873">
    <p class='ocr_par' dir='ltr' id='par_1_5' title="bbox 100 797 3404 873">
     <span class='ocr_line' id='line_1_5' title="bbox 100 797 3404 873; baseline -0 -15"><span class='ocrx_word' id='word_1_59' title='bbox 100 804 181 858; x_wconf 82' lang='lat' dir='ltr'><strong><em>i7.</em></strong></span> <span class='ocrx_word' id='word_1_60' title='bbox 214 805 562 869; x_wconf 85' lang='lat' dir='ltr'><strong><em>novissimos,</em></strong></span> <span class='ocrx_word' id='word_1_61' title='bbox 585 802 860 858; x_wconf 89' lang='lat' dir='ltr'><strong><em>vilissimos</em></strong></span> <span class='ocrx_word' id='word_1_62' title='bbox 882 801 1023 870; x_wconf 84' lang='lat' dir='ltr'><strong><em>apud</em></strong></span> <span class='ocrx_word' id='word_1_63' title='bbox 1042 810 1238 855; x_wconf 82' lang='lat' dir='ltr'><strong><em>mentes</em></strong></span> <span class='ocrx_word' id='word_1_64' title='bbox 1259 798 1573 869; x_wconf 78' lang='lat' dir='ltr'><strong><em>inﬁdelium,</em></strong></span> <span class='ocrx_word' id='word_1_65' title='bbox 1603 801 1861 864; x_wconf 87' lang='lat' dir='ltr'><strong><em>ostendit,</em></strong></span> <span class='ocrx_word' id='word_1_66' title='bbox 1886 799 1973 855; x_wconf 78' lang='lat' dir='ltr'><strong><em>l8.</em></strong></span> <span class='ocrx_word' id='word_1_67' title='bbox 2000 809 2256 870; x_wconf 86' lang='lat' dir='ltr'><strong><em>tanquam</em></strong></span> <span class='ocrx_word' id='word_1_68' title='bbox 2287 798 2446 853; x_wconf 86' lang='lat' dir='ltr'><strong><em>morti</em></strong></span> <span class='ocrx_word' id='word_1_69' title='bbox 2470 798 2770 854; x_wconf 85' lang='lat' dir='ltr'><strong><em>destinatos</em></strong></span> <span class='ocrx_word' id='word_1_70' title='bbox 2803 815 2815 851; x_wconf 89' lang='lat'><strong>:</strong></span> <span class='ocrx_word' id='word_1_71' title='bbox 2845 797 2931 853; x_wconf 83' lang='lat' dir='ltr'><strong><em>l9.</em></strong></span> <span class='ocrx_word' id='word_1_72' title='bbox 2958 798 3082 867; x_wconf 56' lang='lat' dir='ltr'><strong><em>quia</em></strong></span> <span class='ocrx_word' id='word_1_73' title='bbox 3111 799 3373 873; x_wconf 79' lang='lat' dir='ltr'><strong><em>(e/fcctus)</em></strong></span> <span class='ocrx_word' id='word_1_74' title='bbox 3400 797 3404 802; x_wconf 78' lang='grc'><em>’</em></span> 
     </span>
    </p>
   </div>
   <div class='ocr_carea' id='block_1_6' title="bbox 98 894 3372 974">
    <p class='ocr_par' dir='ltr' id='par_1_6' title="bbox 98 894 3372 974">
     <span class='ocr_line' id='line_1_6' title="bbox 98 894 3372 974; baseline -0.003 -14"><span class='ocrx_word' id='word_1_75' title='bbox 98 901 453 974; x_wconf 74' lang='lat' dir='ltr'><strong><em>spectaculum</em></strong></span> <span class='ocrx_word' id='word_1_76' title='bbox 474 897 602 955; x_wconf 80' lang='lat' dir='ltr'><strong><em>facti</em></strong></span> <span class='ocrx_word' id='word_1_77' title='bbox 622 913 811 954; x_wconf 89' lang='lat' dir='ltr'><strong><em>sumus</em></strong></span> <span class='ocrx_word' id='word_1_78' title='bbox 837 898 961 951; x_wconf 91' lang='lat' dir='ltr'><strong><em>huic</em></strong></span> <span class='ocrx_word' id='word_1_79' title='bbox 984 895 1090 971; x_wconf 68' lang='lat'><strong>52</strong></span> <span class='ocrx_word' id='word_1_80' title='bbox 1109 895 1309 952; x_wconf 90' lang='lat' dir='ltr'><strong><em>mundo</em></strong></span> <span class='ocrx_word' id='word_1_81' title='bbox 1335 904 1391 949; x_wconf 89' lang='lat' dir='ltr'><strong><em>et</em></strong></span> <span class='ocrx_word' id='word_1_82' title='bbox 1419 896 1625 967; x_wconf 80' lang='lat' dir='ltr'><strong><em>angelis</em></strong></span> <span class='ocrx_word' id='word_1_83' title='bbox 1641 896 1889 968; x_wconf 81' lang='lat' dir='ltr'><strong><em>malignis</em></strong></span> <span class='ocrx_word' id='word_1_84' title='bbox 1915 904 1970 951; x_wconf 89' lang='lat' dir='ltr'><strong><em>ct</em></strong></span> <span class='ocrx_word' id='word_1_85' title='bbox 1991 896 2319 951; x_wconf 85' lang='lat' dir='ltr'><strong><em>hominibus.</em></strong></span> <span class='ocrx_word' id='word_1_86' title='bbox 2340 894 2640 965; x_wconf 84' lang='lat' dir='ltr'><strong><em>Increpatio</em></strong></span> <span class='ocrx_word' id='word_1_87' title='bbox 2653 910 2767 949; x_wconf 80' lang='lat' dir='ltr'><strong><em>cum</em></strong></span> <span class='ocrx_word' id='word_1_88' title='bbox 2785 895 2977 950; x_wconf 84' lang='lat' dir='ltr'><strong><em>ironia.</em></strong></span> <span class='ocrx_word' id='word_1_89' title='bbox 2994 894 3201 952; x_wconf 70' lang='lat'><strong><em>9.0.1105</em></strong></span> <span class='ocrx_word' id='word_1_90' title='bbox 3223 899 3372 957; x_wconf 80' lang='lat' dir='ltr'><strong><em>stulti</em></strong></span> 
     </span>
    </p>
   </div>
   <div class='ocr_carea' id='block_1_7' title="bbox 101 990 3377 1073">
    <p class='ocr_par' dir='ltr' id='par_1_7' title="bbox 101 990 3377 1073">
     <span class='ocr_line' id='line_1_7' title="bbox 101 990 3377 1073; baseline -0 -19"><span class='ocrx_word' id='word_1_91' title='bbox 101 1000 318 1054; x_wconf 70' lang='lat' dir='ltr'><strong><em>ridentur</em></strong></span> <span class='ocrx_word' id='word_1_92' title='bbox 362 997 486 1051; x_wconf 79' lang='lat' dir='ltr'><strong><em>huic</em></strong></span> <span class='ocrx_word' id='word_1_93' title='bbox 523 996 720 1050; x_wconf 88' lang='lat' dir='ltr'><strong><em>mundo</em></strong></span> <span class='ocrx_word' id='word_1_94' title='bbox 746 1003 968 1065; x_wconf 81' lang='lat' dir='ltr'><strong><em>propter</em></strong></span> <span class='ocrx_word' id='word_1_95' title='bbox 987 993 1289 1059; x_wconf 77' lang='lat' dir='ltr'><strong><em>Christum,</em></strong></span> <span class='ocrx_word' id='word_1_96' title='bbox 1320 992 1412 1048; x_wconf 74' lang='grc'><strong><em>21.</em></strong></span> <span class='ocrx_word' id='word_1_97' title='bbox 1447 1009 1543 1049; x_wconf 86' lang='lat' dir='ltr'><strong><em>vos</em></strong></span> <span class='ocrx_word' id='word_1_98' title='bbox 1573 1002 1758 1050; x_wconf 89' lang='lat' dir='ltr'><strong><em>autem</em></strong></span> <span class='ocrx_word' id='word_1_99' title='bbox 1786 995 2077 1065; x_wconf 86' lang='lat' dir='ltr'><strong><em>prudentes</em></strong></span> <span class='ocrx_word' id='word_1_100' title='bbox 2110 992 2304 1049; x_wconf 75' lang='lat' dir='ltr'><strong><em>scrcqu</em></strong></span> <span class='ocrx_word' id='word_1_101' title='bbox 2333 994 2386 1048; x_wconf 82' lang='lat' dir='ltr'><strong><em>in</em></strong></span> <span class='ocrx_word' id='word_1_102' title='bbox 2420 992 2674 1059; x_wconf 82' lang='lat' dir='ltr'><strong><em>Christo;</em></strong></span> <span class='ocrx_word' id='word_1_103' title='bbox 2730 993 2825 1047; x_wconf 87' lang='lat' dir='ltr'><strong><em>sub</em></strong></span> <span class='ocrx_word' id='word_1_104' title='bbox 2852 995 2955 1061; x_wconf 77' lang='lat' dir='ltr'><strong><em>[ide</em></strong></span> <span class='ocrx_word' id='word_1_105' title='bbox 2976 990 3176 1073; x_wconf 73' lang='lat' dir='ltr'><strong><em>Christi</em></strong></span> <span class='ocrx_word' id='word_1_106' title='bbox 3204 1011 3223 1059; x_wconf 89' lang='lat'><strong><em>;</em></strong></span> <span class='ocrx_word' id='word_1_107' title='bbox 3274 1011 3377 1054; x_wconf 77' lang='lat' dir='ltr'><strong><em>nos</em></strong></span> 
     </span>
    </p>
   </div>
   <div class='ocr_carea' id='block_1_8' title="bbox 92 1087 3371 1161">
    <p class='ocr_par' dir='ltr' id='par_1_8' title="bbox 92 1087 3371 1161">
     <span class='ocr_line' id='line_1_8' title="bbox 92 1087 3371 1161; baseline 0 -15"><span class='ocrx_word' id='word_1_108' title='bbox 92 1091 304 1155; x_wconf 81' lang='lat' dir='ltr'><strong><em>inﬁrmi,</em></strong></span> <span class='ocrx_word' id='word_1_109' title='bbox 328 1106 426 1147; x_wconf 88' lang='lat' dir='ltr'><strong><em>vos</em></strong></span> <span class='ocrx_word' id='word_1_110' title='bbox 451 1100 633 1145; x_wconf 86' lang='lat' dir='ltr'><strong><em>autem</em></strong></span> <span class='ocrx_word' id='word_1_111' title='bbox 660 1088 830 1144; x_wconf 83' lang='lat' dir='ltr'><strong><em>fortes</em></strong></span> <span class='ocrx_word' id='word_1_112' title='bbox 856 1106 869 1142; x_wconf 91' lang='lat'>:</span> <span class='ocrx_word' id='word_1_113' title='bbox 900 1103 996 1142; x_wconf 81' lang='lat' dir='ltr'><strong><em>vos</em></strong></span> <span class='ocrx_word' id='word_1_114' title='bbox 1020 1087 1250 1149; x_wconf 88' lang='lat' dir='ltr'><strong><em>nobiles.</em></strong></span> <span class='ocrx_word' id='word_1_115' title='bbox 1266 1103 1366 1143; x_wconf 91' lang='lat' dir='ltr'><strong><em>nos</em></strong></span> <span class='ocrx_word' id='word_1_116' title='bbox 1380 1100 1559 1144; x_wconf 86' lang='lat' dir='ltr'><strong><em>autem</em></strong></span> <span class='ocrx_word' id='word_1_117' title='bbox 1581 1088 1866 1159; x_wconf 85' lang='lat' dir='ltr'><strong><em>ignobiles.</em></strong></span> <span class='ocrx_word' id='word_1_118' title='bbox 1887 1089 2069 1161; x_wconf 86' lang='lat' dir='ltr'><strong><em>Usque</em></strong></span> <span class='ocrx_word' id='word_1_119' title='bbox 2088 1090 2228 1145; x_wconf 89' lang='lat' dir='ltr'><strong><em>enim</em></strong></span> <span class='ocrx_word' id='word_1_120' title='bbox 2249 1090 2301 1144; x_wconf 91' lang='lat' dir='ltr'><strong><em>in</em></strong></span> <span class='ocrx_word' id='word_1_121' title='bbox 2328 1090 2467 1145; x_wconf 89' lang='lat' dir='ltr'><strong><em>hanc</em></strong></span> <span class='ocrx_word' id='word_1_122' title='bbox 2491 1089 2776 1155; x_wconf 85' lang='lat' dir='ltr'><strong><em>horam,ct</em></strong></span> <span class='ocrx_word' id='word_1_123' title='bbox 2803 1090 3058 1159; x_wconf 79' lang='lat' dir='ltr'><strong><em>(e/fcctus)</em></strong></span> <span class='ocrx_word' id='word_1_124' title='bbox 3078 1092 3371 1160; x_wconf 84' lang='lat' dir='ltr'><strong><em>esurimus,</em></strong></span> 
     </span>
    </p>
   </div>
   <div class='ocr_carea' id='block_1_9' title="bbox 90 1180 3369 1251">
    <p class='ocr_par' dir='ltr' id='par_1_9' title="bbox 90 1180 3369 1251">
     <span class='ocr_line' id='line_1_9' title="bbox 90 1180 3369 1251; baseline 0.001 -15"><span class='ocrx_word' id='word_1_125' title='bbox 90 1193 139 1238; x_wconf 92' lang='lat' dir='ltr'><strong><em>et</em></strong></span> <span class='ocrx_word' id='word_1_126' title='bbox 166 1183 399 1249; x_wconf 91' lang='lat' dir='ltr'><strong><em>sitimus,</em></strong></span> <span class='ocrx_word' id='word_1_127' title='bbox 425 1190 481 1237; x_wconf 91' lang='lat' dir='ltr'><strong><em>et</em></strong></span> <span class='ocrx_word' id='word_1_128' title='bbox 505 1181 632 1236; x_wconf 90' lang='lat' dir='ltr'><strong><em>nudi</em></strong></span> <span class='ocrx_word' id='word_1_129' title='bbox 659 1196 867 1246; x_wconf 90' lang='lat' dir='ltr'><strong><em>sumus,</em></strong></span> <span class='ocrx_word' id='word_1_130' title='bbox 897 1190 952 1236; x_wconf 89' lang='lat' dir='ltr'><strong><em>et</em></strong></span> <span class='ocrx_word' id='word_1_131' title='bbox 973 1180 1219 1251; x_wconf 88' lang='lat' dir='ltr'><strong><em>colaphis</em></strong></span> <span class='ocrx_word' id='word_1_132' title='bbox 1242 1180 1526 1248; x_wconf 68' lang='lat' dir='ltr'><strong><em>credimur,</em></strong></span> <span class='ocrx_word' id='word_1_133' title='bbox 1560 1190 1614 1237; x_wconf 88' lang='lat' dir='ltr'><strong><em>et</em></strong></span> <span class='ocrx_word' id='word_1_134' title='bbox 1643 1181 1922 1238; x_wconf 81' lang='lat' dir='ltr'><strong><em>instabiles</em></strong></span> <span class='ocrx_word' id='word_1_135' title='bbox 1948 1197 2157 1248; x_wconf 90' lang='lat' dir='ltr'><strong><em>sumus,</em></strong></span> <span class='ocrx_word' id='word_1_136' title='bbox 2204 1192 2465 1237; x_wconf 88' lang='lat' dir='ltr'><strong><em>mutantes</em></strong></span> <span class='ocrx_word' id='word_1_137' title='bbox 2497 1182 2701 1237; x_wconf 87' lang='lat' dir='ltr'><strong><em>diversa</em></strong></span> <span class='ocrx_word' id='word_1_138' title='bbox 2749 1182 2864 1236; x_wconf 86' lang='lat' dir='ltr'><strong><em>loca</em></strong></span> <span class='ocrx_word' id='word_1_139' title='bbox 2900 1193 3111 1251; x_wconf 84' lang='lat' dir='ltr'><strong><em>propter</em></strong></span> <span class='ocrx_word' id='word_1_140' title='bbox 3151 1183 3369 1240; x_wconf 83' lang='lat' dir='ltr'><strong><em>nimiam</em></strong></span> 
     </span>
    </p>
   </div>
   <div class='ocr_carea' id='block_1_10' title="bbox 89 1276 3373 1353">
    <p class='ocr_par' dir='ltr' id='par_1_10' title="bbox 89 1276 3373 1353">
     <span class='ocr_line' id='line_1_10' title="bbox 89 1276 3373 1353; baseline 0 -20"><span class='ocrx_word' id='word_1_141' title='bbox 89 1279 510 1349; x_wconf 74' lang='lat' dir='ltr'><strong><em>persecutionem,</em></strong></span> <span class='ocrx_word' id='word_1_142' title='bbox 532 1286 589 1332; x_wconf 90' lang='lat' dir='ltr'><strong><em>et</em></strong></span> <span class='ocrx_word' id='word_1_143' title='bbox 608 1276 941 1341; x_wconf 81' lang='lat' dir='ltr'><strong><em>laboramus,</em></strong></span> <span class='ocrx_word' id='word_1_144' title='bbox 979 1291 1082 1331; x_wconf 87' lang='lat' dir='ltr'><strong><em>non</em></strong></span> <span class='ocrx_word' id='word_1_145' title='bbox 1110 1285 1400 1347; x_wconf 71' lang='lat' dir='ltr'><strong><em>quierentes</em></strong></span> <span class='ocrx_word' id='word_1_146' title='bbox 1427 1294 1459 1329; x_wconf 91' lang='lat' dir='ltr'><strong><em>a</em></strong></span> <span class='ocrx_word' id='word_1_147' title='bbox 1481 1277 1622 1331; x_wconf 75' lang='lat' dir='ltr'><strong><em>vobis</em></strong></span> <span class='ocrx_word' id='word_1_148' title='bbox 1643 1278 1984 1349; x_wconf 75' lang='lat' dir='ltr'><strong><em>stipendium,</em></strong></span> <span class='ocrx_word' id='word_1_149' title='bbox 2028 1287 2314 1349; x_wconf 86' lang='lat' dir='ltr'><strong><em>operantes</em></strong></span> <span class='ocrx_word' id='word_1_150' title='bbox 2357 1278 2609 1353; x_wconf 88' lang='lat' dir='ltr'><strong><em>manibus</em></strong></span> <span class='ocrx_word' id='word_1_151' title='bbox 2646 1277 2869 1335; x_wconf 83' lang='lat' dir='ltr'><strong><em>nostris.</em></strong></span> <span class='ocrx_word' id='word_1_152' title='bbox 2900 1276 3293 1348; x_wconf 68' lang='lat' dir='ltr'><strong><em>Haledicimur,</em></strong></span> <span class='ocrx_word' id='word_1_153' title='bbox 3315 1290 3373 1340; x_wconf 80' lang='lat' dir='ltr'><strong><em>et</em></strong></span> 
     </span>
    </p>
   </div>
   <div class='ocr_carea' id='block_1_11' title="bbox 91 1372 3371 1446">
    <p class='ocr_par' dir='ltr' id='par_1_11' title="bbox 91 1372 3371 1446">
     <span class='ocr_line' id='line_1_11' title="bbox 91 1372 3371 1446; baseline 0.001 -15"><span class='ocrx_word' id='word_1_154' title='bbox 91 1377 492 1442; x_wconf 85' lang='lat' dir='ltr'><strong><em>benedicimus;</em></strong></span> <span class='ocrx_word' id='word_1_155' title='bbox 520 1372 955 1445; x_wconf 81' lang='lat' dir='ltr'><strong><em>persecutionem</em></strong></span> <span class='ocrx_word' id='word_1_156' title='bbox 982 1372 1244 1442; x_wconf 83' lang='lat' dir='ltr'><strong><em>patimur,</em></strong></span> <span class='ocrx_word' id='word_1_157' title='bbox 1270 1381 1327 1428; x_wconf 86' lang='lat' dir='ltr'><strong><em>et</em></strong></span> <span class='ocrx_word' id='word_1_158' title='bbox 1356 1372 1723 1441; x_wconf 88' lang='lat' dir='ltr'><strong><em>sustinemus;</em></strong></span> <span class='ocrx_word' id='word_1_159' title='bbox 1768 1373 2232 1446; x_wconf 85' lang='lat' dir='ltr'><strong><em>blasphemamur,</em></strong></span> <span class='ocrx_word' id='word_1_160' title='bbox 2262 1386 2316 1430; x_wconf 85' lang='lat' dir='ltr'><strong><em>et</em></strong></span> <span class='ocrx_word' id='word_1_161' title='bbox 2344 1374 2436 1429; x_wconf 74' lang='lat'><strong><em>22.</em></strong></span> <span class='ocrx_word' id='word_1_162' title='bbox 2470 1377 2821 1431; x_wconf 84' lang='lat' dir='ltr'><strong><em>obsecramus</em></strong></span> <span class='ocrx_word' id='word_1_163' title='bbox 2849 1393 2862 1430; x_wconf 88' lang='lat'><strong>:</strong></span> <span class='ocrx_word' id='word_1_164' title='bbox 2895 1376 3248 1443; x_wconf 83' lang='lat' dir='ltr'><strong><em>obsecramus,</em></strong></span> <span class='ocrx_word' id='word_1_165' title='bbox 3293 1384 3371 1434; x_wconf 80' lang='lat' dir='ltr'><strong><em>ret</em></strong></span> 
     </span>
    </p>
   </div>
   <div class='ocr_carea' id='block_1_12' title="bbox 90 1468 3370 1544">
    <p class='ocr_par' dir='ltr' id='par_1_12' title="bbox 90 1468 3370 1544">
     <span class='ocr_line' id='line_1_12' title="bbox 90 1468 3370 1544; baseline 0.001 -16"><span class='ocrx_word' id='word_1_166' title='bbox 90 1491 147 1528; x_wconf 87' lang='lat' dir='ltr'><strong><em>ne</em></strong></span> <span class='ocrx_word' id='word_1_167' title='bbox 169 1473 542 1543; x_wconf 76' lang='lat' dir='ltr'><strong><em>blnsphement,</em></strong></span> <span class='ocrx_word' id='word_1_168' title='bbox 578 1469 656 1525; x_wconf 85' lang='lat' dir='ltr'><strong><em>vel</em></strong></span> <span class='ocrx_word' id='word_1_169' title='bbox 677 1470 846 1524; x_wconf 84' lang='lat' dir='ltr'><strong><em>Deum</em></strong></span> <span class='ocrx_word' id='word_1_170' title='bbox 871 1478 928 1523; x_wconf 88' lang='lat' dir='ltr'><strong><em>ut</em></strong></span> <span class='ocrx_word' id='word_1_171' title='bbox 953 1469 1223 1538; x_wconf 84' lang='lat' dir='ltr'><strong><em>ignoscat;</em></strong></span> <span class='ocrx_word' id='word_1_172' title='bbox 1255 1478 1509 1537; x_wconf 83' lang='lat' dir='ltr'><strong><em>tanquam</em></strong></span> <span class='ocrx_word' id='word_1_173' title='bbox 1547 1477 1902 1538; x_wconf 86' lang='lat' dir='ltr'><strong><em>purgamenta</em></strong></span> <span class='ocrx_word' id='word_1_174' title='bbox 1950 1468 2110 1537; x_wconf 89' lang='lat' dir='ltr'><strong><em>hujus</em></strong></span> <span class='ocrx_word' id='word_1_175' title='bbox 2156 1469 2341 1523; x_wconf 79' lang='lat' dir='ltr'><strong><em>mutuli</em></strong></span> <span class='ocrx_word' id='word_1_176' title='bbox 2382 1468 2512 1525; x_wconf 81' lang='lat' dir='ltr'><strong><em>facti</em></strong></span> <span class='ocrx_word' id='word_1_177' title='bbox 2544 1484 2732 1525; x_wconf 84' lang='lat' dir='ltr'><strong><em>sumus</em></strong></span> <span class='ocrx_word' id='word_1_178' title='bbox 2772 1471 3012 1526; x_wconf 88' lang='lat' dir='ltr'><strong><em>omnium</em></strong></span> <span class='ocrx_word' id='word_1_179' title='bbox 3066 1474 3370 1544; x_wconf 86' lang='lat' dir='ltr'><strong><em>peripsema</em></strong></span> 
     </span>
    </p>
   </div>
   <div class='ocr_carea' id='block_1_13' title="bbox 88 1559 3374 1637">
    <p class='ocr_par' dir='ltr' id='par_1_13' title="bbox 88 1559 3374 1637">
     <span class='ocr_line' id='line_1_13' title="bbox 88 1559 3374 1637; baseline 0.002 -18"><span class='ocrx_word' id='word_1_180' title='bbox 88 1567 303 1637; x_wconf 82' lang='lat' dir='ltr'><strong><em>objectio</em></strong></span> <span class='ocrx_word' id='word_1_181' title='bbox 327 1580 499 1635; x_wconf 84' lang='lat' dir='ltr'><strong><em>usque</em></strong></span> <span class='ocrx_word' id='word_1_182' title='bbox 527 1564 728 1618; x_wconf 81' lang='lat' dir='ltr'><strong><em>adhuc.</em></strong></span> <span class='ocrx_word' id='word_1_183' title='bbox 764 1562 855 1619; x_wconf 72' lang='lat'><strong><em>23.</em></strong></span> <span class='ocrx_word' id='word_1_184' title='bbox 887 1560 1003 1616; x_wconf 79' lang='lat' dir='ltr'><strong><em>Non</em></strong></span> <span class='ocrx_word' id='word_1_185' title='bbox 1029 1569 1088 1615; x_wconf 89' lang='lat' dir='ltr'><strong><em>ut</em></strong></span> <span class='ocrx_word' id='word_1_186' title='bbox 1109 1559 1438 1616; x_wconf 80' lang='lat' dir='ltr'><strong><em>confundam</em></strong></span> <span class='ocrx_word' id='word_1_187' title='bbox 1472 1575 1589 1629; x_wconf 90' lang='lat' dir='ltr'><strong><em>vos,</em></strong></span> <span class='ocrx_word' id='word_1_188' title='bbox 1622 1561 1983 1615; x_wconf 85' lang='lat' dir='ltr'><strong><em>verecundiam</em></strong></span> <span class='ocrx_word' id='word_1_189' title='bbox 2012 1561 2154 1615; x_wconf 83' lang='lat' dir='ltr'><strong><em>vobis</em></strong></span> <span class='ocrx_word' id='word_1_190' title='bbox 2177 1562 2399 1630; x_wconf 76' lang='lat' dir='ltr'><strong><em>inferam</em></strong></span> <span class='ocrx_word' id='word_1_191' title='bbox 2422 1603 2435 1626; x_wconf 91' lang='lat'><strong><em>,</em></strong></span> <span class='ocrx_word' id='word_1_192' title='bbox 2466 1562 2579 1616; x_wconf 60' lang='lat' dir='ltr'><strong><em>haec</em></strong></span> <span class='ocrx_word' id='word_1_193' title='bbox 2610 1579 2768 1631; x_wconf 80' lang='lat' dir='ltr'><strong><em>supra</em></strong></span> <span class='ocrx_word' id='word_1_194' title='bbox 2788 1564 2925 1617; x_wconf 89' lang='lat' dir='ltr'><strong><em>dicta</em></strong></span> <span class='ocrx_word' id='word_1_195' title='bbox 2956 1564 3165 1632; x_wconf 81' lang='lat' dir='ltr'><strong><em>scribo;</em></strong></span> <span class='ocrx_word' id='word_1_196' title='bbox 3196 1566 3289 1621; x_wconf 88' lang='lat' dir='ltr'><strong><em>sed</em></strong></span> <span class='ocrx_word' id='word_1_197' title='bbox 3313 1578 3374 1625; x_wconf 88' lang='lat' dir='ltr'><strong><em>ut</em></strong></span> 
     </span>
    </p>
   </div>
   <div class='ocr_carea' id='block_1_14' title="bbox 89 1656 3372 1730">
    <p class='ocr_par' dir='ltr' id='par_1_14' title="bbox 89 1656 3372 1730">
     <span class='ocr_line' id='line_1_14' title="bbox 89 1656 3372 1730; baseline 0.001 -12"><span class='ocrx_word' id='word_1_198' title='bbox 89 1662 220 1718; x_wconf 82' lang='lat' dir='ltr'><strong><em>ﬁlios</em></strong></span> <span class='ocrx_word' id='word_1_199' title='bbox 242 1676 401 1718; x_wconf 83' lang='lat' dir='ltr'><strong><em>meos</em></strong></span> <span class='ocrx_word' id='word_1_200' title='bbox 422 1659 776 1717; x_wconf 86' lang='lat' dir='ltr'><strong><em>charissimos</em></strong></span> <span class='ocrx_word' id='word_1_201' title='bbox 799 1673 1014 1714; x_wconf 87' lang='lat' dir='ltr'><strong><em>moneo.</em></strong></span> <span class='ocrx_word' id='word_1_202' title='bbox 1049 1657 1182 1730; x_wconf 88' lang='lat' dir='ltr'><strong><em>(Cur</em></strong></span> <span class='ocrx_word' id='word_1_203' title='bbox 1205 1657 1345 1727; x_wconf 82' lang='lat' dir='ltr'><strong><em>ﬁlios</em></strong></span> <span class='ocrx_word' id='word_1_204' title='bbox 1373 1658 1618 1730; x_wconf 82' lang='lat' dir='ltr'><strong><em>vocavit.)</em></strong></span> <span class='ocrx_word' id='word_1_205' title='bbox 1645 1656 1778 1713; x_wconf 86' lang='lat' dir='ltr'><strong><em>Nam</em></strong></span> <span class='ocrx_word' id='word_1_206' title='bbox 1801 1658 1845 1712; x_wconf 91' lang='lat' dir='ltr'><strong><em>si</em></strong></span> <span class='ocrx_word' id='word_1_207' title='bbox 1875 1658 2059 1713; x_wconf 97' lang='lat' dir='ltr'><strong><em>decem</em></strong></span> <span class='ocrx_word' id='word_1_208' title='bbox 2089 1658 2255 1712; x_wconf 86' lang='lat' dir='ltr'><strong><em>millia</em></strong></span> <span class='ocrx_word' id='word_1_209' title='bbox 2282 1658 2714 1729; x_wconf 65' lang='lat' dir='ltr'><strong><em>pmdagogorum,</em></strong></span> <span class='ocrx_word' id='word_1_210' title='bbox 2754 1662 3096 1727; x_wconf 85' lang='lat' dir='ltr'><strong><em>monitorum,</em></strong></span> <span class='ocrx_word' id='word_1_211' title='bbox 3126 1664 3372 1721; x_wconf 65' lang='lat' dir='ltr'><strong><em>habeatis</em></strong></span> 
     </span>
    </p>
   </div>
   <div class='ocr_carea' id='block_1_15' title="bbox 89 1756 3385 1833">
    <p class='ocr_par' dir='ltr' id='par_1_15' title="bbox 89 1756 3385 1833">
     <span class='ocr_line' id='line_1_15' title="bbox 89 1756 3385 1833; baseline 0.001 -20"><span class='ocrx_word' id='word_1_212' title='bbox 89 1758 138 1813; x_wconf 90' lang='lat' dir='ltr'><strong><em>in</em></strong></span> <span class='ocrx_word' id='word_1_213' title='bbox 162 1758 400 1826; x_wconf 84' lang='lat' dir='ltr'><strong><em>Christo,</em></strong></span> <span class='ocrx_word' id='word_1_214' title='bbox 423 1760 477 1813; x_wconf 90' lang='lat' dir='ltr'><strong><em>in</em></strong></span> <span class='ocrx_word' id='word_1_215' title='bbox 501 1759 740 1816; x_wconf 88' lang='lat' dir='ltr'><strong><em>doctrina</em></strong></span> <span class='ocrx_word' id='word_1_216' title='bbox 772 1758 991 1824; x_wconf 80' lang='lat' dir='ltr'><strong><em>Christi,</em></strong></span> <span class='ocrx_word' id='word_1_217' title='bbox 1023 1758 1118 1814; x_wconf 88' lang='lat' dir='ltr'><strong><em>sed</em></strong></span> <span class='ocrx_word' id='word_1_218' title='bbox 1150 1774 1257 1813; x_wconf 89' lang='lat' dir='ltr'><strong><em>non</em></strong></span> <span class='ocrx_word' id='word_1_219' title='bbox 1292 1757 1490 1813; x_wconf 90' lang='lat' dir='ltr'><strong><em>multos</em></strong></span> <span class='ocrx_word' id='word_1_220' title='bbox 1520 1757 1730 1822; x_wconf 86' lang='lat' dir='ltr'><strong><em>Patres,</em></strong></span> <span class='ocrx_word' id='word_1_221' title='bbox 1776 1758 1865 1812; x_wconf 89' lang='lat' dir='ltr'><strong><em>sed</em></strong></span> <span class='ocrx_word' id='word_1_222' title='bbox 1896 1775 1973 1812; x_wconf 88' lang='lat' dir='ltr'><strong><em>me</em></strong></span> <span class='ocrx_word' id='word_1_223' title='bbox 1994 1756 2183 1812; x_wconf 89' lang='lat' dir='ltr'><strong><em>solum.</em></strong></span> <span class='ocrx_word' id='word_1_224' title='bbox 2213 1757 2349 1811; x_wconf 81' lang='lat' dir='ltr'><strong><em>Nam</em></strong></span> <span class='ocrx_word' id='word_1_225' title='bbox 2400 1757 2452 1812; x_wconf 90' lang='lat' dir='ltr'><strong><em>in</em></strong></span> <span class='ocrx_word' id='word_1_226' title='bbox 2482 1758 2700 1813; x_wconf 75' lang='lat' dir='ltr'><strong><em>Christo</em></strong></span> <span class='ocrx_word' id='word_1_227' title='bbox 2741 1758 2866 1817; x_wconf 77' lang='lat' dir='ltr'><strong><em>Jesu</em></strong></span> <span class='ocrx_word' id='word_1_228' title='bbox 2894 1775 2991 1830; x_wconf 88' lang='lat' dir='ltr'><strong><em>per</em></strong></span> <span class='ocrx_word' id='word_1_229' title='bbox 3020 1760 3385 1833; x_wconf 70' lang='lat' dir='ltr'><strong><em>Evangelium-</em></strong></span> 
     </span>
    </p>
   </div>
   <div class='ocr_carea' id='block_1_16' title="bbox 86 1853 3375 1927">
    <p class='ocr_par' dir='ltr' id='par_1_16' title="bbox 86 1853 3375 1927">
     <span class='ocr_line' id='line_1_16' title="bbox 86 1853 3375 1927; baseline 0.003 -21"><span class='ocrx_word' id='word_1_230' title='bbox 86 1868 181 1924; x_wconf 81' lang='lat' dir='ltr'><strong><em>ego</em></strong></span> <span class='ocrx_word' id='word_1_231' title='bbox 200 1870 297 1910; x_wconf 87' lang='lat' dir='ltr'><strong><em>vos</em></strong></span> <span class='ocrx_word' id='word_1_232' title='bbox 326 1855 508 1925; x_wconf 84' lang='lat' dir='ltr'><strong><em>genui,</em></strong></span> <span class='ocrx_word' id='word_1_233' title='bbox 538 1872 655 1910; x_wconf 89' lang='lat' dir='ltr'><strong><em>sum</em></strong></span> <span class='ocrx_word' id='word_1_234' title='bbox 679 1863 829 1927; x_wconf 82' lang='lat' dir='ltr'><strong><em>pater</em></strong></span> <span class='ocrx_word' id='word_1_235' title='bbox 850 1864 1015 1911; x_wconf 85' lang='lat' dir='ltr'><strong><em>vester</em></strong></span> <span class='ocrx_word' id='word_1_236' title='bbox 1041 1855 1098 1909; x_wconf 90' lang='lat' dir='ltr'><strong><em>in</em></strong></span> <span class='ocrx_word' id='word_1_237' title='bbox 1121 1853 1227 1924; x_wconf 77' lang='lat' dir='ltr'><strong><em>[ide</em></strong></span> <span class='ocrx_word' id='word_1_238' title='bbox 1257 1853 1472 1908; x_wconf 80' lang='lat' dir='ltr'><strong><em>Christi.</em></strong></span> <span class='ocrx_word' id='word_1_239' title='bbox 1502 1853 1654 1926; x_wconf 76' lang='lat' dir='ltr'><strong><em>Rogo</em></strong></span> <span class='ocrx_word' id='word_1_240' title='bbox 1679 1869 1808 1925; x_wconf 87' lang='lat' dir='ltr'><strong><em>ergo</em></strong></span> <span class='ocrx_word' id='word_1_241' title='bbox 1831 1869 1947 1920; x_wconf 77' lang='lat' dir='ltr'><strong><em>vos,</em></strong></span> <span class='ocrx_word' id='word_1_242' title='bbox 1976 1855 2097 1925; x_wconf 82' lang='lat' dir='ltr'><strong><em>quia</em></strong></span> <span class='ocrx_word' id='word_1_243' title='bbox 2118 1863 2268 1924; x_wconf 86' lang='lat' dir='ltr'><strong><em>pater</em></strong></span> <span class='ocrx_word' id='word_1_244' title='bbox 2293 1871 2433 1918; x_wconf 87' lang='lat' dir='ltr'><strong><em>sum,</em></strong></span> <span class='ocrx_word' id='word_1_245' title='bbox 2467 1855 2767 1911; x_wconf 72' lang='lat' dir='ltr'><strong><em>imitatores</em></strong></span> <span class='ocrx_word' id='word_1_246' title='bbox 2792 1857 2892 1911; x_wconf 86' lang='lat' dir='ltr'><strong><em>mei</em></strong></span> <span class='ocrx_word' id='word_1_247' title='bbox 2925 1856 3120 1925; x_wconf 83' lang='lat' dir='ltr'><strong><em>estote,</em></strong></span> <span class='ocrx_word' id='word_1_248' title='bbox 3154 1860 3294 1915; x_wconf 86' lang='lat' dir='ltr'><strong><em>sicut</em></strong></span> <span class='ocrx_word' id='word_1_249' title='bbox 3315 1868 3375 1915; x_wconf 81' lang='lat' dir='ltr'><strong><em>et.</em></strong></span> 
     </span>
    </p>
   </div>
   <div class='ocr_carea' id='block_1_17' title="bbox 85 1944 3369 2016">
    <p class='ocr_par' dir='ltr' id='par_1_17' title="bbox 85 1944 3369 2016">
     <span class='ocr_line' id='line_1_17' title="bbox 85 1944 3369 2016; baseline 0.004 -21"><span class='ocrx_word' id='word_1_250' title='bbox 85 1956 179 2012; x_wconf 88' lang='lat' dir='ltr'><strong><em>ego</em></strong></span> <span class='ocrx_word' id='word_1_251' title='bbox 206 1944 432 2001; x_wconf 89' lang='lat' dir='ltr'><strong><em>Christi.</em></strong></span> <span class='ocrx_word' id='word_1_252' title='bbox 456 1947 600 2013; x_wconf 85' lang='lat' dir='ltr'><strong><em>Ideo,</em></strong></span> <span class='ocrx_word' id='word_1_253' title='bbox 628 1956 686 2000; x_wconf 86' lang='lat' dir='ltr'><strong><em>ut</em></strong></span> <span class='ocrx_word' id='word_1_254' title='bbox 714 1962 795 2001; x_wconf 88' lang='lat' dir='ltr'><strong><em>me</em></strong></span> <span class='ocrx_word' id='word_1_255' title='bbox 822 1946 1120 2013; x_wconf 86' lang='lat' dir='ltr'><strong><em>imitemini,</em></strong></span> <span class='ocrx_word' id='word_1_256' title='bbox 1168 1944 1289 2001; x_wconf 87' lang='lat' dir='ltr'><strong><em>misi</em></strong></span> <span class='ocrx_word' id='word_1_257' title='bbox 1338 1945 1407 2000; x_wconf 88' lang='lat' dir='ltr'><strong><em>ad</em></strong></span> <span class='ocrx_word' id='word_1_258' title='bbox 1437 1961 1529 2002; x_wconf 84' lang='lat' dir='ltr'><strong><em>vos</em></strong></span> <span class='ocrx_word' id='word_1_259' title='bbox 1572 1945 1952 2010; x_wconf 82' lang='lat' dir='ltr'><strong><em>Timotheum,</em></strong></span> <span class='ocrx_word' id='word_1_260' title='bbox 1991 1946 2083 2016; x_wconf 87' lang='lat' dir='ltr'><strong><em>qui</em></strong></span> <span class='ocrx_word' id='word_1_261' title='bbox 2118 1955 2203 2001; x_wconf 88' lang='lat' dir='ltr'><strong><em>est</em></strong></span> <span class='ocrx_word' id='word_1_262' title='bbox 2244 1946 2387 2000; x_wconf 84' lang='lat' dir='ltr'><strong><em>illius</em></strong></span> <span class='ocrx_word' id='word_1_263' title='bbox 2437 1961 2589 2002; x_wconf 86' lang='lat' dir='ltr'><strong><em>meus</em></strong></span> <span class='ocrx_word' id='word_1_264' title='bbox 2622 1947 2999 2013; x_wconf 79' lang='lat' dir='ltr'><strong><em>churissimus,</em></strong></span> <span class='ocrx_word' id='word_1_265' title='bbox 3029 1961 3083 2005; x_wconf 91' lang='lat' dir='ltr'><strong><em>et</em></strong></span> <span class='ocrx_word' id='word_1_266' title='bbox 3116 1949 3291 2007; x_wconf 84' lang='lat' dir='ltr'><strong><em>ﬁdelis</em></strong></span> <span class='ocrx_word' id='word_1_267' title='bbox 3314 1952 3369 2007; x_wconf 91' lang='lat' dir='ltr'><strong><em>in</em></strong></span> 
     </span>
    </p>
   </div>
   <div class='ocr_carea' id='block_1_18' title="bbox 87 2034 3369 2119">
    <p class='ocr_par' dir='ltr' id='par_1_18' title="bbox 87 2034 3369 2119">
     <span class='ocr_line' id='line_1_18' title="bbox 87 2034 3369 2119; baseline 0.005 -30"><span class='ocrx_word' id='word_1_268' title='bbox 87 2034 340 2106; x_wconf 87' lang='lat' dir='ltr'><strong><em>Domino;</em></strong></span> <span class='ocrx_word' id='word_1_269' title='bbox 372 2039 463 2110; x_wconf 86' lang='lat' dir='ltr'><strong><em>qui</em></strong></span> <span class='ocrx_word' id='word_1_270' title='bbox 485 2056 581 2096; x_wconf 84' lang='lat' dir='ltr'><strong><em>vos</em></strong></span> <span class='ocrx_word' id='word_1_271' title='bbox 609 2041 1059 2103; x_wconf 69' lang='lat' dir='ltr'><strong><em>commonefaciet</em></strong></span> <span class='ocrx_word' id='word_1_272' title='bbox 1083 2042 1196 2098; x_wconf 79' lang='lat' dir='ltr'><strong><em>vias</em></strong></span> <span class='ocrx_word' id='word_1_273' title='bbox 1232 2056 1401 2107; x_wconf 84' lang='lat' dir='ltr'><strong><em>meas,</em></strong></span> <span class='ocrx_word' id='word_1_274' title='bbox 1454 2041 1755 2096; x_wconf 85' lang='lat' dir='ltr'><strong><em>doctrinam</em></strong></span> <span class='ocrx_word' id='word_1_275' title='bbox 1784 2059 1987 2107; x_wconf 90' lang='lat' dir='ltr'><strong><em>meam,</em></strong></span> <span class='ocrx_word' id='word_1_276' title='bbox 2037 2058 2157 2112; x_wconf 73' lang='lat' dir='ltr'><strong><em>qua:</em></strong></span> <span class='ocrx_word' id='word_1_277' title='bbox 2191 2051 2318 2097; x_wconf 89' lang='lat' dir='ltr'><strong><em>sunt</em></strong></span> <span class='ocrx_word' id='word_1_278' title='bbox 2346 2043 2399 2097; x_wconf 92' lang='lat' dir='ltr'><strong><em>in</em></strong></span> <span class='ocrx_word' id='word_1_279' title='bbox 2446 2043 2665 2099; x_wconf 85' lang='lat' dir='ltr'><strong><em>Christo</em></strong></span> <span class='ocrx_word' id='word_1_280' title='bbox 2695 2042 2844 2109; x_wconf 80' lang='lat' dir='ltr'><strong><em>Jesu,</em></strong></span> <span class='ocrx_word' id='word_1_281' title='bbox 2897 2048 2950 2100; x_wconf 91' lang='lat' dir='ltr'><strong><em>in</em></strong></span> <span class='ocrx_word' id='word_1_282' title='bbox 3003 2048 3109 2115; x_wconf 76' lang='lat' dir='ltr'><strong><em>[ide</em></strong></span> <span class='ocrx_word' id='word_1_283' title='bbox 3148 2047 3369 2119; x_wconf 85' lang='lat' dir='ltr'><strong><em>Christi,</em></strong></span> 
     </span>
    </p>
   </div>
   <div class='ocr_carea' id='block_1_19' title="bbox 80 2129 3367 2209">
    <p class='ocr_par' dir='ltr' id='par_1_19' title="bbox 80 2129 3367 2209">
     <span class='ocr_line' id='line_1_19' title="bbox 80 2129 3367 2209; baseline 0.005 -24"><span class='ocrx_word' id='word_1_284' title='bbox 80 2129 214 2186; x_wconf 65' lang='lat' dir='ltr'><strong><em>sicut</em></strong></span> <span class='ocrx_word' id='word_1_285' title='bbox 242 2132 446 2202; x_wconf 84' lang='lat' dir='ltr'><strong><em>ubique</em></strong></span> <span class='ocrx_word' id='word_1_286' title='bbox 478 2134 529 2187; x_wconf 88' lang='lat' dir='ltr'><strong><em>in</em></strong></span> <span class='ocrx_word' id='word_1_287' title='bbox 570 2137 715 2190; x_wconf 84' lang='lat' dir='ltr'><strong><em>omni</em></strong></span> <span class='ocrx_word' id='word_1_288' title='bbox 744 2136 985 2193; x_wconf 82' lang='lat' dir='ltr'><strong><em>Ecclesia</em></strong></span> <span class='ocrx_word' id='word_1_289' title='bbox 1016 2136 1206 2192; x_wconf 77' lang='lat' dir='ltr'><strong><em>doceo.</em></strong></span> <span class='ocrx_word' id='word_1_290' title='bbox 1234 2135 1516 2206; x_wconf 85' lang='lat' dir='ltr'><strong><em>Tanquam</em></strong></span> <span class='ocrx_word' id='word_1_291' title='bbox 1558 2152 1665 2192; x_wconf 88' lang='lat' dir='ltr'><strong><em>non</em></strong></span> <span class='ocrx_word' id='word_1_292' title='bbox 1697 2146 1957 2193; x_wconf 84' lang='lat' dir='ltr'><strong><em>venturus</em></strong></span> <span class='ocrx_word' id='word_1_293' title='bbox 1986 2138 2088 2193; x_wconf 92' lang='lat' dir='ltr'><strong><em>sim</em></strong></span> <span class='ocrx_word' id='word_1_294' title='bbox 2118 2139 2185 2192; x_wconf 91' lang='lat' dir='ltr'><strong><em>ad</em></strong></span> <span class='ocrx_word' id='word_1_295' title='bbox 2217 2154 2336 2204; x_wconf 90' lang='lat' dir='ltr'><strong><em>vos,</em></strong></span> <span class='ocrx_word' id='word_1_296' title='bbox 2388 2141 2634 2205; x_wconf 87' lang='lat' dir='ltr'><strong><em>(ostendit</em></strong></span> <span class='ocrx_word' id='word_1_297' title='bbox 2681 2158 2768 2195; x_wconf 88' lang='lat' dir='ltr'><strong><em>eos</em></strong></span> <span class='ocrx_word' id='word_1_298' title='bbox 2808 2158 2917 2198; x_wconf 84' lang='lat' dir='ltr'><strong><em>esse</em></strong></span> <span class='ocrx_word' id='word_1_299' title='bbox 2943 2145 3367 2209; x_wconf 78' lang='lat' dir='ltr'><strong><em>commonendos,</em></strong></span> 
     </span>
    </p>
   </div>
   <div class='ocr_carea' id='block_1_20' title="bbox 80 2218 3367 2311">
    <p class='ocr_par' dir='ltr' id='par_1_20' title="bbox 80 2218 3367 2311">
     <span class='ocr_line' id='line_1_20' title="bbox 80 2218 3367 2311; baseline 0.005 -29"><span class='ocrx_word' id='word_1_300' title='bbox 80 2229 194 2298; x_wconf 75' lang='lat' dir='ltr'><strong><em>quia</em></strong></span> <span class='ocrx_word' id='word_1_301' title='bbox 216 2230 397 2299; x_wconf 80' lang='lat' dir='ltr'><strong><em>inﬂati</em></strong></span> <span class='ocrx_word' id='word_1_302' title='bbox 418 2232 563 2303; x_wconf 76' lang='lat' dir='ltr'><strong><em>sunt)</em></strong></span> <span class='ocrx_word' id='word_1_303' title='bbox 595 2232 675 2288; x_wconf 88' lang='lat' dir='ltr'><strong><em>sic</em></strong></span> <span class='ocrx_word' id='word_1_304' title='bbox 701 2230 867 2287; x_wconf 87' lang='lat' dir='ltr'><strong><em>inﬂati</em></strong></span> <span class='ocrx_word' id='word_1_305' title='bbox 900 2243 1027 2288; x_wconf 90' lang='lat' dir='ltr'><strong><em>sunt</em></strong></span> <span class='ocrx_word' id='word_1_306' title='bbox 1048 2233 1293 2303; x_wconf 82' lang='lat' dir='ltr'><strong><em>quidam.</em></strong></span> <span class='ocrx_word' id='word_1_307' title='bbox 1319 2232 1544 2288; x_wconf 78' lang='lat' dir='ltr'><strong><em>Veniam</em></strong></span> <span class='ocrx_word' id='word_1_308' title='bbox 1573 2218 1756 2289; x_wconf 88' lang='lat' dir='ltr'><strong><em>autem</em></strong></span> <span class='ocrx_word' id='word_1_309' title='bbox 1781 2234 1851 2290; x_wconf 90' lang='lat' dir='ltr'><strong><em>ad</em></strong></span> <span class='ocrx_word' id='word_1_310' title='bbox 1880 2251 1974 2291; x_wconf 87' lang='lat' dir='ltr'><strong><em>vos</em></strong></span> <span class='ocrx_word' id='word_1_311' title='bbox 2003 2236 2134 2301; x_wconf 87' lang='lat' dir='ltr'><strong><em>cito,</em></strong></span> <span class='ocrx_word' id='word_1_312' title='bbox 2156 2235 2201 2294; x_wconf 77' lang='lat' dir='ltr'><strong><em>si</em></strong></span> <span class='ocrx_word' id='word_1_313' title='bbox 2234 2236 2491 2292; x_wconf 89' lang='lat' dir='ltr'><strong><em>Dominus</em></strong></span> <span class='ocrx_word' id='word_1_314' title='bbox 2515 2238 2765 2301; x_wconf 88' lang='lat' dir='ltr'><strong><em>voluerit,</em></strong></span> <span class='ocrx_word' id='word_1_315' title='bbox 2795 2247 2849 2293; x_wconf 89' lang='lat' dir='ltr'><strong><em>et</em></strong></span> <span class='ocrx_word' id='word_1_316' title='bbox 2881 2254 3211 2311; x_wconf 78' lang='lat' dir='ltr'><strong><em>cognoscam</em></strong></span> <span class='ocrx_word' id='word_1_317' title='bbox 3257 2256 3367 2300; x_wconf 90' lang='lat' dir='ltr'><strong><em>non</em></strong></span> 
     </span>
    </p>
   </div>
   <div class='ocr_carea' id='block_1_21' title="bbox 79 2323 3367 2399">
    <p class='ocr_par' dir='ltr' id='par_1_21' title="bbox 79 2323 3367 2399">
     <span class='ocr_line' id='line_1_21' title="bbox 79 2323 3367 2399; baseline 0.005 -26"><span class='ocrx_word' id='word_1_318' title='bbox 79 2333 387 2376; x_wconf 82' lang='lat' dir='ltr'><strong><em>sermonem</em></strong></span> <span class='ocrx_word' id='word_1_319' title='bbox 424 2338 610 2378; x_wconf 89' lang='lat' dir='ltr'><strong><em>eorum</em></strong></span> <span class='ocrx_word' id='word_1_320' title='bbox 643 2323 734 2393; x_wconf 90' lang='lat' dir='ltr'><strong><em>qui</em></strong></span> <span class='ocrx_word' id='word_1_321' title='bbox 766 2323 939 2379; x_wconf 85' lang='lat' dir='ltr'><strong><em>inﬂati</em></strong></span> <span class='ocrx_word' id='word_1_322' title='bbox 986 2334 1131 2389; x_wconf 88' lang='lat' dir='ltr'><strong><em>sunt,</em></strong></span> <span class='ocrx_word' id='word_1_323' title='bbox 1156 2325 1250 2379; x_wconf 88' lang='lat' dir='ltr'><strong><em>sed</em></strong></span> <span class='ocrx_word' id='word_1_324' title='bbox 1276 2324 1559 2380; x_wconf 77' lang='lat' dir='ltr'><strong><em>virtutem.</em></strong></span> <span class='ocrx_word' id='word_1_325' title='bbox 1586 2325 1679 2379; x_wconf 64' lang='grc' dir='ltr'><strong><em>ει.</em></strong></span> <span class='ocrx_word' id='word_1_326' title='bbox 1710 2323 1829 2379; x_wconf 83' lang='lat' dir='ltr'><strong><em>Non</em></strong></span> <span class='ocrx_word' id='word_1_327' title='bbox 1856 2327 2001 2380; x_wconf 88' lang='lat' dir='ltr'><strong><em>enim</em></strong></span> <span class='ocrx_word' id='word_1_328' title='bbox 2027 2327 2083 2381; x_wconf 89' lang='lat' dir='ltr'><strong><em>in</em></strong></span> <span class='ocrx_word' id='word_1_329' title='bbox 2119 2341 2371 2385; x_wconf 74' lang='lat' dir='ltr'><strong><em>sermone</em></strong></span> <span class='ocrx_word' id='word_1_330' title='bbox 2385 2337 2476 2384; x_wconf 87' lang='lat' dir='ltr'><strong><em>.est</em></strong></span> <span class='ocrx_word' id='word_1_331' title='bbox 2508 2343 2730 2399; x_wconf 76' lang='lat' dir='ltr'><strong><em>regnum</em></strong></span> <span class='ocrx_word' id='word_1_332' title='bbox 2750 2329 2871 2395; x_wconf 89' lang='lat' dir='ltr'><strong><em>Dei,</em></strong></span> <span class='ocrx_word' id='word_1_333' title='bbox 2924 2332 3090 2387; x_wconf 83' lang='lat' dir='ltr'><strong><em>verbis</em></strong></span> <span class='ocrx_word' id='word_1_334' title='bbox 3111 2332 3237 2388; x_wconf 88' lang='lat' dir='ltr'><strong><em>solis</em></strong></span> <span class='ocrx_word' id='word_1_335' title='bbox 3262 2351 3367 2392; x_wconf 85' lang='lat' dir='ltr'><strong><em>non</em></strong></span> 
     </span>
    </p>
   </div>
   <div class='ocr_carea' id='block_1_22' title="bbox 78 2417 3367 2493">
    <p class='ocr_par' dir='ltr' id='par_1_22' title="bbox 78 2417 3367 2493">
     <span class='ocr_line' id='line_1_22' title="bbox 78 2417 3367 2493; baseline 0.006 -26"><span class='ocrx_word' id='word_1_336' title='bbox 78 2417 375 2481; x_wconf 77' lang='lat' dir='ltr'><strong><em>acquiritur</em></strong></span> <span class='ocrx_word' id='word_1_337' title='bbox 396 2434 609 2488; x_wconf 76' lang='lat' dir='ltr'><strong><em>regnum</em></strong></span> <span class='ocrx_word' id='word_1_338' title='bbox 636 2418 755 2484; x_wconf 82' lang='lat' dir='ltr'><strong><em>Dei,</em></strong></span> <span class='ocrx_word' id='word_1_339' title='bbox 780 2420 872 2475; x_wconf 84' lang='lat' dir='ltr'><strong><em>sed</em></strong></span> <span class='ocrx_word' id='word_1_340' title='bbox 898 2419 951 2473; x_wconf 91' lang='lat' dir='ltr'><strong><em>in</em></strong></span> <span class='ocrx_word' id='word_1_341' title='bbox 983 2419 1206 2477; x_wconf 69' lang='lat' dir='ltr'><strong><em>virtute.</em></strong></span> <span class='ocrx_word' id='word_1_342' title='bbox 1238 2418 1381 2489; x_wconf 72' lang='lat' dir='ltr'><strong><em>Quid</em></strong></span> <span class='ocrx_word' id='word_1_343' title='bbox 1409 2418 1614 2475; x_wconf 83' lang='lat' dir='ltr'><strong><em>vultis?</em></strong></span> <span class='ocrx_word' id='word_1_344' title='bbox 1640 2419 1703 2477; x_wconf 84' lang='lat' dir='ltr'><strong><em>In</em></strong></span> <span class='ocrx_word' id='word_1_345' title='bbox 1730 2419 1907 2492; x_wconf 83' lang='lat' dir='ltr'><strong><em>virga,</em></strong></span> <span class='ocrx_word' id='word_1_346' title='bbox 1943 2422 2286 2488; x_wconf 80' lang='lat' dir='ltr'><strong><em>correctione,</em></strong></span> <span class='ocrx_word' id='word_1_347' title='bbox 2319 2422 2530 2478; x_wconf 84' lang='lat' dir='ltr'><strong><em>veniam</em></strong></span> <span class='ocrx_word' id='word_1_348' title='bbox 2556 2422 2624 2479; x_wconf 83' lang='lat' dir='ltr'><strong><em>ad</em></strong></span> <span class='ocrx_word' id='word_1_349' title='bbox 2655 2438 2783 2493; x_wconf 79' lang='lat' dir='ltr'><strong><em>vos;</em></strong></span> <span class='ocrx_word' id='word_1_350' title='bbox 2836 2442 2909 2481; x_wconf 84' lang='lat' dir='ltr'><strong><em>an</em></strong></span> <span class='ocrx_word' id='word_1_351' title='bbox 2941 2427 2993 2483; x_wconf 90' lang='lat' dir='ltr'><strong><em>in</em></strong></span> <span class='ocrx_word' id='word_1_352' title='bbox 3025 2429 3292 2487; x_wconf 87' lang='lat' dir='ltr'><strong><em>charitate</em></strong></span> <span class='ocrx_word' id='word_1_353' title='bbox 3312 2441 3367 2492; x_wconf 73' lang='lat' dir='ltr'><strong><em>et</em></strong></span> 
     </span>
    </p>
   </div>
   <div class='ocr_carea' id='block_1_23' title="bbox 77 2510 772 2586">
    <p class='ocr_par' dir='ltr' id='par_1_23' title="bbox 77 2510 772 2586">
     <span class='ocr_line' id='line_1_23' title="bbox 77 2510 772 2586; baseline 0.014 -23"><span class='ocrx_word' id='word_1_354' title='bbox 77 2510 267 2586; x_wconf 77' lang='lat' dir='ltr'><strong><em>Spiritu</em></strong></span> <span class='ocrx_word' id='word_1_355' title='bbox 298 2515 772 2575; x_wconf 71' lang='lat' dir='ltr'><strong><em>mansuetudinis?</em></strong></span> 
     </span>
    </p>
   </div>
   <div class='ocr_carea' id='block_1_24' title="bbox 1549 2608 2959 2687">
    <p class='ocr_par' dir='ltr' id='par_1_24' title="bbox 1549 2608 2959 2687">
     <span class='ocr_line' id='line_1_24' title="bbox 1549 2608 2959 2687; baseline 0 -22"><span class='ocrx_word' id='word_1_356' title='bbox 1549 2610 1780 2669; x_wconf 65' lang='lat' dir='ltr'><strong><em>carm</em></strong></span> <span class='ocrx_word' id='word_1_357' title='bbox 1819 2608 1885 2664; x_wconf 86' lang='lat' dir='ltr'><strong><em>v.</em></strong></span> <span class='ocrx_word' id='word_1_358' title='bbox 2936 2666 2959 2687; x_wconf 64' lang='grc'><em>,</em></span> 
     </span>
    </p>
   </div>
   <div class='ocr_carea' id='block_1_25' title="bbox 142 2695 3368 2773">
    <p class='ocr_par' dir='ltr' id='par_1_25' title="bbox 142 2695 3368 2773">
     <span class='ocr_line' id='line_1_25' title="bbox 142 2695 3368 2773; baseline 0.002 -22"><span class='ocrx_word' id='word_1_359' title='bbox 142 2695 377 2751; x_wconf 82' lang='lat' dir='ltr'><strong><em>Omnino</em></strong></span> <span class='ocrx_word' id='word_1_360' title='bbox 458 2698 677 2753; x_wconf 85' lang='lat' dir='ltr'><strong><em>auditur</em></strong></span> <span class='ocrx_word' id='word_1_361' title='bbox 729 2698 872 2753; x_wconf 86' lang='lat' dir='ltr'><strong><em>inter</em></strong></span> <span class='ocrx_word' id='word_1_362' title='bbox 916 2713 1012 2754; x_wconf 90' lang='lat' dir='ltr'><strong><em>vos</em></strong></span> <span class='ocrx_word' id='word_1_363' title='bbox 1066 2697 1351 2755; x_wconf 85' lang='lat' dir='ltr'><strong><em>loruicatio</em></strong></span> <span class='ocrx_word' id='word_1_364' title='bbox 1380 2716 1396 2754; x_wconf 86' lang='lat'><strong>:</strong></span> <span class='ocrx_word' id='word_1_365' title='bbox 1430 2703 1588 2769; x_wconf 80' lang='lat' dir='ltr'><strong><em>(ratio</em></strong></span> <span class='ocrx_word' id='word_1_366' title='bbox 1638 2718 1734 2756; x_wconf 79' lang='lat' dir='ltr'><strong><em>cur</em></strong></span> <span class='ocrx_word' id='word_1_367' title='bbox 1781 2703 1836 2757; x_wconf 90' lang='lat' dir='ltr'><strong><em>in</em></strong></span> <span class='ocrx_word' id='word_1_368' title='bbox 1875 2702 2020 2771; x_wconf 80' lang='lat' dir='ltr'><strong><em>virga</em></strong></span> <span class='ocrx_word' id='word_1_369' title='bbox 2062 2700 2273 2768; x_wconf 73' lang='lat' dir='ltr'><strong><em>dixerit)</em></strong></span> <span class='ocrx_word' id='word_1_370' title='bbox 2323 2708 2377 2754; x_wconf 91' lang='lat' dir='ltr'><strong><em>et</em></strong></span> <span class='ocrx_word' id='word_1_371' title='bbox 2434 2699 2556 2755; x_wconf 78' lang='lat' dir='ltr'><strong><em>talis</em></strong></span> <span class='ocrx_word' id='word_1_372' title='bbox 2628 2698 2944 2771; x_wconf 65' lang='lat' dir='ltr'><strong><em>fornicatio,</em></strong></span> <span class='ocrx_word' id='word_1_373' title='bbox 3028 2702 3203 2773; x_wconf 82' lang='lat' dir='ltr'><strong><em>qualis</em></strong></span> <span class='ocrx_word' id='word_1_374' title='bbox 3265 2719 3368 2759; x_wconf 82' lang='lat' dir='ltr'><strong><em>nee</em></strong></span> 
     </span>
    </p>
   </div>
   <div class='ocr_carea' id='block_1_26' title="bbox 85 2785 3363 2861">
    <p class='ocr_par' dir='ltr' id='par_1_26' title="bbox 85 2785 3363 2861">
     <span class='ocr_line' id='line_1_26' title="bbox 85 2785 3363 2861; baseline 0.002 -20"><span class='ocrx_word' id='word_1_375' title='bbox 85 2785 215 2841; x_wconf 75' lang='lat' dir='ltr'><strong><em>inter</em></strong></span> <span class='ocrx_word' id='word_1_376' title='bbox 286 2795 515 2854; x_wconf 83' lang='lat' dir='ltr'><strong><em>gentes,</em></strong></span> <span class='ocrx_word' id='word_1_377' title='bbox 568 2786 642 2840; x_wconf 86' lang='lat' dir='ltr'><strong><em>ita</em></strong></span> <span class='ocrx_word' id='word_1_378' title='bbox 688 2794 747 2842; x_wconf 86' lang='lat' dir='ltr'><strong><em>ut</em></strong></span> <span class='ocrx_word' id='word_1_379' title='bbox 800 2800 1027 2843; x_wconf 78' lang='lat' dir='ltr'><strong><em>uxorem</em></strong></span> <span class='ocrx_word' id='word_1_380' title='bbox 1075 2786 1247 2857; x_wconf 78' lang='lat' dir='ltr'><strong><em>patris</em></strong></span> <span class='ocrx_word' id='word_1_381' title='bbox 1299 2787 1381 2846; x_wconf 87' lang='lat' dir='ltr'><strong><em>sui</em></strong></span> <span class='ocrx_word' id='word_1_382' title='bbox 1425 2788 1622 2861; x_wconf 81' lang='lat' dir='ltr'><strong><em>aliquis</em></strong></span> <span class='ocrx_word' id='word_1_383' title='bbox 1677 2790 1898 2847; x_wconf 89' lang='lat' dir='ltr'><strong><em>habeat.</em></strong></span> <span class='ocrx_word' id='word_1_384' title='bbox 1943 2789 2013 2844; x_wconf 86' lang='lat' dir='ltr'><strong><em>Et</em></strong></span> <span class='ocrx_word' id='word_1_385' title='bbox 2051 2804 2150 2845; x_wconf 90' lang='lat' dir='ltr'><strong><em>vos</em></strong></span> <span class='ocrx_word' id='word_1_386' title='bbox 2199 2787 2367 2843; x_wconf 88' lang='lat' dir='ltr'><strong><em>inﬂati</em></strong></span> <span class='ocrx_word' id='word_1_387' title='bbox 2425 2790 2597 2854; x_wconf 87' lang='lat' dir='ltr'><strong><em>estis,</em></strong></span> <span class='ocrx_word' id='word_1_388' title='bbox 2644 2798 2700 2845; x_wconf 89' lang='lat' dir='ltr'><strong><em>et</em></strong></span> <span class='ocrx_word' id='word_1_389' title='bbox 2754 2804 2863 2848; x_wconf 85' lang='lat' dir='ltr'><strong><em>non</em></strong></span> <span class='ocrx_word' id='word_1_390' title='bbox 2921 2792 3097 2861; x_wconf 80' lang='lat' dir='ltr'><strong><em>magis</em></strong></span> <span class='ocrx_word' id='word_1_391' title='bbox 3157 2793 3363 2849; x_wconf 76' lang='lat' dir='ltr'><strong><em>luctum</em></strong></span> 
     </span>
    </p>
   </div>
   <div class='ocr_carea' id='block_1_27' title="bbox 83 2866 3397 2956">
    <p class='ocr_par' dir='ltr' id='par_1_27' title="bbox 83 2866 3397 2956">
     <span class='ocr_line' id='line_1_27' title="bbox 83 2866 3397 2956; baseline 0.003 -22"><span class='ocrx_word' id='word_1_392' title='bbox 83 2879 364 2947; x_wconf 78' lang='lat' dir='ltr'><strong><em>habuistis,</em></strong></span> <span class='ocrx_word' id='word_1_393' title='bbox 408 2866 471 2934; x_wconf 89' lang='lat' dir='ltr'><strong><em>ut</em></strong></span> <span class='ocrx_word' id='word_1_394' title='bbox 498 2878 717 2937; x_wconf 82' lang='lat' dir='ltr'><strong><em>tollatur</em></strong></span> <span class='ocrx_word' id='word_1_395' title='bbox 742 2881 808 2936; x_wconf 78' lang='lat' dir='ltr'><strong><em>tle</em></strong></span> <span class='ocrx_word' id='word_1_396' title='bbox 834 2881 1015 2936; x_wconf 88' lang='lat' dir='ltr'><strong><em>medio</em></strong></span> <span class='ocrx_word' id='word_1_397' title='bbox 1041 2889 1310 2947; x_wconf 63' lang='lat' dir='ltr'><strong><em>vestrum,</em></strong></span> <span class='ocrx_word' id='word_1_398' title='bbox 1335 2884 1599 2937; x_wconf 77' lang='lat' dir='ltr'><strong><em>communi</em></strong></span> <span class='ocrx_word' id='word_1_399' title='bbox 1624 2885 2015 2939; x_wconf 85' lang='lat' dir='ltr'><strong><em>conversatione</em></strong></span> <span class='ocrx_word' id='word_1_400' title='bbox 2059 2884 2150 2952; x_wconf 86' lang='lat' dir='ltr'><strong><em>qui</em></strong></span> <span class='ocrx_word' id='word_1_401' title='bbox 2206 2882 2308 2937; x_wconf 92' lang='lat' dir='ltr'><strong><em>hoc</em></strong></span> <span class='ocrx_word' id='word_1_402' title='bbox 2347 2881 2609 2951; x_wconf 78' lang='lat' dir='ltr'><strong><em>nefarium</em></strong></span> <span class='ocrx_word' id='word_1_403' title='bbox 2646 2897 2779 2947; x_wconf 84' lang='lat' dir='ltr'><strong><em>opus</em></strong></span> <span class='ocrx_word' id='word_1_404' title='bbox 2821 2884 2966 2944; x_wconf 81' lang='lat' dir='ltr'><strong><em>fecit.</em></strong></span> <span class='ocrx_word' id='word_1_405' title='bbox 3010 2885 3122 2955; x_wconf 76' lang='lat' dir='ltr'><strong><em>Ego</em></strong></span> <span class='ocrx_word' id='word_1_406' title='bbox 3145 2887 3397 2956; x_wconf 86' lang='lat' dir='ltr'><strong><em>quidem-</em></strong></span> 
     </span>
    </p>
   </div>
   <div class='ocr_carea' id='block_1_28' title="bbox 90 2972 3364 3047">
    <p class='ocr_par' dir='ltr' id='par_1_28' title="bbox 90 2972 3364 3047">
     <span class='ocr_line' id='line_1_28' title="bbox 90 2972 3364 3047; baseline 0 -22"><span class='ocrx_word' id='word_1_407' title='bbox 90 2972 273 3028; x_wconf 77' lang='lat' dir='ltr'><strong><em>absens</em></strong></span> <span class='ocrx_word' id='word_1_408' title='bbox 294 2988 545 3044; x_wconf 88' lang='lat' dir='ltr'><strong><em>corpore,</em></strong></span> <span class='ocrx_word' id='word_1_409' title='bbox 574 2973 903 3041; x_wconf 83' lang='lat' dir='ltr'><strong><em>(debuissetis</em></strong></span> <span class='ocrx_word' id='word_1_410' title='bbox 932 2990 1051 3028; x_wconf 88' lang='lat' dir='ltr'><strong><em>eum</em></strong></span> <span class='ocrx_word' id='word_1_411' title='bbox 1077 2977 1578 3040; x_wconf 67' lang='lat' dir='ltr'><strong><em>excommunirasse,</em></strong></span> <span class='ocrx_word' id='word_1_412' title='bbox 1606 2977 1730 3047; x_wconf 62' lang='lat' dir='ltr'><strong><em>quia</em></strong></span> <span class='ocrx_word' id='word_1_413' title='bbox 1752 2993 1845 3047; x_wconf 88' lang='lat' dir='ltr'><strong><em>ego</em></strong></span> <span class='ocrx_word' id='word_1_414' title='bbox 1875 2977 2062 3031; x_wconf 87' lang='lat' dir='ltr'><strong><em>absens</em></strong></span> <span class='ocrx_word' id='word_1_415' title='bbox 2099 2974 2204 3047; x_wconf 76' lang='lat'><strong><em>53</em></strong></span> <span class='ocrx_word' id='word_1_416' title='bbox 2230 2975 2347 3045; x_wconf 87' lang='lat' dir='ltr'><strong><em>jam</em></strong></span> <span class='ocrx_word' id='word_1_417' title='bbox 2362 2973 2596 3043; x_wconf 54' lang='lat' dir='ltr'><strong><em>judicavi</em></strong></span> <span class='ocrx_word' id='word_1_418' title='bbox 2627 2990 2875 3030; x_wconf 76' lang='lat' dir='ltr'><strong><em>eumesse</em></strong></span> <span class='ocrx_word' id='word_1_419' title='bbox 2898 2979 3364 3040; x_wconf 67' lang='lat' dir='ltr'><strong><em>excommunican.</em></strong></span> 
     </span>
    </p>
   </div>
   <div class='ocr_carea' id='block_1_29' title="bbox 93 3062 3360 3139">
    <p class='ocr_par' dir='ltr' id='par_1_29' title="bbox 93 3062 3360 3139">
     <span class='ocr_line' id='line_1_29' title="bbox 93 3062 3360 3139; baseline 0.003 -24"><span class='ocrx_word' id='word_1_420' title='bbox 93 3064 229 3137; x_wconf 77' lang='lat' dir='ltr'><strong><em>dunt)</em></strong></span> <span class='ocrx_word' id='word_1_421' title='bbox 264 3080 510 3131; x_wconf 69' lang='lat' dir='ltr'><strong><em>prresens</em></strong></span> <span class='ocrx_word' id='word_1_422' title='bbox 542 3075 725 3119; x_wconf 88' lang='lat' dir='ltr'><strong><em>autem</em></strong></span> <span class='ocrx_word' id='word_1_423' title='bbox 768 3064 982 3134; x_wconf 88' lang='lat' dir='ltr'><strong><em>spiritu,</em></strong></span> <span class='ocrx_word' id='word_1_424' title='bbox 1034 3062 1145 3133; x_wconf 83' lang='lat' dir='ltr'><strong><em>jam</em></strong></span> <span class='ocrx_word' id='word_1_425' title='bbox 1180 3062 1419 3133; x_wconf 74' lang='lat' dir='ltr'><strong><em>iudicavi</em></strong></span> <span class='ocrx_word' id='word_1_426' title='bbox 1448 3074 1506 3118; x_wconf 89' lang='lat' dir='ltr'><strong><em>ut</em></strong></span> <span class='ocrx_word' id='word_1_427' title='bbox 1542 3080 1798 3135; x_wconf 63' lang='lat' dir='ltr'><strong><em>praesens,</em></strong></span> <span class='ocrx_word' id='word_1_428' title='bbox 1837 3080 1983 3139; x_wconf 78' lang='lat' dir='ltr'><strong><em>cuin,</em></strong></span> <span class='ocrx_word' id='word_1_429' title='bbox 2008 3063 2101 3134; x_wconf 89' lang='lat' dir='ltr'><strong><em>qui</em></strong></span> <span class='ocrx_word' id='word_1_430' title='bbox 2144 3063 2224 3118; x_wconf 92' lang='lat' dir='ltr'><strong><em>sic</em></strong></span> <span class='ocrx_word' id='word_1_431' title='bbox 2263 3071 2520 3132; x_wconf 77' lang='lat' dir='ltr'><strong><em>operatus</em></strong></span> <span class='ocrx_word' id='word_1_432' title='bbox 2549 3070 2654 3125; x_wconf 83' lang='lat' dir='ltr'><strong><em>est,</em></strong></span> <span class='ocrx_word' id='word_1_433' title='bbox 2683 3062 2736 3116; x_wconf 89' lang='lat' dir='ltr'><strong><em>in</em></strong></span> <span class='ocrx_word' id='word_1_434' title='bbox 2762 3063 3003 3131; x_wconf 84' lang='lat' dir='ltr'><strong><em>nomine,</em></strong></span> <span class='ocrx_word' id='word_1_435' title='bbox 3030 3067 3099 3118; x_wconf 89' lang='lat' dir='ltr'><strong><em>nd</em></strong></span> <span class='ocrx_word' id='word_1_436' title='bbox 3122 3063 3360 3132; x_wconf 70' lang='lat' dir='ltr'><strong><em>laudent,</em></strong></span> 
     </span>
    </p>
   </div>
   <div class='ocr_carea' id='block_1_30' title="bbox 93 3152 3368 3227">
    <p class='ocr_par' dir='ltr' id='par_1_30' title="bbox 93 3152 3368 3227">
     <span class='ocr_line' id='line_1_30' title="bbox 93 3152 3368 3227; baseline 0.001 -18"><span class='ocrx_word' id='word_1_437' title='bbox 93 3154 292 3212; x_wconf 89' lang='lat' dir='ltr'><strong><em>Domini</em></strong></span> <span class='ocrx_word' id='word_1_438' title='bbox 343 3157 524 3213; x_wconf 86' lang='lat' dir='ltr'><strong><em>nostri</em></strong></span> <span class='ocrx_word' id='word_1_439' title='bbox 579 3156 739 3213; x_wconf 77' lang='lat' dir='ltr'><strong><em>Iesus</em></strong></span> <span class='ocrx_word' id='word_1_440' title='bbox 785 3156 1040 3221; x_wconf 88' lang='lat' dir='ltr'><strong><em>Christi,</em></strong></span> <span class='ocrx_word' id='word_1_441' title='bbox 1089 3154 1444 3227; x_wconf 83' lang='lat' dir='ltr'><strong><em>congregatis</em></strong></span> <span class='ocrx_word' id='word_1_442' title='bbox 1498 3156 1653 3211; x_wconf 90' lang='lat' dir='ltr'><strong><em>vobis</em></strong></span> <span class='ocrx_word' id='word_1_443' title='bbox 1704 3164 1760 3211; x_wconf 87' lang='lat' dir='ltr'><strong><em>et</em></strong></span> <span class='ocrx_word' id='word_1_444' title='bbox 1805 3154 2226 3224; x_wconf 85' lang='lat' dir='ltr'><strong><em>meospiritu,</em></strong></span> <span class='ocrx_word' id='word_1_445' title='bbox 2280 3162 2592 3223; x_wconf 85' lang='lat' dir='ltr'><strong><em>congregato</em></strong></span> <span class='ocrx_word' id='word_1_446' title='bbox 2653 3152 2946 3220; x_wconf 72' lang='lat' dir='ltr'><strong><em>vobiscum,</em></strong></span> <span class='ocrx_word' id='word_1_447' title='bbox 2998 3170 3122 3211; x_wconf 88' lang='lat' dir='ltr'><strong><em>cum</em></strong></span> <span class='ocrx_word' id='word_1_448' title='bbox 3166 3156 3368 3213; x_wconf 77' lang='lat' dir='ltr'><strong><em>virtute</em></strong></span> 
     </span>
    </p>
   </div>
   <div class='ocr_carea' id='block_1_31' title="bbox 92 3242 3369 3327">
    <p class='ocr_par' dir='ltr' id='par_1_31' title="bbox 92 3242 3369 3327">
     <span class='ocr_line' id='line_1_31' title="bbox 92 3242 3369 3327; baseline 0 -23"><span class='ocrx_word' id='word_1_449' title='bbox 92 3248 288 3311; x_wconf 82' lang='lat' dir='ltr'><strong><em>Domini</em></strong></span> <span class='ocrx_word' id='word_1_450' title='bbox 306 3250 495 3315; x_wconf 80' lang='lat' dir='ltr'><strong><em>nostri</em></strong></span> <span class='ocrx_word' id='word_1_451' title='bbox 515 3247 668 3317; x_wconf 77' lang='lat' dir='ltr'><strong><em>Iesu,</em></strong></span> <span class='ocrx_word' id='word_1_452' title='bbox 701 3250 753 3316; x_wconf 80' lang='lat' dir='ltr'><strong><em>l,</em></strong></span> <span class='ocrx_word' id='word_1_453' title='bbox 774 3248 811 3303; x_wconf 81' lang='lat'><strong><em>9.</em></strong></span> <span class='ocrx_word' id='word_1_454' title='bbox 846 3247 1064 3304; x_wconf 83' lang='lat' dir='ltr'><strong><em>tradere</em></strong></span> <span class='ocrx_word' id='word_1_455' title='bbox 1087 3249 1539 3302; x_wconf 69' lang='lat' dir='ltr'><strong><em>excomntunicare</em></strong></span> <span class='ocrx_word' id='word_1_456' title='bbox 1564 3246 1757 3301; x_wconf 86' lang='lat' dir='ltr'><strong><em>scilicet</em></strong></span> <span class='ocrx_word' id='word_1_457' title='bbox 1774 3247 2013 3317; x_wconf 86' lang='lat' dir='ltr'><strong><em>judicavi</em></strong></span> <span class='ocrx_word' id='word_1_458' title='bbox 2028 3287 2043 3311; x_wconf 86' lang='lat'><strong><em>,</em></strong></span> <span class='ocrx_word' id='word_1_459' title='bbox 2071 3243 2401 3314; x_wconf 76' lang='lat' dir='ltr'><strong><em>huiusmodi,</em></strong></span> <span class='ocrx_word' id='word_1_460' title='bbox 2422 3244 2594 3311; x_wconf 84' lang='lat' dir='ltr'><strong><em>illum,</em></strong></span> <span class='ocrx_word' id='word_1_461' title='bbox 2616 3242 2852 3312; x_wconf 61' lang='lat' dir='ltr'><strong><em>Satanae,</em></strong></span> <span class='ocrx_word' id='word_1_462' title='bbox 2886 3246 3118 3319; x_wconf 77' lang='lat' dir='ltr'><strong><em>maligno</em></strong></span> <span class='ocrx_word' id='word_1_463' title='bbox 3145 3250 3369 3327; x_wconf 62' lang='lat' dir='ltr'><strong><em>spiritui</em></strong></span> 
     </span>
    </p>
   </div>
   <div class='ocr_carea' id='block_1_32' title="bbox 1422 3358 1993 3423">
    <p class='ocr_par' dir='ltr' id='par_1_32' title="bbox 1422 3358 1993 3423">
     <span class='ocr_line' id='line_1_32' title="bbox 1422 3358 1993 3423; baseline -0.011 -3"><span class='ocrx_word' id='word_1_464' title='bbox 1422 3358 1993 3423; x_wconf 70' lang='lat' dir='ltr'><strong><em>COMMENTARIUS.</em></strong></span> 
     </span>
    </p>
   </div>
   <div class='ocr_carea' id='block_1_33' title="bbox 160 3470 3361 3549">
    <p class='ocr_par' dir='ltr' id='par_1_33' title="bbox 160 3470 3361 3549">
     <span class='ocr_line' id='line_1_33' title="bbox 160 3470 3361 3549; baseline 0 -19"><span class='ocrx_word' id='word_1_465' title='bbox 160 3475 240 3532; x_wconf 70' lang='lat' dir='ltr'><strong><em>l3.</em></strong></span> <span class='ocrx_word' id='word_1_466' title='bbox 265 3475 1218 3549; x_wconf 79' lang='lat' dir='ltr'><strong><em>Jamsaturatiestis.Dequibusdam</em></strong></span> <span class='ocrx_word' id='word_1_467' title='bbox 1240 3474 1652 3531; x_wconf 77' lang='lat' dir='ltr'><strong><em>Corinthiorum</em></strong></span> <span class='ocrx_word' id='word_1_468' title='bbox 1693 3470 1738 3529; x_wconf 76' lang='grc' dir='ltr'>Α</span> <span class='ocrx_word' id='word_1_469' title='bbox 1836 3473 1927 3528; x_wconf 75' lang='lat'><strong><em>22.</em></strong></span> <span class='ocrx_word' id='word_1_470' title='bbox 1962 3473 2164 3529; x_wconf 63' lang='lat' dir='ltr'><strong><em>Laure.</em></strong></span> <span class='ocrx_word' id='word_1_471' title='bbox 2206 3471 2274 3527; x_wconf 83' lang='lat' dir='ltr'><strong><em>Et</em></strong></span> <span class='ocrx_word' id='word_1_472' title='bbox 2327 3474 2682 3541; x_wconf 88' lang='lat' dir='ltr'><strong><em>obsecramus,</em></strong></span> <span class='ocrx_word' id='word_1_473' title='bbox 2712 3488 2796 3528; x_wconf 74' lang='lat' dir='ltr'><strong><em>vei</em></strong></span> <span class='ocrx_word' id='word_1_474' title='bbox 2823 3489 2952 3541; x_wconf 89' lang='lat' dir='ltr'><strong><em>eos,</em></strong></span> <span class='ocrx_word' id='word_1_475' title='bbox 2999 3491 3067 3531; x_wconf 89' lang='lat' dir='ltr'><strong><em>ne</em></strong></span> <span class='ocrx_word' id='word_1_476' title='bbox 3105 3475 3361 3549; x_wconf 58' lang='lat' dir='ltr'><strong><em>blaspher</em></strong></span> 
     </span>
    </p>
   </div>
   <div class='ocr_carea' id='block_1_34' title="bbox 95 3562 1670 3640">
    <p class='ocr_par' dir='ltr' id='par_1_34' title="bbox 95 3562 1670 3640">
     <span class='ocr_line' id='line_1_34' title="bbox 95 3562 1670 3640; baseline -0.002 -20"><span class='ocrx_word' id='word_1_477' title='bbox 95 3566 490 3640; x_wconf 83' lang='lat' dir='ltr'><strong><em>intelligendum</em></strong></span> <span class='ocrx_word' id='word_1_478' title='bbox 553 3578 638 3625; x_wconf 83' lang='lat' dir='ltr'><strong><em>est</em></strong></span> <span class='ocrx_word' id='word_1_479' title='bbox 698 3568 790 3637; x_wconf 87' lang='lat' dir='ltr'><strong><em>qui</em></strong></span> <span class='ocrx_word' id='word_1_480' title='bbox 820 3608 834 3632; x_wconf 90' lang='lat'><strong><em>,</em></strong></span> <span class='ocrx_word' id='word_1_481' title='bbox 882 3575 1006 3637; x_wconf 88' lang='lat' dir='ltr'><strong><em>post</em></strong></span> <span class='ocrx_word' id='word_1_482' title='bbox 1056 3566 1355 3621; x_wconf 87' lang='lat' dir='ltr'><strong><em>discessum</em></strong></span> <span class='ocrx_word' id='word_1_483' title='bbox 1403 3562 1670 3635; x_wconf 79' lang='lat' dir='ltr'><strong><em>Apostoli,</em></strong></span> 
     </span>
    </p>
   </div>
   <div class='ocr_carea' id='block_1_35' title="bbox 95 3657 1671 3739">
    <p class='ocr_par' dir='ltr' id='par_1_35' title="bbox 95 3657 1671 3739">
     <span class='ocr_line' id='line_1_35' title="bbox 95 3657 1671 3739; baseline -0.004 -23"><span class='ocrx_word' id='word_1_484' title='bbox 95 3675 356 3739; x_wconf 68' lang='lat' dir='ltr'><strong><em>ett-perunt</em></strong></span> <span class='ocrx_word' id='word_1_485' title='bbox 380 3663 599 3720; x_wconf 86' lang='lat' dir='ltr'><strong><em>deliciis</em></strong></span> <span class='ocrx_word' id='word_1_486' title='bbox 644 3662 886 3727; x_wconf 87' lang='lat' dir='ltr'><strong><em>allluere,</em></strong></span> <span class='ocrx_word' id='word_1_487' title='bbox 914 3669 972 3716; x_wconf 82' lang='lat' dir='ltr'><strong><em>et</em></strong></span> <span class='ocrx_word' id='word_1_488' title='bbox 999 3670 1343 3717; x_wconf 87' lang='lat' dir='ltr'><strong><em>terrenarum</em></strong></span> <span class='ocrx_word' id='word_1_489' title='bbox 1391 3672 1559 3728; x_wconf 90' lang='lat' dir='ltr'><strong><em>opum</em></strong></span> <span class='ocrx_word' id='word_1_490' title='bbox 1589 3657 1671 3711; x_wconf 82' lang='lat' dir='ltr'><strong><em>di-</em></strong></span> 
     </span>
    </p>
   </div>
   <div class='ocr_carea' id='block_1_36' title="bbox 94 3746 1673 3826">
    <p class='ocr_par' dir='ltr' id='par_1_36' title="bbox 94 3746 1673 3826">
     <span class='ocr_line' id='line_1_36' title="bbox 94 3746 1673 3826; baseline -0.004 -19"><span class='ocrx_word' id='word_1_491' title='bbox 94 3752 217 3809; x_wconf 69' lang='lat' dir='ltr'><strong><em>vites</em></strong></span> <span class='ocrx_word' id='word_1_492' title='bbox 230 3769 344 3811; x_wconf 87' lang='lat' dir='ltr'><strong><em>esse</em></strong></span> <span class='ocrx_word' id='word_1_493' title='bbox 359 3797 373 3822; x_wconf 94' lang='lat'><strong><em>,</em></strong></span> <span class='ocrx_word' id='word_1_494' title='bbox 391 3754 576 3811; x_wconf 85' lang='lat' dir='ltr'><strong><em>sancti</em></strong></span> <span class='ocrx_word' id='word_1_495' title='bbox 589 3769 804 3826; x_wconf 87' lang='lat' dir='ltr'><strong><em>quoque</em></strong></span> <span class='ocrx_word' id='word_1_496' title='bbox 817 3752 1054 3823; x_wconf 87' lang='lat' dir='ltr'><strong><em>Spiritus</em></strong></span> <span class='ocrx_word' id='word_1_497' title='bbox 1069 3751 1208 3807; x_wconf 88' lang='lat' dir='ltr'><strong><em>dona</em></strong></span> <span class='ocrx_word' id='word_1_498' title='bbox 1228 3750 1281 3805; x_wconf 91' lang='lat' dir='ltr'><strong><em>in</em></strong></span> <span class='ocrx_word' id='word_1_499' title='bbox 1303 3746 1673 3805; x_wconf 87' lang='lat' dir='ltr'><strong><em>terrenumlu—</em></strong></span> 
     </span>
    </p>
   </div>
   <div class='ocr_carea' id='block_1_37' title="bbox 99 3840 1669 3915">
    <p class='ocr_par' dir='ltr' id='par_1_37' title="bbox 99 3840 1669 3915">
     <span class='ocr_line' id='line_1_37' title="bbox 99 3840 1669 3915; baseline -0.003 -19"><span class='ocrx_word' id='word_1_500' title='bbox 99 3856 562 3903; x_wconf 82' lang='lat' dir='ltr'><strong><em>crumconvertere</em></strong></span> <span class='ocrx_word' id='word_1_501' title='bbox 585 3886 602 3911; x_wconf 90' lang='lat'><strong><em>,</em></strong></span> <span class='ocrx_word' id='word_1_502' title='bbox 633 3846 699 3901; x_wconf 90' lang='lat' dir='ltr'><strong><em>de</em></strong></span> <span class='ocrx_word' id='word_1_503' title='bbox 720 3844 919 3915; x_wconf 89' lang='lat' dir='ltr'><strong><em>quibus</em></strong></span> <span class='ocrx_word' id='word_1_504' title='bbox 949 3843 1080 3899; x_wconf 85' lang='lat' dir='ltr'><strong><em>dicit</em></strong></span> <span class='ocrx_word' id='word_1_505' title='bbox 1103 3860 1118 3897; x_wconf 91' lang='lat'><strong>:</strong></span> <span class='ocrx_word' id='word_1_506' title='bbox 1150 3840 1268 3898; x_wconf 74' lang='lat' dir='ltr'><strong><em>iam</em></strong></span> <span class='ocrx_word' id='word_1_507' title='bbox 1291 3840 1541 3906; x_wconf 87' lang='lat' dir='ltr'><strong><em>saturati,</em></strong></span> <span class='ocrx_word' id='word_1_508' title='bbox 1562 3847 1669 3899; x_wconf 69' lang='lat' dir='ltr'><strong><em>etc.</em></strong></span> 
     </span>
    </p>
   </div>
   <div class='ocr_carea' id='block_1_38' title="bbox 169 3929 1672 4007">
    <p class='ocr_par' dir='ltr' id='par_1_38' title="bbox 169 3929 1672 4007">
     <span class='ocr_line' id='line_1_38' title="bbox 169 3929 1672 4007; baseline -0.003 -19"><span class='ocrx_word' id='word_1_509' title='bbox 169 3936 250 3990; x_wconf 78' lang='lat' dir='ltr'><strong><em>lli.</em></strong></span> <span class='ocrx_word' id='word_1_510' title='bbox 283 3935 505 3992; x_wconf 84' lang='lat' dir='ltr'><strong><em>Utinam</em></strong></span> <span class='ocrx_word' id='word_1_511' title='bbox 539 3936 789 4007; x_wconf 82' lang='lat' dir='ltr'><strong><em>regnetis!</em></strong></span> <span class='ocrx_word' id='word_1_512' title='bbox 838 3934 1070 4000; x_wconf 87' lang='lat' dir='ltr'><strong><em>scilicet,</em></strong></span> <span class='ocrx_word' id='word_1_513' title='bbox 1111 3932 1321 3989; x_wconf 72' lang='lat' dir='ltr'><strong><em>caelesti</em></strong></span> <span class='ocrx_word' id='word_1_514' title='bbox 1354 3946 1541 4003; x_wconf 81' lang='lat' dir='ltr'><strong><em>regno,</em></strong></span> <span class='ocrx_word' id='word_1_515' title='bbox 1588 3929 1672 3984; x_wconf 87' lang='lat' dir='ltr'><strong><em>vel</em></strong></span> 
     </span>
    </p>
   </div>
   <div class='ocr_carea' id='block_1_39' title="bbox 96 4026 857 4099">
    <p class='ocr_par' dir='ltr' id='par_1_39' title="bbox 96 4026 857 4099">
     <span class='ocr_line' id='line_1_39' title="bbox 96 4026 857 4099; baseline -0.001 -20"><span class='ocrx_word' id='word_1_516' title='bbox 96 4033 151 4079; x_wconf 79' lang='lat' dir='ltr'><strong><em>ut</em></strong></span> <span class='ocrx_word' id='word_1_517' title='bbox 173 4041 262 4084; x_wconf 86' lang='lat' dir='ltr'><strong><em>.vos</em></strong></span> <span class='ocrx_word' id='word_1_518' title='bbox 285 4029 431 4099; x_wconf 80' lang='lat' dir='ltr'><strong><em>ipsos</em></strong></span> <span class='ocrx_word' id='word_1_519' title='bbox 465 4029 603 4083; x_wconf 90' lang='lat' dir='ltr'><strong><em>bene</em></strong></span> <span class='ocrx_word' id='word_1_520' title='bbox 634 4026 857 4095; x_wconf 77' lang='lat' dir='ltr'><strong><em>regatis.</em></strong></span> 
     </span>
    </p>
   </div>
   <div class='ocr_carea' id='block_1_40' title="bbox 165 4113 1670 4190">
    <p class='ocr_par' dir='ltr' id='par_1_40' title="bbox 165 4113 1670 4190">
     <span class='ocr_line' id='line_1_40' title="bbox 165 4113 1670 4190; baseline -0.003 -18"><span class='ocrx_word' id='word_1_521' title='bbox 165 4119 245 4173; x_wconf 83' lang='lat' dir='ltr'><strong><em>l7.</em></strong></span> <span class='ocrx_word' id='word_1_522' title='bbox 277 4120 627 4177; x_wconf 79' lang='lat' dir='ltr'><strong><em>Novissimos.</em></strong></span> <span class='ocrx_word' id='word_1_523' title='bbox 682 4117 973 4190; x_wconf 79' lang='lat' dir='ltr'><strong><em>Apostolus</em></strong></span> <span class='ocrx_word' id='word_1_524' title='bbox 1041 4131 1170 4173; x_wconf 88' lang='lat' dir='ltr'><strong><em>suos</em></strong></span> <span class='ocrx_word' id='word_1_525' title='bbox 1213 4115 1562 4179; x_wconf 83' lang='lat' dir='ltr'><strong><em>novissimos,</em></strong></span> <span class='ocrx_word' id='word_1_526' title='bbox 1614 4113 1670 4168; x_wconf 87' lang='lat' dir='ltr'><strong><em>id</em></strong></span> 
     </span>
    </p>
   </div>
   <div class='ocr_carea' id='block_1_41' title="bbox 103 4205 1670 4284">
    <p class='ocr_par' dir='ltr' id='par_1_41' title="bbox 103 4205 1670 4284">
     <span class='ocr_line' id='line_1_41' title="bbox 103 4205 1670 4284; baseline -0.003 -19"><span class='ocrx_word' id='word_1_527' title='bbox 103 4222 177 4265; x_wconf 84' lang='lat' dir='ltr'><strong><em>est</em></strong></span> <span class='ocrx_word' id='word_1_528' title='bbox 230 4213 545 4279; x_wconf 81' lang='lat' dir='ltr'><strong><em>vilissimus,</em></strong></span> <span class='ocrx_word' id='word_1_529' title='bbox 588 4213 733 4284; x_wconf 86' lang='lat' dir='ltr'><strong><em>apud</em></strong></span> <span class='ocrx_word' id='word_1_530' title='bbox 782 4220 997 4267; x_wconf 87' lang='lat' dir='ltr'><strong><em>mentes</em></strong></span> <span class='ocrx_word' id='word_1_531' title='bbox 1040 4209 1322 4265; x_wconf 87' lang='lat' dir='ltr'><strong><em>hominum</em></strong></span> <span class='ocrx_word' id='word_1_532' title='bbox 1370 4205 1670 4263; x_wconf 81' lang='lat' dir='ltr'><strong><em>inﬁdelium</em></strong></span> 
     </span>
    </p>
   </div>
   <div class='ocr_carea' id='block_1_42' title="bbox 98 4294 1672 4375">
    <p class='ocr_par' dir='ltr' id='par_1_42' title="bbox 98 4294 1672 4375">
     <span class='ocr_line' id='line_1_42' title="bbox 98 4294 1672 4375; baseline -0.001 -24"><span class='ocrx_word' id='word_1_533' title='bbox 98 4314 210 4357; x_wconf 78' lang='lat' dir='ltr'><strong><em>esse</em></strong></span> <span class='ocrx_word' id='word_1_534' title='bbox 237 4305 400 4359; x_wconf 87' lang='lat' dir='ltr'><strong><em>voluit</em></strong></span> <span class='ocrx_word' id='word_1_535' title='bbox 420 4304 699 4368; x_wconf 82' lang='lat' dir='ltr'><strong><em>Christus,</em></strong></span> <span class='ocrx_word' id='word_1_536' title='bbox 766 4310 826 4358; x_wconf 91' lang='lat' dir='ltr'><strong><em>ut</em></strong></span> <span class='ocrx_word' id='word_1_537' title='bbox 871 4299 1069 4375; x_wconf 80' lang='lat' dir='ltr'><strong><em>majori</em></strong></span> <span class='ocrx_word' id='word_1_538' title='bbox 1122 4300 1176 4355; x_wconf 91' lang='lat' dir='ltr'><strong><em>iu</em></strong></span> <span class='ocrx_word' id='word_1_539' title='bbox 1236 4297 1450 4359; x_wconf 64' lang='lat' dir='ltr'><strong><em>caelesti</em></strong></span> <span class='ocrx_word' id='word_1_540' title='bbox 1498 4294 1672 4369; x_wconf 84' lang='lat' dir='ltr'><strong><em>gloria</em></strong></span> 
     </span>
    </p>
   </div>
   <div class='ocr_carea' id='block_1_43' title="bbox 102 4394 691 4463">
    <p class='ocr_par' dir='ltr' id='par_1_43' title="bbox 102 4394 691 4463">
     <span class='ocr_line' id='line_1_43' title="bbox 102 4394 691 4463; baseline 0.005 -20"><span class='ocrx_word' id='word_1_541' title='bbox 102 4394 306 4463; x_wconf 70' lang='lat' dir='ltr'><strong><em>przetnio</em></strong></span> <span class='ocrx_word' id='word_1_542' title='bbox 334 4402 691 4451; x_wconf 83' lang='lat' dir='ltr'><strong><em>coronentur.</em></strong></span> 
     </span>
    </p>
   </div>
   <div class='ocr_carea' id='block_1_44' title="bbox 169 4500 1673 4578">
    <p class='ocr_par' dir='ltr' id='par_1_44' title="bbox 169 4500 1673 4578">
     <span class='ocr_line' id='line_1_44' title="bbox 169 4500 1673 4578; baseline -0.005 -19"><span class='ocrx_word' id='word_1_543' title='bbox 169 4504 249 4568; x_wconf 71' lang='lat' dir='ltr'><strong><em>l8.</em></strong></span> <span class='ocrx_word' id='word_1_544' title='bbox 275 4504 547 4578; x_wconf 83' lang='lat' dir='ltr'><strong><em>Tanquam</em></strong></span> <span class='ocrx_word' id='word_1_545' title='bbox 575 4506 750 4559; x_wconf 88' lang='lat' dir='ltr'><strong><em>morti.</em></strong></span> <span class='ocrx_word' id='word_1_546' title='bbox 784 4504 1066 4563; x_wconf 65' lang='lat' dir='ltr'><strong><em>Victorum</em></strong></span> <span class='ocrx_word' id='word_1_547' title='bbox 1100 4510 1228 4558; x_wconf 88' lang='lat' dir='ltr'><strong><em>tunc</em></strong></span> <span class='ocrx_word' id='word_1_548' title='bbox 1258 4500 1524 4572; x_wconf 89' lang='lat' dir='ltr'><strong><em>temporis</em></strong></span> <span class='ocrx_word' id='word_1_549' title='bbox 1554 4512 1673 4553; x_wconf 55' lang='lat' dir='ltr'><strong><em>mo.</em></strong></span> 
     </span>
    </p>
   </div>
   <div class='ocr_carea' id='block_1_45' title="bbox 110 4595 1678 4673">
    <p class='ocr_par' dir='ltr' id='par_1_45' title="bbox 110 4595 1678 4673">
     <span class='ocr_line' id='line_1_45' title="bbox 110 4595 1678 4673; baseline 0 -22"><span class='ocrx_word' id='word_1_550' title='bbox 110 4597 307 4655; x_wconf 84' lang='lat' dir='ltr'><strong><em>riserat</em></strong></span> <span class='ocrx_word' id='word_1_551' title='bbox 331 4602 597 4673; x_wconf 83' lang='lat' dir='ltr'><strong><em>quosdam</em></strong></span> <span class='ocrx_word' id='word_1_552' title='bbox 630 4602 682 4656; x_wconf 92' lang='lat' dir='ltr'><strong><em>in</em></strong></span> <span class='ocrx_word' id='word_1_553' title='bbox 706 4601 1055 4672; x_wconf 81' lang='lat' dir='ltr'><strong><em>expeditione</em></strong></span> <span class='ocrx_word' id='word_1_554' title='bbox 1101 4607 1293 4668; x_wconf 88' lang='lat' dir='ltr'><strong><em>captos</em></strong></span> <span class='ocrx_word' id='word_1_555' title='bbox 1339 4598 1499 4654; x_wconf 81' lang='lat' dir='ltr'><strong><em>.norti</em></strong></span> <span class='ocrx_word' id='word_1_556' title='bbox 1555 4595 1678 4651; x_wconf 83' lang='lat' dir='ltr'><strong><em>des-</em></strong></span> 
     </span>
    </p>
   </div>
   <div class='ocr_carea' id='block_1_46' title="bbox 110 4686 1673 4763">
    <p class='ocr_par' dir='ltr' id='par_1_46' title="bbox 110 4686 1673 4763">
     <span class='ocr_line' id='line_1_46' title="bbox 110 4686 1673 4763; baseline -0.004 -18"><span class='ocrx_word' id='word_1_557' title='bbox 110 4687 282 4746; x_wconf 75' lang='lat' dir='ltr'><strong><em>liuore.</em></strong></span> <span class='ocrx_word' id='word_1_558' title='bbox 316 4692 392 4746; x_wconf 81' lang='lat' dir='ltr'><strong><em>Ad</em></strong></span> <span class='ocrx_word' id='word_1_559' title='bbox 423 4692 571 4763; x_wconf 84' lang='lat' dir='ltr'><strong><em>quod</em></strong></span> <span class='ocrx_word' id='word_1_560' title='bbox 596 4690 973 4761; x_wconf 78' lang='lat' dir='ltr'><strong><em>spectaculum</em></strong></span> <span class='ocrx_word' id='word_1_561' title='bbox 1002 4686 1673 4744; x_wconf 84' lang='lat' dir='ltr'><strong><em>conveniebathominum</em></strong></span> 
     </span>
    </p>
   </div>
   <div class='ocr_carea' id='block_1_47' title="bbox 110 4781 656 4840">
    <p class='ocr_par' dir='ltr' id='par_1_47' title="bbox 110 4781 656 4840">
     <span class='ocr_line' id='line_1_47' title="bbox 110 4781 656 4840; baseline 0.015 -10"><span class='ocrx_word' id='word_1_562' title='bbox 110 4781 321 4838; x_wconf 78' lang='lat' dir='ltr'><strong><em>maxima</em></strong></span> <span class='ocrx_word' id='word_1_563' title='bbox 347 4784 656 4840; x_wconf 83' lang='lat' dir='ltr'><strong><em>multitudo.</em></strong></span> 
     </span>
    </p>
   </div>
   <div class='ocr_carea' id='block_1_48' title="bbox 173 4893 1670 4970">
    <p class='ocr_par' dir='ltr' id='par_1_48' title="bbox 173 4893 1670 4970">
     <span class='ocr_line' id='line_1_48' title="bbox 173 4893 1670 4970; baseline 0.002 -23"><span class='ocrx_word' id='word_1_564' title='bbox 173 4893 499 4967; x_wconf 67' lang='lat' dir='ltr'><strong><em>l9.l~\rcus&#39;r.</em></strong></span> <span class='ocrx_word' id='word_1_565' title='bbox 517 4897 601 4970; x_wconf 75' lang='lat' dir='ltr'><strong><em>(ea:</em></strong></span> <span class='ocrx_word' id='word_1_566' title='bbox 619 4896 795 4952; x_wconf 86' lang='lat' dir='ltr'><strong><em>Tract.</em></strong></span> <span class='ocrx_word' id='word_1_567' title='bbox 812 4899 863 4952; x_wconf 88' lang='lat' dir='ltr'><strong><em>in</em></strong></span> <span class='ocrx_word' id='word_1_568' title='bbox 881 4896 1028 4963; x_wconf 88' lang='lat' dir='ltr'><strong><em>Psal,</em></strong></span> <span class='ocrx_word' id='word_1_569' title='bbox 1043 4913 1274 4963; x_wconf 81' lang='lat' dir='ltr'><strong><em>xxxvm,</em></strong></span> <span class='ocrx_word' id='word_1_570' title='bbox 1293 4906 1331 4952; x_wconf 86' lang='grc' dir='ltr'><strong>ι.</strong></span> <span class='ocrx_word' id='word_1_571' title='bbox 1347 4896 1501 4969; x_wconf 76' lang='lat' dir='ltr'><strong>VIII).</strong></span> <span class='ocrx_word' id='word_1_572' title='bbox 1529 4896 1670 4963; x_wconf 83' lang='lat' dir='ltr'><strong><em>Quia</em></strong></span> 
     </span>
    </p>
   </div>
   <div class='ocr_carea' id='block_1_49' title="bbox 116 4989 1659 5061">
    <p class='ocr_par' dir='ltr' id='par_1_49' title="bbox 116 4989 1659 5061">
     <span class='ocr_line' id='line_1_49' title="bbox 116 4989 1659 5061; baseline 0.006 -24"><span class='ocrx_word' id='word_1_573' title='bbox 116 4990 436 5050; x_wconf 74' lang='lat' dir='ltr'><strong><em>spectaculum</em></strong></span> <span class='ocrx_word' id='word_1_574' title='bbox 462 4989 599 5058; x_wconf 80' lang='lat' dir='ltr'><strong><em>[acti</em></strong></span> <span class='ocrx_word' id='word_1_575' title='bbox 647 5006 860 5056; x_wconf 78' lang='lat' dir='ltr'><strong><em>sumus,</em></strong></span> <span class='ocrx_word' id='word_1_576' title='bbox 894 4989 1107 5061; x_wconf 78' lang='lat' dir='ltr'><strong><em>angelis</em></strong></span> <span class='ocrx_word' id='word_1_577' title='bbox 1158 4989 1530 5054; x_wconf 82' lang='lat' dir='ltr'><strong><em>laudantibus,</em></strong></span> <span class='ocrx_word' id='word_1_578' title='bbox 1568 4989 1659 5046; x_wconf 82' lang='lat' dir='ltr'><strong><em>ho-</em></strong></span> 
     </span>
    </p>
   </div>
   <div class='ocr_carea' id='block_1_50' title="bbox 119 5073 1673 5148">
    <p class='ocr_par' dir='ltr' id='par_1_50' title="bbox 119 5073 1673 5148">
     <span class='ocr_line' id='line_1_50' title="bbox 119 5073 1673 5148; baseline 0.001 -17"><span class='ocrx_word' id='word_1_579' title='bbox 119 5073 330 5131; x_wconf 79' lang='lat' dir='ltr'><strong><em>minibus</em></strong></span> <span class='ocrx_word' id='word_1_580' title='bbox 364 5078 821 5147; x_wconf 80' lang='lat' dir='ltr'><strong><em>vituperantibus,</em></strong></span> <span class='ocrx_word' id='word_1_581' title='bbox 861 5077 972 5133; x_wconf 82' lang='lat' dir='ltr'><strong><em>imo</em></strong></span> <span class='ocrx_word' id='word_1_582' title='bbox 1003 5086 1061 5134; x_wconf 86' lang='lat' dir='ltr'><strong><em>et</em></strong></span> <span class='ocrx_word' id='word_1_583' title='bbox 1090 5077 1297 5148; x_wconf 76' lang='lat' dir='ltr'><strong><em>angelis</em></strong></span> <span class='ocrx_word' id='word_1_584' title='bbox 1324 5076 1673 5133; x_wconf 82' lang='lat' dir='ltr'><strong><em>laudantibus</em></strong></span> 
     </span>
    </p>
   </div>
   <div class='ocr_carea' id='block_1_51' title="bbox 120 5168 618 5239">
    <p class='ocr_par' dir='ltr' id='par_1_51' title="bbox 120 5168 618 5239">
     <span class='ocr_line' id='line_1_51' title="bbox 120 5168 618 5239; baseline 0.02 -23"><span class='ocrx_word' id='word_1_585' title='bbox 120 5173 167 5217; x_wconf 88' lang='lat' dir='ltr'><strong><em>et</em></strong></span> <span class='ocrx_word' id='word_1_586' title='bbox 185 5168 618 5239; x_wconf 83' lang='lat' dir='ltr'><strong><em>vituperantibus.</em></strong></span> 
     </span>
    </p>
   </div>
   <div class='ocr_carea' id='block_1_52' title="bbox 180 5277 1672 5356">
    <p class='ocr_par' dir='ltr' id='par_1_52' title="bbox 180 5277 1672 5356">
     <span class='ocr_line' id='line_1_52' title="bbox 180 5277 1672 5356; baseline 0.006 -26"><span class='ocrx_word' id='word_1_587' title='bbox 180 5277 259 5332; x_wconf 74' lang='lat'><strong><em>20.</em></strong></span> <span class='ocrx_word' id='word_1_588' title='bbox 290 5282 484 5338; x_wconf 63' lang='lat' dir='ltr'><strong><em>Lassa.</em></strong></span> <span class='ocrx_word' id='word_1_589' title='bbox 519 5284 634 5339; x_wconf 89' lang='lat' dir='ltr'><strong><em>Nos</em></strong></span> <span class='ocrx_word' id='word_1_590' title='bbox 666 5284 833 5339; x_wconf 87' lang='lat' dir='ltr'><strong><em>stulti.</em></strong></span> <span class='ocrx_word' id='word_1_591' title='bbox 871 5284 1195 5356; x_wconf 88' lang='lat' dir='ltr'><strong><em>Increpatio,</em></strong></span> <span class='ocrx_word' id='word_1_592' title='bbox 1218 5282 1303 5341; x_wconf 89' lang='lat' dir='ltr'><strong><em>vel</em></strong></span> <span class='ocrx_word' id='word_1_593' title='bbox 1330 5284 1536 5349; x_wconf 88' lang='lat' dir='ltr'><strong><em>ironia;</em></strong></span> <span class='ocrx_word' id='word_1_594' title='bbox 1565 5299 1672 5339; x_wconf 87' lang='lat' dir='ltr'><strong><em>non</em></strong></span> 
     </span>
    </p>
   </div>
   <div class='ocr_carea' id='block_1_53' title="bbox 124 5370 1672 5449">
    <p class='ocr_par' dir='ltr' id='par_1_53' title="bbox 124 5370 1672 5449">
     <span class='ocr_line' id='line_1_53' title="bbox 124 5370 1672 5449; baseline 0.01 -31"><span class='ocrx_word' id='word_1_595' title='bbox 124 5370 246 5423; x_wconf 87' lang='lat' dir='ltr'><strong><em>enim</em></strong></span> <span class='ocrx_word' id='word_1_596' title='bbox 268 5374 498 5442; x_wconf 83' lang='lat' dir='ltr'><strong><em>Apostoli</em></strong></span> <span class='ocrx_word' id='word_1_597' title='bbox 528 5377 700 5442; x_wconf 88' lang='lat' dir='ltr'><strong><em>stulti,</em></strong></span> <span class='ocrx_word' id='word_1_598' title='bbox 736 5386 791 5431; x_wconf 91' lang='lat' dir='ltr'><strong><em>et</em></strong></span> <span class='ocrx_word' id='word_1_599' title='bbox 818 5377 918 5448; x_wconf 89' lang='lat' dir='ltr'><strong><em>ipsi</em></strong></span> <span class='ocrx_word' id='word_1_600' title='bbox 967 5378 1293 5449; x_wconf 81' lang='lat' dir='ltr'><strong><em>prudentes;</em></strong></span> <span class='ocrx_word' id='word_1_601' title='bbox 1344 5377 1439 5434; x_wconf 82' lang='lat' dir='ltr'><strong><em>sed</em></strong></span> <span class='ocrx_word' id='word_1_602' title='bbox 1484 5377 1672 5446; x_wconf 83' lang='lat' dir='ltr'><strong><em>potius</em></strong></span> 
     </span>
    </p>
   </div>
   <div class='ocr_carea' id='block_1_54' title="bbox 120 5458 978 5539">
    <p class='ocr_par' dir='ltr' id='par_1_54' title="bbox 120 5458 978 5539">
     <span class='ocr_line' id='line_1_54' title="bbox 120 5458 978 5539; baseline 0.013 -26"><span class='ocrx_word' id='word_1_603' title='bbox 120 5458 253 5515; x_wconf 74' lang='lat' dir='ltr'><strong><em>stulti</em></strong></span> <span class='ocrx_word' id='word_1_604' title='bbox 287 5504 300 5527; x_wconf 87' lang='lat'><strong><em>,</em></strong></span> <span class='ocrx_word' id='word_1_605' title='bbox 329 5458 379 5520; x_wconf 84' lang='lat' dir='ltr'><strong><em>et</em></strong></span> <span class='ocrx_word' id='word_1_606' title='bbox 406 5468 632 5537; x_wconf 84' lang='lat' dir='ltr'><strong><em>apostoli</em></strong></span> <span class='ocrx_word' id='word_1_607' title='bbox 664 5469 978 5539; x_wconf 85' lang='lat' dir='ltr'><strong><em>prudentes.</em></strong></span> 
     </span>
    </p>
   </div>
   <div class='ocr_carea' id='block_1_55' title="bbox 181 5574 1674 5654">
    <p class='ocr_par' dir='ltr' id='par_1_55' title="bbox 181 5574 1674 5654">
     <span class='ocr_line' id='line_1_55' title="bbox 181 5574 1674 5654; baseline 0.006 -25"><span class='ocrx_word' id='word_1_608' title='bbox 181 5574 267 5631; x_wconf 62' lang='lat' dir='ltr'><strong><em>ﬁt.</em></strong></span> <span class='ocrx_word' id='word_1_609' title='bbox 291 5578 518 5643; x_wconf 61' lang='lat' dir='ltr'><strong><em>Alanos.</em></strong></span> <span class='ocrx_word' id='word_1_610' title='bbox 557 5583 661 5644; x_wconf 76' lang='lat' dir='ltr'><strong><em>Vos</em></strong></span> <span class='ocrx_word' id='word_1_611' title='bbox 691 5594 863 5641; x_wconf 67' lang='lat' dir='ltr'><strong><em>autem</em></strong></span> <span class='ocrx_word' id='word_1_612' title='bbox 892 5584 1195 5654; x_wconf 84' lang='lat' dir='ltr'><strong><em>prudentes.</em></strong></span> <span class='ocrx_word' id='word_1_613' title='bbox 1219 5583 1320 5652; x_wconf 79' lang='lat' dir='ltr'><strong><em>Qui</em></strong></span> <span class='ocrx_word' id='word_1_614' title='bbox 1354 5583 1597 5653; x_wconf 84' lang='lat' dir='ltr'><strong><em>prudens</em></strong></span> <span class='ocrx_word' id='word_1_615' title='bbox 1619 5586 1674 5639; x_wconf 89' lang='lat' dir='ltr'><strong><em>in</em></strong></span> 
     </span>
    </p>
   </div>
   <div class='ocr_carea' id='block_1_56' title="bbox 124 5660 1676 5745">
    <p class='ocr_par' dir='ltr' id='par_1_56' title="bbox 124 5660 1676 5745">
     <span class='ocr_line' id='line_1_56' title="bbox 124 5660 1676 5745; baseline 0.012 -31"><span class='ocrx_word' id='word_1_616' title='bbox 124 5660 321 5724; x_wconf 82' lang='lat' dir='ltr'><strong><em>Christo</em></strong></span> <span class='ocrx_word' id='word_1_617' title='bbox 376 5671 650 5739; x_wconf 70' lang='lat' dir='ltr'><strong><em>iudicatur</em></strong></span> <span class='ocrx_word' id='word_1_618' title='bbox 708 5692 739 5729; x_wconf 91' lang='lat' dir='ltr'><strong><em>a</em></strong></span> <span class='ocrx_word' id='word_1_619' title='bbox 793 5677 1049 5745; x_wconf 85' lang='lat' dir='ltr'><strong><em>perlidis,</em></strong></span> <span class='ocrx_word' id='word_1_620' title='bbox 1101 5690 1208 5730; x_wconf 94' lang='lat' dir='ltr'><strong><em>non</em></strong></span> <span class='ocrx_word' id='word_1_621' title='bbox 1277 5682 1425 5730; x_wconf 86' lang='lat' dir='ltr'><strong><em>recte</em></strong></span> <span class='ocrx_word' id='word_1_622' title='bbox 1483 5674 1676 5732; x_wconf 82' lang='lat' dir='ltr'><strong><em>asserit</em></strong></span> 
     </span>
    </p>
   </div>
   <div class='ocr_carea' id='block_1_57' title="bbox 130 5748 1680 5837">
    <p class='ocr_par' dir='ltr' id='par_1_57' title="bbox 130 5748 1680 5837">
     <span class='ocr_line' id='line_1_57' title="bbox 130 5748 1680 5837; baseline 0.01 -34"><span class='ocrx_word' id='word_1_623' title='bbox 130 5748 402 5813; x_wconf 83' lang='lat' dir='ltr'><strong><em>Christum.</em></strong></span> <span class='ocrx_word' id='word_1_624' title='bbox 424 5762 657 5821; x_wconf 73' lang='lat' dir='ltr'><strong><em>Marcion</em></strong></span> <span class='ocrx_word' id='word_1_625' title='bbox 682 5767 849 5831; x_wconf 90' lang='lat' dir='ltr'><strong><em>enim,</em></strong></span> <span class='ocrx_word' id='word_1_626' title='bbox 872 5767 964 5837; x_wconf 86' lang='lat' dir='ltr'><strong><em>qui</em></strong></span> <span class='ocrx_word' id='word_1_627' title='bbox 998 5775 1159 5837; x_wconf 84' lang='lat' dir='ltr'><strong><em>negat</em></strong></span> <span class='ocrx_word' id='word_1_628' title='bbox 1180 5765 1469 5821; x_wconf 91' lang='lat' dir='ltr'><strong><em>Dominum</em></strong></span> <span class='ocrx_word' id='word_1_629' title='bbox 1498 5764 1680 5820; x_wconf 85' lang='lat' dir='ltr'><strong><em>incar-</em></strong></span> 
     </span>
    </p>
   </div>
   <div class='ocr_carea' id='block_1_58' title="bbox 132 5853 1606 5920">
    <p class='ocr_par' dir='ltr' id='par_1_58' title="bbox 132 5853 1606 5920">
     <span class='ocr_line' id='line_1_58' title="bbox 132 5853 1606 5920; baseline -0.007 -5"><span class='ocrx_word' id='word_1_630' title='bbox 132 5853 315 5915; x_wconf 63' lang='lat' dir='ltr'><strong><em>&quot;allen.</em></strong></span> <span class='ocrx_word' id='word_1_631' title='bbox 347 5853 576 5919; x_wconf 88' lang='lat' dir='ltr'><strong><em>prudens</em></strong></span> <span class='ocrx_word' id='word_1_632' title='bbox 599 5858 913 5920; x_wconf 86' lang='lat' dir='ltr'><strong><em>estmundo,</em></strong></span> <span class='ocrx_word' id='word_1_633' title='bbox 938 5857 989 5912; x_wconf 91' lang='lat' dir='ltr'><strong><em>id</em></strong></span> <span class='ocrx_word' id='word_1_634' title='bbox 1011 5866 1093 5913; x_wconf 91' lang='lat' dir='ltr'><strong><em>est</em></strong></span> <span class='ocrx_word' id='word_1_635' title='bbox 1123 5856 1278 5912; x_wconf 80' lang='lat' dir='ltr'><strong><em>fortis</em></strong></span> <span class='ocrx_word' id='word_1_636' title='bbox 1308 5865 1361 5911; x_wconf 87' lang='lat' dir='ltr'><strong><em>et</em></strong></span> <span class='ocrx_word' id='word_1_637' title='bbox 1390 5854 1606 5917; x_wconf 73' lang='lat' dir='ltr'><strong><em>nobilis.</em></strong></span> 
     </span>
    </p>
   </div>
   <div class='ocr_carea' id='block_1_59' title="bbox 352 5943 767 6013">
    <p class='ocr_par' dir='ltr' id='par_1_59' title="bbox 352 5943 767 6013">
     <span class='ocr_line' id='line_1_59' title="bbox 352 5943 767 6013; baseline 0.022 -9"><span class='ocrx_word' id='word_1_638' title='bbox 352 5943 614 6011; x_wconf 64' lang='lat' dir='ltr'><strong><em>Pirum.</em></strong></span> <span class='ocrx_word' id='word_1_639' title='bbox 648 5948 767 6013; x_wconf 82' lang='lat' dir='ltr'><strong><em>CL.</em></strong></span> 
     </span>
    </p>
   </div>
   <div class='ocr_carea' id='block_1_60' title="bbox 1775 3564 2782 3636">
    <p class='ocr_par' dir='ltr' id='par_1_60' title="bbox 1775 3564 2782 3636">
     <span class='ocr_line' id='line_1_60' title="bbox 1775 3564 2782 3636; baseline -0.001 -16"><span class='ocrx_word' id='word_1_640' title='bbox 1775 3575 1943 3627; x_wconf 84' lang='lat' dir='ltr'><strong><em>ment,</em></strong></span> <span class='ocrx_word' id='word_1_641' title='bbox 1976 3565 2058 3618; x_wconf 81' lang='lat' dir='ltr'><strong><em>vei</em></strong></span> <span class='ocrx_word' id='word_1_642' title='bbox 2087 3565 2278 3631; x_wconf 89' lang='lat' dir='ltr'><strong><em>Deum,</em></strong></span> <span class='ocrx_word' id='word_1_643' title='bbox 2323 3573 2383 3618; x_wconf 89' lang='lat' dir='ltr'><strong><em>ut</em></strong></span> <span class='ocrx_word' id='word_1_644' title='bbox 2403 3564 2649 3636; x_wconf 84' lang='lat' dir='ltr'><strong><em>ignoscat</em></strong></span> <span class='ocrx_word' id='word_1_645' title='bbox 2680 3565 2782 3620; x_wconf 83' lang='lat' dir='ltr'><strong><em>eis.</em></strong></span> 
     </span>
    </p>
   </div>
   <div class='ocr_carea' id='block_1_61' title="bbox 1842 3653 3367 3725">
    <p class='ocr_par' dir='ltr' id='par_1_61' title="bbox 1842 3653 3367 3725">
     <span class='ocr_line' id='line_1_61' title="bbox 1842 3653 3367 3725; baseline 0.003 -16"><span class='ocrx_word' id='word_1_646' title='bbox 1842 3654 1931 3709; x_wconf 74' lang='lat'><strong><em>25.</em></strong></span> <span class='ocrx_word' id='word_1_647' title='bbox 1957 3658 2200 3711; x_wconf 72' lang='lat' dir='ltr'><strong><em>Aucusr.</em></strong></span> <span class='ocrx_word' id='word_1_648' title='bbox 2223 3654 2309 3725; x_wconf 78' lang='lat' dir='ltr'><strong><em>(ea:</em></strong></span> <span class='ocrx_word' id='word_1_649' title='bbox 2335 3663 2492 3709; x_wconf 86' lang='lat' dir='ltr'><strong><em>tract.</em></strong></span> <span class='ocrx_word' id='word_1_650' title='bbox 2519 3655 2575 3709; x_wconf 90' lang='lat' dir='ltr'><strong><em>in</em></strong></span> <span class='ocrx_word' id='word_1_651' title='bbox 2606 3653 2757 3711; x_wconf 83' lang='lat' dir='ltr'><strong><em>Psal.</em></strong></span> <span class='ocrx_word' id='word_1_652' title='bbox 2786 3654 2984 3723; x_wconf 67' lang='lat' dir='ltr'><strong><em>LXXVI).</em></strong></span> <span class='ocrx_word' id='word_1_653' title='bbox 3009 3654 3133 3712; x_wconf 79' lang='lat' dir='ltr'><strong><em>Non</em></strong></span> <span class='ocrx_word' id='word_1_654' title='bbox 3156 3668 3210 3712; x_wconf 82' lang='lat' dir='ltr'><strong><em>ut</em></strong></span> <span class='ocrx_word' id='word_1_655' title='bbox 3243 3675 3367 3714; x_wconf 57' lang='lat' dir='ltr'><strong><em>conn</em></strong></span> 
     </span>
    </p>
   </div>
   <div class='ocr_carea' id='block_1_62' title="bbox 1775 3743 3364 3817">
    <p class='ocr_par' dir='ltr' id='par_1_62' title="bbox 1775 3743 3364 3817">
     <span class='ocr_line' id='line_1_62' title="bbox 1775 3743 3364 3817; baseline 0.005 -20"><span class='ocrx_word' id='word_1_656' title='bbox 1775 3744 1996 3812; x_wconf 72' lang='lat' dir='ltr'><strong><em>{aridam</em></strong></span> <span class='ocrx_word' id='word_1_657' title='bbox 2018 3760 2125 3799; x_wconf 89' lang='lat' dir='ltr'><strong><em>vos.</em></strong></span> <span class='ocrx_word' id='word_1_658' title='bbox 2155 3743 2329 3809; x_wconf 89' lang='lat' dir='ltr'><strong><em>Dicit,</em></strong></span> <span class='ocrx_word' id='word_1_659' title='bbox 2352 3759 2457 3798; x_wconf 88' lang='lat' dir='ltr'><strong><em>non</em></strong></span> <span class='ocrx_word' id='word_1_660' title='bbox 2487 3753 2544 3798; x_wconf 88' lang='lat' dir='ltr'><strong><em>ut</em></strong></span> <span class='ocrx_word' id='word_1_661' title='bbox 2567 3743 2889 3814; x_wconf 78' lang='lat' dir='ltr'><strong><em>confundam</em></strong></span> <span class='ocrx_word' id='word_1_662' title='bbox 2917 3760 3002 3803; x_wconf 80' lang='lat' dir='ltr'><strong><em>vos</em></strong></span> <span class='ocrx_word' id='word_1_663' title='bbox 3028 3748 3142 3800; x_wconf 80' lang='lat' dir='ltr'><strong><em>lucc</em></strong></span> <span class='ocrx_word' id='word_1_664' title='bbox 3169 3748 3364 3817; x_wconf 73' lang='lat' dir='ltr'><strong><em>scribo,</em></strong></span> 
     </span>
    </p>
   </div>
   <div class='ocr_carea' id='block_1_63' title="bbox 1772 3836 3358 3911">
    <p class='ocr_par' dir='ltr' id='par_1_63' title="bbox 1772 3836 3358 3911">
     <span class='ocr_line' id='line_1_63' title="bbox 1772 3836 3358 3911; baseline 0.004 -20"><span class='ocrx_word' id='word_1_665' title='bbox 1772 3842 1861 3891; x_wconf 79' lang='lat' dir='ltr'><strong><em>sed</em></strong></span> <span class='ocrx_word' id='word_1_666' title='bbox 1891 3846 1948 3891; x_wconf 79' lang='lat' dir='ltr'><strong><em>ut</em></strong></span> <span class='ocrx_word' id='word_1_667' title='bbox 1974 3836 2314 3891; x_wconf 82' lang='lat' dir='ltr'><strong><em>charissimos</em></strong></span> <span class='ocrx_word' id='word_1_668' title='bbox 2346 3852 2531 3895; x_wconf 79' lang='lat' dir='ltr'><strong><em>moneo</em></strong></span> <span class='ocrx_word' id='word_1_669' title='bbox 2553 3851 2576 3903; x_wconf 83' lang='lat'><strong><em>;</em></strong></span> <span class='ocrx_word' id='word_1_670' title='bbox 2600 3852 2729 3892; x_wconf 78' lang='lat' dir='ltr'><strong><em>cum</em></strong></span> <span class='ocrx_word' id='word_1_671' title='bbox 2773 3838 2946 3894; x_wconf 81' lang='lat' dir='ltr'><strong><em>sciret</em></strong></span> <span class='ocrx_word' id='word_1_672' title='bbox 2974 3841 3162 3911; x_wconf 86' lang='lat' dir='ltr'><strong><em>utique</em></strong></span> <span class='ocrx_word' id='word_1_673' title='bbox 3187 3858 3216 3895; x_wconf 86' lang='lat' dir='ltr'><strong><em>a</em></strong></span> <span class='ocrx_word' id='word_1_674' title='bbox 3247 3840 3358 3897; x_wconf 84' lang='lat' dir='ltr'><strong><em>Do-</em></strong></span> 
     </span>
    </p>
   </div>
   <div class='ocr_carea' id='block_1_64' title="bbox 1775 3925 3359 4001">
    <p class='ocr_par' dir='ltr' id='par_1_64' title="bbox 1775 3925 3359 4001">
     <span class='ocr_line' id='line_1_64' title="bbox 1775 3925 3359 4001; baseline 0.004 -19"><span class='ocrx_word' id='word_1_675' title='bbox 1775 3928 1924 3982; x_wconf 89' lang='lat' dir='ltr'><strong><em>mino</em></strong></span> <span class='ocrx_word' id='word_1_676' title='bbox 1974 3925 2178 3982; x_wconf 86' lang='lat' dir='ltr'><strong><em>dictum</em></strong></span> <span class='ocrx_word' id='word_1_677' title='bbox 2213 3944 2227 3981; x_wconf 88' lang='lat'><strong>:</strong></span> <span class='ocrx_word' id='word_1_678' title='bbox 2265 3925 2349 3981; x_wconf 84' lang='lat' dir='ltr'><strong><em>Ne</em></strong></span> <span class='ocrx_word' id='word_1_679' title='bbox 2399 3927 2539 3982; x_wconf 85' lang='lat' dir='ltr'><strong><em>vobis</em></strong></span> <span class='ocrx_word' id='word_1_680' title='bbox 2591 3928 2784 3984; x_wconf 75' lang='lat' dir='ltr'><strong><em>dicatis</em></strong></span> <span class='ocrx_word' id='word_1_681' title='bbox 2847 3939 3053 4001; x_wconf 82' lang='lat' dir='ltr'><strong><em>patrem</em></strong></span> <span class='ocrx_word' id='word_1_682' title='bbox 3088 3932 3153 3995; x_wconf 74' lang='lat' dir='ltr'><strong><em>,in</em></strong></span> <span class='ocrx_word' id='word_1_683' title='bbox 3193 3943 3359 3999; x_wconf 77' lang='lat' dir='ltr'><strong><em>terra;</em></strong></span> 
     </span>
    </p>
   </div>
   <div class='ocr_carea' id='block_1_65' title="bbox 1776 4018 3361 4106">
    <p class='ocr_par' dir='ltr' id='par_1_65' title="bbox 1776 4018 3361 4106">
     <span class='ocr_line' id='line_1_65' title="bbox 1776 4018 3361 4106; baseline 0.004 -31"><span class='ocrx_word' id='word_1_684' title='bbox 1776 4037 1914 4077; x_wconf 83' lang='lat' dir='ltr'><strong><em>unus</em></strong></span> <span class='ocrx_word' id='word_1_685' title='bbox 1937 4030 2010 4074; x_wconf 83' lang='lat' dir='ltr'><strong><em>est</em></strong></span> <span class='ocrx_word' id='word_1_686' title='bbox 2033 4020 2174 4074; x_wconf 87' lang='lat' dir='ltr'><strong><em>enim</em></strong></span> <span class='ocrx_word' id='word_1_687' title='bbox 2194 4027 2344 4088; x_wconf 83' lang='lat' dir='ltr'><strong><em>pater</em></strong></span> <span class='ocrx_word' id='word_1_688' title='bbox 2356 4027 2521 4073; x_wconf 90' lang='lat' dir='ltr'><strong><em>vester</em></strong></span> <span class='ocrx_word' id='word_1_689' title='bbox 2542 4018 2704 4081; x_wconf 80' lang='lat' dir='ltr'><strong><em>Deus.</em></strong></span> <span class='ocrx_word' id='word_1_690' title='bbox 2736 4019 2889 4090; x_wconf 80' lang='lat' dir='ltr'><strong><em>Quod</em></strong></span> <span class='ocrx_word' id='word_1_691' title='bbox 2914 4020 3045 4079; x_wconf 85' lang='lat' dir='ltr'><strong><em>ideo</em></strong></span> <span class='ocrx_word' id='word_1_692' title='bbox 3068 4022 3197 4097; x_wconf 85' lang='lat' dir='ltr'><strong><em>{al.,</em></strong></span> <span class='ocrx_word' id='word_1_693' title='bbox 3227 4025 3361 4106; x_wconf 76' lang='lat' dir='ltr'><strong><em>non]</em></strong></span> 
     </span>
    </p>
   </div>
   <div class='ocr_carea' id='block_1_66' title="bbox 1777 4113 3369 4185">
    <p class='ocr_par' dir='ltr' id='par_1_66' title="bbox 1777 4113 3369 4185">
     <span class='ocr_line' id='line_1_66' title="bbox 1777 4113 3369 4185; baseline 0.006 -17"><span class='ocrx_word' id='word_1_694' title='bbox 1777 4115 1980 4173; x_wconf 78' lang='lat' dir='ltr'><strong><em>dictum</em></strong></span> <span class='ocrx_word' id='word_1_695' title='bbox 2008 4122 2094 4173; x_wconf 77' lang='lat' dir='ltr'><strong><em>est</em></strong></span> <span class='ocrx_word' id='word_1_696' title='bbox 2120 4155 2135 4180; x_wconf 93' lang='lat'><strong><em>,</em></strong></span> <span class='ocrx_word' id='word_1_697' title='bbox 2176 4121 2238 4168; x_wconf 89' lang='lat' dir='ltr'><strong><em>ut</em></strong></span> <span class='ocrx_word' id='word_1_698' title='bbox 2265 4113 2370 4171; x_wconf 83' lang='lat' dir='ltr'><strong><em>hoc</em></strong></span> <span class='ocrx_word' id='word_1_699' title='bbox 2412 4113 2734 4172; x_wconf 80' lang='lat' dir='ltr'><strong><em>vocabulum</em></strong></span> <span class='ocrx_word' id='word_1_700' title='bbox 2775 4116 3000 4178; x_wconf 86' lang='lat' dir='ltr'><strong><em>honoris</em></strong></span> <span class='ocrx_word' id='word_1_701' title='bbox 3022 4118 3273 4185; x_wconf 81' lang='lat' dir='ltr'><strong><em>humani,</em></strong></span> <span class='ocrx_word' id='word_1_702' title='bbox 3298 4122 3369 4177; x_wconf 85' lang='lat' dir='ltr'><strong><em>de</em></strong></span> 
     </span>
    </p>
   </div>
   <div class='ocr_carea' id='block_1_67' title="bbox 1769 4203 3359 4278">
    <p class='ocr_par' dir='ltr' id='par_1_67' title="bbox 1769 4203 3359 4278">
     <span class='ocr_line' id='line_1_67' title="bbox 1769 4203 3359 4278; baseline 0.004 -21"><span class='ocrx_word' id='word_1_703' title='bbox 1769 4204 2029 4275; x_wconf 84' lang='lat' dir='ltr'><strong><em>loquendi</em></strong></span> <span class='ocrx_word' id='word_1_704' title='bbox 2063 4204 2454 4259; x_wconf 77' lang='lat' dir='ltr'><strong><em>consuetudine</em></strong></span> <span class='ocrx_word' id='word_1_705' title='bbox 2478 4203 2759 4265; x_wconf 68' lang='lat' dir='ltr'><strong><em>tolleretur</em></strong></span> <span class='ocrx_word' id='word_1_706' title='bbox 2776 4244 2792 4268; x_wconf 89' lang='lat'><strong><em>,</em></strong></span> <span class='ocrx_word' id='word_1_707' title='bbox 2826 4206 2924 4262; x_wconf 85' lang='lat' dir='ltr'><strong><em>sed</em></strong></span> <span class='ocrx_word' id='word_1_708' title='bbox 2946 4222 3020 4262; x_wconf 80' lang='lat' dir='ltr'><strong><em>ne</em></strong></span> <span class='ocrx_word' id='word_1_709' title='bbox 3042 4210 3214 4278; x_wconf 86' lang='lat' dir='ltr'><strong><em>gratia</em></strong></span> <span class='ocrx_word' id='word_1_710' title='bbox 3237 4210 3359 4273; x_wconf 86' lang='lat' dir='ltr'><strong><em>Dei,</em></strong></span> 
     </span>
    </p>
   </div>
   <div class='ocr_carea' id='block_1_68' title="bbox 1777 4292 3361 4364">
    <p class='ocr_par' dir='ltr' id='par_1_68' title="bbox 1777 4292 3361 4364">
     <span class='ocr_line' id='line_1_68' title="bbox 1777 4292 3361 4364; baseline 0.003 -16"><span class='ocrx_word' id='word_1_711' title='bbox 1777 4310 1884 4364; x_wconf 89' lang='lat' dir='ltr'><strong><em>qua</em></strong></span> <span class='ocrx_word' id='word_1_712' title='bbox 1934 4295 1987 4348; x_wconf 87' lang='lat' dir='ltr'><strong><em>in</em></strong></span> <span class='ocrx_word' id='word_1_713' title='bbox 2015 4303 2280 4347; x_wconf 80' lang='lat' dir='ltr'><strong><em>aeternam</em></strong></span> <span class='ocrx_word' id='word_1_714' title='bbox 2317 4292 2485 4347; x_wconf 87' lang='lat' dir='ltr'><strong><em>vitam</em></strong></span> <span class='ocrx_word' id='word_1_715' title='bbox 2533 4307 2947 4359; x_wconf 82' lang='lat' dir='ltr'><strong><em>regeneramur,</em></strong></span> <span class='ocrx_word' id='word_1_716' title='bbox 3004 4303 3234 4363; x_wconf 71' lang='lat' dir='ltr'><strong><em>naturae.</em></strong></span> <span class='ocrx_word' id='word_1_717' title='bbox 3275 4298 3361 4361; x_wconf 88' lang='lat' dir='ltr'><strong><em>vel</em></strong></span> 
     </span>
    </p>
   </div>
   <div class='ocr_carea' id='block_1_69' title="bbox 1772 4380 3369 4457">
    <p class='ocr_par' dir='ltr' id='par_1_69' title="bbox 1772 4380 3369 4457">
     <span class='ocr_line' id='line_1_69' title="bbox 1772 4380 3369 4457; baseline -0.001 -16"><span class='ocrx_word' id='word_1_718' title='bbox 1772 4383 2030 4455; x_wconf 70' lang='lat' dir='ltr'><strong><em>potestati</em></strong></span> <span class='ocrx_word' id='word_1_719' title='bbox 2088 4382 2171 4436; x_wconf 87' lang='lat' dir='ltr'><strong><em>vel</em></strong></span> <span class='ocrx_word' id='word_1_720' title='bbox 2218 4380 2381 4436; x_wconf 86' lang='lat' dir='ltr'><strong><em>etiam</em></strong></span> <span class='ocrx_word' id='word_1_721' title='bbox 2431 4382 2711 4443; x_wconf 73' lang='lat' dir='ltr'><strong><em>sanctitati</em></strong></span> <span class='ocrx_word' id='word_1_722' title='bbox 2759 4381 3075 4455; x_wconf 75' lang='lat' dir='ltr'><strong><em>cujusquam</em></strong></span> <span class='ocrx_word' id='word_1_723' title='bbox 3123 4386 3369 4457; x_wconf 65' lang='lat' dir='ltr'><strong><em>limini;</em></strong></span> 
     </span>
    </p>
   </div>
   <div class='ocr_carea' id='block_1_70' title="bbox 1781 4472 3366 4557">
    <p class='ocr_par' dir='ltr' id='par_1_70' title="bbox 1781 4472 3366 4557">
     <span class='ocr_line' id='line_1_70' title="bbox 1781 4472 3366 4557; baseline 0.004 -25"><span class='ocrx_word' id='word_1_724' title='bbox 1781 4477 2135 4532; x_wconf 85' lang='lat' dir='ltr'><strong><em>tribueretur.</em></strong></span> <span class='ocrx_word' id='word_1_725' title='bbox 2181 4472 2314 4530; x_wconf 67' lang='lat' dir='ltr'><strong><em>ideo</em></strong></span> <span class='ocrx_word' id='word_1_726' title='bbox 2366 4488 2495 4529; x_wconf 83' lang='lat' dir='ltr'><strong><em>cum</em></strong></span> <span class='ocrx_word' id='word_1_727' title='bbox 2543 4473 2793 4531; x_wconf 86' lang='lat' dir='ltr'><strong><em>diceret:</em></strong></span> <span class='ocrx_word' id='word_1_728' title='bbox 2835 4476 2948 4549; x_wconf 83' lang='lat' dir='ltr'><strong><em>Ego</em></strong></span> <span class='ocrx_word' id='word_1_729' title='bbox 3008 4480 3162 4552; x_wconf 88' lang='lat' dir='ltr'><strong><em>genui</em></strong></span> <span class='ocrx_word' id='word_1_730' title='bbox 3229 4498 3317 4540; x_wconf 83' lang='lat' dir='ltr'><strong><em>vos</em></strong></span> <span class='ocrx_word' id='word_1_731' title='bbox 3342 4523 3366 4557; x_wconf 79' lang='lat'><strong><em>,</em></strong></span> 
     </span>
    </p>
   </div>
   <div class='ocr_carea' id='block_1_71' title="bbox 1778 4563 3367 4642">
    <p class='ocr_par' dir='ltr' id='par_1_71' title="bbox 1778 4563 3367 4642">
     <span class='ocr_line' id='line_1_71' title="bbox 1778 4563 3367 4642; baseline -0.001 -19"><span class='ocrx_word' id='word_1_732' title='bbox 1778 4576 1902 4640; x_wconf 86' lang='lat' dir='ltr'><strong><em>post</em></strong></span> <span class='ocrx_word' id='word_1_733' title='bbox 1935 4565 2076 4623; x_wconf 76' lang='lat' dir='ltr'><strong><em>dixit</em></strong></span> <span class='ocrx_word' id='word_1_734' title='bbox 2112 4581 2127 4618; x_wconf 93' lang='lat'><strong>:</strong></span> <span class='ocrx_word' id='word_1_735' title='bbox 2175 4563 2298 4638; x_wconf 87' lang='lat' dir='ltr'><strong><em>[al.,</em></strong></span> <span class='ocrx_word' id='word_1_736' title='bbox 2326 4565 2578 4636; x_wconf 62' lang='lat' dir='ltr'><strong><em>praedixit</em></strong></span> <span class='ocrx_word' id='word_1_737' title='bbox 2606 4564 2625 4639; x_wconf 96' lang='lat'>]</span> <span class='ocrx_word' id='word_1_738' title='bbox 2657 4564 2722 4620; x_wconf 87' lang='lat' dir='ltr'><strong><em>In</em></strong></span> <span class='ocrx_word' id='word_1_739' title='bbox 2754 4566 2979 4636; x_wconf 85' lang='lat' dir='ltr'><strong><em>Christo,</em></strong></span> <span class='ocrx_word' id='word_1_740' title='bbox 3005 4581 3052 4626; x_wconf 91' lang='lat' dir='ltr'><strong><em>et</em></strong></span> <span class='ocrx_word' id='word_1_741' title='bbox 3068 4588 3164 4642; x_wconf 88' lang='lat' dir='ltr'><strong><em>per</em></strong></span> <span class='ocrx_word' id='word_1_742' title='bbox 3187 4572 3367 4641; x_wconf 54' lang='lat' dir='ltr'><strong><em>Euan.</em></strong></span> 
     </span>
    </p>
   </div>
   <div class='ocr_carea' id='block_1_72' title="bbox 1779 4659 3199 4733">
    <p class='ocr_par' dir='ltr' id='par_1_72' title="bbox 1779 4659 3199 4733">
     <span class='ocr_line' id='line_1_72' title="bbox 1779 4659 3199 4733; baseline 0.004 -18"><span class='ocrx_word' id='word_1_743' title='bbox 1779 4661 1995 4733; x_wconf 85' lang='lat' dir='ltr'><strong><em>gelium,</em></strong></span> <span class='ocrx_word' id='word_1_744' title='bbox 2050 4675 2120 4715; x_wconf 88' lang='lat' dir='ltr'><strong><em>ne</em></strong></span> <span class='ocrx_word' id='word_1_745' title='bbox 2147 4659 2315 4731; x_wconf 88' lang='lat' dir='ltr'><strong><em>ipsius</em></strong></span> <span class='ocrx_word' id='word_1_746' title='bbox 2333 4667 2629 4730; x_wconf 86' lang='lat' dir='ltr'><strong><em>putaretur</em></strong></span> <span class='ocrx_word' id='word_1_747' title='bbox 2650 4675 2773 4717; x_wconf 90' lang='lat' dir='ltr'><strong><em>esse</em></strong></span> <span class='ocrx_word' id='word_1_748' title='bbox 2801 4663 2945 4733; x_wconf 89' lang='lat' dir='ltr'><strong><em>quod</em></strong></span> <span class='ocrx_word' id='word_1_749' title='bbox 2976 4662 3072 4727; x_wconf 87' lang='lat' dir='ltr'><strong><em>Dei</em></strong></span> <span class='ocrx_word' id='word_1_750' title='bbox 3090 4676 3199 4723; x_wconf 81' lang='lat' dir='ltr'><strong><em>est.</em></strong></span> 
     </span>
    </p>
   </div>
   <div class='ocr_carea' id='block_1_73' title="bbox 1851 4750 3361 4827">
    <p class='ocr_par' dir='ltr' id='par_1_73' title="bbox 1851 4750 3361 4827">
     <span class='ocr_line' id='line_1_73' title="bbox 1851 4750 3361 4827; baseline 0.007 -19"><span class='ocrx_word' id='word_1_751' title='bbox 1851 4753 1943 4808; x_wconf 75' lang='grc'><strong>24.</strong></span> <span class='ocrx_word' id='word_1_752' title='bbox 1972 4752 2179 4813; x_wconf 62' lang='lat' dir='ltr'><strong><em>Lmen.</em></strong></span> <span class='ocrx_word' id='word_1_753' title='bbox 2234 4750 2360 4807; x_wconf 82' lang='lat' dir='ltr'><strong><em>Non</em></strong></span> <span class='ocrx_word' id='word_1_754' title='bbox 2408 4753 2545 4806; x_wconf 88' lang='lat' dir='ltr'><strong><em>enim</em></strong></span> <span class='ocrx_word' id='word_1_755' title='bbox 2584 4753 2637 4807; x_wconf 90' lang='lat' dir='ltr'><strong><em>in</em></strong></span> <span class='ocrx_word' id='word_1_756' title='bbox 2667 4770 2903 4810; x_wconf 88' lang='lat' dir='ltr'><strong><em>sermone</em></strong></span> <span class='ocrx_word' id='word_1_757' title='bbox 2952 4756 3004 4812; x_wconf 90' lang='lat' dir='ltr'><strong><em>id</em></strong></span> <span class='ocrx_word' id='word_1_758' title='bbox 3037 4769 3142 4827; x_wconf 85' lang='lat' dir='ltr'><strong><em>est,</em></strong></span> <span class='ocrx_word' id='word_1_759' title='bbox 3178 4760 3361 4819; x_wconf 79' lang='lat' dir='ltr'><strong><em>verbis</em></strong></span> 
     </span>
    </p>
   </div>
   <div class='ocr_carea' id='block_1_74' title="bbox 1708 4820 3367 4915">
    <p class='ocr_par' dir='ltr' id='par_1_74' title="bbox 1708 4820 3367 4915">
     <span class='ocr_line' id='line_1_74' title="bbox 1708 4820 3367 4915; baseline 0.005 -16"><span class='ocrx_word' id='word_1_760' title='bbox 1708 4820 1752 4874; x_wconf 74' lang='grc' dir='ltr'>Β</span> <span class='ocrx_word' id='word_1_761' title='bbox 1781 4843 1909 4900; x_wconf 90' lang='lat' dir='ltr'><strong><em>solis</em></strong></span> <span class='ocrx_word' id='word_1_762' title='bbox 1947 4860 2055 4898; x_wconf 88' lang='lat' dir='ltr'><strong><em>non</em></strong></span> <span class='ocrx_word' id='word_1_763' title='bbox 2084 4840 2386 4911; x_wconf 88' lang='lat' dir='ltr'><strong><em>acquiritur</em></strong></span> <span class='ocrx_word' id='word_1_764' title='bbox 2410 4856 2635 4914; x_wconf 83' lang='lat' dir='ltr'><strong><em>regnum</em></strong></span> <span class='ocrx_word' id='word_1_765' title='bbox 2684 4842 2806 4911; x_wconf 89' lang='lat' dir='ltr'><strong><em>Dei,</em></strong></span> <span class='ocrx_word' id='word_1_766' title='bbox 2846 4845 2940 4901; x_wconf 88' lang='lat' dir='ltr'><strong><em>sed</em></strong></span> <span class='ocrx_word' id='word_1_767' title='bbox 2994 4844 3051 4902; x_wconf 88' lang='lat' dir='ltr'><strong><em>in</em></strong></span> <span class='ocrx_word' id='word_1_768' title='bbox 3080 4820 3281 4910; x_wconf 79' lang='lat' dir='ltr'><strong><em>virtute</em></strong></span> <span class='ocrx_word' id='word_1_769' title='bbox 3308 4861 3367 4915; x_wconf 75' lang='lat' dir='ltr'><strong><em>et</em></strong></span> 
     </span>
    </p>
   </div>
   <div class='ocr_carea' id='block_1_75' title="bbox 1777 4933 2099 4993">
    <p class='ocr_par' dir='ltr' id='par_1_75' title="bbox 1777 4933 2099 4993">
     <span class='ocr_line' id='line_1_75' title="bbox 1777 4933 2099 4993; baseline -0.019 0"><span class='ocrx_word' id='word_1_770' title='bbox 1777 4933 2099 4993; x_wconf 77' lang='lat' dir='ltr'><strong><em>benefactis.</em></strong></span> 
     </span>
    </p>
   </div>
   <div class='ocr_carea' id='block_1_76' title="bbox 1845 5025 3366 5098">
    <p class='ocr_par' dir='ltr' id='par_1_76' title="bbox 1845 5025 3366 5098">
     <span class='ocr_line' id='line_1_76' title="bbox 1845 5025 3366 5098; baseline 0.002 -15"><span class='ocrx_word' id='word_1_771' title='bbox 1845 5026 2000 5083; x_wconf 71' lang='lat' dir='ltr'><strong><em>CAP.</em></strong></span> <span class='ocrx_word' id='word_1_772' title='bbox 2036 5026 2101 5082; x_wconf 70' lang='grc' dir='ltr'><strong>γ.</strong></span> <span class='ocrx_word' id='word_1_773' title='bbox 2140 5056 2213 5065; x_wconf 91' lang='lat'><strong><em>-—-</em></strong></span> <span class='ocrx_word' id='word_1_774' title='bbox 2244 5026 2295 5081; x_wconf 82' lang='grc'><strong><em>1.</em></strong></span> <span class='ocrx_word' id='word_1_775' title='bbox 2333 5025 2574 5081; x_wconf 68' lang='grc' dir='ltr'><strong><em>Αυαυετ.</em></strong></span> <span class='ocrx_word' id='word_1_776' title='bbox 2630 5030 2716 5098; x_wconf 71' lang='lat' dir='ltr'><strong><em>(ex</em></strong></span> <span class='ocrx_word' id='word_1_777' title='bbox 2751 5027 2994 5085; x_wconf 76' lang='lat' dir='ltr'><strong><em>Sernwn.</em></strong></span> <span class='ocrx_word' id='word_1_778' title='bbox 3047 5031 3259 5085; x_wconf 84' lang='lat' dir='ltr'><strong><em>Domini</em></strong></span> <span class='ocrx_word' id='word_1_779' title='bbox 3308 5032 3366 5097; x_wconf 78' lang='lat' dir='ltr'><strong><em>in</em></strong></span> 
     </span>
    </p>
   </div>
   <div class='ocr_carea' id='block_1_77' title="bbox 1778 5118 3363 5194">
    <p class='ocr_par' dir='ltr' id='par_1_77' title="bbox 1778 5118 3363 5194">
     <span class='ocr_line' id='line_1_77' title="bbox 1778 5118 3363 5194; baseline 0.004 -20"><span class='ocrx_word' id='word_1_780' title='bbox 1778 5130 1972 5184; x_wconf 87' lang='lat' dir='ltr'><strong><em>monte,</em></strong></span> <span class='ocrx_word' id='word_1_781' title='bbox 2001 5118 2094 5174; x_wconf 91' lang='lat' dir='ltr'><strong><em>lib.</em></strong></span> <span class='ocrx_word' id='word_1_782' title='bbox 2134 5134 2176 5183; x_wconf 82' lang='grc' dir='ltr'><strong><em>ι,</em></strong></span> <span class='ocrx_word' id='word_1_783' title='bbox 2204 5133 2320 5188; x_wconf 90' lang='lat' dir='ltr'><strong><em>cap.</em></strong></span> <span class='ocrx_word' id='word_1_784' title='bbox 2350 5118 2446 5184; x_wconf 78' lang='lat'><strong><em>20,</em></strong></span> <span class='ocrx_word' id='word_1_785' title='bbox 2474 5125 2607 5174; x_wconf 87' lang='lat' dir='ltr'><strong><em>tom.</em></strong></span> <span class='ocrx_word' id='word_1_786' title='bbox 2634 5118 2749 5192; x_wconf 73' lang='grc' dir='ltr'><strong><em>Ν).</em></strong></span> <span class='ocrx_word' id='word_1_787' title='bbox 2782 5120 3010 5177; x_wconf 84' lang='lat' dir='ltr'><strong><em>Tradere</em></strong></span> <span class='ocrx_word' id='word_1_788' title='bbox 3038 5124 3363 5194; x_wconf 85' lang='lat' dir='ltr'><strong><em>hujusmodi.</em></strong></span> 
     </span>
    </p>
   </div>
   <div class='ocr_carea' id='block_1_78' title="bbox 1781 5210 3362 5285">
    <p class='ocr_par' dir='ltr' id='par_1_78' title="bbox 1781 5210 3362 5285">
     <span class='ocr_line' id='line_1_78' title="bbox 1781 5210 3362 5285; baseline 0.002 -18"><span class='ocrx_word' id='word_1_789' title='bbox 1781 5211 1916 5267; x_wconf 82' lang='lat' dir='ltr'><strong><em>Etsi</em></strong></span> <span class='ocrx_word' id='word_1_790' title='bbox 1945 5210 2134 5267; x_wconf 86' lang='lat' dir='ltr'><strong><em>nolunt</em></strong></span> <span class='ocrx_word' id='word_1_791' title='bbox 2184 5210 2275 5267; x_wconf 91' lang='lat' dir='ltr'><strong><em>hic</em></strong></span> <span class='ocrx_word' id='word_1_792' title='bbox 2324 5220 2555 5267; x_wconf 86' lang='lat' dir='ltr'><strong><em>mortem</em></strong></span> <span class='ocrx_word' id='word_1_793' title='bbox 2590 5212 2912 5284; x_wconf 76' lang='lat' dir='ltr'><strong><em>intelligere,</em></strong></span> <span class='ocrx_word' id='word_1_794' title='bbox 2958 5212 3191 5269; x_wconf 75' lang='lat' dir='ltr'><strong><em>fortasse</em></strong></span> <span class='ocrx_word' id='word_1_795' title='bbox 3214 5216 3362 5285; x_wconf 78' lang='lat' dir='ltr'><strong><em>enim</em></strong></span> 
     </span>
    </p>
   </div>
   <div class='ocr_carea' id='block_1_79' title="bbox 1786 5302 3367 5373">
    <p class='ocr_par' dir='ltr' id='par_1_79' title="bbox 1786 5302 3367 5373">
     <span class='ocr_line' id='line_1_79' title="bbox 1786 5302 3367 5373; baseline 0.004 -15"><span class='ocrx_word' id='word_1_796' title='bbox 1786 5302 2057 5359; x_wconf 86' lang='lat' dir='ltr'><strong><em>incertum</em></strong></span> <span class='ocrx_word' id='word_1_797' title='bbox 2110 5310 2195 5358; x_wconf 85' lang='lat' dir='ltr'><strong><em>est</em></strong></span> <span class='ocrx_word' id='word_1_798' title='bbox 2265 5302 2562 5372; x_wconf 81' lang='lat' dir='ltr'><strong><em>quamlibet</em></strong></span> <span class='ocrx_word' id='word_1_799' title='bbox 2618 5304 2910 5362; x_wconf 84' lang='lat' dir='ltr'><strong><em>vindictam</em></strong></span> <span class='ocrx_word' id='word_1_800' title='bbox 2951 5317 3050 5373; x_wconf 89' lang='lat' dir='ltr'><strong><em>per</em></strong></span> <span class='ocrx_word' id='word_1_801' title='bbox 3102 5304 3367 5365; x_wconf 83' lang='lat' dir='ltr'><strong><em>Satanam</em></strong></span> 
     </span>
    </p>
   </div>
   <div class='ocr_carea' id='block_1_80' title="bbox 1777 5395 3360 5466">
    <p class='ocr_par' dir='ltr' id='par_1_80' title="bbox 1777 5395 3360 5466">
     <span class='ocr_line' id='line_1_80' title="bbox 1777 5395 3360 5466; baseline 0.004 -15"><span class='ocrx_word' id='word_1_802' title='bbox 1777 5395 1978 5454; x_wconf 77' lang='lat' dir='ltr'><strong><em>laetam</em></strong></span> <span class='ocrx_word' id='word_1_803' title='bbox 2032 5398 2105 5452; x_wconf 82' lang='lat' dir='ltr'><strong><em>ab</em></strong></span> <span class='ocrx_word' id='word_1_804' title='bbox 2140 5395 2396 5466; x_wconf 82' lang='lat' dir='ltr'><strong><em>Apostolo</em></strong></span> <span class='ocrx_word' id='word_1_805' title='bbox 2423 5395 2716 5451; x_wconf 72' lang='lat' dir='ltr'><strong><em>fateantur.</em></strong></span> <span class='ocrx_word' id='word_1_806' title='bbox 2755 5395 2908 5463; x_wconf 85' lang='lat' dir='ltr'><strong><em>Quod</em></strong></span> <span class='ocrx_word' id='word_1_807' title='bbox 2939 5411 3045 5449; x_wconf 92' lang='lat' dir='ltr'><strong><em>non</em></strong></span> <span class='ocrx_word' id='word_1_808' title='bbox 3075 5411 3196 5451; x_wconf 89' lang='lat' dir='ltr'><strong><em>eam</em></strong></span> <span class='ocrx_word' id='word_1_809' title='bbox 3228 5400 3360 5457; x_wconf 86' lang='lat' dir='ltr'><strong><em>odio</em></strong></span> 
     </span>
    </p>
   </div>
   <div class='ocr_carea' id='block_1_81' title="bbox 1782 5485 3364 5559">
    <p class='ocr_par' dir='ltr' id='par_1_81' title="bbox 1782 5485 3364 5559">
     <span class='ocr_line' id='line_1_81' title="bbox 1782 5485 3364 5559; baseline 0.001 -16"><span class='ocrx_word' id='word_1_810' title='bbox 1782 5488 1877 5543; x_wconf 81' lang='lat' dir='ltr'><strong><em>sed</em></strong></span> <span class='ocrx_word' id='word_1_811' title='bbox 1919 5501 2107 5542; x_wconf 84' lang='lat' dir='ltr'><strong><em>amore</em></strong></span> <span class='ocrx_word' id='word_1_812' title='bbox 2164 5486 2360 5543; x_wconf 82' lang='lat' dir='ltr'><strong><em>iecisse</em></strong></span> <span class='ocrx_word' id='word_1_813' title='bbox 2417 5486 2730 5543; x_wconf 78' lang='lat' dir='ltr'><strong><em>manifestat</em></strong></span> <span class='ocrx_word' id='word_1_814' title='bbox 2782 5485 2912 5542; x_wconf 86' lang='lat' dir='ltr'><strong><em>illud</em></strong></span> <span class='ocrx_word' id='word_1_815' title='bbox 2962 5485 3230 5559; x_wconf 81' lang='lat' dir='ltr'><strong><em>adjectum</em></strong></span> <span class='ocrx_word' id='word_1_816' title='bbox 3264 5500 3364 5557; x_wconf 69' lang='grc' dir='ltr'>ξω</span> 
     </span>
    </p>
   </div>
   <div class='ocr_carea' id='block_1_82' title="bbox 1780 5577 2252 5635">
    <p class='ocr_par' dir='ltr' id='par_1_82' title="bbox 1780 5577 2252 5635">
     <span class='ocr_line' id='line_1_82' title="bbox 1780 5577 2252 5635; baseline 0.002 -2"><span class='ocrx_word' id='word_1_817' title='bbox 1780 5579 1957 5635; x_wconf 84' lang='lat' dir='ltr'><strong><em>anima</em></strong></span> <span class='ocrx_word' id='word_1_818' title='bbox 1988 5577 2134 5634; x_wconf 81' lang='lat' dir='ltr'><strong><em>salva</em></strong></span> <span class='ocrx_word' id='word_1_819' title='bbox 2162 5579 2252 5634; x_wconf 86' lang='lat' dir='ltr'><strong><em>sit.</em></strong></span> 
     </span>
    </p>
   </div>
   <div class='ocr_carea' id='block_1_83' title="bbox 1852 5667 3366 5740">
    <p class='ocr_par' dir='ltr' id='par_1_83' title="bbox 1852 5667 3366 5740">
     <span class='ocr_line' id='line_1_83' title="bbox 1852 5667 3366 5740; baseline 0.001 -16"><span class='ocrx_word' id='word_1_820' title='bbox 1852 5669 1909 5724; x_wconf 75' lang='grc'><strong><em>2.</em></strong></span> <span class='ocrx_word' id='word_1_821' title='bbox 1952 5669 2153 5725; x_wconf 67' lang='lat' dir='ltr'><strong><em>Lmen.</em></strong></span> <span class='ocrx_word' id='word_1_822' title='bbox 2201 5668 2526 5740; x_wconf 80' lang='lat' dir='ltr'><strong><em>Hujusmodi</em></strong></span> <span class='ocrx_word' id='word_1_823' title='bbox 2568 5668 2806 5723; x_wconf 81' lang='lat' dir='ltr'><strong><em>Satante.</em></strong></span> <span class='ocrx_word' id='word_1_824' title='bbox 2853 5667 3004 5726; x_wconf 81' lang='lat' dir='ltr'><strong><em>Hanc</em></strong></span> <span class='ocrx_word' id='word_1_825' title='bbox 3040 5681 3366 5739; x_wconf 66' lang='lat' dir='ltr'><strong><em>potestatem</em></strong></span> 
     </span>
    </p>
   </div>
   <div class='ocr_carea' id='block_1_84' title="bbox 1784 5760 3363 5835">
    <p class='ocr_par' dir='ltr' id='par_1_84' title="bbox 1784 5760 3363 5835">
     <span class='ocr_line' id='line_1_84' title="bbox 1784 5760 3363 5835; baseline 0.004 -19"><span class='ocrx_word' id='word_1_826' title='bbox 1784 5760 1992 5826; x_wconf 88' lang='lat' dir='ltr'><strong><em>habuit,</em></strong></span> <span class='ocrx_word' id='word_1_827' title='bbox 2045 5771 2104 5817; x_wconf 91' lang='lat' dir='ltr'><strong><em>ut</em></strong></span> <span class='ocrx_word' id='word_1_828' title='bbox 2146 5764 2579 5832; x_wconf 88' lang='lat' dir='ltr'><strong><em>quotiescunque</em></strong></span> <span class='ocrx_word' id='word_1_829' title='bbox 2625 5762 2829 5818; x_wconf 89' lang='lat' dir='ltr'><strong><em>homini</em></strong></span> <span class='ocrx_word' id='word_1_830' title='bbox 2870 5775 3091 5835; x_wconf 83' lang='lat' dir='ltr'><strong><em>accepta</em></strong></span> <span class='ocrx_word' id='word_1_831' title='bbox 3136 5766 3363 5823; x_wconf 75' lang='lat' dir='ltr'><strong><em>stultitia</em></strong></span> 
     </span>
    </p>
   </div>
   <div class='ocr_carea' id='block_1_85' title="bbox 1781 5854 3363 5923">
    <p class='ocr_par' dir='ltr' id='par_1_85' title="bbox 1781 5854 3363 5923">
     <span class='ocr_line' id='line_1_85' title="bbox 1781 5854 3363 5923; baseline 0.001 -12"><span class='ocrx_word' id='word_1_832' title='bbox 1781 5867 2037 5915; x_wconf 75' lang='lat' dir='ltr'><strong><em>amovere</em></strong></span> <span class='ocrx_word' id='word_1_833' title='bbox 2111 5868 2219 5909; x_wconf 91' lang='lat' dir='ltr'><strong><em>non</em></strong></span> <span class='ocrx_word' id='word_1_834' title='bbox 2271 5862 2475 5921; x_wconf 85' lang='lat' dir='ltr'><strong><em>posset,</em></strong></span> <span class='ocrx_word' id='word_1_835' title='bbox 2530 5854 2744 5922; x_wconf 78' lang='lat' dir='ltr'><strong><em>diabolo</em></strong></span> <span class='ocrx_word' id='word_1_836' title='bbox 2779 5872 2901 5923; x_wconf 81' lang='lat' dir='ltr'><strong><em>eum</em></strong></span> <span class='ocrx_word' id='word_1_837' title='bbox 2948 5859 3015 5921; x_wconf 75' lang='lat' dir='ltr'><strong><em>ad</em></strong></span> <span class='ocrx_word' id='word_1_838' title='bbox 3059 5858 3363 5923; x_wconf 71' lang='lat' dir='ltr'><strong><em>vexandum</em></strong></span> 
     </span>
    </p>
   </div>
  </div>
