3880 6306
156 350 295 444 173‘
885 380 952 438 1N
992 382 1054 439 ι).
1096 380 1301 439 PAULI
1339 375 1554 436 EPIST.
1596 372 1953 433 COMMENT.
1996 407 2065 417 —
2100 375 2317 432 EPIST.
2361 411 2380 431 Δ
2422 375 2513 430 AD
2554 374 2714 433 COR.
3323 371 3425 427 ΓΜ

144 506 205 563 3.
230 505 287 558 4.
315 500 765 573 Contemptibiles
811 502 902 573 qui
931 512 1058 559 sunt
1093 503 1145 557 in
1186 501 1451 564 Ecclesia,
1485 499 1606 553 illos
1641 496 1953 551 constituite
1990 496 2056 548 ad
2099 494 2474 563 iudicandum.
2509 493 2560 549 5.
2593 494 2694 556 Ad,
2724 493 2781 547 id
2813 504 2907 559 est,
2935 505 3146 565 prapter
3176 508 3432 549 verecun-

148 599 297 652 diam
332 606 594 659 vestram,
626 613 730 650 non
772 612 836 649 ea:
875 596 1147 656 sententia.
1179 599 1270 649 sed
1304 590 1682 647 stomachando
1712 589 1766 642 in
1811 606 1898 643 vos
1923 589 2059 643 dico.
2094 588 2186 642 Sic
2214 602 2321 641 non
2347 596 2430 642 est
2472 587 2613 641 inter
2646 602 2741 641 vos
2780 587 2994 657 sapiens
3015 588 3433 658 quisquam,qu'.

147 691 324 759 possit
364 687 612 756 judicare
637 689 777 740 inter
805 686 1028 741 fratrem
1065 684 1259 739 suum?
1289 682 1397 737 Sed
1421 682 1591 735 frater
1610 696 1732 734 cum
1761 677 1930 733 fratre
1968 677 2173 747 judicio
2207 677 2506 741 contendit,
2535 685 2589 730 et
2616 677 2721 731 hoc
2764 678 2905 746 apud
2933 678 3212 733 infideles?
3240 680 3437 733 scilicet

146 779 348 847 agitur.
380 776 434 830 ϐ.
458 775 577 831 iam
602 774 818 843 quidem
849 774 1070 829 omnino
1093 772 1348 827 delictum
1374 780 1457 826 est
1490 770 1541 823 in
1575 768 1750 833 vobis,
1780 769 1923 837 quod
1943 766 2147 836 judicia
2180 768 2390 823 habetis
2424 766 2529 838 55
2560 768 2701 823 inter
2723 784 2841 823 vos.
2882 769 3061 835 Quare
3106 788 3211 825 non
3243 773 3434 841 magis,

143 884 307 935 quant
344 867 560 937 judicio
600 865 951 927 contendatis,
983 863 1236 932 injuriam
1267 861 1547 933 accipitis?
1597 860 1775 927 Quare
1812 875 1919 915 non
1968 861 2140 930 magis
2185 860 2429 914 fraudem
2473 860 2760 929 patimini?
2805 862 2860 914 7.
2906 862 3012 916 Sed
3054 878 3151 917 vos
3185 863 3437 934 iniuriam

143 956 352 1021 facitis,
384 965 441 1009 et
465 956 748 1018 fraudatis,
778 953 1019 1023 fraudem
1048 953 1257 1022 infertis
1281 968 1301 1018 ;
1332 961 1388 1007 et
1424 953 1528 1006 hoc
1555 950 1834 1013 fratribus,
1862 950 2061 1018 facitis.
2099 948 2278 1007 Nolite
2304 950 2545 1020 fraudem
2574 951 2772 1021 facere,
2798 953 2922 1029 quia
2948 954 3214 1027 sifacitis,
3242 959 3439 1037 iniqui:

134 1050 267 1117 estis
294 1065 314 1111 ;
344 1050 441 1103 sed
471 1048 637 1117 iniqui
668 1062 884 1117 regnum
908 1045 1004 1100 Dei
1047 1061 1151 1098 non
1189 1043 1566 1115 possidebunt;
1598 1042 1736 1111 quod
1763 1043 1948 1112 probat
1981 1053 2180 1112 aperte.
2235 1043 2317 1099 An
2350 1043 2574 1099 nescitis
2595 1044 2719 1114 quia
2749 1045 2918 1116 iniqui
2948 1064 3172 1117 regnum
3208 1050 3301 1113 Dei
3330 1066 3438 1111 non

128 1139 537 1212 ,possidebunt?
578 1138 756 1194 Nolite
797 1151 1025 1192 errare:
1059 1152 1163 1191 non
1208 1135 1476 1191 credentes
1508 1134 1649 1204 quod
1692 1133 1815 1187 dico
1860 1147 1879 1186 .'
1928 1148 2102 1204 neque
2140 1133 2445 1202 fornicarii,
2495 1151 2671 1207 neque
2720 1137 2874 1194 idolis
2905 1141 3223 1207 servientes,
3267 1159 3441 1213 neque

127 1230 404 1300 laduiteri,
463 1249 637 1305 neque
693 1233 908 1297 molles,
944 1231 1005 1287 in
1056 1231 1259 1301 seipsis,
1304 1243 1479 1299 neque
1518 1227 1882 1289 masculorum
1929 1229 2326 1295 concubitores,
2378 1246 2553 1301 neque
2603 1230 2773 1299 fures,
2828 1250 3001 1305 neque
3044 1238 3214 1303 arari,
3263 1256 3439 1309 neque

126 1318 367 1393 lebriosi,
406 1344 583 1396 neque
606 1326 875 1391 maledici.
902 1340 1078 1395 neque
1110 1339 1353 1394 rapaces,
1389 1338 1610 1393 regnum
1646 1321 1738 1375 Dei
1767 1321 2144 1391 possidebunt.
2177 1322 2244 1381 Et
2274 1322 2389 1378 haec
2434 1324 2559 1377 olim
2590 1326 2808 1395 quidam
2831 1327 3033 1393 fuistis,
3060 1346 3159 1393 nec
3184 1332 3298 1391 ideo
3324 1331 3440 1391 diro

140 1430 200 1477 ut.
226 1438 371 1475 nunc
402 1419 535 1474 tales
554 1420 701 1485 sitis;
739 1421 833 1475 sed
879 1418 1047 1473 abluti
1082 1415 1235 1483 estis,
1275 1416 1372 1471 sed
1416 1413 1740 1470 sanctificati
1784 1415 1935 1479 estis,
1965 1414 2059 1469 sed
2083 1414 2364 1485 justificati
2388 1417 2542 1481 estis,
2572 1417 2625 1473 8.
2676 1417 2728 1473 in
2778 1420 2996 1475 nomine
3026 1421 3236 1477 Domini
3270 1423 3437 1477 nostri

134 1513 268 1568 Iesu
319 1514 551 1579 Christi,
582 1515 638 1568 in
685 1514 965 1581 baptismo,
1006 1522 1062 1565 et
1110 1502 1390 1577 in'spiritu
1440 1506 1534 1563 Dei
1570 1505 1764 1562 nostri.
1796 1505 2011 1573 Omnia,
2059 1523 2162 1567 non
2207 1506 2364 1576 legali
2401 1508 2663 1570 doctrina,
2699 1511 2790 1564 sed
2835 1512 2997 1567 libera
3024 1526 3276 1582 potestate
3308 1517 3436 1569 mihi

136 1606 331 1669 licent,
364 1605 464 1661 sed
490 1621 601 1660 uou
649 1604 829 1661 omnia
866 1602 1159 1673 espediuut
1200 1599 1252 1656 9.
1285 1597 1480 1653 Omnia
1520 1594 1652 1651 mihi
1701 1594 1884 1658 licent,
1918 1594 2010 1650 sed
2042 1609 2140 1664 ego
2179 1595 2279 1651 sub
2310 1596 2511 1654 nullius
2550 1599 2660 1653 vitii
2698 1600 2916 1668 redigar
2957 1612 3255 1672 potestate;
3286 1610 3439 1675 quasi

133 1700 384 1764 diceret;
412 1715 514 1752 non
540 1699 591 1752 in
616 1696 871 1768 parandis
894 1694 1022 1748 escis
1046 1702 1093 1747 et
1112 1689 1432 1746 saturaudis
1461 1685 1726 1741 ventribus
1746 1686 2071 1755 superﬂuum
2098 1684 2328 1753 studium
2349 1686 2535 1740 habere
2551 1687 2766 1751 debetis,
2790 1690 2912 1759 quia
2938 1692 3115 1762 utique
3133 1695 3438 1749 transitoria

134 1802 282 1846 sunt.
322 1791 464 1846 Esca
488 1789 682 1852 ventri,
716 1786 913 1841 scilicet
941 1793 1184 1853 paratur,
1215 1770 1271 1836 et
1300 1788 1492 1835 venter
1534 1787 1860 1833 sustentatur
1899 1775 2083 1831 escis:
2120 1775 2205 1829 l0.
2250 1775 2392 1830 Deus
2435 1787 2617 1832 autem
2648 1789 2699 1833 ct
2730 1779 2894 1848 hunc,
2924 1794 2976 1837 et
3011 1785 3108 1839 bas
3153 1787 3431 1859 destruet;

130 1898 343 1953 corpus
377 1890 557 1936 autem
602 1896 708 1934 non
734 1878 950 1933 debetur
994 1874 1367 1939 fornicationi,
1418 1872 1515 1928 sed
1565 1871 1719 1925 subdi
1761 1869 1908 1925 debet
1956 1868 2204 1933 Domino,
2251 1876 2305 1923 et
2350 1870 2629 1937 Dominus,
2664 1873 2860 1928 scilicet
2895 1876 3041 1930 dabit
3077 1882 3425 1947 a'lcrnitatent
3496 1916 3505 1925 ο

132 1975 382 2045 corpori.
416 1974 557 2028 Deus
586 1986 714 2025 vero
743 1969 846 2040 (vel
877 1967 1228 2023 ressuscitabit
1255 1965 1431 2035 ipsum
1454 1980 1473 2027 ;
1500 1963 1685 2031 potuit
1725 1962 1865 2016 enim
1906 1960 2246 2015 ressuscitare
2283 1958 2571 2031 Clu-istum)
2602 1970 2656 2016 et
2698 1962 2981 2018 Dominum
3011 1970 3295 2024 suscitavit
3339 1990 3351 2025 :
3381 1987 3427 2037 ei

134 2084 235 2124 nos
279 2067 574 2123 suscitabit
604 2081 701 2135 per
742 2065 995 2117 virtutem
1041 2075 1225 2114 suam.
1260 2055 1498 2111 Nescitis
1524 2053 1781 2123 quoniam
1826 2066 2056 2123 corpora
2102 2058 2284 2106 vestra
2332 2051 2576 2105 membra
2622 2062 2750 2107 sunt
2783 2053 3029 2111 Christi?
3056 2057 3425 2135 Tollcnserge

132 2167 390 2221 membra
429 2162 653 2225 Christi,
686 2160 885 2216 faciam
918 2154 1161 2212 membra
1214 2150 1547 2208 meretricis?
1578 2150 1631 2203 id
1661 2157 1770 2211 est,
1810 2163 1932 2217 ergo
1975 2161 2195 2216 corpora
2220 2155 2402 2199 nostra
2449 2161 2553 2199 non
2600 2147 2868 2203 dabuntur
2893 2150 3266 2222 fornicationi,
3314 2172 3431 2209 cum

127 2259 237 2319 sint
264 2256 511 2318 membra
540 2252 754 2307 Christi.
784 2246 972 2305 Absit!
1007 2248 1092 2301 il.
1122 2246 1202 2303 An
1235 2242 1457 2301 nescitis
1484 2240 1740 2319 quoniam
1766 2237 1856 2313 qui
1889 2236 1975 2300 12,
2020 2236 2104 2290 1⁸5.
2140 2236 2377 2290 adhazret
2411 2238 2712 2302 meretrici,
2743 2256 2908 2293 unum
2938 2258 3138 2312 corpus
3161 2246 3435 2301 ellicituri'

128 2348 318 2405 Εωηι
354 2345 533 2408 um",
566 2341 759 2411 inquit,
796 2339 910 2399 duo
938 2337 993 2390 in
1022 2348 1185 2389 carne
1211 2348 1336 2386 una.
1386 2330 1430 2382 A
1474 2328 1656 2382 simili.
1707 2326 1807 2393 Qui
1857 2336 2038 2379 autem
2068 2325 2309 2380 adhaeret
2341 2326 2587 2388 Domino.
2619 2344 2758 2383 unus
2799 2330 3022 2398 spiritus
3055 2344 3155 2388 est.
3192 2336 3332 2406 Ergo
3369 2356 3432 2393 ηε

126 2441 255 2496 sitis
302 2453 468 2493 unum
511 2451 627 2489 cum
676 2431 960 2484 meretrice.
993 2426 1185 2499 Fugite
1214 2423 1649 2478 fornicationem.
1675 2424 1848 2474 Unme
1891 2426 2196 2486 peccatum,
2231 2417 2590 2487 quodcunque
2632 2418 2820 2475 fecerit
2844 2422 3026 2487 homo,
3062 2438 3210 2490 extra
3239 2448 3433 2501 corpus

126 2541 241 2600 εει,
273 2532 332 2585 id
365 2538 460 2595 εει,
487 2526 652 2584 solam
676 2523 906 2585 au’tmtm
932 2516 1299 2575 commaculet.
1330 2515 1415 2582 ti,
1443 2513 1523 2569 l5.
1557 2513 1645 2584 qui
1679 2520 1858 2566 autem
1884 2510 2200 2579 fornicatur,
2235 2510 2286 2564 in
2314 2525 2510 2582 corpus
2534 2527 2710 2584 suum,
2740 2526 2919 2571 contra
3077 2521 3322 2589 honorem
3348 2542 3427 2592 su.

1499 2626 2074 2685 COMMENTARIUS.

200 2744 267 2801 5.
308 2741 554 2798 Annos.
598 2734 1047 2806 Contemptibiles.
1089 2733 1293 2787 Tamen
1335 2728 1730 2813 intractabiles,
1835 2727 1963 2782 fecit
1997 2736 2051 2800 et
2090 2728 2156 2783 de
2187 2729 2276 2789 illo
2304 2730 2396 2803 qui
2426 2732 2689 2788 incestum
2723 2735 2980 2791 amiserat
3010 2736 3103 2810 ΠΖ,
3135 2739 3424 2793 commise-

139 2844 196 2891 οι
218 2834 655 2901 inconsideratos
681 2844 801 2884 esse
830 2825 1176 2898 signiﬁcavit,
1209 2832 1263 2878 ut
1296 2822 1574 2893 imperitos
1592 2818 1732 2875 forte
1837 2818 1966 2892 rat].
2002 2820 2241 2890 Dcniquc
2267 2824 2449 2877 statim
2480 2825 2548 2879 ad
2576 2827 2911 2897 superiorem
2941 2844 3180 2896 sensum,
3212 2845 3271 2885 re
3296 2830 3425 2887 me-

142 2940 211 2981 ex
240 2921 740 2993 fratribusjudices
767 2918 1049 2988 eligerent.
1098 2922 1099 2925 “
1156 2908 1159 2909 ⁷
1553 2918 1559 2922 ’
1835 2910 1975 2965 vitcr
2006 2911 2226 2966 interim
2258 2916 2663 2981 commemlata,
2700 2918 2857 2973 redit.

212 3019 267 3074 ι.
308 3016 516 3072 Larum.
569 3008 1010 3080 Contemptibiles.
1069 3006 1184 3061 Non
1248 3003 1593 3075 imperando,
1636 3002 1729 3056 sed

143 3107 526 3179 exprobrando
580 3102 834 3173 supponit
884 3114 1103 3154 causam
1153 3114 1251 3153 cur
1301 3096 1732 3165 fideles-propter

145 3199 541 3255 discussionem
620 3209 907 3249 causarum
966 3206 1186 3245 suarum
1239 3188 1307 3243 ad
1368 3188 1610 3242 inlideles
1654 3186 1733 3239 ire

139 3300 437 3363 cogantur,
461 3287 709 3344 videlicet
747 3268 872 3355 quia
904 3298 1163 3353 personas
1194 3291 1529 3336 terrenarum
1554 3278 1730 3347 legum

143 3386 374 3455 ignaras,
419 3381 486 3436 ad
534 3380 832 3444 audiendas
883 3377 1120 3431 fidelium
1171 3388 1387 3436 causas,
1438 3370 1732 3425 constitue~

145 3475 288 3530 bant.
306 3476 370 3531 Et
387 3478 469 3530 ita
502 3474 704 3527 dictum
725 3479 809 3525 est
833 3468 1090 3522 similiter
1117 3466 1169 3519 in
1197 3458 1726 3531 Evangelioﬂfattlt.

147 3582 266 3632 xxv,
299 3568 355 3637 9)
382 3586 395 3622 :
438 3565 519 3619 Ite
544 3563 717 3633 potius
743 3561 810 3615 ad
835 3558 1134 3620 uendentes,
1165 3567 1222 3610 et
1257 3554 1309 3609 in
1337 3552 1559 3623 Virgilio
1584 3550 1729 3621 (Egl.

144 3656 299 3731 1,774)
327 3678 340 3712 :
372 3657 565 3712 Insere
588 3669 745 3715 nunc,
771 3661 876 3706 etc.
1752 3644 1758 3648 “

210 3749 262 3804 5.
301 3753 382 3805 Ad
413 3746 783 3802 uerecundiam
823 3752 1065 3797 restram.
1106 3738 1282 3806 Quasi
1334 3737 1567 3799 diceret;
1613 3733 1730 3788 Non

146 3844 367 3914 impero,
398 3844 503 3900 sed
530 3853 921 3903 commemoro,
954 3844 1013 3889 ut
1039 3832 1423 3889 verecundiam
1459 3828 1728 3893 habeatis,

149 3936 265 4005 quia
277 3937 494 3993 facitis.

210 4029 264 4084 6.
306 4031 554 4087 Accusr.
583 4024 892 4096 (Enchirid.
934 4022 1002 4075 ad
1036 4020 1224 4084 Laur.,
1253 4034 1304 4073 c.
1346 4018 1423 4083 18,
1450 4025 1594 4096 tom.
1618 4013 1725 4085 ill).

1904 3001 1994 3057 40.
2027 3001 2239 3057 Laure.
2284 3004 2426 3059 Deus
2462 3018 2638 3061 autem
2678 3019 2724 3061 et
2761 3009 2899 3064 [tunc
2961 3010 3125 3078 Quasi
3169 3015 3424 3070 diceret:

1833 3110 1942 3151 non
1980 3097 2033 3151 in
2078 3098 2332 3167 parandis
2370 3100 2511 3154 escis
2542 3110 2598 3155 et
2636 3100 2943 3159 scrutandis
2992 3108 3274 3163 ventribus
3311 3117 3432 3163 stu,

1833 3189 1963 3245 dere
1993 3190 2237 3256 debetis,
2270 3193 2396 3260 quia
2430 3202 2658 3264 utraque
2690 3197 3002 3251 transitoria
3032 3208 3179 3256 sunt.

1905 3282 2144 3338 Alanos.
2178 3282 2245 3336 Et
2277 3285 2531 3341 Dominus
2558 3290 2787 3357 corpori.
2816 3289 3168 3361 Subauditur,
3197 3292 3431 3351 humor-

1838 3374 2102 3430 talitatem
2127 3378 2484 3432 ressuscitato
2512 3380 2813 3448 praestabit.
3477 3452 3483 3458 ρ

1906 3469 1993 3523 Η.
2036 3467 2240 3522 Laarn.
2270 3468 2350 3522 An
2381 3470 2588 3525 nescitis
2617 3473 2768 3541 quia,
2797 3481 2901 3527 etc.
2934 3473 3050 3529 Non
3069 3474 3293 3533 debetis
3320 3477 3429 3531 for-
3477 3454 3495 3461 γ.

1836 3559 2004 3614 uicari
2039 3573 2161 3613 cum
2196 3561 2608 3625 meretricibus,
2647 3564 2771 3631 quia
2804 3565 2999 3619 essetis
3029 3581 3194 3621 unum
3231 3584 3429 3638 corpu.

1835 3667 1957 3705 cum
1992 3652 2297 3707 meretrice.
2338 3653 2439 3718 Qui
2475 3654 2717 3709 adhaeret
2751 3657 3062 3725 meretrici,
3097 3674 3268 3714 unum
3309 3677 3424 3714 cor.

1833 3760 1935 3815 pus
1980 3760 2105 3799 cum
2152 3760 2213 3799 ea
2260 3744 2510 3800 efficitur.
2564 3745 2697 3801 Nam
2749 3748 2840 3818 qui
2888 3751 3127 3813 adhaeret
3174 3753 3429 3825 legitima:

1835 3839 2013 3901 uxori,
2058 3839 2115 3892 fit
2154 3854 2319 3893 unum
2341 3879 2357 3905 ,
2394 3838 2525 3894 dicit
2559 3840 2702 3896 enim
2734 3839 2962 3899 Genesis
2996 3860 3010 3899 :
3044 3842 3249 3911 Erunt,
3284 3847 3428 3904 scili-

1834 3941 1919 3987 cet
1955 3934 2036 3987 \‘ir
2063 3945 2118 3987 et
2147 3948 2307 3999 uxor,
2340 3932 2446 3987 duo
2474 3934 2530 3988 in
2560 3951 2719 3990 carne
2748 3953 2878 3993 una.

1911 4025 1993 4079 l2.
2035 4025 2273 4081 Animos.
2307 4026 2412 4092 Qui
2451 4028 2704 4083 adliceret.
2744 4029 2856 4086 lloc
2890 4030 3023 4086 dicit
3044 4047 3067 4084 -:
3110 4031 3199 4101 qui
3223 4040 3417 4086 conta;

151 4118 266 4175 Jam
295 4125 508 4193 quidem
546 4118 792 4173 delictum
828 4126 924 4170 est.
977 4112 1035 4169 Si
1076 4115 1192 4184 quis
1241 4112 1462 4166 uoluerit
1500 4096 1731 4162 tunicam

1858 4119 2117 4176 niuationi
2148 4120 2499 4184 admiscetur,
2529 4137 2696 4175 unum
2730 4121 2788 4175 fit
2812 4137 2932 4176 cum
2962 4138 3027 4177 eo
3054 4123 3141 4177 cui
3169 4136 3227 4177 se
3253 4123 3425 4177 aduri»

154 4221 285 4266 tuam
315 4214 520 4275 tollere,
553 4219 600 4264 et
624 4209 824 4274 iudicio
860 4217 1028 4260 tecum
1058 4204 1392 4264 contendere,
1429 4202 1633 4254 dimitte
1655 4198 1733 4252 illi

154 4303 648 4375 etpallium(.l!attlt.
681 4300 865 4365 v.40).
897 4298 1077 4352 [Statio
1102 4296 1221 4350 loco
1252 4312 1266 4348 :
1296 4294 1362 4347 Et
1389 4293 1478 4364 qui
1507 4290 1733 4345 abstule-

158 4395 239 4458 rit,
262 4388 601 4468 inquit,tua,
635 4391 741 4446 noli
775 4398 998 4458 repetere
1021 4386 1172 4455 (Luc.
1197 4400 1273 4449 γε,
1304 4382 1418 4451 50).
1450 4380 1732 4435 Proltibnit

160 4483 325 4555 itaque
372 4503 505 4544 suos
544 4485 610 4540 de
639 4479 991 4538 stecularibus
1023 4477 1183 4532 rebus
1215 4490 1349 4529 cum
1388 4472 1505 4526 aliis
1531 4469 1734 4525 habere

159 4572 424 4642 judicium.
489 4578 563 4633 Ex
615 4592 719 4647 qua
774 4573 1043 4635 doctrina,
1091 4567 1380 4638 Apostolus
1437 4564 1566 4618 dicit
1612 4575 1736 4617 esse

165 4665 432 4733 delictum;
487 4677 818 4721 tamencum
871 4662 1000 4716 sinit
1055 4658 1199 4713 finiri
1252 4656 1305 4710 in
1336 4653 1577 4709 Ecclesia
1606 4652 1735 4707 talia

163 4753 345 4822 judicia
392 4763 537 4816 inter
587 4758 807 4819 fratres,
846 4752 1106 4808 fratribus
1155 4746 1545 4819 iudicantibus,
1577 4756 1732 4799 extra

169 4844 446 4905 Ecclesium
480 4850 630 4903 'vero
692 4845 1006 4901 terribiliter
1057 4851 1222 4909 vetat,
1268 4838 1613 4893 manifestum
1650 4846 1735 4892 est

170 4936 283 5004 qnid
311 4942 601 4995 secundum
625 4938 847 4992 veniam
876 4934 1206 4989 concedatur
1237 4929 1489 4984 infirmis.

232 5027 282 5082 7.
316 5028 512 5087 Laure.
544 5030 649 5085 Sed
677 5046 761 5084 vos
791 5027 1039 5097 iujuriam
1070 5024 1264 5093 facitis.
1294 5020 1458 5088 Quasi
1490 5020 1729 5075 diceret:

178 5124 258 5172 tos
283 5104 391 5177 non
411 5124 547 5181 estis
574 5122 731 5183 tales,
758 5128 815 5173 ut
845 5118 1044 5172 illatam
1077 5115 1331 5185 iujuriam
1360 5111 1540 5167 velitis
1568 5111 1730 5178 ferre,

177 5213 258 5266 led
291 5208 458 5285 potius
488 5215 649 5270 vultis
678 5213 899 5269 inferre.
1224 5196 1237 5211 ’

240 5308 288 5362 8.
327 5310 385 5371 in
426 5312 628 5365 nomine
662 5307 895 5361 Domini.
929 5305 984 5358 in
1025 5301 1292 5371 baptismo
1331 5300 1487 5363 dicit;
1525 5298 1616 5352 ubi
1646 5296 1733 5351 di-

180 5401 354 5457 stincte
382 5409 853 5464 conuucmoratur,
886 5408 941 5453 et
972 5394 1393 5465 subintelligitur
1422 5391 1476 5447 in
1514 5391 1733 5447 nomine

183 5484 359 5551 Patris.

239 5580 292 5641 9,.
330 5588 559 5643 Auaaos.
600 5585 790 5641 Omnia
828 5585 953 5638 milii
995 5583 1170 5637 licent.
1201 5579 1391 5636 Omnia
1427 5577 1530 5634 sibi
1569 5579 1734 5636 licere

181 5667 318 5739 dicit,
342 5692 401 5732 ea
427 5681 630 5734 scilicet
659 5693 778 5747 quae
803 5674 1127 5747 coapostolis
1152 5672 1269 5740 ejus
1298 5670 1587 5727 licuerunt.
1621 5669 1735 5728 lloc

181 5761 310 5815 ﬁlim
348 5770 595 5836 przcmisit
623 5778 809 5839 postea
849 5769 985 5823 hanc
1031 5781 1249 5821 causam
1288 5776 1511 5821 acturus
1536 5805 1550 5831 ,
1591 5764 1731 5819 sicut

1836 4218 1975 4264 seet.
2018 4208 2332 4264 Fornicatio
2368 4208 2519 4263 enim
2554 4210 2745 4264 antbos
2788 4227 2952 4264 tutum
2976 4212 3114 4266 facit
3139 4250 3155 4276 ,
3197 4220 3255 4264 ut
3284 4226 3399 4279 quo

1838 4304 1997 4357 modo
2027 4303 2080 4355 in
2112 4312 2337 4364 natura,
2373 4303 2452 4356 sic
2481 4312 2538 4356 et
2569 4303 2619 4355 in
2654 4304 2882 4366 macula,
2924 4320 3088 4357 unum
3120 4305 3250 4358 sint.

1911 4395 1996 4449 15.
2040 4395 2281 4449 Ancusr.
2319 4394 2431 4462 (lib.
2466 4409 2555 4447 xtv
2587 4394 2664 4449 De
2693 4394 2909 4460 Triuit.,
2941 4413 2991 4450 (ε.
3033 4396 3115 4459 id,
3153 4407 3285 4453 tom.
3316 4398 3374 4452 Ill
3408 4440 3419 4450 .

1838 4486 1942 4550 Qui
1977 4484 2231 4537 adhaeret.
2274 4485 2577 4539 Accetlcnte
2611 4481 2831 4555 quidem
2883 4488 2985 4541 isto
3023 4489 3088 4543 ad
3134 4491 3415 4561 particips.

1838 4574 2038 4628 tionem
2071 4580 2277 4627 natura:
2308 4574 2558 4628 veritatis
2595 4585 2650 4629 et
2696 4576 3045 4635 beatitudinis
3089 4579 3270 4648 illius;
3316 4599 3418 4637 no.

1838 4673 2018 4721 tamen
2050 4674 2331 4722 crescente
2362 4666 2452 4723 illo
2493 4666 2544 4721 in
2583 4679 2797 4737 natura,
2840 4671 3069 4730 veritate
3096 4683 3153 4730 et
3192 4674 3419 4745 beatita-

1835 4755 1962 4811 dine
1992 4772 2109 4812 sua.

1833 4908 1847 4912 ν
1906 4847 1997 4902 Η.
2029 4848 2143 4914 -Ωαὶ
2175 4857 2351 4904 autem
2379 4849 2694 4920 fornicatur.
2720 4851 2853 4919 Quia
2885 4850 3151 4927 nusquam
3174 4858 3250 4913 sic
3279 4867 3334 4914 to
3364 4879 3421 4901 ιιι

1837 4941 2001 5019 homo
2032 4942 2282 5011 corporis
2320 4942 2491 5012 ipsius
2525 4943 2786 5013 voluptati
2816 4930 3106 5012 addicitur,
3145 4959 3199 5003 et
3227 4949 3406 5003 incle

1835 5031 2042 5097 biliter,
2065 5032 2149 5086 vel
2174 5032 2562 5088 inevitabiliter
2582 5034 2834 5099 adicitur,
2859 5037 2991 5091 utin
3013 5039 3351 5107 comparatio
3396 5065 3422 5075 ι-

1837 5119 1998 5189 hujus
2035 5123 2169 5177 tanti
2211 5123 2371 5189 mali,
2401 5135 2598 5179 caetera
2637 5136 2858 5196 peccata
2889 5138 3041 5183 extra
3075 5144 3271 5198 corpus
3302 5149 3418 5185 t'be.

1836 5214 2151 5281 videantur;
2184 5216 2400 5271 etiamsi
2434 5233 2532 5287 per
2570 5233 2767 5287 corpus
2796 5228 3170 5275 exerceantur.

1908 5306 1997 5361 15.
2037 5306 2278 5362 Asianos.
2311 5308 2414 5374 Qui
2443 5319 2615 5364 autem
2642 5311 2956 5379 fornicatur.
2998 5310 3192 5364 Totum
3223 5328 3414 5381 corpu.

1835 5399 1920 5451 vir
1949 5406 2033 5452 est
2063 5407 2117 5452 et
2149 5398 2362 5464 mulier,
2393 5400 2517 5470 quia
2548 5402 2729 5471 portio
2761 5402 2858 5456 viti
2895 5400 3089 5455 mulier
3114 5411 3225 5468 est,
3255 5414 3310 5460 et
3339 5424 3413 5456 ιη

1762 5482 1809 5545 C
1840 5505 1937 5560 per
1964 5490 2016 5545 id
2045 5490 2188 5559 quod
2223 5490 2274 5544 in
2305 5492 2610 5560 portionem
2638 5507 2788 5547 suam
2820 5491 3109 5562 delinquit,
3139 5493 3192 5548 in
3222 5511 3352 5566 corp
3405 5526 3414 5546 ι

1836 5595 1994 5635 suum
2025 5589 2233 5651 peccat.
2266 5581 2360 5635 Vel
2391 5583 2517 5651 quia
2555 5582 2812 5637 fornicari
2849 5585 3132 5655 corporale
3161 5588 3351 5643 delicti.
3395 5616 3410 5641 ε

1833 5683 1954 5738 est;
1989 5689 2095 5727 non
2127 5674 2272 5729 enim
2311 5674 2370 5728 fit
2408 5676 2526 5730 sine
2563 5676 2832 5735 desiderio
2863 5681 3060 5738 carnis.
3093 5678 3235 5740 Caro
3268 5698 3411 5753 cuca

1835 5766 1908 5821 ibi
1940 5766 2104 5821 habet
2137 5775 2340 5822 motum
2372 5767 2666 5845 proprium,
