3880 6306
433 332 537 388 1γὸ
1242 359 1247 363 -
1451 324 1513 380 Β.
1553 314 1944 380 LANFRANCI
1983 314 2333 375 CANTUAIL
2368 315 2685 377 ARCHIEP.
3636 327 3722 385 {75

432 441 687 516 corporis,
723 440 933 511 peccat.
957 438 1081 495 Alia
1111 440 1248 494 ratio
1268 454 1363 493 cur
1391 437 1644 508 jugienda
1671 436 1738 490 sit
1765 432 2068 506 fornicatio,
2098 431 2296 486 scilicet
2337 432 2463 502 quia
2487 432 2733 502 templum
2759 428 2877 487 sunt
2906 414 3138 503 Spiritus
3161 428 3375 488 sancti.
3400 410 3486 488 Au
3516 438 3723 493 neScttis

426 532 690 604 ‘quoniam
729 529 971 586 membra
1012 539 1215 595 vestra,
1247 527 1507 599 templum
1530 535 1657 583 sunt
1689 524 1925 596 Spiritus
1945 523 2143 587 sancti,
2175 523 2267 592 qui
2318 523 2370 577 in
2399 523 2551 579 vobis
2572 533 2688 589 est;
2714 538 2875 594 quem
2906 523 3118 579 habetis
3139 539 3168 577 a
3203 524 3354 593 Deo,
3386 535 3445 581 et
3470 542 3579 583 non
3602 529 3718 583 estis

424 618 633 680 Vestri?
654 624 778 694 quia
800 621 935 676 serui
957 619 1158 676 Christi
1203 620 1326 676 estis
1367 618 1445 675 vel
1490 616 1729 689 emptitii.
1777 616 1863 671 l6.
1898 614 2076 685 Empti
2103 614 2248 670 enim
2275 616 2406 669 estis
2432 616 2609 686 pretio
2636 631 2856 687 magno,
2889 617 3146 687 sanguine
3175 614 3416 671 Christi.
3443 615 3611 690 Ergo,
3641 618 3716 675 I'l.

420 714 758 779 ~Gloriﬁcate,
793 712 875 767 18.
920 720 975 766 et
995 719 1211 782 portate
1248 709 1438 775 Deum,
1464 707 1745 763 Dominica
1770 704 2129 849 prwezgtahip
2162 717 2392 847 clamore
2418 714 2619 759 vestro.

1989 794 2025 848 P
2162 794 2202 848 Υ
2259 832 2272 847 .

1989 794 2123 848 PUT
2162 794 2272 848 VII.

486 868 573 944 “De
617 889 814 961 quibus
857 895 1037 942 autem
1081 882 1376 955 scripsistis
1414 881 1546 938 mihi
1574 882 1637 937 de
1679 882 1929 938 habendis
1979 884 2268 951 uxoribus,
2305 882 2382 938 rel
2421 899 2524 937 non
2566 881 2836 947 habendis,
2884 882 2961 937 sic
3007 883 3300 953 respondeo
3334 900 3354 939 :
3394 884 3603 939 Bonum
3640 892 3713 939 est

434 980 643 1037 homini
691 976 971 1032 mulierem
1015 989 1120 1029 non
1166 983 1419 1044 tangere;
1459 981 1682 1042 propter
1719 970 2131 1029 fornicationem
2178 984 2359 1029 autem
2404 974 2777 1043 unusquisque
2817 987 2970 1028 suam
3002 974 3049 1028 Ι.
3101 990 3343 1029 uxorem
3400 976 3633 1039 habeat,
3669 985 3714 1031 et
3762 1028 3765 1029 ν

428 1085 767 1143 unaquaeque
806 1069 861 1123 2.
917 1066 1073 1123 suum
1119 1066 1295 1120 virum
1345 1064 1561 1119 habeat.
1612 1057 1783 1120 Uxori
1819 1064 1902 1119 vlr
1942 1064 2182 1120 debitum
2234 1066 2459 1132 reddat;
2508 1066 2762 1120 similiter
2812 1074 2993 1120 autem
3037 1074 3094 1120 et
3138 1082 3286 1122 uxor
3330 1068 3454 1123 viro
3501 1069 3709 1123 debitum

428 1168 633 1223 reddat.
666 1162 731 1216 Et
760 1162 925 1225 decet,
955 1175 1076 1213 nam
1107 1157 1301 1212 mulier
1330 1157 1412 1211 sui
1445 1156 1709 1226 corporis,
1737 1158 1821 1210 sui
1845 1173 2000 1211 sexus
2027 1155 2268 1222 laxandi,
2300 1158 2377 1211 vel
2409 1157 2727 1222 continendi,
2761 1167 3084 1226 potestatem
3114 1174 3220 1211 non
3264 1159 3463 1225 habet,
3498 1161 3591 1214 sed
3618 1161 3709 1214 vir.

429 1257 695 1316 Similiter
722 1263 900 1308 autem
936 1262 991 1306 et
1033 1252 1116 1303 vir
1142 1249 1223 1304 sui
1261 1248 1507 1318 corporis
1541 1257 1867 1318 potestatem
1904 1263 2010 1303 non
2046 1250 2236 1315 habet,
2280 1248 2372 1304 sed
2405 1248 2621 1303 mulier.
2658 1249 2834 1304 Nolite
2874 1248 3130 1303 fraudare
3167 1252 3416 1306 invicem
3445 1293 3458 1314 ,
3502 1252 3709 1307 debitam

429 1365 532 1403 non
571 1344 813 1407 reddere,
846 1340 948 1395 nisi
981 1340 1216 1394 forte-cx
1249 1352 1517 1393 consensu
1546 1336 1612 1391 ad
1651 1346 1892 1407 tempus,
1921 1348 1980 1392 ut
2013 1340 2220 1395 vacetis
2248 1340 2513 1406 orationi;
2547 1348 2599 1395 et
2639 1341 2834 1394 iterum
2868 1341 3200 1395 revertimini
3251 1343 3309 1396 in
3354 1344 3592 1414 idipsum
3616 1383 3630 1407 ,
3655 1358 3712 1399 ne

426 1451 599 1497 tentet
628 1455 722 1495 vos
762 1436 994 1492 Satanas
1024 1440 1214 1487 ducere
1252 1434 1306 1486 in
1336 1433 1519 1503 pejora
1555 1442 1779 1502 prepter
1812 1433 2258 1488 incontinentiam
2300 1443 2566 1498 vestram,
2608 1435 2655 1489 si
2692 1434 2956 1488 continere
2992 1452 3094 1487 non
3137 1436 3453 1505 potuerizis.
3502 1437 3609 1491 IIoc
3632 1451 3711 1490 au-

430 1547 536 1589 tem
565 1533 685 1587 dico
730 1528 1025 1585 secundum
1072 1525 1457 1595 indulgentiam
1482 1565 1496 1588 ,
1546 1541 1651 1579 non
1682 1525 1978 1580 secundum
2017 1524 2323 1597 imperium.
2363 1526 2494 1581 Volo
2525 1528 2669 1581 enim
2703 1542 2892 1583 omnes
2924 1542 3020 1583 vos
3055 1542 3174 1583 esse
3201 1571 3213 1593 ,
3257 1548 3529 1599 quanam
3561 1535 3612 1587 in
3644 1548 3711 1584 me

426 1632 534 1689 est,
583 1620 1067 1689 sicutmeipsum;
1121 1616 1214 1671 sed
1270 1617 1637 1686 unusquisque
1678 1617 1958 1688 preprium

2122 1634 2205 1671 um
2254 1619 2418 1673 habet
2458 1634 2524 1673 ex
2568 1617 2707 1681 Deo,
2769 1618 2909 1673 alius
2958 1619 3175 1688 quidem
3221 1622 3342 1682 sic,
3403 1622 3546 1677 alius
3603 1637 3709 1676 vero

427 1717 526 1789 sic.
572 1715 703 1770 Dico
740 1724 918 1768 autem
969 1729 1073 1766 non
1122 1712 1304 1778 nuptis
1346 1720 1400 1765 et
1447 1709 1624 1764 viduis
1666 1729 1677 1763 :
1712 1710 2051 1781 Bortunrcst
2087 1710 2190 1766 illis
2232 1711 2278 1765 si
2328 1711 2405 1766 sic
2450 1721 2836 1781 permaneant,
2874 1710 3015 1766 sicut
3052 1720 3107 1766 et
3145 1727 3269 1784 ego.
3320 1713 3483 1781 Quod
3529 1716 3572 1769 si
3620 1730 3709 1767 non

425 1826 484 1864 se
512 1808 829 1870 continent,
875 1806 1097 1859 nubant.
1147 1804 1201 1858 5.
1238 1802 1429 1858 Melius
1466 1812 1550 1857 est
1599 1803 1741 1858 enim
1793 1802 1995 1857 nubere
2042 1818 2204 1873 quam
2248 1803 2371 1869 uri,
2415 1804 2635 1857 invitum
2688 1804 2983 1870 continere;
3031 1806 3115 1858 uri
3156 1816 3272 1872 est,
3322 1824 3459 1877 opus
3504 1807 3709 1862 luxuria:

405 1888 765 1955 immoderate
809 1900 862 1952 in
892 1909 1059 1951 mente
1088 1896 1450 1965 concupiscere
1485 1904 1531 1950 et
1563 1894 1751 1949 exinde
1789 1894 1843 1949 in
1884 1912 2043 1950 carne
2086 1896 2292 1950 ardere.
2335 1896 2403 1952 Iis
2450 1905 2631 1951 autem
2669 1898 2759 1967 qui
2801 1898 3146 1953 matrimonio
3168 1897 3355 1968 juncti
3400 1911 3557 1966 sunt,
3586 1916 3706 1971 pra:-

427 1994 598 2064 cipio,
652 2007 755 2045 non
804 2005 933 2061 ego,
989 1988 1082 2043 sed
1132 1987 1432 2053 Dominus,
1485 2001 1708 2040 uxorem
1761 2000 1790 2039 a
1837 1986 1955 2041 viro
2003 2002 2109 2041 non
2164 1986 2471 2051 discedere;
2520 1986 2574 2041 4.
2624 1988 2769 2056 quod
2820 1988 2863 2042 si
2914 1988 3256 2053 discesserit,
3317 1992 3524 2048 scilicet
3569 1995 3706 2047 inter-

426 2086 658 2143 ueniente
715 2082 946 2155 legitima
998 2096 1200 2144 causa;
1252 2096 1356 2133 non
1400 2078 1537 2133 enim
1591 2078 1744 2132 aliter
1800 2077 1953 2144 licet,
2003 2092 2225 2133 manere
2273 2080 2584 2150 innuptam,
2636 2089 2730 2135 aut
2775 2080 2891 2135 viro
2956 2097 3054 2136 suo
3103 2085 3480 2140 reconciliari.
3535 2086 3597 2140 Et
3640 2087 3707 2138 vir

428 2192 654 2235 uxorem
700 2190 807 2229 non
850 2172 1105 2228 dimittat.
1153 2170 1292 2226 Nam
1337 2170 1549 2225 caeteris
1590 2186 1691 2241 ego
1722 2170 1867 2239 dico,
1896 2185 2001 2226 non
2044 2170 2327 2226 Dominus.
2367 2170 2424 2227 Si
2466 2174 2587 2243 quis
2628 2172 2799 2227 frater
2836 2188 3059 2230 uxorem
3089 2175 3257 2232 habet
3308 2180 3624 2248 infidelem,
3661 2194 3703 2235 et

422 2273 544 2329 intre
582 2269 857 2327 consensit
890 2268 1136 2323 habitare
1177 2281 1299 2321 cum
1330 2264 1441 2331 illo,
1474 2279 1583 2320 non
1608 2263 1849 2319 dimittat
1874 2264 2041 2319 illam.
2073 2264 2142 2319 Et
2162 2265 2204 2320 si
2232 2281 2336 2337 qua
2363 2264 2559 2321 mulier
2600 2265 2772 2321 fidelis
2803 2267 2966 2322 habet
2991 2268 3165 2322 virum
3207 2271 3530 2337 inﬁdelem,
3560 2281 3607 2327 et
3631 2269 3703 2324 hic

431 2367 537 2437 57
568 2364 838 2423 consentit
862 2360 1109 2438 habitare
1134 2374 1256 2415 eum
1290 2358 1401 2424 illa,
1439 2372 1545 2412 non
1575 2357 1811 2412 dimittat
1846 2357 2053 2422 virum;
2089 2358 2143 2423 5,
2182 2356 2234 2423 6,
2278 2356 2329 2409 7.
2378 2355 2760 2413 Sanctiﬁcatus
2799 2366 2879 2413 est
2907 2358 3052 2413 enim
3090 2359 3176 2413 vir
3206 2361 3455 2419 infidelis
3483 2378 3578 2435 per
3601 2380 3701 2417 mu-

419 2461 612 2517 iierem
644 2459 889 2525 fidelem;
916 2457 991 2511 cel
1021 2456 1237 2520 contigit
1268 2454 1553 2524 aliquando
1574 2454 1961 2522 sanctiﬁcatum
1987 2443 2149 2524 fuisse
2169 2454 2334 2515 virum
2364 2452 2626 2522 inﬁdelem
2656 2470 2747 2521 per
2775 2453 3044 2508 mulierem
3059 2455 3293 2525 ﬁdelem,
3317 2467 3365 2512 et
3394 2476 3422 2512 ε
3445 2473 3697 2519 converso;

418 2570 474 2612 et
500 2558 834 2614 sanctificata
861 2553 945 2613 est
973 2555 1167 2611 mulier
1207 2551 1463 2619 inﬁdelis,
1505 2560 1552 2606 et
1595 2551 1797 2605 nullam
1827 2553 1882 2606 in
1921 2551 2036 2621 ejus
2066 2551 2435 2621 conjunctione
2474 2551 2865 2605 immunditiam
2896 2554 3099 2621 patitur
3124 2554 3325 2609 mulier
3355 2572 3376 2610 :
3412 2571 3513 2626 per
3542 2557 3693 2609 virmn

425 2655 638 2711 fidelem
665 2696 681 2721 ,
723 2655 777 2708 id
809 2663 909 2719 est,
944 2652 998 2705 in
1041 2651 1152 2704 viro
1191 2648 1373 2718 ﬁdeli;
1412 2649 1466 2703 8.
1501 2647 1763 2718 alioquin,
1801 2649 1845 2701 si
1886 2663 1989 2701 non
2036 2658 2167 2702 esset
2203 2646 2366 2718 legale
2407 2647 2826 2713 matrimonium,
2857 2647 2950 2702 ﬁlii
2979 2650 3145 2706 vestri
3182 2650 3482 2716 immundi,
3524 2652 3579 2705 id
3613 2659 3694 2709 est.

426 2756 726 2826 degeneres,
774 2769 877 2807 non
910 2751 1127 2824 legitimi
1167 2757 1371 2816 essent,
1395 2748 1448 2804 9.
1477 2763 1622 2805 nunc
1659 2758 1838 2804 autem
1885 2749 2080 2815 sancti,
2124 2765 2227 2802 non
2254 2749 2562 2819 degeneres,
2593 2749 2646 2802 id
2685 2759 2782 2817 est,
2812 2748 3028 2821 legitimi
3067 2761 3215 2808 sunt.
3249 2752 3341 2809 10.
3364 2754 3520 2822 Quod
3546 2752 3622 2806 ιι.
3657 2745 3694 2804 εί

1781 2854 2282 2917 COMMENTARIU
2294 2860 2353 2916 S.

492 2986 580 3040 16.
623 2984 823 3039 Laure.
870 2979 1049 3052 Empti
1080 2979 1216 3034 enim
1253 2978 1396 3034 estis.
1427 2977 1682 3034 Probatio
1709 2978 1852 3049 quod
1898 2991 2003 3032 non
2032 2981 2083 3041 Α
2108 2977 2201 3030 lib.
2248 2977 2325 3033 De
2360 2991 2689 3049 peccatorum
2717 2982 2936 3046 meritis,
2961 2991 3009 3036 et
3046 2983 3223 3039 remis.
3256 2984 3314 3050 5,
3349 2986 3423 3039 ad
3466 2980 3688 3042 Marce!»

420 3078 533 3135 sint
558 3078 662 3133 sui.
693 3075 835 3132 Nulli
861 3074 1005 3131 enim
1030 3073 1196 3144 empti
1224 3079 1351 3127 sunt
1383 3070 1464 3128 sui
1498 3088 1511 3125 :
1544 3071 1600 3127 hi
1637 3080 1817 3127 autem
1842 3071 2008 3141 empti

420 3179 585 3237 sunt;
616 3185 767 3242 ergo,
798 3177 904 3224 etc.

493 3265 582 3320 17.
624 3260 929 3332 Cloriﬁcate
964 3269 1011 3316 et
1050 3269 1275 3331 portate.
1317 3258 1531 3324 Illatio,
1568 3258 1724 3328 quasi
1761 3258 2007 3313 diceret:

425 3357 561 3426 Quia
602 3355 767 3426 empti
798 3354 958 3420 estis,
989 3351 1290 3425 gloriﬁcate
1329 3350 1498 3406 Deum
1543 3350 1599 3404 in
1631 3350 1883 3406 cordibus
1913 3364 2009 3404 ve-

418 3450 581 3519 stris;
615 3447 768 3520 cujus
796 3448 936 3505 servi
968 3447 1094 3503 facti
1120 3447 1275 3502 estis.

489 3544 579 3599 18.
618 3542 856 3598 Annos.
890 3538 1108 3595 Portate
1134 3538 1303 3593 Deum
1333 3538 1388 3592 in
1419 3553 1635 3609 corpore
1661 3544 1851 3591 vestro.
1880 3534 2011 3590 Por-

2111 3085 2164 3125 e.
2200 3070 2285 3135 I2,
2330 3080 2463 3127 tom.
2502 3071 2634 3143 VII.)
2668 3072 2801 3128 Illud
2847 3082 3028 3129 tamen
3072 3076 3192 3132 sine
3239 3077 3585 3133 dubitatione
3630 3084 3694 3127 te.

2111 3166 2346 3220 nendum
2392 3175 2499 3233 est,
2543 3182 2882 3238 quascunque
2913 3168 3004 3223 illa
3051 3170 3425 3227 sanctiﬁcatio
3476 3171 3689 3235 sit,na:t

2110 3256 2291 3313 valere
2318 3259 2385 3314 ad
2413 3258 2754 3315 Christianos
2784 3260 3065 3317 faciendos
3097 3272 3261 3332 atque
3288 3266 3358 3319 ad
3394 3261 3689 3319 dimittenda

2110 3360 2365 3419 peccata;
2418 3351 2519 3404 nisi
2558 3350 2875 3407 Christiana
2927 3354 3011 3408 vel
3063 3354 3444 3412 ecclesiastica
3498 3352 3689 3410 institu-

2110 3444 2279 3507 tione.
2308 3452 2364 3498 et
2393 3446 2759 3501 sacramentis
2801 3444 3110 3502 efﬁciantur
3162 3448 3376 3506 ﬁdeles.
3426 3448 3557 3504 Nam
3605 3457 3688 3498 nec

2111 3535 2369 3605 coniuges
2418 3534 2687 3602 infideles,
2721 3537 3021 3607 quamlibet
3051 3540 3257 3595 sanctis
3302 3550 3359 3599 et
3392 3541 3550 3615 justis
3575 3552 3685 3592 con-

422 3645 546 3690 tare
575 3635 744 3690 Deum
776 3643 892 3699 est,
922 3633 976 3687 in
1005 3631 1167 3688 rebus
1193 3632 1332 3688 bene
1360 3631 1561 3702 gestis,
1593 3630 1883 3701 imaginem
1912 3627 2007 3684 Dei
2038 3660 2047 3667 ι
2103 3626 2325 3699 jugihus
2367 3630 2648 3696 haereant,
2687 3629 2756 3685 ab
2794 3629 3082 3700 iniquitate
3111 3634 3469 3698 mundantur,
3509 3643 3619 3702 qua:
3658 3640 3684 3677 ὃ

418 3725 735 3779 ostendere.

489 3818 642 3873 CAP.
674 3815 782 3872 VII.
809 3847 879 3857 --
908 3817 955 3872 I.
982 3816 1357 3872 Lanrasmzus.
1381 3813 1605 3871 Umorem
1628 3814 1836 3869 habeat.
1864 3813 2009 3870 Uxo-

420 3925 561 3975 rem,
596 3925 703 3963 non
752 3908 884 3963 dicit
934 3907 1329 3973 concubinam,
1374 3916 1435 3962 ut
1481 3907 1549 3962 ab
1588 3908 1692 3963 hac
1739 3905 2006 3961 sententia

419 4000 780 4057 excludantur
841 3999 935 4070 qui
976 3998 1176 4055 divinis
1218 3999 1637 4056 auctoritatibus
1679 4013 1878 4054 uxores
1918 3998 2002 4054 ha-

415 4094 547 4149 bere
585 4109 690 4149 non
728 4103 973 4164 possunt.

488 4188 544 4242 2.
587 4185 755 4242 Suum
786 4188 974 4242 virum.
1014 4186 1201 4243 Virum
1238 4188 1327 4242 hic
1358 4184 1609 4259 intelligit
1639 4184 1864 4257 legalem
1896 4200 2011 4239 ma-

417 4282 606 4335 ritum.
650 4280 805 4337 Sicut
841 4281 896 4337 in
925 4281 1218 4353 Evangelia
1248 4299 1259 4333 :
1293 4280 1358 4335 Et
1389 4281 1472 4335 hic
1500 4296 1651 4351 quem
1681 4278 1872 4345 habes,
1905 4294 2006 4333 non

415 4381 489 4424 est
523 4380 645 4425 tuus
673 4373 769 4426 vir.

488 4463 542 4516 5.
583 4463 825 4517 Animos.
871 4463 1060 4517 Melius
1105 4476 1179 4518 est
1223 4463 1431 4519 nubere.
1478 4466 1565 4520 Uri
1603 4472 1689 4519 est
1722 4462 2005 4518 desideriis

416 4552 503 4623 agi
535 4560 591 4607 et
618 4553 761 4607 vinei
789 4592 804 4618 ,
840 4569 962 4607 cum
997 4555 1140 4608 enim
1173 4555 1422 4610 voluntas
1465 4554 1633 4610 calori
1664 4553 1849 4608 carnis
1876 4568 2006 4608 cou-

416 4642 620 4705 sentit,
659 4642 877 4708 uritur;
922 4658 1048 4697 nam
1099 4644 1366 4700 desideria
1411 4645 1561 4715 pati,
1614 4654 1671 4699 et
1709 4660 1815 4700 non
1861 4644 2004 4699 vinci

417 4733 642 4787 illustris
671 4732 773 4787 viri
800 4740 917 4788 est.

487 4819 540 4873 4.
582 4817 787 4873 Lustra.
829 4819 981 4886 Quod
1018 4822 1063 4875 si
1099 4824 1409 4891 discesserit.
1445 4822 1733 4878 Discedere
1771 4836 1877 4877 non
1913 4835 2007 4891 po-

419 4915 566 4973 test,
615 4919 840 4979 excepta
895 4926 1057 4965 causa
1108 4912 1519 4977 fornicationis,
1557 4927 1662 4967 non
1720 4910 1824 4983 Ui,
1877 4909 2003 4982 nisi]

415 4997 603 5067 utique
638 4998 982 5053 continenter
1010 5014 1074 5053 ex
1106 5015 1376 5056 consensu
1413 5001 1619 5056 vivant.

486 5088 541 5142 5.
576 5090 949 5160 Sanctiﬁcatus
971 5099 1042 5145 est
1069 5094 1182 5155 uir,
1216 5092 1268 5145 id
1305 5100 1390 5147 est
1434 5093 1688 5157 mundus,
1720 5101 1775 5147 et
1801 5090 2001 5149 nullam

418 5197 485 5237 ex
513 5182 630 5252 ejus
671 5182 1057 5253 conjunctione
1105 5182 1300 5237 mulier
1339 5182 1737 5249 immunditiam
1774 5184 1999 5254 patitur.

488 5272 540 5327 6.
567 5274 810 5330 Auensr.
847 5274 934 5346 (ea:
962 5271 1132 5328 Serm.
1158 5271 1369 5327 Domini
1393 5273 1447 5327 in
1473 5282 1661 5337 monte,
1693 5273 1727 5327 Ι.
1762 5290 1802 5340 t,
1830 5289 1876 5328 c.
1911 5273 1998 5340 16,

418 5373 550 5417 tom.
582 5363 695 5428 IV.)
715 5364 1090 5433 Sanctiﬁcatus
1114 5374 1186 5417 est
1214 5365 1307 5418 vir.
1326 5364 1707 5421 SanctiﬁCatus
1731 5375 1813 5421 est
1833 5366 1999 5431 enim,

418 5454 630 5525 inquit,
676 5456 761 5509 vir
789 5456 1023 5511 infidelis
1053 5456 1105 5509 in
1142 5471 1310 5512 uxore
1358 5458 1522 5521 fideli,
1561 5468 1616 5513 et
1663 5458 2001 5515 sanctificata

418 5556 503 5603 cst
529 5548 724 5603 mulier
753 5548 990 5605 infidelis
1014 5548 1067 5604 in
1098 5549 1268 5609 fratre
1312 5550 1478 5606 ﬁdeli.
1520 5550 1716 5618 Credo,
1734 5551 1846 5621 jam
1878 5568 2003 5623 pro-

417 5647 645 5695 venerat
708 5648 767 5695 ut
812 5639 1083 5696 nonnullae
1129 5640 1345 5698 feminae
1381 5660 1480 5715 per
1515 5643 1662 5699 viros
1708 5643 1916 5709 fideles,
1946 5652 2002 5697 et

2110 3735 2279 3791 regno
2323 3719 2417 3773 Dei
2463 3729 2744 3790 separatos
2776 3720 2832 3776 in
2879 3721 3289 3779 damnationem
3334 3725 3518 3780 venire
3555 3730 3683 3775 eom-

2106 3812 2281 3885 pellit.

2181 3905 2234 3958 7.
2268 3904 2505 3960 Aunaos.
2541 3903 2920 3974 Sanctiﬁcatus
2952 3916 3028 3961 est
3076 3909 3175 3961 vir.
3218 3908 3433 3964 Habere
3462 3901 3679 3962 infideles

2110 3996 2436 4052 beneficium
2466 3996 2624 4051 bona:
2653 3996 2949 4054 voluntatis
2973 4000 3242 4068 ostendit;
3277 4002 3406 4072 quia
3443 4001 3677 4055 honorem

2110 4086 2345 4143 nominis
2388 4087 2593 4143 Christi
2626 4104 2733 4144 non
2782 4089 3024 4145 horrent.
3072 4090 3299 4161 Signum
3331 4099 3532 4147 sant-ta:
3567 4097 3677 4139 cru-

2109 4180 2189 4235 cis
2230 4179 2298 4235 ad
2346 4180 2627 4235 tuitionem
2673 4188 2728 4236 et
2769 4181 3257 4238 sanetiﬁeationem
3309 4180 3528 4256 hospitii
3571 4188 3676 4248 pel"-

2111 4274 2267 4327 tinet.

2041 4343 2084 4398 B
2182 4364 2237 4419 8.
2273 4365 2519 4436 Alioquin
2554 4367 2654 4435 ﬁlii
2688 4368 2867 4421 uestri.
2916 4366 3185 4422 Immundi
3235 4378 3421 4426 essent
3470 4363 3558 4421 filii
3595 4373 3673 4415 eo-

2111 4472 2252 4520 rum,
2291 4456 2336 4510 si
2367 4457 2701 4513 dimitterent
2726 4456 2969 4513 volentes
3001 4459 3249 4516 habitare
3282 4475 3466 4516 secum
3490 4466 3539 4512 et
3568 4449 3671 4507 aliis

2108 4562 2168 4601 se
2198 4546 2546 4617 copularent;
2579 4557 2760 4604 essent
2788 4550 2932 4604 enim
2984 4549 3238 4618 adulteri,
3271 4563 3327 4607 et
3365 4551 3458 4607 filii
3501 4554 3666 4603 eorum

2108 4639 2298 4707 spnrﬁ.

2179 4728 2233 4784 9.
2257 4727 2460 4783 Lmen.
2496 4727 2652 4784 Nunc
2684 4740 2858 4785 autem
2880 4732 3049 4786 sancti
3074 4742 3217 4796 sunt,
3258 4734 3309 4788 id
3356 4739 3438 4788 est
3481 4723 3661 4783 mundi.

2111 4812 2165 4873 In
2214 4835 2436 4874 causam
2470 4821 2606 4876 redit
2648 4820 2737 4893 [f.,
2765 4837 2985 4877 causam
3021 4822 3220 4896 reJdit]
3248 4841 3348 4880 cur
3391 4822 3469 4879 vir
3515 4815 3664 4874 ﬁlelis

2108 4912 2353 4968 mulieris
2400 4910 2656 4978 infidelis,
2705 4926 2799 4968 aut
2849 4915 3045 4971 mulier
3094 4918 3268 4975 ﬁdelis
3304 4916 3405 4975 viri
3441 4905 3653 4973 infidelis

2106 5003 2400 5058 divortium
2431 5017 2674 5073 quaerere
2706 5018 2815 5057 non
2850 5004 3063 5059 debeat.

2183 5094 2265 5148 I0.
2307 5094 2547 5151 AUGUST.
2575 5094 2744 5163 (epist.
2769 5092 2839 5150 89
2883 5092 3115 5161 Hilario,
3152 5097 3223 5151 ad
3255 5104 3437 5169 quaest.
3464 5092 3520 5158 4,
3545 5097 3656 5142 tom.

2105 5184 2193 5255 ll.)
2224 5184 2378 5250 Quod
2415 5186 2458 5237 si
2486 5183 2738 5249 inﬁdelis,
2771 5183 2823 5239 id
2850 5192 2958 5251 est,
2987 5185 3031 5240 si
3054 5185 3288 5243 inﬁdelis
3313 5184 3533 5240 voluerit
3558 5184 3660 5229 esst:

2105 5291 2229 5331 cum
2259 5275 2485 5345 conjuge
2527 5273 2692 5329 ﬁdeli.
2726 5273 2823 5329 IIie
2849 5283 3110 5345 agnoscat
3135 5274 3310 5331 ﬁdelis
3334 5288 3481 5331 suam
3523 5265 3659 5319 liber-

2107 5377 2293 5432 tatem,
2325 5381 2393 5421 ne
2435 5367 2507 5420 ita
2557 5365 2854 5436 subjectum
2904 5376 3056 5438 putet
3099 5369 3385 5437 servituti,
3430 5371 3483 5421 ul
3512 5360 3657 5429 ipsam

2104 5459 2343 5514 dimittat
2371 5458 2550 5525 ﬁdem,
2588 5476 2688 5515 nec
2716 5459 3001 5532 conjugem
3028 5461 3301 5518 inﬁdelem

2179 5550 2264 5604 fl.
2298 5547 2357 5606 Si
2386 5550 2614 5619 inﬁdelis
2642 5552 2862 5608 discedit
2888 5592 2903 5619 ,
2943 5552 3199 5608 discedat.
3229 5553 3347 5609 Non
3375 5552 3494 5607 licet
3518 5538 3657 5597 aliam

2108 5638 2326 5706 ducere,
2352 5639 2575 5696 dimissa
2626 5641 2792 5696 etiam
2852 5640 3107 5700 inﬁdeli:
3158 5644 3254 5702 sed
3310 5654 3483 5702 utrum
3528 5620 3653 5686 alii”

420 5732 523 5788 viri
568 5748 667 5806 per
696 5747 891 5791 uxores
934 5734 1114 5791 ﬁdeles
1142 5735 1195 5790 in
1224 5736 1382 5793 ﬁdem
1413 5735 1680 5792 venirent.
1715 5732 1891 5805 (Ibid.
1924 5733 2007 5788 Ex
2035 5734 2077 5793 C
2112 5735 2354 5802 dimissa,
2389 5734 2534 5811 aliud
2565 5735 2900 5793 discedente.
