3880 6306
178 447 268 503 177
891 441 958 496 IN
1003 442 1065 497 D.
1110 438 1311 495 PAULI
1353 437 1568 492 EPIST.
1607 437 1963 494 COMMENT.
1997 471 2068 480 —-
2107 437 2322 497 EPIST.
2362 439 2494 498 IAD
2532 440 2689 498 C0“.
3304 441 3422 514 1ἶέ

175 556 409 621 inﬁdelis,
439 555 519 609 eir
546 553 622 608 ιει
660 554 866 618 mulier,
896 555 1146 621 discedit,
1183 553 1461 620 discedat;
1493 569 1596 607 non
1619 553 1763 608 enim
1792 555 2038 610 servituti
2068 555 2342 626 subjectus
2371 566 2456 614 est
2489 557 2675 624 frater,
2695 566 2785 614 aut
2811 574 2966 616 soror
2998 560 3050 616 in
3077 561 3421 634 huiusmodi,

173 653 222 706 id
248 661 338 715 est,
365 667 466 705 non
496 651 700 720 cogitur
721 653 865 722 sequi
891 652 1185 721 inﬁdelem;
1222 652 1275 707 in
1309 666 1444 724 pace
1490 661 1670 706 autem
1703 652 1915 708 vocavit
1949 667 2048 708 nos
2087 654 2245 709 Deus.
2283 653 2451 720 Quasi
2477 656 2623 724 pacis
2649 665 2822 710 autem
2847 655 3103 712 debitores
3130 675 3331 724 sumus,
3359 667 3407 712 et

173 747 276 804 ideo
302 763 400 801 non
426 747 669 802 debemus
698 763 858 801 causa
881 765 990 803 esse
1024 748 1324 802 discordiis.
1357 747 1478 802 Alia
1503 748 1637 802 ratio
1668 764 1776 802 cur.
1798 743 1910 802 nan‘
1927 749 1992 802 sit
2024 749 2362 820 quterendum
2389 749 2690 804 divortium.
2718 748 2868 804 Unde
2893 750 3036 803 enim
3067 751 3175 806 scis
3199 751 3413 817 mulier,

172 845 212 900 si
242 844 408 899 virum
437 843 647 899 salvum
679 843 1006 901 facies‘iAut
1037 845 1178 902 unde
1207 845 1333 912 seis,
1373 847 1479 912 vir,
1511 847 1557 903 si
1602 846 1882 902 mulierem
1912 845 2117 902 salvam
2148 845 2350 902 facies?
2392 845 2506 900 Nisi
2533 845 2825 916 unicuique
2855 846 2994 900 sicut
3023 845 3205 901 divisit
3236 848 3416 903 Domi—

171 955 283 1004 nus,
328 954 769 1012 unumquemque
814 942 955 996 sicut
984 943 1197 997 vocavit
1242 943 1409 1006 Deus,
1448 943 1521 996 ita
1553 941 1815 1007 ambulet,
1850 941 1936 995 12.
1976 950 2032 996 et
2061 941 2202 996 sicut
2249 941 2302 994 in
2338 941 2591 996 omnibus
2639 940 2932 996 Eccclesiis
2957 941 3146 1004 doceo,
3173 959 3203 994 α
3233 942 3413 996 simili.

172 1029 524 1088 Circumcisus
552 1031 748 1104 aliquis
770 1019 994 1090 vocatus
1024 1035 1140 1090 est?
1166 1033 1282 1088 Non
1313 1034 1545 1089 adducat
1569 1033 1914 1106 praeputium,
1935 1032 2064 1087 nolit
2093 1049 2203 1086 esse
2221 1034 2582 1102 prwpuliatus.
2605 1033 2661 1087 lu
2693 1033 2953 1102 praeputio
2982 1031 3174 1102 aliquis
3197 1043 3420 1088 vocatus

168 1126 286 1180 est?
321 1125 438 1181 Non
463 1129 904 1184 circumcidatur.
933 1129 1288 1186 Circumcisio
1325 1131 1460 1187 nihil
1489 1140 1592 1196 est,
1615 1139 1671 1186 et
1707 1129 2026 1200 praeputium
2051 1127 2187 1184 nihil
2216 1138 2317 1189 est,
2350 1129 2445 1184 sed
2471 1128 2774 1194 observatio
2817 1140 3020 1183 tantum
3044 1129 3419 1195 mandatorum

170 1219 280 1276 Dei.
313 1223 398 1287 15,
443 1222 527 1278 14.
571 1222 956 1294 Unusquisque
999 1241 1120 1295 ergo
1161 1226 1284 1296 quia
1315 1226 1674 1288 circumcisus,
1713 1234 1761 1280 et
1808 1241 1928 1287 non,
1967 1223 2020 1278 in
2061 1239 2168 1294 qua
2209 1225 2493 1279 vocatione
2522 1233 2746 1280 vocatus
2773 1233 2858 1283 est
2887 1225 2940 1278 in
2983 1238 3045 1278 ea
3077 1233 3416 1294 permaneat,

169 1319 303 1373 debet
344 1337 674 1390 permanere.
707 1319 909 1376 Servus
941 1321 1030 1377 15.
1077 1331 1306 1376 vocatus
1333 1322 1424 1378 es?
1451 1320 1566 1375 Non
1615 1322 1687 1375 sit
1715 1319 1808 1376 tibi
1839 1335 2004 1383 curm,
2039 1321 2132 1376 sed
2170 1330 2224 1374 et
2263 1319 2307 1375 si
2345 1327 2501 1390 potes
2526 1320 2674 1390 fuga,
2705 1320 2780 1374 vel
2809 1315 2962 1374 aliter
3000 1320 3264 1374 inhoneste
3304 1320 3420 1373 ﬁeri

169 1413 298 1470 liber
325 1415 413 1470 16.
441 1417 612 1489 magis
638 1430 792 1476 utere
833 1421 948 1490 ipsa
977 1422 1240 1477 servitute.
1269 1421 1379 1492 58
1421 1422 1509 1475 17.
1560 1420 1660 1488 Qui
1700 1419 1846 1474 enim
1876 1419 1929 1474 iu
1972 1419 2217 1480 Domino,
2249 1423 2319 1472 ad
2360 1419 2518 1488 [idem
2564 1417 2784 1482 Christi,
2822 1426 3045 1473 vocatus
3079 1426 3160 1472 est
3209 1413 3418 1482 servus,

173 1507 256 1564 l8.
283 1507 510 1568 libertus
537 1522 622 1568 est
670 1514 912 1581 Domini;
944 1515 1196 1571 similiter
1227 1515 1319 1586 qui
1349 1515 1489 1571 liber
1513 1525 1735 1571 vocatus
1769 1522 1870 1580 est,
1912 1530 2101 1571 servus
2138 1523 2222 1570 est
2251 1513 2476 1570 Christi.
2506 1514 2590 1570 19.
2621 1514 2803 1570 Pretio
2840 1517 3007 1585 empti
3047 1516 3198 1580 estis,
3231 1516 3420 1578 nolite,

169 1605 281 1662 ﬁeri
317 1607 408 1664 20.
437 1611 578 1665 servi
605 1612 910 1678 hominum,
934 1613 1010 1666 ita
1039 1612 1234 1668 scilicet
1277 1623 1330 1666 ut
1363 1613 1688 1683 postponatis
1710 1614 1975 1667 servitium
2017 1611 2132 1666 Dei.
2169 1611 2554 1682 Unusquisque
2583 1628 2704 1682 ergo
2729 1612 2853 1682 quia
2889 1614 3043 1677 serri',
3082 1621 3129 1666 et
3161 1612 3332 1676 liberi,
3368 1613 3422 1666 in

170 1719 273 1773 quo
301 1715 522 1762 vocatus
547 1717 650 1770 est,
695 1707 913 1772 fratres,
938 1709 990 1763 in
1016 1708 1120 1764 hoc
1165 1715 1503 1778 permaneat,
1531 1707 1680 1762 debet
1717 1724 2043 1778 permanere,
2087 1707 2228 1778 apud
2260 1707 2451 1763 Deum.
2497 1707 2578 1762 De
2611 1707 2931 1778 conjugatis,
2962 1707 3149 1778 inquit,
3176 1706 3423 1784 prwcepi,

169 1799 238 1853 De
263 1801 561 1873 virginibus
602 1809 805 1869 autem,
835 1803 942 1857 sive
979 1804 1124 1870 viris,
1169 1804 1274 1858 sine
1307 1801 1535 1872 feminis,
1563 1811 1893 1873 prteceptum
1935 1803 2144 1858 Domini
2182 1818 2288 1859 non
2333 1804 2524 1869 habeo,
2565 1803 2850 1860 consilium
2884 1811 3064 1858 autem
3090 1802 3177 1866 do,
3209 1803 3418 1858 miseri-

164 1895 386 1950 corditer
416 1896 662 1963 consulo,
684 1897 776 1953 2|.
804 1908 1058 1970 tanquam
1087 1899 1511 1956 misericordiam
1537 1900 1676 1954 Itane
1704 1907 2029 1956 consecutus
2069 1915 2099 1954 a
2127 1899 2383 1963 Domino,
2413 1908 2473 1955 ut
2505 1901 2605 1956 sim
2637 1900 2843 1966 ﬁdelis,
2875 1909 2930 1954 ut
2959 1901 3165 1954 credam
3190 1902 3245 1966 in
3279 1916 3432 1970 eam.

163 1988 424 2046 Existimo
472 2007 624 2065 ergo,
679 2005 874 2060 autem,
917 1995 1041 2059 hoc,
1093 1995 1476 2066 virginitatem,
1513 1994 1712 2050 bonum
1775 2009 1918 2060 esse,
1971 1993 2066 2050 22.
2105 2005 2327 2065 propter
2371 1995 2660 2050 instantem
2717 1995 3120 2062 necessitatem,
3167 1997 3422 2066 quoniam

162 2095 241 2140 est
269 2087 466 2143 bonum
495 2089 699 2145 homini
729 2090 831 2157 sic,
859 2090 1130 2161 virginem,
1162 2106 1307 2148 esse.
1329 2091 1423 2147 25.
1446 2091 1714 2162 Alligatus
1741 2105 1802 2147 es
1843 2090 2145 2146 uxori?2l.
2183 2089 2316 2145 Noli
2337 2105 2581 2160 quaerere
2617 2089 2960 2146 solutionem.
3001 2090 3221 2146 Solutus
3252 2104 3311 2145 es
3357 2090 3424 2143 ah

162 2182 364 2237 uxore?
391 2181 503 2238 Noli
529 2198 774 2254 quaerere
805 2201 1051 2240 uxorem.
1091 2185 1149 2242 Si
1180 2195 1360 2242 autem
1411 2185 1656 2257 aceperi-s
1692 2199 1938 2248 uxorem,
1972 2198 2077 2238 non
2105 2183 2362 2251 peccasti.
2387 2181 2452 2235 Et
2479 2181 2524 2236 si
2551 2181 2793 2251 nupserit
2815 2183 2986 2248 virgo,
3010 2196 3114 2235 non
3142 2181 3382 2249 peccavit
3408 2200 3420 2234 :

159 2269 251 2324 25.
287 2273 691 2330 tribulationem
724 2283 904 2330 tamen
937 2277 1272 2346 temporalem
1303 2279 1487 2332 carnis
1521 2276 1796 2332 habebunt
1827 2275 1880 2329 lii
1923 2275 2012 2343 qui
2041 2283 2162 2328 sunt
2194 2272 2519 2339 huiusmodi.
2560 2271 2653 2326 26.
2681 2272 2794 2342 Ego
2827 2282 3006 2326 autem
3040 2271 3192 2324 vobis
3236 2285 3422 2340 parco,

156 2365 212 2420 id
244 2377 344 2435 est,
377 2369 534 2423 vitam
560 2379 780 2426 uestram
817 2371 1221 2426 misericorditer
1257 2372 1500 2440 dispono.
1532 2371 1644 2426 lloc
1673 2371 1856 2441 itaque
1883 2369 2084 2439 (suasio
2122 2367 2188 2419 ad
2223 2364 2586 2438 virginitatem)
2618 2365 2761 2432 dico,
2789 2366 2984 2421 fratres
3014 2381 3028 2419 :
3066 2368 3156 2441 27.
3193 2367 3426 2440 Tempus

1503 2505 2072 2578 COMMENTARIUS.

228 2638 316 2693 12.
363 2632 602 2698 Annuus.
638 2639 703 2696 Et
743 2642 876 2696 sicut
924 2642 977 2696 in
1027 2642 1266 2698 omnibus
1316 2641 1584 2698 Ecclesiis.
1623 2643 1735 2700 lloc
1765 2649 1812 2706 Α
1908 2642 2504 2714 2|.Lsnrn.Tanquam
2528 2643 3438 2712 misericordiam.Miscricorditerg,

160 2730 288 2785 dicit
333 2741 411 2795 ut,
471 2733 596 2789 dum
635 2743 864 2791 caeteros
912 2734 1016 2790 hoc
1061 2735 1245 2791 doceri
1310 2735 1560 2800 audiunt,
1590 2751 1742 2790 asse-
1844 2737 2060 2806 inquit,
2099 2736 2363 2800 Consule,
2407 2735 2533 2806 quia
2575 2736 2715 2792 hanc
2760 2737 3183 2794 misericordiam
3228 2755 3258 2795 a
3311 2740 3424 2796 Deo

162 2831 395 2890 quantur
418 2823 538 2895 [al.,
566 2825 616 2878 id
639 2823 981 2898 sequantur].

229 2913 316 2967 l3.
364 2915 606 2970 Aucusr.
657 2914 746 2986 (in
781 2917 1004 2984 exposit.
1063 2915 1134 2970 ad
1175 2915 1354 2972 Galat.
1384 2957 1398 2982 ,
1452 2926 1582 2971 tom.
1615 2917 1739 2985 IV.)

168 3001 526 3076 Unusquisque
567 3007 623 3060 in
665 3023 790 3077 qua.
835 3005 949 3062 Hoc
978 3007 1126 3062 enim
1171 3006 1238 3061 ad
1278 3022 1371 3062 eas
1399 3009 1743 3063 consuetudi-

166 3109 276 3162 nes,
318 3097 403 3152 vel
454 3097 794 3154 conditiones
848 3099 970 3154 tulit
1001 3098 1123 3173 [al.,
1175 3099 1300 3156 vitae
1341 3100 1588 3175 retulit],
1622 3119 1742 3172 qua:

166 3184 293 3240 nihil
322 3187 522 3243 obsunt
567 3188 714 3255 lidei,
753 3188 1019 3260 bonisque
1067 3191 1329 3246 moribus.
1361 3191 1478 3246 Non
1519 3193 1662 3248 enim
1697 3195 1742 3248 si

166 3277 321 3356 etiam
350 3279 495 3336 latro
525 3291 666 3348 erat,
695 3283 927 3355 quisque
954 3299 1078 3340 cum
1109 3295 1334 3342 vocatus
1359 3295 1470 3352 est,
1501 3288 1658 3344 debet
1690 3290 1742 3342 in

167 3368 449 3429 latrocinio
484 3390 827 3444 permanere.

235 3462 316 3519 14.
369 3467 580 3547 Lsnrn.
631 3465 996 3540 Unusquisque
1038 3473 1093 3525 in
1136 3487 1278 3542 qua,
1308 3483 1415 3528 etc.
1447 3471 1748 3544 Unusquisq-

170 3565 296 3623 qile,
334 3559 555 3631 inquit,
601 3577 708 3631 qua
749 3563 1032 3636 vocatione
1079 3573 1303 3620 vocatus
1343 3565 1525 3620 estad
1563 3566 1744 3634 ﬁdem,

170 3646 321 3704 debet
368 3650 690 3719 ambulare;
741 3668 868 3708 nam
922 3653 1316 3720 circumcisus,
1364 3655 1416 3710 in
1461 3656 1749 3713 circumci-

169 3739 310 3796 sione
336 3745 403 3800 ad
450 3743 609 3800 ﬁdem
637 3756 886 3810 vocatus,
934 3763 1038 3803 non
1080 3748 1240 3804 debet
1281 3749 1422 3804 nolle
1465 3751 1749 3806 circumci-

171 3845 255 3886 sus
290 3832 494 3902 fuisse;
537 3838 617 3892 sic
645 3847 700 3894 et
732 3839 1084 3909 praeputialus
1107 3879 1122 3905 ,
1152 3839 1277 3910 quia
1301 3841 1646 3896 circumcisio
1669 3844 1748 3896 vel

173 3928 490 3995 pneputium
534 3928 668 3982 nihil
699 3929 840 3984 valet
884 3931 950 3985 ad
998 3932 1388 3987 beatitudinem
1432 3949 1749 4004 promeren-

1841 2838 2167 2884 consecutus
2192 2844 2333 2893 sum,
2359 2829 2610 2884 videlicet
2633 2839 2688 2884 ut
2715 2829 2768 2883 in
2797 2845 2920 2884 eum
2947 2831 3185 2886 credam.

1911 2919 2003 2974 22.
2033 2919 2254 2992 Propter
2293 2921 2570 2980 instantem
2612 2921 2986 2978 necessitatem.
3013 2921 3308 2980 lnstanlem
3333 2939 3428 2980 nc-

1843 3012 2154 3067 cessitatem
2207 3021 2366 3068 vocat
2417 3013 2703 3083 penuriam
2752 3011 2912 3082 hujus
2963 3016 3194 3083 saeculi),
3259 3031 3432 3086 quam.

1843 3099 2156 3169 frequenter
2195 3101 2475 3172 patiuntur
2512 3101 2784 3174 conjugati
2833 3118 2930 3174 pro
2961 3103 3085 3159 ﬁliis
3121 3113 3179 3159 et
3216 3104 3440 3170 ﬁliabus

1845 3191 2176 3255 nutriendis,
2229 3208 2326 3262 pro
2366 3207 2425 3248 se
2476 3193 2712 3248 invicem
2757 3193 3159 3262 sustentandis,
3205 3204 3428 3264 propter

1845 3297 2008 3352 quam
2061 3283 2372 3348 vitandam,
2414 3284 2612 3356 bonum
2665 3299 2787 3338 esse
2833 3284 2964 3338 dicit
3016 3283 3257 3349 homini,
3309 3285 3427 3338 sine

1845 3373 2095 3445 coniugio
2121 3390 2263 3454 esse.
2294 3374 2389 3430 Est
2415 3375 2632 3445 quidem
2660 3374 2887 3430 castitas
2914 3375 3177 3429 servanda
3204 3383 3436 3444 propter

1846 3465 2013 3520 vitam
2063 3475 2352 3533 aeternam;
2401 3467 2494 3522 sed
2541 3467 2772 3522 inﬁrmis
2810 3465 3120 3521 doctoribus
3157 3466 3432 3536 inﬁrmam

1848 3555 2113 3610 rationem
2144 3556 2446 3626 prseteudit.

1918 3646 2010 3701 25.
2040 3645 2298 3718 Alligatus
2325 3663 2379 3702 es
2411 3647 2604 3702 umeri?
2627 3647 2703 3702 Ne
2740 3646 2953 3704 laudata
2983 3647 3253 3712 castitate,
3293 3661 3430 3710 uso;

1850 3752 1968 3794 rem
1991 3737 2190 3808 aliquis
2209 3737 2368 3798 vellet
2391 3737 2687 3804 dimittere,
2717 3737 2820 3800 hoc
2846 3735 3124 3809 subiungit

1855 3900 1858 3903 _
1918 3828 2008 3890 24,
2040 3829 2168 3883 Noli
2194 3845 2426 3900 quirrere
2451 3847 2686 3885 uxorem.
2716 3830 2814 3899 Qui
2850 3845 2955 3884 non
2988 3831 3151 3885 habet
3181 3844 3428 3902 uxorem,

1853 3935 1959 3974 non
1989 3919 2150 3974 debet
2175 3935 2417 3990 qumrerc
2444 3930 2504 3976 ut
2532 3921 2747 3976 haheat.
2782 3919 2914 3976 Nam
2962 3921 3052 3990 qui
3082 3921 3284 3975 habent
3313 3929 3430 3974 tan-.

174 4012 308 4070 dam.
350 4017 513 4074 Valet
561 4020 706 4074 enim
751 4020 922 4075 solum
970 4023 1314 4078 observantia
1362 4027 1738 4082 mandatorum
1775 4025 1818 4084 Β
1847 4023 2005 4077 ί1¹¹³η¹
2031 4024 2135 4064 “0"
2167 4009 2430 4064 habentes
2454 4025 2573 4066 esse
2595 4011 2814 4065 debcm-
2845 4010 2906 4081 (Α
2945 4009 3131 4079 εἰηιίιί)
3161 4007 3263 4075 Ουί
3297 4008 3430 4062 “cm

173 4098 279 4157 Dei.

237 4194 321 4250 13.
349 4199 544 4255 Servus
571 4211 780 4254 vocatus
802 4204 893 4257 es?
931 4203 982 4258 id
1010 4211 1114 4268 est,
1136 4219 1233 4272 per
1263 4205 1396 4260 alias
1421 4215 1603 4272 partes
1627 4223 1744 4262 scr-

172 4302 264 4340 vus
307 4302 534 4346 vocatus
582 4293 646 4346 ad
701 4293 894 4360 ﬁiem,
933 4296 1067 4351 nolit
1106 4296 1220 4350 ﬁeri
1263 4297 1430 4363 liber;
1481 4307 1564 4353 est
1599 4299 1742 4353 enim

175 4378 341 4437 liber:
390 4383 458 4440 Et
503 4383 596 4438 Dei
649 4384 785 4439 liber
839 4395 1060 4440 vocatus
1103 4387 1170 4442 ad
1225 4386 1420 4452 ﬁdem,
1470 4388 1600 4440 nolit
1630 4387 1742 4441 ﬁeri

174 4489 380 4542 servus;
427 4489 516 4536 est
543 4481 684 4536 enim
716 4497 923 4545 servus,
955 4479 1077 4548 quia
1103 4479 1328 4544 Christi,
1360 4492 1486 4532 nam
1521 4476 1638 4545 ejus
1663 4488 1745 4534 est

175 4572 461 4637 emplitius.
515 4624 518 4626 _

240 4661 320 4714 16.
346 4663 520 4735 Magis
544 4672 704 4718 utere.
737 4663 1007 4717 Servitute
1033 4660 1289 4715 utendum
1327 4660 1589 4730 imperat,
1620 4659 1745 4730 quia

177 4760 369 4817 quanto
413 4753 542 4824 quis
587 4764 807 4823 propter
853 4753 1017 4806 Deum
1061 4749 1362 4816 despectior
1398 4758 1484 4804 est
1537 4749 1589 4804 in
1643 4750 1748 4806 hoc

178 4843 382 4910 saeculo,
425 4851 578 4898 tanto
605 4844 778 4912 magis
799 4842 1126 4897 exaltabitur
1153 4841 1206 4896 in
1234 4838 1433 4893 futuro.

241 4930 324 4985 17.
349 4932 454 5000 Qui
497 4935 637 4988 enim
681 4935 734 4988 in
771 4933 992 4989 Domino
1043 4941 1273 4992 vocatus.
1309 4930 1466 4986 llatio
1504 4945 1605 4990 cur
1638 4946 1745 4989 non

180 5015 361 5077 debeat
386 5039 510 5082 esse
535 5040 701 5089 curae,
729 5025 772 5080 si
807 5037 999 5080 servus
1031 5032 1254 5078 vocatus
1291 5030 1398 5078 cst.

245 5111 326 5168 18.
355 5114 598 5172 Libertus
624 5128 696 5172 est
720 5115 952 5182 Domini,
985 5115 1038 5170 id
1062 5123 1170 5182 est,
1199 5115 1425 5172 libertus
1449 5113 1662 5169 Domini
1692 5119 1748 5172 el.

183 5214 358 5262 servus
383 5207 620 5275 Christi;
653 5209 748 5265 sed
796 5209 1076 5266 honestius
1109 5208 1427 5266 vocabulum
1455 5222 1612 5263 servo
1652 5205 1748 5261 tri-

183 5292 306 5357 buit,
335 5297 461 5367 quia
485 5300 630 5354 servi
652 5300 970 5354 vocabulum
1001 5308 1084 5355 est
1110 5299 1468 5355 inhonestius.

1849 4113 2104 4175 tanquam
2153 4116 2259 4155 non
2295 4101 2486 4156 ﬁentes
2529 4116 2650 4158 esse
2687 4101 2900 4155 debent.
2953 4101 3066 4175 Sic
3095 4101 3160 4154 de
3205 4099 3428 4166 reliquis

1848 4202 2027 4260 posset
2057 4191 2380 4248 concludere
2414 4210 2426 4246 :
2459 4192 2600 4263 Ergo
2645 4192 2771 4261 quia
2822 4191 3028 4245 habens
3059 4174 3237 4244 'debet
3285 4205 3426 4250 esse,

1846 4281 1999 4348 quasi
2047 4295 2152 4335 non
2183 4282 2419 4346 habens;
2461 4281 2552 4350 qui
2577 4297 2680 4334 non
2713 4279 2872 4334 habet.
2915 4293 3160 4349 quinrere
3191 4293 3296 4334 non
3327 4280 3420 4335 dc-

1847 4371 1956 4424 bct.
1984 4369 2096 4426 lloc
2140 4378 2224 4425 est
2273 4370 2453 4425 dicere
2499 4368 2952 4441 azqnipollenler:
2997 4378 3128 4439 ergo
3165 4371 3284 4426 volo
3329 4385 3432 4429 vos

1845 4474 1967 4513 esse
1997 4461 2114 4514 sine
2141 4475 2336 4525 uxore;
2366 4477 2489 4515 nam
2517 4462 2638 4517 volo
2660 4476 2756 4517 vos
2776 4477 2896 4517 esse
2929 4461 3047 4516 sine
3069 4461 3444 4538 sollicitudine,

1848 4547 2049 4602 sreculi.
2097 4547 2247 4616 Quod
2281 4550 2492 4621 probat,
2524 4551 2568 4606 si
2597 4551 2718 4622 quis
2751 4553 2868 4607 sine
2897 4567 3068 4617 uxore
3100 4562 3182 4609 est
3215 4554 3446 4631 (cauSaL

1847 4640 1964 4694 sine
1989 4639 2346 4696 sollicitudine
2375 4651 2478 4707 est,
2525 4651 2652 4699 tunc
2682 4660 2803 4700 cum
2836 4645 2995 4700 velim
3026 4661 3120 4701 vos
3159 4661 3278 4702 esse
3308 4648 3446 4702 sine,

1851 4746 2017 4784 uxore
2045 4772 2060 4794 ,
2107 4732 2228 4787 volo
2254 4749 2349 4788 vos
2384 4750 2505 4790 esse
2535 4737 2651 4790 sine
2681 4737 3038 4794 sollicitudine
3081 4739 3292 4806 saeculi;
3333 4741 3432 4796 sed

1849 4821 1940 4891 qui
1977 4831 2054 4876 est
2103 4823 2218 4878 sine
2269 4841 2460 4892 uxore,
2496 4837 2580 4881 est
2619 4829 2737 4884 sine
2783 4829 3181 4896 sollicitudine;
3219 4840 3448 4898 tantum__

1848 4914 1991 4969 enim
2026 4922 2109 4969 est
2144 4916 2404 4973 sollicitus
2429 4934 2549 4988 qua:
2577 4919 2786 4980 Domini
2810 4929 2965 4988 sunt;
3011 4938 3136 4976 nam
3162 4930 3246 4978 est
3276 4922 3428 4977 solli-

1847 5002 1988 5058 citus
2017 5006 2286 5073 quomodo
2312 5006 2522 5076 placeat
2551 5008 2680 5064 Deo.
2811 5000 2816 5005 ⁷

1918 5095 2011 5152 25.
2054 5096 2294 5155 Animos.
2337 5097 2746 5157 Tribulationem
2798 5104 2990 5159 carnis.
3026 5097 3448 5170 Tribulationes

1847 5196 1976 5242 sunt
2019 5188 2254 5260 gemitus
2280 5187 2529 5259 ‘ventris,
2583 5193 2914 5248 nutrimenta
2968 5184 3202 5248 ﬁliarum
3252 5209 3305 5247 Ct
3356 5194 3429 5248 si-

1850 5280 2016 5335 milia.

247 5353 626 5448 19'.-Ansnos.
665 5353 843 5446 Pretio
883 5353 1422 5462 emptiestis.Servi
1460 5353 1745 5446 hominum
1774 5374 1820 5436 (ἶ
1922 5391 2014 5461 26.
2045 5389 2156 5462 Ego
2185 5353 2359 5460 autem
2399 5395 2538 5452 vobis
2564 5413 2742 5466 parco.
2785 5396 3015 5472 Parcit,
3058 5397 3313 5467 quoniam
3367 5404 3434 5460 ad

184 5490 338 5549 sunt,
387 5485 481 5555 qui
512 5484 764 5539 humanis
809 5499 868 5538 se
909 5483 1198 5553 subjiciunt
1247 5479 1744 5552 superstitionibus.

187 5568 291 5626 lloc
318 5573 467 5641 dicit,
499 5576 624 5646 quia
646 5576 698 5632 in
726 5577 903 5646 capite
924 5575 1176 5647 Epistola:
1205 5575 1585 5647 repraebendit,
1603 5573 1744 5644 quod

185 5659 417 5719 dicerent
446 5682 462 5720 :
491 5665 599 5738 Ego
624 5683 738 5722 sum
779 5665 962 5732 Pauli,
1005 5675 1112 5722 etc.

249 5752 334 5806 20.
383 5755 527 5810 Servi
573 5758 864 5813 hominum.
920 5757 996 5828 lla
1049 5755 1258 5812 scilicet
1305 5764 1362 5810 ut
1411 5753 1746 5826 postponatis

189 5846 457 5902 servitium
498 5849 604 5906 Dei.

1852 5483 1970 5540 haec
2013 5491 2271 5553 provocat
2306 5499 2424 5552 qua:
2455 5483 2826 5541 tribulationes
2853 5485 3035 5542 carnis
3074 5496 3128 5542 et
3170 5488 3436 5558 sollicitu-

1851 5577 2007 5632 dines
2050 5585 2380 5631 memoratas
2434 5575 2745 5631 excludunt.
2801 5574 2988 5631 Potest
3027 5584 3083 5632 et
3133 5577 3212 5634 sic
3266 5581 3434 5636 Vitil'l'l

1853 5681 2099 5737 parcere,
2139 5681 2262 5722 cum
2291 5666 2576 5736 permittit,
2619 5673 2674 5722 et
2701 5682 2808 5723 non
2849 5669 3178 5726 contradicit
3203 5671 3434 5743 volandi,-

1851 5757 1951 5813 lms
1978 5757 2119 5824 quod
2148 5771 2438 5810 onerosum
2463 5757 2714 5812 ostendit.

1925 5847 2012 5920 2'4.
2051 5847 2270 5918 Tempus
2323 5848 2467 5916 breve
2500 5860 2592 5918 est.
2621 5851 2760 5937 Quia
2790 5851 2910 5909 ﬁnis
2947 5853 3000 5909 in
3046 5853 3427 5925 proximoest,
