3964 6290
412 390 511 447 I79
1436 391 1496 447 Β.
1539 390 1930 449 LANFRANCI
1959 390 2310 448 CANTUAR.
2348 386 2668 449 AllClllEP.
3579 376 3695 441 180'

403 499 540 557 enim
569 503 735 559 breve
758 511 868 569 est;
899 502 989 558 28.
1034 502 1300 573 reliquum
1332 508 1439 569 cst,
1465 504 1821 575 consequitur,
1857 510 1995 558 utet
2021 504 2111 573 qui
2141 503 2339 558 habent
2362 516 2586 567 uxores,
2626 509 2883 572 tanquam
2909 514 3013 555 non
3043 499 3309 554 habentes
3336 497 3475 562 sint;
3507 496 3598 553 29.
3625 502 3688 549 et

404 596 494 663 qui
527 596 677 657 llent,
713 605 968 667 tanquam
1001 611 1105 650 non
1127 596 1353 661 ﬂentes;
1382 604 1439 650 et
1460 596 1549 666 qui
1579 597 1833 666 gaudent,
1862 605 2120 665 tanquam
2162 609 2266 649 non
2300 596 2633 666 gaudentes;
2671 603 2724 649 et
2748 594 2836 663 qui
2882 599 3088 655 emunt,
3134 601 3390 663 tanquam
3418 606 3524 645 non
3553 600 3686 658 pos-

403 689 672 754 sidentes;
703 699 759 743 et
791 690 882 760 qui
913 698 1139 744 utuntur
1169 690 1271 744 hoc
1314 690 1550 754 mundo,
1599 698 1853 759 tanquam
1897 704 2007 743 non
2035 699 2302 743 Utantur;
2345 687 2452 752 30,
2488 687 2577 742 5i.
2627 689 2869 757 praeterit
2912 690 3055 743 enim
3110 687 3265 760 (ratio
3319 702 3416 739 cur
3462 701 3522 738 ea
3565 696 3686 753 qua

406 782 653 853 superius
692 784 834 837 dicta
862 795 984 837 sunt
1004 823 1020 848 ,
1046 783 1197 853 quasi
1224 799 1328 837 non
1355 783 1494 845 sint,
1523 783 1836 837 (rstimanda
1858 783 1998 853 sunt)
2030 785 2198 853 figura
2231 780 2389 850 hujus
2426 782 2634 835 mundi.
2668 781 2799 837 Volo
2822 792 3000 838 autem
3038 800 3132 838 vos
3164 783 3285 838 sine
3324 779 3690 836 sollicitudine

401 879 582 933 surculi
611 895 751 935 esse.
783 880 883 947 Qui
912 881 1031 935 sine
1058 894 1227 935 uxore
1258 889 1375 945 est,
1408 880 1671 935 sollicitus
1706 887 1786 934 est
1818 895 1938 949 quze
1970 880 2181 933 Domini
2223 891 2381 945 sunt,
2416 881 2685 948 quomodo
2712 880 2920 950 placeat
2950 882 3078 935 Deo.
3114 881 3213 948 Qui
3256 891 3434 937 autem
3460 920 3478 945 ,
3509 882 3648 935 enim
3672 919 3693 942 ,

403 990 525 1029 cum
563 989 730 1029 uxore
757 982 871 1036 est.
900 974 1168 1029 sollicitus
1189 982 1272 1028 est
1301 989 1422 1043 qua:
1466 982 1590 1028 sunt
1623 972 1807 1027 tuundi
1829 1012 1841 1032 ,
1877 975 2148 1041 quomodo
2182 972 2394 1042 placeat
2422 973 2575 1025 uxori
2600 1013 2616 1038 ,
2645 983 2700 1026 et
2726 973 2932 1028 divisus
2974 983 3077 1028 est.
3116 973 3272 1028 Ratio
3316 991 3411 1028 cur
3441 972 3696 1026 mulieres

404 1072 521 1124 sine
551 1071 665 1125 uiro
696 1086 806 1125 esse
835 1071 1076 1125 debeant.
1126 1071 1195 1125 Et
1241 1071 1434 1125 mulier
1482 1071 1703 1139 innupta
1724 1112 1739 1135 ,
1777 1079 1832 1124 et
1875 1070 2063 1139 virgo,
2114 1072 2316 1141 cogitat
2346 1086 2467 1140 quae
2517 1068 2731 1125 Dotrini
2779 1081 2937 1135 sunt,
2966 1081 3028 1124 ut
3059 1072 3128 1125 sit
3159 1081 3345 1126 sancta
3376 1086 3608 1141 corpore
3636 1079 3697 1125 et

405 1161 620 1231 Spit‘lln.
653 1160 783 1226 Qum
814 1169 994 1214 autem
1024 1168 1190 1230 nupta
1221 1169 1338 1225 est,
1367 1162 1574 1230 cogitat
1615 1175 1734 1227 qua:
1780 1168 1908 1213 sunt
1952 1160 2171 1226 mundi,
2201 1160 2475 1231 quomodo
2502 1160 2717 1230 placeat
2763 1161 2904 1215 viro.
2951 1160 3119 1215 Porro
3147 1162 3251 1216 hoc
3293 1162 3359 1216 ad
3389 1164 3697 1217 utilitatem

408 1264 644 1307 vestram
671 1253 827 1319 dico,
868 1252 955 1306 52.
1006 1267 1114 1307 non
1160 1262 1221 1307 ut
1260 1253 1514 1322 laqueum
1546 1252 1698 1305 vobis
1742 1250 1975 1318 injiciam
2000 1292 2015 1317 ,
2044 1268 2146 1306 non
2189 1263 2243 1305 ut
2286 1253 2343 1305 in
2371 1252 2554 1321 pejora
2597 1269 2687 1307 vos
2729 1253 2835 1306 labi
2865 1252 3088 1321 faciant,
3136 1254 3260 1306 dum
3290 1255 3701 1307 matrimonium

407 1345 721 1406 dissuadeo,
752 1343 840 1398 55.
872 1345 964 1399 sed
993 1343 1059 1396 ad
1094 1345 1175 1407 id,
1208 1342 1350 1413 quod
1387 1344 1673 1397 honestum
1707 1350 1823 1402 est,
1869 1357 2056 1393 moneo
2100 1358 2216 1405 vos,
2245 1351 2302 1395 et
2334 1341 2477 1410 quod
2520 1339 2833 1395 facultatem
2868 1342 3106 1411 prtebeat
3152 1342 3270 1396 sine
3300 1342 3705 1411 impedimento

410 1439 695 1493 Dominum
733 1438 1056 1493 obseerandi
1078 1478 1091 1501 ,
1123 1438 1179 1490 id
1209 1446 1315 1501 est,
1342 1435 1621 1489 serviendi.
1654 1433 1743 1486 54.
1774 1431 1829 1487 Si
1868 1432 1992 1500 quis
2016 1431 2104 1485 55.
2132 1443 2315 1487 autem
2351 1434 2892 1503 turpem,infamem,
2927 1447 2989 1488 se
3014 1434 3184 1488 videri
3220 1434 3499 1487 existimat
3530 1449 3708 1503 super

404 1532 641 1603 virgine,
674 1532 788 1599 [ilia
808 1574 821 1594 ,
850 1548 981 1596 sua,
1015 1532 1157 1602 quod
1191 1532 1264 1585 sit
1290 1529 1639 1600 superadulta
1662 1569 1676 1593 ,
1709 1538 1763 1582 et
1791 1528 1863 1581 ita
1892 1536 2108 1597 oportet
2152 1527 2266 1581 fieri
2285 1570 2299 1593 ,
2326 1529 2451 1600 quia
2497 1532 2644 1599 virgo
2680 1530 2972 1584 castitatem
3002 1544 3209 1584 sanare
3237 1548 3339 1584 non
3364 1530 3517 1595 vult;
3546 1530 3703 1600 quod

407 1628 523 1683 vult
550 1629 739 1694 faciat,
771 1628 858 1682 36.
898 1606 1120 1697 ergone!
1146 1637 1315 1696 pater,
1338 1626 1417 1679 rel
1452 1627 1563 1692 ipsa
1589 1624 1703 1694 [ilia
1735 1639 1841 1678 non
1874 1631 2099 1693 peccat,
2134 1624 2175 1678 si
2220 1626 2404 1678 nultat.
2446 1623 2532 1680 Sic
2563 1626 2628 1679 de
2667 1627 2797 1686 ista,
2842 1642 2965 1679 nam
2987 1626 3051 1679 de
3086 1625 3191 1679 alio
3222 1626 3394 1679 aliter.
3426 1625 3565 1679 Nam
3600 1627 3705 1695 qui

408 1722 601 1777 statuit
634 1723 685 1775 in
716 1722 877 1775 corde
904 1736 1005 1775 suo
1031 1720 1252 1782 firmus,
1283 1734 1389 1775 non
1412 1718 1624 1772 habens
1657 1717 2039 1771 necessitatem
2068 1717 2206 1769 hanc
2235 1726 2289 1770 ut
2313 1716 2425 1784 ﬁiia
2455 1716 2615 1771 nubat
2634 1757 2649 1778 ,
2681 1717 2772 1786 qui
2800 1717 3064 1771 continere
3086 1715 3705 1785 noluerit;potestatem

409 1824 591 1869 autem
624 1814 832 1869 habens
858 1830 968 1868 sua:
998 1812 1328 1875 voluntatis,
1371 1822 1426 1865 ut
1465 1812 1606 1879 virgo
1652 1809 1850 1874 nubat,
1892 1808 1971 1864 vel
2020 1825 2158 1872 non,
2207 1819 2259 1864 et.
2309 1810 2410 1863 hoc
2446 1810 2711 1879 judicavit
2755 1809 2809 1863 in
2858 1810 3020 1863 corde
3059 1822 3187 1871 suo,
3225 1809 3422 1861 scilicet
3468 1823 3707 1863 servare

411 1911 673 1979 virginem
704 1924 888 1974 suam,
919 1909 1054 1962 bene
1082 1906 1230 1962 facit.
1264 1906 1432 1977 Igitur
1454 1915 1508 1961 et
1537 1906 1629 1976 qui
1658 1905 2005 1961 matrimonio
2029 1904 2211 1976 jungit
2257 1906 2524 1978 virginem
2564 1921 2751 1969 suam,
2782 1906 2917 1960 bene
2949 1904 3112 1970 facit,
3133 1916 3188 1960 et
3218 1906 3309 1975 qui
3343 1921 3450 1959 non
3481 1905 3710 1977 jungit,

414 2006 569 2073 bene;
598 2024 717 2060 nam
759 2005 949 2061 melius
980 2003 1127 2059 facit.
1156 2002 1434 2057 Dissuasio
1464 2020 1494 2056 a
1530 2002 1884 2058 matrimonio.
1924 2001 2114 2055 Mulier
2139 2001 2353 2072 alligata
2384 2012 2469 2057 est
2496 2001 2629 2072 legi,
2675 2002 2870 2056 scilicet
2909 2000 3172 2066 maritali,
3208 2010 3415 2070 quanto
3442 2010 3711 2071 tempore

409 2100 495 2154 vir
541 2098 657 2166 ejus
710 2098 869 2161 vivit;
922 2096 1064 2167 quod
1108 2096 1153 2152 si
1198 2095 1484 2150 dormierit
1538 2105 1703 2149 morte
1753 2095 1839 2149 vir
1891 2093 2035 2163 ejus,
2067 2094 2291 2149 liberata
2351 2107 2472 2161 est;
2513 2098 2602 2153 cui
2655 2097 2771 2151 vult
2819 2098 3020 2163 nubat,
3070 2104 3280 2150 tantum
3323 2097 3375 2150 in
3428 2096 3709 2160 Domino,

408 2197 664 2266 legaliter.
704 2193 923 2248 Βωιίον
964 2199 1143 2246 autem
1193 2192 1300 2246 erit
1344 2192 1389 2245 si
1425 2191 1534 2257 sic,
1560 2192 1672 2246 sine
1715 2192 1824 2245 viro
1849 2230 1865 2255 ,
1906 2192 2266 2259 permanserit
2296 2193 2593 2249 secundum
2638 2208 2816 2251 meum
2861 2192 3146 2250 consilium
3188 2191 3319 2247 :57.
3350 2201 3482 2262 puto
3510 2199 3708 2247 autem

410 2294 490 2365 (ut
520 2293 880 2362 acqttiescatur
918 2287 1135 2344 consilio
1183 2287 1348 2359 illius)
1382 2289 1524 2358 quod
1560 2298 1619 2344 et
1642 2303 1740 2360 ego
1770 2287 2031 2359 Spiritum
2070 2288 2161 2345 Dei
2195 2290 2451 2346 habeam.

1764 2446 2335 2507 COMMENTARIUS.

408 2594 541 2651 dicit
574 2607 679 2648 non
717 2590 913 2647 debere
941 2588 1007 2643 ad
1052 2587 1415 2660 generandum
1450 2582 1705 2642 sollicitos
1730 2600 1893 2650 esse;
1930 2592 1982 2638 et
2014 2589 2057 2646 Λ
2089 2584 2235 2638 adid
2259 2587 2398 2656 quod
2436 2586 2705 2641 honestum
2737 2597 2830 2641 est.
2864 2587 2996 2642 Cum
3027 2588 3101 2641 ait
3132 2603 3145 2640 :
3182 2589 3291 2643 Sed
3338 2589 3413 2639 ad
3450 2589 3509 2638 id
3547 2585 3713 2655 quod

409 2686 500 2756 qui
530 2683 684 2748 ﬂent,
730 2693 987 2752 tanquam
1017 2682 1122 2735 non
1162 2678 1352 2735 flentes
1392 2680 1535 2743 sint,
1586 2679 1820 2736 scientes
1870 2693 1990 2736 mox
2094 2679 2364 2733 honestum
2389 2692 2483 2735 est.
2512 2681 2626 2736 Non
2653 2682 3053 2736 matrimonium
3090 2696 3242 2751 turpe
3269 2692 3391 2735 esse
3418 2678 3705 2746 ostendit;

408 2776 836 2832 consolationem
888 2791 1076 2830 eorum
1112 2775 1381 2839 futuram;
1418 2783 1481 2830 et
1502 2775 1593 2845 qui
1647 2776 1698 2829 in
1741 2777 1990 2844 prmscnti
2095 2774 2187 2826 sed
2233 2774 2376 2842 quod
2420 2784 2537 2828 erat
2587 2776 2815 2831 honesto
2862 2774 2983 2847 (aL,
3014 2774 3323 2847 honestum]
3371 2774 3708 2839 honestius,

407 2871 667 2941 gaudent,
703 2869 880 2925 sciant
908 2885 1032 2925 mox
1059 2869 1264 2924 luctum
1305 2868 1568 2924 futurum.
2097 2866 2364 2934 generalis
2390 2868 2599 2921 honesti
2631 2868 2846 2922 nomine
2881 2868 3301 2923 ccuintemlavit.
3672 2882 3677 2885 ·

477 2963 568 3018 28.
602 2962 803 3016 Lmen.
864 2961 1139 3031 Reliquum
1161 2972 1257 3016 est.
1318 2962 1473 3029 Quia,
1530 2962 1726 3031 inquit,
1783 2971 1996 3032 tempus
2168 2959 2255 3013 54.
2301 2959 2502 3014 LsNﬂt.
2538 2959 2595 3015 Si
2620 2964 2736 3032 qu's
2776 2971 2988 3025 autem,
3025 2972 3132 3015 etc.
3168 2956 3597 3031 Quiasuperius
3632 2958 3712 3015 ad

407 3055 577 3110 breve
612 3065 720 3120 est,
748 3056 1099 3124 consequitur
1136 3063 1194 3109 ut
1232 3055 1495 3124 quidquid
1545 3056 1596 3111 in
1648 3056 1749 3111 hoc
1797 3056 1997 3110 seculo
2098 3054 2462 3124 virginitatem
2513 3056 2792 3119 suaserat,
2846 3044 3087 3126 nequis
3138 3069 3355 3129 putaret
3401 3052 3709 3127 peccatum
3770 3104 3773 3105 ν

410 3132 532 3199 sive
560 3159 882 3214 prosperum
905 3187 919 3211 ,
953 3148 1068 3200 sive
1104 3146 1388 3201 adversum
1443 3146 1656 3201 videtur
1684 3163 1803 3202 esse
1833 3190 1845 3211 ,
1898 3165 1995 3218 pro
2100 3145 2259 3199 forte
2290 3142 2380 3216 [μ
2434 3144 2602 3218 fore],
2651 3148 2693 3200 si
2720 3147 2898 3200 'liliam
2931 3148 3213 3202 continere
3257 3130 3534 3203 nolentem
3567 3140 3719 3201 viro

410 3237 681 3307 parvitate
713 3238 971 3306 temporis
998 3237 1174 3306 potius
1204 3237 1453 3291 videatur
1490 3254 1595 3291 nou
1638 3253 1778 3292 esse.
2102 3236 2369 3297 traderet,
2416 3232 2547 3291 dicit
2594 3237 2637 3291 si
2681 3239 2792 3306 ipsa
2826 3240 3106 3292 continuere
3130 3237 3297 3301 nolit,
3327 3252 3435 3292 non
3475 3250 3713 3309 peccat,

482 3326 575 3380 29.
607 3326 849 3382 Aucusr.
882 3328 956 3399 (in
981 3344 1160 3397 expos.
1188 3327 1334 3380 Psal.
1358 3344 1557 3392 cum",
1586 3339 1714 3383 tom.
1747 3328 1899 3397 Vill.)
1931 3328 1996 3383 Et
2099 3324 2143 3380 si
2177 3326 2365 3379 nubat.
2396 3326 2611 3381 Habeas
2634 3336 2815 3382 autem
2845 3329 3010 3383 tiliam
3041 3343 3204 3397 quam
3228 3329 3513 3383 continere
3535 3330 3715 3396 velit,

412 3418 503 3489 qui
530 3420 678 3488 ﬂent.
708 3419 964 3489 Quisquis
992 3428 1174 3474 autem
1217 3420 1329 3474 sive
1358 3422 1668 3488 manducat,
1697 3422 1810 3475 sive
1841 3422 1994 3483 bibit,
2100 3435 2222 3474 cum
2253 3421 2366 3491 ipse
2391 3420 2587 3476 habeat
2608 3431 2933 3491 potestatem
2957 3423 3098 3492 quod
3125 3438 3187 3476 ea
3221 3423 3409 3487 nubat,
3437 3423 3525 3477 vel
3558 3440 3714 3487 non,

413 3509 529 3564 sive
554 3509 696 3563 aliud
740 3510 941 3581 aliquid
970 3511 1099 3581 agit,
1145 3511 1327 3565 omnia
1373 3511 1424 3564 in
1455 3510 1679 3582 gloriam
1720 3512 1812 3566 Dei
1847 3511 1994 3566 facit.
2100 3513 2144 3567 si
2196 3522 2351 3581 pater
2395 3511 2660 3577 volnt-rit,
2716 3515 2759 3568 si
2816 3514 2979 3567 tiliam
3030 3512 3294 3583 virginem
3345 3523 3560 3578 servet,
3608 3516 3716 3571 be~

414 3600 524 3672 59
552 3602 614 3654 Et
646 3602 690 3655 si
722 3601 900 3672 aliqua
941 3602 1158 3657 tristitia
1188 3611 1273 3657 est
1319 3602 1384 3655 de
1421 3602 1582 3656 rebus
1624 3603 1995 3664 stecularibns,
2100 3603 2320 3658 nefacit.

412 3692 496 3748 sic
542 3682 667 3746 ﬂeat
695 3701 753 3745 ut
791 3692 935 3747 intus
965 3707 1059 3761 Spe
1108 3692 1361 3762 gaudeat.
1392 3692 1457 3746 Et
1500 3693 1545 3746 si
1592 3692 1768 3761 aliqua
1816 3692 1977 3747 ltrt'ti:

2172 3698 2261 3753 55.
2306 3698 2507 3755 Lauso.
2551 3698 2773 3769 Turpth
2815 3717 2868 3754 se
2894 3700 3058 3754 rideri
3085 3698 3381 3764 existimat,
3412 3698 3613 3763 idest,
3663 3696 3717 3753 si

415 3792 499 3838 est
557 3783 610 3837 in
654 3785 814 3837 rebus
850 3783 1221 3846 saecularilns,
1248 3784 1327 3839 sic
1369 3784 1601 3854 gaudeat
1631 3794 1691 3839 ut
1718 3785 1861 3839 intus
1892 3785 2000 3855 spi-
2104 3790 2224 3859 quis
2248 3790 2513 3860 virginem
2543 3792 2703 3845 habet
2731 3790 2989 3852 adultam,
3015 3806 3133 3859 quae
3149 3791 3450 3844 castitatem
3469 3805 3720 3844 servare
3761 3786 3765 3791 ⁷

415 3876 688 3930 ritualiter
715 3878 931 3941 timeat;
983 3893 1082 3931 nec
1122 3878 1286 3930 donet
1325 3892 1385 3931 se
1435 3879 1893 3946 corrumpendum
1924 3878 1999 3933 fe-
2031 3949 2062 3952 _
2104 3880 2265 3942 nolit,
2314 3890 2366 3934 et
2414 3890 2635 3935 curator
2673 3882 2789 3946 ejus
2830 3892 2978 3951 putat
3013 3883 3155 3950 quod
3196 3879 3474 3934 infamiam
3517 3882 3723 3952 turpi-

410 3966 624 4032 licitati,
650 3983 747 4023 nec
777 3970 956 4022 tradat
979 3968 1291 4022 adversitati
1319 3967 1692 4034 frangendum,
1724 3969 1825 4023 hoc
1851 3970 1995 4025 enim
2030 3949 2072 4003 Β
2103 3974 2300 4025 tudinis
2335 3974 2650 4027 incursuros
2689 3973 2760 4027 sit
2796 3975 2837 4026 si
2879 3973 3185 4026 castitatem
3216 3987 3437 4026 servare
3489 3986 3717 4039 cccge-

412 4068 495 4110 est
521 4056 647 4113 flere
673 4067 927 4128 tanquam
960 4075 1063 4114 non
1092 4057 1252 4128 flere;
1278 4069 1331 4114 et
1349 4058 1581 4129 gaudcre
1606 4068 1859 4128 tanquam
1889 4076 1993 4115 non
2101 4067 2200 4127 rit;
2233 4081 2337 4120 non
2379 4076 2565 4133 peccat
2599 4066 2680 4119 vel
2715 4066 2859 4135 ipse,
2890 4065 2973 4119 vel
3016 4066 3197 4133 virgo,
3227 4066 3270 4119 si
3310 4066 3475 4118 nubat
3511 4064 3713 4133 \‘irgu.

416 4152 669 4218 Eallilere.
2166 4159 2253 4213 56.
2297 4159 2534 4214 Aucusr.
2562 4158 2698 4228 (Lib.
2731 4158 2803 4212 De
2826 4160 2957 4213 bono
2985 4160 3192 4221 viduit.,
3222 4172 3269 4213 c.
3302 4158 3334 4212 9
3356 4198 3370 4221 ,
3404 4166 3538 4210 tom.
3577 4157 3719 4227 IV.)

481 4244 569 4299 50.
598 4246 837 4301 Avcusr.
864 4246 979 4312 (lib.
1010 4262 1083 4298 xx
1115 4245 1188 4299 De
1235 4246 1332 4300 civ.
1364 4245 1493 4311 Dei,
1523 4260 1571 4301 c.
1612 4246 1716 4313 l-i).
1749 4245 1995 4302 Pra’terit

2140 4250 2220 4305 lon
2260 4262 2435 4320 peccat
2468 4252 2511 4304 si
2550 4251 2732 4305 nubat.
2764 4250 2893 4317 Quae
2924 4266 2982 4304 sc
3013 4266 3114 4303 non
3158 4249 3431 4310 continet,
3467 4249 3705 4314 nubat;

411 4335 547 4387 enim
576 4336 772 4403 ﬁgura.
796 4334 988 4405 Figura
1022 4335 1280 4405 prteterit,
1310 4351 1414 4390 non
1447 4347 1635 4390 natura
1669 4337 1838 4405 (ibid..
1871 4354 1992 4407 cap.
2097 4360 2215 4414 qum
2248 4358 2351 4397 non
2378 4344 2576 4411 cwpit,
2618 4342 2907 4404 deliberet;
2957 4342 3099 4412 quod
3132 4356 3385 4413 aggressa
3416 4349 3532 4401 est,
3570 4356 3722 4411 per-

408 4428 519 4495 16).
555 4426 818 4481 Judicatis
860 4428 1058 4496 quippe
1108 4427 1190 4482 his
1232 4428 1324 4497 qui
1375 4429 1561 4497 scripti
1613 4446 1718 4483 non
1768 4437 1891 4483 sunt
1938 4432 1991 4484 in
2096 4444 2327 4489 scverel.
2409 4434 2563 4489 Nulla
2642 4435 2953 4488 adversario
3008 4436 3167 4489 detur
3225 4431 3477 4497 occasio;
3542 4434 3718 4490 nulla

405 4518 546 4573 libro
578 4520 699 4573 vita:
719 4559 734 4582 ,
764 4529 817 4573 et
846 4520 896 4572 in
926 4528 1186 4573 arternum
1217 4521 1393 4591 ignem
1432 4523 1632 4587 missis,
1666 4531 1792 4575 tunc
1822 4522 1990 4591 ﬁgura
2094 4529 2314 4584 Christo
2345 4529 2699 4584 subtrahatur
2725 4527 2941 4582 oblivio.

409 4613 566 4682 hujus
614 4612 828 4672 mundi,
877 4613 1270 4666 mundanorum
1320 4612 1521 4681 ignium
1568 4612 1993 4680 conflagratione
2164 4621 2253 4674 57.
2294 4621 2537 4675 Aucusv.
2569 4619 2787 4688 (Expos.
2840 4619 2906 4672 57
2956 4620 3008 4672 in
3060 4617 3263 4689 Evang.
3314 4619 3506 4687 Joan.)
3551 4602 3719 4675 Puto

405 4703 722 4771 praeteribit.
777 4702 867 4758 Sic
913 4703 1115 4757 factum
1167 4713 1250 4758 est
1300 4710 1692 4760 nutndanarum
1725 4723 1989 4776 aquarum
2094 4713 2433 4783 autemquod
2465 4729 2579 4781 ego.
2612 4710 2868 4765 llomines
2896 4711 2961 4766 de
2999 4710 3082 4766 bis
3112 4712 3305 4777 rebus,
3343 4728 3481 4781 quas
3507 4723 3721 4769 certas

405 4797 760 4851 inundatione
790 4797 1069 4850 diluvium.
1117 4797 1205 4851 llla
1228 4839 1241 4859 ,
1273 4806 1329 4851 ut
1357 4799 1499 4862 dixi,
1531 4798 1952 4868 conﬂagr.:tione
1972 4840 1986 4863 ,
2096 4805 2298 4860 habent
2327 4804 2619 4872 aliquando
2648 4802 2979 4872 increpalive
3004 4803 3251 4857 dubitant
3272 4845 3285 4871 ,
3316 4804 3365 4857 id
3397 4813 3480 4858 est
3507 4845 3523 4867 ,
3564 4822 3718 4861 vcr-

406 4886 1990 4961 mt:n.lartc(aL,mundana]elementorumcorruptibilium
2093 4897 2220 4951 hum
2272 4896 2629 4951 dubitationis
2675 4898 2823 4966 ponit
2857 4896 2979 4971 [al.,
3012 4896 3277 4970 ponunt},
3325 4914 3446 4952 cum
3490 4897 3721 4969 [παγίς.

402 4983 729 5051 qualitates,
779 4996 898 5050 quae.
938 4981 1255 5050 corporibus
1296 4984 1496 5037 nostris
1544 4983 1990 5052 co:ruptibilibus
2095 4989 2172 5061 in]
2218 4988 2379 5042 corde
2427 5005 2532 5042 non
2566 4989 2829 5042 dubitent.
2888 4990 3044 5043 Velut
3091 4992 3134 5043 si
3186 4991 3485 5060 indigneris
3526 5008 3720 5048 servo

403 5078 806 5146 congruebant,
841 5075 1076 5129 ardendo
1106 5074 1320 5145 penitus
1354 5076 1671 5129 interibunt.
2094 5090 2186 5133 tuo
2216 5089 2270 5133 et
2313 5080 2463 5132 dicas
2512 5098 2524 5132 :
2564 5079 2880 5135 Contemnis
2934 5081 3051 5135 tuo?
3099 5082 3399 5137 Considera
3454 5082 3716 5142 forsitan

473 5169 560 5223 51.
606 5168 801 5222 Laxrn.
853 5168 1094 5223 Pra'terit
1143 5167 1281 5222 enim
1330 5169 1522 5237 ﬁgura.
1573 5168 1731 5221 Ratio
1777 5182 1874 5222 cur
1922 5181 1987 5220 ea
2090 5170 2352 5224 Dominus
2390 5178 2514 5223 tuus
2559 5186 2698 5224 sum.
2735 5170 2869 5224 l'linc
2901 5182 2953 5224 et
2989 5172 3279 5239 Apos:olus
3321 5176 3387 5225 ad
3418 5176 3715 5241 quosdam

401 5276 523 5331 qua:
570 5261 818 5331 superius
861 5261 1005 5315 dit-ta
1056 5270 1212 5325 sunt,
1265 5261 1419 5329 quasi
1468 5276 1572 5313 non
1614 5260 1755 5322 sint,
1801 5259 1990 5312 existi-
2018 5297 2064 5360 Ο
2095 5271 2506 5317 contemnentes
2537 5278 2665 5315 suos
2711 5262 2965 5331 loquens,
3011 5265 3085 5317 ait
3119 5282 3129 5316 :
3168 5264 3305 5318 Puto
3334 5276 3511 5318 autem
3547 5270 3716 5335 quod

402 5357 601 5410 manda
630 5354 963 5427 sunt.0mne
986 5354 1128 5408 enim
1158 5354 1299 5422 quod
1326 5352 1590 5422 praeterit,
1615 5353 1987 5422 cujuscunque
2026 5351 2064 5360 '
2095 5363 2142 5407 et
2170 5369 2262 5421 ego
2294 5352 2548 5422 Spiritum
2590 5351 2688 5405 Dei
2735 5354 2917 5405 habeo.
2950 5354 3048 5419 Qui
3078 5354 3204 5407 dicit
3239 5364 3396 5422 puto,
3428 5354 3635 5409 dubita
3650 5375 3719 5414 rc

400 5447 725 5518 prolixitatis
759 5448 857 5512 sit,
888 5446 1176 5501 aeternitati
1206 5452 1609 5513 comparatum,
1649 5443 1782 5497 nihil
1809 5452 1909 5498 est.
2097 5446 2329 5501 videtur.
2359 5443 2464 5498 Sed
2501 5445 2590 5497 ille
2621 5445 2970 5515 increpabat,
3008 5461 3112 5497 non
3140 5445 3443 5498 dubitabat.
3477 5446 3548 5499 Et
3582 5450 3719 5517 ipse

472 5539 561 5594 52.
603 5538 726 5593 Non
753 5549 807 5592 ut
840 5539 1115 5608 laqueum,
1146 5536 1197 5589 id
1246 5542 1361 5596 est,
1394 5550 1497 5586 non
1544 5535 1609 5587 ad
1654 5535 1756 5588 hoc
1791 5551 1985 5590 moneo
2093 5537 2353 5590 Dominus
2417 5547 2601 5590 noster
2648 5536 2754 5591 alio
2799 5536 2916 5589 loco
2967 5538 3251 5606 increpans
3305 5536 3717 5599 infidelitatem

400 5632 710 5686 castitatem
762 5629 1016 5699 diligere,
1066 5636 1123 5681 ut
1166 5627 1267 5680 hac
1312 5627 1595 5680 occasione
1644 5626 1801 5681 velim
1855 5643 1980 5691 vos,
2094 5626 2329 5681 futuram
2358 5628 2570 5696 generis
2600 5626 2816 5679 humani
2848 5641 2862 5678 :
2891 5624 3020 5679 Cum
3046 5627 3271 5691 venerit,
3301 5627 3509 5699 inquit,
3537 5632 3721 5699 ﬁn".

400 5732 620 5793 propter
644 5719 1089 5774 incontinentiam
1117 5718 1169 5771 in
1197 5715 1424 5770 luxuria}
1448 5716 1694 5783 laqueum
1721 5718 1979 5772 incidere.
2096 5721 2321 5774 [taurinis
2341 5760 2355 5784 ,
2388 5729 2543 5789 putas
2571 5719 2789 5771 inveniet
2826 5718 2982 5785 [idem
3011 5714 3267 5773 interra?

474 5814 563 5871 33.
607 5813 846 5868 AUGUST.
882 5809 993 5879 (lib.
1050 5810 1124 5863 De
1173 5810 1302 5863 bono
1344 5808 1553 5873 riduit.,
1599 5826 1715 5881 cap.
1747 5809 1821 5890 ἴς.)
1855 5810 1982 5882 [Sed
