3880 6306
502 265 602 328 185
1497 277 1556 332 Β.
1597 275 1988 336 LANFRANCI
2026 278 2057 337 C

2176 280 2377 339 ‘l‘UAR.
2414 283 2734 341 ARCIIIEP.
3703 282 3781 341 i8!

497 387 835 463 Quapropter
866 392 912 448 si
941 405 1067 448 esca
1113 393 1446 455 scandalizat
1478 397 1562 453 Π.
1598 396 1822 456 fratrem
1869 414 2047 454 meum
2067 440 2083 463 ,
2110 413 2217 454 non
2263 400 2602 458 manducabo
2631 402 2719 461 18.
2766 415 2987 457 carnem
3018 401 3070 456 in
3096 409 3422 474 aeternum,
3457 419 3533 461 ne
3565 402 3772 461 fratrem

496 496 674 543 meum
709 489 1097 548 scandalizem.
2102 558 2105 561 .

1963 582 2185 645 CAPUT
2236 582 2324 644 IX.

567 749 755 810 LNon
786 767 905 809 sum
942 753 1117 811 liber?
1136 751 1190 812 2.
1226 756 1343 814 Non
1373 771 1491 815 sum
1522 759 1846 831 Apostolus?
1879 763 2065 820 Nonne
2087 764 2359 823 Christum
2381 757 2563 821 Iesum
2583 760 2868 819 Dominum
2896 764 3323 820 nostrumvidi?
3350 763 3561 821 Nonne
3587 767 3640 822 3.
3664 781 3777 839 opus

496 867 680 908 meum
705 869 801 908 vos
821 853 952 908 estis
975 854 1027 909 in
1056 854 1326 913 Domino?
1353 858 1418 913 Et
1438 860 1482 914 si
1509 858 1630 916 aliis
1643 877 1745 915 non
1762 874 1878 917 smn
1895 859 2310 933 Apostolus,sed
2328 875 2504 919 tamen
2529 862 2683 920 vobis
2695 878 2812 917 sum
2833 861 2989 931 ;luam
3005 860 3363 932 signaculum
3387 856 3773 933 “judicium,

492 944 830 1011 apostolatus
861 946 964 1001 mei
995 948 1253 1009 vosestis
1285 949 1336 1004 in
1370 949 1619 1006 Domino.
1654 952 1709 1006 4.
1737 946 1851 1007 Mea
1880 952 2121 1009 defensio
2148 955 2288 1026 apud
2327 968 2420 1009 eos
2477 953 2569 1023 qui
2600 966 2689 1007 me
2713 952 3077 1022 interrogant,
3115 966 3185 1003 an
3208 948 3527 1018 Apostolus
3558 950 3677 1015 sint,
3704 968 3775 1005 res

490 1038 711 1105 scilicet,
739 1040 927 1112 quibus
954 1041 1221 1114 predicavi
1251 1047 1365 1103 lucc
1398 1056 1502 1103 est.
1532 1046 1585 1103 5.
1614 1047 1864 1120 Nunquid
1897 1050 1950 1121 (a
1981 1050 2166 1121 simili)
2205 1065 2311 1105 non
2343 1048 2604 1105 habemus
2644 1053 2967 1118 potestatem
3011 1043 3400 1098 manducandi
3444 1053 3502 1099 et
3546 1044 3775 1109 bibendi?

489 1129 745 1206 Nunquid
787 1130 840 1190 ϐ.
885 1154 995 1194 non
1041 1133 1303 1197 habemus
1349 1153 1671 1213 potestatem
1706 1145 2015 1213 mulierem,
2061 1161 2337 1211 sororem,
2372 1145 2762 1209 Christianam,
2800 1139 3242 1198 circumducendi
3276 1179 3295 1204 ,
3350 1139 3510 1197 sicut
3535 1151 3593 1196 et
3617 1146 3771 1197 czctcri

490 1232 741 1301 apostoli,
777 1235 833 1289 id
860 1243 937 1290 est
976 1232 1149 1291 ludas
1176 1248 1224 1293 et
1254 1232 1487 1294 Iacobus
1532 1237 1795 1306 Priscam,
1833 1250 1888 1297 et
1918 1241 2117 1297 fratres
2146 1239 2397 1309 Domini,
2427 1248 2482 1297 et
2518 1235 2763 1311 Cepbas?
2801 1237 2910 1292 Aut
2946 1250 3048 1307 ego
3093 1233 3244 1290 solus
3275 1242 3340 1290 et
3366 1231 3660 1291 Barnabas
3684 1252 3769 1290 non

489 1325 750 1383 habemus
777 1338 1098 1400 potestatem
1143 1332 1195 1387 7.
1239 1334 1343 1389 hoc
1386 1335 1682 1405 operandi?
1720 1338 1776 1410 (a
1818 1337 2078 1391 similibus
2109 1338 2354 1404 ostendit,
2396 1337 2522 1408 quia
2563 1334 2823 1405 stipendia
2866 1332 3150 1402 sumpsisse
3189 1332 3300 1385 sibi
3362 1332 3632 1405 licuerit).
3660 1333 3772 1400 Quis

487 1418 688 1475 militat
710 1421 824 1477 suis
849 1422 1135 1492 stipendiis
1162 1427 1435 1497 unquam?
1460 1427 1638 1483 nullus
1670 1428 1867 1500 utique.
1898 1429 2031 1497 Quis
2053 1430 2259 1502 plantat
2280 1429 2518 1495 vineam,
2555 1429 2699 1485 etde
2730 1426 2907 1482 fructu
2934 1424 3052 1493 ejus
3083 1439 3190 1479 non
3221 1424 3393 1481 edit?
3416 1426 3623 1482 nullus.
3648 1427 3763 1494 Quis

488 1515 666 1585 pascit
692 1526 934 1588 gregem,
959 1524 1015 1573 et
1034 1518 1103 1574 de
1128 1519 1269 1576 lacte
1291 1523 1471 1594 gregis
1498 1538 1606 1578 non
1635 1524 1960 1581 manducat?
1986 1526 2177 1581 Nemo.
2204 1524 2479 1597 Nunquid,
2505 1525 2804 1580 secundum
2834 1523 3131 1587 hominem,
3157 1522 3477 1575 humanam
3516 1530 3769 1575 consaepta

487 1606 684 1678 dinem,
709 1614 788 1667 vel
824 1631 907 1670 me
936 1615 1093 1675 dico?
1115 1619 1196 1674 An
1226 1630 1282 1677 et
1309 1618 1394 1678 lex
1437 1623 1554 1678 haec
1583 1638 1690 1677 non
1716 1622 1880 1679 dicit?
1906 1623 2178 1696 Scriptum
2204 1632 2287 1679 est
2315 1624 2461 1680 enim
2500 1623 2551 1678 in
2582 1622 2700 1695 lege
2725 1620 2895 1693 Moysi
2927 1639 2939 1676 :
2971 1619 3087 1676 Non
3119 1614 3383 1689 alligabis
3412 1632 3480 1672 os
3516 1616 3668 1680 bovi,
3694 1617 3765 1686 qui

486 1709 725 1763 comedat
758 1711 823 1765 de
868 1716 1196 1773 trituraturis
1239 1718 1383 1789 suis,
1422 1718 1730 1786 trituranti,
1782 1722 2141 1792 prtedicatori.
2171 1720 2426 1792 Nunquid
2453 1722 2521 1778 de
2557 1716 2748 1785 bobus,
2778 1722 2834 1776 in
2866 1722 2965 1775 hoc
2998 1726 3261 1787 prun-epla
3289 1754 3307 1780 ,
3341 1728 3487 1770 cura
3527 1721 3611 1767 est
3639 1710 3767 1766 Deo?

485 1801 543 1858 8ο
582 1804 665 1860 An
692 1814 917 1878 propter
947 1825 1045 1867 nos
1070 1813 1259 1884 Utique
1288 1816 1391 1871 hoc
1424 1814 1601 1872 dicit?
1622 1817 1757 1873 Nam
1786 1828 2010 1890 propter
2038 1834 2139 1875 nos
2160 1818 2362 1889 scripta
2400 1826 2549 1875 sunt.
2578 1817 2847 1887 Quoniam
2875 1817 3034 1872 debet
3064 1815 3118 1870 in
3144 1827 3274 1884 spe,
3317 1826 3450 1865 cum
3477 1826 3570 1880 spe
3597 1808 3761 1863 terreni

485 1900 757 1970 stipendii,
786 1904 876 1973 qui
905 1914 1044 1976 arat,
1074 1924 1262 1972 arare:
1292 1920 1347 1967 et
1384 1913 1476 1983 qui
1510 1912 1760 1981 trilnrat,
1787 1913 1840 1968 in
1872 1930 1966 1985 spe
1993 1914 2200 1970 fructus
2229 1909 2584 1985 percipiendi.
2620 1912 2676 1969 Si
2714 1927 2843 1978 nos,
2874 1910 2930 1965 id
2958 1920 3067 1976 est,
3096 1928 3127 1964 a
3155 1910 3363 1964 minori
3384 1949 3399 1973 ,
3440 1907 3601 1963 vobis
3627 1902 3761 1975 spiri-

499 1996 670 2054 tualia
713 2002 1052 2069 praedicando
1100 2009 1515 2075 seminavimus,
1547 2025 1803 2081 magnum
1841 2020 1922 2066 est
1955 2009 2171 2083 (ironia)
2213 2011 2259 2066 si
2291 2026 2389 2066 uos
2432 2009 2672 2066 carnalia
2711 2016 2928 2073 vestra,
2962 2005 3259 2075 stipendia,
3305 2002 3623 2058 metamus?
3656 1998 3757 2053 Non
3858 1996 3859 2061 ξ

492 2092 693 2161 utique.
721 2093 777 2161 (a
800 2092 982 2168 simili)
1007 2099 1062 2155 Si
1086 2100 1175 2155 alii
1206 2104 1490 2171 potestatis
1534 2113 1749 2170 vestrae,
1771 2103 2217 2174 pseudoapostoli,
2240 2103 2530 2173 participes
2562 2110 2706 2167 sunt,
2734 2101 2780 2154 si
2800 2099 2894 2154 alii
2916 2106 3225 2167 acceperunt
3254 2114 3289 2151 a
3319 2094 3477 2150 vobis
3500 2090 3755 2148 secundum

483 2189 628 2260 quod
654 2196 899 2262 potuistis
939 2196 1085 2261 dare,
1119 2211 1291 2267 quare
1315 2214 1437 2269 ergo
1459 2213 1565 2253 non
1596 2199 1776 2270 potius
1800 2199 1929 2254 nos?
1952 2198 2006 2254 9.
2049 2197 2155 2254 Sed
2180 2213 2285 2253 non
2308 2198 2390 2255 usi
2413 2212 2602 2253 sumus
2622 2197 2726 2252 hac
2754 2202 3042 2266 potestate,
3073 2192 3168 2249 sed
3198 2192 3396 2247 omnia
3422 2189 3749 2247 sustinemus,

486 2287 576 2344 10.
617 2306 685 2347 ne
712 2293 855 2363 quod
884 2290 1266 2351 oﬂ‘endiculum
1294 2295 1482 2351 demus
1529 2292 1820 2366 Evangelio
1849 2296 2072 2353 Christi.
2110 2294 2380 2350 Fortassis
2415 2294 2551 2349 enim
2583 2292 2926 2364 Evangelium
2957 2290 3154 2347 Christi
3188 2292 3377 2345 minus
3422 2288 3639 2342 libenter
3675 2297 3754 2334 au-

482 2386 680 2455 dirent,
724 2389 770 2443 si
799 2390 863 2443 ab
888 2391 965 2446 eis
993 2390 1195 2463 aliquid
1239 2394 1515 2463 acciperet.
1550 2392 1782 2448 Nescitis
1814 2392 1975 2463 (idem
2017 2410 2050 2446 a
2090 2390 2274 2463 simili)
2301 2392 2559 2462 quoniam
2591 2391 2681 2460 qui
2723 2389 2776 2443 in
2805 2388 3049 2444 sacrario
3081 2387 3260 2460 templi
3293 2386 3619 2441 Judteorum
3646 2392 3747 2446 ope—

482 2490 696 2550 rantur,
745 2499 866 2555 quae
903 2487 969 2542 de
1016 2486 1260 2543 sacrario
1305 2495 1453 2553 sunt,
1503 2488 1571 2541 de
1611 2487 1875 2557 sacriﬁcio
1917 2486 2154 2551 scilicet,
2186 2487 2383 2551 edunt,
2425 2495 2483 2541 et
2534 2485 2624 2556 qui
2670 2484 2827 2541 altari
2875 2485 3224 2550 deserviunt,
3272 2485 3370 2539 il.
3431 2495 3557 2537 cum
3606 2471 3740 2531 altari

480 2579 844 2650 participant?
870 2581 979 2647 ita,
1008 2599 1129 2655 ergo
1161 2583 1427 2649 similiter,
1460 2592 1510 2637 et
1542 2583 1803 2639 Dominus
1834 2582 2111 2638 ordinavit
2148 2582 2215 2637 iis
2251 2581 2343 2652 qui
2375 2578 2727 2653 Evangeiium
2763 2581 3091 2636 annuntiant
3116 2581 3184 2637 de
3227 2576 3542 2650 Evangelio
3567 2572 3742 2628 vivere-

479 2673 593 2745 Ego
620 2685 801 2733 autem
832 2678 985 2734 nullo
1010 2678 1202 2735 borum
1231 2693 1363 2734 usus
1394 2693 1534 2733 sum.
1565 2676 1681 2732 Non
1726 2685 1904 2732 autem
1941 2677 2133 2747 scripsi
2166 2678 2281 2732 haec
2314 2672 2422 2741 'ut,
2454 2685 2506 2729 ut
2535 2675 2664 2747 quid
2690 2692 2723 2730 a
2757 2676 2899 2731 vobis
2935 2676 3170 2744 accipere
3196 2676 3358 2733 uelim
3378 2717 3399 2744 ,
3436 2676 3513 2730 ita
3550 2672 3670 2728 fiant
3702 2666 3744 2719 in

1832 2854 1972 2912 (20M
1983 2854 2210 2911 MENTA
2220 2855 2283 2909 Ri

454 3036 621 3108 enim
672 3052 1067 3111 comedendum
1102 3068 1197 3109 eos
1231 3052 1660 3116 :cdificaretis,et
1693 3052 1763 3105 ita
1797 3050 2061 3122 perirent,
2094 3039 2136 3098 Α
2167 3051 2298 3105 bant
2338 3051 2418 3107 eis
2448 3051 2512 3107 dc
2548 3062 2763 3107 terrena
2792 3053 3096 3109 substantia
3127 3069 3254 3119 sua,
3299 3065 3367 3111 ut
3398 3054 3598 3111 nullius
3623 3047 3741 3107 indi-

474 3157 599 3198 cum
631 3142 833 3200 idolum
859 3145 1063 3216 aliquid
1088 3160 1206 3202 esse
1231 3153 1505 3218 putarent.

548 3234 635 3291 18.
674 3230 878 3292 Lsara.
922 3236 1146 3293 Carnem
1167 3239 1221 3293 in
1249 3249 1522 3295 aeternum.
1551 3236 1608 3294 Id
1630 3245 1734 3300 est,
1759 3251 1865 3291 non
1889 3236 2061 3292 solum

474 3324 545 3380 ab
572 3324 694 3383 aliis
726 3326 879 3394 cibis,
909 3336 1130 3399 propter
1176 3329 1454 3385 vitandum
1505 3327 1694 3383 fratris
1745 3327 2060 3385 scandalum

475 3416 829 3481 abstinerem,
863 3419 957 3474 sed
987 3429 1042 3474 et
1084 3433 1325 3485 carnem,
1355 3435 1475 3490 qua:
1534 3419 1889 3475 suavissimus
1920 3418 2062 3473 inter

470 3518 660 3564 omnes
682 3509 836 3564 cilius
857 3519 958 3575 est,
989 3511 1041 3565 in
1073 3520 1334 3567 aeternum
1364 3510 1714 3567 dimitterem.

541 3596 697 3656 CAP.
725 3599 944 3657 IX.—i.
972 3598 1173 3659 Lassa.
1208 3600 1332 3659 Non
1356 3604 1656 3658 sumliber?
1680 3602 1747 3657 Et
1770 3604 1837 3663 si.
1865 3602 2057 3673 inquit,

470 3682 629 3743 liceat
674 3691 830 3746 vobis
866 3691 1166 3765 idolotbyta
1220 3695 1401 3759 cdere,
1463 3710 1567 3748 non
1619 3704 1795 3748 tamen
1829 3693 2057 3759 debetis,

472 3778 615 3833 sicut
657 3794 780 3850 ego,
837 3781 939 3836 etsi
991 3781 1208 3848 liceret;
1238 3798 1341 3836 non
1394 3792 1575 3838 tamen
1637 3798 1667 3836 a
1717 3783 1891 3848 vobis,
1934 3798 2057 3838 cum

472 3869 847 3938 praedicarem,
883 3873 1150 3942 stipendia
1180 3872 1385 3943 accepi.
1432 3873 1549 3929 Hoc
1574 3874 1889 3943 Apostoltnn
1922 3874 2058 3931 velle

470 3960 755 4029 sequentia
785 3961 1086 4019 declarant.

539 4073 595 4127 2.
636 4073 763 4131 Non
790 4093 907 4132 sum
942 4060 1265 4150 Apostolus?
1294 4079 1649 4136 Commendat
1679 4080 2055 4138 auctoritatem

469 4178 647 4235 suam,
680 4169 805 4241 quia
834 4185 863 4225 a
893 4186 953 4228 se
980 4172 1229 4245 superius
1258 4184 1636 4245 argumentum
1662 4174 1910 4245 sumpsit.

539 4286 597 4343 ὃ.
639 4286 783 4359 Opus
826 4304 1018 4347 meum.
1056 4288 1162 4349 Per
1187 4292 1318 4360 hoc,
1359 4269 1568 4365 inquit,
1610 4293 1873 4364 probatur
1925 4293 2052 4363 quia

468 4371 759 4447 Apostolus
797 4391 851 4437 et
890 4385 1150 4455 magister
1179 4394 1360 4443 vester
1397 4402 1516 4443 sum
1537 4428 1551 4451 ,
1595 4387 1722 4457 quia
1752 4401 1851 4443 vos
1885 4386 2051 4444 disci-

466 4468 577 4538 puli
610 4472 714 4525 mei
744 4472 876 4527 estis
901 4474 955 4528 in
987 4474 1093 4531 fide
1122 4475 1347 4531 Christi.

538 4586 590 4639 4.
635 4578 755 4639 Mea
783 4585 1040 4655 defensio.
1068 4588 1301 4657 Quidam
1334 4589 1589 4645 dicebant
1619 4605 1743 4646 eum
1775 4605 1882 4647 non
1937 4602 2059 4646 esse

464 4675 804 4747 Apostolum,
833 4694 899 4735 eo
919 4682 1064 4751 quod
1096 4679 1382 4737 Dominum
1411 4698 1517 4739 non
1544 4684 1789 4753 vidisset,
1833 4693 1889 4740 et
1938 4684 2061 4739 nul-

465 4766 574 4824 lam
629 4780 846 4841 gentem
908 4774 974 4829 ad
1025 4772 1314 4831 Dominum
1356 4777 1737 4833 convertisset.
1782 4777 2057 4833 Adversus

464 4861 796 4918 calumniam
819 4879 1007 4921 eorum
1038 4866 1179 4923 hanc
1208 4867 1577 4925 defensionem
1615 4869 1942 4941 opponebat,
1971 4869 2058 4925 dia

461 4965 593 5012 cens
616 4970 675 5011 se
698 4965 753 5011 et
794 4957 1080 5015 Dominum
1118 4960 1320 5018 vidisse
1364 4968 1422 5019 et
1467 4962 1782 5020 Corinthios
1825 4976 2052 5020 conver-

461 5047 613 5105 tisse.

534 5165 591 5221 5.
632 5167 873 5225 Auensr.
914 5162 1027 5240 (lib.
1073 5160 1155 5225 De
1191 5185 1343 5241 opere
1377 5186 1515 5226 mon.
1544 5212 1559 5237 ,
1592 5187 1641 5228 c.
1682 5172 1738 5236 ὁ,
1775 5179 1908 5227 tom.
1941 5169 2051 5243 lli).

396 5302 405 5325 ,
468 5246 727 5329 Nunquid
774 5274 879 5315 non
929 5261 1201 5317 habemus.
1244 5260 1499 5319 Ostendit
1541 5263 1643 5319 sibi
1696 5263 1859 5320 licere
1909 5264 2055 5334 quod

460 5348 672 5403 caeteris
701 5351 993 5422 apostolis,
1034 5353 1086 5408 id
1123 5358 1237 5417 est,
1276 5361 1335 5408 ut
1373 5368 1479 5409 non
1511 5363 1767 5425 operetur
1802 5354 2053 5410 manibus

459 5439 609 5506 auis;
660 5444 753 5500 sed
790 5457 857 5500 et
911 5445 1206 5519 Evangelia
1251 5447 1434 5512 vivat,
1485 5446 1626 5502 sicut
1672 5445 1933 5502 Dominus
1973 5445 2053 5501 eis

461 5533 762 5592 constituit.
799 5537 952 5606 Quod
996 5540 1050 5595 in
1083 5538 1539 5610 consequentibus
1577 5538 1920 5610 apertissime
1959 5538 2053 5593 dc-

461 5626 812 5684 monstravit.
839 5629 920 5685 Ad
950 5630 1052 5686 hoc
1076 5633 1222 5687 enim
1261 5629 1448 5687 ﬁdeles
1475 5629 1751 5693 mulieres,
1788 5629 2052 5685 habentes

460 5721 737 5778 terrenam
782 5723 1168 5790 substantiam,
1212 5724 1364 5781 ibant
1401 5738 1524 5780 cum
1571 5722 1652 5779 eis
1680 5729 1735 5778 et
1774 5721 2049 5778 ministra-

2165 3152 2355 3211 gcrcnt
2388 3144 2579 3197 horum
2624 3158 2744 3213 quae
2771 3145 2837 3199 ad
2876 3146 3246 3201 necessarium
3286 3147 3461 3221 hujus
3495 3146 3613 3204 vita:
3640 3153 3737 3213 pet-

2167 3234 2360 3290 tinem.

2235 3350 2289 3407 6.
2332 3351 2509 3423 (ibid.,
2534 3366 2583 3407 c.
2611 3348 2687 3422 5).
2722 3350 2845 3407 Non
2868 3353 3119 3408 habemus
3140 3361 3477 3424 potestatem.
3504 3349 3560 3407 In
3584 3348 3733 3405 Evan-

2164 3443 2302 3515 gelio
2333 3443 2478 3498 enim
2515 3445 2776 3515 scriptum
2812 3453 2899 3500 est
2928 3460 2944 3499 :
2977 3444 3040 3499 Et
3072 3446 3272 3516 factum
3302 3457 3388 3502 est
3423 3447 3669 3511 deinceps.
3696 3442 3734 3488 et

2164 3536 2273 3603 ipse
2297 3535 2397 3588 iter
2417 3533 2643 3602 faciebat
2664 3551 2756 3604 per
2775 3535 3033 3590 civitatem
3055 3545 3104 3590 et
3126 3536 3373 3601 castella,
3399 3534 3677 3602 praedicans
3692 3531 3732 3577 et

2161 3623 2525 3693 euangelizans
2556 3640 2770 3695 regnum
2808 3623 2936 3691 Dei,
2979 3634 3027 3679 et
3055 3625 3335 3680 duodecim
3381 3642 3500 3680 cum
3536 3620 3651 3682 ille,
3690 3622 3730 3667 ei

2163 3711 2405 3766 mulieres
2428 3728 2546 3782 qua:
2568 3723 2714 3766 erant
2739 3724 2938 3768 curata:
2968 3731 3000 3768 a
3028 3714 3300 3783 spiritibus
3324 3713 3570 3784 malignis
3595 3717 3637 3762 et
3658 3704 3725 3757 in-

2161 3801 2524 3870 ﬁrmitatibus,
2552 3802 2750 3868 Maria,
2788 3820 2906 3874 qute
2932 3814 3151 3859 vocatur
3175 3802 3529 3875 Magdalene,
3556 3800 3616 3853 de
3642 3806 3725 3865 (1⁸η

2162 3896 2426 3951 dmmonia
2464 3906 2657 3967 septem
2696 3897 2917 3967 ejecerat
2969 3896 3226 3952 Dominus
3274 3896 3438 3951 Iesus
3484 3892 3721 3949 Christus.

2159 3985 2371 4043 Joanna
2396 4005 2532 4043 uxor
2552 3988 2741 4045 Cliusa:
2761 3990 3122 4060 procuratoris
3137 3988 3390 4057 Herodis,
3414 4000 3460 4044 et
3486 3987 3721 4043 Susanna,

2158 4093 2207 4137 et
2245 4082 2367 4138 alia:
2411 4082 2593 4139 multa:
2628 4100 2747 4155 quae
2790 4083 3159 4137 ministrabant
3211 4083 3259 4138 ei
3304 4084 3370 4138 de
3414 4072 3721 4153 facultatibus

2155 4192 2216 4231 ιιι
2223 4192 2289 4231 l8.

2228 4288 2284 4342 7.
2329 4287 2564 4343 AMBROS.
2612 4285 2728 4340 Hoc
2768 4285 3039 4355 operandi.
3087 4284 3202 4367 Pro,
3240 4280 3564 4357 accipiendi,
3608 4285 3717 4344 οΡθ·

2108 4396 2113 4399 ·
2159 4380 2339 4442 randi,
2363 4380 2461 4443 ait,
2488 4388 2548 4434 ut
2570 4379 2850 4434 honestius
2873 4378 3211 4446 loqueretur.

2089 4463 2135 4523 Β
2232 4494 2286 4551 8.
2316 4491 2520 4550 Lassa.
2545 4494 2626 4547 An
2654 4501 2865 4564 propter
2904 4508 3020 4558 nos,
3062 4500 3173 4547 etc.
3225 4489 3471 4548 Ostendit
3513 4487 3608 4541 hoc
3646 4474 3713 4532 di‘

2162 4595 2309 4642 ctum
2340 4598 2463 4641 esse
2488 4585 2555 4641 de
2576 4582 3046 4655 praedicatoribus,
3086 4592 3181 4638 aut
3215 4583 3360 4638 enim
3391 4581 3460 4637 de
3506 4576 3606 4632 illis
3639 4571 3714 4621 an!

2160 4660 2442 4741 de'bobus,
2473 4678 2567 4730 sed
2593 4674 2659 4729 de
2686 4672 2856 4729 bobus
2881 4690 3020 4739 non;
3046 4689 3152 4728 non
3186 4674 3330 4733 enim
3358 4679 3442 4730 est
3469 4681 3590 4726 cura
3621 4659 3711 4714 Deo

2160 4765 2227 4822 de
2245 4765 2333 4821 his
2357 4782 2372 4832 ;
2403 4779 2533 4835 ergo
2560 4764 2762 4820 dictum
2792 4772 2878 4819 est
2905 4765 2971 4818 dc
3000 4764 3471 4833 praedicatoribus.

2230 4858 2282 4914 9.
2310 4858 2549 4913 Accusa.
2576 4856 2682 4912 Sed
2705 4872 2807 4911 non
2834 4856 2915 4910 usi
2941 4870 3142 4910 sumus.
3193 4855 3309 4923 Qua
3364 4855 3618 4926 potestate
3642 4836 3707 4893 dir

2158 4950 2233 5006 cit
2253 4964 2312 5005 se
2334 4966 2439 5005 non
2469 4964 2651 5013 usum,
2679 4946 2782 5002 nisi
2814 4963 2979 5018 quam
3000 4947 3236 5003 habebat
3269 4949 3319 5002 in
3348 4959 3487 5003 eosa
3512 4931 3705 5005 Domino

2159 5050 2459 5112 acceptam,
2491 5049 2547 5095 ut
2590 5054 2776 5095 eorum
2829 5037 3066 5093 carnalia
3116 5047 3367 5105 meteret,
3420 5034 3485 5090 ad
3532 5027 3703 5082 rictum

2158 5130 2317 5200 hujus
2346 5132 2489 5185 vitae.
2523 5146 2642 5200 quae
2672 5130 2724 5184 in
2752 5145 2917 5184 carne
2946 5130 3143 5199 agitur.

2231 5244 2316 5299 10.
2344 5242 2547 5299 Lassa.
2576 5239 2659 5296 Ne
2686 5241 2827 5313 quod
2868 5241 3270 5311 oﬂ'endiculum,
3318 5240 3369 5297 id
3406 5243 3507 5299 est,
3553 5228 3697 5320 imper

2157 5335 2475 5392 dimentum.
2514 5334 2769 5388 Fortasse
2806 5332 2950 5388 enim
2985 5332 3334 5404 Evangelium
3380 5321 3568 5386 Christi
3617 5323 3698 5367 ml‘

2154 5440 2259 5483 nus
2295 5426 2527 5481 libenter
2545 5426 2815 5489 audirent,
2847 5424 2892 5479 si
2923 5425 2991 5479 ab
3011 5424 3092 5479 eis
3118 5423 3321 5494 aliquid
3346 5416 3617 5487 acciperet.

2229 5537 2316 5593 11.
2360 5535 2494 5592 Cum
2546 5534 2706 5591 altari
2748 5535 3158 5606 participantur.
3201 5535 3337 5592 Pars
3379 5530 3515 5589 enim
3560 5518 3694 5611 ευρίξτ

2153 5628 2327 5684 altare
2351 5627 2789 5693 comburebatur,
2817 5634 2873 5682 ct
2902 5640 3030 5697 pars
3071 5624 3338 5683 ministris
3360 5616 3534 5681 altaris
3556 5610 3603 5667 iu
3624 5610 3691 5658 ω·

2152 5724 2252 5781 bos
2274 5721 2605 5779 servabatur.
