3880 6306
113 309 200 367 185
825 311 889 367 ΙΝ
931 313 990 368 1).
1032 313 1236 370 PAULI
1278 315 1495 371 EPIST.
1527 314 1665 373 (ἶοΜ

1784 318 1880 373 ετ.
1910 351 1979 360 -——
2009 319 2224 375 EPIST.
2262 320 2281 374 1
2310 321 2403 375 AD
2439 320 2595 379 (ΞΟΠ.
3236 318 3336 371 181)

107 443 210 491 me;
238 425 440 499 6312,
474 427 562 493 15,
589 426 788 483 bonum
819 438 904 484 est
936 430 1083 485 enim
1111 430 1243 485 mihi
1269 432 1442 500 magis
1467 433 1604 487 mori
1642 432 1724 486 14.
1759 449 1919 502 quam
1943 436 2241 505 utgloriam
2281 451 2453 491 meam
2474 435 2595 507 quis
2622 443 2863 491 evacuet.
2892 434 3025 489 Nam
3046 433 3090 487 si
3109 444 3339 502 evangce

108 525 338 587 ’ἔλπει-ο,
362 532 572 592 propter
601 534 888 595 sumptum,
922 525 1010 580 l5.
1037 541 1142 581 non
1166 536 1251 582 est
1279 527 1409 583 mihi
1439 529 1638 598 gloria;
1669 531 1968 584 necessitas
1993 531 2137 585 enim
2162 531 2319 600 [anus
2348 533 2479 586 mihi
2510 530 2771 585 incumbit
2804 547 2816 582 :
2858 530 2945 592 16,
2973 528 3055 581 17.
3085 543 3163 581 va:
3186 527 3332 581 enitr.

106 618 221 671 mihi
258 629 339 673 est
367 618 411 672 si
453 635 555 673 non
594 622 1069 692 evangelizavero!
1103 623 1163 679 Si
1198 626 1343 680 enim
1374 625 1561 680 volens
1605 626 1717 680 sine
1742 636 1985 696 sumptu,
2018 628 2073 681 id
2107 638 2206 691 est,
2253 631 2416 698 gratis
2460 628 2561 683 hoc
2597 642 2728 696 ago,
2780 625 3082 679 mercedem
3118 622 3333 693 habeo:

102 712 256 783 gloria
278 723 351 767 est
374 714 521 768 milii.
552 714 607 770 Si
633 724 812 772 autem
846 719 1062 782 invitus,
1092 721 1145 774 id
1177 732 1276 785 est,
1306 737 1399 791 pro
1424 722 1725 791 stipiendio,
1750 722 2082 791 dispensatio
2104 723 2235 777 mihi
2259 724 2466 778 credita
2499 732 2599 776 est.
2631 721 2803 787 Quam
2834 719 2878 774 si
2920 717 3109 771 invitus
3137 716 3337 784 facero,

104 807 269 860 viderit
294 808 400 877 ipse
424 809 551 878 quid
579 810 642 865 de
672 829 752 867 me
782 823 924 884 agat.
956 814 1089 882 Qttre
1117 824 1204 871 est
1232 831 1365 887 ergo
1401 831 1613 873 merces
1641 817 1800 872 mea?
1834 816 1902 870 In
1929 835 2031 887 qua
2066 834 2185 888 ergo
2224 835 2417 873 merces
2448 820 2727 872 constituta
2753 827 2850 872 est.
2888 816 2955 871 In
2990 818 3085 870 hoc
3116 815 3333 877 scilicet,

101 912 152 954 ιιι
196 903 535 969 Evangelium
592 906 926 974 praedicans,
974 910 1093 964 sine
1140 919 1395 979 sumptu,
1436 912 1500 965 ab
1547 912 1877 966 auditoribus
1924 924 2166 982 accepto,
2210 929 2403 982 ponam
2460 913 2827 984 Evangelium,
2881 922 2938 966 ut
2988 926 3093 965 non
3142 909 3337 963 abutar

97 1008 351 1068 potestate
382 1017 500 1056 mea
540 1003 592 1056 in
627 1004 936 1075 Evangelia.
978 1006 1112 1063 Nam
1159 1009 1241 1063 18.
1273 1025 1396 1064 cum
1432 1010 1571 1065 liber
1611 1025 1787 1065 essem
1833 1027 1900 1066 ex
1939 1010 2190 1065 omnibus
2214 1053 2228 1073 ,
2272 1012 2510 1065 omnium
2547 1028 2632 1065 me
2662 1026 2880 1065 servum
2920 1007 3053 1072 feci,
3107 1005 3337 1058 moribus

99 1098 317 1150 omnium
344 1100 698 1166 cancardans,
740 1110 800 1156 ut
839 1103 1021 1172 plures
1058 1104 1457 1161 lucrifacerem.
1493 1108 1577 1161 l9.
1611 1107 1701 1162 20.
1741 1108 1805 1161 Et
1833 1107 2010 1163 factus
2048 1124 2165 1162 smn
2208 1106 2407 1163 ludatis
2447 1118 2720 1178 tamquam
2758 1106 3003 1169 Jndaaus,
3041 1112 3099 1156 ut
3127 1100 3339 1156 Judmos

96 1188 337 1256 l‘tcrarer,
376 1194 468 1258 21,
494 1194 585 1249 22.
608 1196 676 1251 iis
696 1198 787 1266 qui
819 1199 917 1253 sub
943 1198 1057 1269 lege
1084 1208 1231 1265 sunt,
1260 1200 1625 1255 Samaritanas
1652 1203 1801 1267 dicit,
1825 1205 1915 1273 qui
1938 1204 2038 1274 legi
2061 1203 2266 1275 Moysi,
2292 1220 2395 1258 non
2430 1204 2691 1274 prophetis
2723 1202 3032 1266 obaudiunt,
3058 1197 3208 1268 quasi
3236 1197 3338 1248 sub

96 1285 205 1357 lnge
226 1303 401 1343 essem
428 1290 571 1361 (cum
607 1292 719 1362 ipse
749 1309 857 1349 non
902 1310 1075 1350 essem
1119 1296 1218 1351 sub
1263 1296 1379 1367 lege
1421 1295 1695 1368 Iudaica),
1735 1307 1794 1352 ut
1822 1312 1915 1353 eos
1949 1298 2039 1368 qui
2065 1299 2165 1353 sub
2207 1314 2323 1369 .ege
2360 1308 2515 1352 erant
2538 1297 2909 1353 lucrifacerem
2940 1315 2951 1348 :
2981 1294 3047 1349 iis
3078 1293 3167 1362 qui
3219 1292 3336 1346 sine

97 1380 201 1452 lege
220 1384 521 1457 “erant,
550 1388 688 1456 genti
711 1388 847 1453 ibus,
875 1396 1130 1459 tanquam
1152 1390 1270 1446 sine
1291 1390 1406 1462 lege
1443 1406 1617 1446 essem
1646 1392 1788 1464 (cum
1816 1393 1932 1448 sine
1957 1394 2071 1463 lege
2098 1393 2192 1448 Dei
2229 1410 2332 1447 non
2374 1409 2572 1459 essem,
2600 1394 2693 1448 scd
2742 1394 2791 1446 in
2824 1392 2938 1461 lege
2966 1404 3141 1444 essem
3182 1387 3339 1441 Chri-

95 1477 176 1564 sti)
201 1486 258 1532 ut
282 1479 659 1538 lucrifacerem
684 1497 778 1539 eos
808 1484 898 1554 qui
929 1485 1045 1539 sine
1070 1485 1185 1556 lege
1209 1495 1384 1540 erant.
1412 1486 1503 1551 25,
1534 1486 1625 1542 24.
1657 1487 1855 1542 Factus
1901 1505 2021 1544 sum
2053 1489 2287 1544 inﬁrmis
2324 1490 2595 1553 inﬁrmus,
2636 1486 3089 1542 condcscendenda
3122 1483 3335 1545 illis,ut

96 1567 325 1627 lnlirmos
347 1572 1223 1635 lucrifaceretn.Omnibusomnia
1252 1576 1652 1645 factussum,ut
1672 1596 1859 1637 omnes
1882 1581 2115 1636 facerem
2148 1582 2345 1638 salvos.
2363 1580 2551 1637 Omnia
2577 1590 2929 1651 autem,ergo,
2951 1578 3089 1633 facio
3112 1584 3331 1647 propter
3368 1616 3371 1617 ν

1419 1823 1991 1883 COMMENTARIUS.

158 2006 238 2064 12.
280 2007 524 2061 Aucusr.
563 2003 675 2075 (lib.
715 2018 753 2058 ιι
790 2001 865 2058 De
911 2019 1066 2058 serm.
1098 2003 1335 2068 Domini,
1375 2005 1427 2058 in
1458 2016 1663 2063 monte.
1695 2017 1741 2071 Α
1771 2004 1824 2061 id
1862 2015 1975 2072 εει,
2009 2004 2167 2062 famis
2204 2006 2501 2076 periculum
2540 2006 2839 2061 vitandum.
2882 2005 3083 2061 Probat
3121 2021 3247 2061 vero
3286 2006 3341 2060 in

93 2113 204 2171 cap.
235 2097 349 2169 16).
381 2096 586 2151 Bonum
619 2106 693 2150 est
728 2096 866 2150 enim
898 2096 1046 2150 mihi.
1079 2095 1192 2153 Hoc
1214 2096 1369 2161 dixit,
1401 2100 1525 2169 quia
1549 2097 1662 2167 jam

88 2195 613 2258 statuerat,propter
650 2185 911 2255 quosdam
950 2187 1289 2245 occasionem
1339 2196 1661 2256 quaerentes,

88 2281 334 2336 manibus
361 2279 474 2333 suis
512 2278 711 2330 victum
755 2276 1075 2345 transigere.
1099 2276 1157 2331 Si
1175 2278 1313 2331 enim
1342 2278 1666 2347 euangeliza-

85 2390 219 2437 aero,
251 2371 453 2439 inquit,
483 2387 585 2423 non
617 2379 690 2423 est
721 2369 850 2421 mihi
885 2368 1075 2439 gloria,
1104 2368 1156 2422 id
1195 2380 1300 2433 est,
1343 2370 1387 2424 si
1430 2384 1664 2440 evange-

86 2462 321 2517 lizavero
370 2461 442 2515 ita
479 2458 689 2531 nt'[al.,
717 2468 777 2513 ut
811 2456 936 2529 ista]
978 2458 1109 2512 ﬁant
1152 2458 1205 2513 in
1248 2474 1351 2522 me,
1390 2459 1441 2514 id
1486 2470 1588 2523 est,
1620 2460 1666 2515 si

88 2561 374 2623 propterea
404 2550 868 2621 evangelizavero,
900 2557 959 2603 ut
988 2549 1055 2603 ad
1084 2549 1227 2604 illam
1261 2547 1380 2621 [ειη
1409 2548 1519 2623 illa]
1546 2567 1668 2621 per-

88 2644 332 2707 veniam,
380 2650 434 2695 et
492 2640 651 2694 ﬁnem
699 2639 977 2710 Evangelii
1029 2639 1081 2694 in
1129 2638 1284 2705 cibo,
1337 2650 1391 2695 et
1434 2652 1562 2711 potu
1612 2650 1668 2697 et

95 2734 286 2789 vestitu
329 2731 689 2805 collocavero.
723 2729 829 2784 Sed
876 2745 1046 2800 quare
1091 2745 1196 2785 non
1246 2740 1328 2786 cst
1371 2731 1419 2786 ei
1452 2731 1666 2803 gloria?

91 2824 392 2881 Necessitas
426 2823 570 2877 enim
608 2822 904 2887 incumbit,
943 2822 996 2877 id
1036 2831 1146 2889 est,
1175 2832 1237 2877 ut
1272 2823 1393 2879 ideo
1429 2838 1663 2894 evangee

96 2915 264 2982 litem,
294 2915 427 2986 quia
453 2913 594 2969 unde
615 2913 791 2968 vivam
818 2929 921 2967 non
952 2912 1157 2979 habeo;
1181 2924 1274 2969 aut
1304 2924 1362 2969 ut
1384 2917 1663 2984 acquiram

99 3010 438 3080 temporalem
484 3008 753 3073 fructum,
793 3008 860 3063 de
900 3008 1284 3077 przedicatione
1311 3020 1661 3065 aeternorum.

98 3098 148 3153 Si
171 3101 306 3155 enim
342 3100 459 3171 jam
496 3098 795 3156 necessitas
832 3100 939 3153 erit
983 3099 1037 3153 in
1075 3100 1385 3172 Evangelia,
1428 3118 1534 3157 non
1573 3118 1667 3158 voc

97 3186 278 3246 luntas.
318 3189 408 3245 Va:
424 3190 590 3255 enim,
612 3189 815 3260 inquit,
842 3190 1053 3257 mihi,si
1079 3208 1182 3246 non
1202 3192 1623 3262 eaangelisavero
1650 3193 1664 3222 '

97 3280 190 3337 Sed
237 3281 517 3352 quomtndo
563 3282 938 3354 evangelizare
985 3283 1190 3338 debet?
1238 3283 1457 3339 Scilicet
1505 3294 1564 3338 ut
1610 3284 1663 3339 in

1765 2095 1904 2151 libro
1951 2097 2113 2166 quia,
2154 2098 2200 2153 si
2236 2098 2531 2168 praedicet,
2578 2097 2734 2158 famis
2780 2097 3074 2167 periculum
3118 2098 3338 2161 vitabit;

1763 2202 1843 2241 vze
1869 2188 2049 2253 enim,
2078 2188 2131 2243 id
2161 2199 2273 2253 est,
2311 2189 2473 2243 famis
2517 2188 2812 2259 periculum
2858 2188 3114 2252 incurret,
3150 2187 3195 2241 si
3238 2203 3342 2240 non

1764 2280 2232 2347 evangelizaverit.

1840 2372 1923 2426 18.
1966 2371 2097 2426 Cum
2137 2377 2266 2425 liber
2297 2388 2482 2427 essem.
2526 2371 2688 2438 Quasi
2738 2372 2941 2426 diceret
2980 2389 2993 2426 :
3034 2369 3135 2437 Qui
3167 2369 3343 2436 majus
3394 2378 3397 2381 '

1768 2462 1894 2530 fcci,
1948 2464 1999 2517 id
2026 2464 2172 2531 quod
2205 2464 2383 2517 minus
2409 2473 2511 2526 est,
2538 2462 2803 2533 negligere
2832 2476 2934 2531 non
2960 2462 3148 2516 debeo.
3175 2460 3347 2531 Majus

1765 2553 1910 2605 enim
1942 2568 2159 2605 servum
2194 2567 2253 2606 se
2283 2552 2533 2606 omnibus
2568 2551 2748 2607 facere
2779 2566 2939 2621 quam
2972 2559 3242 2620 sumptum
3278 2550 3349 2603 ab

1766 2644 2107 2700 auditoribus
2137 2660 2242 2698 non
2288 2644 2553 2712 accipere.
2586 2643 2840 2698 Liberum
2872 2651 3052 2697 autem
3085 2656 3143 2696 se
3180 2641 3348 2695 fuisse

1765 2736 1895 2791 dicit
1915 2750 1980 2791 ex
2010 2736 2281 2801 omnibus,
2318 2736 2463 2807 quia,
2492 2738 2590 2792 sub
2612 2735 2809 2791 nullius
2833 2734 2987 2805 jngo,
3027 2733 3155 2789 nulli
3178 2733 3337 2803 quid-

1764 2842 1928 2897 quam
1952 2828 2202 2883 debebat.

1836 2920 1920 2976 19.
1952 2921 2193 2977 Aucusr.
2219 2921 2333 2991 (lib.
2364 2920 2438 2975 De
2466 2937 2615 2991 opere
2635 2935 2799 2985 mon.,
2819 2934 2941 2991 cap.
2971 2916 3154 2979 ll).Et
3177 2917 3350 2986 factus

1767 3028 1883 3067 sum
1910 3011 2159 3077 Juda'us,
2190 3014 2241 3067 id
2271 3021 2376 3077 est,
2407 3020 2466 3066 ut
2490 3026 2555 3067 co
2589 3010 2748 3066 modo
2774 3009 3105 3071 subveniret,
3136 3016 3191 3062 et
3228 3020 3350 3061 car-

1768 3102 1876 3157 nali
1908 3101 2124 3169 .ludaio,
2152 3104 2236 3158 vel
2276 3118 2519 3173 pagano,
2551 3102 2821 3172 quomodo
2857 3100 2959 3155 sibi
3003 3098 3124 3169 ipsi,
3159 3098 3203 3153 si
3246 3097 3347 3151 hoc
3416 3158 3419 3161 _

1765 3194 1944 3257 esset,
1995 3192 2270 3248 subveniri
2317 3192 2595 3247 voluisset.
2650 3191 2880 3246 Portans
2924 3191 3111 3259 utique
3160 3202 3345 3243 eorum

1776 3283 2148 3340 inﬁrmitatem
2177 3285 2229 3339 in
2267 3284 2659 3353 compassionis
2696 3282 3078 3348 similitudine,
3108 3296 3213 3335 non
3254 3278 3349 3332 fal-

92 3370 556 3448 ipsoEvangelio,
604 3372 654 3428 in
697 3388 863 3443 regno
903 3372 997 3428 Dei
1028 3382 1192 3442 ponat
1222 3372 1547 3430 mercedem.
1583 3373 1661 3427 Ita
1696 3367 1738 3426 Β
1769 3374 1885 3430 lens
1915 3377 1967 3431 in
1996 3376 2256 3431 mendacii
2290 3375 2526 3430 fictione.

91 3465 222 3519 enim
262 3476 474 3538 potest,
512 3481 617 3521 non
656 3476 878 3522 coactus
899 3465 1308 3536 evangelizarc,
1338 3466 1431 3520 sed
1457 3465 1663 3521 volens.

91 3552 146 3609 Si
183 3557 308 3610 enim
340 3556 559 3624 valens,
598 3555 790 3625 inquit,
828 3555 926 3617 hac
956 3554 1124 3624 facio,
1154 3556 1440 3610 mercedem
1480 3555 1664 3609 habeo.

92 3643 143 3699 Si
169 3659 333 3727 autem
368 3647 601 3711 invitus,
642 3647 960 3717 dispensatio
990 3646 1117 3698 mihi
1144 3648 1342 3700 credita
1365 3656 1457 3718 est,
1489 3646 1538 3701 id
1562 3656 1666 3712 est,

90 3737 129 3789 si
164 3748 377 3794 coactus
411 3737 604 3807 inopia
632 3752 820 3792 earum
853 3752 1032 3791 rerum
1071 3752 1191 3806 quas
1226 3737 1504 3807 temporali
1547 3738 1669 3792 vita:

93 3840 205 3884 sunt
245 3831 583 3888 necessariae
623 3831 856 3903 praedico
904 3829 1249 3899 Evangelium
1274 3870 1289 3894 ,
1320 3831 1408 3886 alii
1451 3847 1547 3900 per
1583 3845 1669 3886 me
1702 3842 1709 3848 ‘

100 3920 353 3980 habebunt
380 3926 700 3980 mercedem
732 3922 1031 3994 Evangelii,
1062 3923 1154 3993 qui
1179 3922 1548 3993 Evangelium,
1580 3940 1667 3980 me

95 4016 422 4084 praedicante,
474 4016 717 4087 diligent.

158 4104 236 4159 15.
277 4108 491 4163 Lsxrn.
516 4107 722 4161 Bonum
752 4116 827 4161 est
864 4109 1001 4162 enim
1039 4108 1187 4162 mihi.
1216 4107 1374 4163 Ratio
1407 4124 1506 4163 cur
1535 4108 1667 4163 nolit

97 4194 339 4264 stipendia
368 4199 500 4255 dari
541 4198 663 4253 sibi.
696 4198 903 4255 Perirct
937 4200 1079 4255 enim
1110 4200 1281 4270 gratia
1307 4215 1424 4265 sua,
1452 4216 1571 4271 quae
1599 4216 1662 4254 ex

98 4290 308 4353 gratuita
334 4289 728 4361 praedicatione
748 4289 1014 4359 procedit;
1043 4306 1163 4362 qua:
1184 4306 1303 4347 cum
1326 4301 1666 4346 remunerata

99 4383 369 4437 convenire
399 4399 518 4439 non
549 4391 752 4451 posset.

160 4470 242 4525 14.
284 4473 456 4540 Quam
490 4484 543 4527 ut
563 4472 785 4544 gloriam
812 4490 998 4539 meam,
1022 4481 1125 4528 etc.
1152 4471 1267 4528 Non
1299 4473 1441 4537 ideo,
1469 4472 1662 4541 inquit,

100 4565 449 4634 evangelizavi
504 4573 563 4621 ut
602 4564 730 4635 quid
769 4581 798 4619 a
839 4564 990 4620 vobis
1022 4564 1267 4633 accipere
1314 4564 1494 4619 velim.
1534 4563 1665 4618 Nam

103 4654 141 4705 si
176 4668 387 4727 propter
425 4659 537 4714 hoc
571 4657 1034 4728 evangelizavcro,
1074 4672 1179 4711 non
1212 4656 1342 4711 mihi
1381 4654 1578 4726 gloria,
1614 4653 1667 4709 id

102 4752 201 4811 est,
226 4748 426 4803 moriar
453 4747 807 4802 teternaliter.
845 4746 977 4801 Nam
1018 4746 1216 4801 malum
1252 4755 1334 4801 est
1363 4745 1497 4801 mori
1531 4754 1668 4800 tcm-
1694 4742 1738 4803 C

105 4838 361 4906 neraliter,
384 4842 481 4898 sed
517 4840 696 4895 minus
730 4840 929 4894 malum
960 4855 1121 4910 quam
1151 4840 1478 4895 :etcrnaliter
1500 4838 1668 4905 mori;

106 4936 151 4978 et
178 4930 272 4986 hoc
293 4944 373 4987 est
397 4932 546 5002 quod
569 4932 698 4985 dicit
723 4929 1132 5013 aequipollenter
1157 4947 1170 4983 :
1194 4929 1401 4985 Bonum
1423 4939 1507 4985 est
1526 4930 1670 4985 enim

106 5018 224 5074 mihi
253 5023 424 5095 magis
456 5022 616 5077 mori.

167 5110 248 5166 15.
289 5113 413 5170 Non
449 5123 525 5169 est
558 5114 684 5168 mihi
715 5112 905 5184 gloria.
945 5111 1130 5169 Gloria
1171 5111 1286 5170 haec
1333 5128 1362 5167 a
1397 5113 1673 5168 voluntate

108 5204 346 5271 procedit,
372 5204 533 5275 longe
559 5205 719 5273 igitur
740 5221 769 5259 a
792 5205 1135 5260 necessitate.

169 5293 248 5349 16.
289 5294 379 5351 Vae
401 5300 541 5352 enim
562 5296 691 5350 mihi
711 5297 829 5351 est!
859 5296 1095 5368 Exponit
1122 5298 1186 5352 de
1214 5311 1319 5366 qua
1336 5284 1663 5352 necessitate

110 5380 256 5438 dicat.
283 5386 377 5443 Est
402 5389 548 5443 enim
573 5388 675 5443 alia
699 5388 1018 5455 necessitas,
1039 5403 1159 5458 quae
1188 5388 1241 5443 in
1266 5403 1444 5443 rerum
1473 5389 1664 5444 imum-

113 5474 354 5533 tabilitate
387 5481 654 5537 consistit.
1478 5494 1481 5495 ⁷

175 5564 256 5621 17.
288 5567 377 5623 Va:
409 5572 549 5625 enim
576 5570 703 5624 mihi
723 5580 822 5639 est,
844 5570 923 5624 si!
955 5578 1062 5625 etc.
1090 5568 1204 5625 Non
1228 5577 1313 5626 est
1337 5570 1512 5640 inquit
1533 5570 1664 5626 mihi

115 5652 288 5722 Bloria,
319 5659 364 5715 si
401 5668 621 5730 propter
650 5668 923 5731 sumptum
950 5660 1256 5730 praadiccm,
1285 5659 1411 5730 quia
1449 5670 1667 5730 propter

118 5747 473 5805 necessitatem
510 5750 780 5807 vitandam
818 5751 923 5809 hoc
955 5750 1117 5818 facio,
1150 5766 1271 5807 nam
1311 5757 1529 5821 propter
1564 5765 1664 5817 vae,

1840 3466 1930 3522 21).
1968 3467 2206 3522 Annos.
2234 3466 2299 3521 Et
2324 3467 2494 3537 factus
2524 3483 2636 3520 sum
2677 3464 2920 3519 Judwus.
2952 3463 3088 3530 Quia
3128 3469 3351 3532 propter

1768 3560 2081 3616 scandalum
2113 3560 2325 3614 illorum
2352 3559 2694 3614 circumcidit
2722 3555 3085 3621 Timotheum,
3116 3564 3172 3609 et
3195 3570 3347 3624 puri-

1770 3651 1962 3706 ﬁcatus
1986 3650 2230 3705 ascendit
2256 3648 2531 3720 templum,
2562 3659 2616 3703 et
2642 3650 2911 3703 consentit
2935 3646 3104 3717 legem
3135 3654 3188 3700 ct
3215 3660 3340 3715 pro-

1769 3744 1960 3815 phetas
1985 3757 2105 3798 esse
2130 3759 2159 3796 a
2186 3743 2314 3806 Deo,
2339 3750 2481 3796 etde
2509 3741 2614 3797 illis
2639 3741 2873 3796 ostendit
2900 3739 3171 3794 Christum
3202 3738 3346 3792 hunc

1767 3851 1886 3891 esse
1920 3836 2012 3906 qui
2054 3835 2352 3905 promissus
2397 3843 2509 3900 est,
2560 3844 2618 3911 ut
2663 3848 2917 3889 assensus
2963 3829 3079 3900 ejus
3127 3830 3350 3885 haberet

1768 3928 2040 3984 effectum.
2220 3940 2221 3943 ‘
2940 3946 2947 3949 -

1837 4021 1927 4075 2|.
1969 4019 2046 4075 Iis
2086 4020 2177 4090 qui
2222 4019 2316 4073 sub
2361 4018 2489 4089 lege.
2541 4016 2603 4071 lli
2656 4015 2981 4071 Samaritani
3031 4000 3345 4068 noSruulur.

1767 4112 1965 4182 Legem
1999 4113 2142 4166 enim
2181 4111 2349 4165 solam
2382 4110 2684 4179 accipiunt,
2722 4110 2771 4162 id
2814 4116 2926 4173 est,
2958 4106 3124 4159 libros
3159 4104 3345 4173 Moy~i,

1766 4212 1968 4258 etsunt
2006 4218 2072 4256 ex
2111 4202 2373 4272 sanguine
2421 4201 2739 4260 Persarum,
2789 4212 2929 4265 quos
2964 4211 3058 4249 rex
3102 4193 3350 4263 Assyrio-

1768 4312 1919 4361 rum,
1964 4295 2194 4350 sublatis
2241 4294 2363 4348 ﬁliis
2404 4293 2600 4355 lsrael,
2634 4292 2688 4345 in
2736 4290 3098 4359 captivitatem
3139 4287 3348 4356 posuit,

1770 4388 1837 4443 ad
1880 4387 2157 4441 incolenda
2186 4386 2301 4439 loca
2330 4383 2611 4438 Samoriae.

1839 4478 1929 4531 2'2.
1971 4475 2049 4530 Iis
2093 4476 2182 4546 qui
2219 4476 2329 4529 sine
2363 4474 2495 4542 lege.
2536 4474 2745 4529 Asserit
2789 4472 2931 4527 enim
2975 4467 3106 4534 illis,
3147 4469 3197 4523 id
3237 4485 3348 4534 est,

1771 4569 2046 4639 gentibus,
2071 4568 2218 4636 juSta
2243 4567 2521 4638 physicam
2547 4566 2837 4628 rationem,
2866 4563 3122 4617 mundum
3148 4562 3350 4616 factum

1772 4678 1801 4716 a
1824 4662 1965 4726 Deo;
2004 4667 2058 4715 et
2086 4660 2153 4713 ab
2182 4660 2297 4729 ipso
2327 4672 2425 4713 nos
2452 4657 2712 4727 originem
2744 4653 2964 4710 habere.
2999 4653 3074 4708 lta
3106 4654 3249 4708 enim
3276 4654 3352 4706 ait

1771 4755 1824 4810 in
1860 4751 2088 4809 Actibus
2116 4751 2482 4823 apostolorum
2524 4768 2537 4804 :
2570 4748 2657 4805 Sic
2693 4750 2906 4820 quidam
2936 4763 3000 4802 ex
3025 4747 3166 4801 vobis
3201 4746 3351 4798 αἱπε-

1770 4855 1891 4899 runt
1925 4860 1939 4898 :
1974 4843 2149 4913 Ipsius
2179 4854 2227 4897 et
2255 4858 2415 4911 genus
2439 4858 2638 4896 sumus.

1837 4933 1931 4988 23.
1970 4931 2172 4995 Factus
2209 4949 2324 4987 sum
2355 4932 2629 5001 inﬁrmus,
2662 4931 2712 4984 id
2749 4938 2867 4996 est,
2906 4928 3080 4984 factus
3116 4944 3233 4983 sum
3270 4927 3351 4980 in-

1772 5024 1967 5081 ﬁrmus
1989 5033 2211 5097 propter
2238 5022 2500 5087 inﬁrmos,
2525 5023 2651 5077 dum
2676 5030 2894 5093 propter
2918 5022 3112 5076 fratres
3137 5035 3166 5073 a
3189 5018 3351 5073 licitis

1773 5118 2034 5181 abstinet,
2073 5132 2140 5171 ne
2173 5116 2279 5171 illis
2310 5115 2622 5171 scandalum
2653 5123 2895 5184 generet.

1838 5209 1931 5263 24.
1969 5211 2207 5264 Αιιειιετ.
2241 5205 2437 5261 Factus
2466 5223 2580 5262 sum
2617 5207 2877 5276 inﬁrmus.
2917 5205 2994 5260 Eo
3026 5205 3142 5275 ipso
3178 5201 3351 5257 factus

1774 5300 2023 5354 inﬁrmus
2057 5314 2165 5369 quo
2201 5306 2468 5369 potestate
2501 5313 2596 5352 sua
2640 5299 2715 5353 uti
2752 5298 2937 5359 voluit,
2986 5305 3093 5349 tam
3139 5293 3353 5349 miscri-

1771 5389 1921 5445 cordi
1951 5389 2161 5445 scilicet
2195 5387 2390 5443 al'lectu
2426 5388 2676 5444 inductus
2711 5397 2773 5443 ut“
2793 5388 3055 5457 cogitaret
3088 5387 3348 5457 quemad-

1777 5480 1992 5535 modum
2028 5493 2210 5534 secum
2242 5478 2327 5548 agi
2354 5477 2550 5542 vellet,
2580 5476 2624 5531 si
2656 5486 2711 5532 et
2737 5477 2848 5545 ipse
2878 5476 2949 5529 ita
2982 5475 3345 5530 inﬁrmarctur

1775 5581 1831 5626 ut
1856 5578 2037 5640 posset
2066 5571 2131 5624 de
2166 5568 2273 5623 illis
2303 5582 2399 5638 per
2425 5583 2558 5637 quos
2581 5567 2680 5620 sibi
2714 5566 3063 5636 Evangelium
3089 5567 3348 5637 praedica-

1772 5674 1941 5727 retur,
1968 5664 2013 5718 si
2043 5678 2137 5718 eos
2158 5662 2388 5725 videret,
2417 5669 2661 5728 sumptus
2686 5658 2951 5730 accipere,
2984 5658 3137 5735 qnasi
3157 5659 3352 5722 merci-

1779 5754 2081 5810 monicrum
2114 5751 2383 5807 nundinas
2409 5748 2689 5820 suspicari.
3058 5740 3067 5745 ’
