3964 6290
530 370 646 470 εει-ι’
1552 409 1613 468 B.
1654 411 2047 468 LANFBANCI
2072 412 2128 467 α.

2237 412 2423 469 l‘UAR.
2463 414 2782 471 ARCHIEP.
2858 466 2861 469 ,
3400 394 3405 400 ’
3723 422 3812 479 tas

526 526 896 599 Evangelium,
923 526 1263 596 utparticcps
1290 526 1423 595 ejus,
1454 526 1508 581 id
1530 536 1624 592 est,
1644 527 2483 597 evangelicterecompensationis,
2514 527 2741 583 elﬁciar.
2765 528 2855 582 25.
2884 526 3270 597 Nescitisquod
3300 526 3335 582 ii
3360 527 3454 583 26.
3472 529 3564 600 qui
3584 530 3635 585 in
3651 534 3811 591 stadio

525 634 968 689 currunt,omnes
995 624 1211 695 quidem
1239 633 1489 688 currunt,
1517 626 1611 680 sed
1642 642 1779 680 unus
1806 626 2002 695 accipit
2027 626 2301 679 bravium!
2327 625 2417 680 Sic
2430 628 2631 682 currite
2657 636 2714 681 ut
2739 627 3209 696 comprehendatis
3246 627 3520 698 (bravium
3566 628 3810 695 pradica-

524 722 728 788 tionis).
753 719 944 777 Omnis
968 730 1145 775 autem
1173 720 1226 792 (a
1266 721 1447 791 simili)
1470 722 1561 791 qui
1591 722 1643 776 in
1674 739 1849 794 agone
1878 724 2153 778 contendit
2181 726 2321 793 quod
2370 735 2423 777 ut
2455 726 2926 795 eamme/tendatis,
2953 726 3147 779 debetis
3174 726 3447 779 abstinere
3476 724 3545 778 ab
3576 728 3811 783 omnibus

522 836 552 869 a
574 818 770 881 noeiris
801 833 859 873 se
882 818 1118 874 abstinet
1141 819 1193 889 (a
1224 819 1436 890 minori)
1462 831 1516 873 et
1548 819 1621 873 illi
1652 821 2214 888 quidemabstinentut
2237 822 2643 890 corruptibilem
2666 838 2925 878 coronam
2960 823 3225 893 accipiant
3246 834 3275 888 ;'
3296 837 3403 876 nos
3432 829 3615 875 autem
3644 823 3809 878 incor.
3884 842 3887 845 λ

527 922 763 989 ignotam.
807 912 919 981 Ego
952 914 1117 984 igitur
1144 915 1222 968 sic
1252 929 1435 979 curro,
1484 925 1540 969 ut
1587 917 1944 984 incorruptam
1977 931 2225 968 coronam
2257 917 2534 984 accipiant,
2570 933 2676 971 non
2708 918 2862 987 quasi
2895 919 2946 972 in
2990 918 3301 981 incertum;
3355 915 3439 970 sic
3486 931 3686 985 pugno,
3714 933 3808 973 non

524 1024 679 1073 ιμιείει
712 1022 893 1062 aerem
925 1011 1240 1073 verberans,
1289 1011 1344 1063 id
1368 1021 1442 1064 est
1483 1012 1535 1063 in
1567 1027 1805 1073 vacuum,
1834 1010 1924 1063 ‘27.
1956 1012 2049 1065 sed
2080 1012 2287 1081 castigo
2316 1027 2512 1081 corpus
2539 1029 2716 1068 meum
2760 1023 2814 1068 ct
2847 1014 2901 1068 in
2947 1015 3266 1069 servitutem
3307 1012 3523 1082 redigo,
3561 1026 3627 1066 ne
3657 1010 3805 1080 forte,

525 1117 647 1158 cum
681 1103 801 1160 aliis
825 1105 1256 1175 prtedicaverim,
1282 1106 1394 1176 ipse
1422 1106 1683 1176 reprobus
1712 1106 1944 1161 efﬁciar.

1998 1176 2226 1233 CAPUT
2266 1177 2334 1232 Χ.

605 1258 657 1316 Ι.
702 1259 838 1316 Nolo
886 1262 1029 1316 enim
1073 1277 1170 1317 vos
1224 1261 1473 1331 ignorare
1522 1260 1737 1329 fratres,
1790 1264 1845 1317 2.
1873 1266 2130 1333 quoniam
2185 1275 2365 1336 patres
2401 1265 2574 1320 nostri
2616 1264 2669 1318 5.
2700 1279 2888 1318 omnes
2928 1262 3029 1318 sub
3066 1264 3209 1318 nube
3258 1263 3511 1327 fuerunt,
3545 1268 3602 1318 et
3629 1277 3807 1318 omnes

530 1366 680 1406 mare
717 1353 1070 1413 transierunt,
1103 1360 1158 1406 et
1184 1366 1374 1406 omnes
1408 1352 1460 1406 in
1489 1351 1693 1423 Moyse,
1723 1352 1830 1424 65
1861 1355 1912 1407 in
1945 1356 2141 1409 ducatu
2171 1356 2342 1427 Moysi
2375 1356 2630 1427 baptisati
2669 1363 2795 1409 sunt
2835 1357 2886 1410 in
2919 1355 3060 1411 nube
3084 1363 3139 1410 et
3171 1355 3222 1411 in
3264 1354 3433 1417 mari,
3468 1355 3524 1410 4.
3548 1366 3610 1412 et
3633 1370 3809 1411 omnes

528 1446 793 1498 eamdem.
826 1444 881 1498 5.
914 1459 1118 1507 escam,
1150 1445 1284 1498 idem
1317 1444 1525 1498 illorum
1555 1446 1721 1510 cibus,
1757 1449 1844 1516 qui
1880 1458 2073 1513 noster,
2110 1465 2210 1503 non
2245 1450 2426 1519 specie.
2472 1448 2561 1502 sed
2586 1448 2969 1517 signiﬁcatione
3001 1464 3217 1513 manna,
3257 1446 3591 1516 Spiritalem,
3620 1448 3805 1518 aliquid

529 1536 936 1605 signiﬁcantem,
965 1538 1450 1601 tnamlucaverunt,
1483 1547 1538 1592 ct
1562 1555 1752 1592 onmes
1784 1541 2031 1593 outndcm
2062 1550 2245 1609 potum
2287 1541 2584 1610 spiritalem
2635 1540 2913 1604 biberunt;
2945 1538 2997 1591 6.
3021 1536 3308 1609 (bibebant
3342 1547 3552 1601 autem,
3584 1540 3649 1592 de
3680 1555 3808 1610 aqua

528 1647 646 1699 aute
680 1633 946 1701 proﬂuens
976 1633 1039 1685 tle
1068 1640 1215 1699 petra
1252 1632 1659 1700 consequebatur
1685 1649 1792 1701 eos,
1826 1634 1892 1687 de
1923 1634 2178 1703 spiritali.
2208 1634 2259 1687 7.
2291 1642 2681 1703 consequente,
2729 1634 3031 1695 comitante,
3071 1647 3164 1686 eos
3207 1641 3402 1699 petra;
3454 1637 3609 1699 petra
3640 1638 3805 1684 autem

530 1733 650 1776 erat
681 1722 950 1784 Christus,
989 1722 1293 1793 signiﬁcans
1331 1722 1620 1791 Christum)
1659 1723 1711 1778 8.
1748 1723 1853 1778 Sed
1895 1739 1998 1779 non
2041 1725 2092 1779 in
2132 1724 2380 1795 pluribus
2417 1740 2604 1779 eorum
2649 1722 3049 1791 bencplacitum
3092 1731 3176 1774 est
3206 1721 3356 1785 Deo;
3403 1736 3530 1773 nam
3565 1719 3804 1788 prostrati

531 1826 661 1871 sunt
709 1817 763 1870 in
807 1817 1042 1871 deserto.
1083 1816 1207 1871 lla‘e
1244 1825 1422 1868 autem
1470 1815 1520 1869 in
1563 1814 1731 1885 ﬁgura
1778 1816 1917 1870 facta
1964 1827 2087 1873 sunt
2127 1818 2319 1881 nostri,
2362 1827 2420 1871 ut
2463 1832 2565 1871 non
2605 1816 2774 1869 simus
2821 1813 3271 1883 concupiscentes
3324 1811 3635 1875 malorum,
3678 1810 3807 1867 sicut

531 1918 586 1963 et
636 1908 707 1962 illi
757 1909 1172 1979 concupierunt.
1231 1909 1381 1963 Sicut
1434 1910 1569 1962 enim
1618 1909 1695 1962 illi
1740 1911 2049 1979 periremus.
2111 1909 2296 1979 Neque
2345 1907 2642 1963 itiOiOlttll'iB
2679 1906 2986 1962 elﬁciamini
3017 1948 3033 1973 ,
3084 1906 3225 1961 sicut
3272 1905 3503 1975 quidam
3551 1920 3619 1958 ex
3667 1905 3805 1975 ipsis,

531 2001 986 2071 qm'tnadmudum
1019 2002 1277 2070 scrip'um
1310 2009 1394 2055 est
1435 2002 1485 2054 in
1514 1999 1720 2065 Exodo,
1756 2017 1906 2055 mm
1937 2021 1948 2055 :
1979 2002 2132 2057 Sedit
2163 2002 2392 2072 populus
2433 2001 2763 2056 manducare
2800 2009 2855 2053 et
2884 2000 3094 2064 bibere,
3126 2008 3180 2053 et
3207 2005 3580 2053 surrexerunt
3616 1995 3803 2059 ludere,

531 2110 708 2146 coram
752 2093 891 2145 idolo
937 2093 1169 2147 scilicet.
1197 2092 1379 2161 Neque
1423 2082 1777 2155 fornicamur,
1827 2093 2138 2150 discedendo
2177 2113 2209 2148 a
2242 2094 2386 2148 cultu
2421 2094 2621 2155 divino,
2664 2093 2804 2147 sicut
2835 2090 3058 2160 quidam
3099 2105 3164 2144 ex
3208 2090 3347 2160 ipsis
3378 2088 3630 2145 fornicati
3665 2097 3800 2152 sunt,

532 2204 651 2240 cum
695 2186 904 2253 ﬁliabus
954 2184 1337 2247 Moabilarttm,
1386 2195 1441 2241 et
1490 2186 1801 2240 ceciderunt
1842 2204 1945 2243 una
1990 2191 2076 2244 die
2123 2190 2312 2260 viginti
2359 2190 2460 2243 tria
2506 2188 2710 2249 millia,
2757 2196 2805 2241 et
2848 2203 2939 2240 nos
2979 2185 3244 2240 similiter.
3310 2183 3503 2254 Neque
3532 2191 3807 2241 ‘tentemus

533 2275 840 2344 Christum;
898 2278 1113 2349 (etenim
1167 2278 1452 2347 perimnns
1502 2287 1555 2331 ut
1612 2278 1723 2346 illi)
1770 2279 1908 2333 sicut
1954 2279 2171 2349 quidam
2222 2296 2409 2335 eorum
2464 2288 2839 2343 tentaverunt,
2888 2279 3152 2331 dicentes:
3206 2276 3472 2343 Nunquid
3527 2286 3577 2331 et
3633 2293 3829 2347 panem.

532 2373 718 2439 poterit
754 2372 880 2424 dare
922 2382 1007 2424 aut
1047 2387 1236 2441 parare
1278 2387 1507 2423 mensam
1550 2370 1741 2439 populo
1784 2371 1927 2424 suo?
1968 2382 2023 2426 et
2066 2388 2093 2425 a
2138 2374 2480 2441 serpentibus
2533 2374 2828 2442 perierunt.
2891 2369 3075 2440 Neque
3121 2369 3632 2434 murmuraveritis,
3680 2369 3807 2427 sicut
3842 2390 3847 2391 ν

532 2465 749 2533 quidam
787 2478 993 2526 eorum,
1030 2472 1238 2533 prop'er
1272 2479 1486 2533 aquam,
1528 2474 2020 2524 murtnuraverant,
2054 2472 2109 2517 ct
2142 2466 2419 2534 perierunt
2458 2465 2527 2519 ab
2554 2464 2738 2535 angelo
2768 2464 3213 2519 cxterminatoru.
3258 2460 3386 2516 [hcc
3420 2470 3601 2516 autem
3635 2459 3803 2517 omnia

531 2557 648 2608 idco
679 2556 789 2609 dixi
823 2556 945 2625 quia
981 2556 1032 2610 in
1065 2554 1229 2625 ﬁgura
1274 2554 1659 2623 contingebant
1705 2552 1836 2619 illis;
1888 2557 2087 2626 scripta
2116 2566 2241 2610 sunt
2271 2566 2480 2620 autem,
2525 2574 2677 2625 ergo,
2716 2556 2782 2611 ad
2815 2555 3212 2625 correptionem
3269 2563 3546 2616 nostram,
3594 2552 3645 2607 in
3680 2566 3803 2622 quos

534 2646 668 2701 lines
696 2648 1014 2702 seculorum
1045 2646 1251 2718 (ulzinta
1280 2658 1441 2709 tetas,
1483 2646 1556 2700 rel
1582 2646 1840 2715 Ciuitas)
1883 2648 2237 2704 devenerunt.
2280 2649 2460 2717 Itaque
2495 2649 2585 2719 qui
2632 2663 2690 2703 se
2726 2648 3001 2702 existimat
3041 2656 3207 2709 stare.
3250 2646 3402 2717 (quia
3441 2645 3520 2698 illi
3550 2654 3802 2714 peccantes

534 2738 848 2801 cec’deruut,
877 2748 924 2793 et
961 2754 1053 2793 nos
1085 2738 1202 2792 licet
1230 2737 1500 2806 baptizari)
1533 2737 1707 2791 videat
1743 2755 1809 2792 ne.
1843 2742 2017 2793 cadat.
2046 2740 2097 2801 9,
2130 2740 2216 2794 lO.
2269 2740 2518 2795 Tcntatio
2547 2756 2642 2811 vos
2672 2756 2775 2794 non
2812 2738 3205 2809 apprehendat,
3234 2754 3324 2804 ne,
3358 2749 3412 2791 ut
3440 2737 3541 2800 illi,
3569 2736 3803 2807 parcatis,

535 2830 640 2885 nisi
684 2832 951 2895 humana,
982 2833 1047 2884 de
1082 2831 1226 2895 cibo,
1256 2839 1409 2899 potu,
1454 2816 1755 2902 ueterisque
1798 2831 2012 2884 talibus.
2044 2834 2127 2886 ll.
2178 2833 2375 2889 Fidelis
2424 2843 2605 2887 autem
2638 2833 2776 2887 Deus
2812 2840 2925 2895 est,
2968 2831 3057 2900 qui
3099 2845 3201 2885 non
3230 2831 3473 2901 patietur
3503 2845 3596 2885 vos
3627 2830 3803 2884 tentari

1886 2922 2455 2983 COMMENTARIUS.
3426 2924 3429 2925 ί

606 3013 699 3069 25.
739 3013 940 3070 [ΑΜ-ιι.
987 3006 1212 3068 Nescitis
1255 3015 1393 3087 quod
1438 3014 1511 3068 lii.
1554 3013 1731 3069 Monet
1767 3031 1862 3071 eos
1899 3033 2003 3070 non
2052 3018 2121 3071 ita
2154 3025 2200 3080 Α
2297 3020 2349 3074 4.
2388 3018 2586 3073 Lsxrn.
2619 3018 2811 3074 Omnes
2851 3019 3085 3074 eamdem
3122 3033 3319 3083 escam,
3369 3016 3421 3071 id
3462 3024 3569 3081 est,
3599 3015 3799 3087 qualem

546 3122 768 3161 currere
790 3106 1010 3170 debere,
1053 3105 1194 3160 sicut
1226 3105 1396 3176 quiin
1434 3106 1610 3160 stadio
1649 3117 1891 3161 currunt.
1930 3108 2128 3163 Omnes

539 3213 683 3252 enim
728 3205 987 3259 currunt,
1030 3197 1126 3250 sed
1182 3211 1323 3250 unus
1367 3197 1562 3266 accipit
1606 3196 1871 3251 bravium.
1920 3197 2129 3253 Fideles

541 3297 742 3347 autem.
776 3288 819 3341 si
852 3286 988 3340 bene
1025 3285 1387 3349 cucurrerint,
1411 3302 1600 3339 omnes
1629 3289 2051 3342 coronalumtur.

612 3374 701 3433 26.
744 3380 851 3444 Qui
909 3380 965 3433 in
1018 3379 1188 3431 stadio
1244 3391 1483 3433 currunt.
1529 3378 1660 3449 Ego,
1703 3380 1911 3448 inquit,
1958 3380 2131 3437 lactus

546 3472 726 3527 omnia
748 3471 1021 3534 omnibus,
1039 3471 1117 3526 sic
1144 3487 1304 3526 curro
1322 3472 1681 3541 przcdicando,
1708 3482 1765 3526 ut
1784 3476 2133 3541 emnprchcn-

544 3564 666 3616 dam
696 3561 941 3616 bravium
976 3561 1277 3632 Evangelii,
1311 3570 1366 3616 et
1407 3577 1502 3617 vos
1537 3562 1616 3616 sic
1654 3563 1856 3617 currite
1886 3573 1945 3617 ut
1984 3581 2130 3618 com—

542 3653 910 3722 prehendatis,
946 3652 1101 3707 scitis
1136 3652 1280 3706 enim
1307 3651 1432 3721 quia
1464 3665 1651 3706 omnes
1680 3652 1769 3721 qui
1810 3652 1879 3705 ita
1907 3664 2133 3707 currunt

545 3761 593 3795 at
614 3744 839 3812 cipiunt.

621 3840 712 3892 Q7.
755 3837 856 3893 Sed
892 3838 1089 3907 castiga
1132 3854 1319 3907 corpus
1367 3856 1557 3892 meum.
1594 3839 1911 3910 Exemplum
1956 3847 2129 3908 ponit,

546 3946 613 3984 ne
649 3930 985 3995 Christiani,
1013 3938 1236 3999 propter
1270 3930 1437 3983 solam
1471 3930 1659 3997 ﬁdem,
1693 3931 1793 3983 nisi
1838 3930 1973 3984 bene
2007 3945 2134 3998 ope-

546 4030 737 4074 rentur
761 4029 815 4075 et
842 4038 870 4073 a
904 4021 1143 4089 peccatis
1171 4019 1511 4084 abstineant,
1544 4019 1723 4075 salvos
1760 4036 1818 4075 se
1852 4018 1966 4073 fore
2000 4034 2129 4073 con-

547 4114 734 4166 lidant.

616 4204 766 4258 CAP.
792 4203 858 4259 Χ.
882 4204 1005 4259 --l.
1030 4205 1230 4261 Lsxrn.
1259 4205 1397 4262 Nolo
1421 4206 1555 4261 enim
1577 4223 1684 4270 eos,
1712 4214 1819 4260 etc.
1846 4202 2127 4273 Objectio:

546 4295 733 4351 Nullus
790 4296 1095 4366 baptizatus
1143 4292 1556 4368 reprohabitur;
1608 4299 1749 4367 quod
1795 4298 1990 4367 probat
2039 4312 2133 4367 per

547 4400 731 4459 patres
757 4389 808 4441 in
843 4391 980 4443 tnari
1008 4389 1194 4443 Rubro
1225 4390 1522 4458 baptizatos
1543 4388 1989 4451 conformatione,
2017 4385 2132 4455 qui,
2166 4386 2207 4445 Β

548 4481 674 4547 qu'a
704 4480 838 4534 bene
870 4496 975 4535 non
1005 4481 1212 4548 Operati
1248 4491 1391 4544 sunt,
1426 4482 1477 4534 in
1517 4483 1731 4534 deserto
1760 4480 2055 4550 perierunt.

617 4570 670 4623 9..
716 4570 978 4637 Quoniam
1010 4584 1207 4641 patres,
1240 4582 1345 4626 etc.
1372 4572 1688 4641 Exemplum
1720 4572 1821 4626 hoc
1847 4573 2031 4642 ponit,
2067 4585 2133 4624 ne

549 4662 838 4718 Christiani
865 4674 1082 4734 promer
1098 4664 1267 4719 solam
1292 4665 1475 4727 ﬁdem,
1492 4664 1843 4734 baptismum,
1860 4671 1913 4716 et
1938 4671 2131 4716 cetera

548 4766 926 4822 sacramenta,
978 4755 1084 4811 nisi
1131 4757 1267 4811 bene
1318 4766 1630 4824 operentur,
1678 4756 1778 4810 etsi
1827 4771 1856 4808 a
1901 4754 2134 4824 peccatis

549 4847 880 4916 abstineant,
909 4849 1087 4903 salvos
1114 4863 1171 4903 se
1197 4864 1316 4903 esse
1348 4848 1641 4902 conﬁdant.

618 4942 672 4997 5.
714 4943 955 4998 Aucusr.
996 4940 1106 5010 (lib.
1176 4956 1250 4995 xu
1298 4950 1479 4994 contra
1519 4938 1815 5002 Faustum,
1864 4954 1982 5009 cap.
2023 4938 2136 5009 29).

553 5033 747 5087 Omnes
771 5035 864 5088 sub
893 5034 1043 5087 nube.
1077 5033 1360 5098 Columna,
1399 5033 1521 5100 quia
1557 5044 1736 5087 rectus
1764 5041 1817 5085 et
1848 5031 2055 5096 firmus,
2086 5041 2142 5085 et

551 5126 777 5181 iniciens
806 5126 1172 5179 inﬁrmitatem
1213 5135 1451 5179 nostram
1480 5164 1494 5187 ,
1530 5141 1625 5195 per
1662 5135 1871 5179 noctem
1910 5124 2131 5187 lucens;

553 5236 647 5286 [wt‘
674 5220 817 5271 dicm
853 5234 957 5269 non
985 5216 1196 5282 lucens,
1225 5226 1283 5271 ut
1308 5218 1399 5287 qui
1432 5233 1539 5271 non
1568 5217 1782 5281 vident,
1814 5217 2049 5282 videant,
2087 5226 2143 5270 et

549 5312 640 5381 qui
685 5310 730 5362 vi
756 5313 882 5371 ient,
916 5310 1042 5361 cwci
1085 5309 1233 5364 ﬁant.
1270 5309 1447 5364 Rubet
1472 5319 1527 5364 et
1555 5326 1703 5364 mare
1735 5308 2013 5374 Rubrum;
2047 5310 2140 5363 ba-

549 5405 782 5473 ptismus
824 5401 1006 5468 utique
1038 5408 1299 5473 sanguine
1328 5404 1528 5459 Christi
1563 5410 1935 5467 consecratus,
1960 5401 2145 5456 hostes

552 5507 585 5546 a
638 5503 786 5559 tergo
844 5503 1168 5559 sequentes,
1212 5495 1515 5549 moriuntur
1560 5504 1780 5564 peccata
1831 5493 2140 5563 prmterila;

554 5584 772 5635 ducitur
820 5580 1046 5650 populus
1096 5600 1191 5653 per
1233 5589 1529 5639 desertum.
1582 5584 1842 5655 Baptizati
1904 5583 2139 5636 nondum

553 5687 746 5726 Omnes
795 5676 1132 5741 perf’rncntcs
1171 5678 1342 5745 patria
1390 5677 1675 5745 promissa,
1713 5674 1807 5730 sed
1852 5664 1992 5743 quod
2035 5688 2139 5727 non

556 5763 742 5814 vident
779 5763 1065 5831 sperando,
1092 5776 1147 5821 et
1167 5783 1262 5835 per
1294 5769 1609 5839 patientiam
1639 5770 1997 5837 exspectando
2024 5775 2137 5821 tan-

556 5868 717 5921 quam
751 5855 802 5909 in
837 5854 1050 5908 dcsrrto
1079 5858 1206 5915 sint.

2233 3118 2489 3172 rectores,
2526 3108 2685 3164 talem
2716 3118 2769 3163 et
2804 3110 2894 3179 qui
2934 3110 3287 3177 regebantur,
3316 3107 3572 3163 videlicet
3600 3120 3801 3161 manna.

2301 3200 2354 3254 5.
2401 3200 2589 3254 Escam
2634 3184 2948 3270 spiritalem,
2997 3201 3047 3254 id
3086 3208 3189 3263 est,
3239 3197 3581 3269 spiritualem
3624 3195 3806 3252 intelli-

2232 3293 2467 3363 gentiam
2503 3292 2811 3356 habentem,
2845 3292 3053 3346 scilicet
3076 3292 3324 3358 corporis
3347 3289 3569 3345 Christi.

2303 3383 2355 3435 6.
2386 3382 2625 3436 Auousr.
2657 3381 2857 3448 Qua'st.
2891 3398 3046 3450 super
3083 3379 3236 3434 Vetus
3255 3379 3421 3445 Test.,
3452 3394 3606 3448 super
3629 3376 3802 3440 Num,

2232 3476 2325 3529 lib.
2358 3491 2430 3541 tv,
2459 3484 2650 3544 quzest.
2688 3473 2779 3535 5'3,
2813 3484 2943 3527 tom.
2976 3473 3063 3528 IV.
3093 3471 3349 3527 Bibebant
3376 3482 3575 3525 autem.
3603 3467 3803 3539 Signiﬁ-

2233 3577 2351 3621 cata
2380 3576 2464 3621 est
2488 3581 2617 3634 ergo
2646 3566 2712 3619 de
2737 3564 2955 3620 Christo
2983 3565 3257 3634 proﬂuens
3290 3563 3466 3633 gratia
3497 3558 3798 3631 spiritualis,

2233 3660 2357 3728 quia
2385 3658 2613 3712 interior
2641 3657 2759 3710 sitis
2791 3655 3128 3721 irrigaretur.
3160 3653 3266 3707 Sed
3290 3652 3436 3723 quod
3467 3654 3613 3721 virga
3638 3648 3800 3722 [adde

2233 3748 2409 3820 petra]
2435 3748 2761 3817 percutitur,
2786 3761 2917 3800 crux
2942 3744 3143 3801 Christi
3170 3745 3457 3815 ﬁguratur.
3487 3743 3649 3813 Ligno
3671 3740 3801 3796 enim

2234 3841 2527 3896 accedente
2570 3839 2637 3893 ad
2666 3847 2893 3907 petram,
2938 3836 3108 3905 gratia
3146 3837 3245 3890 ista
3275 3835 3536 3891 manavit.
3586 3833 3648 3887 Et
3675 3830 3801 3902 quod

2234 3934 2319 3988 his
2365 3933 2689 4003 percutitur,
2748 3931 3052 3985 evidentius
3099 3929 3371 4000 signiﬁcat
3415 3943 3649 3984 crucem.
3705 3925 3804 3979 Duo

2235 4028 2437 4097 quippe
2474 4024 2618 4093 ligna
2649 4033 2777 4078 sunt
2805 4038 2957 4077 crux.

2306 4135 2360 4191 7.
2410 4134 2611 4191 Lsxrn.
2652 4133 3007 4204 Consequente
3050 4150 3156 4189 eos.
3197 4133 3314 4188 Non
3345 4132 3531 4187 revera
3561 4138 3701 4200 petra
3729 4139 3804 4181 se—

2235 4232 2503 4302 quebatur
2535 4229 2864 4293 exercitum;
2914 4228 3005 4283 sed
3034 4244 3171 4297 aqua
3203 4227 3375 4282 ﬂuens
3406 4227 3471 4281 de
3495 4234 3664 4295 petra.
3692 4220 3803 4290 Spi-

2237 4322 2485 4378 ritualcm
2529 4330 2707 4375 autem
2740 4336 2859 4375 eam
2889 4328 3073 4381 vocat,
3109 4320 3231 4385 quia
3266 4318 3600 4391 spiritualem
3628 4310 3793 4369 intelli-

2236 4416 2469 4486 gentiam
2496 4415 2548 4467 in
2577 4429 2633 4468 se
2662 4414 2973 4467 continebat
2997 4412 3294 4467 Christum.

2306 4507 2358 4563 8.
2392 4506 2497 4562 Sed
2527 4522 2629 4558 non
2651 4506 2703 4558 in
2734 4503 2989 4575 pluribus.
3019 4504 3181 4571 Quasi
3210 4506 3446 4557 diceret:
3484 4504 3800 4556 sacramenta

2237 4605 2393 4652 erant
2426 4597 2643 4657 eadem,
2678 4595 2773 4648 sed
2804 4593 2915 4648 vita
2944 4594 3187 4659 diversa;
3223 4602 3385 4663 atque
3418 4593 3537 4647 idco
3578 4587 3663 4641 alii
3704 4584 3802 4655 pla-

2237 4704 2418 4748 cuere.
2450 4696 2503 4742 ct
2529 4687 2618 4741 alii
2655 4703 2782 4741 non.

2309 4808 2361 4860 9.
2396 4806 2632 4861 Arcus'r.
2688 4803 2801 4871 (lib.
2852 4819 2914 4857 ιι.
2954 4802 3031 4857 De
3084 4802 3337 4870 baptismo
3392 4794 3593 4868 parrul.
3638 4799 3802 4847 contra

2241 4897 2461 4958 Donat.,
2513 4911 2632 4963 cap.
2663 4893 2716 4956 5,
2766 4903 2895 4946 tom.
2930 4891 3065 4961 VII).
3113 4891 3355 4944 Tentatio
3410 4905 3515 4942 vos.
3568 4880 3801 4937 Homines

2239 4992 2381 5047 cnim
2412 5004 2617 5041 smnus.
2670 4986 2817 5041 Unde
2846 4985 2988 5038 aliud
3027 4999 3216 5052 sapere
3246 4997 3406 5051 quam
3441 4996 3497 5034 se
3527 4991 3608 5031 res
3638 4974 3799 5027 habet.

2242 5083 2474 5137 humana
2514 5078 2739 5132 tentatio
2777 5085 2879 5131 est.
2927 5074 3100 5129 Nimis
3133 5084 3313 5126 autem
3345 5067 3573 5124 amando
3602 5071 3801 5118 sentem

2244 5176 2375 5228 tiam
2425 5188 2616 5235 suam,
2666 5170 2752 5223 vel
2804 5168 3091 5221 invidendo
3153 5164 3496 5227 melioribus,
3540 5168 3700 5225 usque
3741 5148 3797 5203 ad

2243 5261 2620 5332 pnucipieudze
2680 5257 2800 5331 [al.,
2840 5252 3219 5327 praecidenda]
3268 5246 3684 5308 conununionis,
3726 5236 3799 5291 vel

2243 5352 2506 5409 condendi
2536 5351 2845 5405 schistuatis
2878 5349 2959 5402 vel
2999 5348 3221 5402 hatresis
3255 5343 3593 5413 sacrilegium
3624 5346 3798 5407 pervc-

2245 5451 2383 5507 nire,
2411 5444 2672 5498 diabolica
2703 5441 3055 5512 praesumptio
3082 5449 3184 5494 est.

2316 5558 2401 5613 10.
2446 5557 2646 5610 LANFR.
2682 5553 2923 5607 Tentalio
2966 5569 3073 5606 ros.
3109 5550 3353 5606 Humana
3390 5544 3605 5602 tentatio
3640 5545 3719 5595 est
3742 5531 3798 5586 dc

2247 5652 2400 5713 cibo,
2431 5650 2496 5702 de
2526 5655 2674 5718 potu,
2702 5645 2769 5701 dc
2804 5660 2994 5699 somno
3032 5652 3085 5699 et
3115 5644 3324 5707 caneris
3359 5639 3552 5710 quibus
3588 5635 3800 5689 humana

2168 5756 2212 5817 ρ
2248 5741 2539 5798 inﬁrmitas
2573 5754 2759 5811 carere
2790 5752 2895 5793 non
2925 5744 3123 5807 potest.

2326 5853 2405 5906 ll.
2454 5850 2650 5904 Fidelis
2690 5859 2882 5916 autem,
2933 5846 2984 5902 id
3023 5855 3127 5912 est,
3176 5846 3336 5902 l'aciet
3379 5840 3516 5914 quod
3554 5826 3794 5909 promisit.
