3880 6306
66 348 113 403 ι
141 350 213 407 ~39
857 344 923 403 tn
965 347 1025 403 Ι).
1070 332 1276 405 PAULI
1315 348 1531 405 EPIST.
1575 349 1689 406 con

1821 352 1929 408 nr.
1956 385 2026 395 --
2042 354 2263 411 EPIST.
2300 357 2320 412 t
2356 356 2449 412 AD
2480 356 2638 414 con.
3281 364 3384 435 tso

48 476 262 531 supra
302 461 355 517 id
391 460 533 532 quod
566 462 792 531 potestis
829 463 1124 528 sustinere;
1160 464 1252 520 sed
1299 464 1462 519 facict
1498 466 1662 519 etiam
1703 483 1825 523 cum
1870 473 2168 527 tentatione
2205 473 2287 527 12.
2320 484 2680 543 proventum,
2714 477 3037 544 subsidium,
3077 489 3137 535 ut
3164 479 3383 552 possitis

48 555 384 610 sustinere.
440 557 522 610 l5.
577 556 803 625 Propter
845 557 1020 626 quod.
1068 559 1193 628 quia
1242 561 1536 614 ceciderunt
1566 578 1629 615 ex
1651 564 1777 632 ipsis
1822 566 1912 619 23.
1961 567 2161 632 millia,
2211 570 2516 624 charissimi
2572 569 2730 635 tnihi,
2782 568 2946 641 fugite
2998 573 3065 626 al)
3118 574 3380 629 idolorum

47 646 326 712 cultura,
368 658 427 702 ut
471 649 825 718 prudentibus
868 649 1060 719 loquor
1104 654 1403 722 sequentia,
1443 670 1539 707 vos
1578 655 1676 723 ipsi
1714 656 1952 724 judicate
1999 664 2143 730 quod
2194 665 2332 718 dico.
2372 665 2451 718 l4.
2510 664 2661 719 Calix
2705 665 3125 727 benedictionis.
3166 670 3250 721 cui
3289 686 3382 722 nos

44 745 388 793 sacerdoms
440 741 840 804 benedicimus,
890 757 1069 797 nonne
1112 744 1535 799 communicatio
1586 745 1875 816 Sanguinis
1916 752 2115 807 Christi
2165 764 2274 815 est,
2341 757 2466 824 facit
2514 774 2605 811 nos
2657 757 3096 810 communicantes
3138 760 3382 828 sanguini

48 828 341 885 Christi?
381 833 443 886 Et
480 834 655 902 panis,
702 849 861 902 quem
903 833 1221 904 frangimus,
1271 852 1448 891 nonne
1493 840 1840 909 participatio
1885 847 2127 913 corporis
2165 848 2275 917 66
2309 847 2516 901 Domini
2568 848 2686 901 est?
2724 848 2808 901 l5.
2840 848 3103 913 Quoniam
3151 860 3202 901 ut
3244 866 3382 903 unus

50 925 282 989 panis,
319 936 394 979 est
430 942 495 979 ea:
533 926 746 988 multis,
794 944 959 981 unum
999 944 1197 999 corpus
1233 930 1383 984 multi
1426 947 1642 995 sumus,
1674 949 1864 989 omnes
1896 938 1983 1003 qui
2019 938 2086 989 de
2118 955 2223 991 ntto
2259 956 2397 1008 pane
2437 941 2840 1010 pitl‘llclpllmlls.
2884 941 2970 996 16.
3004 940 3191 995 Videte
3220 942 3381 994 Israel

49 1019 390 1070 secundum
423 1034 666 1080 carnem,
703 1019 834 1090 (alia
876 1021 1220 1075 similitudine
1264 1024 1448 1092 probat
1492 1026 1817 1080 comedentes
1868 1028 2212 1099 idolotliytum
2264 1031 2381 1099 ﬁeri
2430 1034 2707 1101 participes
2752 1034 3156 1101 (la-moniorum)
3193 1032 3381 1087 Nonne

49 1110 179 1177 qui
206 1112 378 1165 edunt
407 1112 633 1173 hostias,
657 1113 740 1166 l7.
762 1113 1048 1182 participes
1074 1123 1193 1169 sunt
1224 1116 1445 1170 altaris?
1478 1117 1615 1183 Quid
1648 1121 1815 1189 ergo?
1843 1138 1935 1189 per
1958 1123 2055 1175 hoc
2080 1124 2219 1192 quod
2245 1126 2363 1177 dico
2395 1125 2521 1177 tales
2546 1126 2660 1193 ﬁeri
2681 1128 2958 1195 participes
2974 1127 3377 1181 dmmoniorum.

50 1203 223 1259 Dico
259 1204 401 1273 quod
438 1204 593 1257 idolis
634 1203 967 1258 immolatum
1007 1205 1079 1259 sit
1107 1205 1345 1273 aliquid?
1379 1216 1472 1261 aut
1499 1208 1641 1277 quod
1684 1210 1883 1263 idolum
1910 1212 1980 1265 sit
2008 1212 2245 1282 aliquid?
2273 1231 2394 1268 non.
2432 1214 2537 1269 Sed
2569 1215 2683 1268 dico
2711 1233 2830 1286 quat
2858 1216 3136 1271 immolant
3165 1226 3377 1287 gentes,

49 1297 377 1352 daemoniis
419 1296 730 1359 immolant,
762 1308 816 1351 et
845 1312 949 1351 non
982 1298 1107 1351 Deo.
1143 1295 1274 1351 Nolo
1303 1308 1486 1354 autem
1517 1316 1612 1354 vos
1652 1301 1849 1375 socios,
1881 1305 2198 1357 contedendo
2238 1306 2550 1375 idolotliyta,
2584 1307 2696 1362 ﬁeri
2738 1309 3147 1363 dmutoniornan.
3180 1309 3379 1380 (Causa

49 1406 184 1440 cur
214 1388 508 1458 idolotliyta
544 1391 809 1443 comedere
850 1406 952 1443 non
993 1390 1256 1459 debeant).
1305 1389 1419 1445 Non
1459 1394 1684 1462 potestis
1718 1394 1940 1449 calicem
1970 1397 2179 1450 Domini
2223 1398 2436 1462 bibere,
2478 1408 2532 1452 et
2569 1399 2791 1454 calicem
2824 1402 3231 1456 dzetnoniornm.
3261 1402 3377 1456 Non

53 1482 321 1548 potestis
360 1496 558 1534 mensa:
598 1482 810 1534 Domini
858 1483 1149 1553 participes
1195 1499 1337 1545 esse,
1373 1494 1429 1539 et
1460 1501 1657 1540 mensze
1704 1487 2118 1565 tltetnoniorum.
2152 1489 2236 1543 l8.
2290 1490 2369 1544 An
2413 1492 2731 1546 :entnlamur
2757 1493 3082 1547 Dominttm?
3128 1494 3379 1564 Nunquid

52 1576 351 1631 fortiores
398 1576 487 1630 illo
534 1577 761 1630 sumus?
808 1576 997 1633 Omnia
1055 1579 1184 1634 tttilti
1234 1580 1416 1641 licent,
1468 1591 1723 1648 potestate
1773 1582 1925 1637 liberi
1973 1583 2201 1647 arbitrii,
2249 1585 2345 1638 sed
2400 1601 2503 1639 non
2554 1587 2735 1640 omnia
2794 1588 3105 1655 expediunt,
3140 1598 3377 1657 prosunt.

51 1670 285 1725 Omnia
342 1668 470 1722 mihi
527 1668 716 1731 licent,
764 1670 861 1721 sed
909 1684 1011 1721 non
1058 1670 1238 1725 omnia
1285 1671 1582 1730 mdilicaut.
1628 1684 1845 1741 prosunt
1895 1673 2039 1727 aliis.
2088 1672 2257 1727 Nemo
2297 1676 2439 1744 quod
2483 1692 2637 1729 suum
2685 1686 2765 1731 est
2810 1686 3049 1746 qinerat,
3094 1679 3187 1732 sed
3238 1679 3380 1747 quod

52 1758 339 1813 alterius.
390 1758 643 1813 Debemus
691 1767 864 1811 autem
908 1774 1140 1828 qumrere
1187 1778 1289 1816 non
1331 1760 1501 1815 solum
1543 1772 1745 1825 nostra,
1794 1764 1883 1815 sed
1928 1765 2085 1817 etiam
2129 1765 2355 1832 fratrum
2401 1769 2691 1821 commoda.
2732 1768 2925 1833 Omne,
2967 1772 3112 1841 (quia
3141 1775 3382 1842 superius

53 1855 304 1906 dixerat
350 1853 504 1905 licere
538 1850 883 1920 idolotliytum
929 1851 1224 1913 comedere;
1268 1869 1405 1905 nunc
1446 1869 1563 1906 vero
1597 1850 1831 1919 probavit
1876 1870 1978 1907 non
2015 1852 2218 1908 debere.
2262 1855 2582 1908 Determinat
2619 1856 2744 1927 quid
2780 1859 2979 1912 comedi
3020 1859 3227 1927 debeat,
3256 1864 3383 1927 quid

56 1944 215 2014 non)
255 1943 400 2013 quod
437 1943 489 1997 itt
532 1942 753 1997 macello
782 1942 960 2002 vaenit,
999 1942 1347 2025 manducata.
1376 1943 1459 1998 19.
1495 1944 1628 1997 nihil
1670 1944 2067 2014 interrogantes
2103 1955 2323 2017 propter
2361 1947 2768 2013 conscientiam,
2812 1950 2900 2017 (an
2934 1952 3002 2004 sit
3041 1952 3384 2024 itlolotltytuns
3432 1984 3435 1985 ν

58 2057 146 2091 nu
187 2054 333 2102 non;
376 2046 429 2090 ut
462 2035 552 2106 qui
590 2045 768 2104 postea
809 2033 1029 2089 ridcrint
1066 2052 1154 2089 vos
1196 2037 1553 2103 contedentes,
1587 2037 1722 2097 illud
1754 2055 1839 2092 ros
1876 2056 1969 2106 pro
2006 2050 2189 2093 sancto
2236 2040 2426 2093 habere
2471 2057 2572 2094 non
2607 2042 2884 2114 trstiment)
2927 2044 3158 2109 Domini,
3196 2049 3382 2117 inquit,

59 2145 244 2181 onme
279 2128 422 2199 quod
464 2130 519 2180 in
556 2126 774 2181 macello
806 2127 982 2189 va’nit,
1021 2138 1158 2179 terra
1192 2130 1327 2180 enint
1366 2139 1413 2181 et
1449 2130 1615 2182 omnis
1652 2129 1920 2199 plenitudo
1953 2128 2063 2201 ejus
2084 2172 2096 2195 ,
2127 2150 2222 2184 sua
2254 2142 2350 2197 est,
2383 2143 2435 2185 ttt
2468 2135 2537 2186 ait
2575 2132 2861 2189 l’salmista
2895 2155 2912 2194 :
2944 2137 3027 2191 90.
3065 2139 3274 2193 Domini
3302 2151 3387 2196 est

59 2227 263 2280 terra,
296 2229 351 2273 et
381 2219 652 2288 plenitudo
685 2218 819 2286 ejus.
860 2217 917 2273 Si
951 2219 1071 2279 quis
1100 2218 1166 2271 ad
1201 2234 1396 2273 cwnam
1429 2230 1581 2274 vocat
1618 2237 1711 2274 vos
1747 2222 2069 2287 inﬁdelium,
2108 2240 2210 2277 non
2241 2206 2593 2289 credentium,
2639 2236 2693 2281 ct
2728 2228 2890 2282 vultis
2917 2230 3025 2295 ire;
3055 2247 3213 2285 omne
3243 2234 3385 2302 quod

60 2311 242 2364 vobis
266 2311 555 2379 apponitur
583 2311 923 2373 tuandut-ate,
957 2311 1088 2365 nihil
1119 2312 1515 2379 interrogantes
1547 2313 1614 2383 (si
1638 2316 1774 2367 enim
1808 2315 2174 2386 interrogares,
2204 2327 2251 2368 et
2278 2327 2455 2385 postea
2479 2318 2642 2370 sciens
2667 2320 2981 2386 comederes,
3013 2321 3387 2390 blasphemiam

59 2404 460 2472 aspicientium
492 2405 801 2473 incurreres)
844 2414 1065 2475 pr0pler
1110 2407 1520 2471 conscientiam,
1562 2408 1838 2475 prtebentis
1884 2424 2103 2462 caenam.
2152 2408 2208 2463 Si
2251 2410 2374 2479 quis
2415 2419 2593 2463 autem
2627 2411 2854 2475 dixerit;
2897 2411 3006 2468 Hoc
3046 2415 3386 2473 immolatum

61 2510 160 2554 est
205 2498 405 2564 idolis;
461 2498 624 2552 nolite
665 2498 1010 2564 manducare,
1057 2510 1272 2570 propter
1310 2501 1457 2554 illum
1500 2502 1589 2571 qui
1634 2501 1910 2567 indicavit,
1959 2512 2016 2557 et
2053 2512 2273 2573 propter
2313 2505 2732 2570 conscientiam;
2777 2507 3164 2561 conscientiam
3203 2519 3385 2564 autem

64 2593 240 2655 dico,
274 2606 381 2645 non
423 2600 591 2656 tuam,
629 2592 721 2647 sed
757 2591 1010 2657 alterius,
1040 2592 1150 2646 Ita’c
1180 2594 1498 2661 aspicientis.
1529 2594 1616 2656 Si,
1652 2594 1743 2651 2'2.
1784 2595 1853 2650 Ut
1883 2596 2012 2663 quid
2043 2598 2186 2651 enim
2216 2597 2382 2667 (licet,
2411 2597 2608 2667 inquit,
2641 2607 2746 2650 (tne
2772 2597 2998 2652 libertati
3042 2600 3388 2672 idolothytunt
3452 2664 3453 2667 η

67 2684 396 2747 comedere;
441 2693 747 2743 nontamen
781 2685 892 2751 pati
929 2684 1061 2738 alios
1099 2695 1147 2739 te
1179 2697 1391 2755 propter
1423 2688 1518 2740 hoc
1551 2687 1790 2758 arguere)
1820 2689 1928 2759 67
1955 2676 2176 2743 libertas
2209 2704 2325 2743 mea
2362 2672 2743 2757 iudicatur-ab
2779 2691 2953 2745 aliena
3022 2695 3388 2757 conscientia?

76 2776 144 2831 Si
180 2791 290 2847 ego
315 2775 407 2841 25,
436 2774 526 2829 2!.
558 2790 681 2830 cum
714 2776 889 2845 gratia
916 2775 1205 2846 participe,
1243 2776 1370 2846 quid
1398 2776 1742 2847 blasphemor
1763 2794 1860 2847 pro
1885 2793 1951 2833 eo
1980 2779 2121 2849 quod
2148 2779 2352 2850 gratias
2381 2794 2480 2850 ago
2504 2779 2529 2833 τ
2550 2778 2681 2855 Sive
2704 2794 2833 2851 ergo
2866 2782 3202 2837 manducatis
3241 2781 3387 2853 (quia

1438 2870 2017 2931 COMMENTARIUS.

76 2961 361 3017 Promisit
391 2964 537 3018 enim
563 2964 615 3017 in
646 2962 828 3018 multis
860 2962 1268 3032 Scrtpturarum
1301 2977 1520 3017 suarum
1552 2964 1686 3018 locis
1719 2968 1761 3025 Α
1792 2965 1917 3033 quia
1959 2966 2074 3035 ipse
2112 2981 2210 3020 nos
2238 2966 2478 3037 puniret.
2527 2966 2620 3023 Est
2667 2968 2809 3023 enim
2859 2968 3015 3026 nobis
3060 2967 3281 3037 fortior;
3319 2977 3378 3026 et

81 3071 149 3110 se
185 3055 380 3109 l‘tdcles
411 3071 539 3110 suos
568 3072 671 3111 non
696 3056 1064 3109 deserturum.

166 3146 263 3199 12.
316 3144 662 3208 Prorentnm,
703 3148 751 3199 id
781 3156 863 3201 est
880 3177 908 3211 ,-
926 3162 1047 3201 cum
1098 3147 1323 3202 tentatio
1351 3147 1579 3212 venerit,
1610 3146 1691 3201 fa-

80 3241 203 3294 ciet
227 3239 394 3293 etiant
422 3239 726 3307 provenire.

165 3330 243 3385 15
301 3328 530 3397 Pr0pter
564 3330 703 3399 quod
734 3329 1051 3396 charissimi,
1092 3331 1144 3385 id
1172 3340 1274 3398 est,
1305 3332 1428 3400 quia
1465 3332 1577 3387 sola
1605 3347 1692 3387 sa-

83 3428 384 3475 cramenta
418 3419 538 3473 illos
563 3418 776 3474 salvare
812 3434 918 3473 non
947 3429 1216 3491 poterant.
1257 3422 1320 3475 Et
1342 3423 1431 3491 qui
1461 3432 1587 3489 stat,
1615 3425 1695 3477 vi-

81 3516 235 3568 dere
262 3513 420 3565 debet
450 3527 517 3567 ne
544 3512 723 3567 cadat.

179 3605 269 3660 Η.
313 3601 468 3659 Calix
493 3605 885 3665 benedictionis.
937 3606 1159 3660 Summa
1201 3607 1366 3662 totius
1411 3611 1693 3665 sententias

83 3701 127 3754 la
142 3713 218 3751 acc
244 3707 330 3752 est
356 3712 370 3750 :
400 3697 525 3765 quia
555 3710 752 3765 corpus
794 3699 1002 3752 Domini
1040 3702 1359 3765 comedens,
1396 3711 1445 3754 et
1478 3703 1695 3771 sangui-

85 3807 227 3844 t-cm
262 3788 378 3855 ejus
404 3789 625 3851 bibens,
667 3789 824 3844 idolis
869 3790 1142 3844 immolata
1174 3793 1487 3861 contingere
1512 3801 1564 3846 et
1596 3807 1689 3847 co-

87 3882 326 3937 medere
355 3897 457 3935 non
500 3881 689 3947 debet;
737 3897 862 3936 nam
906 3882 1170 3936 idolorum
1202 3884 1470 3953 particeps
1507 3883 1687 3949 fleret;

89 3975 253 4044 quod
307 3974 540 4043 prohat:
574 3972 674 4040 Qui
723 3974 869 4028 enim
917 3974 1052 4028 bibit
1100 3975 1325 4031 calicem
1368 3976 1607 4043 Domini,
1639 3985 1692 4031 et

88 4066 345 4124 comedit
382 4064 684 4134 panem,id
730 4073 814 4120 est
867 4079 1064 4135 corpus
1106 4066 1242 4136 ejus,
1297 4066 1566 4137 particeps
1610 4074 1694 4121 cst

90 4160 296 4229 ipsius.

177 4251 269 4306 15.
313 4249 575 4317 Quoniam
604 4267 738 4305 untts
763 4252 937 4317 panis.
965 4250 1204 4320 Exponit
1236 4250 1452 4306 modum
1485 4258 1540 4305 et
1562 4266 1693 4306 catt-

1798 3069 1897 3108 nos
1932 3070 2036 3108 non
2062 3071 2249 3109 suntus
2277 3057 2553 3122 fortiores,
2587 3074 2684 3113 nec
2714 3060 2972 3129 aequales.

1870 3147 1952 3202 19.
2016 3148 2168 3203 Nihil
2215 3150 2614 3222 interrogantes.
2676 3152 2841 3219 Quasi
2899 3153 3095 3224 aliquis
3140 3153 3377 3209 diceret:

1795 3239 1837 3292 si
1874 3240 2365 3310 interrogaveritis,
2399 3253 2452 3296 ct
2485 3244 2636 3297 vobis
2666 3260 2982 3314 responsum
3021 3244 3205 3309 fuerit,
3239 3247 3383 3315 qttol

1797 3329 1952 3385 idolis
1984 3330 2054 3386 sit
2084 3333 2440 3400 immolatum,
2478 3336 2809 3390 conscientia
2854 3336 3113 3391 auditoris
3153 3338 3384 3391 robora-

1795 3420 1945 3475 bitur
1974 3423 2039 3475 ad
2067 3424 2396 3477 credendum
2425 3425 2567 3493 quod
2598 3425 2797 3495 aliquid
2826 3426 2895 3480 sit
2928 3414 3150 3479 idolum.

1865 3512 1958 3568 20.
1985 3513 2196 3566 Domini
2238 3524 2310 3568 est
2354 3526 2516 3568 terra.
2554 3517 2781 3571 Causam
2831 3518 3002 3571 reddit
3042 3533 3140 3571 cur
3187 3518 3387 3572 dixerit

1796 3607 2070 3675 superius,
2101 3622 2251 3660 omne
2290 3607 2429 3677 quod
2458 3609 2509 3660 in
2538 3609 2813 3662 macellum
2842 3610 2996 3662 rwnit
3027 3609 3312 3663 manduca.

1864 3698 1954 3751 21.
1996 3698 2233 3753 Annnos.
2289 3696 2353 3751 Ut
2397 3699 2525 3767 quid
2579 3700 2715 3751 enim
2767 3700 3023 3754 libertas?
3067 3699 3178 3755 Hoc
3221 3701 3375 3764 dicit,

1796 3790 1920 3859 quia
1952 3804 2073 3843 cum
2104 3792 2172 3844 ab
2202 3790 2326 3844 idoli
2366 3791 2653 3845 devotione
2696 3793 3026 3846 conscientia
3067 3793 3137 3846 sit
3183 3791 3372 3856 libera,

1796 3882 1924 3949 quid
1973 3896 2109 3949 opus
2150 3890 2234 3935 cst
2287 3890 2344 3934 ttt
2380 3891 2599 3951 putetur
2653 3882 2779 3952 quia
2818 3882 3181 3937 venerationis
3217 3897 3384 3937 causa

1796 3974 1918 4028 edat
1949 3973 2103 4027 idolis
2131 3973 2401 4027 immolata
2429 3974 2452 4027 ?

1863 4064 1955 4118 ‘22.
1997 4064 2364 4121 Lanrnaxcus.
2414 4064 2481 4119 Ut
2521 4066 2647 4137 quid
2679 4068 2815 4121 enim
2856 4068 3090 4122 libertas.
3134 4066 3385 4123 Libertas

1796 4157 2230 4213 Christianorum
2279 4167 2363 4213 est
2414 4159 2668 4213 omnibus
2722 4160 2859 4222 cibis
2905 4176 3026 4215 cum
3084 4159 3382 4227 gratiarum

1798 4250 2011 4305 actione
2050 4265 2208 4320 posse
2251 4252 2349 4303 ttti.
2393 4250 2497 4304 Sed
2532 4251 2645 4304 hate
2693 4251 2916 4304 libertas
2951 4251 3017 4303 ab
3053 4250 3224 4302 aliena
3255 4265 3386 4302 con-

92 4362 258 4412 sam,
297 4360 406 4413 quo
447 4353 505 4400 ct
541 4360 644 4414 qua
692 4345 830 4399 calix
871 4345 1262 4399 benedictionis
1304 4355 1359 4398 et
1398 4345 1552 4414 panis
1601 4346 1691 4415 qui
1730 4363 1770 4417 Β
1802 4343 2026 4396 scicntia
2084 4344 2393 4412 iudicatura
2419 4382 2433 4405 ,
2506 4342 2942 4411 rcprehensibilis
2990 4352 3042 4395 et
3082 4338 3385 4397 damnanda

93 4436 381 4507 frangitur
427 4435 571 4495 [iant
602 4434 890 4502 accipienti
932 4449 1062 4488 caro
1103 4444 1159 4490 et
1200 4435 1423 4504 sanguis
1468 4434 1690 4489 Christi.

92 4531 212 4586 Per
269 4528 532 4582 unitatem
586 4526 732 4582 enim
800 4526 953 4596 panis
1006 4536 1061 4580 et
1108 4527 1370 4581 unitatem
1427 4528 1691 4597 corporis,

94 4622 430 4677 charitatem
465 4628 683 4689 oportet
724 4619 979 4687 intelligi;
1028 4635 1148 4689 quae
1173 4620 1216 4674 si
1247 4620 1403 4684 desit,
1429 4618 1692 4688 judicium

95 4715 206 4769 sibi
243 4720 466 4767 sumunt
510 4710 602 4778 qui
641 4719 881 4765 sumunt.
928 4709 1151 4781 Typicc,
1184 4710 1311 4765 dtnn
1354 4726 1490 4765 unus
1515 4714 1690 4782 panis,

96 4818 159 4859 et
208 4820 378 4858 unum
427 4820 657 4874 corpus,
700 4802 945 4858 Ecclesia
990 4803 1188 4857 dicitur
1232 4802 1459 4868 Christi,
1504 4820 1603 4875 pro
1645 4814 1695 4860 te

98 4896 380 4957 videlicet,
413 4895 538 4964 quia
567 4895 707 4948 sicut
732 4909 871 4948 unus
908 4893 1066 4963 panis
1098 4909 1161 4947 ex
1191 4893 1375 4948 multis
1398 4897 1607 4964 granis,
1640 4904 1695 4948 et

98 5002 278 5041 unum
328 5000 526 5054 corpus
580 4984 839 5038 membris
894 4984 1270 5053 componitur;
1322 4986 1400 5040 sic
1454 4986 1691 5040 Ecclesia

97 5081 317 5138 (ΖΕΑ-ἱειί
345 5096 411 5135 ex
439 5078 624 5135 multis
652 5078 925 5141 ﬁdelibus.
957 5080 1221 5134 charitatc
1249 5090 1621 5135 connectente.

178 5172 271 5226 ιϐ.
323 5170 503 5224 Videte
545 5169 717 5224 Israel
762 5170 1049 5224 secundum
1100 5185 1332 5224 carnem.
1385 5170 1695 5225 Siutilittnlo

100 5276 214 5328 est,
269 5264 335 5316 ad
391 5262 798 5331 intellfgendnm
852 5262 995 5330 quod
1054 5262 1305 5331 superius
1346 5265 1549 5318 dictum
1589 5274 1693 5330 est,

105 5370 357 5412 carnem.
396 5354 446 5406 id
477 5362 583 5415 est,
623 5350 863 5407 carnalis
893 5350 1027 5421 legis
1063 5359 1328 5421 pragcepta
1365 5363 1693 5409 servantem.

182 5448 276 5500 17.
315 5442 606 5514 Participes
628 5454 748 5498 sunt
784 5443 990 5498 altaris.
1024 5444 1113 5498 Sic
1145 5444 1235 5513 qui
1269 5445 1435 5498 edunt
1474 5463 1695 5502 carnem

104 5535 341 5602 Christi,
388 5542 445 5590 et
482 5534 800 5606 sanguinem
845 5532 964 5603 ejus
1002 5534 1213 5599 bibunt,
1252 5535 1544 5605 participes
1582 5536 1697 5605 ejus

108 5636 260 5684 Slllll.

182 5716 275 5774 18.
308 5716 389 5771 An
416 5716 728 5771 temulamur
756 5716 1075 5771 Dominum?
1105 5716 1182 5771 Ad
1214 5714 1545 5771 iracundiam
1575 5734 1696 5790 pro-

112 5825 405 5877 vocamus,
457 5809 751 5880 idolothyta
800 5809 1172 5873 comcdcntcs;
1209 5810 1482 5878 quodnon
1514 5808 1690 5876 decet,

1796 4434 2127 4495 ostenditur,
2177 4432 2393 4501 quando
2421 4433 2708 4486 occasione
2756 4433 2923 4501 ipsius
2957 4431 3243 4495 libertatis,
3280 4431 3383 4485 ali-

1793 4524 1921 4594 quid
1958 4522 2202 4583 facimus,
2228 4522 2392 4586 unde,
2422 4520 2669 4576 videntes
2697 4536 2817 4587 nos,
2843 4522 3044 4591 aliquid
3080 4521 3302 4592 impium
3327 4531 3382 4576 et
3418 4578 3422 4582 Α

1796 4617 2118 4684 sacrilegum
2150 4615 2214 4669 de
2239 4614 2393 4669 nobis
2423 4615 2682 4685 Stt5picari
2712 4622 3009 4685 Coguntur.

1863 4708 1953 4762 9.5.
1989 4706 2045 4761 Si
2073 4724 2164 4777 ego
2193 4724 2311 4760 cum
2348 4707 2737 4777 gratia.'Qttnsi
2775 4698 3020 4762 diceret:
3058 4707 3190 4762 Etsi
3225 4707 3385 4763 liber-

1799 4809 1908 4854 tate
1960 4798 2284 4853 Christianae
2337 4798 2630 4867 religionis,
2679 4814 2798 4851 cum
2832 4797 3127 4867 gratiarum
3175 4799 3386 4852 actione

1796 4891 2127 4960 participare
2174 4906 2390 4959 possunt
2425 4890 2586 4944 etiam
2638 4890 2793 4944 idolis
2842 4891 3113 4945 inunolata
3141 4931 3154 4955 ,
3205 4893 3385 4945 sciens

1797 4983 1996 5037 idolum
2029 4982 2161 5036 nihil
2189 4999 2310 5037 esse
2340 4993 2392 5036 et
2425 4984 2579 5037 bonis
2607 4983 2873 5037 creaturis
2897 4982 2987 5038 Dei
3017 4981 3147 5037 nihil
3171 4984 3294 5036 mali
3322 4999 3385 5037 ex

1799 5076 1885 5129 illa
1934 5075 2304 5130 immolatione
2340 5076 2623 5138 accedere,
2655 5084 2709 5128 et
2742 5075 2847 5128 illis
2876 5083 3082 5129 tantum
3111 5089 3229 5129 esse
3260 5091 3379 5144 pee-

1797 5178 2000 5231 catunt,
2049 5169 2139 5237 qui
2191 5183 2288 5236 pro
2344 5167 2646 5221 reverentia
2700 5168 2869 5236 ipsius
2915 5167 3039 5221 idoli
3100 5168 3383 5220 comedun'

1800 5260 1940 5313 ξιιοό
1966 5259 2319 5313 immolatum.
2349 5259 2578 5313 Stultum
2622 5260 2766 5313 enim
2811 5268 2893 5313 est
2921 5274 3018 5330 pro
3049 5258 3160 5327 ipsa
3192 5267 3361 5329 gratia

1799 5367 1916 5405 rum
1957 5353 2171 5407 actione
2196 5353 2387 5406 cadere
2423 5354 2475 5406 in
2519 5352 2930 5422 blasphemiam,
2959 5360 3013 5405 et
3039 5352 3366 5422 vituperatio

1800 5460 1921 5497 nent
1963 5445 2333 5513 imperitorum
2384 5445 2657 5498 hominum
2705 5443 3006 5513 putantium
3055 5458 3142 5498 me
3190 5442 3387 5497 idolun.

1800 5538 2000 5607 al'qnid
2034 5553 2286 5608 magnum
2312 5538 2648 5599 existimare,
2678 5535 2930 5605 quoniam
2967 5549 3053 5589 me
3079 5534 3264 5590 vident
3294 5535 3375 5589 im

1803 5631 2121 5685 tnolatitiutn
2154 5647 2273 5684 cum
2303 5630 2602 5699 gratiarum
2625 5628 2838 5682 actione
2866 5626 3169 5681 comedere.

1877 5724 1966 5777 Sil.
2002 5726 2240 5777 Asianos.
2276 5720 2331 5774 Si
2364 5737 2454 5792 ego
2486 5737 2601 5773 cum
2638 5719 2828 5790 gratia.
2867 5718 2923 5773 Si
2953 5734 3053 5790 ego
3079 5705 3268 5788 gratia!
3296 5717 3393 5775 Dei

1807 5814 2169 5874 communico,
2209 5812 2330 5881 quia
2367 5814 2417 5864 iti
2470 5810 2637 5880 ipsius
2669 5810 2883 5868 nomine
2931 5811 3064 5881 cdo,
3098 5810 3227 5882 quid
3257 5824 3394 5881 opus
