3964 6290
523 372 617 428 191
1558 369 1616 425 Β.
1658 368 2045 425 LANFRANCI
2084 368 2111 424 ί

2232 368 2432 425 TUAR.
2467 372 2783 431 ARCHIEI‘.
3713 370 3825 426 ιω

518 500 636 539 tum
666 482 987 555 blasphemia
1018 487 1285 541 comedere
1311 501 1413 539 non
1437 472 1673 555 debetis),
1707 487 1821 541 sive
1846 486 2049 549 bibitis,
2087 484 2202 539 sive
2234 485 2379 541 aliuu
2406 488 2534 557 quid
2562 490 2761 557 facitis,
2790 494 2881 556 2a.
2905 493 3090 549 omnia
3122 492 3175 548 in
3208 491 3456 563 gloriam,
3483 487 3827 545 ad-laudcm

519 579 613 636 Dei
647 580 833 647 tacite,
869 583 1044 638 facere
1071 584 1286 649 debetis,
1314 580 1407 638 26.
1427 584 1545 638 sine
1572 584 1887 645 oli'ensione,
1919 586 1971 637 id
1998 594 2074 637 est
2095 584 2378 653 placentes,
2405 595 2580 643 estote
2606 589 2801 645 debetis
2828 607 2939 646 esse
2966 589 3186 652 Judaais,
3215 588 3306 642 ‘27.
3337 596 3393 642 et
3417 588 3689 657 gentibus
3719 581 3823 636 28.

516 688 572 733 et
619 679 877 735 Ecclesiis
911 676 1023 743 Dei,
1077 682 1216 736 sicut
1246 690 1301 736 et
1349 697 1449 752 ego
1486 697 1586 751 per
1636 683 1815 736 omnia
1853 681 2105 737 omnibus
2136 681 2321 750 placeo
2344 721 2357 744 .
2406 698 2512 736 non
2544 698 2794 753 quaerens
2823 686 2965 755 quod
2996 684 3127 739 mihi
3157 693 3359 738 tantum
3402 683 3533 738 utile
3557 691 3680 748 est,
3721 682 3825 735 sed

516 775 661 843 quod
692 787 767 830 est
798 776 924 830 utile
952 777 1153 843 multis,
1187 785 1246 831 ut
1272 777 1405 833 salvi
1438 778 1584 831 ﬁant.

1968 871 2199 931 CAPUT
2242 874 2334 930 XI.

594 978 735 1050 Ergo
760 982 879 1052 quia
903 982 1042 1052 quod
1063 982 1201 1037 vobis
1233 990 1279 1036 et
1308 981 1485 1035 multis
1514 981 1641 1036 utile
1666 991 1741 1036 ρει
1764 999 1963 1053 qttll’ro,
1996 983 2298 1038 imitatores
2326 984 2429 1038 mei
2457 991 2649 1049 estote,
2670 984 2812 1040 sicut
2839 992 2894 1039 et
2922 998 3021 1054 ego
3049 982 3273 1039 Christi.
3308 982 3358 1036 ι.
3394 980 3581 1035 Laudo
3615 982 3824 1031 autem

520 1093 639 1142 vos,
673 1078 869 1133 fratres
900 1079 1094 1148 (ironia
1119 1079 1194 1134 vel
1215 1080 1351 1133 serio
1381 1080 1657 1149 exparte),
1696 1081 1837 1149 quod
1871 1096 1969 1150 per
1995 1082 2176 1136 omnia
2207 1082 2312 1137 mei
2342 1098 2611 1137 memores
2642 1082 2795 1149 estis,
2827 1091 2883 1137 et
2915 1083 3054 1137 sicut
3090 1074 3284 1136 tradidi
3314 1079 3488 1142 vobis,
3522 1083 3824 1148 prmeeplzt

524 1194 643 1233 mea
677 1179 890 1251 tenetis.
920 1177 1051 1234 Volo
1075 1187 1251 1232 autem
1274 1194 1370 1233 vos
1396 1180 1538 1234 scire
1563 1180 1707 1248 quod
1738 1180 1915 1234 omnis
1940 1180 2042 1234 viri
2066 1180 2121 1236 2.
2151 1190 2312 1251 caput
2335 1180 2586 1235 Christus
2607 1190 2727 1245 est;
2760 1188 2923 1250 caput
2948 1190 3126 1234 autem
3168 1175 3433 1239 mulieris,
3465 1174 3549 1227 vir
3576 1189 3590 1237 ;
3634 1177 3825 1237 caput

522 1291 653 1330 vero
687 1274 915 1339 Christi,
954 1276 1115 1331 Deus.
1156 1277 1208 1339 5,
1239 1277 1293 1329 4.
1326 1276 1517 1332 Omnis
1546 1278 1629 1330 vir
1653 1292 1820 1331 orans
1861 1286 1952 1332 aut
1981 1278 2162 1347 futura
2191 1279 2523 1348 prophetans
2567 1277 2744 1333 velato
2772 1278 2966 1347 capite,
3002 1276 3054 1330 5.
3108 1277 3360 1344 deturpat
3407 1278 3569 1341 caput
3617 1281 3823 1323 suum.

521 1372 712 1427 Omnis
758 1382 937 1427 autem
984 1372 1179 1428 mulier
1218 1388 1382 1429 orans
1413 1383 1505 1427 aut
1536 1374 1871 1444 prophetans
1920 1390 2024 1429 non
2059 1373 2236 1429 velato
2263 1374 2459 1443 capite,
2510 1374 2761 1444 deturpat
2798 1372 3002 1445 [caput]
3046 1387 3200 1427 suum
3232 1388 3246 1437 ;
3297 1384 3461 1424 unum
3498 1367 3652 1423 enim
3704 1371 3819 1426 est.

520 1470 634 1542 68
656 1487 810 1525 orare
836 1487 935 1525 non
963 1469 1129 1525 velato
1161 1468 1349 1538 capite,
1381 1484 1446 1524 ac
1480 1471 1523 1523 si
1556 1469 1872 1526 decalvetur
1900 1471 1985 1541 (ab
2017 1471 2271 1525 anteriori
2311 1480 2460 1540 parte
2489 1468 2705 1539 capillos
2731 1470 2797 1523 ab
2822 1470 3039 1524 invicem
3086 1478 3315 1538 separat,
3346 1483 3466 1520 cum
3506 1471 3673 1534 caput
3706 1477 3824 1516 non

520 1572 746 1620 velatum
772 1568 969 1634 habet).
1003 1566 1134 1621 Nam
1166 1568 1209 1623 si
1241 1584 1346 1623 non
1375 1567 1583 1623 velatur
1611 1567 1822 1628 mulier,
1851 1568 2161 1632 tondeatur,
2197 1577 2316 1632 aut,
2350 1568 2540 1639 inquit,
2576 1567 2737 1622 velari
2764 1566 2907 1621 debet
2938 1575 3031 1620 aut
3058 1565 3261 1619 tonderi
3286 1582 3302 1629 ;
3337 1581 3438 1617 non
3472 1573 3653 1616 autem
3686 1560 3823 1622 hoc,

523 1661 659 1715 illud
690 1663 869 1731 igitur.
896 1662 951 1717 Si
986 1678 1115 1717 vero
1146 1672 1301 1735 turpe
1330 1672 1413 1719 est
1442 1663 1653 1718 mulieri
1680 1664 1888 1719 tonderi
1923 1672 2016 1718 aut
2043 1663 2334 1727 decalvari,
2368 1664 2509 1719 velet
2532 1672 2711 1732 eaput.
2742 1663 2838 1718 Vir
2867 1662 3081 1732 quidem
3110 1677 3215 1716 non
3248 1660 3405 1716 debet
3437 1660 3618 1715 velare
3638 1666 3823 1725 caput

522 1771 703 1821 suum,
732 1758 991 1827 quoniam
1024 1758 1076 1822 6,
1115 1758 1167 1813 7.
1198 1760 1375 1831 imago
1397 1766 1452 1813 et
1490 1759 1658 1827 gloria
1690 1759 1779 1813 Dei
1812 1767 1914 1824 est,
1949 1760 2146 1815 mulier
2171 1769 2353 1815 autem
2380 1758 2547 1831 gloria
2578 1761 2679 1813 viri
2710 1769 2814 1814 est.
2847 1758 3107 1813 Removet.
3140 1756 3256 1812 Non
3296 1757 3440 1813 enim
3477 1755 3581 1820 vir,
3616 1754 3677 1818 id
3711 1762 3819 1816 est,

521 1852 715 1917 Adam,
752 1868 817 1907 ex
853 1854 1097 1918 muliere,
1126 1855 1181 1906 id
1209 1864 1303 1919 est,
1340 1851 1450 1907 Eva
1482 1864 1562 1909 est
1586 1896 1600 1917 ,
1633 1855 1725 1909 sed
1763 1854 1957 1909 mulier
1985 1871 2051 1908 ex
2089 1856 2203 1909 viro
2235 1855 2288 1926 (a
2319 1861 2474 1924 toto).
2507 1856 2617 1909 alia
2660 1856 2794 1908 ratio
2835 1855 3095 1921 quomodo
3123 1853 3311 1907 mulier
3339 1852 3507 1923 gloria
3552 1861 3632 1906 est
3681 1850 3820 1903 viri.

520 1949 733 2005 Etenim
773 1966 876 2005 non
908 1962 993 2007 est
1026 1962 1243 2006 creatus
1282 1951 1368 2004 vir
1397 1961 1620 2021 propter
1651 1951 1930 2006 mulierem
1960 1950 2249 2023 (removet),
2281 1952 2374 2005 sed
2404 1952 2455 2006 8.
2488 1950 2680 2005 mulier
2710 1960 2929 2019 propter
2959 1950 3154 2003 virum.
3183 1949 3306 2003 Ideo
3336 1949 3494 2004 debet
3521 1948 3578 2002 9.
3607 1945 3821 2000 mulier

520 2056 845 2117 potestatem
884 2050 1085 2107 habere
1123 2068 1282 2123 supra
1324 2061 1484 2119 caput
1532 2068 1707 2107 suum.
1756 2051 1843 2105 10.
1902 2050 2129 2121 Propter
2184 2051 2433 2119 angelos,
2481 2050 2891 2119 praedicatores,
2953 2046 3028 2102 vel
3085 2046 3391 2116 angelorum
3437 2045 3815 2115 prtt’settliam.

524 2145 612 2200 ll.
646 2145 1035 2203 Verumtamen
1077 2165 1252 2219 neque
1283 2149 1366 2203 vir
1391 2150 1507 2203 sine
1534 2148 1778 2212 muliere,
1814 2162 1989 2216 neque
2022 2146 2365 2202 mulicr'siue
2395 2145 2528 2208 viro,
2570 2145 2621 2198 in
2659 2143 2906 2208 Domino,
2939 2144 2993 2197 id
3018 2153 3115 2207 est,
3148 2144 3201 2197 in
3230 2142 3442 2197 Domini
3470 2142 3817 2212 operatione.

522 2242 655 2297 Nam
686 2244 824 2299 sicut
855 2245 1047 2300 mulier
1076 2246 1142 2300 de
1164 2246 1303 2310 viro,
1333 2246 1404 2300 ita
1432 2255 1484 2301 et
1503 2247 1656 2299 ltodie
1684 2246 1768 2299 vir
1794 2260 1890 2315 per
1916 2244 2196 2299 mulierem
2224 2260 2238 2306 ;
2277 2243 2361 2298 12.
2386 2244 2563 2296 munia
2595 2246 2795 2306 autem;
2827 2250 2873 2294 et
2900 2240 2995 2305 rir,
3025 2249 3073 2294 et
3105 2239 3291 2293 mulier
3317 2254 3383 2295 ex
3404 2239 3533 2296 Deo.
3568 2237 3682 2294 Vos
3710 2239 3816 2310 ipsi

517 2337 797 2407 iudicate;
830 2334 983 2397 decet
1022 2342 1302 2398 mulierem
1334 2358 1442 2398 nou
1479 2342 1713 2398 velatam
1760 2344 1930 2414 capite
1961 2357 2119 2397 orare
2168 2340 2380 2396 Deum?
2430 2338 2541 2394 Nec
2584 2339 2696 2408 ipsa
2748 2346 2963 2403 natura,
3001 2336 3257 2391 naturalis
3308 2336 3461 2399 ratio,
3516 2335 3689 2391 docet
3715 2350 3817 2389 vos

1960 2456 2435 2515 MMENTARIUS.

1866 2461 2435 2517 COMMENTARIUS.

520 2557 604 2603 est
634 2550 748 2605 haec
792 2549 1045 2605 arbitrari
1093 2551 1326 2623 aliquem
1390 2552 1513 2623 quia
1553 2568 1653 2624 ego
1702 2552 1841 2609 idolo
1877 2553 2103 2608 devotus
2132 2558 2177 2617 Α
2206 2549 2373 2620 gloria
2403 2558 2477 2602 εει
2508 2546 2623 2601 Dei.
2653 2547 2826 2602 Credo
2879 2545 3004 2601 illud
3053 2561 3173 2603 esse
3226 2546 3279 2601 in
3310 2553 3502 2599 natura
3543 2544 3820 2599 intimum

519 2640 644 2704 sint,
674 2641 800 2696 dum
830 2659 938 2699 non
972 2645 1166 2699 horreo
1191 2661 1311 2715 quae
1336 2646 1515 2701 oblata
1551 2656 1676 2701 sunt
1703 2648 1845 2704 idolo
1870 2652 1894 2706 ‘l

590 2730 679 2785 25.
716 2731 908 2787 Om'nia
939 2734 993 2788 in
1027 2734 1195 2805 gloria
1226 2735 1336 2791 Dei.
1372 2736 1425 2792 lu
1458 2738 1626 2810 gloria
1670 2741 1762 2796 Dei
1794 2743 1994 2814 aliquid
2027 2747 2106 2813 lit,

521 2838 644 2877 cum
694 2823 745 2879 in
800 2826 1007 2882 actibus
1056 2837 1112 2885 et
1163 2832 1572 2886 conversatione
1623 2832 1917 2891 Christiani
1970 2837 2109 2894 Deus

522 2914 797 2971 laudatur.

594 3008 664 3062 26
718 3007 843 3064 Sine
874 3011 1176 3081 offensione.
1211 3013 1447 3071 Oﬂ‘eusio
1477 3016 1676 3079 Iudaeis
1698 3020 1775 3085 lit,
1797 3036 1921 3077 cum
1945 3024 2107 3090 idola,

525 3115 646 3169 qua:
676 3100 747 3154 illi
773 3102 1171 3168 abominantur,
1196 3106 1553 3169 Christianos.
1581 3113 1671 3181 qui
1701 3114 1872 3185 legem
1900 3125 1955 3171 et
1980 3133 2107 3187 pro-

526 3194 717 3262 phetas
754 3194 1043 3265 accipiunt,
1072 3197 1252 3253 vident
1281 3216 1385 3255 non
1419 3203 1665 3260 horrere.

596 3284 684 3338 27.
715 3283 784 3340 Et
817 3288 1073 3355 gentibus.
1124 3290 1328 3348 Crtecis
1356 3308 1508 3360 vero,
1563 3296 1615 3350 id
1661 3307 1746 3352 est
1792 3302 2108 3369 gentilibus,

527 3373 643 3427 hmc
671 3384 753 3430 est
782 3375 1032 3444 offensio,
1076 3380 1123 3434 si
1175 3381 1227 3435 in
1276 3396 1341 3437 eo
1384 3384 1435 3438 iu
1464 3401 1572 3454 quo
1601 3397 1746 3449 sunt,
1784 3405 1889 3445 non
1936 3394 2108 3448 solum

527 3477 633 3518 non
681 3476 997 3535 arguantur,
1046 3470 1138 3525 sed
1184 3480 1239 3526 et
1278 3476 1639 3545 promptiores
1670 3478 1822 3545 liant,
1850 3483 1974 3537 dum
2003 3499 2109 3539 non

524 3553 698 3608 vitant
730 3567 847 3611 vota
879 3558 1162 3617 idolorum.

598 3644 687 3700 28.
730 3645 979 3703 Eeclesiis
1015 3651 1134 3706 Dei.
1170 3652 1426 3713 Ecclesia:
1468 3658 1561 3714 Dei
1607 3662 1663 3716 lit
1711 3663 2109 3732 oll‘endiculnm,

530 3738 747 3803 quando
775 3742 1035 3809 quosdam
1064 3758 1127 3798 ex
1163 3763 1388 3804 numero
1413 3766 1509 3806 suo
1540 3754 1687 3810 videt
1730 3758 1814 3813 his
1843 3775 1963 3830 qua:
2011 3762 2112 3817 ini-

531 3828 669 3884 mica
699 3842 824 3886 sunt
849 3836 959 3891 Deo
984 3837 1279 3895 adhaerere.

2213 2638 2411 2694 mentis
2440 2638 2718 2693 mulierem
2752 2653 2873 2692 cum
2901 2638 3019 2691 viro
3042 2652 3158 2703 suo,
3194 2637 3483 2706 imaginem
3519 2637 3623 2691 Dei
3649 2652 3810 2697 esse,

2214 2727 2348 2801 [ad.,
2401 2740 2460 2783 ut
2512 2728 2641 2802 una]
2689 2729 2865 2798 imago
2906 2728 2977 2783 sit
3014 2737 3122 2783 tota
3169 2728 3256 2782 illa
3290 2727 3620 2782 substantia.
3671 2727 3816 2780 Cum

2213 2828 2392 2873 autem
2415 2820 2482 2873 ad
2500 2817 2821 2886 adiutoriqu
2839 2818 3201 2883 distribuitur,
3224 2818 3364 2889 quod
3388 2818 3453 2870 ad
3477 2834 3600 2871 eam
3633 2815 3813 2871 solam

2215 2913 2427 2976 attinet,
2458 2914 2674 2968 nonest
2706 2912 2881 2983 imago
2916 2913 3029 2968 Dei.
3078 2911 3230 2979 Quod
3276 2922 3455 2967 autem
3504 2911 3571 2965 ad
3628 2910 3816 2964 virum

2214 3003 2385 3058 solum
2413 3004 2629 3068 attinet,
2656 3004 2834 3072 imago
2861 3003 2955 3058 Dei
2984 3014 3087 3068 est,
3120 3014 3231 3058 tam
3277 3001 3434 3072 plena
3464 3011 3633 3073 atque
3666 3002 3815 3056 inte-

2212 3110 2305 3165 gra
2334 3103 2389 3149 ut
2417 3092 2534 3167 [al.,
2564 3094 2747 3166 quam]
2778 3095 2828 3149 in
2857 3110 3023 3150 unum
3057 3092 3342 3163 conjuncta
3372 3092 3622 3147 muliere.

2283 3187 2335 3241 7.
2368 3186 2571 3241 Lsarn.
2602 3183 2954 3257 Imago'Dei,
3004 3197 3110 3242 etc.
3169 3185 3263 3240 Vir
3306 3185 3696 3256 principaliter
3746 3184 3814 3251 ad

2214 3278 2281 3333 ad
2312 3278 2601 3347 imaginem
2648 3278 2744 3334 Dei
2790 3289 3006 3335 creatus
3049 3288 3152 3334 est.
3202 3278 3394 3333 Mulier
3436 3293 3467 3332 e
3509 3286 3666 3333 costa
3708 3278 3813 3332 viri

2214 3380 2399 3440 postea
2435 3370 2663 3428 formata
2715 3382 2837 3439 est;
2871 3382 3034 3443 atque
3060 3371 3146 3426 vir
3186 3372 3587 3443 discoopertum
3644 3378 3816 3442 caput

2213 3464 2371 3518 debet
2398 3464 2615 3519 habere.

2288 3557 2339 3613 8.
2366 3556 2578 3611 Mulier.
2612 3557 2709 3612 Est
2732 3565 2788 3613 et
2815 3557 3008 3613 mulier
3049 3557 3217 3628 gloria
3272 3556 3386 3623 Dei,
3436 3574 3464 3612 a
3498 3573 3607 3629 quo
3634 3567 3695 3613 et
3749 3558 3817 3615 ad

2215 3665 2375 3719 quem
2402 3650 2810 3720 glor-iticandum
2835 3660 3019 3706 creata
3044 3659 3151 3711 est,
3181 3651 3275 3707 sed
3299 3659 3353 3706 et
3381 3650 3623 3706 secundo
3642 3650 3775 3705 loco
3797 3666 3812 3715 ;

2213 3740 2587 3809 principaliter
2618 3741 2759 3795 enim
2788 3741 2889 3796 vir.

2287 3834 2338 3888 9.
2371 3833 2609 3887 AMBROS.
2646 3833 2840 3888 Mulier
2863 3844 3165 3903 potestatem
3207 3835 3429 3900 habere,
3473 3843 3579 3890 etc.
3614 3834 3817 3891 Mulier

602 3922 751 3979 CAP.
786 3923 872 3979 XL
899 3958 967 3967 _
993 3929 1042 3982 ί.
1067 3931 1317 3988 ,ΛΜηοί
1349 3933 1533 3991 Laudo
1569 3957 1676 3994 vos.
1716 3940 1830 3998 Non
1858 3943 1960 4001 hoc
1988 3962 2112 4002 mn.
2137 3915 2185 3973 B
2217 3923 2270 3977 in
2301 3923 2551 3988 ecclesia,
2595 3937 2817 3995 propter
2862 3927 3219 3982 reverentiam
3265 3928 3648 3997 episcopalem,
3705 3945 3814 3981 non

532 4013 732 4084 ﬁrmat,
770 4020 866 4074 sed
900 4035 1180 4080 succenset
1205 4026 1323 4093 eis;
1352 4030 1476 4099 quia
1504 4048 1626 4086 cum
1654 4043 1798 4089 esset
1822 4037 2110 4105 Apostolus

531 4122 741 4177 eorum,
772 4112 1115 4172 immemores
1142 4128 1298 4174 erant
1332 4123 1678 4178 traditionum
1715 4125 1849 4192 ejus.

600 4200 655 4254 2.
710 4202 880 4274 Caput
927 4222 1043 4261 vero
1074 4206 1290 4265 Christi.
1331 4212 1501 4269 Aliter
1542 4224 1701 4282 caput
1732 4217 1831 4270 viri
1864 4218 2111 4275 Christus

529 4299 651 4357 est;
695 4302 751 4347 et
793 4292 949 4351 aliter
987 4298 1070 4351 vir
1108 4300 1385 4367 mulieris;
1431 4313 1485 4358 et
1518 4304 1678 4360 aliter
1709 4306 1848 4363 Deus
1888 4309 2107 4366 Christi.

534 4382 672 4437 Deus
699 4383 922 4452 Christi,
952 4390 1079 4458 quia
1102 4390 1169 4445 ab
1201 4393 1317 4463 ipso
1358 4397 1571 4465 genitus
1595 4406 1699 4453 est.
1732 4398 1971 4457 Mulieris
2008 4404 2107 4466 vir,

528 4473 654 4542 quia
694 4490 757 4530 ex
787 4477 907 4547 ejus
941 4490 1110 4546 costa,
1145 4484 1235 4538 Dei
1268 4485 1464 4540 virtute
1484 4488 1714 4543 formata
1734 4501 1836 4546 est.
1865 4493 2114 4552 Christus

531 4563 653 4628 viri,
678 4566 799 4635 quia
828 4584 924 4639 per
953 4571 1126 4642 ipsum
1157 4583 1372 4629 creatus
1397 4585 1500 4631 est.

600 4659 653 4713 5.
687 4660 869 4716 Omnis
890 4665 967 4718 vir
990 4682 1167 4730 orans,
1196 4666 1363 4723 Orare
1388 4668 1519 4725 dicit
1547 4672 1846 4743 deprecari,
1882 4678 2113 4748 prophe-

532 4758 673 4817 tare,
700 4752 988 4809 adventum
1016 4756 1229 4813 Domiai
1255 4757 1392 4825 fore,
1420 4763 1804 4836 voceSymboli
1834 4778 1956 4838 post
1983 4787 2108 4825 ora-

534 4840 729 4897 tionem
767 4844 938 4900 cﬂ'ari.

602 4933 653 4986 ὁ.
679 4934 882 4990 Lassa.
932 4936 1116 4992 Omnis
1157 4940 1237 4992 vir
1277 4955 1457 5005 orans,
1505 4953 1610 5000 etc.
1654 4946 1871 5004 Transit
1914 4949 1979 5005 ad
2012 4952 2115 5009 hoc

534 5028 918 5082 removendum
957 5031 1099 5099 quod
1145 5032 1284 5099 apud
1330 5032 1635 5093 Corinthios
1678 5041 1776 5095 viri
1821 5042 2027 5113 velato,
2058 5057 2115 5101 et

535 5118 790 5175 mulieres
820 5121 1051 5176 orabant
1081 5122 1132 5176 in
1165 5124 1390 5180 ecclesia
1424 5129 1598 5198 capite
1627 5146 1732 5186 non
1757 5134 1952 5201 velato,
2001 5146 2115 5191 tan-

531 5222 696 5276 quam
748 5209 1000 5267 mulieres
1047 5213 1177 5267 vitis
1222 5231 1327 5270 non
1373 5216 1603 5281 debeant
1625 5222 1799 5278 subdi.
1845 5224 1978 5291 Quia
2013 5227 2112 5280 ilhc

2216 4014 2414 4069 habeat
2447 4026 2610 4083 caput
2657 4016 2908 4082 liberum,
2956 4018 3050 4072 sed
3103 4018 3364 4074 velamine
3411 4027 3656 4084 tectum;
3713 4035 3815 4075 nec

2216 4105 2412 4160 habeat
2442 4108 2763 4176 potestatem
2804 4109 3078 4177 loquendi,
3128 4110 3250 4179 quia
3296 4110 3581 4180 episcopus
3623 4126 3816 4181 perso-

2215 4214 2339 4252 nam
2393 4198 2592 4254 Christi
2637 4199 2818 4255 habet.
2867 4200 3032 4267 Quasi
3081 4216 3211 4271 ergo
3251 4211 3377 4257 ante
3412 4201 3678 4271 judicetn,
3735 4206 3815 4259 sic

2213 4306 2343 4361 ergo
2371 4300 2497 4347 ante
2521 4292 2832 4363 episcopum
2854 4334 2869 4359 ,
2902 4294 2994 4364 qui
3032 4304 3116 4349 est
3152 4295 3386 4350 vicarius
3430 4294 3546 4361 Dei,
3582 4306 3816 4367 propter

2217 4396 2399 4440 reatus
2423 4387 2687 4456 originem
2715 4389 2957 4457 subjecta
2987 4388 3149 4444 debet
3171 4389 3363 4443 videri.

2288 4477 2375 4533 10.
2405 4477 2605 4533 ΒΑΜ-ιι.
2638 4475 2864 4545 Propter
2885 4480 3117 4548 angelos.
3147 4479 3380 4549 Angelos
3413 4490 3573 4535 vocat
3601 4483 3809 4549 praedi-

2215 4579 2444 4635 catores,
2470 4573 2562 4641 qui
2593 4572 2645 4626 in
2674 4571 2852 4627 altiori
2883 4573 3001 4627 loco
3028 4574 3417 4638 consistebant,
3455 4589 3576 4629 cum
3609 4578 3813 4645 praedi-

2212 4670 2422 4725 carent,
2449 4670 2667 4731 propter
2690 4663 2789 4717 hos
2802 4662 2931 4717 dicit
2957 4664 3211 4719 mulieres
3233 4664 3415 4721 velare
3433 4676 3808 4737 caputsuum;

2215 4752 2339 4821 quia
2371 4753 2575 4822 sparsis
2603 4753 2842 4808 crinibus
2860 4754 3070 4810 facilius
3092 4756 3417 4824 aspicientes
3439 4759 3505 4812 ad
3526 4756 3809 4813 luxuriam

2212 4844 2512 4901 irritarent.

2285 4940 2372 4994 il.
2406 4938 2790 4995 Verumtamen.
2815 4940 3071 5008 Quamvis
3110 4957 3317 5011 primus
3363 4943 3527 4998 homo
3575 4958 3683 4997 non
3737 4944 3812 4999 sit

2216 5046 2282 5087 ex
2311 5032 2556 5098 muliere,
2588 5033 2683 5088 sed
2714 5033 2908 5087 mulier
2935 5049 3003 5088 ex
3037 5034 3189 5104 ipso:
3220 5036 3271 5088 in
3318 5036 3668 5105 subsequenti
3718 5046 3807 5091 ta-

2217 5140 2340 5178 men
2371 5126 2759 5195 procreatione,
2810 5142 2915 5181 non
2943 5135 3025 5182 est
3055 5128 3176 5183 hoc.
3211 5126 3400 5184 Omnis
3426 5129 3568 5183 enim
3594 5129 3682 5183 vir
3711 5146 3811 5198 po-

2219 5222 2333 5268 stea
2372 5223 2688 5283 procreatus
2725 5224 2810 5270 est
2851 5230 2915 5271 ex
2948 5215 3193 5282 muliere,
3242 5226 3296 5271 et
3324 5217 3519 5273 mulier
3544 5233 3611 5273 ex
3662 5219 3807 5275 viro.

532 5304 688 5359 subdi
721 5304 939 5369 debent,
970 5315 1025 5361 ct
1055 5309 1153 5362 viri
1194 5324 1299 5364 nou
1328 5310 1525 5379 velato,
1556 5324 1609 5371 et
1650 5316 1899 5373 mulieres
1918 5318 2111 5375 debent

2232 5308 2276 5361 [η
2306 5308 2532 5363 Domino
2557 5319 2735 5362 autem
2766 5311 3055 5379 procreati,
3092 5311 3144 5364 id
3174 5320 3260 5365 est
3304 5312 3356 5365 in
3385 5313 3663 5367 creatione
3690 5312 3804 5369 Doo

533 5411 693 5452 orare
716 5397 892 5451 velato
915 5400 1109 5469 capite.

603 5487 657 5543 5.
682 5488 945 5558 ,Delurpat
969 5504 1123 5563 caput
1143 5510 1316 5548 suum.
1344 5496 1532 5552 Mulier
1555 5498 1751 5570 inquit,
1777 5500 1937 5557 debet
1957 5517 2135 5558 orare'

530 5580 713 5635 velato
739 5583 953 5650 capite;
994 5586 1155 5643 aliter
1190 5588 1333 5643 enim
1380 5591 1630 5661 deturpat
1670 5590 1875 5664 [caput]
1924 5610 2112 5660 suum,

532 5688 634 5743 par
653 5676 796 5732 enim
828 5677 955 5735 facit
980 5696 1043 5737 ac
1074 5682 1117 5737 si
1147 5682 1475 5738 decalvetnr.

605 5746 658 5804 6.
688 5749 925 5808 Aususr.
976 5753 1088 5823 (lib.
1123 5770 1195 5809 xu
1242 5754 1320 5809 De
1374 5754 1541 5822 Trin.,
1597 5770 1712 5825 cap.
1745 5756 1796 5825 7)
1847 5755 2029 5825 Imago
2069 5768 2113 5813 et

2230 5398 2351 5453 uini
2385 5398 2438 5452 in
2468 5415 2572 5468 qua
2602 5399 2739 5453 alter
2763 5400 2881 5454 sine
2908 5400 3079 5457 altero
3109 5418 3212 5456 non
3243 5410 3480 5457 creatur.

2292 5491 2379 5545 12.
2410 5492 2648 5547 Αιωιιοε.
2677 5492 2868 5547 Omnia
2907 5502 3081 5548 autem
3113 5510 3180 5548 ea:
3210 5493 3335 5549 Deo.
3369 5493 3441 5550 Ut
3473 5509 3649 5566 neque
3679 5512 3809 5551 mu-

2218 5582 2320 5637 lier
2344 5581 2697 5653 subjectionis
2725 5600 2836 5639 suae
2877 5599 3041 5641 causa
3070 5586 3445 5654 contristatur,
3495 5601 3673 5659 neque
3720 5589 3809 5645 vir

2218 5674 2485 5731 cxaltatus
2510 5674 2834 5747 superbiret.
