3880 6306
58 320 144 376 193
783 307 846 363 IN
879 309 941 364 D.
986 307 1193 365 PAULI
1214 305 1432 363 EPIST.
1463 302 1578 362 COi

1704 303 1819 360 ΝΤ.
1849 335 1919 345 --
1944 304 2162 361 EPIST.
2201 305 2222 361 l
2251 306 2344 362 AD
2383 306 2532 363 COR.
3185 313 3290 372 1114

57 451 151 490 eam
180 447 323 485 orare
351 445 457 484 non
484 436 670 490 vetata,
696 426 840 495 quod
873 427 955 480 vir
976 426 1191 495 quidem
1220 426 1264 480 si
1291 440 1505 480 comam
1533 424 1758 487 nutriat,
1792 423 2085 495 ignominia
2116 431 2200 478 est
2232 422 2303 477 illi
2332 440 2345 483 :
2390 424 2582 477 umlier
2612 439 2741 479 vero
2768 424 2811 479 si
2841 440 3053 481 comam
3082 428 3289 483 nutriat

56 531 199 602 gloria
228 536 309 583 est
338 524 411 580 illi
447 541 463 590 ;
500 523 700 593 (causa)
728 524 985 592 quoniam
1018 522 1196 592 capilli
1228 538 1326 592 pro
1348 521 1612 577 velamine
1640 521 1690 575 ei
1720 521 1830 575 dati
1858 528 1985 575 sunt
2012 521 2034 575 ?
2059 520 2105 574 si
2138 520 2261 589 quis
2288 529 2469 574 autem
2495 519 2708 574 videtur
2725 523 3095 579 contentiosus
3120 540 3243 581 esse
3268 544 3283 580 :

58 637 229 687 irontra
251 624 380 687 lia'c,
410 619 488 675 rei
519 621 624 674 alia
653 637 765 674 mea
793 621 1224 683 dicta~dicemus,
1253 618 1451 672 scilicet
1485 634 1579 672 nos
1605 634 1708 671 non
1741 616 1990 671 habemus
2014 626 2318 670 consuetum
2352 616 2595 670 mulieres
2624 633 2726 669 non
2772 617 2939 671 relare
2984 624 3159 691 caput)
3192 635 3289 675 nos

59 722 190 775 talem
227 717 668 773 consuetudinem
700 732 806 772 non
842 716 1124 777 habemus,
1154 730 1329 785 neque
1357 714 1598 769 Ecclesia
1633 714 1746 769 Dei.
1779 714 1865 768 15.
1892 713 2006 769 lloc
2035 723 2217 770 autem
2246 714 2500 784 prmcipio
2523 717 2602 782 (ut
2633 731 2782 768 nemo
2821 716 2888 771 sit
2915 719 3288 783 contentiosus,

56 819 183 869 velut
213 815 340 870 nulli
366 814 532 869 velent
558 812 756 884 capita)
783 828 799 879 ;
830 828 935 867 non
967 812 1196 866 laudans
1232 810 1375 879 quod
1404 826 1509 867 non
1542 810 1595 864 in
1625 810 1841 875 melius,
1877 811 1932 863 id
1956 820 2054 875 est,
2088 810 2301 876 bonum,
2338 810 2434 864 sed
2464 811 2517 864 in
2562 809 2821 873 deterius,
2865 810 2920 863 id
2947 821 3044 873 est,
3090 811 3290 864 malum

55 910 337 974 «'oiivenitis,
372 909 443 963 ad
475 909 1017 963 commemorationem
1048 906 1337 962 Dominica:
1365 923 1543 961 caram.
1574 906 1817 960 Primum
1840 906 1977 960 enim
2000 905 2117 960 dico
2148 907 2271 976 quia
2301 906 2518 977 quidem
2556 908 3000 962 convenientibus
3029 907 3182 961 vobis
3232 907 3287 961 in

58 1007 332 1068 Ecclesium,
370 1007 533 1060 audio
562 1008 827 1061 scissuras
856 1006 998 1060 inter
1034 996 1129 1059 vos
1161 1001 1347 1075 (Pauli
1372 1005 1509 1058 enim
1537 1020 1631 1073 per
1657 1021 1735 1067 se,
1767 1001 1913 1057 Petri
1936 1020 2030 1073 per
2052 1021 2105 1058 se
2137 1004 2381 1074 discipuli
2424 1004 2697 1058 ccenabant
2723 1005 3061 1076 dedignantes
3096 1003 3293 1057 alteru-

57 1104 187 1173 trum)
210 1118 323 1159 esse
349 1111 401 1157 et
426 1118 494 1157 es
529 1113 682 1172 parte
721 1101 884 1157 credo
908 1118 1018 1155 esse
1046 1101 1325 1155 scissuras.
1353 1098 1486 1153 Nam
1513 1098 1790 1169 Scriptura
1818 1099 1944 1153 dicit
1969 1118 1989 1157 :
2012 1099 2237 1169 Oportet
2266 1108 2320 1154 et
2347 1100 2578 1155 lizcreses
2606 1114 2751 1165 esse,
2782 1109 2841 1153 ut
2877 1108 2931 1155 et
2956 1099 3046 1168 qui
3075 1099 3287 1170 probati

54 1211 173 1267 sunt,
201 1200 461 1256 manifesti
491 1202 621 1254 [iant
655 1200 709 1253 in
748 1199 918 1253 vobis.
946 1198 1057 1271 69
1087 1198 1152 1252 14
1176 1239 1189 1261 ,
1226 1198 1311 1251 15.
1338 1196 1797 1252 Convenieutibus
1818 1212 1945 1267 ergo
1973 1198 2126 1252 vobis
2148 1197 2201 1251 in
2232 1214 2422 1261 unum,
2445 1196 2557 1264 jam
2587 1213 2693 1250 non
2724 1208 2806 1251 est
2837 1197 2921 1250 16.
2956 1196 3287 1251 Dominicani

56 1311 233 1350 rteuam
263 1296 611 1360 manducare,
638 1312 740 1349 non
766 1306 840 1348 est
868 1296 1003 1348 enim
1030 1293 1347 1357 communis,
1385 1303 1438 1346 ut
1469 1293 1744 1347 Dominica
1769 1310 1911 1347 ((8an
1942 1294 2061 1363 fuit.
2098 1294 2183 1348 17.
2246 1294 2626 1363 Unusquisque
2678 1293 2821 1348 enim
2880 1311 3031 1348 suam
3076 1308 3285 1349 cmnam

56 1393 310 1460 pnesumit,
340 1393 617 1462 anticipat,
645 1410 746 1446 non
773 1404 1074 1462 exspectans
1102 1391 1256 1458 alios,
1296 1392 1361 1445 ad
1387 1391 1841 1446 manducandum.
1894 1392 1961 1446 Et
1988 1391 2127 1447 alius
2167 1392 2380 1462 quidem
2423 1409 2621 1462 pauper
2672 1391 2865 1455 esurit,
2913 1390 3050 1443 alius
3105 1399 3287 1443 autem

54 1489 165 1541 dites
192 1488 363 1542 ebrius
385 1498 490 1542 est.
522 1487 774 1557 Nunquid
817 1489 1007 1542 domos
1036 1502 1143 1541 non
1169 1487 1375 1541 habetis
1399 1488 1464 1540 ad
1493 1487 1926 1541 manducandum
1952 1497 2005 1543 ct
2030 1487 2354 1542 bibendum?
2382 1498 2470 1540 aut
2502 1488 2788 1543 ecclesiam
2840 1487 2931 1540 Dei
2986 1486 3288 1540 (ontemni-

56 1584 121 1643 tis,
149 1582 318 1655 [satius
347 1586 485 1639 enini
520 1594 649 1639 esset
680 1585 822 1638 danti
844 1585 1112 1639 comedere
1137 1601 1292 1654 quam
1321 1585 1373 1637 in
1396 1582 1610 1637 ecclesia
1638 1594 1758 1638 ante
1798 1584 1983 1637 lioram
2026 1582 2205 1656 cwuat]
2256 1594 2309 1639 et
2373 1584 2698 1638 confunditis
2754 1600 2869 1650 eos,
2925 1585 3287 1637 rerecuudiam

57 1682 193 1747 {uritis
217 1682 284 1735 eis
308 1682 397 1751 qui
430 1697 540 1739 non
571 1681 807 1736 habcttt?
828 1681 967 1747 Quid
995 1681 1170 1735 dicam
1200 1680 1389 1735 vobis?
1420 1681 1501 1735 l8.
1535 1679 1718 1735 Laudo
1747 1681 1878 1736 vos?
1904 1681 1960 1735 In
1992 1682 2094 1736 hoc
2118 1697 2221 1735 non
2257 1681 2434 1746 laudo,
2466 1684 2588 1752 quia
2637 1699 2739 1735 non
2772 1683 3052 1737 observatis
3085 1699 3145 1736 ea
3170 1700 3201 1753 q
3243 1700 3287 1736 az

55 1781 191 1848 accepi
209 1798 238 1833 a
265 1780 484 1835 Domino
534 1782 598 1835 de
623 1780 1067 1835 commendatione
1089 1764 1264 1833 creuit.
1293 1779 1400 1849 Ego
1429 1780 1569 1834 enim
1589 1780 1769 1848 accepi
1796 1798 1823 1834 a
1862 1780 2085 1834 Domino
2114 1781 2254 1851 quod
2282 1789 2336 1835 et
2368 1780 2558 1834 traditi
2586 1780 2755 1845 vobis,
2800 1781 2993 1834 scilicet
3026 1791 3079 1833 ut
3142 1797 3286 1835 cwna

55 1878 281 1945 «qualiter
304 1878 703 1932 distribuereJur
733 1878 867 1931 inter
896 1894 1001 1939 vos,
1031 1876 1283 1946 quoniam
1311 1875 1566 1928 Dominus
1600 1873 1756 1929 Jesus
1786 1876 1835 1929 iu
1860 1891 1963 1944 qua
1993 1884 2151 1930 nocte
2179 1874 2511 1941 tradebatur,
2537 1875 2746 1944 accepit
2797 1893 3011 1946 panem,
3070 1887 3122 1932 ct
3158 1895 3284 1948 gra-

57 1969 136 2023 tias
162 1986 308 2038 agens
331 1971 509 2040 fregit,
540 1981 594 2027 et
622 1970 761 2025 dixit
796 1989 807 2024 :
842 1972 1083 2041 Accipite
1110 1981 1163 2027 et
1186 1972 1534 2035 manducatc;
1570 1970 1670 2024 hoc
1693 1981 1775 2024 cst
1802 1986 2001 2040 corpus
2026 1986 2225 2035 meum,
2253 1971 2394 2039 quod
2423 1986 2518 2039 pro
2573 1971 2726 2025 vobis
2769 1972 3040 2036 tradetur;
3074 1974 3176 2027 lioc
3209 1977 3287 2027 la-

61 2069 155 2130 cite,
196 2068 243 2119 id
266 2078 360 2132 est,
383 2068 479 2121 hoc
509 2085 697 2137 corpus
728 2069 1117 2121 consecratione
1141 2068 1297 2135 facile
1335 2069 1385 2122 in
1425 2084 1598 2122 meam
1629 2067 2224 2122 commemorationem.
2283 2065 2546 2121 Similiter
2589 2075 2642 2119 ct
2695 2065 2944 2131 calicem,
2998 2078 3280 2137 postquam

60 2164 268 2227 cantavit.
318 2166 506 2221 dicens
540 2184 553 2218 :
589 2167 673 2220 19.
707 2165 791 2219 υἱ(
833 2166 973 2219 calix
1012 2181 1207 2220 novum
1243 2176 1628 2222 testamentum
1651 2174 1735 2219 est
1767 2164 1818 2219 in
1851 2179 1971 2219 meo
2019 2162 2311 2233 sanguine;
2348 2164 2449 2217 hoc
2490 2162 2668 2226 facite,
2729 2164 3160 2233 quotiescunque
3208 2164 3287 2218 Μ-

61 2257 188 2323 betis,
217 2261 262 2313 in
290 2276 463 2316 meum
490 2258 1093 2317 coniinemorationcm.
1130 2260 1359 2328 Exponit
1387 2263 1439 2315 in
1462 2279 1619 2331 quam
1649 2260 1845 2315 Christi
1891 2260 2455 2314 commemorationem.
2509 2257 2598 2312 20.
2647 2257 3087 2329 Quotiescunque
3140 2261 3284 2313 enim

62 2352 404 2409 uianducabitis
433 2372 632 2426 panem
663 2356 830 2420 hunc,
854 2365 907 2410 et
934 2355 1161 2411 calicem
1194 2356 1389 2411 bibetis
1413 2358 1505 2411 21.
1568 2366 1793 2412 mortem
1837 2356 2045 2409 Domini
2068 2356 2185 2424 jam
2245 2355 2443 2422 factam
2491 2354 2897 2414 annuutiabitis.
2956 2357 3049 2410 22.
3116 2356 3286 2411 donec

65 2449 203 2502 veniat
228 2448 471 2505 Dominus
510 2453 581 2505 ad
605 2451 892 2521 judicium.
935 2452 1027 2507 25.
1061 2452 1247 2523 Itaque
1272 2453 1579 2523 quicunque
1618 2452 2029 2506 tuanducavcrit
2078 2466 2269 2519 pauent
2301 2449 2408 2519 70
2441 2450 2603 2509 hunc.
2667 2448 2747 2502 vel
2812 2449 3011 2504 biberit
3059 2450 3282 2505 calicem

64 2538 227 2595 Domini
258 2543 487 2614 indigne,
518 2545 611 2599 24.
640 2561 762 2600 reus
784 2550 891 2601 erit
919 2546 1161 2615 corporis
1184 2554 1237 2599 et
1266 2545 1545 2613 sanguinis
1573 2544 1804 2598 Domini.
1833 2543 2028 2598 Probet
2054 2554 2233 2596 autem
2252 2583 2265 2607 ,
2315 2541 2529 2611 probum
2562 2540 2722 2611 faciat
2750 2541 2984 2612 scipsum
3018 2542 3201 2608 homo,
3230 2553 3286 2599 et

64 2632 119 2687 sic
138 2636 357 2703 probatus
389 2639 453 2694 de
476 2656 623 2709 pane
656 2640 745 2696 illo
771 2640 895 2696 edat
931 2650 986 2697 et
1012 2642 1078 2697 de
1099 2641 1269 2697 calice
1291 2641 1458 2695 bibat.
1496 2640 1596 2708 Qui
1627 2641 1771 2695 enim
1806 2641 2095 2694 inanducat
2123 2648 2174 2693 ct
2197 2638 2335 2693 bibit
2386 2637 2626 2706 indigne,
2662 2634 2925 2705 judicium
2982 2640 3283 2693 damnatio-

1351 2805 1924 2863 COMMENTARIUS.

112 2959 181 3016 l5.
204 2963 425 3020 Aususr.
453 2963 574 3033 (lib.
612 2962 684 3018 De
707 2981 857 3032 opere
893 2981 1032 3018 mon.
1057 3004 1072 3030 ,
1104 2979 1155 3019 c.
1198 2965 1259 3019 3|
1293 3004 1306 3029 ,
1342 2972 1472 3017 toni.
1507 2964 1592 3033 Ill)
1624 2971 1668 3029 Α
1701 2964 1808 3017 nati
1841 2964 2036 3017 fratres
2060 2963 2126 3017 ad
2150 2962 2275 3016 illud
2306 2970 2704 3017 sacramentum
2751 2959 3124 3032 accipiendum
3156 2978 3284 3020 con-

62 3045 146 3103 lloc
188 3061 340 3106 autem
378 3054 651 3123 pra'cipio.
695 3052 805 3107 lloc
830 3062 1007 3109 autem
1047 3054 1321 3124 pra-cipio,
1355 3063 1412 3108 ut
1448 3053 1583 3108 scili-
1696 3054 1879 3109 venire
1914 3053 2137 3118 debent;
2171 3063 2261 3107 aut
2289 3053 2431 3108 sicut
2476 3050 2754 3107 faciebant
2807 3066 2942 3120 quos
2994 3055 3284 3123 Apostolus

59 3150 122 3193 cet
168 3158 257 3198 non
300 3145 619 3200 disserentis
665 3145 886 3200 solertia
920 3146 1244 3215 requiratur,
1278 3147 1373 3202 scd
1409 3146 1586 3217 perci-

59 3232 211 3298 pientis
241 3238 528 3292 auctoritas
554 3239 884 3292 atteudatur.

110 3324 178 3378 11.
202 3327 421 3385 Annaos.
451 3330 889 3385 Convenientilms
917 3332 1075 3385 vobis.
1119 3334 1227 3387 llos
1278 3342 1449 3399 notat,
1495 3332 1585 3401 qui

59 3414 116 3469 sic
145 3417 187 3470 in
207 3421 467 3477 ecclesiam
493 3422 914 3488 conveniebant,
947 3434 1023 3489 ut,
1056 3440 1278 3478 munera
1306 3441 1403 3479 sua
1457 3424 1590 3479 offc-

59 3515 645 3578 reutes,advenientibus
699 3515 1048 3587 presbyteris,
1082 3526 1251 3572 totum
1305 3519 1428 3582 sibi,
1493 3520 1585 3588 qui

58 3596 289 3668 obtulerat,
313 3605 638 3662 vindicaret.
689 3606 1063 3663 Dissentioncs
1111 3609 1254 3663 enim
1309 3610 1448 3664 inter
1491 3626 1586 3666 eos

60 3692 869 3764 Pseudoapostoliscutinaveraut,
927 3698 1000 3753 ita
1029 3699 1404 3754 utoblalioncs
1458 3717 1585 3757 suas

60 3780 326 3854 zelareatur,
352 3805 469 3845 cum
497 3805 606 3845 una
652 3790 947 3861 eademque
978 3807 1137 3862 prece
1163 3794 1402 3847 omnium
1434 3794 1584 3848 Obla-

61 3871 192 3928 tiones
215 3877 669 3949 beuedicerentur,
706 3884 903 3954 utqui,
957 3885 1242 3941 utassolct
1290 3887 1429 3953 fieri,
1476 3904 1581 3943 non

58 3964 326 4037 obtulerant,
350 3985 440 4029 aut
463 3975 610 4031 unde
634 3974 892 4032 offerrent
915 3994 1020 4032 non
1044 3978 1347 4045 habebant,
1379 3982 1582 4050 pudore

60 4061 239 4113 correcti
257 4065 734 4132 confunderentur,
764 4083 871 4122 non
899 4079 1176 4125 sumentes
1199 4081 1432 4139 partem.

112 4151 177 4205 l5.
205 4154 386 4213 [ΑΜ-η.
424 4159 882 4218 Convenien:ibus.
926 4162 1379 4220 Consuetudinem
1421 4176 1579 4223 antea

59 4236 273 4302 habebant
298 4253 454 4309 certis
480 4254 817 4324 temporibus
852 4256 919 4311 ad
955 4257 1238 4312 ecclesiam
1267 4260 1578 4322 convenire.

1692 3146 1890 3216 arguit,
1924 3156 1979 3201 et
2033 3147 2378 3202 commendat
2427 3145 2549 3219 [al.,
2592 3142 2866 3215 emendat]
2923 3147 3123 3203 mensis
3169 3149 3282 3205 suis

1690 3239 1790 3294 ista
1822 3241 2068 3294 miscere.

1762 3330 1846 3385 18.
1890 3331 2090 3385 Laxrtt.
2120 3329 2304 3386 Laudo
2334 3350 2441 3386 vos.
2478 3330 2593 3387 Non
2631 3332 2788 3391 laudo
2820 3349 2911 3389 vos
2937 3334 2986 3388 iu
3015 3334 3116 3389 hoc
3137 3336 3280 3404 quod

1688 3438 1794 3476 nzin
1823 3422 2181 3476 comumuiti-r
2210 3423 2445 3478 sumitis.
2474 3423 2606 3478 Nam
2638 3426 2715 3480 rei
2770 3426 2901 3481 estis
2938 3425 3182 3494 corporis
3225 3436 3279 3480 et

1686 3515 1907 3585 sanguis
1941 3515 2181 3580 Domini;
2214 3531 2275 3570 ea
2299 3517 2442 3570 enim
2494 3517 2708 3588 indigne
2764 3518 2996 3573 sumitis.
3057 3518 3112 3572 Si
3164 3519 3278 3588 ipse

1690 3610 1865 3680 panis,
1899 3618 1953 3664 et
1982 3604 2121 3663 calix
2150 3626 2309 3680 quem
2339 3610 2575 3675 sumitis,
2606 3620 2688 3667 est
2737 3612 2953 3681 sanguis
3003 3620 3056 3667 et
3085 3627 3278 3681 corpus

1684 3702 1909 3772 Christi,
1944 3713 2069 3758 tunc
2102 3703 2319 3775 indigne
2358 3703 2569 3759 sumitis
2613 3719 2810 3774 corpus
2855 3713 2909 3758 ct
2956 3704 3273 3774 Sanguinem

1684 3792 1915 3858 Christi;
1941 3794 2087 3863 atqui
2123 3794 2250 3848 illud
2284 3803 2386 3849 est.
2414 3792 2548 3848 Nam
2598 3795 2855 3849 Dominus
2881 3795 3013 3849 dixit
3059 3795 3276 3866 quando

1686 3886 2003 3941 tradebatur
2038 3905 2051 3941 :
2096 3887 2207 3959 Ego
2237 3887 2383 3943 enim
2429 3888 2610 3959 accepi
2651 3905 2680 3942 a
2709 3888 2959 3955 Domino,
3014 3898 3069 3944 et
3120 3902 3277 3945 acce-

1681 3989 1831 4052 ptqu
1860 3982 2052 4036 tradidi
2083 3982 2252 4037 vobis.

1755 4070 1841 4126 19.
1872 4069 1973 4126 llic
1995 4070 2134 4126 ralia:
2160 4088 2367 4138 novum,
2416 4082 2522 4129 etc.
2579 4074 2744 4128 Ordo.
2807 4074 2908 4128 llic
2949 4077 3087 4128 calix
3134 4090 3274 4129 novo

1682 4163 1941 4233 sanguine
1977 4174 2058 4219 est
2089 4180 2286 4219 novum
2312 4174 2717 4231 testamentum,
2748 4166 2927 4231 idest,
2963 4182 3058 4237 per
3092 4182 3269 4221 mcum

1682 4255 1997 4325 sanguinem
2038 4258 2396 4311 conlirmatur
2456 4274 2653 4312 novum
2700 4267 3097 4320 testamentum,
3146 4259 3271 4328 quia

58 4340 116 4396 et.
133 4350 262 4404 prout
286 4345 470 4415 cuique
496 4344 730 4402 facultas
750 4356 886 4413 erat,
923 4349 1104 4405 cibum
1154 4359 1208 4403 et
1238 4361 1421 4420 potum
1454 4353 1579 4408 illuc
1612 4364 1653 4423 Β
1688 4355 2069 4401 testamentum
2107 4349 2159 4402 in
2183 4350 2410 4403 mortuis
2431 4350 2809 4403 conﬁrmatur.
2875 4351 2968 4404 Vel
2999 4365 3095 4419 per
3128 4349 3272 4401 hunc

60 4423 239 4498 deferre,
257 4444 306 4489 et
324 4437 478 4493 simul
509 4455 700 4496 omnes
724 4450 777 4494 et
822 4456 1085 4512 pauperes
1115 4451 1168 4498 et
1210 4443 1403 4499 divites
1453 4462 1579 4515 par-

61 4518 260 4609 ticipare;
286 4532 451 4588 ethoc
479 4533 747 4588 vocabant
775 4535 1106 4591 Dominicam
1165 4551 1400 4604 cwnam,
1448 4541 1572 4609 quia

60 4605 97 4660 iu
114 4621 379 4676 memoriam
401 4624 695 4681 Dominicze
741 4641 935 4691 etcum,
992 4630 1095 4684 hoc
1143 4629 1323 4685 fiebat.
1374 4629 1571 4686 Verum

59 4696 457 4771 lIzl'ccousuetudo
484 4718 776 4787 depravata
808 4731 954 4786 erat;
1014 4723 1207 4779 divites
1254 4725 1399 4780 enim
1449 4742 1574 4782 suas

59 4804 198 4854 (uenas
240 4807 625 4879 anticipantes,
671 4812 1045 4868 comedebaut.
1111 4815 1383 4887 Paupercs
1445 4834 1574 4874 vero

60 4896 202 4973 parum
226 4895 465 4956 habentes
496 4903 549 4957 in
570 4914 862 4973 conspectu
906 4921 1094 4961 eorum
1127 4910 1410 4964 comedere
1451 4926 1574 4964 eru-

60 4970 307 5042 bescebant.
336 4990 445 5048 Hoc
471 4970 747 5067 redarguit
770 4998 1081 5068 Apostolus.
1142 5010 1198 5056 et
1219 5002 1351 5057 dicit
1380 5003 1573 5059 melius

61 5079 146 5122 esse
165 5072 271 5143 illis,
294 5082 336 5137 si
363 5088 499 5156 apud
529 5087 717 5145 domos
738 5104 863 5146 suae
893 5091 1218 5148 manducent
1263 5104 1320 5149 et
1361 5096 1569 5163 bibant,

62 5168 179 5260 quam
211 5167 255 5222 in
280 5185 636 5249 contemptum
661 5182 929 5251 ecclesiae,
972 5193 1027 5241 et
1051 5185 1420 5244 confusionem
1443 5204 1572 5260 pau-

61 5258 200 5312 ltt‘mm
223 5271 539 5327 conveniant.

110 5344 176 5448 ‘6:
201 5355 416 5448 sucosa.
444 5366 622 5436 (epist.
646 5368 750 5424 118
772 5370 842 5423 ad
869 5369 1125 5440 Januar.,
1164 5388 1215 5428 c.
1245 5373 1300 5442 5,
1335 5383 1465 5430 tom.
1505 5376 1563 5448 Ill

1682 4436 1893 4490 habetis
1918 4452 2109 4491 novam
2139 4438 2574 4507 promissionem,
2604 4438 2655 4493 id
2681 4448 2784 4505 est,
2839 4438 3050 4509 plenam
3081 4437 3272 4493 remis-

1676 4528 1881 4583 sionem
1913 4540 2276 4597 peccatorum.

1745 4619 1834 4674 20.
1865 4620 2303 4693 Quotiescunque.
2331 4622 2584 4694 Exponit,
2609 4624 2850 4694 inquam,
2879 4625 3087 4680 Domini
3118 4641 3269 4682 com-

1675 4712 2147 4777 memorationem,
2189 4715 2380 4769 tnortis
2405 4714 2669 4771 videlicet.

1745 4801 1835 4856 21.
1864 4802 2088 4859 Mortem
2114 4805 2323 4861 Domini
2355 4809 2758 4865 annuntiabitis.
2816 4811 2870 4865 In
2912 4810 3267 4870 Sacraiizento

1674 4896 1919 4965 corporis
1944 4895 2166 4964 Christi,
2202 4915 2348 4954 mors
2369 4898 2483 4969 ejus
2512 4903 2884 4967 annuntiatur,
2918 4904 3044 4973 quia
3080 4905 3130 4960 in
3162 4922 3269 4960 me-

1676 4990 1905 5057 moriam
1931 4992 2124 5047 mortis
2164 4991 2278 5061 ejus
2313 4993 2552 5063 quotidie
2582 5011 2611 5049 a
2642 4996 2888 5052 fidelibus
2938 4999 3262 5054 celebratur.

1754 5106 1844 5161 22.
1872 5105 2049 5162 Donec
2072 5109 2262 5163 veniat.
2290 5110 2370 5164 Ad
2399 5110 2659 5180 judicium
2702 5114 2913 5180 veniat;
2973 5115 3093 5168 ideo
3134 5115 3266 5170 dicit

1675 5200 1800 5270 quia
1827 5199 2155 5257 sacrificium
2182 5203 2283 5257 hoc
2311 5219 2414 5257 non
2446 5207 2743 5260 mutabitur
2776 5224 2948 5278 usque
2998 5208 3049 5262 in
3101 5206 3262 5264 linem

1674 5291 1881 5357 saeculi,
1904 5292 2044 5347 sicut
2072 5303 2413 5349 sacramenta
2437 5293 2747 5352 Judteorum
2777 5307 2983 5353 mutata
3008 5307 3153 5354 sunt.

1741 5384 1833 5438 25.
1876 5384 2067 5455 Itaque
2090 5387 2405 5459 quicunque.
2439 5390 2554 5445 Hoc
2589 5407 2653 5447 ex
2690 5393 2939 5462 superius
2968 5393 3129 5448 dictis
3159 5393 3263 5448 lic-

167 5442 175 5451 ‘
453 5428 463 5435 ,
497 5428 515 5436 _
1111 5428 1125 5440 ,
1286 5428 1299 5442 ,
1342 5428 1463 5430 ---γη
1506 5428 1560 5448 η,
1745 5428 1833 5438 -.η
1876 5428 2061 5455 -..τ-ι..-
2090 5428 2405 5459 vanu-.7»...
2440 5428 2554 5445 ιιυυ
2589 5428 2653 5447 ιμι
2691 5428 2939 5462 ουμυιιυο
2968 5428 3129 5448 unum“
3159 5428 3255 5448 ub-

344 5472 554 5517 ccaam.
584 5463 759 5532 Ipsam
805 5468 1177 5537 acceptionem
1225 5471 1569 5527 eucharistia:
1670 5475 1968 5547 demptoris
1996 5479 2174 5534 verbis
2214 5481 2522 5554 colligitur:
2556 5483 2671 5538 Hoc
2714 5495 2791 5540 est
2844 5501 3032 5557 corpus
3064 5504 3255 5544 meum.

64 5518 332 5601 Domiaicam
359 5564 559 5610 cenam
589 5567 764 5613 vocat.

113 5621 424 5726 libid.,c.
465 5643 540 5717 6.)
568 5646 953 5724 Unusquisque.
1009 5653 1197 5726 Neque
1247 5654 1391 5710 enim
1440 5656 1564 5726 quia

1670 5569 1781 5625 Et:
1812 5570 1878 5625 In
1913 5587 2024 5627 meo
2047 5573 2319 5644 sanguine.

1739 5661 1830 5717 24.
1855 5665 2095 5720 Animos.
2134 5665 2270 5722 Reus
2302 5668 2397 5721 erit
2426 5669 2657 5737 corporis
2705 5670 2843 5737 Quid
2866 5678 2950 5728 est
2970 5686 3091 5729 reos
3116 5684 3254 5734 esse.

64 5715 151 5770 Ροδι
178 5717 305 5781 Cibos
329 5715 572 5793 Dominus
600 5715 767 5809 dedit,
806 5715 1091 5816 propterea
1107 5715 1306 5817 .pransi
1338 5755 1430 5802 aut
1457 5715 1566 5804 cte-
1593 5746 1637 5809 C
1669 5715 1771 5809 nisi
