3964 6290
581 313 690 372 I95
1617 309 1678 365 Β.
1715 281 2106 365 ιπιΝιπιιΑΝει
2141 317 2147 352 ι

2263 305 2470 361 ἰτυλῐί
2513 307 2829 365 Αιιειιιιέι).
3757 320 3846 380 196

579 441 696 478 nem
719 424 826 480 sibi
854 427 1144 482 manducat
1166 433 1220 480 et
1244 423 1398 488 bibit,
1426 421 1516 477 25.
1553 437 1658 475 non
1695 419 1998 490 dijudirans
2021 433 2215 487 corpus
2239 417 2472 481 Domini,
2499 437 2601 473 non
2631 421 2930 476 discernens
2979 438 3168 490 corpus
3217 421 3427 478 Domini
3458 442 3490 480 α
3513 428 3712 483 ueteris
3732 433 3846 491 cibis

579 523 912 576 ueneratione
932 521 1211 591 singulari.
1249 520 1392 585 ideo,
1416 519 1538 590 quia
1563 517 1777 585 indigne
1803 517 2051 576 sumitur,
2082 517 2221 568 inter
2243 530 2340 568 vos
2390 515 2542 568 multi
2578 517 2801 583 infirmi,
2849 527 2906 572 et
2947 519 3248 574 imbecilles
3303 530 3448 584 sunt,
3507 531 3562 575 et
3588 523 3848 585 dormiunt

577 616 881 669 moriuntur
911 620 1086 672 nudti.
1114 618 1204 671 26.
1235 617 1386 684 Quod
1413 616 1456 668 si
1488 614 1851 682 nosmetipsos
1878 611 2320 681 diiudicaremus,
2347 610 2752 679 intelliget-emus
2783 624 2830 666 et
2853 615 3239 680 paeniteremus,
3267 630 3372 670 non
3425 617 3613 686 utique
3664 621 3848 691 dijudi-

576 724 854 773 caremur,
880 713 1280 768 damnarentur.
1313 714 1446 765 Dum
1471 711 1780 779 jndieamur
1801 717 2006 772 autem,
2036 725 2064 761 a
2093 708 2319 762 Domino
2349 709 2696 776 corripianur,
2729 728 2981 779 punimur
3010 713 3062 764 in
3089 712 3186 765 hoc
3221 711 3436 780 sit-culo,
3467 725 3526 767 ut
3570 732 3676 770 non
3731 735 3844 775 cunt

581 803 685 856 hoc
711 806 914 858 mundo
935 805 1272 858 damnentur.
1303 804 1509 872 itaque,
1547 802 1743 855 fratres
1775 802 1904 864 mei,
1932 801 2180 870 quoniam
2206 800 2416 854 malum
2441 813 2514 854 est
2539 817 2954 874 unumquemque
2995 820 3309 870 pra-sumere
3338 819 3556 864 canant,
3591 823 3708 860 eum
3731 826 3848 866 con-

579 896 775 950 venitis
802 899 868 951 ad
902 899 1357 961 manducamlum,
1387 897 1616 950 invicem
1639 902 1970 963 exspectate.
1999 893 2089 946 27.
2135 892 2190 946 Si
2221 893 2343 963 quis
2372 893 2563 962 esurit,
2591 894 2733 949 domi
2761 896 3072 964 manducet,
3101 906 3158 950 ut
3177 913 3285 951 non
3313 895 3642 966 injudicium
3663 917 3846 958 convc-

579 989 764 1045 niatis.
796 990 1003 1045 Cat-tera
1033 1001 1238 1054 autem,
1268 1004 1387 1041 cum
1421 1005 1642 1052 venero,
1675 988 1979 1056 disponam.

2063 1096 2295 1153 CAPUT
2334 1097 2450 1152 ΧΠ.

646 1217 697 1268 l.
735 1216 805 1269 De
829 1215 1196 1284 spiritualibus
1223 1225 1422 1281 autem,
1445 1233 1560 1286 gure
1590 1215 1828 1284 superius
1851 1215 1996 1280 dixi;
2034 1215 2108 1269 rel
2127 1216 2300 1283 potius
2327 1231 2442 1286 qua:
2467 1216 2521 1269 in
2545 1215 2773 1285 sequenti
2803 1213 2994 1278 dicam,
3015 1212 3138 1268 nolo
3185 1227 3280 1268 vos
3327 1213 3601 1283 ignorare,
3635 1212 3839 1274 fratres.

573 1311 738 1365 Scitis
759 1313 1038 1380 quoniam,
1068 1328 1187 1365 cum
1225 1321 1411 1382 gentes
1441 1313 1652 1372 essetis,
1677 1311 1941 1381 gentiliter
1966 1313 2185 1365 rirentes
2216 1313 2417 1379 essetis,
2446 1311 2513 1365 ad
2541 1311 2828 1365 simulacra
2873 1317 3020 1364 muta
3048 1317 3208 1379 prout
3244 1311 3611 1376 ducehamini,
3663 1324 3716 1366 ut
3739 1316 3844 1384 pta.

570 1416 676 1458 rmt
709 1407 1094 1469 sacerdotibus,
1130 1417 1322 1462 euntes
1349 1407 1532 1469 eratis,
1553 1406 1628 1460 rel
1655 1407 1828 1460 ibatis.
1865 1407 1922 1460 '2.
1959 1406 2083 1461 ideo
2105 1408 2232 1477 quia
2267 1408 2543 1476 gentilitat.‘
2573 1407 2840 1471 obedistis,
2869 1417 3054 1461 notum
3077 1407 3232 1460 vobis
3256 1407 3417 1473 facio,
3451 1409 3624 1478 (quasi
3645 1411 3845 1470 ώσω-οῖς

567 1503 691 1569 quia
728 1501 781 1553 in
811 1501 1098 1570 gentilitate
1129 1503 1286 1555 etiam
1324 1502 1391 1553 ad
1433 1501 1627 1555 malum
1660 1501 1953 1555 obcdientes
1984 1501 2179 1572 fuistis,
2213 1505 2368 1557 credo
2395 1505 2533 1575 quod
2567 1505 2618 1558 in
2664 1505 2768 1572 fide
2811 1503 3006 1557 Christi
3059 1505 3129 1557 ad
3181 1506 3314 1558 bona
3361 1505 3528 1574 magis
3571 1505 3845 1564 obedientes

568 1600 737 1664 eritis)
761 1600 906 1669 quod
941 1615 1100 1654 nemo
1123 1599 1174 1653 in
1208 1596 1436 1669 Spiritu,
1469 1615 1562 1667 per
1592 1597 1871 1666 Spiritum,
1910 1598 2002 1653 Dei
2033 1599 2282 1669 loquens,
2308 1601 2438 1654 dicit
2467 1600 2757 1654 anathema
2783 1599 2937 1666 .lesu,
2988 1599 3257 1654 Christum
3288 1612 3587 1670 separatum
3619 1619 3648 1654 a
3675 1600 3848 1694 Patre.

570 1695 854 1748 anathema
885 1695 1016 1749 Jrsu
1044 1696 1216 1750 dicere
1243 1706 1338 1759 est,
1368 1694 1441 1748 vel
1473 1693 1637 1747 Deum
1674 1711 1775 1747 non
1806 1711 1934 1758 esse,
1965 1695 2042 1748 vel
2061 1712 2124 1749 ea:
2151 1695 2260 1748 Deo
2293 1713 2394 1748 non
2426 1699 2534 1748 esse
2563 1697 2756 1765 ipsum,
2787 1709 2994 1764 putare,
3023 1695 3077 1756 5,
3106 1695 3160 1748 4.
3187 1695 3249 1748 Et
3274 1711 3435 1751 neruo
3461 1707 3633 1767 potest
3657 1693 3846 1785 dicere,

569 1793 638 1859 (et
671 1793 901 1863 credere)
937 1792 1196 1846 Dutmtuts
1231 1790 1407 1855 Jesus,
1443 1790 1722 1844 Dominum
1745 1790 1926 1844 Jesunt
1950 1807 2077 1853 esse,
2107 1792 2208 1846 nisi
2241 1791 2292 1845 in
2327 1790 2531 1861 Spiritu
2565 1803 2772 1850 sancto,
2801 1791 2902 1844 nisi
2940 1806 3034 1859 per
3054 1789 3314 1860 Spiritum
3339 1803 3603 1846 sanctum.
3633 1793 3847 1849 Divisit.-

569 1905 666 1942 nes
698 1906 824 1943 vero
852 1889 1152 1960 gratiarum
1179 1898 1324 1952 sunt,
1356 1888 1494 1942 idem
1529 1897 1709 1942 autem
1743 1886 2000 1959 Spiritus,
2033 1889 2235 1944 dit-crsu
2267 1891 2473 1959 quidem
2503 1899 2620 1942 sunt
2651 1887 2876 1956 Spiritus
2900 1888 3071 1942 sancti
3091 1888 3255 1951 dona,
3279 1890 3370 1942 sed
3429 1889 3648 1959 spiritus
3697 1891 3845 1944 idem.

569 1984 828 2041 Monstrat
853 1989 904 2040 in
932 1987 1188 2056 partibus,
1225 1988 1471 2055 quoniam
1499 1985 1701 2038 diversa
1723 1985 1929 2055 quidem
1959 1986 2060 2056 71
2097 1998 2213 2040 sunt
2263 1987 2604 2050 charismata,
2653 1984 2880 2056 Spiritus
2915 1986 3072 2050 idem.
3123 1985 3192 2039 Et
3217 1984 3271 2040 5.
3319 1986 3612 2041 divisiones
3655 1987 3848 2042 diversa

566 2096 755 2148 opera,
793 2081 1252 2135 ministrationum
1305 2087 1463 2142 sunt,
1510 2078 1650 2132 idem
1701 2089 1879 2132 autent
1927 2080 2208 2135 Dea-.inus.
2255 2079 2320 2134 Et
2363 2081 2658 2134 divisiones
2702 2081 3078 2149 operationum
3125 2090 3284 2145 sunt,
3337 2081 3478 2136 ident
3531 2097 3661 2136 vero
3692 2081 3843 2153 Deus,

567 2171 752 2235 Pater,
785 2176 875 2244 qui
909 2185 1170 2244 eperatur
1204 2173 1388 2228 omnia
1431 2171 1482 2226 in
1523 2172 1794 2226 omnibus.
1849 2173 2150 2243 Unicuique
2187 2184 2366 2227 autem
2405 2172 2586 2236 datur,
2624 2182 2670 2225 et
2703 2182 2875 2224 tamen
2912 2171 3193 2242 unicuique
3229 2171 3414 2236 datur,
3461 2173 3842 2240 manifestatio,

564 2265 842 2335 manifesta
885 2268 1056 2336 gratia
1104 2265 1364 2336 spiritus,
1411 2264 1479 2318 ad
1525 2264 1812 2319 utilitatem
1845 2281 1996 2318 suam
2038 2265 2114 2318 rel
2155 2266 2534 2335 proximorum.
2589 2265 2691 2318 Alii
2735 2263 2954 2333 quidem
2987 2280 3084 2334 per
3117 2265 3353 2320 eum-dent
3395 2265 3668 2336 Spiritum
3696 2267 3846 2323 datur

563 2359 614 2412 6.
659 2374 841 2413 senno
893 2359 1174 2429 sapientiae
1222 2360 1285 2413 de
1329 2357 1560 2422 divinis;
1621 2358 1711 2412 alii
1762 2369 1942 2413 autem
1994 2376 2173 2415 sermo
2223 2362 2500 2427 scientiae,
2553 2363 2617 2415 de
2665 2360 2962 2416 humilitate
3003 2358 3200 2415 Christi
3253 2363 3550 2415 secundum
3601 2363 3841 2416 (‘llllltlellt

563 2450 861 2522 Spiritum;
915 2451 1074 2506 alteri
1129 2451 1296 2514 fides,
1351 2460 1404 2503 ut
1451 2451 1564 2503 sine
1603 2451 1933 2503 Itu'sitatione
1977 2451 2204 2519 con/idat
2250 2452 2366 2521 ﬁeri
2408 2454 2548 2522 quod
2595 2463 2859 2522 precatur,
2905 2451 2960 2505 in
3007 2452 3202 2506 eodem
3247 2451 3489 2523 Spiritu;
3535 2453 3628 2508 alii
3673 2456 3839 2525 gratia

566 2545 899 2610 sanitatum,
950 2544 1154 2598 curatio
1204 2542 1535 2612 infirmorum
1581 2542 1634 2596 iu
1681 2559 1788 2596 uno
1824 2543 2065 2611 Spiritu;
2136 2543 2224 2597 alii
2279 2546 2525 2614 Operatio
2581 2546 2878 2608 virtutum,
2937 2543 3297 2598 ressuscitatio
3345 2554 3708 2611 mortuorum;
3768 2544 3840 2600 ali

559 2642 870 2713 prophetia,
902 2641 953 2693 'i.
995 2639 1087 2693 alii
1121 2639 1380 2694 discretio
1411 2638 1720 2706 spirituum,
1748 2649 1800 2690 ut
1841 2638 1968 2690 sciat
2001 2639 2294 2692 discernere
2322 2656 2439 2708 ante
2468 2639 2810 2710 cogitationes
2846 2654 2878 2691 a
2905 2637 3036 2704 Deo,
3075 2653 3191 2709 qua:
3226 2638 3512 2692 mittantur
3542 2656 3576 2693 a
3609 2639 3845 2705 diabolo;

559 2735 648 2790 alii
693 2750 889 2806 genera
935 2734 1274 2803 linguarum,
1315 2730 1367 2784 8.
1403 2730 1494 2784 alii
1538 2730 1916 2800 interpretatio
1963 2745 2297 2788 sermonum.
2331 2732 2383 2788 9.
2419 2731 2545 2790 llaec
2582 2740 2764 2786 autem
2800 2731 2984 2786 omnia
3027 2741 3286 2801 operatur
3329 2747 3468 2788 unus
3515 2741 3678 2801 atque
3706 2731 3842 2789 ilem

1919 2860 2491 2920 COMMENTARIUS.

629 2980 721 3036 2.7".
749 2981 949 3036 ΒΑΜ-ιι.
987 2979 1110 3034 Non
1137 2977 1435 3048 dijudicans
1467 2991 1654 3045 corpus
1708 2975 1934 3037 Domini,
1961 2973 2012 3028 id
2049 2984 2156 3039 est,
2187 2984 2229 3038 Α
2263 2977 2363 3032 hoe
2400 2979 2551 3048 argui
2585 2993 2642 3033 se
2674 2979 2894 3034 minime
2922 2989 3256 3051 paterentur,
3273 2981 3413 3036 sicut
3436 2981 3489 3037 in
3513 2981 3836 3050 simulacris;

559 3089 665 3128 no.1
717 3074 1082 3143 intelligentes
1152 3085 1348 3141 corpus
1403 3066 1613 3122 Domini
1660 3068 1711 3122 in
1751 3066 2153 3123 damnationem
2259 3071 2499 3125 ostendit
2544 3072 2744 3124 nullum
2805 3073 3124 3126 beneficium
3175 3088 3297 3128 esse
3337 3074 3635 3128 humanum
3676 3076 3841 3142 ineo,

2261 3179 2378 3218 cum
2406 3165 2606 3218 dicitur
2636 3167 2892 3220 Dominus
2921 3165 3102 3230 Jesns,
3137 3167 3232 3220 sed
3258 3165 3432 3236 magis
3483 3167 3683 3220 donum
3731 3168 3844 3232 Dei,

2257 3254 2347 3322 qui
2378 3254 2629 3324 dignatus
2656 3265 2738 3310 est
2772 3256 3092 3326 mysterium
3125 3271 3281 3310 suum
3312 3255 3625 3310 hominibus
3675 3256 3845 3312 decla-

2257 3358 2315 3396 1¹ι1
2326 3361 2399 3397 re.

2329 3435 2379 3490 ὅ.
2426 3435 2712 3491 Dirisiones
2738 3439 3202 3491 ministrationum.
3229 3437 3346 3492 Non
3369 3447 3452 3493 est
3477 3439 3646 3493 divisa
3670 3439 3838 3510 gratia

2256 3541 2353 3596 per
2390 3543 2648 3596 personas
2675 3528 2875 3594 Patris,
2905 3539 2957 3584 et
2981 3527 3120 3591 Filii,
3155 3539 3209 3585 et
3246 3529 3480 3601 Spiritus
3513 3533 3725 3598 sancti,
3755 3532 3842 3586 sed

2257 3617 2546 3675 indiscreta
2578 3622 2803 3676 unitatis
2827 3631 3048 3689 natura,
3079 3632 3134 3677 et
3165 3623 3327 3679 trium
3379 3639 3545 3678 unum
3583 3639 3720 3694 opus
3769 3625 3847 3678 in-

2259 3713 2532 3783 trliigitur.

2325 3804 2379 3856 6.
2413 3804 2656 3859 Accesr.
2689 3805 2801 3874 (lib.
2846 3821 2920 3860 xu
2952 3805 3016 3860 de
3054 3803 3182 3859 Trin
3217 3847 3230 3870 ,
3279 3822 3401 3876 cap.
3450 3807 3540 3872 M,
3582 3816 3713 3861 tom.
3759 3805 3846 3878 ιξι)

2257 3895 2440 3951 Sermo
2464 3899 2753 3968 sapientiae.
2794 3898 3010 3954 Invenio
3034 3901 3294 3968 scriptum
3320 3914 3439 3954 esse
3469 3891 3524 3954 in
3551 3900 3689 3955 libro
3722 3899 3843 3968 Job,

2253 3992 2656 4046 codemsancto
2703 3991 2954 4061 loquente
2993 4010 3005 4045 :
3055 3991 3188 4045 Ecce
3227 3993 3395 4062 pietas
3435 4003 3508 4046 est
3558 3993 3846 4060 sapientia;

2252 4084 2508 4136 abstinere
2532 4097 2701 4138 autem
2733 4103 2762 4138 a
2791 4084 2944 4138 malis
2967 4085 3183 4138 scientia
3219 4095 3313 4138 est.
3363 4085 3418 4138 lu
3447 4086 3550 4139 hac
3595 4083 3845 4139 diﬂ‘ereu-

2254 4179 2324 4229 tia
2349 4177 2754 4242 Intelligendum
2777 4188 2857 4232 cst
2882 4179 2948 4231 ad
2963 4177 3472 4246 Contemplationem
3491 4179 3842 4246 sapientiam;

2250 4270 2316 4322 ad
2361 4269 2628 4324 actionem
2663 4271 2973 4333 scientiam,
3003 4271 3297 4341 pertinere.
3348 4269 3611 4324 Pietatem
3647 4272 3844 4340 quippe

559 3165 697 3218 stztni
732 3165 798 3217 ab
833 3163 1088 3234 indignis.

630 3256 721 3312 ‘26.
761 3257 1000 3311 Animos.
1032 3253 1184 3320 Quod
1211 3254 1256 3323 si
1282 3254 1644 3321 nosmetipsos.
1707 3249 1818 3305 lloc
1849 3249 1998 3315 dicit,
2026 3250 2154 3319 quia

559 3349 604 3403 si
636 3349 950 3418 nosmetipsi
991 3362 1209 3403 errores
1243 3355 1459 3400 nostros
1511 3345 1929 3413 corrigeremus,
1986 3359 2092 3397 non
2125 3358 2154 3397 a

559 3440 1218 3509 Dnninojudicat’eznur:
1280 3448 1354 3504 et,
1389 3437 1536 3507 quia,
1566 3435 1916 3506 corripitnur,
1973 3445 2153 3489 tamen

558 3547 657 3602 pro
681 3531 836 3585 nobis
861 3540 964 3592 est,
991 3540 1043 3582 nt
1075 3530 1269 3584 timore
1299 3529 1415 3597 ipso
1443 3525 1812 3582 etncndemur.

625 3622 718 3678 27.
760 3619 962 3676 Ltara.
989 3620 1048 3676 Si
1069 3622 1186 3692 quis
1218 3623 1400 3676 esurit.
1443 3622 1502 3676 Si
1543 3621 1688 3692 quis,
1736 3620 1929 3691 inquit,
1984 3627 2155 3673 statu-

559 3725 699 3780 tmu,
724 3724 948 3786 cogente
988 3715 1150 3779 fame,
1175 3715 1491 3769 comedendi
1519 3715 1832 3776 terminum,
1892 3727 1996 3765 non
2058 3725 2154 3779 po-

558 3815 663 3864 test
698 3817 1016 3876 CXSPCt'lill‘c
1048 3807 1188 3860 dumi
1222 3823 1352 3871 stne,
1379 3811 1558 3878 potius
1588 3807 1904 3869 manducet;
1933 3819 2027 3874 per
2060 3805 2153 3858 ho-

557 3911 672 3949 ram
709 3895 820 3966 (5|)
861 3897 1106 3950 cantandi
1143 3897 1422 3966 anticipet.
1814 3901 1816 3903 ’

629 3986 781 4042 CAP.
840 3987 1104 4042 Xll.-——l.
1165 3987 1368 4044 [ΑΜΒ.
1431 3989 1506 4042 De
1555 3987 1914 4058 spiritualibus
1953 3995 2147 4040 autem.

555 4077 828 4141 Carnalia,
859 4079 1057 4149 inquit,
1109 4081 1260 4136 vobis
1315 4079 1550 4145 innotui,
1601 4078 1650 4131 id
1697 4087 1801 4142 est,
1854 4075 2148 4146 idololltyta

557 4186 661 4224 non
689 4171 997 4236 comedere,
1025 4171 1278 4226 n'mlieres
1308 4170 1522 4225 intectis
1546 4167 1812 4238 capitibus
1838 4182 1940 4220 non
1967 4181 2145 4219 orare.

555 4259 868 4328 Spiritnalia
907 4276 1122 4330 quoque
1153 4261 1274 4314 volo
1326 4259 1476 4313 vobis
1511 4257 1782 4322 intimare,
1819 4256 2016 4326 quibus
2051 4269 2148 4309 vos

555 4354 718 4408 modo
747 4351 1043 4408 Christiani
1076 4352 1202 4408 facti
1237 4351 1533 4415 ohetlietis;
1565 4349 1688 4419 quia
1707 4363 1827 4402 eum
1875 4345 2148 4418 gentiliter
2181 4345 2224 4402 Β
2255 4363 2357 4415 hoc
2404 4363 2543 4427 tum,
2575 4365 2752 4433 pug-"il
2811 4365 3012 4418 ρηιιηηι
3073 4363 3195 4428 Dei;
3248 4379 3368 4433 qum
3411 4363 3602 4418 θηνερ
3646 4364 3845 4418 diem".

553 4445 834 4510 viveretis,
876 4447 940 4500 ad
969 4445 1314 4501 sacerdotum
1341 4452 1504 4497 nutus
1528 4441 1836 4496 simulacris
1894 4440 2150 4494 obedien-

555 4546 640 4592 ter
665 4540 1014 4604 serviebatis;
1045 4538 1187 4608 quod
1228 4537 1399 4591 scitis.

623 4632 677 4686 2.
701 4631 831 4687 Ideo
876 4642 1057 4686 notum
1094 4628 1255 4684 vobis.
1285 4627 1448 4696 Quasi
1487 4626 1689 4680 diceret
1719 4643 1732 4678 :
1758 4622 1900 4690 Quia
1924 4622 1977 4676 in
2016 4636 2148 4691 gen-

555 4725 753 4782 tilitate
816 4725 978 4778 etiam
1031 4722 1097 4776 ad
1139 4721 1340 4777 malum
1387 4719 1670 4773 attdientes
1732 4715 1941 4779 fuistis,
1988 4714 2150 4767 credo

552 4819 695 4891 quod
729 4817 782 4872 in
814 4816 918 4875 fide
947 4813 1150 4871 Christi
1190 4815 1257 4868 ad
1302 4814 1441 4867 bona
1475 4811 1646 4881 inagis
1697 4809 1978 4863 audientes
2007 4806 2143 4860 sitis.

621 4933 676 4986 5.
699 4931 938 4989 Αυῦῦδτ.
973 4929 1174 4998 (expos.
1200 4927 1253 4981 in
1287 4924 1491 4994 Evang.
1521 4923 1681 4977 Joan.
1721 4929 1878 4976 tract.
1915 4919 1982 4973 Ἠ
2012 4929 2143 4974 tom.

550 5023 644 5094 'lX)
677 5023 846 5078 Nemo
871 5030 1035 5091 potest
1067 5019 1258 5073 dicere.
1311 5016 1621 5087 Apostolica
1666 5029 1765 5067 vox
1815 5021 1920 5067 est.
1977 5011 2144 5065 Nemo

551 5117 678 5171 dicit
707 5115 962 5170 Dominus
992 5112 1169 5176 Jesus,
1205 5112 1306 5164 nisi
1335 5110 1386 5163 in
1423 5108 1628 5176 Spiritu
1660 5116 1861 5160 sancto.
1935 5103 1996 5156 Et
2021 5102 2144 5172 quis

550 5205 839 5260 Dominum
871 5201 1074 5263 Jesnm,
1112 5201 1214 5255 nisi
1244 5199 1334 5271 qui
1364 5197 1532 5268 diligit
1569 5196 1748 5268 [.adtle,
1785 5192 1955 5266 eum],
1981 5192 2146 5247 dicit?

548 5299 592 5352 si
646 5313 712 5352 eo
760 5295 922 5352 modo
967 5295 1120 5356 dicit;
1168 5309 1274 5364 quo
1325 5289 1545 5360 intelligi
1596 5286 1884 5357 Apostolus
1952 5286 2138 5339 voluit.

549 5387 699 5442 Multi
723 5387 868 5445 enim
900 5401 1034 5442 voce
1057 5385 1265 5450 dicunt,
1311 5383 1476 5439 corde
1510 5391 1691 5436 autem
1730 5387 1791 5433 et
1841 5375 1999 5431 factis
2045 5391 2142 5429 ne-

586 5485 698 5532 aut.

586 5495 698 5532 aut.

547 5495 580 5549 Β
616 5571 672 5625 4.
703 5571 941 5627 Αιιιιιιος.
986 5568 1160 5624 Nemo
1183 5576 1349 5638 potest
1373 5566 1565 5619 dicere.
1601 5561 1677 5618 Ne
1716 5560 1998 5616 hominum
2060 5556 2140 5611 fa-

548 5678 733 5720 vorem
758 5664 1141 5720 existimarent
1163 5662 1215 5716 in
1241 5658 1423 5730 regula
1453 5655 1786 5718 ChriStiana,
1835 5661 1886 5706 ct
1916 5657 2138 5720 propter

619 5759 731 5820 t5l)
759 5757 957 5816 Deesse
985 5757 1216 5812 videtur.
1247 5762 1470 5820 tempus.

2257 4454 2532 4508 thcoscbia
2561 4456 2884 4526 (anaééem'.
2929 4455 3059 4508 Nam
3105 4457 3208 4509 hoc
3252 4455 3476 4508 verbum
3524 4454 3687 4509 habet
3737 4454 3839 4508 ista

2254 4545 2526 4600 sententia
2557 4546 2608 4599 in
2634 4547 2912 4600 codicibus
2937 4546 3158 4600 Gra‘cis.

2322 4637 2374 4690 7.
2414 4639 2656 4694 Aucusr.
2687 4639 2797 4710 (lib.
2829 4655 2903 4694 xu
2948 4638 3021 4704 De
3050 4636 3236 4693 Genesi
3275 4638 3344 4692 ad
3375 4638 3540 4705 liter.,
3587 4654 3706 4709 cap.
3753 4639 3838 4697 15.

2253 4734 2386 4780 tom.
2419 4727 2502 4798 Ill)
2552 4728 2657 4782 Alii
2705 4725 2972 4782 discretio.
3009 4728 3274 4782 Discretio
3318 4743 3450 4782 sane
3500 4726 3840 4793 difﬁcillima,

2250 4833 2375 4872 cum
2407 4818 2675 4886 mali,-nus
2720 4819 2964 4890 spiritus,
3003 4819 3158 4888 quasi
3211 4819 3536 4888 tranquillus
3588 4822 3729 4890 agit;
3779 4835 3844 4874 ac

2249 4910 2366 4965 sine
2414 4913 2701 4966 vexatione
2751 4912 2929 4980 aliqua
2981 4911 3258 4980 corporis,
3289 4920 3571 4982 assumpto
3603 4912 3843 4966 humano

2247 5002 2439 5071 Spiritu
2467 5004 2594 5058 dicit
2620 5006 2761 5072 quod
2793 5011 2992 5072 potest.
3016 5002 3211 5070 ρωΛο
3240 5004 3404 5056 etiam
3436 5018 3566 5057 vera
3598 5002 3753 5060 dicit.
3785 5012 3843 5056 et

2248 5094 2400 5148 utilia
2435 5096 2715 5164 praedicat,
2750 5096 3142 5164 transfiguraus
3182 5111 3242 5150 se
3273 5097 3326 5149 in
3377 5095 3662 5167 angelum;
3699 5096 3846 5150 sicut

2245 5185 2506 5255 scriptum
2536 5197 2639 5252 est,
2665 5188 2812 5242 velut
2837 5187 3082 5258 angelum
3107 5189 3266 5241 lucis.

2313 5280 2347 5335 8
2384 5279 2587 5335 [ΑΜ-ιι.
2603 5281 2707 5336 Alii
2727 5281 3084 5350 interpretatio
3097 5296 3416 5334 sermonum.
3435 5278 3842 5334 Sermonesvo-

2243 5380 2350 5433 cat,
2368 5373 2686 5443 allegoricas
2706 5373 3165 5444 prolationes,sen
3192 5372 3244 5426 in
3269 5371 3634 5433 dictionibus,
3659 5387 3754 5427 seu
3789 5372 3843 5424 in

2243 5465 2610 5528 orationibus,
2636 5482 2754 5535 qtae
2782 5465 2832 5518 in
2865 5464 3144 5534 prophetis
3182 5472 3237 5517 ct
3268 5463 3576 5532 Evangeliis
3604 5463 3695 5517 ubi
3727 5460 3846 5514 fere

2243 5557 2754 5628 reperiuntur,qnas
2775 5559 2863 5626 qui
2885 5556 3228 5624 interpretari
3255 5557 3456 5619 sciunt,
3484 5570 3584 5625 per
3607 5553 3842 5624 gratiam

2241 5651 2414 5705 sancti
2431 5651 2689 5721 Spiritus,
2705 5651 2848 5706 illam
2875 5650 3156 5705 scientiam
3189 5648 3408 5703 habent.
3423 5647 3718 5703 Possumus
3737 5661 3844 5718 per
