3880 6306
83 304 169 360 197
798 298 862 354 IN
899 300 964 355 ι).
1012 294 1218 355 psum
1256 256 1473 354 uersi“.
1509 289 1647 351 ωλι

1768 293 1867 350 ΝΤ.
1897 327 1961 336 -
1997 297 2214 353 EPIST.
2243 298 2263 354 Ι
2292 300 2381 355 AD
2416 299 2574 356 COR.
3230 305 3332 361 193

84 417 311 485 spiritus,
355 412 598 468 dividens
643 413 869 483 singulis
914 422 1074 484 prout
1114 414 1246 477 vult,
1289 414 1384 466 hoc
1424 413 1575 478 huic,
1620 411 1750 464 illud
1791 412 1894 475 illi,
1939 412 2033 465 alii
2072 412 2223 483 plus,
2261 412 2354 466 alii
2396 416 2592 467 minus.
2634 413 2718 467 10.
2767 413 2919 469 Sicut
2958 414 3103 470 enim
3131 430 3331 486 corpus

83 524 229 564 unum
258 516 358 574 est,
393 520 450 563 et
495 509 729 563 ineattbra
776 509 939 564 habet
988 509 1186 575 mulza;
1225 510 1309 563 11.
1353 508 1533 562 omnia
1588 523 1648 561 au

1768 532 1770 559 ι
1812 508 2052 560 membra
2102 507 2367 576 corporis,
2392 524 2513 560 (tuin
2562 509 2672 561 sint
2712 508 2899 574 multa,
2944 525 3107 563 unum
3150 518 3330 565 tamen

85 617 256 669 corpus
292 611 439 667 sunt,
470 602 536 654 ita
560 612 612 656 et
639 602 911 667 Christus,
944 604 1000 655 id
1026 612 1122 668 est,
1153 611 1328 669 caput,
1356 611 1401 653 et
1434 616 1644 670 corpus,
1682 615 1800 669 quat
1830 608 1903 652 est
1938 597 2195 652 Ecclesia.
2232 596 2367 663 Nos,
2404 599 2589 669 inquit,
2627 599 2859 653 ntmbra
2888 600 3134 656 Ecclesia:
3169 620 3332 656 unum

84 710 261 747 sumus.
301 692 513 746 Etenim
558 694 609 746 in
648 710 753 747 uno
789 693 993 762 Spiritu
1031 708 1221 747 omnes
1259 707 1357 746 nos
1394 702 1446 744 ut
1488 693 1651 745 simus
1696 691 1747 744 in
1794 706 1959 744 unum
2001 704 2198 760 corpus
2239 689 2499 759 baptizati
2555 706 2775 755 smnus,
2823 691 2936 746 sive
2976 690 3177 758 Judaei,
3220 694 3334 747 sive

86 787 316 855 gentiles,
358 786 477 839 sive
516 786 687 849 servi,
728 786 839 840 sive
882 786 1066 851 liberi;
1106 793 1160 839 et
1201 799 1391 839 onmes
1441 783 1490 835 in
1532 799 1639 836 uno
1675 781 1882 852 Spiritu
1934 782 2103 851 potati
2146 796 2353 836 sumus.
2403 781 2536 835 Nam
2580 793 2634 836 et
2672 797 2867 852 corpus
2907 797 3014 837 nou
3048 795 3130 836 est
3166 799 3332 837 utinm

88 881 395 945 netnbrum,
430 881 527 934 sed
569 881 756 935 rnulla.
800 880 974 946 Licet,
1016 881 1203 951 inquit,
1245 880 1408 933 simus
1447 895 1608 931 unum
1640 895 1858 947 corpus,
1900 895 2002 931 non
2046 888 2218 930 tamen
2251 894 2427 932 omnes
2465 895 2626 932 unum
2666 881 2984 944 membrum;
3024 888 3155 933 sicut
3194 889 3243 935 et
3279 882 3334 934 in

83 989 290 1040 corpore.
330 972 412 1025 l2.
467 973 522 1026 Si
570 973 767 1026 dixerit
810 988 945 1040 pes:
985 973 1090 1041 72
1124 971 1376 1041 quoniam
1416 986 1522 1022 non
1560 984 1678 1023 smn
1710 984 1934 1032 manus,
1970 982 2077 1021 non
2110 984 2228 1021 sunt
2270 968 2336 1021 de
2375 982 2646 1037 corpore:
2683 984 2806 1022 num
2853 969 2971 1022 ideo
3014 985 3120 1022 non
3157 981 3235 1023 est
3272 974 3338 1023 tle

85 1060 325 1129 corpore?
349 1059 470 1113 Etsi
508 1060 721 1130 quidam
761 1061 817 1113 in
849 1059 1086 1114 Ecclesia
1124 1076 1225 1113 non
1261 1060 1363 1113 sint
1405 1060 1796 1129 prwdicatorcs,
1830 1076 1933 1111 non
1972 1059 2088 1112 ideo
2123 1074 2225 1112 non
2252 1068 2373 1112 sunt
2399 1060 2461 1111 de
2485 1059 2751 1124 Ecclesia;
2779 1061 2911 1113 sicut
2940 1077 3050 1129 pes,
3084 1059 3201 1113 licet
3234 1076 3335 1113 non

85 1155 141 1205 sit
163 1168 352 1211 mantus,
389 1168 493 1204 non
523 1152 639 1205 ideo
672 1169 773 1205 non
803 1161 877 1205 est
904 1152 967 1205 de
997 1152 1239 1221 corpore?
1270 1151 1400 1206 Etsi
1426 1151 1623 1206 dixerit
1651 1153 1797 1206 auris
1828 1170 1839 1204 :
1875 1152 2129 1219 quoniam
2164 1167 2268 1207 non
2302 1168 2419 1207 sum
2448 1154 2654 1218 oculus,
2686 1170 2790 1208 non
2820 1170 2939 1209 sum
2970 1155 3035 1208 de
3056 1168 3284 1221 cocpore
3312 1168 3328 1207 :

85 1264 193 1303 num
223 1247 338 1301 ideo
365 1263 474 1299 non
504 1257 587 1301 est
617 1246 684 1300 de
716 1246 983 1315 corpore?
1030 1246 1086 1301 Si
1118 1246 1204 1310 15,
1232 1246 1316 1301 14.
1353 1254 1521 1301 totmn
1554 1261 1751 1316 corpus
1781 1246 2004 1310 oculus;
2043 1247 2134 1300 ubi
2167 1246 2427 1301 auditus?
2466 1246 2520 1302 Si
2568 1259 2736 1302 totum
2772 1250 3018 1311 auditus;
3066 1249 3156 1305 ubi
3204 1248 3339 1303 odo-

88 1340 250 1395 ratus?
279 1357 307 1391 a
339 1339 530 1392 simili.
562 1337 713 1392 Nunc
743 1348 923 1393 autem
957 1339 1138 1408 posuit
1169 1338 1310 1393 Deus
1341 1338 1607 1403 membra,
1638 1338 2059 1407 unumquodque
2087 1352 2273 1392 eorum
2305 1339 2356 1392 in
2390 1355 2637 1408 corpore,
2677 1340 2811 1394 sicut
2845 1341 3031 1395 voluit.
3065 1341 3153 1397 15.
3186 1340 3339 1408 Quod

87 1437 123 1491 si
147 1444 311 1489 essent
340 1434 525 1488 omnia
564 1449 729 1487 unum
770 1434 1101 1498 membrum,
1136 1433 1225 1487 ubi
1256 1433 1490 1501 corpus?
1519 1433 1658 1503 Ergo
1696 1448 1798 1486 non
1833 1441 1951 1485 sunt
1993 1432 2170 1484 omnia
2205 1432 2436 1498 corporis
2471 1447 2631 1485 unum
2664 1434 2980 1495 membrum,
3018 1433 3108 1486 sed
3143 1433 3333 1498 multa,

88 1538 132 1579 ut
155 1545 289 1581 suum
313 1529 464 1583 sistat
493 1543 712 1593 corpus;
749 1528 833 1580 sin
870 1538 1036 1581 essent
1073 1528 1249 1581 omnia
1282 1544 1444 1579 unum
1472 1528 1787 1588 membrum,
1821 1534 1922 1578 non
1951 1524 2250 1577 subsisteret
2282 1540 2488 1591 corpus.
2521 1523 2672 1578 Nunc
2706 1533 2884 1579 autem
2919 1525 3086 1579 multa
3114 1525 3335 1593 quidem

88 1618 330 1680 membra,
372 1633 543 1673 unum
579 1627 760 1672 autem
792 1631 1019 1687 corpus,
1050 1618 1337 1670 humanum
1375 1632 1563 1685 corpus
1600 1614 1751 1677 dicit,
1775 1614 1913 1683 quod
1951 1614 2123 1684 nequit
2158 1629 2303 1675 esse,
2340 1613 2443 1666 nisi
2482 1613 2659 1666 multis
2690 1615 2929 1668 membris
2971 1623 3189 1670 constet.
3219 1614 3335 1669 Non

89 1719 240 1775 potest
265 1719 439 1765 autem
470 1710 587 1780 (per
607 1708 777 1763 simile
802 1709 1024 1767 ostendit
1058 1708 1307 1762 bcclesiw
1337 1707 1567 1761 membra
1598 1706 1813 1760 invicem
1838 1721 1948 1759 esse
1995 1706 2309 1767 necessaria,
2340 1704 2404 1773 lf.
2435 1704 2558 1759 licet
2580 1702 2711 1776 sint]
2744 1715 2797 1758 ut
2824 1721 2927 1759 non
2950 1707 3050 1760 sint
3084 1707 3336 1777 cli/feren-

89 1802 167 1868 tia)
188 1800 261 1854 16.
276 1801 460 1867 oculus
488 1802 674 1857 dicere
700 1802 879 1857 tnauui
909 1818 921 1854 :
951 1816 1115 1871 opera
1144 1810 1230 1854 tua
1258 1816 1360 1854 non
1392 1799 1623 1868 indigeo,
1649 1807 1741 1850 aut
1769 1797 1959 1851 iterum
1980 1807 2139 1866 caput
2158 1797 2380 1867 pedibus
2406 1814 2420 1851 ;
2451 1814 2556 1852 non
2578 1799 2711 1854 es‘tis
2735 1800 3201 1855 tttilrittecessat'ii.
3228 1800 3335 1855 Sed

91 1889 409 1959 multomagis
441 1905 567 1960 qum
594 1889 845 1944 videntur
874 1889 1113 1943 membra
1136 1896 1379 1957 corporis
1409 1887 1731 1952 inﬁrmiora,
1761 1886 1945 1939 riliora
1977 1902 2124 1949 esse,
2156 1888 2524 1942 necessariora
2548 1899 2667 1942 sunt
2696 1907 2709 1943 :
2742 1890 2828 1947 17.
2860 1899 2917 1945 et
2938 1908 3058 1961 qua?
3085 1902 3336 1961 putamus

92 1981 373 2051 ignobiliora
422 1982 671 2038 membra
714 1998 837 2037 esse
879 1981 1142 2051 corporis,
1182 1980 1476 2050 (pudendas
1515 1989 1691 2047 partes
1738 1979 1971 2046 corporis
2004 1978 2154 2046 dicit)
2194 1979 2278 2033 his
2320 1978 2580 2033 honorem
2620 1981 3096 2049 abundantiorem,
3136 1985 3335 2037 honore

94 2076 294 2137 restium,
326 2075 729 2131 circumdamus
756 2075 839 2129 18.
879 2084 934 2130 et
962 2091 1080 2145 qua:
1108 2074 1389 2127 inhonesta
1424 2082 1542 2127 sunt
1584 2082 1789 2134 nostra,
1824 2071 2271 2126 abundantiorem
2300 2074 2633 2128 ltom'Siat.,-nt
2669 2075 3087 2130 restimentorum
3114 2077 3331 2133 habnt.

94 2166 402 2223 10.1loncsta
446 2177 632 2222 autem
674 2177 880 2233 nostra,
922 2177 977 2219 ut
1026 2167 1198 2231 oculi,
1228 2183 1405 2231 nares,
1448 2182 1631 2227 aures,
1663 2163 1861 2218 nullius
1892 2164 2104 2217 honoris
2140 2164 2385 2219 restimen
2413 2182 2562 2219 orum
2598 2177 2759 2237 egeat
2797 2184 2810 2221 :
2840 2170 2932 2222 sed
2962 2168 3099 2223 Deus
3133 2180 3337 2239 tempe-

96 2263 207 2317 tavit
232 2280 437 2333 corpus,
469 2264 547 2329 ci,
580 2264 664 2317 cui
700 2263 886 2317 deerat
928 2262 1379 2317 abundantiorem
1424 2261 1706 2316 tribuendo
1749 2259 2170 2313 vestimentorum
2212 2259 2492 2321 honorem,
2527 2271 2584 2312 ut
2624 2278 2727 2313 non
2766 2261 2834 2314 sit
2863 2261 3098 2315 sthisma
3134 2262 3186 2317 in
3214 2277 3338 2317 cir-

96 2368 220 2423 pore,
246 2356 331 2411 sed
369 2357 604 2426 idipsum
644 2371 742 2424 pro
782 2354 1011 2409 invicem
1048 2352 1279 2408 sollicita
1318 2353 1427 2406 sint
1469 2350 1730 2404 membra.
1770 2348 1836 2402 Et
1871 2348 1915 2402 si
1959 2348 2089 2416 quid
2125 2349 2327 2416 patitur
2373 2363 2537 2403 unum
2572 2350 2892 2412 membrum,
2930 2366 3089 2420 comp
3127 2354 3338 2408 tlunzur

99 2446 246 2499 omnia
274 2447 511 2501 membra
545 2463 559 2498 :
589 2447 703 2501 sive
732 2445 993 2517 gloriatur
1028 2460 1191 2499 unum
1226 2444 1558 2506 membrum,
1589 2442 1933 2512 congaudent
1971 2441 2152 2495 omnia
2195 2441 2455 2496 membra.
2498 2442 2589 2496 ΞΟ.
2619 2444 2725 2498 Vos
2760 2455 2939 2500 autem
2975 2445 3106 2502 estis
3137 2463 3338 2518 corpus

1417 2532 1989 2591 COMMENTARIUS.

105 2641 369 2699 sermones,
399 2634 660 2705 mysticas
679 2631 1091 2687 etiamvisioncs
1115 2630 1442 2701 intelligere,
1468 2628 1655 2699 quales
1685 2637 1727 2689 Α
1761 2641 1867 2680 non
1908 2627 2062 2681 decet
2100 2635 2268 2681 totum
2310 2643 2506 2699 corpus
2547 2646 2665 2685 esse
2695 2631 2913 2698 oculus;
2966 2636 3009 2688 si
3053 2635 3198 2690 enim
3233 2637 3338 2699 hoc

109 2734 369 2789 apparuere
417 2724 692 2779 Pharaoni
735 2733 789 2780 et
830 2714 1346 2779 Nabuchodonosor.
1401 2719 1554 2774 Unde
1602 2729 1656 2775 et

103 2808 265 2881 ioseplt
292 2815 411 2870 dicit
444 2833 456 2869 :
493 2816 575 2869 Eo
601 2817 740 2885 quod
774 2816 869 2885 ﬁat
899 2833 1068 2870 sermo
1094 2815 1206 2869 Dei.
1242 2816 1305 2868 Et
1335 2815 1386 2868 in
1430 2814 1656 2869 Danieln

104 2900 301 2971 legitur:
331 2907 425 2960 Dic
447 2910 712 2961 somnium
738 2949 751 2969 ,
776 2919 821 2961 et
850 2908 1327 2977 interpretationem
1370 2906 1484 2975 ejus
1512 2907 1655 2959 indi-

106 3004 318 3056 cabimus.
354 3003 415 3057 Et
446 3020 545 3058 rex
576 3005 687 3058 ait:
721 3001 901 3057 Sermo
936 3002 1140 3056 recessit
1180 3020 1209 3054 a
1237 3018 1337 3053 me.
1396 3001 1542 3067 Quas
1571 3001 1657 3055 in-

108 3096 355 3160 terpretari
386 3097 605 3165 utrique
632 3095 815 3151 divino
856 3110 1082 3149 munere
1131 3094 1383 3149 collatum
1414 3103 1517 3149 est.
1567 3093 1656 3147 Ait

106 3182 221 3236 enim
245 3184 428 3256 Joseph
460 3204 474 3241 :
510 3186 721 3258 Absque
751 3204 830 3240 me
858 3186 998 3239 Deus
1038 3174 1359 3254 respondebit
1408 3200 1654 3254 prospera

111 3269 358 3329 Pharaoni.
395 3279 460 3332 Et
507 3277 699 3333 Daniel
734 3296 747 3332 :
784 3277 1072 3331 Ostendiin
1128 3276 1255 3330 mihi
1292 3293 1412 3345 qua:
1457 3276 1658 3346 rogavi-

107 3377 198 3416 mus
224 3373 293 3431 te;
312 3370 435 3437 quia
454 3385 750 3423 sermonem
780 3369 912 3439 regis
935 3368 1185 3437 aperuis:i
1229 3369 1395 3421 nobis.

158 3450 206 3505 9.
228 3455 445 3514 Annos.
472 3458 801 3512 "meantem
826 3458 1020 3511 omnia.
1039 3456 1190 3522 Quod
1213 3455 1464 3525 superius
1489 3455 1650 3508 trium

109 3552 416 3606 personarum
466 3550 625 3613 dicit,
672 3563 815 3619 nunc
863 3562 961 3616 per
997 3561 1163 3600 unum
1211 3544 1470 3616 Spiritum
1526 3560 1655 3600 san-

110 3638 228 3686 ctum
274 3619 418 3709 dirigi
472 3638 605 3712 [al.,
665 3637 774 3711 agi]
824 3637 1127 3708 proﬁtetur.
1172 3634 1264 3699 Ut,
1315 3636 1439 3704 quia
1495 3636 1654 3689 unius

108 3730 277 3781 natura:
318 3745 463 3798 sunt,
522 3740 579 3785 et
629 3732 773 3803 quod
822 3745 961 3784 unus
1013 3737 1308 3798 operatur,
1359 3736 1655 3799 Opercntur

110 3819 215 3870 tres.
1168 3834 1175 3841 '

164 3906 238 3962 10.
271 3910 459 3969 Laure.
491 3914 643 3969 Sicut
668 3915 805 3969 enim
842 3930 1030 3984 corpus
1069 3926 1231 3967 unum
1257 3922 1351 3967 est.
1402 3911 1448 3966 Α
1487 3911 1647 3968 simili

1761 2726 1922 2777 esset,
1952 2717 2062 2787 jam
2104 2733 2208 2771 non
2247 2728 2390 2774 esset
2431 2719 2605 2789 ipsum
2652 2737 2871 2791 corpus,
2901 2723 3026 2795 quia
3056 2740 3162 2780 non
3192 2738 3339 2783 esset

1757 2810 1975 2864 auditus
2009 2822 2064 2864 et
2090 2821 2298 2867 caeterze
2325 2822 2508 2882 partes
2540 2816 2804 2884 corporis.

1829 2904 1914 2959 15.
1954 2906 2192 2960 Asianos.
2236 2907 2390 2972 Quod
2421 2909 2466 2961 si
2501 2920 2664 2961 essent
2691 2911 2867 2964 omnia
2902 2928 3082 2966 unum.
3113 2912 3340 2969 Manife-

1757 3005 1898 3050 stum
1939 3006 2022 3051 est
2069 2997 2217 3066 quia,
2260 2998 2302 3051 si
2342 3015 2531 3053 omnes
2573 3002 2733 3055 unius
2774 3000 3000 3058 fuissent
3030 3005 3336 3075 digni.alis,

1759 3106 1862 3144 non
1900 3091 2215 3146 dicerentur
2255 3092 2523 3152 melnhra,
2565 3108 2739 3162 neque
2784 3109 3021 3164 corpus:
3058 3097 3178 3151 ideo
3209 3096 3337 3167 quia

1759 3181 1877 3253 [al.,
1922 3181 2044 3236 ideo
2065 3180 2174 3255 ,uej
2213 3183 2378 3236 variis
2409 3182 2772 3238 membrorum
2800 3184 2989 3242 olliciis
3017 3201 3217 3258 corpus
3243 3206 3342 3258 gn-

1756 3274 2034 3327 bet-natur.

1830 3368 1917 3420 16.
1961 3366 2159 3421 Oculus
2187 3370 2359 3422 dicere
2395 3371 2606 3434 manui,
2638 3369 2737 3425 hoc
2765 3379 2868 3435 est,
2901 3387 3005 3447 non
3036 3383 3212 3443 potest
3246 3391 3340 3445 po-

1760 3458 1864 3512 tior
1897 3458 2077 3515 dicere
2106 3460 2350 3515 inferiori
2384 3477 2396 3514 :
2427 3461 2544 3516 Non
2576 3462 2706 3516 mihi
2739 3477 2875 3531 opus
2905 3479 2983 3518 es.

1829 3552 1914 3605 17.
1975 3551 2042 3605 Et
2093 3569 2211 3623 qua:
2255 3564 2521 3623 putamus.
2582 3554 2863 3625 Despectis
2911 3556 2994 3611 vel
3044 3557 3339 3613 tmmilihns

1755 3641 2064 3695 exhortatio
2105 3644 2413 3697 necessaria
2461 3653 2563 3708 est,
2619 3659 2714 3714 per
2752 3660 2915 3715 quam
2952 3647 3185 3702 addatur
3232 3648 3339 3703 illis
3394 3651 3400 3655 ’

1755 3733 1950 3797 honor,
1981 3743 2035 3787 ut
2062 3732 2192 3787 ﬁant
2227 3735 2403 3789 utiles.

1828 3824 1911 3878 18.
1954 3824 2019 3878 Et
2049 3841 2166 3896 qua:
2194 3827 2467 3881 inhonesta
2495 3839 2637 3881 sunt.
2678 3826 2813 3882 Nam
2852 3828 3028 3885 solent
3074 3830 3335 3887 succincti

1755 3915 2016 3970 vestieula
2068 3917 2287 3982 tetrica,
2339 3919 2474 3987 pede
2519 3920 2664 3974 nudo
2702 3919 2975 3976 incedere.
3026 3922 3159 3976 Cum
3206 3939 3339 3993 ergo

110 4003 304 4057 ostendit
330 4008 543 4075 quidem
572 4023 736 4061 unum
759 4021 879 4062 esse
920 4004 1191 4075 spiritum,
1240 4014 1296 4059 et
1340 4003 1455 4072 ejus
1504 4005 1644 4058 dona
1681 4008 1721 4067 Β
1753 4007 2045 4061 videantur
2080 4008 2543 4077 contemptibiles,
2578 4009 2754 4079 magis
2782 4009 2974 4065 honori
3005 4019 3165 4077 sunt;
3207 4014 3335 4082 quia

112 4104 209 4146 esse
245 4098 577 4168 multiplicia.
614 4100 756 4154 sicut
791 4087 958 4153 unum
997 4106 1081 4152 est
1132 4112 1358 4167 corpus,
1398 4098 1641 4151 membra

112 4176 279 4240 habens
303 4189 476 4246 multa.
507 4190 668 4244 Ponit
699 4198 877 4243 autem
907 4188 1204 4252 Christum,
1243 4189 1292 4241 id
1324 4198 1428 4251 est,
1458 4197 1642 4255 caput,

113 4275 153 4319 et
180 4287 267 4326 non
292 4291 476 4350 corpus
500 4269 623 4349 qua:
655 4290 737 4335 est
763 4278 1030 4341 Ecclesia,
1065 4293 1163 4347 pro
1190 4279 1382 4345 spiritu
1412 4294 1520 4346 quo
1553 4277 1641 4330 illa

114 4358 193 4415 sibi
224 4381 333 4424 sunt
365 4373 712 4427 cohazrentia.

167 4455 240 4510 11.
272 4460 500 4519 Aucus'r.
534 4463 758 4534 (Enarr.
789 4463 843 4515 in
870 4461 1006 4531 psal.
1043 4460 1193 4530 xxx).
1244 4459 1436 4515 Omnia
1471 4471 1645 4514 autem

116 4553 320 4610 membra.
360 4557 610 4630 Loquens
639 4560 706 4615 de
735 4559 993 4614 membris
1019 4558 1240 4619 Christi,
1273 4558 1375 4611 hoc
1402 4566 1484 4612 est
1516 4556 1647 4611 tide-

117 4635 246 4711 hbus,
271 4662 366 4703 non
395 4652 468 4707 ait
498 4669 512 4706 :
542 4651 635 4707 Sic
671 4663 725 4705 et
759 4652 999 4705 membra
1026 4650 1251 4704 Christi.
1285 4649 1393 4705 Sed
1428 4651 1531 4705 hoc
1564 4658 1647 4704 to-

118 4736 203 4787 ιιιιη
224 4742 347 4803 quod
367 4743 520 4809 dixit,
544 4743 818 4798 Christum
849 4741 1156 4812 appellavit.
1191 4740 1428 4797 Membra
1452 4742 1642 4810 multa,

121 4835 249 4882 unum
278 4848 461 4904 corpus
486 4836 776 4904 Christus;
807 4850 937 4907 ergo
973 4834 1134 4892 simul
1160 4850 1349 4891 omnes
1375 4850 1493 4904 nos,
1520 4851 1645 4892 cum

123 4919 261 4985 capite
297 4939 488 4995 nostro,
520 4930 791 4985 Christus.

174 5008 245 5064 12.
276 5016 499 5076 Alanos.
547 5022 610 5078 Si
652 5022 841 5077 dixerit
882 5037 992 5091 pes.
1046 5020 1158 5077 Hoc
1201 5030 1286 5078 est
1334 5038 1441 5078 non
1485 5034 1645 5092 posse

122 5109 218 5152 eum
245 5106 325 5173 qui
360 5110 597 5169 inﬁrmus
626 5114 839 5168 videtur
868 5114 1008 5170 inter
1036 5111 1259 5179 fratres,
1291 5128 1492 5184 negare
1521 5112 1640 5186 [al.,

123 5193 289 5267 ¹¹θ8²τί1
325 5213 435 5255 esse
469 5205 535 5259 de
562 5221 811 5275 corpore,
837 5200 964 5275 quia
1001 5221 1107 5261 non
1137 5220 1255 5261 sum
1286 5215 1497 5275 potens.

175 5282 247 5338 13.
260 5287 313 5343 Si
335 5302 487 5351 totum
515 5314 700 5369 corpus
721 5298 927 5360 oculus,
960 5298 1012 5353 id
1042 5307 1145 5363 est,
1171 5297 1216 5352 si
1244 5313 1433 5353 omnes
1461 5307 1645 5355 essent

1747 4098 1924 4154 solent
1954 4100 2116 4153 vitam
2148 4101 2350 4156 habere
2390 4102 2751 4173 mundiorem.

1820 4191 1906 4244 19.
1960 4189 2190 4244 Honesta
2232 4205 2405 4244 autem
2447 4205 2645 4247 nostra.
2696 4192 2999 4260 Fratribus,
3050 4194 3104 4248 in
3139 4196 3335 4264 quibus

1747 4283 1982 4336 studium
2036 4284 2244 4351 peritize
2287 4293 2343 4337 et
2397 4286 2830 4339 conversationis
2866 4286 3031 4355 viget,
3074 4296 3129 4341 et
3168 4290 3338 4341 bone-

1746 4376 1905 4429 statis
1932 4374 2064 4428 nihil
2089 4384 2171 4428 est
2198 4376 2339 4443 quod
2376 4391 2404 4428 a
2437 4374 2592 4429 nobis
2623 4377 2873 4429 addatur.

1815 4466 1905 4521 20.
1948 4466 2150 4521 Laure.
2200 4466 2303 4521 Vos
2339 4477 2514 4521 autem
2553 4468 2696 4521 estis.
2747 4468 2981 4539 Coaptat
3024 4469 3334 4527 similitudio

1747 4572 1874 4623 nes,
1907 4573 2044 4628 quas
2089 4558 2337 4627 superius
2378 4558 2509 4613 dicit
2541 4560 2609 4613 de
2646 4554 2908 4630 corpore,
2948 4562 3014 4616 ad
3048 4562 3153 4618 hoc
3188 4564 3332 4632 quo]

1747 4648 1883 4703 dixit
1914 4666 1927 4703 :
1962 4648 2164 4719 Corpus
2190 4666 2352 4703 unum
2373 4661 2469 4715 est,
2501 4663 2546 4705 et
2579 4652 2808 4705 membra
2835 4653 3022 4707 multa.
3067 4652 3333 4710 Convenit

1745 4739 1849 4796 hoc
1890 4740 2032 4810 quod
2073 4740 2247 4796 dicit:
2290 4740 2392 4795 Vos
2428 4752 2607 4796 autem
2653 4744 2775 4798 estis
2808 4760 2995 4814 corpus
3038 4742 3255 4813 Christi,
3285 4759 3333 4803 et

1745 4834 1976 4888 membra
1997 4834 2061 4887 de
2083 4834 2330 4887 membro.
2357 4833 2437 4888 Ad
2469 4835 2570 4889 hoc
2597 4836 2740 4905 quod
2771 4837 2941 4891 dixit:
2975 4838 3133 4893 Nunc
3158 4851 3330 4896 autem

1744 4926 1917 4995 posuit
1955 4925 2096 4979 Deus
2144 4926 2413 4992 membra,
2463 4930 2903 4999 unumquodque,
2957 4932 3093 4984 sicut
3146 4931 3329 4986 voluit.

1746 5017 2008 5074 Convenit
2038 5018 2181 5087 quod
2212 5018 2350 5073 dixit
2382 5036 2396 5074 :
2435 5018 2499 5073 Et
2534 5021 2788 5091 quosdam
2827 5022 3037 5092 quidem
3071 5024 3242 5092 posuit
3277 5022 3331 5077 in

1748 5107 1984 5163 Ecclesia
2009 5124 2028 5162 :
2049 5110 2277 5178 primum
2299 5109 2584 5178 apostolos,
2613 5114 2844 5166 secundo
2876 5113 3173 5181 prophetas,
3195 5114 3330 5167 sicut

1747 5198 2012 5269 Agabum,
2047 5211 2095 5254 et
2125 5201 2260 5254 duas
2290 5199 2432 5267 ﬁlias
2464 5199 2714 5273 Philippi,
2744 5205 2895 5257 tertio
2929 5206 3187 5269 doctores,
3220 5212 3327 5259 etc.

1744 5290 1826 5346 Ad
1866 5292 1970 5346 hoc
2011 5292 2155 5361 quod
2197 5292 2336 5347 dixit
2374 5309 2387 5347 :
2429 5291 2488 5348 Si
2525 5305 2692 5349 totum
2727 5312 2914 5365 corpus
2949 5306 3079 5350 esset
3120 5295 3327 5361 oculus,

124 5373 250 5431 unius
282 5387 468 5453 operis,
506 5389 778 5458 quomodo
817 5388 1137 5459 impleretur
1164 5388 1369 5458 reliqua
1401 5390 1639 5444 necessi-
1669 5371 1714 5432 ο
1747 5384 1836 5439 ubi
1878 5385 2132 5439 auditus?
2164 5384 2431 5441 Convenit
2478 5388 2584 5444 hoc
2630 5390 2772 5459 quod
2822 5389 2959 5442 dixit
3007 5404 3019 5440 :
3070 5385 3327 5460 Nunquid

126 5467 189 5516 tas
215 5478 457 5541 corporis,
491 5496 609 5535 cum
644 5490 859 5536 constet
900 5480 1087 5543 multis
1124 5478 1316 5534 ofﬁciis
1351 5494 1486 5547 opus
1515 5494 1637 5535 esse

129 5552 180 5602 ad
199 5560 519 5625 sllbernacnla
551 5573 839 5643 corporis?

180 5646 249 5702 11.
287 5648 465 5716 [ΑΜ-ιι.
507 5664 562 5720 Si
595 5676 760 5720 totum
799 5679 987 5734 corpus
1016 5663 1220 5719 oculus.
1276 5662 1386 5719 Nec
1417 5662 1635 5729 debent,

1746 5493 1922 5531 omnes
1970 5478 2243 5548 apostoli?
2293 5479 2552 5551 Nunquid
2598 5497 2773 5534 omnes
2813 5481 3117 5551 propltette?
3174 5485 3328 5545 Quod

1746 5571 1944 5629 Sectari
1979 5572 2138 5626 debet
2177 5572 2466 5639 charitate,
2508 5575 2583 5628 uti
2628 5576 2679 5627 in
2719 5574 2823 5627 line
2853 5575 3104 5643 Epistolis
3141 5576 3186 5630 si
3223 5577 3325 5629 lin-

1743 5663 1880 5733 guis,
1908 5674 2011 5720 etc.
2044 5665 2339 5720 concordet
2368 5666 2468 5731 sic,
2506 5667 2780 5720 sectamini
2808 5666 2969 5735 igitur
2992 5668 3323 5721 charitatcm.

132 5729 293 5811 ίιιιιιιίι.
330 5765 501 5811 omnes
548 5758 597 5813 ia
637 5757 878 5815 Ecclesia
913 5769 1035 5814 esse
1074 5755 1477 5828 praedicatores,
1508 5756 1636 5826 quia
1744 5755 1915 5813 Omne
1953 5757 2097 5829 quod
2135 5757 2329 5814 melius
2366 5766 2450 5813 est
2486 5768 2539 5814 et
2581 5757 2936 5817 excellentius
2970 5758 3090 5817 aliis
3125 5759 3321 5815 sectari
