3880 6306
478 382 586 437 199
1506 379 1567 433 Β.
1604 374 1994 433 LANFllANCl
2033 371 2390 431 CANTUAR.
2427 375 2747 432 ARClllEP.
3648 383 3746 440 ﬁco

468 501 699 567 Christi,
746 509 800 554 et
835 501 927 556 21.
973 500 1218 555 membra
1267 500 1334 555 de
1367 494 1633 554 membro.
1680 507 1746 551 LI.
1775 496 2036 565 quosdam
2066 494 2284 563 quidem
2332 498 2510 567 posuit
2565 498 2709 555 Det...
2754 500 2807 553 in
2848 497 3090 554 Ecclesia
3131 513 3148 552 :
3189 498 3421 570 primum
3459 501 3744 572 apostolos.

468 598 555 653 ἓξ.
589 596 828 651 secundo
870 594 1195 665 prophetas,
1238 592 1331 647 25.
1375 592 1536 647 tertio
1573 590 1853 654 doctores,
1891 589 2189 658 episcopos,
2230 586 2426 643 deinde
2456 587 2719 651 virtutes,
2751 606 2836 643 eos
2862 592 2954 660 qui
2984 589 3245 644 miracula
3277 591 3515 660 faciunt,
3554 591 3746 645 exinde

468 690 672 759 gratias
713 686 1093 747 curationum,
1132 699 1217 736 eos
1242 683 1330 754 qui
1359 681 1595 751 inﬁrmos
1622 689 1833 743 curant,
1866 677 2270 749 opitulationes,
2313 693 2431 748 qute
2468 678 2525 732 in
2545 678 2761 733 diversis
2789 679 3023 747 artibus,
3057 681 3268 750 ofﬁciis,
3314 681 3597 735 industriis
3632 699 3748 735 con-

392 786 397 791 ’
469 784 793 843 ridet-antur,
823 778 915 833 24.
948 775 1389 847 gubernationes,
1426 774 1687 826 minorum
1710 785 2051 841 personarum
2078 768 2429 837 prwlationes,
2459 784 2655 840 genera
2688 769 3015 840 linguarum,
3051 771 3212 825 variis
3242 771 3435 841 linguis
3462 772 3746 842 loquentes,

470 874 949 945 interpretationes
985 883 1317 925 sermonum.
1353 866 1603 937 Nunquid
1640 879 1832 919 omnes
1864 861 2127 933 apostoli?
2165 862 2442 931 quosdam,
2473 862 2663 934 inquit,
2692 863 2864 930 posuit
2899 863 3185 932 apostolos,
3221 880 3342 918 nam
3376 882 3496 918 cum
3524 866 3744 936 aliquos,

472 983 575 1020 non
607 980 783 1018 omnes
811 961 985 1031 posuit
1029 960 1319 1028 apostolos,
1349 958 1426 1010 sic
1453 956 1517 1009 de
1545 954 1780 1024 reliquis.
1824 951 2076 1020 Nunquid
2110 966 2301 1005 omnes
2343 953 2668 1025 prophetas?
2696 952 2946 1023 Nunquid
2971 969 3162 1009 omnes
3185 953 3473 1009 doctores?
3499 955 3746 1026 Nunquid

469 1076 659 1117 on'tnes
689 1057 952 1112 virtutes?
983 1052 1233 1123 Nunquid
1271 1066 1461 1107 omnes
1486 1049 1717 1120 gratiam
1746 1047 1949 1101 habent
1979 1045 2358 1099 curationum?
2386 1044 2637 1113 Nunquid
2667 1061 2857 1101 omnes
2891 1045 3094 1118 linguis
3130 1046 3461 1118 loquuntur?
3500 1046 3748 1119 Nunquid

467 1167 659 1208 omnes
689 1146 1146 1218 interpretantur?
1183 1144 1275 1198 25.
1304 1140 1661 1196 IEmutamini
1690 1147 1871 1192 autent
1900 1136 2233 1190 charismata
2274 1135 2518 1190 meliora.
2564 1136 2629 1190 Et
2662 1136 2839 1193 adhuc
2868 1136 3311 1193 excellentiorem
3338 1138 3479 1210 (qure
3508 1141 3745 1210 superius

466 1241 715 1311 dixerim)
748 1240 889 1293 viain
923 1238 990 1291 ad
1022 1234 1396 1289 beatitudinem
1429 1231 1582 1287 vobis
1617 1226 2023 1285 demonstrabo.

830 1338 831 1341 ‘
1905 1318 2135 1376 CAPUT
2163 1318 2304 1375 Xlﬂ\

537 1445 593 1499 Si
625 1443 822 1514 linguis
848 1442 1124 1497 hominum
1152 1442 1360 1512 loquar,
1400 1450 1455 1497 et
1480 1442 1638 1496 etiam
1668 1438 1982 1511 angelorum
2007 1438 2407 1510 (exaggeratio,)
2440 1438 2763 1492 charitatem
2792 1446 2973 1491 autem
3002 1452 3106 1493 non
3135 1438 3388 1502 habeam,
3416 1436 3595 1497 factus
3621 1454 3741 1496 sum

471 1542 704 1598 veluttes
727 1555 945 1604 sonans,
973 1556 1073 1593 non
1101 1540 1377 1607 proﬁciens
1404 1539 1551 1602 mihi,
1582 1546 1675 1590 aut
1696 1536 2005 1607 cymbalum
2030 1534 2285 1589 tinniens.
2326 1533 2392 1587 Et
2413 1533 2456 1587 si
2490 1533 2731 1587 habuero
2747 1533 3106 1603 prophetiam,
3132 1536 3447 1590 etnoverim
3477 1540 3737 1609 mysteria

463 1639 666 1704 omnia,
690 1647 743 1692 ct
767 1651 981 1691 omnem
1002 1635 1283 1689 scientiam
1301 1651 1314 1699 ;
1330 1634 1441 1688 etsi
1466 1634 1707 1688 habuero
1720 1646 1935 1685 omnem
1955 1631 2113 1684 [idem
2132 1631 2204 1684 ita
2221 1638 2502 1684 utmontes
2522 1627 2866 1692 transferam,
2885 1630 3075 1683 deloco
3102 1630 3171 1683 ad
3199 1630 3392 1697 locum,
3418 1634 3741 1689 charitatezn

467 1746 644 1789 autem
659 1749 761 1787 non
777 1730 1036 1797 habuero,
1057 1732 1189 1785 nihil
1203 1747 1341 1787 sum.
1358 1730 1478 1785 Etsi
1497 1730 1822 1785 distribuero
1841 1731 1891 1784 in
1905 1730 2056 1784 cibos
2078 1743 2374 1798 pauperum
2392 1742 2581 1784 omnes
2601 1726 2885 1783 facultates
2900 1743 3068 1792 meas,
3084 1739 3137 1783 et
3159 1730 3206 1784 si
3231 1731 3509 1786 tradidero
3546 1747 3744 1802 corpus

467 1846 645 1885 meum
678 1830 750 1884 ita
779 1838 836 1883 ut
860 1828 1098 1893 ardeam,
1130 1830 1454 1884 charitatem
1500 1838 1681 1882 autem
1714 1845 1818 1883 non
1844 1829 2103 1890 habuero,
2130 1827 2263 1883 nihil
2309 1828 2439 1882 mihi
2472 1827 2706 1898 prodest.
2735 1824 2986 1882 Charitas
3014 1828 3224 1897 patiens
3245 1835 3350 1894 est,
3373 1826 3604 1898 benigna
3635 1840 3741 1893 est;

466 1929 706 1984 charitas
734 1944 837 1983 non
864 1924 1173 1990 tumulatur,
1206 1941 1307 1979 non
1334 1941 1447 1978 eam
1475 1923 1700 1993 felicitas
1728 1923 1901 1977 aliena
1952 1925 2247 1988 contristat,
2296 1939 2403 1979 non
2447 1924 2559 1993 agit
2588 1923 2894 1993 perperam,
2937 1925 2989 1978 l.
3042 1938 3149 1995 non
3181 1922 3419 1990 inﬂatur,
3459 1926 3588 1995 quia
3643 1942 3743 1979 non

465 2040 580 2078 eam
604 2022 803 2077 extollit
842 2038 936 2074 sua
966 2018 1215 2090 felicitas,
1256 2035 1359 2073 non
1392 2028 1475 2074 cst
1494 2019 1801 2083 ambitiosa,
1830 2019 2043 2072 honoris
2066 2060 2081 2083 ,
2103 2018 2183 2072 vel
2208 2018 2531 2083 alienorum,
2565 2034 2670 2073 non
2699 2019 2896 2088 quaerit
2938 2019 3095 2073 etiam
3135 2034 3256 2089 quae
3277 2036 3375 2077 sua
3419 2032 3581 2087 sunt,
3634 2037 3738 2077 non

468 2122 733 2181 irritatur,
769 2136 873 2175 non
896 2120 1096 2189 cogitat
1125 2116 1347 2180 malum,
1380 2133 1483 2169 non
1512 2116 1710 2187 gaudet
1734 2132 1896 2187 super
1923 2116 2233 2187 iniquitate;
2264 2117 2571 2186 congaudet
2599 2125 2778 2173 autem
2809 2116 3062 2183 veritati,
3093 2117 3361 2187 (equitati;
3390 2120 3577 2174 omnia
3631 2118 3738 2175 suf-

467 2226 598 2280 fert,
624 2216 947 2286 suﬂ‘ercnda,
972 2214 1025 2268 2.
1049 2212 1479 2284 οιηιιίίι73-74
1500 2212 1694 2278 credit,
1715 2213 1993 2279 credenda,
2009 2214 2061 2269 5.
2086 2194 2491 2285 omniaqsperat,
2512 2215 2790 2284 speranda,
2813 2214 2994 2268 omnia
3014 2213 3263 2281 sustinet,
3281 2213 3740 2277 sustinenda.£,5.

464 2313 716 2368 Charitas
750 2327 1023 2381 nunquam
1066 2310 1286 2374 excidit,
1343 2310 1396 2363 id
1428 2321 1536 2375 est,
1563 2311 1729 2376 cadit,
1763 2310 1885 2379 quia
1911 2311 1965 2363 in
1992 2311 2088 2363 hoc
2134 2310 2326 2365 smculo
2358 2319 2455 2374 est,
2492 2319 2539 2364 et
2571 2311 2625 2363 in
2670 2309 2850 2383 [uturo
2878 2308 3015 2363 erit:
3041 2308 3193 2378 ﬁdes,
3225 2326 3360 2379 spes,
3390 2318 3499 2364 etc.
3556 2309 3613 2363 in
3650 2308 3742 2363 hoc

463 2409 656 2462 sa'culo
690 2418 914 2471 tanIum,
963 2408 1079 2463 sive
1117 2407 1170 2467 6,
1204 2407 1501 2477 prophetia:
1550 2405 1976 2471 evacuabuntur,
2009 2408 2123 2462 sive
2175 2407 2371 2478 lingua:
2400 2407 2712 2471 cessabunt,
2772 2406 2887 2462 sive
2937 2406 3163 2461 scientia
3213 2406 3549 2463 destruetur.
3580 2406 3635 2460 7.
3662 2405 3739 2461 Ex

462 2516 621 2574 parte
643 2506 791 2559 enim
825 2503 1204 2571 cognoscimus
1234 2542 1251 2567 ,
1281 2512 1334 2555 ct
1358 2518 1422 2556 es
1474 2510 1626 2571 parte
1656 2502 2064 2571 prophetatnus.
2095 2504 2148 2557 8.
2179 2501 2315 2557 Cum
2353 2510 2532 2558 autem
2572 2502 2780 2557 venerit
2808 2502 2951 2572 quod
2980 2501 3293 2572 perfectura
3321 2512 3426 2569 est,
3454 2501 3739 2558 evacuabi-

1819 2598 2391 2657 COMMENTARIUS.

465 2698 748 2754 debemus.
818 2695 1071 2751 Charitas
1122 2702 1308 2747 autem
1372 2690 1729 2748 excellentior
1783 2700 1869 2745 est
1927 2691 2048 2745 aliis
2078 2698 2125 2753 Λ
2152 2692 2346 2757 credit,
2375 2690 2471 2745 sed
2494 2690 2625 2758 Deo,
2648 2690 2775 2761 quia
2802 2705 2913 2747 non
2940 2691 3147 2747 dictum
3172 2700 3286 2760 est;
3317 2692 3577 2749 omnibus
3624 2708 3739 2749 cre-

466 2796 624 2851 donis
692 2790 930 2860 Spiritus
995 2787 1209 2849 sancti,
1282 2784 1425 2853 quod
1490 2792 1575 2838 est
1638 2782 2053 2837 excellentiorem
2158 2781 2257 2838 dit.

465 2885 624 2947 riam,
674 2890 781 2935 etc.
828 2877 989 2948 Ergo,
1043 2884 1152 2930 etc.
1206 2874 1411 2929 Deinde
1457 2886 1521 2928 ea
1572 2872 1684 2927 sola
1737 2872 1932 2928 sullicit
1986 2874 2053 2929 ad

463 2972 882 3033 beatitudinem,
920 2969 1024 3023 alia
1066 2982 1173 3021 non
1214 2966 1331 3021 sine
1370 2964 1481 3021 illa.
1531 2964 1669 3033 Quia
1702 2980 1878 3035 neque
1907 2965 2052 3036 loqui

465 3066 700 3137 linguis,
753 3078 929 3131 neque
985 3061 1289 3132 prophetia,
1349 3074 1527 3128 neque
1580 3058 1832 3124 scicntia,
1881 3074 2056 3129 neque

468 3158 628 3221 ﬁdes,
680 3170 856 3223 neque
893 3154 1264 3223 elcemosyna,
1320 3166 1495 3220 neque
1534 3151 1855 3221 martyrium
1903 3150 2052 3205 sutil-

466 3253 622 3308 ciunt
676 3248 743 3305 ad
802 3246 1223 3309 beatitudinem,
1282 3245 1398 3300 sine
1456 3243 1753 3309 charitate;
1812 3245 2055 3300 Charitas

468 3354 650 3401 autem
688 3346 801 3398 sola
836 3340 1069 3404 sufficit,
1104 3347 1160 3394 et
1192 3339 1297 3393 hoc
1326 3346 1408 3391 est
1439 3336 1582 3406 quod
1609 3335 1781 3390 dicit:
1809 3334 2053 3390 Charitas

466 3436 670 3507 patiens
701 3442 798 3498 cst,
824 3443 929 3487 etc.
969 3445 1144 3500 usque
1171 3429 1259 3494 ad,
1293 3443 1559 3497 nunquam
1584 3426 1794 3481 excidit.
1830 3425 1964 3481 Nam
2001 3436 2055 3482 et

463 3526 696 3589 scicntia
761 3534 820 3579 et
875 3521 1160 3593 prophetia
1216 3519 1667 3576 eraeuahuntur:
1705 3533 1866 3574 omne
1909 3518 2052 3573 enim

464 3618 845 3688 imperfectum
912 3614 1152 3685 perfecto
1211 3610 1657 3682 superveniente,
1717 3618 2014 3663 evacuatur
2033 3626 2051 3661 -:

467 3708 615 3777 atqui
650 3706 1038 3777 propltetiatet
1077 3703 1306 3758 scientia
1356 3711 1483 3755 sunt
1535 3699 1883 3770 imperfecta;
1925 3715 2055 3767 ergo

463 3800 899 3853 evacuabuutur.
953 3795 1107 3861 Quod
1148 3802 1329 3848 autem
1363 3792 1494 3848 dicit
1527 3809 1542 3847 :
1584 3808 1703 3845 cum
1732 3808 1896 3846 essent
1930 3808 2057 3862 par-

469 3890 641 3955 vulus,
692 3890 886 3959 probat
929 3902 1091 3943 omne
1144 3884 1523 3956 imperfectum
1581 3883 1827 3955 perfecto
1873 3899 2057 3954 supcr-

469 3983 723 4038 vcnieutc
761 3980 1035 4036 evacuari.

2228 2872 2281 2926 3.
2313 2872 2504 2926 Omnia
2521 2882 2715 2943 sperat.
2745 2871 2882 2929 Nam
2924 2873 3045 2930 ideo
3075 2873 3270 2931 tolerat
3297 2876 3481 2929 omnia
3526 2875 3584 2929 in
3614 2890 3740 2944 prae-

2158 2964 2300 3019 senti
2357 2964 2501 3029 vita,
2548 2964 2674 3034 quia
2714 2966 2889 3021 credit
2933 2964 3113 3020 omnia
3166 2964 3448 3021 defutura
3518 2967 3651 3021 vita.
3681 2965 3741 3020 Et

2157 3057 2342 3112 suﬂ'crl
2366 3056 2546 3111 omnia
2564 3072 2682 3127 quae
2705 3057 2794 3113 hic
2814 3057 3338 3129 iunnittuntur,quia
3359 3066 3549 3127 sperat
3565 3058 3739 3112 omnis

2156 3166 2275 3223 qua:
2300 3150 2373 3205 ibi
2404 3149 2804 3225 promittuntur.
2835 3149 3028 3205 Merito
3051 3166 3181 3222 ergo
3208 3166 3484 3220 nunquam
3543 3151 3706 3206 cadit.

2228 3243 2284 3299 4.
2311 3242 2553 3298 Accusa".
2585 3242 2675 3312 (In
2722 3242 2884 3298 Joan.
2922 3258 2998 3309 tv,
3052 3258 3104 3298 c.
3150 3243 3243 3307 lli;
3296 3259 3475 3312 expos.
3508 3243 3563 3296 in
3592 3241 3619 3295 1
3642 3239 3736 3311 Ep.

2157 3336 2319 3390 Joan.
2373 3344 2532 3391 tract.
2564 3335 2597 3390 9
2636 3344 2675 3390 t.
2721 3334 2814 3390 IX.
2847 3335 3091 3390 Charitas
3138 3351 3425 3406 nunquam.
3485 3335 3626 3390 Deus
3664 3336 3740 3388 di-

2157 3425 2307 3481 lectio
2336 3436 2444 3491 est;
2464 3436 2510 3479 et
2540 3426 2630 3496 qui
2660 3436 2856 3493 manet,
2886 3426 3085 3496 inquit,
3116 3429 3171 3480 in
3200 3426 3504 3491 dilectione,
3548 3426 3606 3479 in
3640 3424 3736 3479 Deo

2158 3527 2358 3581 manet,
2389 3526 2436 3571 et
2474 3515 2614 3570 Deus
2658 3518 2713 3571 in
2760 3515 2850 3571 illo
2890 3526 3095 3572 manet.
3145 3516 3199 3571 Si
3234 3517 3329 3571 tibi
3372 3517 3571 3573 domus
3628 3516 3737 3581 Dei,

2156 3618 2276 3665 esto
2323 3609 2514 3665 domus
2572 3609 2687 3666 Dei.
2748 3608 2906 3664 Mane
2954 3609 3009 3663 in
3058 3609 3189 3673 Deo,
3223 3617 3277 3663 ct
3329 3619 3548 3663 maneat
3604 3609 3659 3664 in
3690 3617 3735 3663 te

2160 3700 2322 3757 Deus.
2356 3701 2537 3757 Manet
2569 3702 2624 3757 in
2660 3712 2710 3757 te
2736 3702 2898 3767 Deus,
2925 3711 2985 3755 ut
3015 3709 3068 3756 te
3108 3701 3412 3767 contineat;
3460 3716 3652 3757 manes
3691 3701 3738 3756 in

2159 3794 2293 3860 Deo,
2319 3808 2388 3849 ne
2410 3795 2595 3850 cadas.
2641 3793 2776 3862 Quia
2800 3795 2879 3850 sic
2906 3794 2971 3849 de
2999 3794 3114 3863 ipsa
3161 3794 3429 3848 charitate
3457 3793 3739 3865 Apostolus

2159 3884 2292 3941 dicit
2345 3903 2358 3939 :
2405 3882 2651 3940 CImritas
2715 3899 2989 3954 nunquam
3043 3884 3206 3941 cadit.
3268 3882 3554 3951 Quomodo
3603 3882 3738 3939 cadit

2158 3990 2319 4048 quem
2344 3977 2588 4033 continet
2614 3976 2797 4032 Deus?

540 4075 630 4130 21.
661 4073 894 4128 Membra
910 4074 974 4127 de
991 4073 1239 4127 membro.
1267 4070 1337 4128 Se
1360 4082 1516 4128 vocat
1542 4071 1844 4127 membrum
1864 4085 1895 4125 a
1915 4085 2045 4142 quo,
2080 4069 2127 4129 B
2225 4071 2277 4126 5.
2308 4070 2509 4126 LANFR.
2548 4070 2792 4127 Charitas
2816 4088 3083 4143 nunquam
3112 4072 3329 4135 excidit,
3353 4071 3408 4126 id
3441 4080 3548 4136 est,
3574 4072 3734 4139 cadit,

467 4169 525 4227 iJ
570 4177 684 4234 est,
723 4183 752 4221 a
803 4166 954 4235 cujus
978 4166 1362 4237 praedicatione
1421 4165 1729 4231 Corinthii,
1778 4165 1869 4234 qui
1898 4175 2054 4219 erant

469 4260 714 4316 tuetuhra
763 4258 984 4323 Christi,
1040 4266 1443 4329 processerunt,
1503 4257 1587 4313 vel
1629 4248 1930 4323 Christum,
1962 4256 2056 4327 qui

470 4352 725 4411 Ecclesiae
748 4362 909 4423 caput
931 4362 1033 4408 est.

538 4446 630 4500 2'2.
664 4446 904 4499 Attianos.
938 4443 1177 4498 Secundo
1200 4444 1501 4514 prophetas.
1551 4441 1855 4513 Prophetas
1894 4440 2054 4495 intel—

470 4534 690 4604 ligin‘nts
715 4535 893 4590 futura
926 4536 1187 4598 dicentes,
1218 4545 1273 4587 et
1303 4534 1613 4601 Scripturas
1646 4535 1978 4587 revelanles.

542 4625 635 4679 25.
679 4622 852 4677 Tertio
903 4623 1155 4676 doctores.
1222 4623 1483 4676 Doctores
1534 4622 1685 4686 dicit,
1740 4620 1831 4697 qui
1861 4621 2056 4677 litteris

472 4726 528 4772 et
560 4716 882 4773 lectionibus
904 4730 1101 4785 pueros
1126 4714 1464 4769 imbuebant.

543 4807 634 4863 24.
662 4806 1100 4863 Gubernationes.
1133 4806 1270 4861 Sunt
1304 4814 1358 4860 et
1384 4806 1799 4875 gubernatores,
1824 4805 1916 4875 qui
1947 4804 2057 4876 spi-

474 4902 761 4959 ritualibus
789 4900 1168 4972 gubernaculis
1195 4901 1524 4954 documento
1552 4907 1702 4954 sunt.

544 4996 636 5054 23.
708 4994 910 5050 LANFR.
958 4992 1313 5048 ZEmulamini
1382 4992 1725 5049 charismata.
1787 4991 2054 5047 Corinthii

472 5102 820 5159 summopere
869 5086 1249 5142 desiderabant
1304 5086 1535 5157 gratiam
1585 5085 1927 5156 linguarum;
1960 5086 2055 5141 sed

473 5182 725 5239 hortatur
743 5194 839 5235 eos
863 5177 1149 5248 Apostolus
1192 5188 1251 5233 ut
1274 5178 1501 5234 meliora
1528 5178 1864 5234 charismata
1905 5177 2057 5233 desio

469 5273 683 5336 tierent,
707 5280 762 5326 et
787 5269 1022 5325 maxime
1052 5270 1280 5339 gratiam
1318 5270 1696 5340 prophetandi.

537 5365 691 5421 CAP.
716 5364 853 5421 Xlll.
884 5395 955 5407 -ρ
992 5365 1041 5418 1.
1066 5364 1306 5420 Ancosr.
1340 5364 1439 5435 (De
1466 5361 1651 5419 Cenes.
1676 5366 1746 5418 ad
1765 5365 1875 5431 [ειη
1912 5364 1949 5419 l.
1976 5381 2050 5429 x1.

2158 4165 2285 4236 quia
2315 4177 2369 4221 et
2393 4165 2445 4219 in
2471 4164 2574 4219 hoc
2608 4162 2806 4219 sarculo
2830 4172 2934 4229 est,
2961 4173 3016 4219 et
3042 4164 3095 4219 iu
3117 4163 3323 4223 futuro.
3361 4163 3477 4218 Erit
3509 4164 3645 4219 fides
3687 4172 3735 4218 et

2156 4274 2279 4330 spes
2305 4260 2356 4314 in
2388 4260 2492 4315 hoc
2514 4259 2710 4314 saeculo
2741 4267 2971 4313 tantum.

2226 4354 2279 4407 6.
2307 4350 2605 4421 Prophetia:
2622 4349 3035 4404 evacuabuntur.
3076 4347 3135 4402 In
3161 4348 3249 4403 die
3275 4346 3469 4416 judicil
3503 4356 3561 4403 et
3613 4363 3731 4419 pro-

2153 4444 2337 4513 phetia
2362 4442 2738 4507 evacuabitur,
2774 4451 2828 4496 et
2864 4440 3102 4496 varietas
3140 4440 3448 4513 linguarum
3477 4440 3731 4503 cessabit,

2154 4546 2212 4589 et
2235 4535 2459 4591 scientia
2482 4535 2596 4588 sive
2619 4532 3016 4588 mundanorum
3064 4547 3267 4595 rerum.
3320 4532 3434 4587 sive
3477 4532 3547 4589 ad
3578 4545 3728 4600 quam

2155 4627 2563 4697 dispositionem
2595 4623 2933 4695 pervenitur,
2964 4623 3299 4678 destruetur.

2227 4722 2281 4776 7.
2309 4720 2391 4773 Ea:
2437 4730 2585 4789 parte
2623 4719 2781 4772 enim.
2811 4716 2988 4783 Quasi
3008 4717 3215 4772 diceret
3248 4734 3262 4775 ;
3306 4716 3430 4772 Ideo
3464 4713 3732 4786 prophetia

2158 4812 2511 4869 evacuabitnr
2549 4820 2604 4865 et
2646 4810 2871 4865 scientia
2914 4809 3267 4874 destruetur,
3299 4809 3431 4878 quia
3473 4825 3543 4864 ex
3597 4816 3732 4878 parte

2157 4914 2311 4971 sunt;
2346 4919 2506 4959 omne
2535 4913 2713 4957 autem
2742 4902 2884 4973 quod
2912 4919 2977 4957 ex
3006 4911 3159 4972 parte
3212 4913 3316 4965 est.
3360 4902 3727 4972 imperfectum

2157 5007 2267 5064 est;
2314 5011 2475 5053 omne
2522 5003 2701 5050 autem
2741 4995 2885 5064 quod
2932 4994 3313 5065 imperfectum
3362 5003 3478 5060 est,
3508 5009 3730 5051 evacua-

2156 5093 2323 5149 bitur.

2225 5185 2277 5240 8.
2293 5185 2530 5239 Auctis'r.
2544 5178 3100 5251 (Deperfecjustitite,
3113 5178 3218 5235 c.8.
3240 5176 3395 5245 LVII)
3409 5175 3543 5231 Cum
3557 5174 3729 5231 venerit

2156 5276 2295 5347 quod
2307 5275 2612 5345 perfectum.
2625 5273 2760 5329 Cum
2785 5273 2991 5328 venerit
3011 5272 3155 5341 quod
3170 5269 3470 5341 perfectum
3485 5279 3590 5332 est,
3603 5264 3728 5337 quod

2157 5386 2223 5426 es
2237 5378 2389 5440 parte
2402 5376 2485 5423 est
2514 5368 2844 5430 destruetur,
2860 5365 2914 5420 id
2926 5373 3028 5428 est,
3048 5378 3154 5419 non
3171 5362 3282 5431 jam
3300 5376 3366 5416 es
3383 5370 3562 5430 parte,
3574 5373 3631 5414 se
3648 5358 3727 5409 lex

471 5473 593 5526 cap.
613 5457 668 5522 5,
690 5458 785 5512 sub
814 5455 976 5529 med.)
1008 5454 1130 5511 Non
1159 5458 1414 5526 inﬂatur,
1450 5456 1503 5511 id
1535 5465 1642 5521 est,
1692 5472 1797 5513 non
1842 5456 2053 5528 privata
2080 5445 2127 5506 C
2159 5469 2274 5514 toto
2300 5459 2427 5523 erit,
2455 5458 2582 5529 quia
2625 5456 2749 5513 ﬁdei
2793 5464 2848 5512 et
2877 5455 3012 5526 spei.
3040 5453 3151 5523 iam
3182 5470 3271 5508 res
3296 5453 3444 5522 ipsa,
3480 5469 3585 5507 non
3624 5460 3731 5518 quas

472 5548 793 5604 excellentia
833 5550 1079 5616 limatur;
1113 5550 1311 5604 merito
1337 5563 1467 5618 ergo
1496 5564 1604 5605 non
1636 5548 1871 5605 inflatur.

550 5641 897 5711 2.(Ᾱυθυετ.
932 5642 1031 5710 (De
1084 5643 1253 5713 spirit.
1309 5652 1357 5698 et
1409 5642 1490 5708 lit,
1540 5658 1659 5714 cap.
1716 5642 1807 5706 52,
1856 5651 1895 5697 t.
1948 5642 2056 5713 lll.)

478 5733 675 5788 Omnia
703 5733 891 5788 credit.
923 5734 1042 5804 Ipsa
1068 5735 1328 5801 Charitas,
1362 5752 1483 5806 qua:
1507 5736 1687 5791 omnia
1721 5736 1915 5801 credit,
1949 5751 2055 5791 non

471 5823 620 5882 murti
660 5823 872 5895 spiritui
910 5826 1099 5880 credit.
1152 5826 1228 5881 Ac
1295 5842 1392 5895 per
1441 5828 1568 5890 hoc,
1614 5826 1794 5881 omnia
1842 5826 2059 5898 quidem

2159 5549 2415 5605 credatur
2469 5557 2524 5604 et
2561 5555 2829 5619 speretur,
2875 5546 2968 5602 sed
3015 5561 3137 5615 quae
3189 5545 3432 5600 videatur
3481 5548 3731 5598 terreatur-

2158 5655 2283 5710 que,
2307 5638 2583 5697 succedet.
2626 5638 2880 5695 Charitas
2928 5646 3111 5691 autem
3144 5651 3265 5706 quae
3295 5634 3379 5690 his
3426 5632 3524 5705 [aL
3557 5633 3606 5686 in
3634 5622 3726 5697 his]

2162 5734 2336 5789 tribus
2378 5731 2553 5804 major
2601 5741 2706 5798 est,
2740 5748 2849 5789 non
2890 5730 3189 5793 auferatur,
3219 5728 3312 5783 sed
3360 5738 3639 5797 augeatur,
3682 5728 3731 5774 et

2165 5825 2452 5894 impleatur
2504 5823 2629 5898 [al.,
2662 5823 2966 5894 augehitur,
3018 5830 3074 5877 et
3123 5818 3456 5892 implebiturl
3507 5825 3728 5875 condetu-
