3880 6306
45 354 159 410 201
790 352 856 407 1N
892 353 952 407 D.
993 352 1200 409 PAULI
1236 353 1450 437 EPIST:
1491 354 1846 412 COMMENT.
1888 382 1958 392 —
1996 351 2214 406 EPIST.
2259 351 2275 403 l
2316 350 2405 403 AD
2443 348 2596 402 CJK.
3240 352 3347 409 202

22 450 145 521 'tur
182 463 347 537 quod
372 477 437 519 ex
464 468 620 535 parte
652 468 738 517 est
772 459 1196 534 (Transsumptio
1232 463 1302 518 ad
1327 464 1521 539 minus,
1550 478 1666 535 qua:
1697 472 1874 518 tamen
1903 478 1998 533 pro
2023 460 2185 517 simili
2211 460 2410 533 sumit).
2437 460 2569 517 Cum
2593 475 2767 517 essent
2797 463 3071 534 parvulus,
3097 466 3358 536 loquebar

45 570 107 616 ut
134 558 437 631 parvulus.
462 558 732 632 sapieham
759 567 819 614 ut
846 559 1131 631 parvulus,
1159 560 1466 629 cogitabam
1497 567 1555 615 ut
1576 559 1856 629 parvulus.
1891 558 2116 627 Quando
2152 566 2332 613 autem
2364 557 2539 613 factus
2577 574 2698 614 sum
2721 560 2825 625 vir,
2857 565 3138 628 evacuavi,
3165 563 3355 634 abjieci

40 668 76 710 α
106 672 214 719 me,
257 670 394 726 quae
414 664 571 711 erant
598 655 832 726 parvuli.
863 654 1119 711 Videmus
1142 672 1284 711 nunc
1309 656 1400 727 (ad
1424 656 1477 709 id
1507 656 1646 727 quod
1676 655 1829 719 dixit,
1855 665 2082 725 exparte
2106 655 2497 727 prophetumus)
2527 671 2622 726 per
2644 655 2919 727 speculum
2953 658 3004 711 in
3028 660 3312 729 tenigmate
3337 678 3352 714 :

39 757 74 811 9
113 766 253 811 tunc
281 765 473 810 autem
504 754 665 821 facie,
694 770 871 810 revera
894 794 909 820 ,
945 753 1013 810 ad
1037 752 1253 809 faciem.
1291 751 1446 808 Nunc
1477 751 1648 823 (adid
1678 753 1819 822 quod
1862 751 2018 817 dixit,
2056 768 2120 806 ea:
2164 762 2312 822 parte
2361 750 2741 823 cognoscimus)
2774 767 3042 822 cognosco
3071 755 3134 809 ex
3167 766 3351 824 parte;

39 861 175 905 tunc
208 860 416 906 autem
447 866 792 923 cognoscam,
820 852 961 907 sicut
988 860 1045 907 et
1068 850 1315 921 cognitus
1341 865 1487 914 sum,
1510 858 1634 903 tunc
1680 846 1905 919 perfecte
1954 865 2265 919 cognoscam
2308 847 2512 914 Deum,
2541 848 2674 903 sicut
2708 849 2946 921 cognitus
2973 866 3089 904 sum
3143 868 3176 904 a
3223 851 3353 904 Deo.

38 951 200 1002 Nune
235 924 469 1011 autem,
487 948 541 1002 in
560 949 659 1003 Itac
688 949 797 1003 vita
822 957 1028 1003 tantum
1049 955 1271 1002 manent
1289 946 1448 1013 ﬁdes,
1474 959 1619 1016 spes,
1648 943 1913 1009 Charitas,
1946 943 2049 997 tria
2076 944 2213 1000 haec.
2241 944 2328 999 10.
2362 943 2530 1016 Major
2565 953 2747 1002 autem
2779 946 2995 1011 horum,
3028 946 3354 1013 diuturnior,

37 1061 164 1097 nam
189 1055 246 1099 et
282 1046 349 1099 in
393 1046 606 1115 futuro,
638 1053 725 1102 est
752 1044 1014 1100 Charitas.

1492 1135 1727 1193 CAPUT
1787 1134 1927 1192 XIV.

113 1250 270 1321 Ergo
307 1250 633 1317 sectamini,
687 1252 888 1306 studete
935 1262 990 1305 ut
1046 1250 1284 1305 habeatis
1335 1251 1697 1319 eharitatem,
1760 1250 2091 1307 aamulamini
2141 1249 2403 1321 spiritalia
2442 1265 2457 1303 :
2499 1250 2790 1305 desiderate
2829 1248 3127 1318 spirituales
3158 1248 3357 1321 gratias

38 1352 283 1423 Spiritus
303 1354 508 1421 sancti,
524 1350 697 1421 magis
728 1360 929 1413 autem,
949 1365 1107 1420 quam
1121 1347 1384 1420 utlinguis
1398 1347 1709 1421 loquainini,
1728 1349 2153 1419 utprophetetis.
2170 1348 2272 1415 Qui
2289 1348 2433 1402 enim
2454 1347 2694 1416 loquitur
2720 1346 2919 1417 lingua,
2938 1343 3134 1397 scilicet
3149 1343 3359 1398 audito-

40 1450 187 1503 ribus
201 1450 513 1521 incognita,
530 1465 637 1504 non
664 1449 970 1504 hominibus
984 1447 1474 1519 loquitur(simplex
1486 1446 1700 1513 bonum,
1715 1448 1824 1518 ipse
1836 1449 1976 1502 enim
1993 1445 2136 1501 solus
2149 1444 2413 1515 intelligit)
2429 1445 2525 1499 sed
2543 1443 2674 1509 Deo;
2691 1457 2851 1497 nemo
2871 1442 3015 1497 enim
3029 1442 3197 1506 audit,
3210 1442 3262 1493 id
3281 1450 3358 1495 est

36 1547 322 1619 intelligit.
344 1548 403 1602 1.
419 1546 624 1618 Spiritu
648 1556 831 1601 autem
844 1545 953 1616 75
968 1546 1023 1599 2.
1040 1544 1277 1615 loquitur
1290 1544 1566 1616 mysteria;
1587 1560 1713 1599 nam
1745 1545 1836 1628 qui
1848 1543 2157 1615 prophetat,
2201 1542 2320 1608 sibi,
2343 1550 2397 1595 et
2419 1540 2726 1596 hominibus
2753 1538 2990 1609 loquitur
3027 1537 3093 1591 ad
3116 1537 3357 1591 aediﬁca-

42 1637 277 1700 tionem,
298 1637 528 1707 (duplex
544 1637 757 1707 bonum)
773 1635 1270 1691 etexhortationcm
1288 1643 1344 1689 et
1355 1635 1797 1691 consolationem.
1814 1635 1916 1702 Qui
1931 1635 2169 1704 loquitur
2189 1632 2391 1705 lingua,
2414 1631 2533 1688 aliis
2561 1632 2849 1703 incognita,
2863 1631 3212 1701 semetipsum
3226 1632 3358 1684 tedi-

44 1734 174 1789 ﬁeat
200 1750 215 1799 ;
242 1733 296 1788 si
327 1744 509 1787 tamen
532 1731 790 1803 intelligat
819 1745 837 1784 :
869 1731 960 1800 qui
993 1738 1173 1785 autem
1208 1732 1514 1802 prophetat,
1546 1731 1844 1788 Ecclesiam
1870 1732 1963 1807 Dei
1992 1730 2245 1787 aediﬁcat.
2275 1729 2412 1785 Volo
2445 1739 2627 1785 autem
2652 1744 2841 1785 omnes
2860 1744 2957 1784 vos
2987 1728 3130 1800 loqui
3161 1729 3357 1798 linguis

42 1830 169 1900 (non
182 1828 683 1900 dico,inquit,quia
708 1829 867 1884 nolim
892 1840 947 1883 ut
973 1830 1167 1900 linguis
1189 1829 1499 1900 loquamini,
1521 1832 1610 1886 sed
1630 1833 1754 1902 quia
1777 1830 1916 1886 malo
1938 1842 1991 1884 ut
2019 1828 2352 1901 prophetetis,
2378 1828 2518 1899 quod
2545 1827 2823 1898 dupliciter
2842 1828 3167 1899 prodest);5.
3183 1826 3356 1898 magis

42 1936 231 1981 autem
262 1929 626 1996 prophetare.
659 1924 794 1981 Nam
823 1927 997 1997 major
1042 1936 1146 1992 est.
1182 1927 1405 2011 majoris
1426 1928 1722 1999 dignitatis,
1752 1929 1843 1998 qui
1870 1930 2180 2000 prophetat,
2213 1943 2378 1997 quam
2409 1928 2500 1997 qui
2528 1926 2769 1997 loquitur
2800 1925 3022 1997 linguis,
3059 1925 3163 1995 nisi
3212 1924 3355 1979 lorlc

45 2024 481 2093 interpretetur,
507 2022 633 2093 quid
656 2022 849 2077 dixerit
874 2023 1110 2093 exponit,
1144 2032 1202 2078 ut
1229 2023 1474 2079 Ecclesia
1520 2025 1935 2081 aedificationem
1980 2026 2232 2096 accipiat.
2262 2025 2418 2080 Nunc
2461 2034 2667 2091 autem,
2696 2023 2918 2089 fratres,
2951 2023 2997 2078 si
3038 2037 3239 2078 venero
3285 2023 3356 2077 ad

44 2136 138 2175 vos
169 2120 395 2192 linguis
424 2120 565 2174 vobis
600 2119 880 2189 incognitis
913 2120 1160 2190 loquens,
1189 2121 1324 2191 quid
1363 2122 1520 2178 vobis
1544 2122 1799 2193 p'rodero,
1829 2122 1935 2177 nisi
1966 2122 2119 2177 vobis
2166 2122 2378 2191 loquar,
2410 2123 2800 2193 interpretetur,
2839 2129 2939 2176 aut
2966 2119 3022 2174 4.
3056 2121 3111 2175 in
3145 2120 3355 2176 revela-

48 2212 221 2280 tione,
258 2223 368 2268 aut
390 2214 446 2270 5.
474 2216 530 2271 in
558 2216 809 2281 scientia,
841 2226 935 2272 aut
959 2216 1012 2272 6.
1039 2220 1093 2273 in
1121 2219 1429 2290 prophetia,
1463 2231 1557 2276 aut
1588 2221 1641 2275 in
1670 2221 1915 2277 doctrina
1946 2220 1970 2275 ?
2006 2229 2187 2275 tamen
2219 2218 2576 2293 (expletivam,
2608 2223 2685 2277 vel
2716 2223 2915 2277 scilicet
2947 2222 3352 2285 similitudinem

44 2308 361 2379 proferam)
401 2325 519 2380 qua:
550 2310 667 2365 sine
703 2312 883 2367 anima
919 2322 1045 2368 sunt
1073 2328 1265 2369 vocem
1294 2331 1483 2369 senum
1513 2316 1718 2382 dantia,
1742 2317 1855 2373 sive
1886 2316 2015 2371 tibia
2037 2320 2437 2388 (transsumptio
2463 2318 2531 2371 ad
2565 2318 2783 2390 simile),
2818 2322 2935 2375 sive
2971 2321 3202 2386 cithara,
3241 2321 3353 2375 nisi

54 2404 488 2460 distinctionem
521 2406 797 2462 sonituum
821 2408 1072 2465 dederint
1100 2410 1227 2482 (non
1253 2410 1523 2483 prosunt),
1554 2413 1828 2483 quomodo
1872 2414 2077 2468 scietur
2124 2413 2177 2467 id
2207 2414 2353 2482 quod
2379 2415 2597 2468 canitur
2650 2424 2743 2468 aut
2770 2415 2917 2483 quod
2940 2416 3350 2485 eytharizatnr?

50 2500 374 2556 nullatenus
411 2501 463 2575 (a
484 2504 694 2575 simili.)
730 2505 944 2561 Etenim
974 2506 1020 2562 si
1050 2507 1316 2563 incertam
1356 2522 1544 2563 vocem
1580 2507 1673 2564 det
1698 2508 1857 2574 tuba,
1887 2509 2010 2578 quis
2049 2507 2263 2577 parabit
2300 2523 2362 2564 se
2406 2509 2475 2563 ad
2516 2508 2760 2565 bellum?
2791 2526 2897 2564 non
2938 2512 3169 2581 prodest,
3202 2528 3354 2567 nemo

51 2597 197 2675 enim‘
221 2597 297 2652 ad
323 2596 638 2669 bellumper
660 2616 779 2654 eam
803 2611 1162 2669 prteparatur.
1185 2602 1261 2656 lta
1286 2602 1341 2673 (a
1380 2601 1562 2674 simili)
1599 2613 1655 2659 et
1689 2618 1787 2661 vos
1818 2619 1916 2674 per
1954 2605 2216 2676 linguam,
2259 2605 2362 2661 nisi
2411 2606 2805 2675 interpretanda
2844 2608 3190 2665 manifestum
3242 2625 3356 2665 ser-

58 2708 277 2752 monem
318 2697 619 2763 dederitis;
652 2699 928 2768 quomodo
966 2699 1170 2754 scietur
1200 2700 1253 2755 id
1289 2702 1433 2771 quod
1475 2701 1674 2757 dicitur
1706 2702 1729 2756 ?
1760 2702 1924 2757 Erilis
1953 2705 2097 2758 enim
2130 2704 2184 2759 in
2233 2717 2385 2769 aera,
2413 2704 2469 2759 in
2510 2720 2726 2770 vanum,
2769 2705 3077 2777 loquentes.
3113 2704 3166 2757 7.
3219 2702 3357 2759 Tam

65 2797 235 2851 multa
271 2806 336 2852 ut
382 2806 514 2867 puta
545 2814 745 2869 genera
777 2797 1082 2868 linguarum
1109 2806 1237 2854 sunt
1276 2799 1331 2854 in
1360 2801 1466 2856 hoc
1498 2801 1720 2861 mundo.
1750 2811 1803 2857 et
1843 2803 2001 2868 nihil,
2033 2802 2239 2856 nullum
2271 2819 2432 2874 genus
2461 2802 2678 2874 lingute,
2711 2805 2832 2860 sine
2869 2818 3020 2867 voce,
3046 2805 3187 2857 vocis
3226 2817 3357 2872 pros

60 2895 297 2960 prietate,
335 2902 446 2949 est.
482 2893 541 2949 Si
567 2909 698 2965 ergo
725 2893 779 2965 (a
807 2895 994 2966 simili)
1037 2897 1285 2952 nesciero
1313 2896 1597 2959 virtutem,
1639 2896 2039 2969 intelligentiam
2078 2899 2248 2965 vocis,
2279 2913 2375 2953 ero
2407 2901 2477 2967 ei,
2519 2900 2607 2955 cui
2659 2900 2874 2969 loquor,
2908 2901 3197 2967 barbarus,
3247 2915 3355 2953 non

62 2990 292 3058 prodere
322 2992 373 3045 ei
411 2991 497 3045 cui
528 2990 732 3063 loquor,
775 3002 829 3047 et
868 2992 960 3063 qui
1006 2992 1268 3063 loquitur,
1297 2992 1431 3048 mihi
1461 2994 1745 3049 barbarus.
1795 2994 1888 3051 Sic
1928 3004 1982 3050 et
2011 3010 2108 3051 vos
2135 3037 2149 3061 ,
2184 2996 2442 3065 quoniam
2466 3034 2484 3063 ,
2518 2997 2963 3069 quandoquidem,
3010 2996 3354 3050 aemulatores

63 3086 190 3142 estis
214 3087 536 3157 spirituum,
576 3089 933 3159 spiritualium
974 3089 1257 3157 donorum,
1303 3091 1370 3144 ad
1416 3089 1832 3146 ardilicationein
1871 3091 2131 3147 Ecclesiae
2176 3093 2400 3162 quaerite
2434 3099 2494 3147 ut
2545 3093 2697 3148 donis
2736 3093 3102 3164 spiritualibus
3149 3091 3352 3159 adeptis

68 3178 471 3240 abundetis.'Et
508 3186 649 3251 ideo,
680 3188 803 3256 quia
827 3188 1110 3256 quterenda
1137 3197 1259 3241 sunt
1299 3185 1439 3242 dona
1476 3204 1595 3259 qute
1623 3197 1878 3258 prosunt,
1908 3189 1998 3258 qui
2047 3188 2287 3259 loquitur
2321 3188 2535 3260 lingua,
2564 3189 2617 3244 8.
2658 3198 2778 3244 oret
2830 3198 2894 3244 ut
2937 3190 3349 3257 interpretetur.

65 3271 188 3329 Nam
232 3278 279 3333 si
311 3293 494 3343 orem,
531 3285 738 3350 loquar,
786 3279 992 3350 lingua,
1027 3280 1253 3349 spiritus
1284 3296 1457 3349 meus,
1506 3298 1605 3335 vox
1638 3299 1773 3348 mea,
1820 3293 1960 3349 orat,
2002 3282 2055 3336 id
2081 3292 2177 3349 est,
2224 3298 2316 3352 ego
2356 3281 2491 3336 nulli
2516 3298 2751 3351 prosum,
2788 3297 2941 3339 mens
2995 3290 3176 3338 autem
3230 3294 3352 3335 mea

1428 3420 1715 3479 conum
1737 3420 2005 3493 l‘ARlUS.

65 3554 198 3623 plata
232 3559 372 3627 quod
399 3558 694 3623 credebat,
724 3565 777 3612 et
805 3558 946 3628 quod
984 3560 1259 3628 sperabat,
1285 3557 1523 3628 indepta.
1678 3567 1730 3626 Α
1758 3564 1938 3614 autem
1984 3558 2180 3627 duplex
2234 3559 2435 3613 bonum
2466 3568 2551 3614 est
2584 3577 2599 3625 ;
2633 3560 2779 3630 loqui
2833 3574 2963 3613 vero
3016 3560 3199 3630 lingua
3261 3560 3351 3614 iu-

124 3649 171 3703 9.
196 3649 396 3706 Lasrn.
447 3650 590 3704 Tunc
610 3662 783 3704 autem
805 3667 1134 3721 cognoscam.
1160 3648 1310 3704 ‘l'unc
1333 3664 1655 3721 cognoscam

69 3739 295 3805 perfecte
328 3744 539 3807 Deum,
594 3743 734 3797 sicut
784 3742 1034 3814 cognitus
1086 3759 1205 3797 sunt
1232 3758 1261 3796 a
1290 3743 1421 3808 Deo,
1457 3742 1509 3797 id
1551 3753 1653 3809 est,

68 3832 310 3899 perfecte.

131 3925 208 3980 10.
240 3927 420 3999 Maior
476 3936 648 3981 autent
677 3928 865 3980 Itorum
891 3935 967 3981 est
1000 3925 1251 3981 citaritas.
1278 3926 1424 3981 item
1472 3938 1654 3982 osten-

72 4013 138 4065 dit
159 4020 440 4077 meliorem
468 4036 592 4077 esse
638 4019 961 4074 charitatem
1016 4018 1267 4072 omnibus
1313 4018 1436 4073 aliis
1463 4019 1649 4085 donis;

75 4117 184 4160 nam
209 4112 394 4166 melior
428 4112 666 4175 estlide,
699 4125 795 4180 spe
827 4118 880 4164 ct
910 4109 1143 4174 caeteris,
1177 4117 1259 4164 est
1282 4111 1422 4164 enim
1449 4111 1654 4166 diutur-

77 4196 208 4266 nior;
237 4205 375 4260 unde
407 4213 472 4259 et
510 4220 541 4257 a
590 4203 1022 4275 prmccdentihus
1052 4202 1403 4273 principalem
1435 4204 1654 4259 conclu-

78 4290 543 4363 ditqumstionem,
574 4298 757 4351 dicens
788 4315 800 4350 :
837 4296 1001 4367 Ergo,
1040 4294 1397 4366 quia‘melior
1426 4304 1509 4349 est
1535 4311 1654 4350 om-

79 4381 235 4450 nibus,
259 4388 539 4443 sectamini
569 4388 898 4442 cltaritatem.

139 4475 277 4532 CAP.
307 4480 454 4538 XIV.
488 4510 559 4521 ——
596 4481 647 4535 1.
674 4478 901 4549 Spiritus
932 4489 1107 4531 autent
1156 4477 1408 4547 loquitur,
1462 4477 1516 4531 id
1545 4487 1647 4544 est,

84 4562 330 4641 intelligit,
363 4575 511 4630 sicut
541 4573 593 4627 in
624 4571 911 4643 Evangelio
946 4589 960 4625 :
993 4570 1096 4635 Qui
1154 4570 1306 4624 habet
1352 4587 1507 4624 aures
1555 4589 1651 4624 au.

81 4656 234 4714 diendi
273 4667 485 4730 audiat,
526 4665 578 4719 id
614 4674 717 4730 est,
752 4664 1035 4735 intelligat.
1078 4662 1143 4717 Et
1185 4663 1238 4716 in
1279 4661 1600 4733 Apocalypsi
1633 4681 1645 4717 :

87 4746 173 4809 Qui
196 4753 337 4809 liabet
377 4774 587 4823 aurem,
619 4758 824 4810 audiat.

142 4840 188 4894 2.
230 4845 501 4915 Loquitur.
538 4849 593 4903 In
633 4850 745 4918 ipsa
793 4848 1066 4919 incognita
1125 4847 1304 4919 lingua
1339 4891 1354 4913 ,
1414 4848 1647 4918 Spiritus

1759 3648 1975 3719 cognita
2007 3648 2108 3703 sibi
2144 3658 2199 3703 et
2227 3648 2369 3714 aliis,
2404 3648 2663 3720 simplex;
2689 3650 2833 3719 quod
2860 3659 2964 3716 εει,
2989 3650 3080 3719 qui
3102 3650 3246 3705 enim
3273 3649 3349 3704 lo-

1757 3742 1944 3812 quitur
1996 3741 2195 3815 lingua.
2249 3741 2477 3814 simplex
2526 3745 2724 3800 bonum
2774 3754 2880 3811 est,
2926 3745 3052 3815 quia
3108 3744 3222 3800 Deo
3269 3744 3351 3801 ιο.

1756 3834 1961 3904 quitur,
2024 3833 2134 3889 Deo
2180 3841 2428 3897 tantum,
2473 3850 2578 3890 non
2633 3837 2780 3891 enim
2818 3836 3130 3891 hominibus
3174 3853 3189 3903 ;
3237 3853 3346 3891 non

1754 3926 1899 3981 enim
1924 3925 2259 3997 intelligitur.
2288 3925 2391 3993 Qui
2423 3942 2549 3982 vero
2570 3928 2881 3999 prophetat,
2910 3928 3107 3998 duplex
3142 3928 3347 3984 bonum

1757 4015 1924 4083 facit;
1957 4016 2065 4073 Deo
2096 4018 2243 4073 enim
2297 4018 2539 4089 loquitur
2568 4030 2622 4075 et
2648 4020 2983 4075 hominibus.
3014 4021 3082 4075 Et
3120 4021 3188 4075 de
3235 4021 3342 4075 alia

1755 4110 1953 4180 specie,
1984 4127 2103 4182 qua:
2123 4121 2226 4178 est,
2256 4112 2347 4183 qui
2378 4112 2618 4182 loquitur
2654 4113 2837 4185 lingua
2882 4115 2988 4169 sibi
3023 4122 3231 4168 tantum
3261 4129 3349 4169 co-

1755 4204 1922 4272 gnita,
1953 4205 2141 4258 eadem
2173 4214 2299 4258 sunt
2327 4214 2665 4275 argumenta.

1822 4294 1878 4347 4.
1908 4294 1972 4347 In
2006 4296 2335 4349 reuelatione.
2372 4296 2649 4351 Revelatio
2689 4307 2789 4361 est,
2815 4314 2918 4367 qua
2949 4313 3046 4367 per
3082 4296 3343 4368 Spiritum

1753 4394 2019 4446 sanctum,
2061 4385 2113 4439 in
2164 4400 2486 4455 quocunque
2530 4396 2788 4456 tempore,
2820 4387 3023 4458 aliquid
3050 4388 3230 4444 subito
3264 4390 3345 4444 in.-

1754 4476 1988 4531 dicatur.

1824 4567 1877 4622 5.
1920 4566 1987 4623 In
2036 4570 2273 4623 scientia.
2332 4567 2571 4625 Scientia
2615 4579 2700 4626 est
2756 4571 2996 4643 cognitio
3043 4572 3222 4630 studio
3285 4582 3341 4629 et

1753 4660 2018 4717 industria
2051 4671 2388 4733 comparata.

1823 4758 1873 4813 6.
1917 4756 1985 4812 In
2010 4760 2305 4829 prophetia.
2339 4759 2626 4830 Prophetia
2656 4761 2722 4817 de
2747 4761 2943 4818 futuris
2985 4772 3217 4832 tantum,
3245 4765 3341 4821 do-

1751 4851 1925 4906 ctrina
1956 4866 2123 4921 genus
2147 4853 2410 4907 omnium.

89 4940 1015 5013 sanctus,loquebaturtnysteria,_id
1037 4941 1441 5011 est,allegorica
1466 4942 1645 5007 verba,
1681 4930 1725 4988 Β
1824 4944 1875 4997 7.
1920 4943 2049 4998 Tant
2090 4944 2274 5010 multa,
2315 4955 2369 4998 ut
2410 4956 2557 5012 puta.
2598 4946 2762 5013 Quasi
2812 4949 3018 5005 diceret
3053 4969 3065 5004 :
3102 4950 3214 5005 Non
3249 4962 3333 5005 est

90 5039 190 5091 (una
229 5047 382 5090 nemo
427 5035 786 5105 intelligebat,
824 5035 927 5089 nisi
967 5035 1056 5103 qui
1104 5035 1335 5104 gratiam
1375 5034 1642 5103 interpu-

96 5121 217 5174 landi
247 5124 494 5184 habebat.

150 5210 196 5265 δι
232 5216 396 5291 Magis
441 5233 617 5277 autent
662 5223 990 5293 prophetare.
1022 5220 1190 5291 Magis
1239 5220 1450 5275 debetis
1488 5236 1647 5289 appe-

98 5302 194 5352 terc
221 5312 549 5380 preplietare,
579 5327 738 5382 quam
776 5311 924 5382 loqui
957 5310 1151 5379 linguis
1177 5327 1191 5376 ;
1220 5326 1343 5364 nam
1371 5310 1514 5379 loqui
1541 5310 1642 5363 litt-

98 5401 185 5456 sua
206 5394 457 5473 incognita
484 5407 584 5461 sibi
627 5413 679 5459 et
718 5404 859 5471 aliis,
895 5414 952 5459 et
1001 5404 1147 5473 loqui
1188 5404 1370 5472 lingua
1428 5402 1642 5472 cognita

102 5481 188 5536 sibi
219 5498 427 5561 tantum,
460 5501 675 5556 tertiam
708 5499 964 5569 speciem,
997 5498 1138 5567 loqui
1180 5496 1379 5567 linguis
1408 5504 1466 5549 ut
1511 5495 1645 5549 alios

102 5569 352 5663 ρυυενοηι,
380 5607 477 5646 neu
509 5593 839 5663 appetebant
876 5590 975 5659 ipsi
1023 5590 1194 5659 primo
1220 5602 1380 5640 unam
1409 5586 1643 5655 speciem

106 5654 231 5729 ιοηυῖ
269 5670 435 5744 lingua
466 5654 736 5755 incognita
766 5681 868 5736 sibi
896 5654 956 5735 et
999 5654 1140 5734 aliis.
1181 5676 1388 5747 Duplex
1442 5654 1642 5731 WW'“

110 5758 255 5825 magis
282 5775 360 5820 est
403 5778 751 5842 appetendum
808 5789 971 5843 quam
1018 5771 1285 5851 simplex;
1317 5770 1645 5843 prephetare

467 5867 732 5932 Parnon.
778 5867 901 5931 CL.

1753 5037 2059 5091 mirandum
2110 5038 2153 5092 si
2202 5053 2296 5106 per
2334 5038 2569 5109 linguam
2602 5042 2761 5094 datur
2801 5058 2981 5097 sermo
3023 5059 3129 5098 non
3163 5042 3340 5095 mani-

1753 5129 1950 5195 festus;
1989 5131 2114 5199 quia
2153 5130 2403 5186 videlicet
2453 5132 2621 5185 multa
2665 5143 2791 5188 sunt
2828 5150 3050 5206 genera,
3092 5142 3147 5189 et
3200 5132 3337 5188 nihil

1752 5219 1965 5274 illorum
1992 5229 2076 5274 est
2101 5223 2245 5285 quod
2270 5238 2376 5275 non
2404 5222 2599 5277 habeat
2622 5221 2893 5293 prOpriam
2922 5234 2979 5278 ct
3021 5224 3334 5280 distinctam

1750 5330 1779 5366 a
1813 5313 2025 5379 cmteris
2054 5328 2260 5368 vocem.

1823 5406 1876 5460 8.
1922 5405 2047 5461 Oret
2091 5416 2149 5461 ut
2194 5407 2580 5479 interpretetur,
2630 5409 2815 5475 idest,
2868 5409 3127 5482 intelligat
3159 5410 3331 5480 ipsam

1747 5493 2005 5565 linguam.
2032 5505 2087 5551 et
2128 5496 2206 5551 sic
2237 5507 2492 5567 exponat.
2521 5499 2847 5568 Plerumque
2899 5501 3043 5555 enim
3092 5498 3332 5571 Spiritus

1745 5587 2067 5658 loquebatur
2098 5603 2197 5658 per
2230 5605 2290 5644 os
2339 5591 2573 5645 hominis
2619 5599 2875 5647 extranea
2924 5591 3130 5662 lingua,
3156 5601 3211 5647 et
3253 5602 3331 5646 ta-

1746 5692 1871 5732 men
1896 5679 2057 5733 homo
2103 5694 2210 5733 non
2260 5679 2595 5750 intelligehat
2633 5682 2803 5752 ipsam
2852 5682 3107 5754 linguam,
3135 5691 3231 5739 aut
3273 5683 3329 5737 in

1747 5769 1864 5840 ipsa
1893 5770 2072 5841 lingua
2103 5773 2363 5842 mysteria
2390 5774 2623 5843 prolata.
3298 5788 3299 5791 ‘

2950 5866 2991 5928 7

3864 5766 3865 5783 η

3862 5808 3865 5825 «
