3880 6306
3643 288 3718 345 ξω

547 285 651 343 205
1538 277 1595 336 Β.
1640 278 2027 339 LANFRANCI
2065 280 2424 340 CANTUAR.
2464 283 2780 371 AﬁCHlEP.

542 407 660 462 sine
682 403 857 457 fructu
876 410 975 464 εει,
1004 397 1056 453 id
1099 405 1194 465 est,
1229 396 1339 451 sine
1377 398 1794 465 compunctione,
1817 397 1945 465 quia
1972 411 2073 449 non
2104 397 2338 467 intelligo
2376 413 2493 467 qua:
2534 399 2712 468 lingua
2735 397 2942 467 loquor.
2977 395 3033 451 9.
3066 396 3203 464 Quid
3230 412 3354 468 ergo
3379 399 3485 455 est?
3519 399 3719 467 Quando.
3820 392 3821 419 ³

540 503 747 577 quidem
780 516 883 555 non
913 510 1125 569 prosum
1154 493 1368 565 loquens
1411 492 1611 562 lingua,
1640 508 1742 546 non
1791 491 2171 561 interpretans,
2199 492 2309 563 76
2338 482 2457 547 esse
2492 492 2640 547 debet
2660 572 2661 575 η
2684 492 2825 563 quod
2855 493 3089 562 sequitur
3127 493 3338 560 scilicet,
3382 496 3530 550 orabo
3558 498 3720 567 spiritu.

542 598 599 653 id
628 608 725 663 est,
755 612 900 659 voce,
930 590 1099 647 orabo
1119 601 1175 645 et
1203 597 1383 645 mente
1412 605 1425 642 :
1459 598 1513 641 ut
1538 587 1872 655 interpretari
1900 590 2083 651 sciam,
2126 587 2353 655 psallam
2407 587 2621 657 spiritu,
2648 587 2705 642 id
2735 596 2832 655 est,
2857 605 2997 655 voce,
3026 588 3247 659 psallam
3274 600 3327 647 et
3386 601 3564 655 mente,
3589 604 3631 645 ut
3666 597 3720 647 ξι.

539 702 812 764 terpreter.
844 690 1114 746 Cmterum
1151 687 1197 743 si
1225 683 1590 751 benedixeris,
1613 683 2017 738 benedictionem
2047 683 2253 752 feceris,
2288 684 2501 755 spiritu,
2527 686 2581 739 id
2607 694 2707 753 est,
2734 685 2850 740 sola
2877 702 3148 752 voce,.non
3170 686 3423 742 intellectu
3449 689 3548 757 qui,
3566 690 3719 759 quibus,

540 789 759 862 supplet
779 789 958 844 locum
988 786 1166 841 idiotzn
1202 782 1421 839 dicendo
1445 796 1603 836 amen
1646 782 1701 835 in
1722 781 1829 849 ﬁne
1855 781 2151 834 orationis?
2172 797 2340 835 nemo.
2369 781 2648 848 Quomodo
2691 782 2853 847 dicet,
2887 798 3057 846 amen,
3105 796 3283 852 super,
3310 798 3412 852 per,
3440 791 3566 839 tuam
3607 786 3722 839 bene.

517 887 834 944 7dictionem
860 884 886 937 ?
915 882 1198 950 Quoniam,
1225 895 1364 945 cum,
1390 877 1518 949 quid
1548 878 1718 941 dicas,
1746 876 1956 941 nescit;
1991 889 2116 930 nam
2150 886 2208 929 tu
2238 876 2456 946 quidem
2486 877 2627 933 bene
2666 877 2847 948 lingua
2886 877 3150 948 incognita
3180 878 3388 948 'gratias
3413 879 3535 953 agis,
3557 881 3721 950 agendo,

539 988 639 1043 scd
666 984 804 1039 alter
830 997 937 1038 non
979 979 1299 1045 aediﬁcatur,
1336 976 1487 1031 alteri
1519 992 1620 1030 non
1656 975 1863 1047 prodes.
1912 974 2128 1030 Gratias
2154 990 2256 1046 ago
2286 975 2394 1030 Deo
2438 990 2559 1029 meo
2598 977 2739 1044 quod
2770 975 3015 1030 omnium
3066 984 3304 1029 vestrum
3355 975 3521 1047 lingua
3569 977 3721 1046 loquor,

538 1099 634 1138 nec
659 1076 1149 1150 ideo,inquit,dico
1184 1082 1239 1128 ut
1262 1074 1405 1128 vobis
1431 1072 1711 1137 invideam,
1751 1087 1874 1125 nam
1920 1070 2028 1125 Deo
2053 1071 2254 1142 gratias
2300 1070 2534 1125 omnium
2564 1069 2756 1141 linguis
2797 1069 3002 1140 loquor.
3055 1069 3162 1124 Sed
3223 1079 3422 1140 tamen,
3471 1072 3515 1126 in
3542 1071 3723 1125 Ecclesia

535 1179 681 1243 volo,
709 1177 871 1243 malo,
904 1174 1143 1246 quinque
1164 1171 1326 1226 verba
1349 1185 1513 1226 sensu
1546 1184 1667 1224 meo
1715 1168 1881 1239 loqui,
1914 1178 1969 1223 ut
1999 1168 2313 1239 intelligam,
2355 1169 2691 1239 interpretari
2719 1168 2920 1223 valeam
2962 1178 3022 1224 ut
3064 1178 3119 1225 et
3145 1169 3279 1243 alios
3315 1169 3571 1229 instruam,
3605 1183 3718 1235 quam

535 1272 724 1327 decem
747 1268 911 1323 millia
941 1269 1229 1324 verborum
1256 1267 1310 1321 in
1339 1266 1519 1337 lingua
1546 1267 1831 1336 incognita.
1864 1264 2105 1331 Fratres,
2145 1264 2233 1320 10.
2265 1264 2456 1332 nolite,
2486 1266 2667 1335 pueri,
2703 1264 2841 1321 elﬁci
2866 1266 3147 1331 sensibus,
3182 1266 3344 1337 magis
3376 1265 3620 1335 appetendo
3655 1265 3722 1316 lin'
3820 1264 3821 1331 1

533 1368 677 1439 guis,
707 1367 847 1439 quod
881 1382 1069 1437 parum
1102 1364 1333 1437 prodest,
1372 1379 1529 1435 quam
1572 1364 1902 1434 prophetare,
1939 1363 2080 1434 quod
2108 1361 2363 1428 multum,
2408 1362 2504 1417 sed
2554 1361 2759 1417 malitia
2806 1361 3018 1433 parvuli
3062 1370 3280 1428 estote;
3322 1361 3550 1417 sensibus
3592 1369 3720 1413 autczu

531 1458 759 1531 perfecti
789 1468 961 1515 estote
988 1499 1002 1525 ,
1030 1475 1133 1513 non
1152 1458 1504 1512 desiderantes
1526 1472 1714 1526 genera
1752 1454 2074 1525 linguarum.
2108 1455 2191 1509 ll.
2218 1454 2275 1509 In
2317 1453 2459 1525 Lege
2490 1455 2751 1524 scriptum
2779 1464 2864 1510 est
2893 1471 2906 1507 :
2939 1455 3025 1509 12.
3059 1454 3323 1522 Quoniam
3348 1455 3398 1509 in
3426 1454 3533 1508 aliis
3557 1452 3721 1522 linguis.

529 1565 589 1611 et
617 1555 776 1611 labiis
803 1556 924 1612 aliis
942 1556 1133 1626 loquar
1155 1554 1351 1626 popqu
1382 1553 1531 1618 huic,
1562 1562 1617 1608 et
1640 1567 1739 1607 nec
1769 1552 1848 1608 sic
1875 1551 2168 1608 exaudient
2193 1567 2301 1618 me,
2332 1552 2467 1609 dicit
2492 1551 2771 1614 Dominus.
2800 1551 2886 1631 13,
2913 1552 3099 1622 Itaque
3131 1551 3331 1623 lingua:
3360 1552 3410 1606 in
3446 1551 3622 1622 signum
3640 1556 3724 1603 sunt

532 1665 645 1727 non
668 1650 932 1714 ﬁdelibus,
966 1649 1063 1707 sed
1094 1649 1439 1715 inﬁdelibus;
1463 1648 1767 1721 prophetia:
1803 1657 1991 1705 autem
2038 1663 2147 1703 non
2202 1647 2536 1715 inﬁdelibus,
2564 1651 2661 1705 sed
2692 1648 2963 1716 ﬁdelibus,
2995 1648 3198 1718 confert
3220 1647 3527 1719 prophetare,
3553 1655 3592 1699 et
3626 1642 3723 1713 loqui

530 1745 759 1817 linguis;
783 1756 831 1802 et
856 1762 922 1801 ea:
964 1746 1245 1803 collatione
1270 1748 1542 1818 utriusque
1569 1747 1781 1817 prwfert
1812 1746 2136 1817 prophetiam
2165 1745 2379 1815 linguis.
2422 1744 2481 1801 Si
2513 1760 2677 1818 ergo,
2706 1754 2904 1813 autem,
2940 1746 3231 1802 conveniat
3276 1745 3514 1800 universa
3550 1739 3723 1795 Ecclesia

532 1843 589 1898 in
617 1858 817 1911 unum,
847 1851 904 1899 et
949 1858 1139 1902 omnes
1170 1844 1369 1916 linguis
1408 1846 1687 1917 incognitis
1731 1844 2041 1916 loquantur,
2068 1846 2274 1902 intrent
2323 1851 2507 1901 autem
2544 1843 2730 1900 idiotae
2782 1851 2875 1899 aut
2932 1842 3224 1899 inﬁdeles:
3273 1842 3354 1898 ll.
3399 1852 3559 1895 nonne
3598 1836 3724 1891 dicent

532 1940 678 2009 quod
711 1955 798 1995 vos
826 1939 1021 2011 linguis
1070 1940 1349 2012 incognitis
1396 1938 1660 2011 loquentes
1706 1937 2092 1995 insanitisiEt
2120 1940 2291 1995 dicent
2328 1940 2527 2011 utique.
2570 1938 2628 1995 Si
2669 1947 2849 1995 autem
2888 1953 3083 1995 omnes
3109 1940 3462 2011 prophetent,
3494 1933 3629 1988 intret
3661 1944 3724 1983 δυο

531 2042 644 2091 tem
685 2036 807 2107 quis
834 2035 1081 2103 inﬁdelis
1122 2036 1207 2091 vel
1245 2036 1433 2103 idiota,
1461 2036 1508 2091 si
1566 2052 1755 2107 negare
1783 2034 1889 2090 vult
1944 2035 2084 2107 quod
2132 2035 2329 2090 dicitur
2372 2035 2437 2090 ab
2472 2035 2570 2102 eis,
2612 2025 2957 2092 convincitur
3008 2035 3075 2090 ab
3115 2033 3408 2099 omnibus,
3439 2030 3723 2103 diiudicatur.

529 2130 589 2185 id
647 2141 744 2198 est,
794 2130 1126 2202 cognoscitur
1165 2131 1271 2186 vita
1331 2130 1446 2202 ejus
1482 2147 1575 2203 per
1631 2131 1959 2202 prophetiam
2006 2132 2074 2188 ab
2112 2131 2408 2199 omnibus;
2451 2130 2663 2188 occulta
2727 2132 2862 2187 enim
2914 2132 3093 2186 cordis
3146 2130 3265 2202 ejus
3333 2146 3427 2202 per
3475 2125 3722 2200 prophetiam

529 2227 823 2285 manifesta
875 2227 1051 2297 ﬁunt,
1104 2237 1161 2285 et
1208 2229 1282 2284 ita
1346 2228 1589 2295 cadens,
1647 2246 1703 2284 se
1761 2229 2087 2297 humilians,
2146 2230 2199 2284 in
2247 2230 2443 2287 faciem
2502 2228 2752 2286 adorabit
2792 2229 3000 2294 Deum,
3062 2229 3420 2300 pronuntians
3473 2224 3593 2297 quod
3637 2234 3722 2275 rere
3820 2224 3821 2300 ᾖ

527 2324 673 2381 Deus
701 2325 756 2380 in
778 2323 931 2381 vobis
975 2324 1067 2380 sit.
1095 2323 1233 2392 Quid
1257 2338 1386 2397 ergo
1413 2324 1529 2392 est',
1552 2323 1750 2382 fratres
1775 2326 1964 2397 ?ergo,
1991 2326 2202 2395 fratres,
2231 2342 2350 2382 cum
2394 2334 2555 2383 tanta:
2604 2326 2847 2381 utilitatis
2895 2327 2961 2382 sit
2988 2326 3262 2396 prophetia
3290 2365 3307 2392 ,
3337 2320 3719 2380 desiderandaest.
3820 2324 3821 2381 ξ

532 2419 711 2476 Monet
764 2437 852 2478 eos
911 2421 982 2475 ad
1047 2421 1335 2491 fraternam
1404 2421 1830 2491 aediﬁcationem.
1877 2420 2014 2477 Cum
2072 2425 2127 2476 in
2199 2422 2420 2478 ecclesia
2478 2421 2817 2488 convenitis,
2866 2422 2912 2476 si
2981 2418 3067 2476 15.
3130 2418 3495 2491 unusquisque
3550 2422 3721 2469 vestrum

532 2516 697 2588 (alius
724 2518 843 2587 hoc,
895 2518 1035 2575 alius
1065 2517 1223 2590 illud)
1245 2516 1514 2588 psalmum
1544 2518 1629 2572 hic
1662 2518 1851 2585 habet,
1879 2516 1969 2572 ille
2014 2516 2320 2574 doctrinam
2366 2517 2550 2586 habet,
2585 2517 2698 2590 (per
2726 2520 2954 2589 gratiam
2991 2514 3224 2586 Spiritus
3252 2515 3439 2580 sancti,
3465 2512 3560 2566 lucc
3600 2507 3721 2563 omnia

528 2607 614 2664 illi
654 2609 982 2681 dabantur,)
1016 2609 1386 2682 apocalypsin,
1427 2608 1817 2675 reuelationem,
1847 2610 2033 2677 habet,
2082 2608 2318 2681 linguam
2350 2610 2551 2679 habet;
2610 2610 3113 2681 interpretationem
3162 2609 3371 2676 habet;
3404 2606 3564 2663 omnia
3604 2600 3651 2656 ad
3671 2615 3721 2654 tc-

531 2701 903 2768 iﬁcationem
924 2700 1030 2772 77
1057 2703 1421 2769 proximorum
1450 2701 1601 2755 ﬁant.
1639 2700 1730 2768 16,
1770 2701 1859 2756 17.
1888 2701 2019 2760 Sive
2070 2702 2252 2775 lingua
2293 2705 2560 2776 incognita
2590 2704 2713 2776 quis
2741 2703 3003 2774 loquitur,
3058 2703 3363 2759 secundum
3411 2703 3549 2764 duos,
3589 2703 3659 2751 aut
3675 2702 3715 2746 ut

531 2798 766 2855 multum
805 2808 937 2867 tres,
973 2815 1093 2854 cum
1128 2798 1332 2853 duobus
1379 2795 1646 2868 loquatur,
1697 2807 1790 2852 aut
1828 2798 2019 2865 tribus,
2070 2816 2173 2855 non
2202 2800 2462 2868 omnibus,
2491 2808 2547 2857 et
2580 2815 2679 2871 per
2724 2808 2908 2870 partes
2962 2799 3170 2865 semoti,
3220 2811 3277 2855 et
3299 2814 3436 2855 unus
3484 2792 3598 2867 quod
3625 2788 3719 2843 αίιετ

534 2896 718 2966 lingua
745 2895 978 2967 loquitur
1010 2895 1298 2967 incognita,
1326 2894 1740 2975 interpretetur.
1783 2895 1872 2951 18.
1908 2894 1965 2951 Si
2008 2898 2189 2951 autem
2221 2910 2329 2951 non
2369 2895 2534 2952 fuerit
2566 2896 2856 2967 interpres,
2882 2903 3060 2952 taceat
3086 2894 3138 2951 in
3170 2893 3424 2959 ecclesia,
3456 2903 3599 2946 coram
3617 2882 3718 2937 aliis.

534 2992 622 3047 ω.
673 2990 793 3057 Sibi
836 3000 1022 3058 autern
1066 2990 1342 3071 loquatur,
1395 3009 1450 3056 et
1504 2999 1635 3056 Deo.
1689 2992 1973 3072 Propheta:
2016 2999 2199 3056 autem
2248 2991 2355 3056 duo
2419 2999 2513 3054 aut
2568 3001 2679 3056 tres
2728 2991 2911 3053 dicant
2987 2988 3151 3066 (plebs
3200 2989 3540 3053 dividebatur,
3570 2993 3605 3037 ιι
3642 2975 3712 3030 uni

1880 3183 2440 3241 COMMENTARIUS.

598 3370 661 3425 9.
700 3368 841 3437 Quid
890 3386 1011 3443 ergo
1041 3412 1057 3424 .
1104 3370 1238 3427 Esse
1280 3371 1459 3438 debet,
1489 3370 1535 3427 si
1564 3371 1722 3427 bene.
1770 3369 1830 3426 St
1865 3384 1968 3425 vox
2022 3367 2103 3422 lo-
2134 3361 2180 3417 Α
2220 3367 2383 3434 Vade,
2409 3377 2455 3423 et
2501 3368 2587 3422 dic
2612 3368 2803 3439 populo
2841 3367 2962 3422 huic
2993 3380 3017 3419 τ
3040 3367 3180 3423 Aure
3208 3368 3454 3433 audietis,
3488 3373 3531 3421 et
3572 3373 3723 3416 noutn-

527 3475 708 3533 quens
739 3462 1013 3535 incognita
1032 3464 1220 3535 lingua
1250 3465 1535 3521 benedicat
1569 3465 1761 3527 Deum,
1783 3463 1869 3520 vel
1909 3463 2114 3528 cibum,
2218 3460 2481 3531 telligetis.

529 3553 617 3609 vel
636 3553 837 3624 aliquid
863 3556 1164 3625 huiusmodi
1186 3573 1201 3623 ;
1227 3557 1443 3614 auditor
1466 3558 1657 3623 idiota,
1686 3557 1739 3612 id
1758 3565 1864 3622 est,
1888 3555 2116 3611 audiens

531 3652 589 3698 et
618 3659 724 3699 non
755 3643 1074 3715 intelligens,
1107 3646 1281 3702 nescit
1306 3649 1523 3718 quando
1557 3647 1754 3703 debeat
1784 3645 2115 3716 respondere

530 3751 687 3790 amen
715 3745 857 3801 ,‘vaut
886 3736 997 3791 Deo
1034 3739 1231 3808 gratias
1253 3754 1272 3803 ;
1301 3753 1401 3795 nec
1422 3748 1505 3794 est
1530 3738 1623 3808 qui
1662 3736 1911 3807 suppleat
1933 3735 2111 3792 locum

530 3827 904 3898 responsionis
931 3829 1066 3900 ejus,
1104 3829 1158 3887 id
1184 3839 1288 3895 est,
1318 3829 1408 3901 qui
1432 3830 1550 3885 vice
1577 3829 1719 3885 illius
1752 3828 2110 3899 respondeat,

530 3932 654 3972 cuin
682 3931 874 3973 omnes
899 3918 1147 3989 ignorent
1178 3919 1345 3974 verba
1375 3919 1667 3989 loquentis.

605 4008 695 4064 10.
738 4008 939 4077 Nolite,
960 4010 1135 4081 pueri,
1163 4010 1216 4065 id
1244 4020 1345 4072 est,
1380 4008 1546 4066 nolite
1587 4008 1815 4079 puerilia
1842 4008 2109 4065 desideria

530 4100 776 4165 habere;
812 4115 916 4155 non
962 4088 1373 4157 considerantes
1412 4098 1543 4170 quid
1581 4098 1834 4155 utilitatis
1878 4099 2113 4156 habeant

524 4208 590 4247 ea
619 4206 741 4262 quae
769 4191 1106 4247 desideratis.

604 4284 693 4340 11.
735 4284 803 4339 In
844 4285 980 4358 Lege
1034 4285 1197 4358 Legis
1254 4286 1502 4352 nomine,
1558 4283 1896 4357 prophetiam
1967 4281 2103 4338 desi-

528 4385 681 4446 gnat.
731 4377 827 4433 Est
864 4390 1043 4436 autem
1068 4380 1171 4436 hoc
1207 4380 1572 4436 testimonium
1608 4379 1662 4434 in
1696 4377 1956 4443 lsaia,his
1981 4391 2108 4432 ver-

527 4467 614 4524 bis
640 4480 657 4523 :
685 4468 754 4525 In
783 4470 986 4541 loquela
1012 4474 1147 4527 ecirn
1188 4473 1335 4540 (abii,
1377 4484 1424 4529 et
1452 4474 1634 4544 lingua
1673 4472 1841 4527 altera
1877 4470 2113 4542 loquitur

529 4558 601 4615 ad
621 4561 889 4631 populum.
918 4562 1017 4617 Cui
1047 4563 1178 4621 dixit
1210 4564 1306 4619 hoc
1330 4581 1348 4619 :
1372 4564 1705 4632 Requiescere
1734 4565 1892 4635 facite
1911 4564 2110 4619 lassum

528 4648 602 4704 al.
626 4648 724 4705 Cui
752 4652 884 4705 dixit
912 4668 930 4707 :
957 4652 1087 4707 ﬂrec
1107 4663 1181 4708 est
1207 4639 1408 4725 requies
1439 4655 1784 4722 mea,reficite
1806 4653 2038 4708 lassum:
2060 4663 2110 4707 et

528 4745 628 4797 hoc
668 4752 743 4796 est
777 4759 947 4797 meum
983 4745 1350 4816 refrigerium:
1377 4755 1424 4800 et
1455 4745 1731 4800 noluerunt
1759 4744 1963 4799 audire.
2136 4735 2183 4796 Β
2213 4767 2424 4816 eorum,
2453 4767 2561 4807 non
2607 4751 2874 4808 haberent
2920 4752 3198 4823 prophetae
3223 4762 3434 4825 tempus
3472 4738 3729 4805 disserendi.

600 4832 690 4887 12.
731 4831 992 4898 Quoniam
1018 4836 1071 4889 in
1096 4835 1235 4891 aliis.
1254 4836 1384 4893 Item
1408 4838 1600 4908 probat
1631 4838 1965 4909 prophetiam
1992 4852 2111 4892 ma-
2287 4844 2374 4898 17.
2398 4842 2597 4899 Laure.
2633 4843 2751 4900 Sive
2773 4844 2978 4916 lingua.
3009 4845 3067 4901 Si
3097 4845 3277 4918 lingua
3309 4845 3566 4917 incognita
3587 4830 3730 4902 ali‘luis

523 4938 611 4995 gis
634 4939 756 4980 esse
794 4926 1144 4994 appetendam
1171 4941 1331 4997 quam
1385 4928 1527 4998 loqui
1563 4928 1777 5000 linguis.
1819 4929 2108 4999 Prophetia
2213 4936 2453 5007 loquitur
2506 4947 2775 5003 vestrum,
2848 4952 2958 4993 non
3027 4936 3283 5009 loquatur
3345 4939 3398 4992 in
3468 4925 3730 4989 audientiam

522 5016 668 5070 enim
691 5015 892 5072 bonum
920 5027 1005 5073 est
1030 5018 1434 5090 duplex;loqui
1458 5036 1588 5077 vero
1617 5021 1824 5092 lingua,
1852 5022 2102 5093 simplex.
2212 5027 2477 5092 onmium,
2534 5029 2627 5083 sed
2679 5027 2821 5098 apud
2858 5028 2997 5082 duos
3043 5027 3128 5081 vel
3179 5036 3290 5083 tres
3322 5026 3577 5097 loquatur,
3598 5023 3730 5082 61W

522 5107 671 5165 Istud
700 5125 936 5181 namque
960 5120 1166 5167 tantum
1194 5121 1277 5168 est
1306 5114 1519 5184 signum
1571 5118 1826 5173 credendi
1876 5118 2107 5173 inﬁdeli-
2208 5130 2412 5190 partes,
2442 5122 2494 5177 id
2518 5130 2622 5189 est,
2677 5121 2955 5188 intercise,
2980 5131 3041 5177 ut
3066 5119 3283 5177 facilius
3310 5121 3481 5192 possit
3534 5104 3724 5175 intelliiii

521 5198 647 5266 bus,
698 5202 791 5259 sed
821 5210 875 5258 et
927 5202 1174 5259 ﬁdelibus
1214 5203 1426 5275 signum
1469 5215 1553 5263 est
1597 5217 1658 5262 ut
1692 5209 1829 5264 bene
1876 5225 2105 5279 operen-
2206 5228 2328 5269 cum
2359 5215 2668 5284 exponitur.

513 5299 615 5345 tur
642 5309 658 5357 ;
683 5301 739 5348 et
770 5295 874 5350 hoc
901 5297 1178 5367 prmmissa
1205 5296 1340 5367 legis
1362 5300 1691 5356 auctoritate
1715 5301 2024 5357 conﬁrmat.
2278 5304 2368 5360 18.
2400 5303 2462 5360 Si
2512 5315 2692 5360 autem
2743 5322 2846 5359 non
2894 5305 3060 5374 fueris
3118 5317 3394 5376 interpres.
3443 5302 3536 5357 Hic
3589 5296 3729 5363 ερεηθ

591 5384 679 5438 13.
710 5385 947 5444 Annos.
976 5387 1162 5460 Itaque
1189 5388 1404 5460 lingute,
1434 5389 1535 5447 hoc
1580 5401 1698 5458 est,
1742 5394 1795 5448 in
1836 5394 2104 5450 velamine
2204 5398 2443 5453 ostendit
2467 5399 2593 5467 quia
2619 5412 2761 5467 stepe
2781 5397 3107 5467 loquebatur
3134 5397 3331 5467 aliquis
3386 5387 3631 5462 incognita
3654 5380 3727 5432 Ιὶηο

2204 5506 2326 5561 gua,
2380 5506 2564 5559 quam,
2599 5491 2685 5546 vel
2716 5492 2769 5545 in
2799 5506 2928 5562 qua,
2965 5490 3174 5560 prolata
3208 5489 3482 5561 mysteria,
3526 5494 3615 5537 nec
3640 5474 3724 5541 illse

2203 5583 2554 5653 iutelligebat.

2278 5676 2364 5729 19.
2413 5673 2524 5729 Sibi
2569 5686 2741 5729 autem
2798 5679 3059 5748 loquatur,
3110 5675 3162 5730 io
3219 5684 3319 5737 est,
3376 5674 3426 5727 in
3464 5667 3610 5727 corde
3654 5668 3726 5712 δυο

2205 5766 2479 5836 loquatur,
2516 5761 2685 5823 Deum
2718 5767 2943 5824 laudans
2970 5768 3052 5824 vel
3086 5770 3399 5839 deprecans.

2215 3747 2357 3793 coetu
2406 3736 2880 3809 [al.,inconditus]
2927 3736 3136 3808 populi,
3186 3738 3345 3808 quasi
3375 3730 3633 3807 phrenesin
3660 3737 3725 3795 pa-

2216 3829 2471 3885 tientibus
2500 3827 2621 3901 [al.,
2653 3827 2955 3901 patientis.]

2213 4291 2430 4345 bantur.

2287 4382 2371 4442 16;
2396 4382 2633 4440 AMBROS.
2664 4382 2785 4439 Sive
2809 4384 3014 4455 lingua,
3069 4384 3172 4440 hoc
3192 4394 3278 4443 est
3303 4386 3409 4441 duo
3434 4384 3511 4440 vel
3534 4392 3625 4436 tres
3649 4386 3721 4430 non

2211 4476 2329 4546 plus
2357 4477 2554 4549 linguis
2580 4478 2892 4549 loquantur,
2909 4480 3001 4535 sed
3027 4480 3245 4553 singuli,
3269 4497 3374 4537 non
3406 4478 3555 4537 simul
3573 4483 3726 4531 omnes.

2210 4582 2279 4621 ne
2307 4568 2548 4624 insanire
2592 4568 2901 4625 videantur.
2937 4569 3062 4626 ldeo
3099 4579 3284 4627 autem
3316 4581 3377 4626 ut
3404 4569 3610 4626 multum
3635 4571 3727 4615 tres.

2211 4674 2279 4714 ne
2336 4669 2668 4729 occuparent
2713 4661 2857 4717 diem
2907 4660 3105 4733 linguis
3154 4661 3440 4733 loquentes
3474 4658 3730 4727 interpr?“s

521 5472 716 5547 linguae
761 5478 1063 5551 incognita,
1091 5482 1365 5538 obscurati
1402 5493 1529 5539 sunt
1566 5499 1846 5541 sermones
1876 5485 2001 5551 Dei,
2037 5503 2104 5543 ne

521 5566 805 5624 videantur
836 5586 867 5625 a
907 5573 1148 5643 perﬁdis.
1181 5574 1315 5631 Cum
1368 5587 1552 5633 autem
1603 5579 1895 5635 audiantur
1946 5582 2101 5635 inco-

522 5658 687 5731 gnitas
715 5661 946 5733 lingute,
978 5666 1189 5735 signum
1230 5668 1305 5724 sit
1365 5670 1491 5739 quia
1545 5680 1769 5741 propter
1816 5674 2097 5743 perﬁdiam

522 5746 721 5807 factum
744 5764 828 5811 est
854 5770 924 5813 ne
960 5756 1238 5817 audientes
1273 5758 1594 5831 intelligant.
1625 5756 1778 5819 Unde
1833 5762 1887 5821 in
1919 5763 2057 5820 lsaia
2084 5783 2095 5818 :

2228 3628 2229 3633 γ
2290 3553 2375 3606 14.
2415 3550 2605 3607 Nonne
2630 3552 2799 3606 dicent
2824 3551 2986 3623 quod.
3027 3551 3376 3608 Manifestum
3404 3559 3499 3615 est,
3524 3545 3563 3602 si
3593 3552 3723 3633 omnes
3820 3545 3821 3593 ξ

2215 3644 2448 3701 diversis
2475 3645 2674 3717 linguis
2702 3645 3018 3717 loquantur,
3072 3645 3342 3700 tumultus
3383 3645 3440 3699 ﬁt
3476 3639 3656 3713 quidam
3690 3631 3724 3683 iu

2285 3922 2371 3977 15.
2413 3922 2613 3977 Lmen.
2667 3920 3031 3993 Unusquisque
3074 3932 3322 3977 vestrum.
3364 3922 3453 3978 Sic
3490 3911 3725 3989 legendum,
3820 3944 3821 3947 η

2213 4022 2269 4069 et
2298 4013 2731 4069 subaudiendum
2773 4022 2877 4070 est.
2923 4014 3309 4085 UnuSquisque
3367 4024 3603 4073 vestrum,
3633 4002 3727 4057 alius
3820 4058 3821 4085 ι

2211 4105 2475 4176 psalmum
2500 4105 2681 4172 habet,
2713 4105 2851 4161 alius
2893 4106 3197 4161 doctrinam
3232 4123 3246 4172 ;
3280 4116 3335 4163 et
3371 4107 3448 4162 sic
3477 4114 3641 4159 cetera
3664 4096 3727 4150 ha-
3820 4132 3821 4143 η

2213 4200 2330 4266 bet;
2362 4215 2457 4270 per
2486 4201 2714 4271 gratiam
2745 4200 2918 4256 sancti
2949 4200 3182 4273 Spiritus
3210 4202 3330 4258 haec
3373 4201 3540 4257 omnia
3564 4196 3646 4252 illis
3666 4189 3728 4246 ὼο
3820 4222 3821 4247 ς
