3880 6306
126 326 241 387 θοι
872 324 936 377 ιλ
981 326 1043 376 D.
1081 322 1283 377 PAULI
1323 320 1539 376 EPIST.
1572 320 1928 377 COMMEN'I‘.
1955 353 2023 361 ——
2054 320 2268 378 EPIST.
2310 322 2327 376 l
2355 324 2443 378 AD
2474 322 2631 379 COR.
3262 324 3366 380 2οὓ

128 436 443 507 Mm
460 431 730 504 praphcta,
769 439 816 484 et
843 431 980 484 alius
1004 431 1099 484 alii
1125 430 1475 501 loquebatur),
1503 439 1560 487 et
1590 431 2106 504 czcteridijudicent,
2135 435 2439 489 audiantur.
2492 436 2581 491 20.
2636 436 2786 504 Quod
2835 439 2877 492 si
2934 437 3023 494 alii
3077 441 3366 496 revelatum

130 532 297 587 fuerit
323 529 567 595 sedenti,
608 526 757 598 prior
805 533 1001 580 taceat.
1024 525 1260 581 Potestis
1282 525 1424 580 enim
1450 527 1547 579 hoc
1581 526 1737 580 modo
1767 541 1956 581 omnes
1981 542 2079 597 per
2105 529 2343 599 singulos
2379 530 2729 599 prophetare,
2755 539 2813 584 ut
2853 547 3042 590 omnes
3061 536 3367 605 prophetare

130 628 368 688 discant,
392 632 448 678 et
481 622 1065 686 omnesoxbortentur,
1108 620 1513 682 "admoneamur.
1556 630 1611 675 et
1636 621 1726 676 21.
1785 622 2007 694 spiritus
2059 624 2444 697 prophetarum
2495 624 2773 694 prophetis
2838 624 3065 694 subjecti
3109 636 3236 684 sunt
3292 628 3372 683 vel

129 717 402 790 subjectus
439 728 533 773 est.
564 716 656 772 22.
690 716 1081 777 Nonenimest
1100 715 1456 773 dissentionis
1514 716 1676 783 Deus,
1732 718 1827 772 sed
1882 716 2053 789 pacis,
2110 718 2254 773 sicut
2290 719 2426 773 etin
2462 719 2714 773 omnibus
2764 719 3009 775 ecclesiis
3052 731 3360 779 sanctorum

131 821 322 875 doceo.
359 817 473 872 Viri
506 815 713 890 quidem
748 817 1079 887 prophetarit,
1102 815 1395 873 utdictum.
1427 813 1679 871 Mulieres
1708 824 1880 870 autem
1912 815 1966 869 in
1996 815 2241 871 ecclesiis
2277 812 2531 878 taeeant;
2576 832 2679 871 non
2728 817 2872 872 enim
2916 817 3249 886 permittitur
3291 819 3373 874 eis

131 911 307 981 loqui,
330 913 423 968 sed
450 910 691 971 subditas
713 930 853 982 esse,
874 915 1021 982 viris,
1050 915 1191 986 quod
1214 929 1323 971 non
1349 923 1507 977 esset,
1534 913 1580 967 si
1600 918 1738 983 prwd

1843 923 1968 979 rent,
2006 914 2148 969 sicut
2178 924 2232 968 et
2276 914 2367 968 25.
2406 913 2491 970 lex
2534 914 2702 969 dicit:
2737 914 2791 969 Si
2820 914 2947 984 quid
2974 922 3154 969 autem
3184 914 3374 971 volunt

130 1008 370 1072 discere,
396 1010 539 1064 domi
566 1026 669 1063 non
699 1011 754 1065 in
786 1010 1005 1065 ecclesia
1026 1010 1175 1067 viros
1235 1024 1365 1066 suos
1411 1008 1772 1080 interrogent.
1806 1006 1986 1077 Turpe
2014 1016 2099 1064 est
2122 1009 2266 1063 enim
2297 1007 2512 1063 mulieri
2551 1007 2696 1077 loqui
2722 1008 2774 1062 in
2799 1008 3051 1065 ecclesia.
3089 1010 3181 1064 24.
3217 1010 3298 1065 An
3340 1025 3371 1064 a

128 1102 284 1158 vobis
306 1103 533 1159 verbum
558 1105 652 1163 Dei
672 1106 980 1178 processit?
1008 1115 1065 1161 ut
1088 1113 1298 1178 propter
1317 1105 1413 1160 hoc
1441 1121 1575 1160 nova
1603 1102 1837 1161 intratis?
1905 1102 2012 1159 Aut
2040 1102 2093 1158 in
2118 1118 2215 1159 vos
2248 1101 2391 1158 solos
2434 1104 2679 1173 pervenit
2704 1102 2729 1157 i
2751 1103 2806 1157 Si
2838 1103 2961 1173 quis
2986 1105 3200 1159 videtur
3247 1120 3376 1174 pro-
3404 1118 3407 1121 ‘

128 1197 300 1266 pheta
329 1214 476 1266 esse,
508 1200 599 1256 25.
629 1211 721 1256 aut
748 1200 1068 1273 Spiritualis,
1091 1208 1384 1272 cognoscat
1413 1215 1533 1272 quae
1576 1199 1760 1255 scribo
1805 1197 1961 1253 vobis
2030 1196 2134 1269 (hic
2178 1198 2436 1252 evidenter
2488 1196 2737 1260 ostendit,
2785 1197 3016 1267 difﬁcilia
3064 1216 3173 1255 esse
3224 1202 3378 1255 verba

126 1311 354 1348 suarum
382 1296 766 1365 Epistolarum,
793 1300 862 1353 ad
883 1316 1015 1371 quas
1041 1298 1396 1370 exponendas,
1435 1297 1734 1366 prophetas,
1771 1305 1820 1352 et
1849 1296 2104 1366 sapientes
2146 1296 2377 1366 invitat),
2404 1296 2529 1365 quia
2576 1294 2786 1349 Domini
2820 1301 2945 1349 sunt
2986 1294 3259 1347 mandata.
3287 1293 3376 1348 26.

129 1388 189 1445 Si
236 1392 365 1461 quis
390 1400 569 1449 autem
594 1394 706 1450 lucc
732 1407 779 1452 et
808 1396 918 1451 alia
948 1394 1043 1451 Dei
1085 1395 1338 1451 mandata
1380 1394 1617 1465 ignorat,
1647 1391 1724 1447 vel
1754 1393 1987 1462 negligit,
2011 1392 2104 1448 27.
2134 1392 2488 1464 ignorabitur.
2513 1393 2623 1463 78
2652 1392 2852 1461 Itaque,
2887 1390 3103 1455 fratres,
3148 1389 3376 1445 aemula.

128 1484 266 1538 mini
290 1486 625 1555 prophetare
652 1506 665 1542 :
691 1489 820 1557 quia
849 1488 1044 1560 duplex
1073 1490 1266 1545 bonum
1301 1497 1419 1543 est:
1448 1495 1505 1542 et
1538 1487 1684 1558 loqui
1740 1486 1940 1558 linguis
1988 1488 2158 1545 nolite
2192 1490 2499 1560 prohibere.
2565 1487 2755 1543 Omnia
2811 1495 2990 1540 autem
3032 1484 3281 1547 honeste,
3323 1488 3381 1534 ut

125 1580 230 1633 viri
260 1578 570 1651 loquantur,
592 1582 834 1637 mulieres
863 1591 1089 1645 taceant,
1116 1591 1171 1639 et
1196 1583 1489 1639 secundum
1512 1582 1780 1647 ordinem,
1807 1582 1942 1637 alter
1958 1583 2126 1653 prius,
2155 1586 2291 1641 alter
2310 1584 2589 1656 posterius,
2618 1601 2722 1640 non
2744 1598 2919 1637 omnes
2949 1575 3127 1635 simul'
3150 1578 3372 1649 loquan—

127 1684 239 1740 tur,
274 1676 412 1731 ﬁant
449 1677 507 1732 in
536 1677 703 1744 vobis,
728 1677 805 1733 vel
825 1695 859 1733 a
880 1678 1045 1734 vobis.

374 1748 377 1751 ’
1572 1745 1805 1803 CAPUT
1842 1745 1957 1803 XV.

205 1858 257 1912 ι.
291 1854 490 1913 Notum
520 1863 702 1913 autem
725 1856 882 1913 vobis
906 1856 1065 1924 facio,
1094 1856 1312 1923 fratres,
1335 1857 1701 1931 Evangelium,
1727 1861 1869 1931 quod
1891 1858 2175 1931 praedicavi
2203 1858 2374 1924 vobis,
2403 1855 2547 1929 quod
2568 1864 2625 1914 et
2654 1855 2909 1927 (eiectus)
2969 1852 3278 1925 accepistis,
3318 1854 3377 1909 in

126 1968 241 2024 quo
261 1963 320 2009 et
346 1953 522 2020 statis,
544 1967 643 2027 per
661 1952 805 2023 quod
828 1960 884 2008 et
919 1953 1221 2020 salvamini,
1250 1969 1355 2024 qua
1388 1955 1598 2014 ratione
1635 1954 2044 2024 prmdicaverim
2096 1953 2274 2018 vobis,
2295 1951 2341 2009 si
2383 1951 2599 2018 tenetis,
2648 1950 2755 2007 nisi
2813 1950 3014 2007 frustra
3046 1951 3383 2015 credidistis,

129 2050 238 2103 nisi
266 2049 342 2103 ad
362 2060 580 2104 mortem
609 2028 965 2119 prwdestinati
990 2033 1134 2106 estis.
1157 2047 1377 2105 Tradidi
1424 2050 1569 2107 enim
1597 2050 1752 2106 vobis
1805 2051 1859 2105 in
1913 2049 2126 2120 primis,
2180 2045 2523 2118 Evangelium
2571 2046 2711 2117 quod
2761 2055 2939 2101 notum
2988 2044 3108 2112 feci,
3161 2044 3303 2117 quod
3332 2056 3389 2100 et

129 2145 350 2218 accepi,
381 2146 635 2216 quoniam
666 2146 915 2203 Christus
949 2156 1193 2203 mortuus
1237 2156 1321 2202 est
1348 2161 1447 2218 pro
1476 2147 1722 2219 peccatis
1757 2148 1960 2202 nostris
2004 2164 2106 2202 non
2136 2146 2248 2201 suis
2276 2144 2571 2201 secundum
2603 2143 2942 2214 Scripturas,
2974 2153 3024 2199 et
3052 2142 3179 2212 quia
3211 2142 3389 2213 sepul-

128 2254 222 2298 tus
243 2250 358 2307 est,
390 2250 448 2297 et
478 2241 604 2311 quia
638 2242 937 2297 resurrexit
966 2242 1129 2297 tertia
1175 2241 1287 2309 die,
1316 2242 1613 2298 secundum
1643 2240 1977 2313 Scripturas,
2021 2249 2075 2297 et
2101 2242 2224 2312 quia
2272 2242 2422 2297 visus
2468 2248 2553 2296 est
2596 2239 2811 2311 Ceplun,
2857 2249 2912 2295 et
2940 2248 3061 2310 post
3092 2240 3193 2293 hoc
3226 2238 3389 2292 disci-

128 2336 278 2403 pulis
311 2336 604 2402 undecim;
637 2336 832 2393 deinde
864 2337 1013 2393 visus
1034 2345 1119 2393 est
1138 2337 1421 2409 plusquam
1445 2338 1760 2408 quingentis
1788 2337 2051 2393 fratribus
2076 2334 2236 2392 simul
2301 2336 2388 2408 (de
2430 2335 2531 2389 hac
2577 2334 2925 2404 apparitione,
2964 2343 3012 2387 et
3057 2332 3390 2402 subsequenti

140 2430 281 2484 nihil
310 2430 378 2484 ab
404 2430 735 2499 evangelistis
759 2431 995 2502 dicitur),
1030 2446 1097 2487 ex
1127 2433 1323 2503 quibus
1345 2433 1499 2488 multi
1529 2443 1751 2489 manent
1777 2447 1948 2503 usq-ue
1987 2432 2182 2497 adhuc,
2229 2431 2447 2501 quidam
2479 2437 2657 2485 autem
2697 2429 3032 2485 dormierunt
3063 2444 3077 2494 ;
3104 2428 3159 2482 2.
3192 2427 3386 2481 deinde

137 2525 302 2581 visus
368 2533 455 2581 est
498 2522 724 2593 Jacobo,
752 2526 946 2584 deinde
970 2528 1230 2600 apostolis
1251 2527 1521 2596 omnibus,
1547 2529 1838 2586 novissime
1858 2538 2038 2585 autem
2058 2529 2299 2584 omnium
2328 2526 2383 2583 5.
2418 2536 2669 2597 tanquam
2702 2527 2971 2593 abortivo,
3021 2526 3169 2581 visus
3210 2532 3295 2581 est
3339 2534 3394 2579 tt

1493 2643 2067 2702 COMMENTARIUS.

200 2800 303 2855 20.
336 2800 496 2865 Quod
522 2803 570 2856 si
596 2800 709 2857 alii.
748 2798 812 2857 Si
842 2800 967 2857 dum
1010 2800 1115 2858 duo
1157 2811 1243 2858 vet
1291 2808 1402 2857 tres
1437 2802 1714 2873 prophetae
1744 2767 1789 2828 Α
1816 2799 1918 2859 ista
1944 2814 2103 2873 pana
2142 2798 2232 2857 ille
2250 2799 2564 2872 plectendos
2596 2802 2688 2865 sit,
2709 2803 2800 2873 qui
2831 2818 2937 2859 non
2984 2802 3126 2860 valet
3171 2804 3387 2860 intelli-

130 2894 475 2963 toquuntur,
510 2892 670 2949 alicui
691 2907 876 2947 eorum
905 2892 997 2963 qui
1044 2893 1257 2961 sedent,
1301 2902 1356 2948 et
1390 2893 1719 2958 auscultant,

129 2985 349 3054 aliquid
380 2984 680 3039 revelatum
721 2985 920 3053 fuerit;
944 2986 1097 3057 prior
1131 2987 1391 3058 propheta
1424 2987 1513 3057 qui
1542 2987 1724 3058 loque-

130 3077 328 3141 batur,
361 3084 561 3141 taceat,
590 3084 645 3131 et
689 3077 1034 3149 permittatur
1060 3079 1182 3132 huic
1207 3078 1374 3149 loqui.

206 3167 303 3221 2t.
330 3167 563 3237 Spiritus
585 3171 975 3239 prophetarum.
1004 3168 1291 3225 Pluraliter
1314 3170 1445 3227 dicit
1471 3168 1722 3241 Spiritus,

128 3267 368 3330 propter
426 3259 825 3315 multitudinem
855 3261 1266 3332 prophetarum,
1317 3275 1440 3316 cum
1484 3262 1558 3315 sit
1586 3275 1726 3316 unus

133 3350 386 3419 Spiritus
432 3349 527 3419 qui
580 3348 749 3420 replet
788 3364 913 3414 eos,
984 3351 1077 3422 qui
1122 3350 1399 3421 subjectus
1447 3352 1727 3423 prophetis

132 3441 369 3507 dicitur,
400 3442 528 3511 quia
557 3456 654 3499 eos
683 3451 838 3498 extra
869 3442 1203 3500 voluntatem
1259 3456 1469 3510 eorum,
1516 3458 1618 3500 nec
1650 3444 1729 3499 lo-

130 3531 264 3601 qui,
318 3545 412 3586 nec
454 3540 636 3586 tacere
680 3531 971 3601 compellit.
1018 3531 1086 3587 Et
1126 3540 1210 3588 est
1240 3533 1523 3604 responsio
1570 3531 1727 3603 quasi

135 3623 346 3693 aliquis
377 3623 625 3679 diceret:
654 3623 735 3679 An
779 3625 930 3695 prior
985 3627 1246 3695 propheta
1296 3633 1477 3695 potest
1522 3635 1724 3691 tacere,

134 3729 272 3768 cum
331 3714 465 3774 vult.
526 3715 577 3770 id
616 3725 722 3783 est,
754 3731 824 3771 an
875 3716 1073 3790 singuli
1111 3719 1322 3789 possint
1373 3718 1724 3791 prophetare,

132 3820 271 3859 cum
296 3805 381 3860 eis
399 3804 602 3875 aliquid
631 3807 917 3864 reveletur.

211 3896 308 3951 22.
340 3894 465 3951 Νοη
493 3898 631 3951 enim
676 3898 1035 3955 dissensionis.
1085 3900 1448 3958 Dissensionis
1493 3903 1719 3973 spiritus

134 3996 359 4052 essent,
388 3988 435 4042 si
476 4003 664 4045 omnes
700 4004 837 4060 quos
886 3991 1141 4062 repleret,
1184 3993 1329 4064 loqui
1375 3994 1536 4049 simul
1574 4010 1716 4050 com-

140 4078 400 4147 pelleret.

211 4170 314 4225 25.
349 4168 462 4225 Lex
484 4171 632 4224 dicit.
662 4170 720 4226 ln
754 4170 954 4229 Genesi
975 4172 1108 4230 dicit
1128 4176 1272 4231 Deus
1305 4176 1373 4231 ad
1405 4177 1725 4233 mulierem:

144 4258 266 4316 Sub
299 4258 397 4314 viri
421 4270 675 4330 potestate
694 4262 817 4325 eris,
844 4272 893 4317 et
914 4264 1021 4335 ipse
1069 4265 1426 4321 dominabitur
1458 4269 1571 4323 tibi.

217 4351 315 4404 ει.
341 4350 424 4404 An
444 4368 476 4404 a
501 4351 640 4407 vobis
674 4353 901 4408 verbum.
931 4355 1028 4410 il'ic
1054 4356 1212 4411 datur
1237 4357 1462 4429 intelligi
1486 4362 1729 4430 quaedam

138 4430 275 4510 quae
299 4440 555 4509 superius
602 4442 880 4513 redarguit
924 4443 1237 4501 Corinthios
1302 4448 1518 4516 fecisse,
1571 4462 1735 4522 atque

151 4538 281 4591 ideo
310 4533 775 4604 reprehenditeos
795 4534 983 4592 dicens
1028 4550 1135 4592 non
1165 4537 1365 4594 debere
1391 4553 1488 4594 eos
1531 4541 1735 4612 aliquid

152 4627 372 4683 noviter
399 4627 559 4691 inire,
584 4627 677 4682 sed
712 4628 894 4699 potius
928 4630 1189 4700 exemplis
1214 4630 1445 4687 aliarum
1468 4632 1736 4689 Ecclesia-

152 4734 279 4774 rum
312 4719 520 4784 vivere,
551 4720 678 4788 quia
701 4720 928 4775 verbum
955 4721 1049 4775 Dei
1077 4722 1146 4777 ab
1175 4722 1282 4778 illis
1310 4738 1416 4778 non
1447 4725 1733 4793 processit,

152 4809 300 4878 quod
327 4808 373 4863 si
396 4809 770 4878 processisset,
808 4809 1089 4867 tolerabile
1119 4819 1267 4869 esset
1310 4814 1358 4869 si
1393 4814 1600 4884 aliquid
1635 4830 1736 4872 no-

153 4914 284 4953 vum
308 4898 587 4955 fecissent.

219 4988 318 5043 25.
348 4989 586 5045 Annos.
614 4988 916 5055 Spiritualis
936 5005 1234 5065 cognoscat.
1266 4995 1366 5053 Hic
1389 5000 1561 5069 tangit
1611 5015 1739 5068 apo-

156 5082 328 5138 stolos
378 5081 561 5149 falsos,
611 5083 702 5151 qui
751 5100 858 5138 non
913 5084 1118 5152 divina,
1166 5087 1261 5143 sed
1311 5098 1531 5145 terrena
1569 5092 1726 5149 doce-

158 5172 308 5228 bant.

224 5263 321 5319 26.
356 5263 548 5336 Siquis
575 5267 804 5335 ignorat,
843 5272 1193 5340 ignorabitur.
1246 5274 1435 5343 Recte,
1467 5278 1593 5346 quia
1648 5276 1739 5349 qui

1822 2894 2005 2964 gentia
2042 2892 2127 2949 sic
2160 2891 2472 2949 discernere
2516 2891 2843 2949 ineﬂ'abilem
2890 2891 3171 2951 Trinitatis
3220 2895 3397 2949 unita-

1822 2992 1953 3048 tem,
1984 2982 2126 3038 sicut
2170 2981 2501 3038 discernitur
2544 2984 2597 3037 in
2652 2983 2835 3038 animo
2888 2994 3074 3040 nostro
3113 2985 3398 3048 memoria,

1824 3071 2149 3137 intellectus,
2171 3070 2444 3127 voluntas.
2490 3070 2723 3126 Aliunde
2769 3072 2983 3129 dicebat
3028 3076 3127 3130 hoc
3177 3075 3413 3143 Aposto,

1828 3164 1949 3219 lus:
1980 3162 2143 3233 Lege,
2173 3169 2229 3218 et
2253 3161 2461 3218 videbis
2489 3173 2551 3216 ea
2581 3176 2699 3231 qua:
2745 3162 3061 3233 loquebatur
3103 3163 3220 3236 [at.,
3250 3164 3393 3235 quod

1822 3269 1887 3311 ea
1907 3252 2270 3326 loquebatur],
2301 3267 2422 3322 qua:
2448 3250 2608 3307 ﬁdem
2639 3252 2723 3308 vel
2750 3267 2927 3309 mores
2962 3254 3250 3310 multorum
3274 3256 3399 3311 sedi.

1829 3344 2080 3411 ﬁcarent,
2108 3359 2213 3399 non
2245 3358 2366 3413 qua:
2415 3343 2503 3397 vix
2542 3342 2608 3397 ad
2636 3357 2959 3413 paucorum,
3008 3358 3236 3413 eamque
3285 3345 3402 3399 exi~

1826 3457 2006 3515 gnam,
2059 3441 2533 3513 quantulacunque
2578 3439 2632 3494 in
2692 3440 2795 3495 hac
2845 3438 2979 3502 vita,
3015 3438 3081 3492 de
3134 3451 3194 3490 re
3248 3444 3397 3490 tanta

1826 3550 1946 3593 esse
1975 3544 2170 3606 potest,
2233 3533 2642 3603 intelligentiam
2691 3530 3063 3601 pervenirent,
3118 3529 3171 3584 id
3203 3537 3305 3594 est,
3347 3538 3404 3582 ut

1826 3627 2026 3699 linguis
2052 3626 2335 3697 prophetia
2362 3631 2777 3695 proponeretur.

1896 3718 1987 3775 27.
2018 3717 2207 3791 (Ibid.)
2271 3715 2629 3788 Ignorabitur.
2677 3714 2827 3771 Multi
2875 3714 2929 3771 in
2990 3712 3191 3771 Christi
3245 3727 3405 3769 cruce

1830 3813 2146 3885 gloriantes,
2170 3818 2229 3867 et
2261 3810 2330 3865 ab
2363 3809 2553 3864 eadem
2578 3808 2663 3861 via
2711 3822 2820 3863 non
2873 3810 3206 3875 recedentes,
3238 3808 3405 3865 etiam

1831 3905 1923 3977 qui
1979 3903 2084 3961 ista
2136 3916 2257 3974 quae
2310 3898 2660 3957 subtilissime
2715 3900 3080 3968 disseruntur,
3140 3902 3391 3971 ignorant,

1832 3998 1959 4067 quia
2012 4011 2119 4051 non
2176 3992 2315 4065 perit
2360 4008 2500 4048 unus
2532 3992 2600 4048 de
2655 3990 2865 4062 pusillis
2896 3991 3019 4064 [al.,
3057 4007 3119 4046 ex
3151 3988 3276 4063 illis]
3310 4008 3407 4061 pro

1834 4089 2030 4162 quibus
2052 4097 2297 4144 mortuus
2320 4095 2421 4151 est,
2449 4088 2515 4141 ad
2538 4086 2782 4142 eamdem
2825 4086 3148 4156 perveniunt
3195 4088 3407 4140 :cterni-

1838 4189 2026 4247 :atem,
2055 4180 2360 4243 veritatem,
2404 4177 2752 4239 cbaritatem.
2802 4178 2852 4232 id
2892 4186 2994 4241 est,
3041 4178 3108 4233 ad
3137 4177 3405 4241 stabilem.

1833 4283 2060 4337 certam,
2117 4272 2438 4341 plenamque
2494 4270 2825 4325 felicitatem.
2882 4271 2982 4326 Ubi
3058 4271 3401 4326 manentibus

1834 4365 2158 4428 ridentibus,
2182 4363 2506 4426 amantibus,
2530 4370 2657 4415 sunt
2682 4369 2874 4416 cuncta
2913 4371 3171 4432 perpetua

1901 4454 2056 4510 CAP.
2092 4454 2367 4509 XV.--l.
2394 4453 2595 4509 Lassa.
2630 4451 2830 4507 Notum
2867 4463 3041 4507 autem
3083 4454 3269 4520 vobis,
3294 4462 3407 4510 etc.

1835 4545 2216 4602 Dubitantihus
2260 4544 2553 4602 Corinthiis
2596 4548 2664 4602 de
2712 4546 3110 4601 resurrectione
3171 4557 3411 4603 mortuo-

1834 4654 1979 4704 rum,
1994 4638 2188 4707 probat
2208 4637 2500 4708 Apostolus
2521 4637 2704 4693 multis
2728 4638 3061 4708 argumentis
3076 4654 3195 4693 eam
3221 4655 3410 4697 revera

1835 4743 1955 4785 esse
2003 4729 2258 4792 futuram,
2318 4727 2562 4783 recolens
2620 4728 2765 4796 quod
2840 4728 2948 4784 illis
2998 4730 3408 4800 praedicaverat,

1836 4821 2031 4891 quibus
2056 4820 2336 4875 evidenter
2369 4827 2590 4890 apparet
2615 4818 2679 4875 de
2701 4822 3102 4877 resurrectione
3151 4822 3409 4879 dubitan-

1838 4913 1964 4968 dum
1991 4928 2096 4968 non
2117 4927 2255 4968 esse.

1906 5004 1962 5059 2.
1993 5005 2230 5060 Ancusr.
2268 5002 2380 5074 (lib.
2438 5013 2577 5056 cont.
2622 5001 2858 5067 Faust.).
2892 5003 3183 5059 Novissime
3213 5016 3408 5061 autem.

1842 5094 1948 5151 Sed
1975 5095 2064 5151 hic
2092 5095 2199 5163 iam
2249 5094 2317 5150 de
2358 5094 2519 5156 coelo.
2576 5103 2698 5163 pest
2762 5110 2868 5150 non
2922 5111 3147 5165 parvum
3201 5104 3412 5165 tempus

1842 5187 2175 5244 ascensionis
2200 5202 2331 5241 sum.

1912 5279 1946 5332 5
1990 5278 2229 5335 AMBROS.
2272 5278 2538 5349 Tanquam
2579 5280 2829 5335 abortivo.
2887 5278 3149 5351 Apparuit
3195 5276 3269 5332 illi
3303 5280 3416 5348 pri-

159 5356 338 5412 nescit
363 5357 458 5412 Dei
485 5374 606 5415 esse
639 5375 760 5430 quae
811 5362 1055 5434 loquitur
1092 5365 1464 5437 Apostolus,a
1518 5370 1743 5427 Domino
1844 5383 1991 5422 mum
2043 5370 2109 5424 de
2156 5369 2316 5434 coelo,
2373 5379 2496 5439 post
2523 5370 2703 5425 oranti
2737 5371 2790 5424 in
2817 5370 3035 5439 templo.
3089 5368 3408 5423 Abortivum

165 5447 533 5519 ignorabitur.

1846 5472 1904 5514 se
1930 5468 2105 5525 vocat,
2133 5460 2259 5530 quia
2296 5468 2445 5515 extra
2485 5470 2696 5531 tempus
2739 5469 2896 5515 natus
2926 5461 2977 5514 in
3022 5460 3258 5526 Christo,
3284 5477 3411 5532 apo-

227 5538 319 5592 26.
343 5539 579 5596 Δυουετ.
617 5542 797 5615 (epist.
842 5544 941 5600 102
970 5548 1040 5601 ad
1083 5547 1362 5615 Evodium,
1398 5560 1530 5607 tom.
1560 5553 1647 5621 ll).
1680 5553 1738 5610 Si

1844 5549 2095 5605 stolatum
2151 5529 2390 5623 accepit;
2432 5553 2485 5608 in
2509 5529 2647 5610 caelo
2672 5552 2898 5608 Domino
2945 5562 3162 5624 recepto
3199 5553 3250 5609 in
3278 5529 3403 5626 [ἀι.

161 5630 275 5698 quis
295 5642 469 5686 autem
493 5634 720 5703 ignorat.
743 5635 1118 5709 Nequaquam,
1145 5653 1204 5694 ut
1232 5644 1447 5708 scribis,
1470 5645 1559 5713 qui
1583 5645 1739 5715 igno-

168 5732 271 5789 rat,
301 5724 655 5792 ignorabitur.
689 5728 762 5784 De
786 5729 889 5785 hac
918 5742 977 5787 re
1002 5732 1128 5788 dicit
1151 5734 1457 5805 Apostolus,
1486 5745 1736 5806 tanquam

1844 5640 1993 5713 cum]
2010 5657 2199 5698 carne.
