3880 6306
575 314 676 369 207
1584 312 1644 367 Β.
1683 313 2081 370 ιΑΝηιΑΝςι

2225 312 2497 373 .NTUAR.
2536 312 2854 371 ARCHIEP.
3682 323 3750 381 203

574 430 702 487 mihi
731 428 901 501 (quasi
928 427 1216 484 abortivum
1237 444 1289 481 se
1314 436 1481 493 vocat,
1508 428 1631 498 quia
1654 437 1865 481 coactus
1895 436 1968 481 est
1999 426 2068 480 ad
2100 425 2266 481 Deum
2289 427 2537 490 converti,
2560 426 2691 479 sicut
2715 424 2980 479 abortivus
3015 425 3216 495 ragitur
3245 424 3429 497 nasri).
3455 426 3503 481 1.
3528 429 3621 501 ligo
3643 438 3744 490 enim

572 546 689 586 smn
717 528 972 583 minimus
1000 522 1389 596 apostolorum,
1417 523 1507 593 qui
1533 539 1638 578 non
1661 538 1780 578 sum
1820 522 2013 593 dignus
2037 522 2223 577 vocari
2260 522 2558 592 apostolus,
2591 521 2847 592 quoniam
2877 530 3191 591 persecutus
3232 537 3349 577 sum
3378 523 3640 583 Ecclesium
3670 530 3750 587 bet.

572 628 759 684 Gratia
826 635 1009 682 autem
1059 621 1152 677 Dei
1202 636 1324 677 sum
1386 620 1438 675 id
1497 621 1640 691 quod
1698 635 1840 684 sum,
1882 629 1936 675 et
1992 618 2168 693 gratia
2222 620 2341 688 ejus
2397 618 2450 673 in
2500 634 2587 674 me
2636 634 2807 674 vacua
2854 633 2960 673 non
3024 616 3145 684 fuit,
3186 629 3243 671 ut
3301 634 3402 673 non
3440 620 3752 691 fructiﬁcurcm,

566 726 663 780 sed
710 722 1075 779 abundantius
1126 722 1179 793 (a
1216 719 1500 795 reprobat)
1558 719 1663 773 illis
1704 718 1954 774 omnibus
2004 716 2285 783 laboravi;
2334 731 2439 771 non
2485 732 2586 787 ego
2653 726 2860 782 autem,
2916 716 3010 771 sed
3062 716 3235 787 gratia
3286 716 3379 771 Dei
3432 726 3756 786 mecum;sire

565 821 735 887 enim,
794 829 992 885 autem,
1038 832 1159 889 ego,
1216 817 1331 872 sive
1378 815 1476 883 illi,
1534 816 1613 870 sic
1659 815 2097 886 praedicavimns,
2138 813 2408 868 Christum
2459 823 2722 868 mortuum
2781 815 3146 879 resurrexisse,
3179 822 3233 869 et
3273 813 3353 870 sic
3401 812 3680 868 credidistis.
3712 814 3751 867 Si

569 926 752 972 autem
831 917 1084 975 Christus
1149 935 1265 973 vere
1316 918 1643 988 praedicatur
1699 917 1844 987 quod
1925 915 2224 971 resurrexit
2264 930 2295 968 a
2339 914 2588 982 mortuis,
2650 914 2923 985 quomodo
2987 913 3205 983 quidam
3275 914 3458 969 dicunt
3524 913 3568 967 in
3629 914 3751 975 vobis.

567 1016 831 1085 quoniam
878 1017 1207 1073 resurrectio
1233 1018 1287 1087 (a
1326 1017 1532 1087 genere)
1562 1026 1901 1072 mortuorum
1933 1032 2040 1070 non
2080 1013 2291 1071 est?Si
2342 1023 2523 1070 autem
2578 1015 2909 1071 resurrectio
2970 1025 3306 1070 mortuorum
3354 1027 3455 1066 non
3502 1021 3593 1075 est,
3635 1025 3754 1079 neque

567 1106 677 1178 79
702 1107 950 1163 Christus
980 1109 1361 1164 resurrexerit.
1405 1108 1461 1163 Si
1488 1117 1668 1163 autem
1697 1106 1951 1163 Christus
1978 1122 2083 1161 non
2118 1108 2501 1172 resurrexerit,
2526 1107 2578 1162 5.
2614 1107 2792 1165 inanis
2817 1116 2899 1163 est
2924 1122 3053 1179 ergo
3081 1108 3397 1177 prmdicatio
3422 1114 3606 1170 nostra,
3630 1104 3754 1159 inanis

564 1209 652 1254 est
681 1208 735 1254 et
764 1198 897 1254 ﬁdes
926 1209 1127 1255 vestra.
1152 1200 1465 1255 lnvenimur
1492 1210 1673 1255 autem
1710 1208 1768 1255 et
1795 1199 1914 1255 falsi
1960 1208 2124 1256 testes
2157 1199 2270 1264 Dei,
2303 1200 2557 1270 quoniam
2619 1200 2993 1257 testimonium
3038 1201 3278 1256 diximus
3335 1202 3579 1254 adversus
3620 1197 3753 1261 Deum,

566 1292 710 1358 quod
746 1291 1091 1346 suscitaverit
1116 1290 1409 1354 Christum,
1440 1306 1599 1361 quem
1634 1306 1739 1344 non
1765 1289 2063 1351 suscitavit,
2097 1291 2141 1344 si
2174 1282 2372 1345 mortui
2427 1306 2531 1345 non
2564 1299 2877 1361 resurgunt.
2912 1290 3223 1361 Responsio.
3255 1281 3391 1345 Nam
3439 1290 3488 1345 6.
3532 1292 3571 1345 si
3618 1289 3754 1343 mortui

566 1399 673 1438 non
702 1392 1019 1454 resurgunt,
1080 1398 1254 1453 neque
1293 1382 1542 1437 Christus
1591 1382 1911 1437 resurrexit.
1954 1381 2106 1448 Quod
2150 1382 2193 1437 si
2226 1381 2472 1437 Christus
2522 1398 2626 1437 non
2675 1383 3001 1448 resurrexit,
3045 1383 3096 1437 7.
3140 1398 3282 1436 vana
3330 1390 3413 1436 est
3462 1379 3580 1434 ﬁdes
3613 1390 3751 1439 vestra,

563 1476 742 1531 adhuc
765 1477 908 1532 enim
938 1483 1072 1537 estis
1107 1482 1160 1537 in
1185 1484 1423 1554 peccatis
1450 1482 1661 1537 vestris.
1690 1482 1829 1553 Ergo
1854 1482 1908 1554 [α
1937 1468 2120 1553 simili]
2150 1491 2203 1536 et
2239 1481 2330 1551 qui
2356 1480 2693 1536 dormierunt
2729 1480 2784 1534 in
2806 1480 3051 1547 Christo,
3083 1481 3386 1550 perierunt.
3416 1476 3469 1533 Si
3515 1477 3563 1531 in
3587 1474 3667 1532 hac
3682 1475 3752 1528 vita

569 1580 777 1628 tantum
806 1577 858 1630 in
881 1577 1096 1634 Christo
1120 1588 1402 1650 sperantes
1429 1594 1635 1642 smnus,
1660 1578 1713 1632 8.
1740 1578 2161 1636 miserabiliores
2187 1592 2374 1632 sumus
2397 1575 2649 1632 omnibus
2670 1575 3002 1631 hominibus.
3029 1574 3388 1645 (assumptio).
3409 1571 3550 1628 Nunc
3568 1580 3703 1626 autem
3717 1568 3751 1622 9.

547 1664 811 1723 \Christus
838 1670 1135 1725 resurrexit
1165 1688 1196 1726 a
1250 1672 1477 1726 mortuis
1524 1670 1775 1740 primitiae
1824 1669 2224 1731 dormientium,
2279 1684 2401 1721 nant
2448 1668 2648 1737 primus
2706 1669 3019 1733 resurrexit,
3051 1666 3540 1738 quoniam'qu'dem
3581 1676 3658 1734 per
3687 1663 3751 1717 Lo-

562 1759 764 1814 minem
789 1777 957 1827 mors,
983 1771 1037 1817 et
1067 1778 1163 1833 per
1180 1764 1457 1818 hominem
1483 1763 1807 1818 resurrectio
1850 1769 2208 1816 mortuorum.
2238 1759 2302 1813 Et
2323 1758 2464 1814 sicut
2493 1759 2745 1829 (exponit)
2775 1758 2827 1813 in
2875 1759 3070 1813 Adam'
3093 1774 3286 1814 omnes
3317 1758 3615 1820 moriuntur,
3640 1756 3692 1810 ita
3713 1766 3751 1808 et

562 1851 649 1907 10.
675 1852 727 1907 in
750 1853 969 1910 Christo
995 1870 1183 1911 omnes
1208 1855 1645 1911 viviﬁcabuntur.
1673 1856 1759 1909 11.
1788 1854 2169 1924 Unusquisque
2188 1862 2370 1907 autem
2392 1852 2445 1907 in
2476 1867 2575 1907 suo
2598 1853 2810 1917 ordine,
2843 1853 3096 1921 primitiae
3118 1852 3393 1917 Christus,
3433 1852 3605 1907 deinde
3640 1849 3666 1903 ii
3690 1844 3749 1916 qui

559 1952 688 1998 sunt
715 1943 944 2013 Christi,
968 1948 1331 2017 (resurrecturi
1361 1957 1479 2002 sunt
1499 1958 1545 2001 et
1568 1947 1685 2011 alii,
1716 1947 1801 2001 sed
1829 1947 2015 2001 horum
2040 1938 2244 1999 tantum
2272 1944 2585 1999 mentionem
2614 1944 2741 2014 facit
2760 1956 2968 2015 propter
2984 1944 3343 2002 Christianam
3392 1944 3672 2017 dignitatem)
3694 1941 3749 1994 iis

556 2036 656 2108 .qui
691 2037 742 2093 in
777 2038 1032 2106 adventu,
1065 2038 1226 2109 facta,
1276 2038 1351 2094 vel
1372 2038 1637 2108 faciendo,
1664 2037 1779 2107 ejus
1808 2039 2172 2095 crediderunt.
2205 2036 2317 2108 80
2347 2036 2432 2091 15.
2476 2035 2680 2092 Deinde
2712 2036 2834 2092 linis
2863 2039 2985 2105 erit,
3024 2038 3109 2106 14,
3138 2039 3229 2107 15,
3265 2040 3352 2096 16.
3404 2055 3518 2096 cum
3547 2036 3750 2093 tradiderit

1910 2172 2486 2231 COMMENTARIUS.

625 2299 679 2353 ι.
715 2297 828 2368 Ego
850 2298 1012 2352 enim.
1054 2293 1312 2350 llumiliat
1340 2307 1422 2360 se,
1445 2300 1501 2350 et
1539 2302 1785 2363 tempore
1826 2304 2050 2347 causam
2083 2290 2135 2343 in
2168 2293 2215 2353 Λ
2316 2286 2684 2344 Contenderet
2713 2288 2839 2358 quis
2874 2306 2886 2342 :
2940 2287 3054 2344 Non
3104 2300 3207 2354 est,
3267 2290 3462 2361 inquit,
3506 2288 3748 2346 resurrectio

554 2407 614 2447 se
641 2390 885 2446 ascribit.

625 2482 674 2535 5.
703 2480 891 2535 Inanis
914 2490 1157 2551 estergo.
1187 2481 1270 2535 Ad
1318 2480 1702 2536 detrimentum
1733 2494 1924 2535 eorum
1973 2477 2140 2549 proii-

542 2589 675 2630 cere
701 2574 918 2637 asserit,
951 2573 997 2630 si
1039 2574 1371 2629 crediderint
1398 2574 1543 2644 quod
1576 2574 1819 2628 futurum
1873 2588 1980 2628 non
2032 2580 2135 2637 est,

549 2676 601 2719 et
632 2664 853 2734 pudoris
882 2672 966 2719 est
1013 2673 1071 2719 ut
1098 2663 1293 2733 aliquis
1326 2663 1645 2733 proﬁteatur
1693 2664 1796 2717 hoc
1843 2662 2140 2717 credidisse

548 2759 693 2827 quod
723 2756 915 2812 falsum
945 2766 1051 2820 est,
1078 2765 1135 2811 et
1160 2756 1544 2811 verecundiam
1575 2755 1681 2809 illis
1710 2755 1928 2821 incutit,
1955 2762 2011 2809 ct
2062 2754 2141 2808 la-

549 2848 711 2903 bores
737 2846 950 2901 illorum
976 2846 1108 2901 dicit
1143 2845 1541 2913 infructuosos;
1595 2847 1737 2917 quod
1762 2863 1924 2902 nemo
1952 2847 2139 2917 utique

550 2936 617 2991 de
648 2949 707 2989 se
735 2935 939 3004 patitur
966 2936 1177 3001 audire,
1205 2946 1267 2992 ut
1293 2938 1536 2992 videntes
1559 2938 1662 2993 hoc
1686 2952 1807 2993 esse
1833 2946 2024 2993 contra
2055 2953 2134 3005 se,

552 3036 895 3083 revertantur
920 3029 984 3082 ad
1014 3028 1174 3083 ﬁdem
1204 3030 1513 3099 pristinam.

620 3118 672 3172 6.
704 3116 942 3173 Aucusr.
973 3116 1090 3190 (lib.
1135 3134 1174 3173 ιι
1207 3118 1283 3175 De
1326 3119 1465 3175 doct.
1510 3118 1637 3175 Chr.
1691 3136 1811 3193 cap.
1839 3123 1927 3188 5|,
1958 3132 1995 3177 t.
2026 3122 2131 3194 Ill).

546 3208 606 3264 Si
629 3211 843 3264 mortui.
889 3210 1029 3265 Sunt
1056 3225 1198 3268 verre
1249 3214 1621 3270 connexiones
1684 3215 2132 3280 ratiocinationis,

548 3299 713 3355 falsas
744 3301 1006 3358 habentes
1030 3304 1350 3369 sententias,
1383 3319 1504 3374 qua:
1531 3316 1940 3376 consequuntur
1984 3322 2136 3361 erro-

542 3406 660 3446 rem
693 3380 836 3447 illius
867 3407 990 3447 cum
1031 3408 1139 3464 quo
1162 3394 1370 3465 agitur;
1397 3411 1517 3465 qua:
1540 3406 1718 3452 tamen
1750 3398 1818 3452 ad
1848 3398 1949 3453 hoc
1997 3398 2133 3452 inie-

539 3493 739 3538 runtur
759 3498 788 3536 a
811 3484 952 3539 bono
975 3493 1031 3540 et
1058 3484 1218 3541 docto
1251 3486 1489 3548 homine,
1515 3496 1574 3541 ut
1604 3488 1658 3542 in
1687 3488 1771 3543 his
1801 3488 2132 3544 erubescens

545 3571 635 3626 ille
664 3571 818 3640 cujus
845 3587 1088 3630 errorem
1115 3577 1468 3647 consequitur
1496 3576 1616 3649 [al.,
1674 3577 2126 3651 consequuntur],

2244 2389 2605 2435 mortuorum.
2644 2380 2709 2434 Et
2733 2380 3068 2450 Apostolus:
3114 2381 3170 2436 Si
3201 2399 3309 2437 non
3365 2392 3449 2438 est
3501 2379 3745 2437 resurrectio

2243 2479 2610 2535 mortuorum,
2675 2469 2730 2523 id
2788 2478 2894 2536 est,
2926 2470 2971 2524 si
3021 2469 3202 2527 nullus
3245 2481 3565 2527 mortuorum
3595 2470 3639 2539 (a
3659 2472 3744 2533 toto)

2241 2562 2499 2627 surrexit,
2536 2578 2709 2633 neque
2746 2561 3016 2631 Christus,
3081 2581 3242 2636 quem
3304 2566 3585 2622 surrexisse
3627 2560 3745 2617 credi-

2240 2655 2420 2710 distis.
2452 2656 2515 2709 Et
2539 2672 2605 2710 ex
2654 2657 2843 2712 eodem
2894 2658 3142 2728 sequitur
3189 2675 3390 2714 vanam
3431 2674 3541 2714 esse
3575 2652 3743 2726 Apostoli

2239 2747 2706 2815 praedicationem,
2758 2764 2955 2804 vanam
3011 2764 3134 2806 esse
3182 2766 3376 2807 eorum
3430 2751 3586 2805 ﬁdem.
3618 2747 3665 2801 Et
3699 2746 3742 2813 (si

2239 2837 2489 2894 Christus
2514 2855 2621 2893 non
2649 2842 2965 2913 resurrexit)
2992 2841 3110 2897 falsi
3137 2852 3309 2900 testes
3333 2845 3425 2900 Dei
3449 2858 3627 2907 sumus;
3645 2840 3741 2909 quod

2239 2946 2269 2985 a
2300 2931 2581 3001 Scriptura
2632 2934 2709 2988 sic
2741 2935 2980 3003 probat:
3042 2936 3340 3003 Quoniam,
3390 2938 3567 3008 inquit,
3604 2934 3739 2987 isISImt

2240 3024 2607 3078 testimonium
2639 3026 2872 3081 diximus
2902 3027 3189 3083 adversum
3225 3029 3430 3097 Deum;
3483 3044 3585 3084 nam
3622 3022 3736 3083 istud.

2237 3117 2379 3186 quod
2406 3117 2747 3173 suscitaverit
2772 3118 3070 3188 Christum,
3096 3138 3256 3193 quem
3291 3139 3395 3179 non
3441 3118 3683 3180 suscitavit,
3708 3114 3738 3166 si

2236 3212 2435 3267 mortui
2469 3228 2576 3266 non
2631 3224 2942 3283 resurgunt.
2989 3214 3168 3283 Quare
3216 3217 3325 3273 hoc
3353 3216 3512 3272 dicis?
3546 3212 3648 3268 Nam
3674 3209 3737 3268 iit.

2236 3303 2431 3370 inquit,
2462 3303 2514 3357 in
2546 3318 2605 3358 re
2627 3315 2729 3369 est,
2752 3306 2895 3375 quod
2924 3307 2969 3361 si
2999 3309 3196 3362 mortui
3238 3325 3350 3365 non
3380 3315 3644 3377 resurgunt.
3678 3315 3738 3352 ιε’

2235 3410 2339 3463 que
2361 3394 2640 3463 Christus;
2677 3411 2810 3452 vana
2832 3408 2919 3454 est
2946 3398 3078 3454 ﬁdes
3109 3410 3324 3467 nostra,
3350 3402 3401 3457 id
3426 3409 3519 3465 est,
3549 3412 3633 3452 non
3654 3398 3736 3447 Sunt

2235 3488 2389 3543 vobis
2418 3490 2644 3545 remissa
2674 3501 2926 3561 peccata;
2961 3493 3138 3549 adhuc
3159 3496 3310 3551 enim
3340 3496 3468 3551 estis
3496 3494 3540 3548 in
3565 3484 3735 3562 peccatis

2233 3581 2449 3636 vestris.
2489 3582 2553 3636 Et
2579 3583 2625 3638 si
2655 3599 2750 3641 vos
2775 3586 2907 3642 estis
2933 3586 2986 3640 in
3018 3587 3279 3656 peccatis,
3337 3598 3391 3643 et
3418 3587 3503 3657 qui
3550 3591 3650 3639 ante
3674 3589 3734 3630 vos

539 3663 791 3717 eumdem
823 3664 1088 3735 relinquat
1116 3681 1396 3731 errorem;
1428 3669 1556 3737 quia
1611 3670 1655 3723 si
1690 3668 1741 3723 in
1770 3671 1962 3724 eodem
2012 3686 2128 3724 ma-
2160 3653 2204 3712 Β
2233 3671 2469 3739 fuerunt,
2494 3674 2546 3728 in
2575 3679 2817 3746 peccatis
2868 3680 3065 3734 mortui
3097 3690 3254 3745 sunt;
3307 3691 3363 3738 et
3406 3682 3448 3736 si
3481 3681 3527 3734 in
3563 3670 3734 3747 peccatis

540 3768 674 3809 nere
707 3755 956 3822 voluerit,
1007 3773 1229 3813 necesse
1272 3760 1435 3815 etiam
1492 3770 1550 3815 ut
1594 3760 1682 3815 illa
1740 3777 1862 3832 qua:
1906 3763 2129 3819 damnat

540 3854 728 3901 tenere
756 3857 1000 3917 cogatur.

610 3938 664 3992 7.
696 3937 896 3994 Laure.
929 3938 1079 3995 Vana
1107 3952 1183 3996 est
1208 3941 1363 4010 ﬁdes.
1398 3942 1590 4000 Fidem
1618 3946 1750 4001 dicit
1780 3962 1885 4016 qua
1932 3949 2123 4005 crede-

534 4036 669 4092 bant
690 4046 908 4107 peccata
944 4038 1044 4093 sibi
1070 4053 1190 4095 esse
1204 4039 1447 4105 dimissa,
1465 4055 1561 4109 per
1583 4042 1742 4096 ﬁdem
1767 4047 2122 4099 resurrectio-

532 4128 619 4184 nis
644 4128 868 4184 Christi.
887 4128 1038 4197 Quod
1075 4145 1182 4186 non
1211 4134 1373 4197 eSt,si
1396 4131 1643 4188 Christus
1670 4149 1774 4188 non
1802 4136 2118 4191 resurrexit.

600 4222 657 4277 8.
687 4221 929 4278 AIBROS.
986 4221 1397 4278 Miserabiliores
1444 4241 1646 4280 sumus.
1678 4224 1944 4281 lncreduli
1975 4227 2119 4283 enim

526 4312 612 4368 vel
646 4314 748 4370 hac
776 4316 886 4370 vita
915 4315 1192 4372 fruuntur.

596 4403 650 4457 9.
696 4404 899 4461 ΒΑΜ-ιι.
955 4405 1193 4462 Christus
1240 4410 1540 4465 resurrexit.
1593 4410 1793 4466 Probat
1827 4411 2117 4481 Apostolus

526 4505 772 4551 mortuos
822 4513 942 4553 esse
997 4511 1422 4557 resurrecturos.
1463 4502 1541 4567 Si,
1599 4504 1793 4575 inquit,
1866 4504 2115 4560 Christus

528 4588 844 4652 resurrexit,
874 4598 931 4643 et
956 4594 1153 4646 mortui
1182 4604 1489 4665 resurgent.
1521 4594 1629 4650 Sed
1653 4597 1905 4653 Christus
1931 4614 2112 4654 resur-

527 4679 689 4745 rexit,
720 4696 841 4734 nam
883 4680 1175 4752 Scriptura:
1203 4685 1409 4741 dicunt.
1450 4686 1578 4741 Item
1616 4690 1742 4758 quia
1790 4693 2107 4757 resurrexit,

525 4785 648 4826 nam
680 4772 826 4825 visus
850 4784 954 4842 est,
983 4785 1266 4846 postquam
1298 4780 1614 4840 resurrexit.
1654 4779 1852 4851 Cephae
1886 4792 1941 4835 et
1963 4781 2105 4839 aliis.

521 4864 669 4920 Idem
699 4866 915 4931 iterum,
944 4871 1240 4925 resurrexit
1260 4872 1387 4942 quia
1433 4889 1530 4928 vos
1559 4891 1680 4929 eum
1741 4877 2105 4933 resurrexisse

521 4955 851 5011 credidistis.
877 4957 1043 5023 Quasi
1078 4959 1325 5017 dicerent
1353 4977 1368 5017 :
1399 4963 1757 5029 Credidimus,
1786 4967 1878 5021 sed
1909 4983 2015 5022 non
2046 4978 2101 5025 te

518 5049 871 5117 prasdicante.
928 5050 1059 5118 Quae
1115 5069 1267 5119 cura,
1322 5056 1514 5126 inquit,
1543 5059 1658 5115 sive
1708 5076 1827 5131 ego,
1871 5063 1985 5118 sive
2025 5064 2101 5119 illi

519 5143 930 5210 przedicassent,
973 5162 1067 5201 vos
1110 5149 1418 5205 credidistis
1448 5167 1569 5206 eum
1614 5156 1995 5212 resurrexisse.
2038 5159 2105 5214 Et

518 5234 623 5289 hoc
646 5245 730 5292 est
753 5240 895 5308 quod
927 5238 1058 5295 dicit
1085 5258 1097 5294 :
1127 5241 1253 5296 Sive
1289 5244 1432 5297 enim
1460 5259 1579 5315 ego,
1610 5248 1725 5304 sive
1752 5248 1824 5303 illi
1855 5250 1935 5305 sic
1962 5267 2100 5321 pne-

517 5323 778 5391 dicamus,
801 5337 857 5382 et
886 5329 965 5385 sic
986 5331 1315 5388 credidistis.
1347 5333 1477 5389 ltem
1510 5336 1681 5405 ipsum
1716 5355 1728 5391 :
1764 5338 1820 5394 Si
1851 5339 2101 5398 Christus

518 5429 706 5472 revera
737 5422 1067 5487 pmdicatur
1091 5425 1215 5493 quia
1246 5428 1562 5494 resurrexit,
1598 5438 1726 5486 tunc
1760 5446 1887 5487 vere
1910 5449 2099 5491 surre-

516 5506 625 5569 xit;
649 5516 705 5561 et
735 5509 782 5564 si
805 5516 1096 5570 resurrexit
1117 5514 1170 5586 (a
1183 5516 1389 5591 simili),
1422 5522 1745 5577 resurrectio
1768 5532 2102 5583 mortuorum

511 5606 598 5651 est
625 5616 638 5653 :
674 5602 817 5670 quod
840 5604 884 5658 si
914 5610 1290 5675 est,quomodo
1315 5611 1531 5680 quidam
1552 5614 1755 5680 dicunt,
1778 5623 1913 5681 etc.,
1938 5627 1993 5673 et
2024 5619 2103 5674 sic

513 5704 621 5743 ιιοιι
650 5691 858 5755 debetis
883 5696 1064 5753 dicere
1094 5704 1550 5760 resurrectionem
1604 5716 1941 5764 mortuormn
1989 5727 2094 5768 non

511 5782 648 5837 fere.

2230 3767 2427 3821 mortui
2455 3776 2596 3832 Sunt,
2625 3770 2810 3838 utique
2837 3772 3131 3841 perierunt.
3155 3772 3477 3845 Principal‘s
3494 3766 3732 3834 assumptio.

2228 3854 2379 3912 Nunc
2406 3867 2586 3914 autem
2616 3858 2867 3917 Christus
2892 3864 3211 3929 resurrexit,
3242 3880 3378 3935 ergo
3407 3881 3505 3921 non
3548 3872 3616 3917 est
3641 3869 3732 3910 vana

2225 3949 2538 4018 prmdicatin
2560 3960 2766 4018 nostra,
2795 3968 2895 4009 nec
2923 3952 3058 4010 ﬁdes
3081 3964 3282 4011 vestra.
3317 3958 3384 4013 Et
3417 3958 3491 4013 sic
3524 3956 3582 4009 de
3609 3945 3731 4005 omnii-

2223 4040 2323 4096 hus
2345 4042 2801 4100 concludendum.

2294 4132 2381 4186 10.
2411 4135 2652 4190 Aucusr.
2683 4140 2884 4207 (cmpos.
2921 4137 2977 4193 in
3012 4137 3214 4211 Evang.
3264 4141 3426 4197 .loun.
3462 4140 3612 4195 Tract.
3637 4133 3678 4194 5,
3706 4140 3729 4182 l-

2222 4222 2340 4295 IX).
2377 4224 2447 4279 In
2478 4224 2686 4281 Christo
2723 4236 2921 4283 omnes.
2971 4228 3171 4287 Omnes
3202 4233 3294 4303 qui
3349 4232 3511 4290 renati
3553 4234 3731 4293 sumpt?

2220 4316 2518 4374 Christum.
3716 4390 3719 4393 _

2290 4410 2377 4465 11.
2413 4409 2614 4465 [.Asrn.
2647 4411 3017 4488 Unusquisque
3038 4420 3092 4472 in
3116 4435 3210 4474 suo
3238 4424 3442 4477 ordine.
3471 4421 3523 4475 ln
3556 4429 3635 4472 suo
3670 4424 3728 4464 οδ

2214 4499 2342 4557 dine
2395 4502 2546 4567 dicit,
2600 4504 2683 4558 vel
2730 4506 2855 4575 quia
2905 4508 3156 4565 Christus
3221 4512 3430 4581 primus
3475 4501 3725 4565 resurrexit;

2212 4593 2406 4649 deinde
2442 4582 2801 4651 resttrrecturi
2828 4608 2955 4654 sunt
3003 4603 3206 4656 caeteri.
3245 4602 3338 4659 Vel
3395 4604 3510 4675 quia
3560 4604 3726 4662 martyr.

2211 4694 2268 4740 ut
2291 4696 2522 4758 martyr;
2540 4698 2806 4757 pastores,
2830 4699 2886 4743 ut
2900 4701 3167 4761 pastores,
3191 4705 3244 4749 et
3261 4698 3436 4752 czeteri
3460 4697 3507 4751 in
3529 4694 3644 4747 hunc
3655 4696 3728 4738 mo-

2208 4782 2353 4831 dum.
2371 4779 2435 4832 Et
2458 4779 2536 4834 sic
2558 4780 2899 4851 intelligitur,
2924 4785 2975 4837 in
3004 4800 3104 4840 suo
3126 4788 3338 4853 ordine,
3362 4799 3413 4843 et
3436 4791 3482 4841 in
3504 4798 3585 4841 sua
3606 4772 3726 4847 digni-

2208 4876 2335 4924 tate.
2363 4870 2565 4926 Deinde
2599 4873 2649 4927 hi
2675 4877 3056 4942 resurrecturi,
3098 4889 3151 4933 et
3178 4881 3301 4946 alii,
3330 4883 3421 4937 sed
3457 4882 3619 4935 horum
3643 4881 3725 4923 Iau-

2208 4970 2318 5016 tum
2348 4964 2674 5020 mentionem
2728 4965 2888 5033 facit,
2930 4979 3151 5041 propter
3204 4973 3548 5031 Christianam
3600 4957 3726 5031 ἀῑεηί·

2214 5060 2401 5106 tatem.

2288 5146 2369 5199 12.
2414 5145 2518 5211 Qui
2556 5149 2611 5203 in
2652 5150 2898 5209 adventu.
2938 5153 3039 5222 Qui
3068 5159 3297 5215 credunt
3341 5177 3459 5217 eum
3507 5147 3722 5212 advenis”

2213 5248 2435 5308 propter
2462 5242 2806 5301 redimendos
2825 5259 3162 5316 peccatores,
3193 5262 3249 5308 et
3278 5256 3604 5309 adventurmu
3629 5252 3720 5311 Pw‘

2208 5338 2330 5398 pter
2355 5329 2600 5389 inﬁdeles
2620 5335 2941 5405 judicandos
2969 5351 3023 5395 et
3051 5340 3235 5399 ﬁdeles
3258 5337 3652 5402 remunerandus.

2284 5422 2364 5477 15.
2384 5424 2619 5483 AUCUST.
2657 5428 2767 5499 (lib.
2808 5431 3133 5491 LXXXIII.
3166 5438 3364 5503 Quwst.
3388 5456 3473 5509 qu.
3495 5438 3567 5493 69,
3589 5442 3620 5483 t.
3641 5419 3719 5485 ιγ.)

2209 5513 2408 5572 Deinde
2437 5520 2582 5588 ﬁnis.
2617 5522 2735 5593 Ipse
2763 5526 2971 5583 scilicet
3010 5530 3135 5585 ﬁnis
3162 5543 3273 5598 est,
3306 5544 3365 5589 ut
3392 5534 3461 5589 sit
3501 5531 3596 5599 ipse
3619 5522 3717 5574 Del”

2208 5610 2388 5664 omnia
2413 5611 2463 5666 in
2487 5616 2755 5673 omnibus.
2772 5618 2945 5675 Aliter
2960 5624 3102 5678 enim
3122 5625 3320 5682 dicitur
3349 5627 3481 5688 finis,
3500 5620 3578 5692 qui
3598 5607 3718 5686 μηδ’

2209 5702 2388 5755 netad
2420 5707 3155 5777 consummationem,°aliter
3185 5718 3275 5787 qui
3308 5718 3526 5790 pertinet
3545 5707 3599 5764 ad
3621 5712 3712 5754 con-

2210 5793 2588 5863 sumptiouem.
2618 5800 2684 5855 Et
2711 5802 2868 5858 aliter
2889 5804 3031 5861 enim
3057 5810 3236 5864 tunica
3263 5810 3439 5865 ﬁnitur
3462 5795 3714 5862 texendo,“
