3880 6306
91 403 219 462 209
866 406 934 461 ΙΝ
974 408 1034 461 D.
1078 406 1283 462 PAULI
1323 404 1537 462 EPIST.
1580 404 1937 462 COMMENT.
1967 438 2035 447 -—-
2064 402 2281 461 EPIST.
2309 402 2327 460 Ι
2360 404 2449 459 ΑΙ)
2485 403 2639 460 COR.
3277 400 3383 456 ςῑιο

94 535 372 590 regnum,
398 517 456 573 id
480 526 576 586 est,
600 519 653 572 in
677 519 863 589 quibus
894 522 1144 591 regnavit,
1169 522 1297 585 Deo,
1322 532 1376 576 et
1405 520 1572 585 Patri,
1603 522 1688 585 l7,
1721 519 1809 575 l8.
1835 534 1956 575 cuzu
1981 519 2323 575 evacuaverit
2347 533 2561 574 omnem
2592 514 2955 587 principatum
2980 517 3299 582 da'monum,
3327 527 3381 573 et

94 619 444 678 potestatem
469 620 524 665 et
552 609 827 664 virtutem.
863 609 1087 680 Oportet
1115 620 1295 665 autem
1326 612 1474 665 illum
1506 626 1733 682 regnare
1758 611 1841 666 19.
1873 612 2045 666 donec
2094 620 2260 682 ponat
2303 625 2492 666 omnes
2523 609 2771 663 inimicos
2808 610 2910 664 sub
2960 610 3185 679 pedibus
3237 610 3377 679 ejus.

89 700 193 755 20.
222 699 534 755 Novissima
576 708 754 755 autem
809 700 1024 756 inimica
1090 702 1399 757 destruetur
1444 720 1475 755 a
1526 700 1735 756 Christo
1807 717 1955 757 mors
2016 702 2259 773 (ostendit
2309 701 2571 755 Christum
2624 702 2813 755 habere
2853 704 3136 770 potentiam
3192 705 3378 757 mortis

89 795 470 861 destruendw,
491 797 668 851 dicens
691 798 864 851 omnia
886 814 995 852 esse
1022 798 1115 852 sub
1142 799 1256 869 ejus
1285 800 1537 869 potentia)
1561 816 1575 865 ;
1600 798 1782 853 omnia
1812 798 1956 853 enim
1984 798 2212 867 subjecit
2250 798 2350 852 sub
2380 797 2601 868 pedibus
2631 796 2768 866 ejus.
2817 795 2951 850 Cum
2983 806 3162 850 autem
3207 797 3377 860 dicat;

89 885 352 953 psalmus
386 899 600 942 octavus
632 906 649 943 :
689 888 881 944 Omnia
908 889 1150 959 subjecta
1176 889 1393 952 suntei,
1424 889 1540 944 sine
1582 888 1769 952 dubio,
1809 895 2009 956 praeter
2037 898 2183 952 eum,
2239 888 2475 951 Patrem,
2506 886 2595 956 qui
2642 884 2871 953 subjecit
2901 885 2949 940 ei
2987 886 3189 941 omnia.
3246 885 3404 940 Cuur

88 988 290 1033 autem
323 981 564 1053 subjecta
598 982 797 1036 fuerint
824 982 897 1037 illi
927 983 1131 1049 omnia,
1163 984 1253 1036 2t.
1284 991 1410 1036 tunc
1438 991 1491 1035 et
1523 982 1634 1051 ipse
1665 980 1833 1035 Filius
1867 980 2144 1049 subjectus
2172 981 2276 1035 erit
2324 981 2398 1046 ei,
2455 978 2608 1033 Patri
2635 979 2925 1033 secundum
2977 979 3379 1042 humanitatem,

88 1070 170 1123 vel
205 1069 451 1135 Christo,
481 1074 571 1143 qui
595 1073 823 1143 subjecit
843 1075 945 1129 sibi
969 1076 1174 1139 omnia,
1197 1075 1289 1129 22.
1319 1083 1378 1129 ut
1400 1075 1469 1129 sit
1498 1073 1636 1129 Deus
1664 1073 1843 1128 omnia
1874 1074 1925 1126 in
1954 1072 2224 1136 omnibus,
2249 1083 2304 1126 ut
2324 1073 2389 1126 sit
2416 1071 2555 1126 Deus
2576 1071 2849 1138 plenitudo
2878 1073 3049 1126 omnis
3096 1071 3280 1142 gaudii
3328 1074 3379 1124 in

88 1161 357 1232 singulis.
383 1165 474 1219 25.
511 1164 758 1235 Alioquin
793 1166 859 1237 (si
884 1180 963 1219 mr
977 1167 1077 1220 rtui
1110 1183 1211 1220 non
1253 1168 1552 1236 resurgunt)
1581 1165 1708 1232 quid
1748 1164 1944 1218 facient
1969 1165 2096 1234 quid
2120 1166 2215 1218 erit
2251 1164 2354 1226 liis,
2384 1164 2473 1231 qui
2504 1162 2850 1233 baptizantur
2877 1164 2967 1227 24,
2999 1163 3090 1217 25.
3114 1164 3220 1233 81
3259 1167 3380 1231 prol

86 1256 357 1318 mortuis,
392 1257 438 1313 si
467 1258 689 1314 omnino
717 1259 909 1315 mortui
939 1274 1045 1313 non
1071 1260 1392 1329 restingunt?
1420 1258 1511 1324 26,
1540 1257 1633 1311 27.
1667 1256 1737 1313 Ut
1764 1256 1892 1326 quid
1918 1264 1973 1310 et
1998 1256 2347 1327 baptizantur
2372 1271 2467 1324 pro
2490 1253 2633 1309 illis?
2655 1256 2878 1322 peccatis
2904 1255 3124 1309 scilicet.
3154 1254 3220 1309 Ut
3244 1254 3370 1323 quid

86 1354 144 1400 et
166 1361 277 1401 nos
305 1348 679 1417 periclitamur
706 1364 853 1403 0mm
881 1349 1047 1402 hora?
1074 1349 1283 1419 exponit
1309 1348 1567 1419 quomodo
1595 1344 1933 1415 periclitetur.
1963 1344 2213 1410 Quotidie
2242 1344 2442 1399 morior
2471 1359 2567 1413 per
2590 1352 2824 1399 vestram
2857 1342 3102 1414 gloriam,
3134 1341 3353 1404 fratres.

1460 1456 2031 1517 COMMENTARIUS.

88 1573 255 1628 aliter
288 1574 451 1629 cibus
509 1574 864 1630 comedenda.
894 1574 1036 1628 Deus
1080 1583 1260 1628 autem
1288 1572 1467 1627 omnia
1501 1573 1552 1626 in
1577 1588 1693 1626 omo
1721 1579 1765 1633 Λ
1799 1569 1934 1623 dixit
1965 1588 1977 1623 :
2013 1568 2120 1623 Ero
2148 1570 2357 1624 illorum
2391 1570 2572 1636 Deus;
2610 1580 2658 1625 et
2708 1572 2807 1641 ipsi
2855 1582 3005 1627 erunt
3051 1574 3181 1629 mihi
3214 1575 3378 1646 plebs,

89 1665 259 1719 nibus
290 1665 517 1731 dicitur,
546 1675 605 1719 ut
634 1681 791 1720 nemo
815 1681 1004 1721 eorum
1025 1665 1115 1737 qui
1155 1668 1204 1720 ei
1246 1667 1518 1721 cohaerent
1547 1674 1694 1719 amet

89 1758 373 1811 adversus
422 1772 544 1811 cum
598 1773 747 1811 suam
803 1758 1078 1827 propriam
1133 1757 1480 1820 voluntatem,
1519 1757 1696 1810 maui-

91 1845 417 1915 festumque
465 1849 536 1902 sit
590 1849 842 1903 omnibus
878 1850 1020 1919 quod
1081 1850 1219 1905 idem
1250 1849 1540 1920 Apostolus
1591 1848 1697 1902 alo

90 1936 207 1991 loco
237 1939 381 1992 dicit
412 1958 425 1992 :
461 1938 601 2004 Qu‘d
632 1950 807 1993 autem
829 1942 986 1995 habes
1008 1943 1148 2011 quod
1172 1959 1271 1995 non
1295 1941 1575 2011 accepisti?

158 2024 251 2078 14.
287 2025 533 2081 Accusr.
570 2026 685 2098 (lib.
716 2044 731 2081 ι
766 2027 837 2082 De
855 2027 1026 2094 Trin.,
1053 2045 1172 2097 cap.
1202 2030 1235 2084 9
1257 2038 1311 2083 et
1337 2031 1402 2083 10
1426 2037 1552 2083 toni.
1584 2028 1692 2099 Ill).

91 2113 221 2167 Cum
246 2116 562 2170 tradiderit.
610 2117 685 2171 lta
717 2119 918 2173 dictum
974 2130 1078 2183 est,
1111 2135 1231 2173 cum
1265 2120 1546 2173 tradiderit
1579 2135 1696 2191 rcg-

92 2221 218 2259 num
265 2208 386 2261 Deo
417 2216 470 2261 et
507 2206 679 2273 Patri,
712 2224 777 2264 ac
806 2209 848 2264 si
883 2212 1154 2264 diceretur
1184 2228 1197 2264 :
1240 2209 1436 2265 Tradet
1469 2226 1692 2280 regnum

91 2294 266 2362 Patri,
326 2295 586 2352 Dominus
614 2297 771 2353 Iesus
799 2298 1069 2364 Christus,
1112 2316 1216 2355 non
1264 2314 1323 2354 se
1368 2300 1490 2354 inde
1541 2316 1689 2369 sepa-

92 2398 235 2453 rato,
267 2404 380 2443 nec
407 2388 587 2453 Patre,
614 2406 715 2445 nec
737 2391 939 2462 Spiritu
973 2404 1182 2457 sancto,
1215 2393 1470 2462 quoniam
1495 2394 1693 2463 perdu-

94 2495 217 2535 cere
243 2482 545 2537 credentes
591 2484 657 2537 ad
688 2485 1200 2556 contemplationem
1256 2486 1377 2551 Dei,
1405 2487 1493 2555 qui
1546 2486 1690 2558 digni

96 2573 470 2638 habebuntur,
503 2577 724 2645 perduci
758 2577 827 2631 ad
864 2577 1051 2644 fidem,
1076 2580 1142 2633 ad
1177 2595 1356 2649 spem,
1386 2578 1436 2633 id
1465 2588 1570 2645 est,
1624 2580 1693 2634 ad

98 2667 263 2734 ipsam
311 2668 577 2725 visionem
598 2685 702 2739 qua
735 2671 1037 2741 perducens
1081 2673 1274 2729 ductus
1316 2681 1420 2739 est,
1467 2688 1690 2744 regnum

99 2762 319 2817 tradere
345 2764 457 2817 Deo
477 2773 530 2818 et
556 2763 727 2818 Patri.

163 2850 255 2905 15.
290 2853 540 2908 Αιωιοε.
580 2853 710 2909 Cum
736 2855 1035 2909 tradiderit.
1068 2854 1238 2912 Nemo
1269 2857 1497 2925 dubitet
1522 2857 1691 2913 filium

1800 1659 1901 1713 nisi
1942 1675 2041 1730 ego
2091 1676 2185 1716 ero
2226 1662 2367 1715 unde
2405 1663 2705 1717 satientur?
2744 1663 2856 1734 Ego
2907 1680 3001 1719 cro
3042 1680 3376 1736 qumcunque

1798 1750 1865 1804 ab
1890 1751 2197 1807 hominibus
2223 1753 2447 1807 honeste
2476 1752 2875 1819 desiderantur,
2908 1764 2961 1808 et
2984 1756 3115 1821 vita,
3134 1766 3188 1811 et
3208 1758 3376 1825 salus,

1796 1851 1850 1895 et
1881 1842 2074 1908 victus,
2105 1853 2157 1899 et
2200 1844 2379 1914 copia,
2407 1853 2461 1899 ct
2513 1844 2707 1915 gloria,
2738 1854 2792 1900 et
2838 1845 3030 1915 honor,
3061 1857 3114 1902 et
3143 1864 3270 1918 pax,
3325 1860 3380 1904 et

1797 1934 1975 1987 omnia
2004 1936 2164 1993 bona.

1866 2025 1955 2079 25.
1988 2027 2227 2083 Auanos.
2253 2028 2498 2099 Alioquin
2537 2029 2663 2099 quid
2699 2030 2921 2099 faciunt.
2953 2030 3213 2102 Exemplo
3254 2033 3376 2095 hoc,

1797 2132 1903 2170 non
1948 2116 2144 2173 factum
2184 2119 2396 2174 illorum
2422 2120 2635 2190 probat,
2666 2121 2759 2176 sed
2796 2120 2956 2175 lixam
2986 2123 3143 2177 fidem
3196 2125 3245 2179 in
3296 2140 3379 2180 νας

1796 2212 2131 2264 surreclione
2160 2211 2417 2265 ostendit.

1863 2302 1953 2355 24.
1979 2302 2177 2357 [ΑΜ-η.
2209 2304 2311 2356 Pro
2336 2305 2569 2357 mortuis.
2596 2304 2701 2358 Pro
2728 2304 2954 2359 mortuis
2977 2306 3107 2360 dicit
3138 2310 3379 2375 peccatis

1794 2403 2036 2447 mortuos
2064 2395 2364 2463 agentibus,
2395 2396 2532 2448 sicut
2561 2397 2626 2449 ad
2657 2395 2937 2461 Hebraeos,
2965 2396 3372 2452 fundamentum

1794 2484 2128 2554 ptenitentia:
2152 2486 2219 2539 ab
2250 2485 2502 2556 operibus
2529 2489 2776 2543 mortuis.
2813 2490 2952 2544 Dicit
2974 2506 3138 2562 ergo:
3173 2490 3230 2545 Si
3266 2506 3371 2546 non

1794 2586 1878 2631 est
1905 2578 2238 2633 resurrectio
2299 2588 2655 2643 mortuorum,
2694 2579 2837 2648 quid
2880 2578 3083 2635 facient
3142 2582 3231 2644 qui
3280 2596 3377 2651 per

1795 2669 2165 2724 remissionem
2218 2681 2561 2739 peccatorum
2623 2687 2841 2726 suorum
2920 2673 3262 2740 baptizantur
3316 2672 3387 2725 in.

1794 2763 2112 2823 memoriam
2140 2761 2327 2815 mortis
2348 2769 2402 2815 et
2424 2762 2838 2815 resurrectionis
2861 2760 3086 2829 Christi,
3121 2769 3374 2830 putantes

1794 2855 1917 2923 quia
1952 2864 2006 2907 et
2061 2853 2159 2923 ipsi
2220 2853 2577 2908 resurrecturi
2640 2852 2784 2907 sint?
2838 2854 3169 2924 Abuegaturi
3227 2853 3374 2909 enim

98 2954 460 3013 regnaturum
490 2960 703 3015 semper
738 2962 859 3001 cum
892 2946 1077 3013 Patre,
1127 2949 1229 3003 hoc
1268 2958 1351 3002 est
1398 2949 1541 3003 enim
1575 2967 1692 3021 reg.
1725 2937 1766 2996 Β
1795 2952 1921 2999 sunt
1968 2943 2318 3013 baptismum,
2356 2953 2409 3000 et
2464 2945 2720 3000 mutaturi
2772 2946 2948 3011 tidem,
2981 2946 3122 3017 quod
3156 2945 3375 3001 sacrile-

103 3049 221 3087 nnm
250 3035 476 3090 tradere
511 3035 619 3090 Deo
656 3045 712 3090 et
747 3036 913 3101 Patri,
949 3037 1233 3092 ostendere
1267 3038 1440 3107 ipsum
1474 3053 1597 3095 esse
1627 3057 1693 3094 ex

100 3142 201 3188 quo
228 3128 422 3183 omnis
471 3130 767 3199 pateruitas
819 3130 874 3185 in
918 3129 1056 3187 coelo
1109 3138 1162 3186 ct
1218 3131 1270 3187 in
1328 3139 1467 3187 terra
1523 3134 1694 3188 nomi-

102 3226 280 3272 hillill'.

168 3308 256 3362 lli.
312 3307 513 3367 ιΑΝιιἸι.
571 3309 703 3365 Cum
746 3312 1042 3367 tradiderit.
1073 3312 1272 3368 Tradet
1315 3312 1562 3368 Christus
1604 3330 1695 3369 rc-

108 3416 303 3469 gnum,
341 3402 392 3456 id
424 3411 527 3466 est,
565 3405 617 3458 in
645 3420 781 3474 quos
812 3406 922 3476 ipse
953 3407 1214 3477 regnavit,
1246 3407 1355 3462 Deo
1383 3408 1435 3461 in
1470 3407 1575 3462 ﬁne
1597 3423 1693 3463 scc-

102 3494 207 3560 culi
260 3510 389 3549 cum
433 3497 734 3552 ostenderit
786 3497 1109 3564 Eeclesiam,
1162 3514 1258 3553 sua
1309 3507 1363 3553 ct
1413 3514 1690 3554 servorum

103 3599 330 3639 suorum
358 3589 744 3656 praedicatione
769 3590 833 3644 ad
868 3590 1033 3643 Deum
1066 3606 1406 3645 conversam.

172 3678 275 3735 17..
292 3681 535 3735 Auccsr.
558 3682 732 3749 (ibid.,
760 3697 810 3737 c.
827 3681 1050 3752 8).Cum
1071 3684 1413 3745 evacttacerit,
1436 3681 1485 3736 id
1504 3692 1607 3749 est,
1633 3692 1688 3738 ut

107 3768 218 3841 (aL,
272 3770 413 3843 nun]
447 3773 516 3826 sit
547 3790 651 3827 non
706 3776 1016 3829 necessaria
1071 3776 1402 3845 dispensatio
1441 3775 1691 3830 similitu-

105 3861 283 3918 dinum
317 3876 417 3930 per
436 3863 707 3934 angtllcos
735 3866 1089 3935 principatus.

168 3954 252 4009 18.
292 3953 502 4009 Lsxra.
535 3952 664 4009 Cum
690 3958 1035 4015 evacuarerit.
1065 3956 1162 4013 Vel
1207 3956 1491 4014 evacuabit
1533 3956 1690 4012 Chri-

106 4052 213 4099 stus
243 4044 304 4100 in
342 4045 453 4101 line
484 4046 665 4101 saeculi
713 4063 930 4103 onmem
983 4050 1281 4105 daemonum
1329 4053 1685 4123 principatum

106 4145 153 4188 et
179 4145 527 4205 potestatem,
559 4138 684 4208 quia
717 4139 859 4195 ultra
896 4157 1001 4197 non
1040 4142 1316 4197 habebunt
1363 4152 1683 4213 potestatem

110 4228 368 4291 tentandi,
405 4237 460 4281 et
488 4229 541 4283 iu
576 4231 926 4285 tentationem
959 4232 1243 4288 inducendi
1272 4249 1457 4289 servos
1492 4236 1609 4290 Dei.

1797 3053 1920 3108 gum
1949 3045 2051 3092 est.
2080 3036 2126 3091 A
2164 3038 2486 3108 quibusdam
2517 3038 2735 3107 dicitur,
2770 3048 2826 3094 et
2856 3039 3119 3108 scriptum
3173 3038 3375 3109 reperi-

1796 3136 1887 3182 tur
1936 3128 2104 3185 fuisse
2165 3129 2428 3199 quosdam
2482 3130 2781 3199 imperitos,
2826 3131 2916 3200 qui
2971 3132 3374 3200 baptizareutur

1795 3235 1892 3289 pro
1925 3220 2008 3274 his
2051 3221 2143 3291 qui
2192 3221 2258 3276 de
2303 3221 2402 3275 hac
2432 3222 2539 3275 vita
2584 3222 2702 3277 sine
2749 3222 3017 3292 baptismo
3045 3224 3369 3295 eommigra~

1794 3314 1923 3368 baut
1965 3333 1976 3368 :
2034 3323 2284 3384 putantes
2324 3315 2452 3384 quia
2511 3314 2634 3370 talis
2671 3329 2858 3369 eorum
2902 3315 3200 3384 baptismus
3247 3332 3372 3380 ιη·οο

1796 3404 1949 3457 desse
1976 3414 2155 3473 posset
2182 3404 2266 3458 his
2315 3404 2406 3473 qui
2465 3405 2580 3459 sine
2607 3404 2875 3474 baptismo
2902 3405 3293 3467 moriebantur,
3320 3416 3373 3460 et

1793 3492 1861 3547 ob
1894 3493 1993 3546 hoc
2018 3508 2136 3547 csse
2167 3494 2369 3548 dictum
2426 3511 2438 3547 :
2496 3494 2637 3559 Quid
2669 3494 2858 3563 facient
2909 3495 2999 3563 qui
3043 3493 3387 3562 baptisautnrr‘

1791 3599 1885 3652 pro
1913 3576 2170 3637 mortuis?
2200 3583 2304 3637 Sed
2338 3600 2441 3638 non
2469 3592 2554 3638 est
2578 3583 2903 3638 credendum
2940 3584 3008 3637 ab
3050 3584 3372 3637 auctoritate

1793 3674 2079 3727 stultorum
2110 3674 2342 3730 voluisse
2387 3675 2703 3746 Apostolum
2736 3676 2987 3745 probare,
3022 3674 3163 3744 quod
3191 3682 3371 3729 tauto-

1791 3782 1919 3837 pere
1948 3768 2087 3837 apud
2108 3766 2367 3837 plurimos
2398 3768 2696 3823 habebatur
2722 3769 3005 3825 incertum.

1860 3858 1949 3911 25.
1996 3856 2104 3911 Pro
2134 3860 2374 3913 mortuis.
2416 3859 2521 3914 Pro
2545 3860 2794 3925 mortuis,
2823 3860 2874 3914 id
2906 3870 3009 3925 est,
3042 3861 3195 3929 quasi
3227 3875 3372 3914 mor~

1792 3959 1939 4005 tuus.
1968 3950 2277 4021 Baptismus
2305 3952 2449 4006 enim
2486 3957 2657 4020 tlgura
2695 3962 2775 4008 est
2804 3954 3011 4010 mortis.
3053 3954 3199 4009 Nihil
3228 3955 3372 4009 valet

1791 4042 1841 4095 in
1886 4042 2154 4111 baptismo
2215 4042 2384 4113 ﬁgura
2433 4044 2625 4099 mortis
2672 4054 2728 4099 et
2773 4045 3206 4110 resurrectiOnis,
3258 4046 3363 4099 nisi

1788 4134 1966 4189 futura
2007 4146 2152 4190 esset
2212 4144 2331 4205 post
2376 4145 2605 4191 mortem
2682 4151 2812 4192 vera
2855 4152 3139 4207 corporum
3191 4152 3370 4192 resur-

1790 4229 1980 4283 rectio.
2029 4227 2133 4282 Sed
2170 4244 2276 4282 non
2315 4236 2398 4284 est
2443 4228 2621 4284 inanis
2663 4230 2715 4284 in
2766 4229 3004 4286 Ecclesia
3053 4230 3391 4285 constitutio-

168 4316 254 4372 19.
298 4316 480 4372 Donec
521 4329 679 4386 ponat
721 4338 920 4376 omnes.
976 4322 1147 4379 Ponet
1194 4323 1444 4379 Christus
1499 4340 1687 4380 oumes
1714 4289 1757 4349 Ο
1793 4322 1934 4380 talis.

109 4405 356 4467 inimicos
384 4426 533 4477 suos,
557 4425 684 4469 ante
712 4415 856 4469 diem
884 4415 1072 4484 judicii
1125 4416 1225 4472 sub
1267 4418 1494 4485 pedibus
1549 4420 1685 4484 suis,

108 4503 219 4570 quia
253 4504 398 4560 alios
419 4505 484 4559 ad
510 4505 668 4561 ﬁdem
706 4517 1005 4572 convertet,
1031 4510 1168 4564 alios
1194 4510 1390 4564 inferni
1434 4510 1687 4567 claustris

110 4600 317 4659 trs-fet,
350 4611 456 4649 non
493 4596 628 4651 ultra
678 4600 801 4665 sibi,
851 4601 935 4655 vel
990 4602 1161 4656 servis
1232 4602 1683 4659 contradicturos.

110 4683 370 4757 Regnabit
401 4699 581 4744 autem
611 4700 665 4746 et
690 4702 895 4762 postea,
926 4694 1020 4749 sed
1046 4695 1113 4749 de
1155 4693 1258 4749 hoc
1284 4703 1524 4765 tempore
1565 4710 1684 4749 am-

110 4778 321 4848 biguum
349 4797 470 4837 esse
499 4793 727 4852 poterat.
1451 4791 1465 4805 ’

170 4872 258 4930 20.
298 4872 597 4930 Novissime
619 4888 813 4931 autem.
840 4874 898 4931 lu
934 4877 1228 4933 novissimo
1260 4878 1348 4934 die
1378 4879 1684 4934 destruetur

112 4977 268 5029 n'ors,
308 4967 436 5036 quia
469 4981 566 5021 nec
597 4968 846 5024 homines
901 4968 1040 5024 ultra
1095 4971 1417 5040 peccabunt,
1451 4986 1548 5026 nec
1576 4971 1681 5025 ulla

113 5070 328 5124 corpora
363 5059 507 5112 ultra
540 5061 857 5115 morientur.

166 5146 247 5200 2t.
264 5147 503 5203 Ληουεῖ.
521 5147 969 5210 (lib.LXXXIlI.
991 5150 1189 5216 Quwst.
1206 5161 1393 5221 qumst.
1410 5152 1521 5221 69).
1538 5151 1681 5207 Tunc

113 5232 205 5296 ipse
229 5236 426 5292 Filius.
453 5238 789 5295 Manifestum
814 5249 896 5297 est
916 5257 1044 5313 ergo
1070 5243 1172 5297 hoc
1193 5244 1483 5298 secundum
1508 5259 1684 5299 susce-

115 5326 337 5389 ptionem
360 5328 594 5386 hominis
619 5331 819 5385 dictum
853 5333 969 5400 (ib.,
998 5333 1157 5402 paulo
1183 5331 1368 5403 infra).
1400 5333 1533 5388 Cum
1587 5351 1681 5387 au-

119 5424 208 5472 Ictu
254 5419 305 5473 ei
334 5421 515 5473 omnia
547 5422 789 5491 subjecta
840 5421 1058 5487 fuerint,
1109 5432 1234 5479 tunc
1274 5431 1328 5477 ct
1373 5423 1485 5494 ipse
1512 5422 1680 5479 Filius

116 5511 375 5581 subjectus
400 5513 505 5567 erit
532 5514 603 5580 ei,
636 5514 726 5584 qui
753 5514 853 5569 sibi
886 5516 1116 5584 subjecit
1158 5516 1360 5581 omnia,
1388 5531 1492 5571 non
1523 5518 1676 5586 quasi

117 5604 261 5659 modo
286 5621 393 5661 non
422 5606 493 5661 ita
517 5608 607 5671 sit,
634 5607 727 5662 sed
755 5607 1096 5662 manifestum
1126 5608 1252 5663 erit.

175 5696 259 5751 22.
283 5697 524 5755 Aucusr.
562 5699 674 5771 (lib.
705 5716 817 5755 nu
853 5699 930 5754 De
984 5701 1120 5755 civit.
1153 5700 1265 5765 Dei,
1317 5716 1368 5756 c.
1398 5701 1485 5765 '50,
1510 5710 1553 5756 t.
1588 5700 1676 5771 ν.)

1858 4412 1927 4466 26
1982 4410 2047 4465 Ut
2072 4412 2197 4481 quid
2226 4421 2272 4466 et
2303 4412 2654 4482 baptisantur.
2687 4412 2843 4477 Item,
2873 4413 3063 4481 probat
3095 4412 3257 4467 idem.
3282 4412 3361 4476 Si,

1788 4506 2003 4574 inquit,
2049 4505 2245 4558 mortui
2301 4521 2405 4559 non
2467 4513 2771 4576 resurgunt,
2812 4505 2939 4573 quid
3003 4503 3203 4559 facient
3269 4508 3363 4574 qui

1788 4597 2132 4665 baptizantur
2154 4612 2252 4666 pro
2281 4596 2542 4650 mortuis?
2568 4596 2618 4650 id
2647 4607 2747 4659 est,
2783 4596 2915 4650 nihil
2940 4598 3156 4664 prodest
3186 4598 3363 4667 bapti-

1789 4688 1924 4752 zari,
1969 4696 2026 4741 ut
2066 4688 2134 4743 sit
2176 4689 2318 4741 idem
2369 4688 2512 4757 quod
2555 4688 3005 4761 diciturpostea,
3049 4689 3094 4742 sl
3140 4691 3358 4743 omniuc

1789 4781 1985 4836 mortui
2019 4796 2124 4836 non
2157 4789 2472 4852 resurgunt,
2500 4780 2701 4849 utquid
2727 4780 3070 4848 baptizantur
3095 4795 3193 4849 pro
3224 4779 3356 4834 illis.

1786 4876 1869 4931 vel
1912 4876 1987 4930 ita
2036 4894 2049 4929 :
2098 4875 2140 4930 si
2182 4874 2310 4929 nulli
2356 4873 2554 4927 mortui
2597 4884 2908 4943 resurgunt,
2959 4887 3059 4926 nec
3104 4872 3360 4938 baptizati

1784 4967 2018 5030 mortui;
2068 4974 2123 5020 et
2167 4965 2212 5019 si
2262 4963 2518 5033 liaptizati
2564 4963 2763 5016 mortui
2804 4978 2911 5017 non
2951 4972 3257 5034 resurgunt,
3302 4972 3361 5014 ut

1785 5060 1912 5129 quid
1957 5058 2344 5129 baptizantur?
2379 5058 2533 5121 ltem,
2575 5056 2618 5111 si
2664 5057 2860 5110 mortui
2905 5072 3009 5110 non
3049 5063 3373 5124 resurgunt,

1786 5149 1992 5218 utquid
2023 5157 2077 5202 et
2116 5162 2214 5202 nos
2250 5146 2620 5216 periclitamur
2647 5148 2790 5199 oniui
2826 5145 2993 5199 hora?
3026 5145 3077 5197 id
3107 5153 3207 5206 est,
3240 5142 3359 5196 fru-

1784 5252 1893 5296 stra
1921 5241 2157 5310 patimur
2179 5239 2420 5308 quotidie
2448 5237 2681 5309 pericula
2718 5238 2770 5291 in
2799 5252 2893 5306 spe
2923 5236 3356 5292 resurrectionis.

1782 5333 1936 5400 Item,
1981 5334 2026 5387 si
2075 5331 2271 5387 mortui
2313 5348 2416 5386 non
2464 5340 2753 5399 resurgunt
2798 5330 2927 5398 quid
2965 5328 3091 5382 mihi
3136 5328 3355 5397 prodest

1783 5427 1922 5495 quod
1958 5425 2192 5495 pugnavi
2224 5434 2407 5479 contra
2448 5422 2647 5477 bestias
2675 5418 2869 5492 Ephesi
2899 5427 3158 5490 quantum
3190 5418 3352 5474 homo
3378 5456 3381 5459 ν

1781 5519 1991 5588 po'est?
2025 5517 2178 5571 nihil.
3194 5580 3197 5581 ν

1854 5608 1943 5661 27.
1992 5608 2230 5662 Animos.
2288 5604 2354 5659 Ut
2401 5606 2526 5676 quid
2578 5614 2626 5658 et
2670 5619 2783 5657 nos.
2841 5601 3077 5657 Dicendo
3129 5611 3181 5659 et
3230 5620 3348 5668 nos,

1785 5699 2039 5754 discrevit
2071 5713 2347 5768 personas,
2393 5695 2683 5749 ostendens
2734 5709 2838 5748 non
2893 5695 3188 5751 catholicos
3229 5712 3350 5751 esse

124 5784 176 5839 [ι
210 5792 271 5844 sit
293 5790 432 5847 Deus
461 5794 651 5847 omnia.
672 5793 822 5856 .Quid
850 5796 993 5849 enim
1024 5794 1167 5849 aliud
1226 5811 1319 5860 per
1365 5796 1678 5861 prophetam
1714 5782 1755 5835 ι)
1782 5790 1870 5859 qui
1910 5806 2006 5860 pro
2036 5792 2260 5845 mortuis
2290 5786 2718 5857 baptizabantur.
