3880 6306
549 329 655 407 att
1577 341 1636 398 Β.
1670 334 2059 401 LANFRANCI

2251 343 2443 401 FUAR.
2487 342 2805 401 ARCHlEP.
3005 356 3011 361 ‘
3691 338 3783 396 ’2δὲ

551 460 711 517 quam
741 447 916 505 habeo
946 448 1000 505 in
1042 450 1263 509 Christo
1291 452 1416 511 Jesu
1452 456 1682 511 Domino
1711 466 1917 513 nostro.
1950 458 2039 522 28,
2078 457 2168 513 29.
2214 458 2270 513 Si
2318 458 2636 530 (secundum
2670 455 2968 528 hominem)
2998 456 3065 511 ad
3094 454 3306 511 bestias
3335 449 3574 523 pugnavi
3604 450 3783 523 Ephesi.

549 538 680 608 quid
707 541 838 595 mihi
879 543 1119 612 prodest,
1150 545 1195 600 si
1225 548 1424 602 mortui
1468 562 1577 603 non
1616 550 1939 619 resurgunt?
1968 549 2181 620 (ironia)
2208 548 2615 614 Manducemus,
2657 558 2709 603 et
2740 547 2987 602 bibamus
3017 544 3083 617 (si
3122 544 3323 599 mortui
3350 559 3456 596 non
3484 546 3770 611 resurgunt),

550 649 676 689 cras
707 632 859 688 enim
877 637 1192 693 moriemur.
1220 638 1309 694 50.
1344 638 1519 696 Nolite
1549 641 1755 705 seduci,
1789 652 2143 712 corrumpunt
2172 658 2351 697 mores
2382 643 2554 697 bonos
2583 640 2848 709 colloquia
2879 638 3038 693 mala.
3073 636 3361 707 Evigilate,
3391 634 3550 703 justi,
3575 645 3625 688 et
3651 636 3784 690 nolite

548 740 809 796 peccare;
840 727 929 782 51.
960 729 1317 799 ignorantiam
1342 733 1489 786 enim
1512 732 1607 787 Dei
1638 734 1859 804 quidam
1892 733 2111 797 habent,
2135 734 2227 789 52.
2257 734 2324 789 ad
2352 734 2734 800 reverentiam,
2765 736 2833 788 ad
2870 732 3263 795 verecundiam,
3289 730 3452 785 vobis
3478 728 3673 800 loquor.
3700 729 3783 783 Sed

549 813 694 870 dicet
740 815 933 886 aliquis
965 836 979 871 :
1013 819 1292 886 Quomodo
1328 833 1617 895 resurgunt
1645 826 1882 881 mortui?
1928 824 2154 892 Qualive
2199 841 2431 897 corpore
2458 827 2709 883 veniant?
2745 826 2801 890 (α
2829 825 2992 880 simili
3038 823 3265 879 ostendit
3298 837 3527 892 corpora
3546 821 3783 875 hominum

546 906 870 962 immortalia
899 920 1275 978 resurrectura,
1314 924 1361 967 et
1392 915 1839 985 incorruptibilia,
1868 934 1987 971 rum
2022 918 2341 987 sepeliantur
2361 917 2769 989 corruptibilia.)
2809 916 3092 986 lnsipiens,
3139 924 3193 970 tu
3243 914 3397 985 quod
3441 914 3669 969 semiuas
3703 927 3782 966 nou

552 998 884 1066 vivificatur,
917 1003 1020 1058 nisi
1048 1005 1198 1074 prius
1228 1008 1512 1062 moriatur.
1544 1008 1611 1063 Et
1634 1010 1777 1078 quod
1806 1011 2064 1075 seminas,
2096 1026 2207 1066 non
2239 1025 2438 1081 corpus
2462 1010 2607 1079 quod
2635 1009 2876 1065 futurum
2906 1018 3010 1074 est,
3040 1008 3308 1073 semiuas,
3344 1006 3445 1061 sed
3477 1006 3666 1059 nudum
3691 1019 3783 1075 gra-

552 1103 705 1156 num,
735 1101 792 1146 ut
817 1102 943 1161 puta
974 1094 1162 1159 tritici,
1198 1110 1296 1152 aut
1321 1099 1547 1168 alicujus
1579 1109 1917 1156 cancrorum.
1945 1101 2090 1157 Deus
2111 1110 2295 1158 autem
2320 1102 2414 1157 dat
2446 1101 2520 1157 illi
2546 1116 2763 1171 corpus,
2792 1101 2933 1156 sicut
2960 1100 3093 1164 vult,
3126 1098 3217 1153 55.
3251 1106 3311 1153 et
3330 1096 3626 1165 unicuique
3655 1096 3781 1149 semi-

549 1193 678 1234 num
704 1184 977 1252 proprium
1008 1202 1222 1257 corpus.
1257 1187 1545 1262 (Induclio)
1576 1191 1665 1258 54,
1704 1191 1792 1247 55.
1826 1191 1940 1248 Non
1967 1193 2147 1249 omnis
2168 1208 2301 1251 caro
2325 1193 2571 1264 (ostendit
2604 1194 2887 1263 dignitates
2919 1204 3195 1262 corporum
3224 1189 3612 1259 resurgentium
3639 1188 3780 1241 direr-

548 1287 636 1324 sas
669 1273 803 1343 fore,
847 1292 940 1345 pro
981 1279 1285 1334 meritorum
1312 1280 1508 1337 scilicet
1529 1283 1736 1339 diversa
1756 1284 2036 1356 qualitate)
2058 1287 2249 1342 eadem
2280 1301 2443 1353 caro;
2477 1286 2571 1341 sed
2605 1286 2709 1341 alia
2728 1286 2948 1355 quidem
2974 1281 3255 1338 hominum
3281 1281 3342 1351 (a
3373 1295 3433 1334 re
3463 1278 3681 1347 probat),
3701 1278 3778 1330 alia

550 1374 685 1419 vero
713 1380 991 1435 pecorum,
1021 1369 1122 1422 alia
1168 1370 1470 1437 volucrum,
1514 1372 1618 1428 alia
1660 1384 1840 1429 autem
1885 1375 2137 1444 piscium.
2180 1376 2248 1431 Et
2281 1390 2510 1447 corpora
2550 1374 2814 1441 ctelestia,
2844 1373 2945 1441 sol,
2985 1372 3134 1438 luna,
3165 1378 3221 1427 et
3252 1383 3496 1439 corpora
3524 1366 3781 1427 terrestria,

548 1460 745 1513 scilicet
777 1469 930 1524 sunt;
977 1460 1068 1515 sed
1100 1461 1205 1517 alia
1248 1465 1466 1533 quidem
1504 1466 1805 1522 caelestium
1849 1468 2038 1538 gloria,
2086 1468 2190 1523 alia
2229 1478 2408 1523 autem
2456 1467 2813 1524 terrestrium.
2845 1465 2961 1519 Alia
3001 1464 3227 1520 claritas
3271 1462 3429 1527 solis,
3462 1459 3564 1514 alia
3604 1457 3781 1514 claritas

547 1553 710 1621 lunae,
745 1562 800 1608 et
825 1552 929 1607 alia
954 1554 1172 1609 claritas
1203 1556 1505 1615 stellarum.
1539 1560 1706 1615 Stella
1739 1563 1883 1615 enim
1912 1577 1942 1615 a
1969 1562 2121 1616 stella
2154 1562 2333 1618 differt
2362 1564 2414 1617 in
2443 1562 2719 1627 claritate;
2742 1561 3011 1631 differens,
3052 1559 3244 1630 inquit,
3279 1557 3507 1612 claritas
3533 1554 3780 1617 stellarum,

550 1645 674 1715 quia
702 1661 929 1713 peream
952 1646 1127 1714 differt
1162 1646 1311 1701 stella
1336 1666 1365 1701 a
1388 1649 1557 1703 stella.
1586 1651 1695 1721 82
1730 1651 1805 1704 Ab
1833 1650 2050 1720 e/j’ectu;
2072 1650 2151 1706 sic
2183 1660 2237 1707 et
2259 1652 2583 1707 resurrectio
2609 1658 2963 1713 mortuorum,
2992 1647 3187 1703 scilicet
3223 1646 3411 1717 differt
3449 1661 3550 1699 non
3575 1644 3716 1698 solum
3734 1644 3773 1693 in

549 1735 797 1792 claritate
832 1737 1159 1803 meritorum,
1197 1739 1287 1793 sed
1325 1741 1483 1793 etiam
1514 1759 1811 1812 corporum.
1852 1742 1941 1798 56.
1986 1741 2299 1798 Seminatur
2326 1745 2379 1798 in
2423 1744 2795 1815 corruptione,
2839 1743 2895 1797 id
2929 1751 3026 1809 est,
3073 1741 3307 1794 moritur
3345 1749 3393 1793 et
3434 1737 3665 1807 sepelitur
3697 1751 3781 1789 cor-

553 1829 819 1900 ruptibile,
848 1840 1033 1900 surget
1060 1832 1111 1884 iu
1139 1831 1561 1902 inccrruptionc,
1596 1836 2004 1906 incorruptibile.
2036 1835 2349 1891 Seminatur
2376 1836 2427 1891 in
2454 1835 2806 1909 ignobilitate,
2830 1834 3084 1906 ignobile;
3110 1841 3304 1904 surget
3330 1832 3384 1887 in
3413 1831 3602 1903 gloria,
3627 1830 3777 1900 glorio-

556 1937 698 1976 sum.
740 1920 1051 1977 Seminatur
1091 1924 1520 1992 iu-inllrmitate,
1551 1928 1856 1997 inﬁrmum;
1883 1938 2068 2000 surget
2128 1928 2181 1984 in
2224 1930 2443 1997 virtute,
2472 1931 2624 2001 forte.
2675 1930 2765 1995 57,
2814 1929 2903 1985 58.
2952 1927 3269 1984 Seminatur
3312 1938 3516 1995 corpus
3560 1922 3769 1985 animale,

556 2024 746 2085 surget
788 2029 983 2085 corpus
1028 2015 1287 2087 spiritale.
1338 2019 1425 2085 59,
1469 2019 1560 2073 40.
1606 2020 1662 2075 Si
1707 2029 1789 2076 est
1836 2037 2037 2092 corpus
2062 2022 2316 2088 animale,
2353 2032 2437 2079 est
2478 2032 2533 2079 et
2576 2023 2842 2094 spiritale,
2905 2020 2992 2075 4|.
3055 2020 3196 2077 sicut
3235 2018 3508 2087 scriptum
3540 2023 3617 2071 est
3649 2031 3660 2065 :
3697 2011 3766 2065 42.

558 2110 762 2168 Factus
789 2118 871 2166 est
902 2112 1108 2180 primus
1149 2112 1312 2167 homo
1341 2113 1512 2169 Adam
1558 2115 1609 2169 in
1660 2117 1896 2171 animam
1926 2117 2218 2182 viventem,
2262 2118 2488 2183 vitalem,
2530 2117 2620 2172 45.
2660 2115 2986 2189 novissimus
3034 2113 3207 2169 Adam
3257 2113 3313 2167 in
3360 2111 3604 2181 spiritum
3636 2105 3771 2160 viviﬁ-

560 2210 795 2258 cantem.
832 2201 922 2256 44.
967 2200 1075 2258 Sed
1126 2217 1229 2258 non
1268 2204 1417 2275 prius
1461 2204 1605 2277 quod
1650 2206 1893 2278 spiritale
1937 2218 2041 2275 est,
2074 2212 2168 2266 sed
2198 2211 2341 2280 quod
2372 2208 2637 2275 animale;
2667 2208 2862 2267 deinde
2906 2206 3051 2278 quod
3078 2202 3351 2276 spiritale.
3400 2202 3605 2257 Primus
3644 2200 3769 2254 homo

1902 2343 2471 2402 COMMENTARIUS»

620 2452 713 2509 28.
756 2451 816 2508 Si
850 2452 1135 2508 secundum
1164 2454 1445 2520 hominem,
1475 2456 1527 2510 id
1562 2466 1666 2521 est,
1705 2458 1998 2513 secundum
2030 2460 2130 2512 hu-
2160 2464 2211 2523 Α
2238 2461 2330 2516 Dei
2408 2458 2795 2529 incorruptela.
2871 2454 3011 2528 Ergo
3103 2454 3193 2510 isti
3274 2470 3385 2510 non
3470 2449 3769 2525 possidebunt

552 2559 775 2599 manum
796 2559 1038 2610 sensum,
1064 2545 1156 2615 qui
1181 2555 1240 2600 ut
1262 2545 1521 2616 carojam
1552 2549 1785 2604 resoluta
1811 2549 2139 2607 reformetur
2240 2554 2392 2610 illud.

556 2637 624 2692 ad
645 2636 815 2691 Vitam
839 2636 1061 2689 minime
1090 2637 1283 2691 credit.
2302 2646 2400 2703 37.
2460 2644 2702 2700 Annos.
2762 2642 3069 2699 Seminatur
3134 2658 3329 2712 corpus
3396 2637 3630 2695 animale.
3678 2634 3771 2689 Aui-

598 2728 714 2786 '39.
756 2729 958 2783 Luca.
1000 2726 1059 2782 Si
1091 2728 1378 2783 secundum
1406 2730 1689 2799 hominem,
1722 2731 1775 2786 id
1810 2741 1913 2798 est,
1943 2747 2138 2788 secun-
2242 2738 2383 2794 male
2413 2752 2608 2807 corpus
2650 2743 2749 2796 est,
2800 2734 2927 2789 dum
2970 2732 3108 2789 cibis
3148 2741 3508 2795 sustentatur,
3552 2739 3603 2783 ut
3627 2728 3765 2785 vivat;

555 2822 689 2877 dum
728 2823 870 2891 quod
914 2822 1079 2875 homo
1113 2819 1256 2877 ferre
1303 2831 1505 2894 potest.
1556 2823 1637 2877 Ad
1686 2824 1897 2891 bestias,
1937 2825 1989 2881 id
2034 2833 2137 2891 est,
2242 2828 2544 2901 spirituale,
2581 2843 2704 2883 cum
2750 2825 2885 2881 nihil
2939 2824 3133 2881 borum
3176 2824 3383 2897 indiget
3425 2816 3767 2879 convcrsumin

554 2922 746 2968 contra
775 2914 1027 2969 bestiales
1051 2913 1317 2981 homines,
1341 2915 1536 2987 Ephesi
1562 2916 1694 2971 haec.
1716 2956 1729 2970 .
1750 2955 1762 2970 .
1783 2956 1796 2971 .
1815 2955 1828 2970 .
1847 2956 1862 2971 .
1882 2956 1895 2971 .
1918 2956 1932 2971 .
1950 2958 1964 2973 .
1986 2956 1999 2971 .
2019 2957 2032 2971 .
2054 2958 2068 2970 .
2087 2957 2099 2971 .
2122 2958 2136 2973 .
2244 2922 2427 2975 vitam.

557 3004 982 3074 disputationum
1014 3014 1070 3059 et
1095 3006 1382 3062 verborum
1412 3007 1758 3078 intelligenda
1785 3021 1888 3065 est.
2313 3014 2400 3069 58.
2440 3013 2642 3081 Ltsrn.
2685 3009 2993 3067 Seminatur
3037 3024 3230 3078 corpus
3279 3002 3527 3061 animale.
3575 2997 3764 3093 Essentia

629 3097 720 3154 50.
766 3096 945 3152 Nolite
973 3100 1168 3154 seduci.
1212 3100 1389 3157 Nolite
1414 3102 1763 3172 acquiescere
1790 3103 1946 3159 malis
1972 3104 2137 3160 collo-
2245 3104 2332 3160 illa
2378 3117 2482 3174 qua
2522 3104 2819 3158 humanum
2867 3113 3064 3170 corpus
3104 3097 3440 3159 viviﬁcatur,
3480 3108 3545 3147 ex
3584 3103 3672 3159 qua
3707 3100 3766 3139 sm

558 3190 701 3261 quiis
724 3182 1160 3271 persuadendum
1190 3192 1344 3248 vobis
1379 3192 1835 3249 resurrectionem
1868 3211 1972 3250 non
2018 3211 2141 3251 esse
2245 3208 2397 3268 parte
2419 3195 2658 3251 viviﬁcat
2682 3203 2735 3250 et
2774 3206 2986 3249 terrena
3017 3191 3243 3262 appetit,
3284 3189 3463 3244 anima
3488 3184 3688 3280 dicitur;
3708 3177 3764 3280 ξι

554 3279 826 3348 futuram;
878 3281 991 3350 ipsa
1043 3281 1187 3335 enim
1231 3281 1373 3336 mala
1421 3282 1689 3354 colloquia
1737 3301 1919 3341 mores
1968 3286 2139 3342 bonos
2244 3307 2350 3362 qua
2387 3299 2567 3345 autem
2593 3287 2674 3344 sui
2700 3298 2870 3358 parte,
2898 3284 3108 3339 ratione
3141 3283 3316 3337 utitur
3342 3289 3399 3337 et
3428 3280 3585 3335 Deum
3615 3271 3764 3372 diligit.

555 3380 929 3440 corrumpeut,
960 3372 1103 3441 quod
1132 3372 1329 3429 ibidem
1360 3386 1389 3425 a
1415 3386 1612 3443 genere
1634 3376 1920 3445 probatur.
2244 3382 2526 3438 rationalis
2571 3380 2893 3450 appellatur.
2939 3376 3077 3431 llinc
3121 3375 3328 3430 dicitur
3374 3393 3387 3428 :
3431 3370 3762 3427 Seminaturin

626 3462 716 3518 51.
758 3462 1124 3533 lgiwrantiam
1154 3464 1312 3517 enim.
1343 3462 1508 3531 Quasi
1538 3464 1785 3522 diceret:
1820 3465 2016 3521 Moneo
2044 3481 2141 3522 vos
2248 3484 2390 3531 terra
2434 3488 2630 3543 corpus
2657 3470 2910 3535 animale,
2955 3469 3008 3523 id
3044 3476 3127 3523 est
3154 3463 3509 3537 c0rruptibile
3546 3457 3668 3530 quod
3688 3464 3763 3507 ter-

550 3554 778 3626 vigilare
828 3567 884 3611 et
917 3570 1024 3612 non
1052 3571 1302 3627 peccare,
1331 3572 1399 3614 ne
1425 3558 1717 3615 imitemini
1748 3575 1842 3616 eos
1866 3561 1956 3631 qui
1984 3560 2139 3633 iguo-
2245 3581 2374 3621 rena
2399 3564 2705 3636 appetebat,
2736 3570 2920 3633 surget
2955 3575 3152 3630 corpus
3191 3557 3496 3629 spirituale,
3522 3553 3567 3608 id
3592 3557 3762 3647 est.

555 3655 678 3702 rant
706 3647 896 3702 Deum.
1860 3644 1863 3647 ’

2246 3656 2507 3712 luntatem
2540 3654 2765 3725 spiritus
2789 3669 2889 3724 per
2916 3653 3098 3707 omnia
3134 3650 3367 3717 faciens,
3405 3659 3571 3716 nequc
3600 3639 3760 3711 spiritui

629 3739 717 3793 5‘2.
758 3738 839 3791 Ad
875 3740 1233 3793 reverentiam.
1266 3741 1345 3795 Ad
1383 3743 1509 3810 hoc,
1536 3743 1728 3813 inquit,
1762 3745 1953 3815 loquor
1986 3746 2140 3803 vobis
2176 3810 2205 3815 Α
2247 3748 2523 3803 resistens.

553 3838 619 3884 ut
665 3831 1050 3887 verecundiam
1107 3831 1352 3889 habeatis
1380 3876 1395 3902 ,
1452 3845 1508 3892 et
1560 3810 1727 3893 vitam
1788 3810 2027 3895 vestram
2085 3842 2139 3895 in
2175 3810 2217 3870 Β
2315 3839 2403 3896 59.
2428 3840 2668 3897 Αιιαυετ.
2695 3838 2897 3912 (ibid.).
2918 3836 2979 3893 Si
2999 3846 3077 3891 est
3101 3852 3314 3905 corpus.
3346 3827 3646 3897 lntelligitur
3666 3828 3760 3885 ετεο

558 3921 752 3978 melius
774 3923 1082 3993 corrigatis.
2243 3946 2438 4002 corpus
2465 3931 2700 3986 animale
2735 3931 2842 3986 dici
2873 3928 3047 3984 simile
3076 3927 3293 3982 caeteris
3322 3918 3645 3980 animalibus.
3669 3923 3760 3979 ιπο·

628 4009 719 4066 55.
761 4011 1000 4067 Asianos.
1049 4011 1120 4067 Et
1170 4016 1448 4087 unicuique
1494 4034 1771 4073 seminum.
1821 4018 2138 4091 Exemplum
2241 4032 2361 4094 ptcr
2410 4023 2601 4078 mortis
2651 4020 3062 4077 dissolutionem
3118 4027 3173 4073 et
3220 4013 3633 4084 corruptionem,
3671 4010 3757 4097 ηυξ

555 4102 861 4159 ιηθὶίοιιειιιθ
886 4106 1318 4173 resurrectionis,
1348 4123 1456 4164 non
1483 4110 1697 4166 amissa:
1725 4111 2064 4168 substantiae.

2240 4113 2483 4185 quotidie
2506 4114 2628 4168 cibo
2654 4113 2916 4176 reﬁcitur,
2945 4120 2999 4166 et
3020 4118 3204 4183 postea
3226 4113 3498 4180 separata,
3521 4097 3758 4154 animantis

625 4195 719 4251 54.
770 4196 896 4251 Non
962 4199 1133 4254 omnis
1181 4216 1327 4256 caro.
1383 4200 1847 4268 Quemadmodum
1904 4221 1970 4259 ex
2033 4221 2136 4260 una
2239 4221 2501 4276 compago
2532 4204 2655 4277 [al.,
2689 4201 2969 4275 compage]
3006 4201 3343 4257 dissolvitur.

548 4290 796 4359 impensa
841 4292 1054 4347 diversa
1101 4294 1463 4350 animantium
1509 4312 1639 4352 caro
1699 4307 1803 4364 cst,
1852 4300 1927 4353 ita
1977 4300 2135 4355 unius
2311 4296 2401 4350 40.
2446 4296 2649 4350 thrn.
2704 4294 2763 4350 Si
2805 4305 2877 4349 cst
2919 4309 3107 4362 corpus
3147 4288 3399 4346 animale.
3445 4285 3569 4340 Cum
3608 4277 3758 4371 dic-il“:

554 4382 737 4437 carnis
790 4383 1041 4441 homines
1082 4387 1280 4442 diversi
1323 4398 1485 4443 erunt
1534 4390 1797 4462 dignitate
1848 4392 1899 4447 in
1957 4409 2078 4450 resu

2240 4402 2459 4457 corpus,
2498 4374 2697 4440 frustra
2729 4384 3019 4439 adderetur
3052 4380 3309 4443 animale,
3355 4375 3454 4433 nisi
3485 4376 3613 4428 csso!
3646 4354 3754 4416 aliud

552 4476 814 4529 rectione.
1607 4461 1613 4462 ί
2237 4498 2436 4553 corpus
2478 4477 2740 4552 spiritale,
2786 4477 2853 4533 ad
2887 4474 3041 4546 cujus
3078 4471 3495 4545 discrepantiam
3527 4461 3756 4517 ιὀωῐείυτ

622 4569 710 4624 55.
727 4571 965 4627 Aucusr.
982 4575 1160 4644 (epist.
1178 4575 1279 4629 146
1295 4576 1362 4629 ad
1380 4576 1651 4636 Conseml.
1672 4578 1794 4634 Non
1807 4581 1975 4634 omnis
1990 4596 2133 4635 caro.
2238 4573 2495 4631 animale.

553 4658 614 4713 In
648 4660 732 4715 his
778 4663 1031 4718 onmibus
1069 4664 1171 4719 iste
1206 4678 1397 4719 sensus
1426 4675 1511 4721 est
1557 4684 1570 4719 :
1613 4666 1670 4720 Si
1707 4682 1903 4737 genera
1935 4670 2136 4734 carnis,
2309 4671 2398 4725 4i.
2442 4669 2589 4725 Sicut
2610 4669 2880 4739 scriptum.
2907 4668 3405 4738 Decstassumptto,
3436 4661 3479 4717 si
3507 4655 3750 4715 estcol’ll"s

558 4764 681 4805 cum
727 4751 836 4806 sint
895 4764 1090 4809 cuncta
1144 4755 1415 4821 mortalia,
1473 4755 1728 4811 dill‘erunt
1773 4766 1950 4813 tamen
1997 4759 2139 4813 inter
2240 4759 2495 4822 animale,
2522 4767 2576 4813 et
2608 4758 2746 4812 hanc
2772 4756 2985 4827 probat.

557 4860 636 4907 se,
684 4860 781 4913 pro
833 4846 1236 4901 diversitatibus
1279 4848 1669 4912 animantium;
1720 4857 1774 4905 et
1819 4849 1862 4903 si
1908 4850 2132 4920 corpora
2310 4850 2404 4905 4‘2.
2444 4847 2645 4902 Factus
2686 4849 2887 4917 primus
2931 4848 3105 4900 homo.
3163 4845 3361 4915 llabuit
3400 4840 3601 4913 primus.
3634 4830 3755 4920 homo

556 4951 679 4990 cum
712 4935 1020 4991 sintomnia
1045 4938 1302 5003 visibil‘ia,
1328 4938 1579 4994 ditl‘erunt
1610 4948 1811 5005 tamen,
1837 4955 1934 5010 pro
1965 4941 2136 4996 diver-
2240 4944 2473 4997 animam
2512 4941 2727 4995 vitalem
2780 4949 2836 4994 et
2864 4940 3225 5010 spiritualem.
3255 4940 3306 4994 id
3335 4945 3435 4998 est,
3478 4917 3752 5022 rationed":

554 5027 807 5083 sitatibus
842 5028 1108 5083 locorum.
1148 5030 1307 5086 Unde
1342 5031 1446 5085 alia
1479 5041 1563 5087 est
1600 5034 1903 5088 caelestium
1941 5034 2132 5105 gloria,
2240 5033 2535 5089 secundum
2565 5047 2726 5102 quam
2758 5033 2926 5088 Adam
2953 5038 3010 5086 ct
3031 5030 3123 5102 qui
3148 5047 3215 5085 ex
3245 5046 3310 5085 eo
3336 5026 3436 5084 orti
3462 5026 3576 5078 suat
3601 5014 3749 5065 rictu"

552 5122 655 5176 alia
687 5122 1051 5187 terrestrium;
1079 5130 1131 5176 et
1164 5124 1209 5176 si
1251 5123 1305 5176 in
1339 5123 1470 5178 locis
1506 5122 1847 5191 sublimibus,
1870 5140 1992 5179 cum
2026 5125 2127 5179 sint
2161 5167 2208 5229 ο
2238 5134 2413 5181 erant.

554 5223 740 5268 contra
766 5212 1031 5277 caelestia,
1059 5212 1315 5268 diﬂ‘erunt
1344 5215 1507 5269 etiam
1540 5214 1669 5285 ipsae
1700 5188 1977 5270 claritatcs
2005 5215 2128 5288 [al.,
2161 5188 2208 5229 υ
2309 5217 2399 5273 45.
2443 5214 2775 5271 Nouissimas
2816 5212 3008 5268 Adam.
3040 5211 3239 5269 llabuit
3269 5204 3576 5317 novissimu's

554 5298 670 5372 ipsa
714 5303 1073 5376 claritatibus]
1114 5304 1411 5369 luminum;
1459 5322 1564 5360 non
1601 5305 1795 5360 mirum
1840 5317 1921 5362 est
1987 5285 2129 5378 quod
2241 5311 2291 5365 id
2322 5322 2426 5376 est,
2452 5309 2720 5372 Christus,
2750 5310 2984 5362 animam
3011 5307 3229 5362 vitalem
3255 5315 3309 5361 et
3334 5285 3716 5378 spit‘itualem.-Se

554 5397 609 5449 in
659 5400 1058 5451 resurrectione
1108 5405 1445 5452 mortuorum
1487 5399 1709 5455 distabit
1750 5400 1922 5472 gloria
1970 5406 2128 5455 tueri-
2238 5402 2383 5457 illius
2434 5409 2643 5456 tantum
2704 5402 2871 5469 partis
2928 5398 3257 5457 mentionem
3309 5394 3452 5453 facit.

546 5493 747 5541 mrum.
1751 5463 1780 5472 ⁷
2238 5507 2402 5561 quam
2427 5491 2541 5560 ipse
2571 5463 2819 5544 Christus
2855 5498 2909 5544 et
2942 5489 3247 5545 imitatores
3271 5487 3381 5557 ejus
3406 5470 3560 5579 maliis

619 5579 709 5631 56.
748 5581 949 5636 Lassa.
995 5581 1317 5648 Seminatur,
1367 5592 1473 5640 etc.
1519 5583 1732 5638 Nullum
1781 5585 2129 5654 corruptibile
2230 5592 2404 5639 erant.
2430 5580 2540 5636 Nec
2567 5581 2746 5635 hocin
2782 5579 2977 5635 Genesi
3002 5579 3262 5650 scriptum
3294 5567 3562 5643 reperitur.
3592 5544 3708 5608 εθάθ

551 5669 966 5740 iucorruptelam
1016 5673 1342 5742 possidebit;
1388 5675 1481 5729 scd
1526 5689 1654 5729 caro
1698 5681 1752 5727 et
1790 5674 2028 5745 sanguis,
2075 5675 2125 5729 id
2231 5675 2488 5746 Apostolo
2514 5673 2781 5745 superiori
2809 5674 3090 5729 sententias
3109 5672 3341 5728 additur.
3452 5754 3461 5759 _

546 5764 962 5830 est,carnalitcr
989 5734 1228 5821 viventes
1248 5775 1370 5820 sunt
1395 5763 1790 5833 corruptibiles,
1815 5773 1867 5820 et
1892 5734 2123 5835 regnum
2282 5734 2388 5823 Ἠ.
2436 5767 2541 5823 Sed
2588 5784 2689 5822 non
2743 5768 2889 5835 prius
2935 5766 3097 5836 quod,
3150 5766 3203 5823 id
3241 5774 3341 5828 θεὶς
3389 5754 3523 5829 Prius
3571 5734 3731 5794 mm"
