3880 6306
140 364 236 420 Si!)
869 360 936 417 1N
976 363 1039 417 D.
1082 361 1285 418 PAULI
1326 359 1543 417 EPIST.
1576 356 1931 417 COMMENT.
1959 359 2312 417 -—EPIST.l
2349 362 2441 417 AD
2477 362 2632 418 COR.
3279 355 3386 410 2H

141 476 200 531 de
225 483 384 540 terra,
411 480 702 540 terrenus;
746 476 1014 532 secundus
1042 476 1205 531 homo
1230 476 1297 531 dc
1316 474 1478 540 oculo,
1508 474 1768 530 ccelestis.
1800 472 1890 528 45.
1930 472 2119 541 Qualis
2145 482 2412 539 terrenus,
2446 472 2583 529 tales
2610 480 2666 527 et
2697 470 2919 527 terreni.
2948 469 3077 525 Adae
3103 469 3392 531 imitatores
3456 485 3462 501 ·

137 564 414 632 peccando;
454 573 512 619 et
562 563 734 633 qualis
773 562 1032 628 cmlestis,
1062 564 1197 619 tales
1225 572 1279 619 et
1307 564 1578 627 caelestes,
1611 562 1806 617 Christi
1851 564 2159 616 imitatores.
2191 563 2282 617 46.
2331 562 2518 633 igitur,
2549 562 2691 616 sicut
2722 560 3059 631 portavimus
3098 559 3389 631 imaginem

140 655 347 721 terreni,
376 664 662 724 portemus
688 664 743 710 et
770 656 1061 726 imaginem
1090 656 1350 711 caelestis.
1397 656 1507 710 lloc
1540 665 1745 719 autem,
1794 663 1848 707 ut
1889 654 2155 708 Christum
2200 654 2483 717 imitemur,
2519 652 2664 715 dico,
2706 650 2930 715 fratres,
2981 650 3108 719 quia
3150 650 3241 714 47,
3287 650 3378 706 43.

136 768 249 808 caro
278 763 331 807 et
365 752 617 823 sanguis,
663 752 745 806 sui
797 750 1029 821 corporis
1073 751 1325 820 appetitui
1372 750 1613 813 viventes,
1662 764 1887 821 regnum
1922 748 2016 803 Dei
2057 748 2332 819 possidere
2378 764 2484 803 non
2530 756 2791 818 possunt;
2836 758 3015 814 neque
3067 746 3369 815 corruptio,
3422 779 3437 821 ε

134 843 229 914 83
253 842 674 911 iucorruptelam
703 840 1019 911 possidebit.
1050 840 1189 896 Ecce
1223 840 1560 911 mysterium,
1589 840 1640 894 id
1663 850 1758 905 est,
1783 849 2057 904 secretum,
2084 839 2221 910 quod
2250 848 2372 894 ante
2433 839 2807 905 nesciebamus,
2831 837 2983 893 vobis
3006 838 3149 894 dico.
3191 837 3395 895 Omnes

134 934 327 1001 quidem
361 948 733 1004 resurgemus,
758 933 845 987 49.
877 934 971 987 sed
996 947 1099 987 non
1131 948 1320 987 omnes
1348 933 1402 1005 in
1434 931 1618 985 melius
1654 931 2083 986 immutabimur.
2110 931 2422 997 Quomodo?
2456 932 2513 987 lu
2562 940 2860 998 momento,
2893 932 2945 986 in
2970 931 3080 987 ictu
3104 931 3273 997 oculi,
3298 931 3392 989 50.
3425 948 3430 953 '

134 1030 178 1083 io
207 1027 496 1084 novissima
539 1028 668 1083 tuba
692 1041 1055 1098 resurgemus;
1081 1036 1243 1082 canet
1266 1026 1414 1081 enim
1447 1025 1573 1081 tuba
1600 1026 1685 1081 51.
1713 1035 1770 1080 et
1809 1025 2005 1080 mortui
2050 1034 2333 1097 resurgent
2380 1026 2702 1097 incorrupti,
2732 1042 2852 1082 cum
2893 1026 3194 1096 integritate
3237 1030 3417 1079 mem-'

134 1121 354 1184 brorum;
376 1128 433 1174 et
451 1134 557 1175 nos
580 1119 712 1189 justi
742 1119 796 1172 in
823 1118 1006 1172 melius
1037 1118 1451 1173 immutabimur
1512 1117 1567 1188 (a
1596 1116 1789 1186 parte.)
1814 1115 2039 1185 Oportet
2069 1118 2215 1171 enim
2251 1116 2605 1186 corruptibile
2632 1115 3400 1189 hocmeumcorpusinduere

132 1208 598 1278 incorruptionem,
622 1217 677 1265 et
703 1208 931 1263 mortale
956 1208 1058 1264 hoc
1086 1208 1311 1264 induere
1336 1206 1827 1263 immortalitatem.
1855 1206 1990 1263 Cum
2023 1216 2203 1262 autem
2250 1208 2483 1263 mortale
2512 1208 2615 1263 hoc
2640 1207 2878 1263 induerit
2906 1205 3395 1268 immortalitatem,

138 1312 255 1358 tunc
283 1302 389 1368 tiet,
414 1302 814 1373 adimplebitur,
836 1316 1039 1368 sermo,
1061 1300 1153 1371 qui
1181 1300 1415 1371 scriptus
1433 1308 1534 1363 est,
1562 1299 1616 1355 in
1641 1295 1771 1355 Osee
1793 1298 1907 1355 Xlll
1943 1317 1956 1353 :
1988 1298 2079 1354 52.
2110 1299 2381 1369 Ahsorpta
2406 1309 2490 1356 est
2531 1315 2701 1363 mors,
2729 1299 3147 1369 concupiscentia
3176 1300 3399 1368 peccati,

134 1394 198 1457 in,
227 1392 639 1457 cum,victoria.
795 1389 896 1445 Ubi
925 1401 1032 1459 est,
1064 1405 1236 1456 mors,
1266 1389 1495 1445 victoria
1528 1388 1652 1444 tua?
1681 1405 1838 1459 quam
1863 1387 2064 1442 solebas
2087 1387 2277 1443 habere
2307 1389 2363 1442 in
2403 1389 2484 1442 Itis
2512 1389 2602 1459 qui
2647 1387 2741 1441 tibi
2783 1386 3107 1442 obedierunt.
3144 1386 3246 1444 Ubi
3294 1396 3395 1454 est,

134 1499 282 1550 mors,
308 1484 568 1539 stimulus
592 1484 750 1540 tuus?
775 1483 1097 1538 destructum
1128 1493 1224 1538 est.
1256 1483 1347 1547 54,
1371 1482 1460 1537 55.
1495 1480 1758 1537 Stimulus
1780 1488 1963 1537 autem
2013 1481 2205 1535 mortis
2241 1489 2525 1551 peccatum
2556 1488 2673 1546 est;
2702 1479 2793 1535 56.
2833 1480 3011 1535 virtus
3032 1494 3162 1537 vero
3188 1482 3397 1551 peccati

131 1587 464 1661 (augmentum
505 1577 725 1646 peccati,
756 1577 880 1647 quia
910 1585 1136 1646 augetur
1176 1584 1446 1646 peccatum
1490 1590 1583 1643 per
1615 1572 2101 1643 prwvaricationem
2127 1571 2305 1642 legis),
2353 1572 2457 1627 lex.
2504 1572 2616 1628 Deo
2658 1579 2837 1626 autem
2870 1572 3096 1643 gratias,
3127 1572 3222 1643 qui
3253 1573 3397 1629 dedit

134 1672 267 1725 nobis
293 1670 581 1726 victoriam
613 1685 707 1739 per
740 1668 1024 1724 Dominum
1072 1675 1319 1723 nostrum
1347 1666 1532 1722 Jesum
1570 1666 1870 1723 Christum.
1919 1666 2131 1737 Itaque,
2159 1664 2359 1720 fratres
2404 1664 2511 1721 mei
2549 1664 2755 1729 dilecti,
2793 1664 2918 1735 quia
2971 1666 3397 1737 incorruptibiles

133 1780 456 1834 resurgentes,
486 1762 714 1818 stabiles
744 1763 797 1817 in
822 1762 925 1831 fide
945 1771 1119 1817 estote
1145 1769 1202 1816 et
1226 1761 1552 1826 immobiles,
1577 1760 1916 1817 abundantes
1944 1760 1997 1815 in
2030 1774 2197 1830 opere
2243 1759 2459 1816 Domini
2512 1774 2748 1831 semper,
2796 1758 3030 1816 scientes
3059 1758 3204 1829 quod
3245 1757 3398 1813 labor

135 1866 289 1913 vester
310 1871 413 1911 non
442 1864 531 1912 est
565 1855 741 1911 inanis
763 1856 814 1909 in
844 1855 1101 1919 Domino;
1132 1855 1185 1910 in
1211 1854 1316 1924 [ide
1338 1855 1570 1921 Domini,
1605 1854 1681 1909 vel
1708 1855 1763 1908 in
1783 1854 2248 1925 prcedestinatione
2269 1853 2507 1909 Domini.

1475 1964 1588 2038 35
1624 1963 1853 2021 CAPUT
1891 1964 2030 2021 xw.

193 2081 236 2135 l.
274 2080 343 2136 De
367 2081 618 2137 collectis
640 2090 818 2135 autem
870 2095 989 2150 qua:
1022 2079 1150 2133 liunl
1182 2079 1234 2133 in
1263 2089 1502 2143 sanctos,
1529 2086 1668 2133 Sicut
1693 2078 1935 2134 ordinari
1964 2078 2222 2137 Ecclesiis
2250 2079 2498 2147 Galatiae,
2530 2080 2603 2136 ita
2626 2090 2683 2138 et
2705 2096 2800 2139 vos
2828 2082 3012 2139 facite.
3028 2082 3131 2140 Per
3150 2098 3309 2139 unam
3332 2083 3387 2137 2.

1456 2219 2030 2280 COMMENTARIUS.

134 2369 700 2433 appetentzum.postca
726 2360 1035 2432 luitcorpus
1050 2360 1693 2431 spiritaliterviventium.
1732 2359 1775 2418 Λ
1804 2368 1983 2415 autem
2010 2361 2112 2416 hoc
2138 2360 2507 2417 testimonium
2538 2360 2591 2415 in
2624 2360 2823 2416 usitata
2847 2360 3203 2417 translatione
3226 2361 3385 2430 Osee,

193 2454 272 2509 45.
308 2454 552 2511 Aucusr.
615 2454 797 2525 (epist.
836 2454 936 2509 H6
966 2458 1036 2507 ad
1062 2452 1336 2520 Consen.).
1379 2452 1564 2519 Qualis
1593 2463 1695 2507 ter-
1802 2450 1881 2505 sic
1937 2451 2197 2522 scriptum
2232 2469 2245 2504 :
2291 2450 2400 2505 Ero
2429 2466 2569 2504 mors
2614 2459 2729 2517 tua,
2759 2467 2790 2505 o
2821 2452 2999 2505 mors!
3045 2454 3189 2523 quod
3242 2454 3382 2510 idem

138 2559 287 2598 renus.
311 2542 446 2611 Quid
501 2553 615 2609 est,
645 2543 818 2612 qualis
848 2552 1113 2608 terrenus,
1149 2542 1286 2598 tales
1316 2543 1539 2605 terreni,
1591 2543 1693 2597 nisi
1801 2540 2097 2610 signiticat;
2128 2541 2240 2610 ipse
2267 2540 2413 2595 enim
2453 2540 2646 2607 vincit,
2692 2540 2786 2611 qui
2835 2540 3081 2598 fidelibus
3107 2543 3224 2601 suis
3262 2546 3385 2601 vin-

143 2636 369 2691 mortales
396 2652 462 2691 ex
502 2635 762 2691 mortali?
789 2635 857 2689 Et
903 2635 1030 2704 quid
1079 2644 1163 2690 est
1208 2636 1386 2705 qualis
1436 2635 1693 2700 caelestis.
1802 2633 1964 2712 cendi
1995 2633 2184 2688 tribuit
2209 2632 2542 2688 facultatem.

138 2726 252 2783 tales
275 2726 537 2793 caelestes,
580 2728 678 2782 nisi
704 2727 1035 2807 immortales
1056 2744 1153 2798 per
1204 2728 1698 2783 immortalitatem?
1869 2725 1955 2781 55.
1985 2725 2219 2809 Asianos.
2242 2724 2344 2780 Ubi
2368 2739 2467 2795 est,
2495 2744 2655 2793 mors,
2683 2728 2901 2783 victoria
2929 2728 3054 2782 tua?
3072 2727 3386 2784 lnsultantis

141 2813 240 2886 [al.,
262 2817 667 2890 immortalem]
762 2812 767 2815 ’
1799 2819 2000 2874 etenim
2026 2820 2188 2875 verba
2220 2829 2367 2877 sunt.

196 2908 273 2963 46.
309 2910 502 2967 Lsurn.
556 2909 731 2982 Igitur
756 2910 893 2965 sicut
928 2910 1269 2981 portavimus,
1312 2910 1364 2965 id
1407 2921 1513 2977 est,
1554 2911 1695 2966 sicut
1869 2910 1958 2965 54.
2001 2911 2237 2968 Aucosr.
2279 2912 2395 2983 (lib.
2428 2929 2489 2969 tu
2542 2912 2622 2968 De
2673 2929 2784 2984 pec.
2843 2914 3018 2970 merit.
3076 2923 3124 2968 et
3152 2913 3380 2979 remiss.,

141 3003 355 3072 exemplo
378 3004 526 3067 Atlas,
563 3012 777 3057 terrena
803 3002 1110 3067 dileximus,
1145 3003 1217 3058 ita
1258 3003 1506 3074 exemplo
1532 3003 1689 3058 Chri-
1800 3017 1919 3073 cap.
1945 3003 2033 3071 ll,
2063 3012 2194 3058 tom.
2227 3004 2360 3068 VII.)
2390 3004 2650 3062 Stimulus
2672 3005 2879 3061 mortis.
2908 3005 3028 3074 Quo
3058 3021 3203 3062 mors
3234 3005 3372 3062 facta

141 3091 216 3155 sti,
241 3092 460 3149 ctelestia
487 3093 802 3164 diligamus.
1799 3104 1900 3161 est,
1926 3110 2031 3150 non
2061 3112 2220 3165 quem
2270 3113 2418 3153 mors
2464 3098 2615 3154 fecit.
2662 3097 2893 3155 Peccato
2925 3098 3070 3154 enim
3096 3100 3379 3165 morimur,

198 3182 273 3235 t7.
311 3183 440 3239 Caro
466 3195 514 3240 et
543 3184 781 3253 sanguis.
804 3183 945 3239 Caro
966 3193 1021 3240 et
1047 3185 1266 3256 sanguis
1285 3194 1372 3241 est
1395 3185 1691 3240 humanum
1796 3203 1903 3245 non
1932 3198 2107 3243 morte
2136 3204 2445 3259 peccamus.
2492 3189 2585 3247 Sic
2634 3191 2816 3267 itaque
2852 3191 3055 3253 dictum
3086 3202 3169 3252 est
3193 3215 3207 3251 :
3238 3203 3379 3254 Aen.

143 3279 188 3323 et
208 3275 541 3363 corruptibile
576 3290 793 3344 corpus.
823 3276 890 3330 Et
915 3284 997 3331 est
1025 3292 1237 3344 sensus,
1268 3278 1360 3346 qui
1394 3277 1691 3337 secundum
1769 3283 1913 3355 gleus
1945 3280 2135 3339 mortis
2161 3285 2433 3354 (momodo
2465 3285 2668 3357 lignum
2696 3287 2818 3342 vitae
2840 3287 2860 3341 Ι
2884 3285 3000 3342 Non
3032 3286 3173 3357 quod
3204 3287 3381 3343 homi-
3413 3352 3424 3363 κ

146 3361 400 3431 appetitum
423 3365 505 3422 sui
531 3365 779 3439 corporis
806 3365 1021 3432 vixerit,
1051 3380 1273 3435 regnum
1299 3367 1390 3422 Dei
1418 3371 1693 3442 pussidere
1798 3376 1883 3431 nis
1913 3376 2078 3431 vitam
2117 3376 2237 3448 [al.,
2264 3376 2398 3450 vita]
2432 3377 2655 3445 faceret,
2704 3378 2799 3434 sed
2853 3394 2961 3450 quo
2988 3379 3101 3435 vita
3135 3379 3372 3434 hominis

147 3466 233 3506 "0“
256 3458 457 3523 Ροιετίι-
1800 3465 1975 3521 ﬁeret.
2007 3468 2073 3522 Et
2105 3470 2376 3537 quomodo
2399 3467 2602 3540 lignum
2626 3469 2889 3538 scientiae,
2913 3484 3014 3540 per
3037 3471 3180 3540 quod
3202 3470 3371 3525 scien-

202 3544 276 3601 48.
314 3550 548 3607 Aucusr.
585 3551 781 3622 (ibid.).
819 3550 957 3607 Caro
986 3562 1034 3608 et
1063 3555 1298 3625 sanguis.
1337 3555 1403 3609 Et
1429 3570 1496 3610 ne
1540 3556 1687 3625 quis-
1798 3557 1872 3611 tia
1905 3557 2060 3612 ﬁeret
2102 3559 2362 3625 hominis,
2408 3575 2514 3616 non
2556 3560 2699 3630 quod
2746 3574 2843 3630 per
2890 3576 3042 3617 suam
3085 3560 3369 3616 scientiam

145 3633 262 3701 piant
312 3651 519 3709 putaret
582 3644 877 3698 secundum
930 3644 1290 3699 substantiam
1345 3648 1526 3700 carnis
1588 3647 1687 3700 hoc
1734 3708 1739 3709 ί
1796 3647 2186 3704 fecerithomo.

146 3708 419 3791 Apostolum
465 3729 753 3796 dLmnisse,
796 3733 1007 3802 aperuit
1043 3734 1171 3803 quid
1212 3734 1417 3789 diceret
1447 3733 1678 3817 subjun-

1866 3743 1959 3797 55.
1996 3742 2195 3798 Lsuru.
2236 3743 2491 3800 Stimulus
2510 3746 2711 3801 mortis.
2737 3744 2937 3803 Probat
2964 3745 3156 3801 mortis
3180 3744 3374 3801 stimu-

147 3818 306 3914 tando.
337 3836 506 3914 neque
530 3824 809 3895 corruptio
829 3824 1244 3894 incorruptclam
1279 3823 1400 3897 [al.,
1442 3825 1690 3880 incorru-
1795 3832 1903 3886 lum
1934 3848 2055 3888 esse
2086 3834 2437 3892 destructum.
2470 3835 2756 3905 Stimulus,
2797 3837 2991 3910 inquit,
3029 3838 3222 3895 mortis
3241 3854 3361 3910 pec-

145 3911 394 3985 ptionem.]
422 3914 743 3983 possidebit.
1796 3935 1976 3980 catum
2007 3934 2108 3987 est.
2134 3927 2237 3982 hoc
2259 3938 2441 3984 autem
2471 3931 2806 3986 destructum
2848 3937 2951 3986 est.
2998 3930 3220 3997 Probat,
3250 3946 3376 3987 nam

147 4091 157 4102 .
201 3998 278 4055 i9.
316 4006 483 4102 (ibid.)
542 4006 651 4064 Sed
700 4025 804 4063 non
854 4025 1030 4065 omnes
1048 4010 1502 4102 _immutabimur.
1540 4011 1692 4067 Hanc
1795 4034 1892 4087 per
1919 4018 2200 4073 victoriam
2228 4021 2864 4093 estdestructum,quam
2884 4023 3035 4078 dedit
3056 4024 3215 4079 nobis
3236 4023 3377 4080 Deus

147 4098 559 4193 immutationem,
603 4109 783 4193 utrum
833 4102 886 4155 in
957 4099 1149 4157 melius
1218 4118 1287 4157 an
1340 4104 1394 4159 in
1452 4104 1691 4182 deterius
1793 4110 2191 4181 perDominum
2216 4123 2460 4169 nostrum
2490 4112 3377 4189 JesumChristum(priusapari,

148 4185 337 4280 intelligi
359 4191 612 4259 voluerit,
669 4191 928 4249 inferiora
972 4194 1373 4250 demonstrant.
1793 4203 2063 4273 posterius
2092 4220 2119 4258 a
2153 4205 2361 4274 parte),
2390 4220 2567 4261 nonne
2593 4220 2691 4276 per
2720 4206 2893 4280 legem
2923 4185 3259 4265 destructum
3289 4219 3378 4266 est

202 4275 545 4372 50..»Auanos.
590 4282 656 4338 In
710 4285 990 4339 novissima
1018 4287 1164 4341 tuba.
1198 4286 1333 4352 Quia
1378 4302 1483 4343 non
1522 4285 1691 4342 semel
1794 4296 2110 4364 peccatum?
2154 4311 2257 4349 non
2286 4296 2376 4368 [[2,
2421 4296 2568 4371 nam]
2597 4275 2684 4354 lex
2726 4275 2829 4356 fuit
2872 4310 3220 4371 augmentum
3251 4316 3379 4372 pec-

149 4378 250 4419 cum
275 4369 356 4424 illo
380 4381 675 4443 pugnatum
706 4384 809 4438 est,
865 4376 993 4445 quia
1037 4375 1090 4429 in
1139 4376 1474 4431 Antichristo
1516 4377 1691 4431 \‘iClUS
1793 4385 2047 4449 catinum
2080 4386 2393 4441 destructio,

146 4465 235 4523 est;
264 4469 313 4515 et
338 4463 437 4552 hoc
466 4465 588 4521 loco
612 4466 905 4521 novissime
936 4468 1196 4523 adversus
1229 4469 1376 4523 illum
1422 4470 1685 4541 pugnabi-
1862 4478 1951 4533 56.
1991 4480 2231 4535 Accusr.
2276 4480 2388 4551 (lib.
2434 4479 2513 4536 De
2555 4482 2770 4552 perfect.
2795 4482 2929 4552 justi
2952 4483 3199 4548 hominis,
3231 4498 3283 4541 c.
3317 4483 3376 4549 6,

151 4553 312 4612 tur,nt
332 4551 436 4621 iam
461 4556 713 4610 mittatur
744 4558 797 4610 in
829 4559 1152 4627 gehennam.

1869 4569 2025 4641 νη).
2054 4570 2231 4625 Virtus
2255 4588 2370 4626 vero
2396 4551 2593 4643 peccati
2641 4573 2743 4628 lex.
2779 4551 3045 4641 Quoniam
3076 4574 3161 4631 lex
3193 4576 3379 4648 probi-

201 4637 277 4739 ‘51.
309 4644 542 4703 Ancus-r.
574 4648 771 4717 (ibid).
800 4648 868 4702 Et
892 4650 1084 4702 mortui
1109 4664 1396 4721 resurgant.
1422 4648 1559 4717 Quid
1585 4652 1686 4707 sibi

1843 4662 1969 4716 mdo
1984 4637 2149 4733 auget
2172 4662 2377 4733 peccati
2396 4637 2775 4734 cupiditatem,
2791 4637 2907 4721 nisi
2957 4637 3223 4725 did‘undai
3252 4669 3375 4739 Spi-

148 4727 241 4783 vult
260 4746 379 4805 ergo
406 4738 721 4793 distinctio:
754 4737 821 4793 Et
850 4742 1042 4796 mortui
1073 4754 1337 4817 resurgent
1376 4744 1684 4813 incorrupti,
1793 4752 1931 4807 ritus
1957 4727 2307 4809 Chai-imicus,

147 4827 186 4868 τι
225 4837 306 4877 nos
353 4827 768 4898 immutabimur,
811 4832 913 4887 nisi
970 4834 1095 4902 quia
1139 4850 1330 4890 omnes
1388 4836 1683 4907 interrupti
1859 4842 2009 4898 CAP.
2052 4842 2357 4899 XVl.—l.
2395 4844 2634 4902 Aucusr.
2676 4846 2792 4914 (lib.
2832 4863 2870 4905 tt
2904 4847 2981 4904 De
3005 4865 3243 4905 sermone
3265 4849 3374 4903 Do-

150 4918 426 5017 liturgent?
455 4919 564 4976 Sed
591 4936 655 5017 ex
682 4923 768 4977 his
793 4924 955 5017 eligam
988 4923 1119 5017 ills“
1167 4926 1596 5017 im‘mutaltuntur
1631 4930 1683 4984 in
1788 4936 1915 4991 mini
1940 4937 1994 4991 in
2018 4946 2207 5003 monte,
2239 4952 2358 5008 cap.
2388 4938 2473 5002 l7,
2507 4916 2785 5010 tom.lV.’).
2812 4940 2889 4995 De
2913 4941 3143 4998 collectis
3173 4952 3371 4997 autem.

151 4995 274 5107 illam
303 5004 872 5107 incofruplelamtcui
904 5015 1127 5107 omnino
1163 5015 1528 5107 nulla‘nocere
1555 5034 1681 5089 ρος·
1712 5047 1756 5107 C
1790 5028 2078 5098 Apostolus
2105 5029 2301 5085 Paulus
2330 5038 2503 5101 potest
2531 5030 2702 5087 videri
2728 4995 2794 5089 de
2822 5035 3065 5089 crastino
3103 5034 3393 5107 cogitare,

150 5098 209 5141 sit
228 5102 515 5170 corruptio;
550 5119 615 5160 ac
640 5119 737 5173 per
766 5105 887 5170 hoc,
916 5106 1007 5174 qui
1040 5106 1092 5160 in
1136 5122 1254 5161 eam
1308 5105 1430 5179 [al.,
1461 5108 1545 5181 ea]
1575 5126 1679 5164 non

1834 5136 1910 5175 tm
1938 5121 2067 5176 dicit
2090 5136 2105 5174 :
2133 5121 2209 5176 De
2232 5098 2459 5178 collectis
2480 5134 2655 5179 autem
2704 5126 2757 5180 in
2801 5137 3030 5195 sanctos,
3054 5098 3199 5182 sicut.
3222 5098 3366 5183 ordi;

150 5190 614 5280 Cttmtnutabuntur;
640 5195 937 5266 incorrupti
983 5196 1200 5266 quidem
1231 5208 1514 5270 resurgant
1542 5201 1679 5255 inte-

1832 5212 1909 5267 avi
1942 5210 2190 5267 Ecclesiis
2233 5211 2484 5282 Galatiae,
2516 5217 2592 5272 ita
2646 5226 2694 5272 et
2738 5234 2827 5272 vos
2868 5190 3046 5288 facile,
3077 5218 3364 5274 secundum

152 5277 317 5379 putate
339 5285 717 5351 membrorum,
749 5287 843 5341 sed
871 5298 1048 5343 tamen
1076 5292 1452 5360 corrumpendi
1494 5292 1679 5347 dolore
1786 5318 1947 5356 unam
1980 5300 2219 5357 Sabbati.
2264 5277 2628 5377 Unusquisque
2670 5277 2895 5362 vestrum
2939 5277 3085 5378 apud
3104 5324 3159 5362 se
3174 5292 3375 5379 ponat,

152 5370 419 5468 νωλθηξῖη·
1758 5380 2150 5451 ἰΙιεεαυτίιαηδ
2188 5397 2326 5468 quod
2371 5397 2419 5451 ei
2462 5397 2737 5467 placuerit.
2763 5408 2817 5451 ut
2849 5414 2973 5463 non,
3014 5413 3134 5453 cum
3160 5416 3395 5465 ωηεν-ο..

207 5448 283 5558 ξῖι
328 5459 515 5521 [ΑΜ-η.
566 5468 823 5541 Absorpta
874 5482 948 5527 est
1004 5491 1164 5530 mors.
1228 5473 1283 5531 In
1342 5476 1446 5533 line
1498 5478 1679 5533 saeculi
1788 5448 2169 5541 tunccollertie
2191 5448 3389 5558 .

153 5538 497 5645 ibfitrp-laerit
525 5574 673 5617 mors
701 5571 756 5617 et
788 5564 981 5619 animae
1008 5574 1062 5620 et
1084 5567 1329 5636 corporis
1350 5567 1404 5622 in
1429 5567 1675 5631 victoria,
1790 5573 1924 5630 locis
1949 5575 2082 5630 satis
2104 5538 2331 5645 apparet
2369 5574 2656 5630 Dominum
2688 5538 2948 5633 .nostrum
2999 5538 3111 5634 neti
3140 5583 3236 5639 hoc
3265 5583 3381 5637 ἰιιιοΔ

151 5639 425 5742 quia-pictis
454 5648 502 5703 in
530 5666 696 5708 carne
741 5668 1022 5710 servorum
1071 5655 1163 5711 Dei
1220 5658 1681 5728 concupiscentiis
1788 5666 2040 5737 probare,
2073 5668 2115 5723 si
2140 5639 2261 5737 quis
2290 5668 2525 5722 humano
2556 5680 2709 5721 more
2737 5668 2836 5725 ista
2883 5677 3157 5742 procuret.
3192 5668 3288 5724 scd
3316 5668 3383 5724 si

154 5732 383 5805 omnibus.
415 5758 505 5799 nec
538 5746 660 5815 ipsi,
694 5764 789 5803 nec
844 5748 1046 5818 aliquid
1080 5748 1218 5804 ultra
1266 5751 1545 5806 morietur.
1583 5752 1670 5809 Es:
1789 5732 1910 5821 quis
1937 5732 2276 5825 propter-ista
2307 5758 2415 5813 Deo
2440 5756 2649 5812 militet.
