3964 6290
496 361 602 416 215
1376 386 1401 413 ιι
1486 361 1546 416 Β.
1578 361 1965 420 LANFRANCI
2022 361 2076 419 C.

2192 363 2373 420 TUAR.
2403 358 2715 420 ARCHIEP.
3657 350 3765 410 216

501 480 721 536 Sabbati
755 482 829 535 ita
851 481 1043 535 scilicet
1072 481 1439 551 unusquisque
1474 491 1712 536 vestrum
1738 483 1876 551 apud
1903 498 1961 537 se
1988 492 2233 552 reponat,
2266 483 2567 536 recondens
2588 480 2730 551 quod
2761 479 2808 533 ei
2842 478 2997 542 bene,
3031 486 3285 549 quantum
3311 476 3436 541 sibi,
3468 472 3762 544 placuerit,

497 578 555 622 ut
582 584 710 634 non,
733 585 858 624 cum
890 585 1104 635 venero,
1135 581 1262 625 tunc
1286 572 1524 626 collectae
1550 572 1702 637 futnt,
1735 573 1929 626 scilicet
1970 573 2126 641 fach
2152 574 2276 627 sint.
2310 573 2445 625 Cum
2482 581 2661 626 autem
2710 585 2947 640 przesens
2994 569 3169 634 fuero,
3213 583 3348 637 quos
3395 564 3763 636 probaveritis

496 674 593 728 per
615 659 887 729 epistolas,
913 678 1029 715 cum
1054 663 1302 729 epistolis,
1335 664 1430 717 hos
1452 663 1661 717 mittam
1689 663 1931 733 perferre
1984 665 2211 733 gratiam
2264 674 2517 727 vestram,
2546 664 2710 733 gratis
2757 663 2883 715 data
2925 679 2957 714 a
2988 662 3151 725 vobis,
3197 660 3392 714 sanctis
3410 660 3497 729 qui
3526 666 3650 711 sunt
3700 654 3759 709 in

495 749 849 805 Hierusalem.
883 752 1035 819 Quod
1059 753 1101 807 si
1139 754 1357 823 dignum
1388 752 1569 817 fuerit,
1604 764 1751 808 tanta
1779 756 1843 808 sit
1869 754 2126 820 collectio,
2148 766 2204 809 ut
2230 763 2284 810 et
2308 770 2409 826 ego
2438 770 2579 817 eam.
2626 768 2836 808 mecum
2882 752 3055 807 ibunt.
3083 751 3311 807 Veniant
3336 761 3518 806 autem
3541 749 3607 802 ad
3633 760 3761 812 vos,

493 857 614 895 cum
638 841 1003 898 Macedoniam
1032 847 1431 915 pertransiero;
1461 862 1585 900 nam
1615 846 1978 901 Macedoniam
2007 848 2364 915 pertransibo.
2399 847 2551 917 Apud
2588 861 2684 901 vos
2714 854 2893 899 autem
2928 845 3157 901 forsitan
3182 843 3432 908 manebo,
3466 840 3555 896 vel
3585 839 3758 894 etiam

495 930 763 993 hiemabo.
801 942 859 987 ut
883 949 975 989 vos
1004 950 1089 989 me
1117 936 1397 990 detlucatis
1419 952 1742 1006 quocunque
1773 938 1907 991 iero.
1936 936 2068 991 Nolo
2089 938 2234 992 enim
2265 954 2358 991 vos
2385 938 2542 992 modo
2567 938 2619 991 in
2655 937 2905 1001 transitu,
2952 934 3291 999 transeundo,
3334 935 3557 995 videre;
3590 943 3760 1000 spero

491 1022 636 1077 enim
671 1040 755 1079 me
784 1025 1176 1095 aliquantulum
1207 1028 1465 1097 temporis
1497 1042 1719 1081 manere
1744 1029 1885 1096 apud
1918 1044 2031 1091 vos,
2060 1030 2102 1082 si
2140 1028 2401 1083 Dominus
2427 1028 2752 1099 permiserit.
2783 1027 3119 1082 Permanebo
3147 1034 3328 1080 autem
3359 1023 3561 1095 Ephesi
3581 1035 3763 1089 usque

492 1113 559 1166 ad
592 1114 964 1171 Pentecosten.
998 1116 1052 1170 5.
1086 1116 1295 1172 Ostium
1324 1119 1466 1172 enim
1497 1117 1825 1185 mihi(llatio
1851 1135 2014 1188 quare
2055 1118 2248 1187 Ephesi
2285 1130 2551 1189 tantopere
2596 1118 2683 1191 [f.,
2741 1124 2891 1173 tanto
2945 1114 3196 1188 tempore]
3240 1130 3620 1186 permansura:
3661 1111 3759 1182 sit)

493 1213 737 1271 apertum
766 1213 850 1260 est
893 1221 1145 1275 magnum
1176 1215 1228 1261 et
1257 1209 1505 1272 evidens;
1533 1217 1588 1261 et
1613 1208 1909 1262 adversarii
1938 1208 2089 1261 multi
2116 1210 2204 1276 qui
2237 1208 2467 1264 nolentes
2494 1211 2704 1263 credere
2732 1220 2993 1264 conantur
3023 1210 3292 1279 impedire.
3329 1206 3387 1262 Si
3427 1216 3615 1262 autem
3654 1218 3755 1259 ve-

495 1297 634 1349 rerit
657 1296 990 1360 Timotheus,
1024 1299 1201 1353 videte
1224 1309 1283 1353 ut
1315 1300 1430 1354 sine
1460 1300 1654 1354 timore
1685 1316 1716 1353 α
1746 1299 1897 1368 falsis
1925 1299 2179 1369 fratribus
2204 1300 2274 1355 sit
2299 1302 2438 1370 apud
2468 1316 2593 1367 vos;
2649 1317 2786 1370 opus
2816 1302 2961 1356 enim
3001 1299 3213 1354 Domini
3240 1309 3517 1368 operatur,
3558 1296 3764 1367 pradi-

504 1397 653 1439 calor
678 1398 773 1450 est,
800 1388 937 1442 sicut
965 1398 1017 1443 et
1040 1403 1160 1459 ego.
1184 1388 1262 1444 Ne
1292 1390 1409 1459 quis
1438 1404 1567 1460 ergo
1594 1390 1744 1444 illum
1778 1399 2025 1459 spernat,
2063 1392 2186 1459 quia
2232 1392 2549 1459 pradicator
2589 1402 2685 1444 est.
2717 1390 2976 1445 Deducite
3027 1398 3206 1444 autem
3254 1390 3402 1444 illum
3428 1389 3481 1443 in
3505 1404 3659 1458 pace,
3705 1394 3765 1442 ut

494 1478 674 1533 xeniat
699 1479 763 1533 ad
795 1494 909 1545 me;
936 1490 1161 1550 expecto
1188 1482 1330 1537 enim
1362 1481 1508 1535 illum
1542 1498 1657 1537 cum
1707 1480 1986 1536 fratribus.
2014 1482 2087 1536 De
2117 1482 2309 1552 Apollo
2340 1492 2519 1538 autem
2553 1482 2721 1537 fratre
2745 1483 2896 1537 vobis
2945 1490 3129 1537 notum
3161 1482 3301 1537 facio
3331 1483 3590 1552 quoniam
3617 1479 3763 1536 mul-

494 1575 608 1621 tum
633 1571 817 1639 rogavi
841 1584 963 1623 eum
988 1579 1044 1622 ut
1071 1570 1280 1624 veniret
1307 1571 1374 1625 ad
1403 1586 1497 1625 vos
1522 1587 1643 1625 cum
1677 1572 1955 1630 fratribus.
1990 1582 2045 1626 et
2074 1573 2258 1641 utique
2282 1588 2387 1626 non
2416 1572 2519 1627 fuit
2547 1573 2797 1628 voluntas
2820 1582 3039 1628 utnuuc
3060 1574 3304 1639 veniret;
3330 1574 3509 1629 veniet
3537 1582 3760 1635 autem,

495 1674 616 1714 cum
643 1662 691 1714 ei
720 1676 944 1715 vacuum
975 1661 1157 1716 fuerit.
1198 1662 1446 1733 Vigilate,
1502 1673 1645 1718 state
1694 1664 1746 1718 in
1796 1664 1923 1726 fide.
1953 1664 2186 1717 viriliter
2238 1665 2400 1735 agite,
2450 1672 2506 1718 et
2553 1664 2967 1730 confortamini;
2996 1666 3178 1720 omnia
3204 1673 3383 1720 vestra
3415 1665 3467 1719 in
3491 1664 3765 1720 charilate

496 1754 644 1806 fiant.
673 1752 728 1808 ι.
760 1754 997 1810 Obsecro
1028 1764 1207 1809 autem
1238 1770 1354 1820 vos,
1383 1754 1596 1819 fratres,
1632 1755 1685 1809 5.
1710 1756 1884 1811 nostis
1913 1757 2131 1810 domum
2165 1754 2473 1826 Stephanm,
2509 1764 2561 1811 et
2610 1756 2891 1811 Fortunati
2946 1765 2999 1811 et
3041 1757 3286 1823 Achaici,
3339 1758 3595 1827 quoniam
3627 1762 3763 1809 sunt

494 1846 747 1915 pzimitiae
776 1847 1019 1914 Achaia),
1049 1849 1194 1917 prius
1219 1849 1576 1915 crediderunt,
1607 1858 1662 1903 et
1690 1850 1739 1902 iu
1774 1849 2134 1903 ministerium
2181 1859 2492 1903 sanctorum
2523 1851 2910 1906 ordinaverunt
2962 1850 3186 1919 seipsos.
3239 1859 3298 1903 ut
3327 1858 3383 1905 et
3424 1864 3522 1904 vos
3548 1850 3761 1911 subditi

494 1941 616 1995 sitis
641 1939 925 2009 ejusmodi,
951 1950 1007 1997 et
1026 1944 1172 1997 omni
1202 1943 1515 2011 cooperanti
1550 1952 1604 1997 et
1649 1943 1938 1997 laboranti.
1969 1942 2190 1999 Gaudeo
2232 1952 2410 1998 autem
2457 1945 2508 1998 in
2555 1943 2864 2014 praesentia,
2903 1943 2956 1996 id
2984 1951 3082 2006 est,
3126 1942 3248 2012 quia
3298 1941 3559 1995 vobiscum
3612 1950 3764 1995 sunt.

496 2031 806 2103 Stephanio,
842 2044 894 2089 et
920 2035 1201 2089 Fortunati
1240 2044 1293 2089 et
1321 2036 1564 2101 Achaici,
1597 2036 1849 2105 quoniam
1892 2036 1945 2089 id
1967 2036 2108 2105 quod
2136 2036 2287 2094 vobis
2329 2037 2537 2102 deerat,
2589 2037 2687 2105 ipsi
2747 2034 3159 2106 suppleverunt;
3190 2033 3494 2088 refecerunt
3522 2037 3670 2087 enim
3701 2041 3759 2087 et

501 2142 680 2182 meum
707 2126 954 2196 spiritum
984 2136 1038 2181 et
1066 2137 1326 2191 vestrum,
1364 2128 1491 2180 mihi
1531 2128 1877 2180 ministrando
1912 2130 2079 2197 prius,
2110 2139 2156 2183 et
2198 2145 2334 2182 nunc
2377 2146 2463 2182 vos
2506 2128 2850 2182 exhortando.
2904 2126 3241 2197 Cognoscite,
3290 2125 3596 2191 imitamini,
3626 2140 3763 2195 ergo

495 2218 585 2285 qui
616 2214 876 2284 ejusmodi
910 2226 1054 2271 sunt.
1083 2217 1333 2271 Salutant
1360 2233 1453 2273 vos
1485 2218 1738 2272 Ecclesia:
1762 2218 1925 2274 Asiae.
1958 2218 2209 2274 Salutant
2237 2235 2332 2274 vos
2375 2220 2426 2274 in
2477 2220 2705 2274 Domino
2754 2218 3002 2281 multum,
3028 2218 3240 2287 Aquila,
3273 2217 3368 2281 vir,
3399 2224 3453 2271 et
3480 2214 3761 2283 Priscilla,

491 2324 644 2375 uxor,
675 2323 797 2363 cum
827 2308 1118 2362 domestica
1143 2324 1236 2363 sua
1256 2308 1518 2371 Ecclesia,
1547 2310 1601 2362 id
1627 2321 1728 2373 est,
1752 2309 1957 2377 familia
1992 2323 2010 2362 :
2042 2312 2184 2380 apud
2209 2326 2345 2380 quos
2382 2322 2436 2365 et
2461 2311 2721 2380 hospitor.
2751 2309 2998 2363 Salutant
3021 2324 3115 2363 vos
3138 2323 3327 2363 omnes
3356 2307 3571 2362 fratres.
3592 2304 3759 2361 Salu-

491 2408 602 2454 tate
624 2400 855 2455 invicem
887 2400 1071 2471 it185
1100 2398 1286 2455 osculo
1323 2410 1529 2455 sancto.
1567 2400 1858 2466 Salutatio,
1891 2417 2010 2455 mea
2039 2417 2198 2455 manu
2229 2403 2401 2457 Pauli.
2432 2402 2487 2457 Si
2512 2403 2633 2471 quis
2665 2417 2771 2455 non
2816 2406 2962 2454 amat
2985 2400 3266 2454 Dominum
3297 2408 3538 2453 nostrum
3571 2397 3761 2453 lesum

489 2496 785 2561 Christum,
814 2496 865 2559 ϐ,
902 2495 954 2550 7.
980 2497 1050 2549 sit
1077 2498 1385 2559 anathema,
1419 2498 1677 2551 alienatur
1700 2498 1763 2550 ab
1788 2496 2025 2552 Ecclesia
2057 2499 2109 2551 in
2158 2500 2381 2555 adventu
2418 2500 2648 2553 Domini.
2676 2500 2729 2554 8.
2763 2497 3098 2552 Maranatha.
3130 2494 3317 2549 Gratia
3346 2492 3560 2548 Domini
3585 2490 3761 2545 nostri

489 2587 617 2643 .lesu
645 2590 845 2645 Christi
882 2589 1177 2646 vobiscum.
1213 2588 1465 2647 Charitas
1494 2606 1633 2654 mea,
1665 2590 1719 2643 id
1743 2600 1837 2655 est,
1866 2601 1917 2643 ut
1949 2608 2039 2661 ego
2071 2608 2179 2656 vos,
2211 2594 2284 2645 ita
2329 2610 2418 2645 vos
2463 2594 2678 2646 invicem
2729 2590 2985 2661 diligatis,
3030 2604 3154 2647 eum
3200 2586 3450 2643 omnibus
3494 2583 3649 2639 vobis
3700 2583 3760 2636 in

492 2680 707 2737 Christo
734 2681 885 2749 Iesu,
923 2701 1024 2737 non
1064 2684 1247 2737 δίδουιὶ
1283 2685 1560 2737 charitate.
1595 2681 1785 2738 Amen.

1842 2774 2409 2832 COMMENTARIUS.

560 2891 618 2944 2.
660 2887 863 2942 Lsurn.
905 2886 1012 2942 Per
1041 2904 1198 2941 unam
1242 2886 1480 2953 Sabbati,
1510 2887 1560 2941 id
1605 2896 1711 2952 est,
1763 2904 1859 2957 per
1910 2907 2070 2944 unam
2106 2897 2147 2952 Α
2179 2894 2354 2947 datur.

499 2982 642 3036 diem
676 2983 991 3052 septimana:
1034 2980 1187 3050 jubet
1236 2980 1411 3051 colligi
1442 2995 1505 3034 ea
1533 2996 1653 3052 quae
1680 2980 2070 3053 .lerosolymam

495 3073 698 3128 sanctis
729 3072 1101 3127 mittebantur.
1394 3138 1395 3141 η

568 3164 623 3217 5.
668 3162 1029 3216 Ostiumenim
1060 3162 1206 3216 mihi.
1253 3162 1413 3217 Ratio
1434 3176 1531 3217 cur
1561 3170 1839 3231 tantopere
1883 3161 2075 3232 Ephesi

500 3251 572 3306 sit
597 3267 1002 3321 permansurus.
1041 3251 1182 3305 Dicit
1210 3251 1355 3304 enim
1401 3252 1599 3304 ostium
1646 3266 1901 3319 magnum
1958 3266 2079 3306 (esse

502 3353 748 3415 apertum
775 3343 1175 3413 praedicationis
1229 3358 1358 3409 sum,
1409 3360 1504 3413 per
1534 3345 1672 3413 quod
1701 3344 1864 3413 possit
1889 3344 2077 3414 pr:edi-

501 3437 675 3491 cando
702 3437 769 3491 ad
821 3437 981 3491 corda
1031 3435 1357 3490 audientium
1417 3436 1620 3491 intrare
1657 3445 1710 3489 ct
1741 3435 1897 3489 fidem
1922 3435 2080 3490 Chri—

503 3525 735 3579 stianam
766 3525 1115 3596 persuadere.

576 3615 630 3668 4.
674 3614 899 3668 Obsecro
927 3626 1124 3669 autem.
1163 3614 1402 3671 Obsecro
1450 3624 1626 3670 autem
1677 3623 1733 3670 ut
1769 3623 1821 3668 ct
1850 3630 1944 3670 vos
1973 3615 2079 3668 fra-

510 3712 619 3757 tres
649 3702 847 3759 subditi
879 3702 1018 3757 silis.

575 3791 628 3845 5.
675 3791 856 3845 Nostis
903 3793 1181 3861 Stephano:
1241 3794 1472 3848 domum.
1525 3793 1589 3847 lli
1639 3810 1760 3848 cum
1814 3794 2075 3864 Apostolo

510 3881 753 3947 fuerant,
790 3891 837 3937 et
871 3883 1189 3952 quihusdam
1222 3883 1513 3939 Corinthiis
1550 3888 1637 3955 qui
1676 3900 1798 3940 cum
1826 3886 2079 3953 Aposto'o

506 3983 683 4040 erant,
716 3983 771 4029 et
806 3975 903 4043 ipsi
935 3974 1191 4045 Apostolo
1231 3979 1532 4033 necessaria
1564 3994 1702 4048 smpe
1742 3978 2077 4032 ministrave-

506 4075 653 4119 l'lllll.

572 4158 624 4213 6.
663 4158 897 4214 Attenes.
940 4157 1018 4214 Sit
1062 4161 1357 4215 anathema.
1394 4160 1544 4228 Quod
1576 4161 1977 4231 interpretatur.
2018 4159 2071 4213 Si

497 4250 618 4321 quis
657 4251 938 4307 Dominum
975 4252 1155 4307 .lesum
1202 4252 1476 4309 Christum
1520 4269 1624 4306 non
1671 4262 1848 4317 amat,
1891 4252 2069 4306 absci-
2103 4247 2147 4302 Β

2247 2988 2301 3041 7.
2344 2990 2580 3043 Ancusr.
2623 2986 2815 3058 (Epist.
2858 2986 2957 3041 178
2989 2984 3059 3037 ad
3102 2982 3257 3036 Pasc.
3298 2989 3337 3035 t.
3371 2978 3459 3047 ll).
3506 2977 3590 3034 Sit
3629 2994 3750 3031 anah

2179 3079 2373 3143 thema,
2399 3080 2728 3132 maranatha.
2747 3077 2916 3132 Simul
2936 3076 3124 3132 Grzeco
3144 3083 3198 3129 ct
3220 3073 3356 3144 Syro
3379 3072 3551 3125 utitur
3572 3069 3761 3123 verbo.

2182 3169 2242 3224 Si
2270 3172 2413 3240 quis,
2448 3168 2658 3238 inquit,
2686 3184 2788 3222 non
2819 3178 2960 3221 autat
2998 3166 3280 3220 Dominum
3299 3204 3313 3228 ,
3342 3164 3405 3216 sit
3445 3161 3759 3222 anathema,

2181 3260 2515 3313 maranatha.
2552 3259 2851 3313 Anathems
2893 3256 3081 3313 Graeco
3126 3269 3373 3309 sermone
3412 3252 3584 3314 dixit,
3628 3268 3757 3305 con-

2181 3350 2471 3404 demnatus.
2508 3348 2818 3404 Maranatha
2861 3346 3133 3411 definivit,
3173 3346 3335 3399 donec
3370 3343 3539 3398 veniat
3568 3342 3755 3396 Domi-

2182 3458 2280 3495 nus
2296 3482 2310 3504 ,
2342 3442 2421 3503 vel
2454 3442 2645 3494 redeat.

2251 3531 2304 3587 8.
2347 3532 2550 3586 llsaox.
2594 3530 2929 3585 Maranatha.
2969 3529 3138 3599 Magis
3188 3527 3382 3599 Syrum
3426 3535 3547 3591 est,
3596 3543 3757 3596 quam

2183 3620 2495 3686 liehr:eum,
2532 3630 2636 3673 tam
2668 3620 2766 3674 etsi
2802 3635 2866 3674 ex
2899 3617 3131 3674 conﬁnio
3160 3626 3507 3685 utrarumque
3544 3616 3750 3684 lingua-

2185 3725 2301 3763 rum
2351 3710 2531 3779 aliquo
2577 3718 2632 3763 et
2672 3709 2955 3763 Hebraeum
3005 3716 3197 3772 sonet,
3246 3715 3301 3761 et
3345 3708 3753 3776 interpretatur,

2182 3799 2439 3854 Dominus
2487 3811 2660 3854 noster
2696 3800 2847 3854 venit.
2891 3799 2958 3854 Ut
2994 3799 3063 3855 sit
3096 3814 3287 3853 sensus
3322 3817 3334 3852 :
3382 3797 3437 3853 Si
3486 3799 3606 3867 quis
3648 3813 3757 3851 non

2184 3902 2329 3945 amat
2359 3891 2641 3946 Dominum
2671 3889 2852 3945 .lesum
2872 3932 2885 3955 ,
2917 3890 3231 3953 anathema,
3262 3898 3314 3943 et
3345 3888 3435 3942 illo
3466 3888 3753 3959 completo,

2180 3982 2433 4051 deinceps
2466 3980 2725 4035 inferatur
2755 3998 2767 4033 :
2802 3979 3056 4034 Dominus
3092 3990 3265 4034 noster
3292 3980 3445 4034 venit.
3487 3977 3639 4044 Quod
3667 3994 3730 4031 su

2180 4075 2379 4147 perflue
2439 4075 2508 4128 sit
2563 4074 2846 4128 adversum
2892 4087 3015 4126 eum
3054 4070 3193 4126 odiis
3227 4069 3591 4139 pertinacibus
3626 4085 3746 4123 con-

2182 4166 2401 4220 tendere
2428 4165 2563 4219 velle
2593 4179 2749 4234 quem
2774 4164 2886 4234 jam
2918 4161 3127 4217 venisse
3152 4169 3381 4216 constat.

579 4571 1087 4651 EPISTOLA
1143 4575 1228 4650 B.
1309 4575 1619 4649 PAULI
1682 4571 2188 4649 APOSTOLI
2254 4572 2383 4647 AD
2441 4567 3081 4647 CORINTHIOS
3142 4566 3638 4644 SECUNDA.

1168 4768 1343 4829 CUM
1377 4766 1926 4827 INTERJECTIS
1964 4764 2035 4826 Β.

2198 4762 2566 4826 NFRANCI
2608 4761 3071 4825 GLOSSULIS.

568 4937 965 4990 Aacuurznruu.
1012 4962 1083 4971 -——
1133 4929 1257 4983 Post
1315 4938 1483 4982 actam
1516 4946 1547 4982 a
1606 4926 1889 4982 Corinthiis
1941 4928 2328 4995 pamitentiam.
2369 4926 2771 4981 consolatoriam
2816 4925 2992 4979 scribit
3028 4925 3102 4995 eis
3142 4924 3429 4991 Epistolam
3469 4925 3746 4993 Apostolus

492 5023 523 5057 a
570 5004 803 5066 Troade,
836 5019 927 5073 per
968 5000 1161 5054 Titum.
1212 4999 1277 5052 Et
1313 4997 1619 5052 collaudatis
1661 5014 1782 5061 eos,
1824 4999 2064 5050 hortatur
2117 4999 2185 5052 ad
2240 4996 2493 5061 meliora,
2534 4997 2867 5050 contristatos
2916 4994 3124 5064 quidem
3166 5011 3284 5059 eos,
3323 4996 3415 5050 sed
3451 4998 3745 5050 emendatos

490 5075 783 5129 ostendens.

1890 5154 2118 5211 CAPUT
2162 5152 2451 5209 PRIMUM.

564 5257 766 5311 Paulus
809 5252 1100 5325 Apostolus
1128 5251 1253 5307 Jesu
1284 5249 1482 5305 Christi
1528 5264 1621 5318 per
1647 5248 1972 5302 voluntatem
2019 5246 2144 5311 Dei,
2174 5263 2275 5300 non
2306 5246 2561 5312 hominis,
2610 5245 2687 5300 vel
2719 5263 2821 5300 non
2850 5245 3046 5300 meritis
3070 5285 3085 5309 ,
3115 5254 3171 5299 et
3211 5244 3524 5301 Timotheus
3552 5243 3741 5311 frater,

492 5352 747 5407 Ecclesiae
780 5350 905 5414 Dei,
933 5362 1051 5418 qua:
1080 5354 1163 5400 est
1195 5344 1472 5410 Corinthi,
1518 5359 1639 5397 cum
1672 5343 1921 5397 omnibus
1947 5342 2147 5397 sanctis
2185 5344 2275 5412 qui
2305 5351 2429 5397 sunt
2457 5343 2509 5395 in
2544 5341 2790 5395 universa
2820 5341 3045 5404 Achaia,
3083 5339 3270 5395 Gratia
3307 5342 3459 5396 vobis
3485 5350 3537 5395 et
3581 5358 3683 5412 pax
3713 5358 3742 5395 a

494 5447 605 5501 Deo
636 5446 796 5499 Patre
827 5455 1010 5498 nostro
1038 5483 1051 5508 ,
1081 5451 1134 5497 et
1171 5441 1395 5496 Domino
1425 5439 1552 5494 Jesu
1595 5440 1831 5494 Christo.
1877 5439 2196 5494 Benedictus
2232 5438 2372 5492 Deus
2415 5446 2468 5492 et
2497 5437 2659 5491 Pater
2695 5436 2906 5489 Domini
2953 5436 3120 5489 nostri
3163 5434 3286 5490 Jesu
3320 5435 3556 5501 Christi,
3590 5448 3742 5503 pater

496 5542 1025 5607 tnisericordiarum,
1061 5557 1162 5593 non
1192 5540 1346 5593 unius
1374 5547 1574 5591 tantum
1597 5580 1611 5602 ,
1650 5538 1739 5591 sed
1766 5536 1997 5603 plurium
2029 5535 2311 5589 secundum
2347 5534 2737 5603 participantcs,
2768 5540 2824 5586 et
2868 5532 2917 5585 l.
2954 5531 3094 5586 Deus
3123 5531 3285 5585 totius
3315 5532 3699 5587 consolationis
3719 5572 3735 5594 ,

1833 5654 2397 5715 COMMENTARIUS.

567 5748 716 5803 CAP.
761 5750 810 5803 l.
850 5783 916 5792 --
946 5753 991 5806 l.
1034 5753 1267 5807 Asianos.
1312 5751 1450 5806 Deus
1476 5736 1631 5806 totius
1666 5749 2051 5803 consolationis.

2162 5746 2522 5802 consolatione
2563 5745 2811 5812 incmpit,
2852 5746 2989 5799 unde
3037 5742 3370 5812 refrigerium
3409 5743 3503 5797 dat
3540 5743 3637 5806 eis,
