3880 6306
105 378 190 440 In
770 370 837 429 IN
871 373 1178 432 D..PAUL|
1213 376 1430 433 EPIST.
1469 377 1825 437 COMMENT.
1866 410 1934 421 ——-
1972 379 2188 435 EPIST.
2215 379 2258 434 ll
2291 379 2380 434 AD
2418 378 2566 436 COR.
3221 375 3322 431 218

107 500 149 553 ἓ.
175 494 253 566 qui
284 489 585 549 consolatur
607 503 704 545 nos
735 489 787 542 in
815 491 961 545 omni
995 491 1339 549 tribulatione
1367 502 1571 558 nostra,
1609 503 1667 548 ut
1695 495 1965 563 possimus
2007 503 2061 549 et
2098 494 2199 564 ipsi
2229 493 2493 549 consolari
2547 491 2712 547 verbis
2751 489 2826 544 vel
2850 488 3081 560 exemplo
3110 502 3206 545 eos
3233 494 3322 560 qui

108 591 299 649 inomni
328 602 577 659 pressura
607 593 764 650 sunt,
809 601 906 656 per
932 587 1362 643 exhortationem
1396 587 1526 658 (ipse
1556 589 1863 643 exhortatur
1899 607 1990 643 nos
2018 590 2130 660 86
2152 631 2166 653 ,
2206 600 2249 641 et
2294 605 2384 658 per
2424 605 2514 641 nos
2544 584 2701 658 alios)
2762 603 2864 655 qua
2891 588 3245 643 exhortamur
3272 599 3328 644 et

109 689 187 759 ipsi
211 703 236 741 a
259 687 381 751 Deo,
406 685 544 738 intus
588 700 676 754 per
701 684 962 752 spiritum.
994 682 1297 753 Responsio.
1338 684 1602 751 Quoniam
1634 685 1770 740 sicut
1800 686 2075 740 abundant
2102 685 2426 755 (consolatur
2452 696 2571 736 tunc
2600 700 2687 737 vos
2718 683 2773 736 in
2804 684 2942 736 omni
2970 684 3325 757 tribulatione)

107 780 347 850 p'ssiones
370 776 574 832 Christi
604 776 654 829 in
681 774 858 839 nobis,
888 791 1018 845 quas
1045 792 1140 846 pro
1172 775 1379 831 Christo
1406 778 1660 847 patimur,
1690 778 1763 831 ita
1790 786 1843 832 et
1872 793 1969 847 per
1994 778 2265 832 Christum
2294 776 2529 831 abundat
2560 775 2855 831 co::solatio
2885 786 3065 831 nostra
3114 777 3325 847 (ex/ior-

107 872 248 941 ttn‘o).
281 872 400 926 Sive
437 881 618 926 autem
661 869 983 924 tribulamur
1024 885 1123 940 pro
1156 881 1335 926 vestra
1368 872 1775 939 exhortatione,
1822 873 2053 941 exemplo
2085 874 2283 937 nostri,
2325 872 2403 927 vel
2442 873 2589 927 verba
2628 872 2798 941 facta,
2830 880 2885 926 et
2923 872 3094 925 salute
3135 884 3327 926 reierna

108 970 380 1023 tribulamur
401 985 421 1022 :
444 967 562 1023 sive
602 966 946 1023 consolamur
980 983 1077 1036 pro
1107 976 1287 1024 vestra
1319 968 1724 1034 consolatione,
1761 969 1875 1024 sive
1904 969 2258 1024 exhortamur
2287 986 2381 1023 nos
2415 970 2555 1022 intus
2582 986 2613 1021 a
2644 965 2843 1037 Spiritu
2875 978 3056 1021 sancto
3077 1009 3091 1032 ,
3129 970 3180 1022 '5.
3229 984 3328 1037 pro

106 1075 255 1123 vestra
279 1065 679 1129 exhortatione,
708 1074 764 1119 ut
794 1082 882 1122 vos
911 1065 1266 1131 exhortemur,
1293 1075 1349 1120 et
1373 1065 1570 1131 salute,
1616 1075 1807 1130 vestra,
1839 1066 1893 1121 4.
1926 1082 2067 1136 qum,
2098 1065 2292 1120 scilicet
2330 1064 2475 1119 salus
2495 1105 2509 1129 ,
2546 1064 2623 1118 vel
2649 1062 2955 1127 consolatio,
2987 1063 3062 1117 vel
3086 1064 3332 1117 exbort.-.-

108 1164 183 1225 tio,
205 1171 444 1229 operatur
471 1159 815 1215 tolerantiam
844 1161 898 1214 in
930 1159 1070 1215 vobis
1094 1160 1404 1216 earumdem
1437 1161 1752 1231 passionum
1781 1178 1920 1232 quas
1950 1172 2005 1217 et
2032 1177 2132 1216 nos
2157 1162 2413 1232 patimur,
2444 1161 2497 1215 5.
2524 1170 2581 1214 ut
2608 1162 2705 1222 ita,
2736 1158 2813 1212 vel
2850 1158 3005 1223 unde,
3040 1160 3115 1212 rel
3145 1160 3211 1211 ad
3236 1163 3330 1212 hoc

108 1269 208 1323 spes
230 1262 417 1318 nostra,
443 1257 587 1325 quod
612 1272 883 1327 speramus
906 1273 995 1311 vos
1021 1256 1323 1324 salvandos,
1359 1258 1515 1312 firma
1543 1258 1612 1313 sit
1635 1273 1733 1329 pro
1763 1259 1939 1324 vobis,
1963 1260 2199 1314 scientes
2226 1260 2368 1330 quod
2404 1259 2544 1314 sicut
2566 1256 2694 1311 socii
2720 1253 3028 1325 passionum
3062 1255 3218 1317 estis,
3250 1255 3329 1309 sie

110 1350 231 1403 tritis
256 1360 304 1403 et
332 1351 720 1408 consolationis
748 1362 978 1417 teternte,
1014 1352 1090 1407 vel
1116 1354 1322 1424 prtemii
1349 1356 1556 1408 teterni.
1587 1354 1641 1420 6,
1675 1355 1727 1409 7.
1770 1353 1887 1409 Non
1915 1355 2059 1410 enim
2089 1354 2337 1410 volumus
2367 1353 2615 1425 ignorare
2655 1365 2751 1406 vos
2773 1391 2787 1414 ,
2817 1350 3029 1411 fratres,
3062 1356 3126 1405 de
3157 1351 3329 1404 tribu-

112 1444 276 1501 latione
301 1454 481 1501 nostra
520 1447 852 1518 (Responsio.
882 1448 1056 1515 ,Passi
1080 1450 1219 1503 enim
1253 1466 1433 1504 sumus
1463 1450 1807 1505 vehementem
1832 1450 2124 1520 passionem
2153 1466 2173 1503 :
2198 1458 2246 1503 et
2283 1450 2380 1503 hoc
2403 1447 2643 1503 nolumus
2673 1463 2758 1501 vos
2790 1447 3076 1516 ignorare),
3127 1449 3181 1500 8.
3215 1463 3333 1516 qute

113 1539 228 1593 facta
248 1550 323 1595 est
348 1542 399 1596 in
424 1542 579 1608 Asia,
603 1543 858 1612 quoniam
887 1560 1050 1615 supra
1081 1546 1297 1599 modum
1326 1546 1533 1616 gravati
1560 1562 1747 1601 sumus
1773 1562 1934 1617 supra
1976 1547 2254 1609 virtutem,
2280 1545 2587 1610 humanam,
2619 1544 2690 1597 ita
2718 1552 2774 1597 ut
2801 1545 3088 1616 (exprimit)
3116 1546 3333 1598 taederet

113 1647 192 1687 nos
231 1633 380 1689 etiam
434 1635 662 1702 vivere,
721 1654 823 1692 non
870 1656 1200 1710 speraremus
1268 1643 1469 1706 vivere,
1524 1642 1614 1696 sed
1666 1644 1819 1695 mori.
1872 1641 1977 1697 Sed
2044 1642 2143 1713 ipsi
2204 1643 2256 1697 in
2316 1640 2721 1710 nobismetipsis
2777 1655 3089 1710 resinousum
3144 1640 3334 1694 mortis

115 1730 403 1793 (conscientia
456 1741 639 1786 nostra
682 1733 828 1788 nobis
871 1744 1074 1789 tantum
1121 1746 1339 1791 mortem
1368 1738 1758 1807 respondebat),
1808 1738 2135 1805 habuimus,
2179 1737 2362 1809 plagas
2413 1738 2596 1792 mortis
2648 1736 2918 1807 sperabant
2967 1752 3067 1788 non
3098 1735 3331 1803 evadere,

114 1833 158 1876 ut
199 1839 290 1878 non
341 1825 508 1882 simus
553 1827 783 1883 fidentes
868 1830 922 1885 in
971 1830 1156 1898 nobis,
1214 1833 1308 1887 sed
1358 1834 1409 1887 in
1463 1836 1571 1889 Deo
1615 1834 1708 1907 (ita
1752 1835 1891 1904 ﬁdus
1938 1852 2083 1890 eram
2128 1837 2193 1889 de
2240 1844 2405 1889 morte
2451 1845 2506 1889 ut
2556 1835 2677 1907 quia
2734 1849 2835 1886 non
2890 1844 3127 1886 mortuus
3174 1849 3284 1884 sum
3316 1874 3331 1894 ,

112 1936 191 1972 non
220 1921 413 1976 debeam
442 1924 673 1995 amplius
719 1926 884 1996 ﬁdere
918 1928 971 1982 in
1015 1946 1114 1993 me,
1158 1931 1249 1983 sed
1298 1930 1351 1985 in
1394 1930 1536 1996 Deo,
1580 1933 1670 2001 qui
1716 1949 1794 1986 me
1832 1932 1945 2002 jam
1998 1943 2261 1987 mortuum
2308 1932 2517 1997 eripuit,
2566 1930 2706 2002 quod
2745 1929 2861 1983 ideo
2917 1928 3149 1997 permisit
3197 1927 3333 1980 Ders

112 2032 236 2084 supra
270 2019 501 2074 virtutem
535 2022 824 2086 tribulari,
866 2034 915 2077 et
959 2042 1053 2079 suo
1101 2025 1299 2081 auxilio
1349 2026 1507 2080 voluit
1536 2027 1753 2097 jurari,
1804 2039 1858 2081 ut
1908 2046 2009 2082 non
2059 2028 2222 2083 simus
2269 2027 2585 2097 conﬁdentes
2612 2026 2665 2080 in
2718 2024 2910 2093 nobis),
2956 2022 3046 2092 qui
3102 2023 3327 2076 suscitat

113 2122 309 2169 mortuos
337 2116 648 2187 (einpltasis,
695 2119 750 2173 id
779 2128 852 2173 est
899 2123 1276 2192 exaggeratio),
1306 2124 1394 2193 qui
1431 2124 1497 2179 de
1529 2127 1693 2181 tantis
1742 2126 1998 2197 periculis
2047 2142 2145 2181 nos
2172 2125 2369 2196 eripuit
2410 2135 2464 2179 et
2494 2124 2670 2186 eruit;
2723 2122 2773 2176 in
2816 2135 2973 2190 quem
3020 2134 3324 2189 speramus,

115 2209 323 2273 qttauiam
366 2222 419 2265 et
460 2212 642 2268 adhuc
684 2215 910 2284 eripiet,
966 2217 1345 2287 adjuvantibus
1392 2228 1445 2274 et
1484 2221 1635 2275 vobis
1685 2222 1878 2291 (captio
1928 2222 2320 2287 benevolentiw,
2351 2228 2417 2276 ‘et
2468 2220 2552 2275 sui
2601 2219 2921 2289 Itumiliatio)
2978 2217 3028 2270 in
3081 2219 3324 2271 oratione

114 2302 223 2369 ficta
262 2323 349 2375 pro
390 2310 565 2375 nobis,
616 2320 676 2364 ut
708 2313 901 2366 scilicet
940 2327 1004 2367 ex
1046 2314 1095 2367 9.
1139 2314 1430 2369 multorum
1483 2316 1639 2386 (idem
1676 2324 1813 2386 quod
1850 2334 1940 2386 per
1985 2317 2196 2384 multos)
2246 2316 2492 2386 personis
2526 2315 2804 2369 masculini
2843 2330 3032 2377 sexus,
3089 2323 3133 2366 et
3176 2311 3329 2381 femi-

115 2403 223 2467 nini,
250 2403 381 2472 ejus,
427 2422 547 2477 quae
588 2408 644 2462 in
695 2410 848 2464 nobis
888 2421 1000 2473 est,
1044 2411 1381 2481 professionis
1437 2410 1513 2465 vel
1555 2412 1877 2465 liberationis
1918 2428 2076 2477 mete,
2137 2412 2463 2476 donationis,
2507 2412 2561 2464 id
2604 2422 2675 2466 est
2704 2452 2718 2477 ,
2752 2410 3189 2475 Christianitatis,
3232 2426 3328 2477 per

116 2500 270 2556 mullos
286 2504 463 2573 gratia:
484 2513 722 2576 agantur
758 2522 855 2577 pro
881 2508 1035 2563 nobis
1058 2508 1185 2562 Deo.
1223 2509 1284 2563 l0
1305 2551 1318 2573 ,
1351 2510 1435 2563 11.
1475 2507 1571 2563 Vos
1599 2526 1693 2578 pro
1724 2509 1871 2563 nobis
1899 2525 2050 2563 orare
2077 2509 2313 2575 debetis;
2342 2525 2463 2563 nam
2497 2509 2663 2581 gloria
2692 2518 2875 2564 nostra
2906 2510 3018 2565 haec
3062 2518 3168 2572 est,
3217 2506 3328 2577 8‘7

118 2596 433 2655 testimonium
461 2602 819 2658 conscientiae
841 2613 1061 2668 nostrae,
1091 2604 1231 2668 quod
1258 2604 1393 2673 (ideo
1425 2605 1637 2675 dignum
1665 2616 1737 2658 est
1758 2620 1852 2675 pro
1885 2620 1964 2657 me
1991 2604 2186 2674 gratias
2214 2604 2320 2674 agi,
2349 2622 2469 2658 nam
2498 2607 2551 2657 in
2581 2603 2911 2673 simplicitate
2966 2616 3010 2658 et
3037 2605 3335 2657 sinceritate

116 2702 392 2746 conversatus
419 2710 535 2747 sum
568 2694 707 2762 apud
739 2694 845 2765 ros)
876 2695 926 2748 in
965 2694 1312 2764 simplicitate
1344 2713 1446 2750 non
1470 2696 1690 2766 duplicis
1718 2695 1917 2761 cordis,
1950 2703 2004 2750 et
2034 2695 2348 2750 sinceritate
2380 2694 2494 2760 Dei,
2521 2712 2552 2747 a
2584 2693 2691 2748 Deo
2724 2694 2923 2761 habita,
2947 2703 3003 2749 et
3032 2710 3135 2748 non
3174 2692 3252 2746 12.
3281 2691 3330 2745 iu
3395 2760 3405 2769 .

116 2780 332 2846 Sapientia
370 2785 609 2848 carnali,
633 2795 688 2838 ut
713 2787 929 2856 pseudo.
962 2788 1047 2842 15.
1082 2786 1187 2840 Sed
1220 2786 1273 2841 in
1306 2788 1474 2857 gratia
1529 2789 1643 2856 Dei,
1674 2788 1975 2843 conversari
2009 2803 2198 2843 sumus
2230 2788 2282 2841 in
2313 2792 2414 2842 hoc
2458 2787 2675 2853 mundo,
2717 2786 2796 2839 l4.
2827 2787 3188 2840 abundantius
3230 2800 3328 2837 au-

117 2874 198 2920 tem
237 2870 313 2937 ad,
343 2875 499 2941 apird,
546 2888 671 2928 vos.
704 2874 792 2928 15.
822 2873 937 2929 Non
983 2876 1129 2930 enim
1163 2874 1269 2929 alia
1298 2876 1589 2931 scribimus
1631 2877 1802 2940 vobis,
1841 2893 2002 2946 quant
2049 2893 2169 2948 quae
2201 2877 2428 2949 legistis,
2457 2885 2510 2931 et
2541 2877 2885 2947 cognovistis,
2918 2876 2973 2930 in
3015 2893 3093 2931 me
3128 2876 3311 2945 fuisse.

1405 2987 1978 3045 COMMENTARIUS.

117 3099 184 3166 qui
202 3104 528 3171 correptionis
567 3118 729 3158 causa
762 3103 975 3158 fuerant
998 3104 1323 3169 contristati,
1346 3114 1399 3159 et
1432 3104 1641 3158 Patrem
1674 3112 1716 3166 Α
1749 3104 1867 3166 hic,
1899 3119 2016 3172 qua:
2046 3113 2128 3158 est
2170 3103 2328 3157 totius
2360 3103 2543 3156 mutuli
2582 3103 2739 3157 tertia
2772 3118 2927 3172 pars;
2971 3100 3064 3156 sed
3104 3102 3165 3154 de
3197 3116 3332 3169 qua-

119 3192 568 3252 miserlcordiarum
598 3198 693 3257 ait.
734 3205 956 3268 propter
990 3198 1199 3251 diversa
1235 3208 1477 3266 peccata,
1511 3206 1564 3249 et
1593 3207 1649 3250 ut
1754 3197 1873 3251 dam
1909 3197 2215 3265 prmincia,
2262 3212 2379 3265 qua:
2412 3196 2578 3264 ipsius
2624 3195 2844 3263 majoris
2872 3195 3013 3248 Asiae
3042 3208 3166 3263 pars
3213 3202 3330 3256 est;

119 3296 480 3352 «agnosceretur
521 3302 631 3358 per
669 3287 1095 3343 misericordiam
1133 3288 1433 3344 reformare
1474 3289 1646 3359 poeni-
1752 3285 1871 3354 ejus
1904 3296 2081 3341 tamen
2116 3288 2331 3342 notuiae
2365 3296 2723 3356 nuncupatur.

120 3381 274 3432 ttntes.
1820 3379 1873 3433 9.
1915 3379 2205 3433 Multarum
2243 3380 2498 3449 personis.
2549 3380 2721 3433 Causa
2755 3395 2853 3433 cur
2889 3379 3065 3433 adhuc
3108 3379 3332 3448 eripiet,

171 3465 425 3525 1th“.
466 3471 581 3537 Qui
610 3472 909 3526 consolatur
936 3489 1051 3526 nos.
1081 3472 1184 3526 Per
1206 3473 1307 3527 hoc
1332 3472 1441 3542 jam
1465 3482 1649 3526 osten—
1750 3480 1810 3525 ut
1852 3472 2135 3537 videlicet,
2187 3487 2251 3525 ex
2294 3473 2584 3525 multarum
2630 3472 2888 3527 facierum
2943 3471 3184 3541 personis
3209 3512 3223 3535 ,
3267 3473 3334 3523 ad

120 3555 584 3618 ditconsolatoriam
610 3579 731 3618 esse
753 3563 1082 3632 Epistolam;
1108 3563 1218 3618 vult
1240 3564 1381 3619 enim
1403 3564 1651 3619 omnibus
1750 3562 1916 3618 Deum
1946 3575 2162 3634 propter
2190 3578 2376 3618 eorum
2404 3564 2840 3635 praedicationem
2872 3561 3148 3617 conversis
3167 3603 3179 3626 ,
3214 3575 3336 3632 gra-

120 3650 365 3719 ronsolari,
413 3664 464 3710 ct
510 3654 626 3711 illis
671 3656 1039 3722 contristatis,
1090 3664 1144 3710 et
1184 3655 1255 3709 illi
1309 3654 1518 3724 abjecto
1560 3656 1646 3723 qui
1752 3656 1837 3710 tiae
1861 3667 2087 3727 agantur
2116 3657 2223 3710 Deo
2253 3672 2348 3725 per
2373 3672 2558 3711 eormn
2590 3656 3047 3726 przedieationem,
3080 3670 3176 3724 per
3202 3654 3335 3707 mul-

120 3756 296 3798 uxorem
322 3749 449 3816 patri
481 3747 815 3813 abetulerat;
846 3758 901 3803 et
930 3758 1149 3818 propter
1169 3747 1271 3801 hoc
1300 3746 1463 3801 dixit:
1490 3746 1653 3800 Pater
1749 3758 1832 3803 tos
1864 3750 2122 3804 habentes
2151 3765 2266 3803 eam
2298 3749 2637 3805 donationem
2671 3750 2790 3805 lidei
2823 3765 2940 3819 quae
2971 3750 3020 3802 in
3056 3748 3184 3817 ipsis
3214 3756 3322 3801 est.

119 3834 538 3895 misericordiarum
570 3850 617 3894 et
647 3840 784 3895 Deus
812 3841 992 3904 totius,
1023 3848 1127 3894 etc.
1749 3842 2014 3898 Personas
2044 3853 2224 3897 autem
2259 3843 2548 3897 multarum
2576 3843 2833 3896 lacierum
2870 3850 3047 3902 vocat,
3078 3839 3333 3904 infantes,

170 3926 215 3981 3.
250 3928 342 3985 Pro
365 3932 524 3989 vestra
557 3934 937 3988 exhortatione.
972 3932 1268 4000 Quamdam
1300 3947 1521 3987 causam
1556 3931 1651 3985 tri-
1750 3951 1967 4006 pueros,
1997 3946 2051 3991 et
2074 3948 2300 3992 caeteras
2328 3944 2513 3990 aetates
2539 3937 2818 3989 honnnum
2845 3933 3125 4001 utriusque
3152 3946 3335 3985 sexus.

119 4016 356 4078 hulatiouis
415 4041 523 4080 suae
588 4026 839 4094 supponit
871 4066 886 4089 ,
958 4032 1016 4077 ut
1078 4023 1327 4079 videlicet
1385 4021 1648 4077 Corinthii
1820 4030 1904 4084 10.
1931 4029 2068 4083 Nam
2099 4028 2265 4102 gloria
2297 4038 2495 4082 nostra.
2522 4027 2678 4082 Ratio
2708 4042 2804 4081 enr
2827 4042 2919 4080 eos
2940 4024 3049 4095 37
3074 4023 3329 4093 adjuvare

119 4115 321 4183 exemplo
360 4115 469 4186 ejus
514 4118 797 4188 prementi
846 4118 1203 4172 exhortentur
1249 4115 1316 4169 ad
1366 4115 1648 4170 ferendum

1805 4124 1998 4186 abeant,
2043 4123 2094 4176 in
2149 4121 2484 4176 orationibus
2530 4120 2801 4181 videlicet,
2865 4119 2992 4188 quia
3053 4116 3337 4171 conscien-

120 4198 466 4270 ιτίυυιειιῐθιιθε,
510 4214 575 4261 et
618 4207 697 4261 sic
746 4204 974 4261 salutem
1024 4206 1407 4275 sempiternam
1454 4220 1648 4260 conse-
1758 4212 1829 4265 tia
1854 4227 2038 4267 eorum
2064 4213 2215 4266 testis
2239 4211 2474 4280 sitquod
2499 4211 2711 4265 sincere
2735 4207 3033 4262 conversati
3061 4206 3169 4260 sint
3194 4205 3337 4258 inter

120 4300 324 4356 quatitur.
1755 4320 1867 4358 ρος,

171 4380 216 4434 4.
252 4383 367 4449 Qua:
396 4400 679 4458 operantur
710 4390 1061 4444 tolerantiam.
1096 4390 1230 4457 Spes
1262 4388 1455 4444 salutis
1490 4399 1650 4443 mter-
1680 4459 1709 4463 ῳ
1822 4396 1907 4449 tt.
1940 4394 2173 4449 AMBROS.
2236 4395 2375 4447 Nam
2427 4393 2616 4463 gloria.
2668 4391 2825 4447 Ratio
2876 4388 3230 4460 quamobrem
3271 4385 3338 4442 de

119 4485 181 4525 hic
198 4488 423 4544 operatur
446 4481 817 4546 tolerantiam,
851 4482 901 4536 id
928 4491 1029 4547 est,
1058 4482 1375 4550 patientiam
1401 4482 1451 4535 in
1476 4482 1648 4536 servis
1679 4459 1721 4518 Β
1750 4486 1861 4541 Deo
1889 4500 1990 4539 non
2038 4485 2330 4547 tlillidebttl,
2392 4485 2515 4553 quia
2570 4485 2620 4537 in
2653 4482 2997 4552 simplicitate
3048 4496 3336 4536 conversa-

120 4560 209 4626 Dei,
235 4572 342 4636 quia
370 4583 593 4643 propter
624 4574 791 4643 ipsam
823 4575 1048 4629 adversa
1086 4574 1404 4628 tolerantur.
1750 4577 1932 4631 batur.
1967 4578 2033 4630 Et
2061 4578 2174 4631 haec
2204 4586 2286 4631 est
2316 4576 2487 4646 gloria
2536 4576 2899 4641 conscientia‘,
2931 4574 3246 4643 simplicitas
3284 4580 3339 4627 et

170 4656 213 4711 5.
248 4658 303 4713 Ut
324 4680 430 4730 spes
453 4676 652 4719 nostra.
678 4664 808 4717 Cum
835 4665 1147 4733 principalis
1167 4681 1328 4719 causa
1357 4664 1650 4719 tolerantia:
1750 4670 2056 4725 sinceritas.

120 4740 289 4804 i"Orum
329 4754 461 4808 dicta
509 4754 583 4808 sit
614 4754 759 4809 Salus
787 4764 1022 4820 acterna,
1073 4755 1233 4808 aliam
1275 4771 1493 4809 causam
1525 4772 1650 4826 sup-
1822 4764 1903 4817 12.
1940 4763 2139 4819 Lassa.
2177 4762 2240 4818 In
2263 4763 2540 4833 sapientia.
2577 4762 2849 4832 Sapientia
2878 4761 3114 4816 carnalis
3141 4769 3219 4814 cst
3251 4777 3339 4815 vo-

119 4837 251 4926 ponit,
278 4851 330 4895 ut
362 4845 613 4901 videlicet
644 4859 766 4915 spes
794 4861 914 4911 sua,
947 4861 1109 4916 quam
1141 4861 1239 4916 pro
1271 4846 1358 4901 bis
1391 4846 1644 4911 habebat,
1748 4855 1981 4925 luptatcs
2014 4856 2253 4926 diligere,
2292 4854 2508 4909 labores
2545 4855 2733 4908 vitam,

120 4922 238 4982 ﬁrma
266 4946 526 5004 ai’l’areat.
1805 4922 1904 5003 d5.
1963 4948 2070 5004 Sed
2112 4922 2171 5001 in
2207 4948 2404 5019 gratia,
2433 4946 2486 5001 id
2533 4954 2636 5009 est,
2680 4944 3025 4999 observantia
3075 4943 3335 4997 bonorum

170 5020 213 5072 6.
252 5024 473 5085 Asianos.
519 5030 645 5086 Non
698 5032 833 5085 enim
883 5030 1141 5087 volumus.
1192 5031 1317 5085 Ideo
1367 5031 1644 5100 passiones
1753 5055 2141 5112 oper-umqum
2167 5054 2264 5108 per
2287 5040 2514 5109 gratiam
2545 5036 2637 5091 Dei
2666 5038 2839 5091 datur.

119 5123 436 5176 Wessurarum
470 5124 710 5190 indicat,
748 5133 806 5180 ut
833 5126 1084 5180 ostendat
1120 5140 1239 5194 quae
1272 5124 1409 5177 mala
1440 5164 1454 5187 ,
1482 5138 1643 5179 causa

1819 5132 1906 5186 M.
1938 5131 2175 5186 AMBROS.
2208 5128 2575 5182 Abundantius
2604 5139 2797 5181 autem.
2823 5126 2958 5193 Quia
2985 5139 3107 5179 eum
3130 5121 3197 5174 ab
3219 5120 3337 5175 aliis

119 5205 267 5264 Salutis
291 5229 463 5270 eorum
492 5219 827 5287 patiebatur;
865 5226 923 5271 ut
952 5233 1055 5271 non
1086 5217 1304 5285 gravius
1334 5216 1567 5278 ferrent.
1599 5215 1642 5269 si
1747 5224 2037 5293 acceperit,
2071 5224 2139 5276 ab
2170 5222 2256 5277 his
2289 5221 2483 5287 noluit,
2510 5235 2576 5276 ne
2617 5220 2873 5291 arguendi
2905 5233 2999 5272 eos
3041 5214 3337 5268 auctorita-

120 5293 170 5348 a‘o
200 5298 276 5355 illo
301 5306 713 5377 eorriperentur,
743 5309 834 5379 qui
884 5317 991 5361 tam
1019 5322 1208 5378 aSpera
1249 5323 1347 5377 pro
1380 5307 1484 5361 illis
1514 5307 1644 5362 tole-
1749 5326 1855 5372 tem
1889 5316 2184 5370 amitteret.

120 5390 254 5446 “ltiti.
1816 5401 1905 5457 15.
1942 5402 2145 5456 Laure.
2182 5401 2303 5454 Non
2333 5399 2468 5453 enim
2498 5399 2632 5453 alias
2655 5397 2948 5452 scribimus.
2974 5393 3069 5450 Vel
3093 5393 3290 5448 dicitur
3320 5410 3332 5447 :

171 5477 216 5531 7.
248 5482 429 5542 Lassa.
472 5491 590 5547 Non
626 5494 761 5549 enim
802 5506 1057 5547 rotumus.
1099 5491 1332 5563 Exponit
1372 5494 1512 5561 quod
1558 5507 1644 5547 su-
1742 5495 1799 5551 In
1828 5495 2172 5565 simplicitate
2187 5494 2357 5549 dicis:
2385 5492 2463 5547 Tu
2488 5492 2540 5546 in
2572 5491 2673 5545 alia
2703 5488 2936 5559 Epistola
2968 5487 3259 5558 promisisti
3287 5496 3337 5541 te

120 5574 264 5633 l‘crius
287 5583 440 5650 dixit;
475 5587 590 5642 Sive
618 5601 793 5643 autent
823 5589 1156 5644 tribulamur.
1192 5589 1255 5642 Et
1285 5590 1425 5659 quod
1458 5599 1639 5659 postea
1743 5597 2027 5643 venturum
2062 5586 2127 5641 ad
2161 5601 2279 5649 nos,
2323 5594 2375 5639 et
2406 5599 2509 5638 non
2555 5581 2767 5636 venisti.
2800 5579 2916 5633 Non
2962 5594 3105 5643 sum,
3138 5578 3333 5647 inquit,

122 5663 244 5754 illis:
275 5672 409 5731 Sicut
438 5684 561 5735 socii
586 5686 911 5754 passionum,
943 5694 1050 5739 etc.
1406 5708 1409 5709 ν
1746 5680 1897 5740 levis,
1927 5678 2051 5747 quia
2076 5694 2196 5747 qua:
2238 5675 2454 5744 stripsi,
2486 5683 2535 5729 et
2571 5670 2775 5742 legistis
2805 5671 2855 5724 in
2890 5669 3145 5739 Epistolis
3175 5668 3331 5732 meis,

174 5753 217 5809 8-
255 5758 370 5824 Qtla’
399 5768 533 5834 facta
562 5784 633 5826 est
663 5775 713 5825 in
747 5775 887 5827 Asia.
918 5773 1030 5827 Non
1063 5773 1125 5827 de
1154 5789 1217 5827 ea
1248 5773 1372 5828 Asia
1406 5773 1639 5843 loquitur
1748 5787 1843 5825 vos
1870 5770 1942 5824 ita
1966 5786 2083 5825 esse
2110 5768 2453 5839 cognoscitis.
