3880 6306
185 384 290 445 221

950 402 1020 482 ΙΝ.
1048 405 1105 459 D.
1149 402 1350 464 PAULI
1392 409 1603 467 EPIST.
1638 412 1991 472 COMMENT.
2020 450 2084 459 -—
2111 418 2327 476 EPIST.
2360 420 2401 476 ll
2440 420 2529 477 AD
2568 422 2722 479 COR.
3334 415 3445 473 εἴη

1660 528 1885 586 CAPUT
1909 532 1969 586 ll.

258 613 445 670 Statai
484 627 661 673 autem
702 621 802 679 hoc
859 627 1029 697 ipsum
1075 634 1213 702 apud
1243 650 1327 691 me
1366 655 1469 691 non
1514 640 1707 706 venire,
1748 657 1817 697 ne
1868 642 2065 699 iterum
2114 644 2168 699 in
2210 643 2433 699 tristitia
2474 643 2713 700 venirem
2759 644 2825 698 ad
2853 657 2963 698 vos.
2991 643 3042 698 l.
3076 640 3133 696 Si
3155 641 3300 697 enim
3332 654 3440 708 ego

180 708 609 804 Son—tristovos,
642 723 696 770 et
724 719 843 788 quis
874 730 953 774 est
976 725 1063 791 qui
1095 742 1178 780 me
1204 726 1436 782 Ιίειὶιὶεει
1455 729 1606 801 ἳεθ
1630 732 1728 785 nisi
1755 733 1846 802 qui
1871 734 2220 789 contristatur
2239 750 2305 789 ex
2362 750 2448 790 me
2477 751 2628 789 suam
2656 749 2747 804 per
2767 732 3140 801 correptione»:
3165 730 3388 798 lwti/icet
3421 726 3447 782 .’

176 791 233 894 :3,
268 796 326 848 3.
364 796 425 851 Et
456 800 558 856 hoc
585 802 778 874 ipsum,
826 811 964 875 quod
994 829 1054 865 ne
1080 830 1164 867 ros
1197 817 1558 871 contristarent
1613 837 1713 874 non
1745 823 1878 889 veni,
1907 825 2097 894 scripsi
2137 825 2310 888 vobis,
2350 826 2466 879 ideo
2499 833 2559 879 ut
2593 840 2697 878 non
2724 840 2846 879 cum
2888 836 3111 887 venero,
3162 816 3439 874 tristitiam

178 891 603 986 impaenitudinis
634 908 813 952 vestra:
848 916 1009 971 super
1041 904 1312 961 tristitiam
1345 913 1543 978 peccati
1569 912 1821 979 habeam,
1855 916 1920 971 de
1952 891 2165 986 quibus,
2200 916 2255 969 id
2287 925 2380 979 est,
2420 916 2484 970 de
2524 916 2684 981 vobis,
2721 921 3035 984 oportuerat
3061 926 3147 966 me
3176 911 3437 980 gaudere:

176 987 362 1034 tamen
394 985 671 1042 conﬁdens
701 990 752 1042 in
785 995 1033 1050 omnibus
1076 997 1246 1064 vobis,
1284 1000 1408 1069 quia
1436 1018 1613 1057 meum
1658 1006 1935 1074 gaudium,
1965 985 2206 1060 omnium
2240 1016 2477 1061 vestrum
2510 1013 2614 1069 est,
2647 1004 2769 1075 quia
2801 1004 2865 1057 de
2892 1013 3058 1057 vestra
3082 998 3442 1054 emendatione

175 1071 444 1167 gaudebo.
490 1076 620 1131 Nam
653 1095 719 1134 ex
764 1082 929 1137 multa
981 1087 1347 1157 tribulatione,
1381 1093 1617 1159 tristitia,
1649 1071 1700 1150 et
1730 1096 1973 1167 angustia
2022 1098 2201 1151 cordis
2249 1097 2443 1167 scripsi
2488 1097 2640 1152 vobis
2670 1112 2767 1166 per
2804 1095 2999 1151 multas
3023 1093 3309 1164 lacrymas,
3334 1104 3438 1143 non

173 1159 297 1257 ideo
320 1163 443 1219 dico
469 1183 563 1235 per
590 1172 777 1224 multas
806 1181 861 1227 ut
894 1178 1306 1246 contristentini,
1345 1184 1438 1238 sed
1463 1195 1520 1239 ut
1547 1187 1729 1241 sciatis
1782 1159 1943 1257 q'uam
1975 1189 2293 1244 charitatem
2331 1159 2561 1244 habeam
2615 1187 2977 1244 abundantius
3003 1186 3056 1241 in
3094 1184 3270 1239 vobis.
3302 1183 3355 1237 4.
3381 1180 3438 1234 Si

171 1251 302 1349 quis
339 1263 523 1311 autem
552 1267 608 1311 ut
630 1260 839 1315 adulter
866 1268 1224 1334 contristavit,
1260 1287 1362 1325 non
1388 1289 1472 1327 me
1494 1290 1727 1343 prorsus,
1755 1251 1829 1330 rei
1856 1287 2055 1331 tantum
2086 1279 2449 1344 contristavlt,
2477 1280 2568 1334 sed
2593 1294 2656 1334 ex
2687 1288 2862 1349 parte,
2892 1278 2946 1331 id
2965 1286 3060 1342 est,
3085 1276 3440 1346 aliquantum.

172 1344 253 1398 vel
280 1364 397 1413 eos,
424 1361 481 1405 ut
513 1353 652 1423 (ideo
680 1356 819 1422 dico,
855 1359 901 1411 si
934 1361 1051 1429 quis
1083 1362 1159 1415 vel
1196 1379 1261 1417 ea:
1301 1376 1464 1434 parte,
1496 1368 1612 1421 dico
1656 1385 1737 1421 me
1767 1370 2158 1435 centri-tntum,
2192 1387 2255 1437 (te
2295 1388 2381 1426 ros
2413 1371 2814 1441 contrislemini)
2843 1386 2947 1424 non
2978 1379 3184 1437 [eccato
3220 1380 3437 1423 onerem

172 1449 375 1493 omnes
408 1459 521 1507 vos,
562 1447 640 1499 vel
668 1448 763 1513 ita,
791 1466 892 1504 non
918 1470 981 1506 ex
1006 1464 1113 1508 toto
1160 1472 1240 1509 me
1279 1459 1628 1523 contristavit,
1657 1462 1748 1515 sed
1774 1478 1840 1516 ea:
1867 1474 2036 1531 parte.
2070 1474 2124 1517 ut
2155 1480 2258 1520 non
2286 1480 2514 1529 onerent,
2540 1464 2594 1518 id
2611 1473 2708 1527 est,
2743 1479 2805 1518 ne
2839 1481 2924 1517 ras
2946 1474 3216 1533 gravarent
3238 1464 3440 1517 contri-

171 1532 412 1587 statione
461 1545 631 1590 tanta.
665 1538 871 1594 Sulﬁcit
919 1542 991 1597 illi
1046 1543 1240 1613 (tamen
1259 1548 1373 1616 jam
1400 1565 1516 1602 eum
1543 1551 1737 1604 debetis
1768 1552 2009 1621 recipere,
2036 1555 2124 1623 qui
2153 1569 2367 1607 uxorem
2402 1555 2567 1623 patris
2596 1554 2767 1615 duxit)
2798 1554 2888 1622 qui
2923 1552 3184 1622 ejusmodi
3211 1563 3316 1615 est,
3348 1553 3438 1622 qui

168 1637 274 1688 me,
308 1635 365 1677 et
411 1643 498 1681 ros
551 1632 891 1696 contristarit,
934 1635 1236 1705 objurgatio
1282 1638 1411 1704 hzec,
1444 1656 1562 1709 qua:
1601 1640 1658 1694 ﬁt
1701 1658 1730 1695 ιι
1762 1642 2024 1711 pluribus,
2072 1662 2102 1697 a
2131 1657 2229 1709 me,
2254 1653 2299 1697 et
2323 1661 2354 1697 a
2382 1645 2547 1706 vobis,
2570 1643 2777 1713 tiu/ficit.
2806 1642 2879 1696 lta
2917 1652 2975 1696 ut
3003 1658 3032 1698 e
3064 1642 3342 1698 contrario
3376 1641 3432 1695 5.

169 1721 356 1788 magis
408 1723 640 1787 donetis,
689 1728 956 1791 peccatum
1000 1733 1197 1786 donare
1242 1734 1492 1801 debeatis,
1546 1745 1596 1791 et
1634 1738 2008 1803 consolemini,
2043 1742 2306 1795 consolari
2336 1742 2501 1811 magis
2549 1757 2706 1810 quam
2739 1739 3058 1793 contristari.
3090 1739 3143 1793 6.
3186 1738 3264 1793 Ne
3295 1737 3435 1793 forte

168 1813 560 1869 abundantiori
599 1817 813 1872 tristitia
865 1820 1240 1889 absorbeatur,
1292 1826 1486 1881 scilicet
1537 1829 1585 1881 si
1645 1829 1958 1897 abjeccritis,
2013 1847 2075 1884 ne
2116 1831 2269 1885 cadat
2303 1831 2357 1884 in
2410 1831 2842 1900 desperationem,
2892 1830 2983 1899 qui
3016 1826 3278 1897 ejusmodi
3325 1836 3432 1883 est.

166 1905 411 1977 Propter
430 1913 594 1980 quod.
622 1931 684 1968 ne
716 1916 1071 1983 absorbeatur,
1102 1921 1328 1977 obsecro
1369 1938 1463 1979 vos
1511 1933 1569 1978 ut
1611 1926 1902 1990 recipiendo
1929 1942 2044 1980 cum
2075 1927 2408 1982 confirmetis
2439 1926 2491 1981 in
2522 1924 2669 1980 illum
2707 1925 3048 1980 charitatem.
3080 1923 3435 1992 Suscipientes

163 2003 487 2069 confirmare
540 2007 843 2062 clmrt'tatcm
896 2022 1135 2066 vestram.
1181 2013 1303 2069 ldeo
1340 2017 1485 2070 enim
1516 2028 1568 2071 et
1608 2018 1823 2087 scripsi,
1854 2026 1910 2073 ut
1954 2034 2277 2089 cognoscam
2326 2019 2753 2089 experimentum
2785 2025 3021 2072 vestrum
3062 2017 3201 2088 quod
3246 2025 3341 2081 est,
3374 2025 3431 2069 ut

163 2100 419 2167 experiar
463 2118 570 2166 vos,
602 2102 679 2157 rel
715 2106 944 2160 studium
973 2117 1217 2176 vestrum,
1248 2112 1300 2165 7.
1332 2128 1399 2166 an
1435 2112 1486 2166 in
1517 2115 1768 2168 omnibus
1816 2124 1869 2167 ut
1900 2114 1951 2169 in
1979 2114 2279 2183 expellendo
2323 2115 2489 2183 prius,
2522 2114 2594 2167 ita
2626 2115 2678 2167 in
2711 2129 2795 2167 reo
2824 2113 3116 2183 recipiendo
3136 2128 3274 2166 nunc
3305 2112 3433 2165 obe-

163 2191 386 2249 dientes
410 2197 537 2250 milii
578 2197 716 2251 sitis.
758 2196 885 2253 Ideo
918 2200 1123 2255 obedire
1164 2203 1376 2257 debetis.
1410 2204 1505 2259 Cui
1544 2216 1743 2269 autem,
1785 2207 1940 2270 enim,
1983 2207 2184 2276 aliquid
2214 2207 2473 2270 donastis,
2524 2206 2858 2259 condonastis
2882 2214 2936 2259 et
2961 2220 3063 2275 ego
3093 2202 3380 2258 condonari
3402 2215 3423 2253 .'

161 2283 236 2337 sic
260 2294 313 2339 et
343 2302 438 2341 vos
469 2290 599 2344 mihi
630 2291 838 2359 faciatis
863 2312 882 2360 ;
925 2312 1049 2352 nam
1094 2308 1147 2353 et
1168 2314 1266 2370 ego
1289 2300 1567 2372 (repetitio)
1592 2304 1730 2372 quod
1761 2303 1975 2369 donavi,
2008 2305 2051 2359 si
2082 2303 2208 2372 quid
2239 2303 2455 2367 donavi,
2490 2313 2707 2371 propter
2732 2317 2848 2366 vos,
2872 2301 3065 2356 debetis
3101 2301 3199 2353 hoc
3221 2309 3431 2369 propter

162 2391 263 2441 ’κεν
294 2379 435 2447 quia
466 2398 556 2451 ego
585 2395 794 2454 propter
832 2404 918 2442 ros
950 2388 1049 2458 feci
1078 2391 1338 2455 similiter,
1364 2409 1519 2462 agens
1543 2394 1639 2447 hoc
1669 2412 1770 2447 non
1798 2411 1892 2463 pro
1933 2412 2030 2456 me.
2062 2396 2151 2447 sed
2180 2396 2233 2449 in
2279 2409 2507 2464 persona
2542 2394 2766 2457 Christi,
2799 2393 2849 2454 8,
2884 2392 2936 2446 9.
2979 2400 3036 2445 ut
3063 2406 3169 2447 non
3199 2391 3429 2443 circulus

163 2474 464 2531 veniamnr
491 2495 519 2532 a
552 2478 772 2545 Satana,
817 2485 940 2547 quia
967 2486 1012 2538 si
1042 2487 1275 2553 donatis,
1315 2497 1362 2542 et
1399 2505 1513 2559 ego,
1547 2507 1650 2545 non
1695 2492 1790 2544 erit
1816 2492 2082 2545 discordia
2111 2493 2247 2545 inter
2272 2508 2390 2554 vos;
2416 2507 2520 2545 non
2559 2490 2704 2545 enim
2736 2489 3047 2559 ignoramus
3074 2485 3429 2556 cogitationes

161 2567 299 2635 ejus.
372 2570 608 2628 Satanae.
644 2579 731 2632 lO.
776 2580 911 2636 Cum
958 2585 1224 2640 venissem
1256 2596 1437 2641 autem
1484 2586 1746 2643 Troadem
1791 2599 2012 2660 propter
2051 2588 2399 2659 Evangelium
2445 2587 2668 2654 Christi,
2713 2596 2766 2643 et
2795 2585 2989 2641 ostium
3022 2583 3151 2637 mihi
3182 2590 3427 2653 apertum

160 2680 307 2724 esset
344 2671 403 2725 in
429 2674 674 2742 Domino,
698 2679 944 2736 introitus
969 2682 1116 2751 ﬁdei,
1146 2696 1198 2739 ut
1227 2702 1305 2738 me
1342 2686 1397 2739 in
1442 2686 1582 2752 illos,
1612 2686 1667 2740 id
1702 2697 1796 2752 est,
1838 2688 1892 2741 in
1923 2704 2100 2742 eorum
2129 2687 2311 2751 corda,
2356 2684 2431 2741 rel
2459 2685 2576 2740 illos
2615 2686 2667 2739 in
2701 2702 2780 2739 me
2802 2683 3139 2754 pra'dicando
3168 2682 3431 2736 intromit-

159 2773 351 2833 terem,
382 2785 490 2823 non
531 2773 691 2829 habui
722 2778 961 2848 requiem
989 2780 1197 2849 spiritui
1225 2796 1366 2846 meo,
1405 2784 1547 2852 quod
1576 2799 1681 2836 non
1710 2783 2005 2838 invenerim
2035 2783 2118 2837 ιι.
2147 2782 2325 2837 Titum
2356 2783 2465 2854 90
2494 2780 2714 2835 fratrem
2746 2795 2944 2846 meum,
2975 2779 3064 2850 qui
3091 2794 3169 2832 me
3201 2777 3411 2847 juvaret

158 2862 559 2932 interpretando
598 2873 735 2940 quod
782 2877 1143 2943 prmdicarem,
1191 2878 1283 2934 sed
1315 2879 1399 2934 12.
1430 2879 1752 2935 valefaciens
1780 2881 1877 2946 eis,
1908 2880 2178 2950 profectus
2207 2896 2325 2936 sum
2358 2881 2409 2935 in
2449 2879 2839 2935 Macedoniam.
2885 2879 2991 2933 Deo
3021 2884 3199 2929 autem
3224 2870 3426 2943 gratias

158 2958 381 3027 illarum
412 2969 740 3023 commendat
769 2987 824 3024 se
843 2983 897 3025 ut
925 2972 1130 3028 verbum
1144 2991 1298 3030 suum
1321 2977 1620 3048 recipiatur)
1652 2976 1742 3047 qui
1772 2992 1989 3048 semper
2015 2978 2311 3048 triumphat
2345 2991 2445 3032 nos
2474 2975 2527 3030 in
2560 2974 2775 3031 Christo
2797 2971 2946 3037 Jesu,
2977 2979 3031 3027 et
3060 2969 3144 3024 15.
3174 2966 3424 3039 οιιοτεω.

156 3060 616 3131 prwdicntionem,
647 3067 851 3125 notitia:
880 3083 993 3125 suae
1039 3072 1351 3128 manifestat
1395 3087 1493 3143 per
1532 3088 1629 3128 nos
1659 3074 1713 3129 in
1745 3073 1890 3128 omni
1938 3072 2075 3140 loco,
2104 3090 2207 3126 non
2231 3071 2397 3127 solum
2433 3070 2677 3135 Troadaz,
2719 3068 2812 3123 sed
2844 3070 2895 3122 in
2919 3067 3059 3121 omni
3081 3064 3217 3131 loco,
3251 3061 3431 3116 Macc-

1498 3274 2069 3333 COMMENTARIUS.

160 3487 328 3542 operc
359 3473 577 3529 tristitia
604 3485 708 3541 est,
739 3478 812 3532 ita
847 3478 897 3532 in
927 3477 1302 3533 emendatione
1332 3476 1617 3546 gaudium;
1645 3476 1745 3530 hu-
1774 3473 1822 3533 Δ
1852 3474 2000 3542 dum,
2035 3473 2190 3543 quasi
2216 3471 2393 3531 locum
2420 3474 2561 3544 apud
2596 3474 2765 3529 Deum
2790 3473 2902 3545 jam
2934 3490 3041 3531 non
3074 3475 3309 3532 haberet.
3386 3488 3387 3493 ‘

154 3563 243 3632 jus
295 3575 483 3620 autem
548 3568 724 3639 gaudii
778 3570 989 3639 adiutor
1044 3577 1200 3635 erat,
1262 3567 1389 3624 dum
1444 3566 1747 3622 volentibus

156 3656 459 3711 emendare
486 3660 880 3714 amdonitiones
905 3660 1183 3715 oﬂ'erebat.

224 3746 389 3801 CAP.
422 3747 492 3815 ll.
520 3779 593 3790 —
630 3751 681 3805 1.
722 3750 921 3806 [ΑΜ-ιι.
957 3751 1017 3807 Si
1065 3752 1200 3806 enim
1230 3766 1322 3820 ego
1370 3749 1636 3804 contristo.
1688 3747 1745 3804 Si

157 3840 359 3895 doctor
414 3841 753 3912 corripiendo
810 3844 1095 3899 contristat
1148 3843 1508 3913 discipulum,
1547 3840 1745 3898 'lzetitia

156 3929 299 3985 iliius
332 3941 439 3996 est,
471 3932 513 3985 si
547 3932 841 4003 discipulus
870 3935 936 3988 ad
971 3934 1340 4004 paenitentiam
1371 3934 1743 3989 contristatur.

226 4022 279 4077 2.
332 4021 401 4075 Et
453 4023 551 4077 hoc
590 4026 778 4095 ipsum.
821 4026 973 4093 Quod
1006 4036 1090 4081 est
1140 4027 1467 4081 contristans
1491 4039 1607 4090 vos,
1635 4041 1743 4082 non

153 4111 424 4180 lzetiticet,
477 4116 578 4171 nisi
626 4131 721 4172 vos
765 4118 865 4187 ipsi
907 4116 974 4173 ad
1034 4118 1409 4189 paenitentiam
1457 4118 1744 4174 contriste-

155 4207 307 4259 mini.

222 4299 278 4354 5.
348 4300 583 4356 Αιιιιιιοε.
641 4301 709 4356 Et
747 4303 843 4357 hoc
885 4303 1075 4374 ipsum.
1120 4304 1325 4360 Idcirco
1374 4318 1434 4360 se
1459 4303 1746 4359 dicitscri-

158 4392 362 4458 psisse,
396 4402 454 4446 ut
476 4402 658 4462 postea
685 4395 905 4450 veniens
944 4412 1050 4451 non
1080 4406 1244 4462 esset,
1280 4397 1423 4451 unde
1453 4397 1744 4451 contrista-

154 4491 327 4548 retur,
362 4484 594 4539 sublatis
635 4486 797 4541 vitiis.

220 4574 277 4627 4.
325 4574 528 4629 ιΑιςιίι.
556 4575 613 4631 Si
632 4580 747 4647 quis
760 4587 953 4641 autem.
978 4576 1033 4634 Si
1059 4595 1201 4649 qu.s,
1228 4578 1423 4649 inquit,
1442 4579 1741 4648 pr.edicans

154 4668 504 4723 contristavit
559 4686 664 4733 me,
709 4687 812 4725 non
861 4687 947 4727 me
975 4674 1345 4727 tantummodo
1374 4671 1735 4737 contristavit,

153 4765 244 4814 sed
268 4776 369 4815 vos
414 4776 479 4816 cx
527 4773 695 4832 parte,
732 4764 929 4829 id.est,
960 4763 1219 4834 quosdam
1245 4778 1311 4818 ex
1344 4764 1514 4827 vobis,
1546 4772 1603 4817 ut
1631 4779 1735 4819 non

152 4868 378 4908 onerem
419 4871 513 4911 vos
537 4872 744 4922 omnes,
770 4865 820 4911 et
845 4857 965 4913 ideo
994 4858 1113 4913 dico
1142 4874 1236 4913 vos
1262 4874 1329 4913 ex
1351 4869 1505 4929 parte
1532 4860 1736 4916 contri-

154 4954 351 5007 statos,
410 4957 467 5002 ut
509 4963 645 5003 onus
701 4949 931 5003 tristitiae
970 4965 1076 5005 non
1134 4950 1406 5021 imponam
1457 4954 1734 5020 omnibus,

156 5056 259 5094 non
292 5042 440 5115 enim
489 5056 678 5096 omnes
728 5041 991 5111 justitiam
1030 5043 1240 5098 sincere
1270 5044 1509 5115 diligitis.
1550 5045 1737 5102 Potest

152 5142 203 5185 et
254 5134 329 5186 ita
361 5133 606 5205 intelligi,
650 5149 755 5189 non
788 5149 874 5190 me
920 5135 1258 5191 contristavit
1284 5150 1351 5191 ex
1386 5145 1516 5205 toto,
1546 5139 1640 5194 sed
1669 5155 1735 5195 ex

152 5231 330 5290 parte.
780 5238 785 5243 '

222 5316 275 5370 5.
325 5314 498 5387 Magis
520 5315 740 5379 donetis,
781 5329 886 5376 etc.
921 5318 1068 5376 Satis
1109 5322 1493 5393 comprobatur
1518 5333 1734 5396 aposto—

155 5402 263 5459 lam
299 5421 405 5460 non
467 5409 776 5464 contristari
852 5426 950 5486 pro
1008 5410 1355 5477 fornicatore,
1433 5417 1523 5486 qui
1562 5418 1734 5486 patris

155 5509 379 5551 uxorem
430 5500 680 5567 duxerat,
720 5518 786 5557 ex
833 5479 934 5557 lude
981 5505 1124 5573 quod
1170 5507 1329 5561 modo
1353 5479 1646 5578 subiungit,
1674 5520 1732 5565 ut

153 5586 445 5656 recipiatur
469 5596 524 5644 et
553 5591 878 5645 consoletur.

223 5678 276 5733 6.
315 5678 555 5737 Alanos.
616 5681 696 5736 Ne
744 5684 880 5753 forte
930 5697 1334 5752 aottnaanttore,
1395 5689 1446 5743 id
1502 5699 1607 5753 est.
1661 5706 1729 5746 ne

158 5766 449 5840 desperans
480 5774 545 5828 de
590 5790 670 5841 se,
702 5774 853 5831 daret
882 5776 1119 5832 animum
1151 5776 1217 5833 ad
1260 5778 1518 5855 mundum
1546 5779 1725 5837 fruen-

1928 3567 1981 3620 7.
2022 3566 2104 3620 An
2158 3567 2213 3621 in
2248 3565 2508 3619 omnibus.
2536 3565 2806 3633 Quantum
2838 3565 2999 3621 datur
3027 3565 3273 3637 intelligi,
3302 3565 3428 3624 obe-

1848 3656 2057 3712 dientes
2079 3657 2177 3712 bos
2202 3654 2374 3711 factos
2398 3656 2451 3710 in
2483 3654 2694 3710 caeteris
2714 3656 2926 3726 probat.
3002 3672 3005 3675 ·
3408 3678 3414 3683 -

1917 3748 1973 3803 8.
2013 3746 2082 3803 Ut
2112 3765 2218 3803 non
2263 3745 2756 3803 circumveniantur.
2799 3749 2938 3805 Dicit
2964 3750 3089 3821 quia
3129 3750 3428 3807 consolatio

1848 3842 2006 3897 debet
2030 3840 2311 3912 subsequi,
2342 3855 2410 3895 ne
2437 3840 2684 3897 diabolus
2713 3852 2965 3914 suggerat
2993 3844 3064 3909 ei,
3094 3854 3154 3898 ut
3179 3844 3263 3899 vel
3290 3859 3426 3914 prte-

1847 3931 2092 3989 sentibus
2119 3930 2349 3999 fruatur,
2376 3932 2469 4004 qui
2517 3931 2586 3987 de
2628 3948 2722 4003 spe
2750 3933 2914 3990 futuri
2954 3936 3161 4005 praimii
3185 3934 3426 4005 deiectus

1844 4033 1952 4080 est.

1916 4118 1968 4173 9.
2011 4115 2210 4172 Lmen.
2239 4116 2307 4173 Ut
2342 4135 2444 4174 non
2480 4119 2966 4186 circumreniamur,
3013 4118 3065 4175 id
3092 4128 3195 4185 est,
3235 4130 3293 4175 ut
3318 4136 3423 4177 non

1844 4209 1913 4265 sit
1946 4209 2087 4266 inter
2116 4224 2211 4264 vos
2238 4210 2530 4265 discordia.

1919 4299 2006 4353 t0.
2048 4298 2181 4353 Cum
2226 4300 2477 4353 venissem
2525 4309 2720 4365 autem,
2750 4309 2856 4355 etc.
2888 4299 3158 4353 Excusato
3185 4313 3244 4353 se
3279 4300 3422 4367 quod

1843 4401 1951 4439 non
2005 4385 2232 4452 venerit,
2270 4395 2456 4442 narrat
2499 4389 2641 4457 quod
2687 4388 2834 4453 fecit,
2867 4389 3253 4443 commendans
3281 4404 3341 4445 se
3367 4391 3421 4444 in

1842 4478 2031 4535 eodem
2069 4494 2254 4549 opere,
2303 4494 2370 4535 ne
2423 4494 2520 4535 vos
2564 4481 2939 4535 contristarem
2987 4497 3091 4536 non
3119 4482 3262 4549 veni,
3289 4482 3421 4537 Cum

1841 4586 2015 4629 autem
2038 4573 2287 4628 venissem
2319 4572 2597 4641 Troadem,
2619 4583 2725 4630 etc.

1913 4668 1997 4722 ll.
2043 4666 2216 4721 Titum
2248 4666 2482 4737 fratrem.
2518 4667 2673 4723 Titus
2712 4668 2816 4724 iste
2866 4668 3130 4738 interpres
3177 4667 3419 4740 Apostoli

1841 4771 1981 4829 erat,
2015 4769 2070 4816 et
2112 4761 2305 4816 horum
2353 4760 2535 4832 lingua
2569 4761 2876 4833 expressius
2903 4761 3224 4833 loquebatur
3259 4778 3421 4834 quam

1836 4855 2146 4926 Apostolus.

1914 4948 2003 5004 12.
2054 4946 2177 5003 Vale
2198 4948 2397 5018 faciens
2421 4949 2519 5014 eis,
2548 4958 2657 5004 etc.
2686 4949 2768 5005 Ad
2806 4950 2909 5006 hoc
2934 4950 3077 5021 quod
3109 4950 3243 5006 dixit
3291 4963 3420 5019 paro

1843 5051 1972 5093 cens
1998 5039 2153 5094 vobis
2181 5054 2287 5093 non
2318 5041 2439 5095 veni
2479 5039 2821 5108 Corinthum,
2851 5043 2946 5097 sed
2974 5042 3095 5098 veni
3128 5040 3416 5105 Troadem,

1842 5129 1933 5184 ubi
1985 5144 2071 5185 me
2129 5129 2359 5186 libenter
2408 5132 2718 5199 audiebant,
2763 5134 2866 5189 hoc
2912 5141 2996 5189 est
3037 5132 3232 5188 ostium
3288 5131 3418 5186 mihi

1841 5233 2090 5294 apertum
2124 5234 2235 5292 est;
2259 5234 2316 5281 et
2340 5226 2419 5282 sic
2456 5227 2704 5283 hortatur
2731 5236 2792 5283 ut
2824 5237 2880 5283 et
2908 5227 2996 5283 isti
3027 5226 3256 5281 libenter
3278 5226 3421 5281 acci-

1841 5314 2016 5385 piant,
2040 5325 2326 5386 postquam
2353 5317 2457 5372 hoc
2486 5318 2551 5373 de
2579 5316 2683 5374 illis
2707 5318 3010 5375 audierunt.

1914 5409 2002 5462 13.
2064 5409 2303 5464 Annos.
2378 5407 2605 5464 Odorem
2692 5409 2911 5463 notitite.
2972 5404 3414 5461 Prmdicationem

1838 5500 2065 5568 Christi,
2119 5502 2240 5556 ideo
2287 5502 2416 5557 dicit
2444 5501 2685 5565 odorem,
2710 5501 2835 5569 quia
2861 5499 3003 5555 sicut
3032 5512 3118 5554 res
3146 5496 3412 5568 quaedam,

1837 5609 1959 5650 cum
1991 5610 2097 5649 non
2128 5595 2429 5660 videantur,
2470 5609 2567 5664 per
2611 5593 2830 5648 odorem
2875 5599 3298 5663 cognoscuntur,
3339 5591 3441 5667 ita.

1840 5687 2123 5743 invisibilis
2158 5688 2299 5744 Deus
2328 5700 2424 5758 per
2460 5684 2898 5757 pmdicationem
2923 5683 3125 5741 Christi
3153 5699 3212 5740 se
3245 5682 3415 5740 voluit

1839 5783 2079 5853 intelligi.
