3880 6306
511 333 615 388 23‘,
1508 322 1568 378 lt.
1609 319 1997 378 LlNFRANCl
2059 320 2415 377 CANTUAR.
2454 320 2773 377 ARClllEP.
3643 328 3719 385 fil

511 450 635 504 doni
657 466 683 500 ε
710 457 729 498 :
757 440 1088 519 (Responsio)
1115 440 1241 512 quia
1277 437 1475 494 Christi
1525 438 1612 503 ll,
1645 439 1733 498 15.
1769 438 1854 492 16.
1880 439 2070 499 bonus,
2116 439 2312 502 suavis,
2344 437 2478 491 odor
2513 453 2699 492 sumus
2748 438 2877 503 Deo,
2922 440 2974 492 in
3006 438 3150 492 nobis
3179 446 3254 492 est
3287 439 3416 491 odor
3440 438 3636 507 Christi,
3670 445 3710 495 id

513 549 612 601 cst.
638 536 946 608 praedicatio
1002 535 1052 588 in
1086 534 1151 587 iis
1183 531 1273 602 qui
1308 530 1439 586 salvi
1491 528 1645 594 iiunt,
1676 530 1804 584 etin
1835 530 1900 585 iis
1940 529 2029 598 qui
2069 537 2331 598 pereunt:
2362 530 2444 583 17.
2478 530 2600 585 aliis
2638 530 2857 600 quidem
2899 530 3033 585 odor
3071 532 3262 586 mortis
3292 531 3343 585 in
3388 541 3618 595 mortem,
3644 552 3721 588 nos

514 624 570 691 ut
604 636 757 699 odor,
797 634 851 689 id
878 641 973 692 est.
1001 630 1310 699 prtedicatio
1341 629 1406 682 sit
1428 645 1491 681 ea:
1521 637 1706 689 morte,
1739 626 1829 680 sed
1860 625 1979 679 illos
2003 626 2093 695 qui
2120 642 2221 678 non
2253 625 2469 678 credunt
2493 626 2650 679 morti
2681 625 2931 680 deliberat
2955 624 3043 697 [f.,
3073 626 3405 699 adjudicat];
3440 628 3552 682 aliis
3579 639 3719 683 autem

511 731 648 785 odor
668 727 1075 799 vitte,justitice,
1108 728 1161 780 in
1191 725 1357 779 vitam
1390 735 1658 778 a’ternam.
1699 723 1764 776 Et
1796 723 1861 776 arl
1902 724 2013 776 haec
2048 720 2387 790 prtedicanda
2412 720 2535 790 quis
2559 729 2670 773 tam
2718 721 2960 783 idoneus,
2996 722 3131 775 sicu.‘
3158 738 3253 775 nos
3284 723 3720 793 apostoliinulhts.

513 828 631 883 Non
661 828 804 883 enim
830 841 1036 886 sumus,
1089 825 1229 878 sicut
1264 822 1502 893 plurimi,
1538 822 1751 891 pseudo,
1800 820 1886 885 18,
1942 820 2026 873 19.
2072 818 2443 874 adulterantes
2482 822 2704 873 verbum
2748 818 2863 884 Dei,
2896 819 3178 889 legitimum
3218 835 3428 874 sensum
3458 820 3719 888 auferentes.

513 931 562 974 et
597 917 949 973 adulterinum
977 931 1249 992 ponentes,
1276 920 1351 975 rel
1384 937 1479 991 pro
1511 920 1656 972 lucro
1680 926 1884 971 terreno
1917 915 2286 984 prwdicautcs.
2322 914 2426 968 Sed
2465 930 2529 969 ex
2562 915 2897 978 sinceritate,
2933 916 3026 970 sed
3065 916 3224 980 sicut,
3262 915 3460 968 scilicet
3484 916 3722 984 accepimus

513 1017 705 1073 20.91
735 1016 848 1073 Deo
884 1016 974 1072 ει.
1014 1033 1195 1072 coram
1228 1018 1337 1071 Deo
1388 1017 1438 1070 in
1467 1014 1685 1070 Christo
1712 1014 1850 1083 quod
1889 1011 2055 1081 placet
2089 1010 2199 1065 Deo
2230 1010 2305 1064 vel
2331 1022 2717 1064 sacramentum
2754 1022 2851 1078 est,
2875 1012 3167 1082 loquimur.

1966 1122 2191 1179 CAPUT
2230 1124 2317 1178 lll.

587 1213 637 1267 1.
671 1213 957 1283 lueipimus
1008 1214 1201 1270 iterum
1247 1214 1606 1279 nosmetipsos
1650 1217 2074 1271 commendare?
2110 1215 2215 1269 Aut
2270 1215 2507 1284 nunquid
2548 1230 2767 1284 egemus
2813 1214 2975 1285 (sicut
3019 1215 3263 1285 quidam)
3320 1215 3724 1270 eommendatitiis

513 1303 768 1373 Epistolis
784 1306 955 1359 missis
978 1306 1041 1359 ab
1067 1306 1186 1360 aliis
1213 1307 1277 1360 ad
1313 1323 1423 1369 vos,
1446 1308 1550 1377 91
1607 1318 1702 1361 aut
1732 1324 1795 1361 ex
1829 1309 1979 1362 vobis
2013 1308 2081 1361 ad
2106 1307 2238 1361 alios
2272 1308 2443 1360 missis
2476 1307 2500 1359 ?
2532 1306 2586 1359 ‘2.
2622 1304 2855 1375 Epistola
2888 1314 3068 1359 nostra
3098 1320 3212 1369 vos,
3253 1306 3385 1374 ﬁdes
3414 1311 3721 1369 restra.estis,

512 1397 565 1449 5.
600 1398 800 1467 scripta
824 1398 875 1452 in
901 1400 1153 1454 cordibus
1174 1402 1392 1462 nostris,
1429 1402 1731 1454 memoriam
1759 1403 1911 1455 vestri
1940 1402 2158 1466 habens,
2190 1416 2310 1470 qua:
2336 1400 2507 1454 scitur
2546 1407 2599 1454 et
2623 1399 2816 1468 legitur
2842 1398 2910 1453 ab
2954 1399 3203 1454 omnibus
3254 1400 3557 1453 hominibus
3584 1416 3596 1451 :
3621 1398 3721 1470 [lle-

516 1490 754 1562 sponsiol
786 1492 1109 1547 manifestati
1135 1510 1223 1548 vos
1247 1493 1389 1563 quod
1420 1494 1645 1563 epistola
1677 1494 1808 1549 estis
1846 1494 2067 1558 Christi,
2098 1494 2151 1547 id
2192 1503 2287 1554 est,
2337 1506 2557 1563 quorum
2608 1492 2712 1561 [ide
2763 1502 2809 1545 et
2845 1492 2950 1545 rita
2981 1491 3311 1562 gloriﬁcatur
3331 1492 3578 1554 Christus,
3600 1492 3720 1549 ntiui.

512 1592 683 1637 strata
711 1598 740 1636 a
769 1585 943 1649 nobis,
966 1585 1099 1639 sicut
1128 1595 1325 1648 nostra,
1350 1594 1403 1640 et
1427 1586 1626 1654 scripta
1655 1601 1759 1639 non
1789 1594 2115 1649 atramento,
2135 1584 2229 1639 sed
2261 1583 2466 1654 Spiritu
2494 1583 2584 1637 Dei
2614 1583 2742 1648 vivi,
2772 1583 2987 1649 illinita,
3018 1584 3073 1637 id
3098 1593 3195 1647 est,
3228 1584 3555 1653 con/inuata,
3574 1600 3661 1637 non
3686 1585 3723 1637 in

513 1676 710 1732 tabulis
728 1676 1036 1745 lapideis,4.
1065 1680 1156 1732 sed
1186 1679 1236 1732 in
1271 1677 1573 1750 tabulisiin
1595 1676 1873 1748 mentibus]
1906 1678 2087 1732 cordis
2112 1677 2449 1742 carnalibus,
2470 1674 2817 1738 sensibilibus,
2838 1675 3273 1746 intelligibilibns.
3304 1676 3566 1732 Fiduciam
3584 1688 3721 1729 autem

515 1767 674 1822 talem
699 1768 962 1824 habemus
988 1784 1085 1839 per
1115 1771 1386 1825 Christum
1417 1772 1482 1825 ad
1531 1770 1698 1825 Deum
1721 1771 1860 1842 quod
1887 1771 2269 1834 ministramus,
2295 1767 2371 1823 vel
2396 1769 2533 1839 quod
2564 1786 2650 1822 vos
2673 1769 2795 1823 estis
2829 1769 3047 1837 epistola
3098 1779 3300 1835 nostra,
3332 1780 3379 1824 et
3409 1770 3604 1824 Christi.
3638 1768 3723 1822 Non

514 1860 659 1929 quod
701 1861 1029 1918 sufﬁcientes
1062 1864 1231 1919 simus
1266 1864 1508 1936 cogitare
1530 1865 1756 1934 aliquid,
1789 1865 1914 1936 (non
1939 1873 1993 1917 ut
2027 1880 2118 1933 per
2146 1880 2239 1917 nos
2271 1862 2428 1930 ﬁdem
2457 1863 2621 1916 verbis
2642 1863 2899 1917 instruere
2922 1864 3201 1935 possimus)
3229 1880 3260 1919 a
3299 1865 3471 1931 nobis,
3520 1882 3600 1933 per
3639 1882 3721 1925 nos,

512 1956 665 2023 quasi
689 1956 1046 2025 principaliter
1075 1973 1138 2012 ex
1171 1957 1345 2023 nabis,
1380 1959 1472 2012 sed
1497 1958 1812 2013 sutiicientia
1846 1967 2054 2023 nostra,
2108 1956 2247 2027 quod
2276 1971 2583 2025 possumus,
2608 1970 2672 2008 ex
2700 1954 2809 2009 Deo
2830 1962 2935 2018 est,
2967 1956 3058 2025 qui
3115 1964 3169 2010 et
3228 1957 3454 2012 idoneos
3502 1973 3591 2012 nos
3631 1955 3726 2010 fecit

518 2048 799 2104 ministros
826 2047 956 2104 Novi
989 2050 1319 2106 Testatn‘euti
1351 2066 1453 2106 non
1490 2050 1691 2114 littera,
1723 2050 1817 2105 sed
1848 2049 2065 2119 spiritu,
2094 2065 2195 2102 non
2222 2046 2507 2101 carnaliter
2525 2046 2787 2111 intellecti,
2835 2049 2925 2102 sed
2945 2048 3313 2118 spiritualiter.
3363 2051 3416 2115 5,
3470 2050 3520 2105 6.
3564 2051 3721 2105 Littera

514 2141 659 2197 enim
690 2142 909 2211 occidit,
940 2144 992 2197 7.
1020 2144 1255 2214 Spiritus
1281 2154 1459 2199 autem
1495 2144 1753 2208 viviticat,
1782 2143 2061 2213 gloriﬁeat.
2095 2141 2147 2194 8.
2181 2138 2333 2206 Quod
2366 2138 2411 2193 si
2442 2138 2770 2194 ministratio
2797 2140 3005 2206 mortis,
3041 2139 3205 2195 Vetus
3234 2141 3599 2197 Testamentum
3622 2157 3724 2194 mor-

1850 2230 2415 2294 COMMENTARIUS.

580 2329 666 2385 M.
703 2330 882 2386 Bonus
913 2332 1060 2387 odor.
1113 2332 1169 2387 in
1216 2331 1351 2403 lege,
1395 2332 1485 2401 qui
1538 2334 1738 2387 hostias
1780 2331 1919 2384 bono
1972 2336 2096 2381 voto
2128 2332 2171 2385 A
2201 2321 2332 2376 Nam
2362 2336 2461 2376 nec
2490 2336 2585 2391 per
2614 2319 2896 2391 epistolam
2949 2320 3016 2375 ad
3045 2336 3140 2376 vos
3166 2322 3237 2377 ab
3267 2322 3388 2377 aliis
3416 2322 3631 2376 missam.
3649 2321 3725 2375 Per

510 2421 792 2485 oﬂcrebat,
830 2424 1001 2479 bonus
1026 2425 1158 2479 odor
1183 2427 1292 2480 Deo
1319 2435 1436 2478 crat
1460 2434 1514 2479 et
1537 2423 1905 2494 acceptabilis,
1940 2423 2009 2475 ita
2038 2432 2091 2477 et

510 2515 913 2584 praedicationis
939 2518 1039 2587 pia:
1073 2517 1157 2571 vir
1184 2517 1303 2590 [al.,
1336 2516 1554 2590 virtus],
1589 2516 1846 2572 doctrinze
1871 2516 2092 2570 odorem

510 2616 729 2676 pra‘stat
765 2608 1089 2678 fragrantem
1121 2609 1253 2664 Deo.

586 2696 946 2754 t5.'Aucusr.
1000 2699 1118 2768 (lib.
1156 2710 1287 2753 sent.
1342 2698 1556 2770 Prosp.,
1608 2715 1657 2753 c.
1698 2700 1787 2766 55,
1824 2709 1951 2755 tom.
1985 2699 2092 2768 lli).

510 2787 703 2842 Christi
746 2790 906 2843 bonus
948 2791 1096 2845 odor.
1125 2791 1302 2844 Bonus
1332 2790 1529 2846 Christi
1556 2792 1689 2845 odor
1715 2801 1817 2854 est,
1840 2793 2097 2861 prredica-

511 2881 586 2933 tio
625 2880 1083 2953 veritatis;lquem
1112 2883 1328 2938 odorem
1357 2883 1408 2937 in
1449 2885 1610 2937 vitam
1633 2886 1775 2955 capit
1800 2885 1888 2953 qui
1919 2885 2100 2938 Evam

518 2971 655 3041 gelio
708 2971 862 3026 bonis
889 2973 1128 3031 moribus
1166 2974 1331 3027 servit
1360 2984 1415 3028 et
1460 2977 1729 3043 cangruit.
1758 2975 1982 3029 Mortem
2017 2976 2097 3030 in-

516 3060 712 3126 currit,
737 3061 889 3132 cujus
917 3062 983 3115 ab
1015 3063 1099 3118 his
1147 3079 1265 3134 qum
1292 3066 1428 3120 bene
1472 3066 1726 3136 loquitur,
1756 3068 1864 3121 vita
1891 3068 2098 3121 dissen-

530 3151 614 3213 tit,
669 3166 789 3219 qute
834 3154 1071 3208 conditio
1116 3155 1277 3209 etiam
1321 3156 1598 3211 auditores
1641 3158 1923 3226 obstringit
1974 3173 2096 3213 cum

514 3248 661 3293 recta
714 3240 1023 3310 praedicatio
1070 3245 1137 3299 ab
1178 3245 1297 3299 aliis
1350 3262 1447 3316 per
1490 3246 1917 3301 incredulitatem
1946 3246 2100 3300 audi-

516 3341 605 3386 tur
658 3333 711 3387 iu
766 3347 1035 3403 mor-tem,
1097 3337 1166 3393 ab
1216 3339 1336 3394 aliis
1365 3356 1461 3410 per
1515 3339 1673 3394 ﬁdem
1712 3341 2004 3412 suscipitur
2042 3341 2095 3394 in

514 3424 763 3485 salutem.

585 3519 674 3576 16.
714 3520 913 3577 Laure.
956 3523 1141 3580 Bonus
1175 3527 1323 3581 odor.
1368 3526 1686 3584 Praedicatio
1709 3529 1924 3598 quidem
1958 3531 2094 3585 lzona

517 3615 672 3667 estin
699 3617 963 3685 utrisque,
1015 3620 1109 3673 sed
1154 3620 1245 3690 qui
1290 3621 1659 3677 innhedieutes
1701 3633 1844 3687 sunt,
1897 3624 2002 3678 illis
2026 3623 2096 3678 sit

518 3706 831 3773 praidieatio
856 3709 990 3763 odor
1037 3712 1251 3775 mortis,
1300 3712 1351 3766 id
1378 3721 1479 3778 est,
1511 3715 1741 3782 peccati,
1773 3716 1823 3768 in
1867 3725 2095 3771 mortem

518 3804 798 3851 mternam.

592 3885 679 3938 17.
715 3886 953 3943 Αιυηοε.
976 3888 1109 3943 Aliis
1141 3890 1271 3943 odor
1294 3894 1498 3946 mortis.
1526 3892 1821 3953 lueredulis
1840 3894 2100 3962 praedica-

522 3978 597 4029 tio
624 3976 824 4032 Christi
865 3979 999 4033 odor
1049 3982 1237 4035 mortis
1265 3991 1365 4037 est.
1394 3982 1687 4039 Audientes
1709 3985 1852 4039 enim
1874 3990 2096 4041 verbum

521 4069 637 4134 Dei,
688 4071 768 4127 sic
814 4072 1085 4142 accipiunt
1143 4075 1297 4145 quasi
1355 4084 1584 4145 pestem,
1657 4090 1725 4131 ex
1771 4092 1878 4147 qua
1925 4078 2099 4132 oritur

519 4179 686 4218 mors.

590 4257 676 4312 18.
717 4258 1107 4325 Adulterantes,
1174 4261 1226 4316 id
1257 4270 1359 4327 est,
1385 4262 1862 4331 pseudoapostolos
1908 4263 2095 4333 tangit,

517 4352 610 4419 qui
640 4353 805 4407 verba
855 4353 947 4407 Dei
981 4369 1077 4422 per
1122 4353 1316 4409 malam
1344 4356 1844 4426 interpretationem
1889 4356 2098 4410 adulte-

520 4441 735 4498 rabant.
772 4443 904 4498 Nam
956 4446 1205 4502 tollentes
1236 4447 1476 4503 divinum
1533 4463 1774 4513 sensum,
1800 4448 2096 4504 humanum

522 4533 813 4603 ponebant.

596 4624 680 4678 19.
722 4623 920 4680 Lmen.
951 4627 1341 4683 Adulterantes.
1371 4630 1597 4685 Adulter
1624 4647 1730 4687 non
1755 4632 1949 4700 quaerit
1976 4647 2098 4700 pro-

520 4713 647 4778 lem,
695 4716 788 4770 sed
839 4717 1165 4775 voluntatem
1211 4722 1455 4791 corporis
1493 4724 1731 4792 explere.
1771 4723 1926 4779 Tales
1974 4733 2100 4780 sunt

520 4806 610 4875 qui
664 4822 761 4876 pro
799 4817 1014 4865 terreno
1048 4814 1331 4867 commodo
1376 4813 1598 4869 verbum
1653 4815 1745 4869 llci
1783 4818 2097 4886 przedicant,

518 4912 625 4952 non
658 4908 961 4966 quaerentes
997 4900 1135 4956 ﬁlios
1167 4904 1475 4972 spirituales
1507 4920 1789 4975 generare.

2201 2415 2487 2485 epistolam
2549 2413 2799 2467 nolumus
2873 2416 3264 2481 commendari,
3329 2416 3451 2486 quia
3496 2431 3580 2469 vos
3626 2413 3723 2469 estis

2197 2506 2429 2577 epistola
2480 2514 2685 2571 nostra,
2714 2521 2834 2576 quae
2877 2522 2975 2561 nos
3011 2508 3379 2575 commendat,
3415 2508 3463 2563 id
3493 2520 3582 2572 est,
3626 2507 3722 2561 ﬁdes

2195 2606 2400 2651 vestra.

2265 2695 2319 2749 2.
2351 2694 2585 2766 Ep’stola
2618 2706 2819 2751 nostra.
2871 2694 3129 2765 Epistola,
3192 2695 3389 2767 inquit,
3451 2704 3609 2751 nostra
3637 2709 3709 2747 vos

2198 2787 2351 2851 estis,
2374 2788 2423 2841 id
2446 2795 2546 2851 est,
2572 2786 2704 2841 ﬁdes
2734 2794 2919 2841 nostra
2960 2802 3056 2857 per
3079 2801 3199 2840 eam
3243 2787 3509 2849 laudatur,
3542 2800 3597 2839 co
3613 2782 3720 2854 quod

2196 2881 2584 2951 praedicatione
2618 2890 2803 2934 nostra
2835 2895 2931 2933 vos
2959 2881 3024 2933 ad
3060 2880 3218 2933 iidem
3252 2880 3614 2936 convertimus.

2271 2975 2325 3027 5.
2361 2971 2425 3025 In
2462 2972 2706 3025 cordibus
2745 2972 2959 3026 nostris.
2990 2972 3095 3026 Vos
3122 2980 3175 3026 et
3199 2971 3362 3025 iidem
3391 2979 3601 3024 vestram
3624 2964 3720 3020 obli-

2200 3068 2342 3123 vioui
2374 3084 2475 3121 non
2501 3067 2842 3133 tradidimus,
2865 3065 2959 3121 sed
2989 3066 3041 3121 in
3074 3065 3336 3121 memoria
3361 3073 3532 3120 nostra
3560 3068 3721 3127 semper

2202 3160 2358 3216 estis.

2267 3252 2322 3307 4.
2366 3254 2600 3307 Ancus'r.
2631 3251 2745 3324 (lib.
2786 3252 2863 3307 De
2889 3253 3072 3323 spiritu
3102 3262 3150 3307 et
3174 3252 3284 3317 lit.,
3306 3267 3357 3306 e.
3387 3251 3470 3306 17.
3497 3257 3610 3302 tom.
3633 3241 3714 3301 illi.

2201 3343 2268 3398 la
2319 3344 2510 3398 tabulis
2550 3345 2745 3399 cordis.
2804 3344 3062 3400 Carnales
3118 3354 3300 3398 autem
3344 3341 3542 3397 tabulas
3587 3334 3720 3390 cordis

2199 3437 2356 3500 dixit,
2388 3452 2493 3491 non
2527 3437 2762 3494 carnalis
2805 3438 3134 3507 prudentire;
3175 3438 3271 3491 sed
3305 3446 3546 3504 tanquam
3573 3430 3717 3483 viven-

2203 3529 2294 3594 tis,
2334 3542 2664 3598 sensumque
2711 3530 2978 3595 habentis,
3002 3529 3054 3583 in
3102 3530 3504 3599 comparatione
3556 3518 3720 3591 lapidis.

2201 3618 2290 3686 qui
2322 3618 2441 3671 sine
2474 3632 2637 3672 sensu
2665 3626 2766 3673 est.

2269 3709 2321 3764 5.
2364 3710 2685 3782 (ibid.,'cap.
2717 3710 2825 3781 M).
2853 3711 3050 3766 Littera
3075 3712 3210 3766 enim
3235 3712 3444 3766 occidit.
3472 3702 3667 3764 Attende
3684 3708 3720 3754 et

2199 3801 2323 3856 vide
2353 3811 2413 3857 ut
2440 3817 2560 3857 cum
2588 3802 2882 3872 quidquam
2908 3813 3131 3873 propter
3159 3801 3624 3859 circumcisioncm,
3659 3790 3718 3844 vel

2202 3893 2516 3956 Satibatum.
2550 3894 2631 3950 vel
2661 3894 2791 3964 quid
2819 3894 2963 3949 aliud
2996 3894 3302 3950 umbratilis
3341 3885 3653 3950 sacramenti,
3676 3895 3721 3934 ac

2201 4001 2306 4039 non
2354 3994 2525 4041 totum
2565 3996 2784 4057 propter
2828 3986 2933 4043 hoc
2987 3986 3349 4057 dicat;quod
3400 3985 3562 4039 littera
3584 3973 3723 4049 prohi-

2237 4088 2643 4148 ens.peccatum
2670 4094 2775 4134 non
2798 4078 3031 4133 vivificat
3047 4074 3458 4150 [al.,justificat]
3482 4070 3719 4127 hominem.

2199 4171 2292 4225 sed
2333 4173 2510 4241 potius
2531 4172 2751 4235 occidit,
2780 4171 3025 4242 augendo
3052 4170 3556 4241 concupiscentiam,
3577 4169 3621 4215 et
3648 4155 3722 4211 iui-

2199 4264 2458 4331 quitatem
2516 4265 2961 4334 praevaricatione
3025 4264 3376 4325 cumulando,
3422 4258 3514 4314 nisi
3577 4252 3722 4306 liberet

2201 4356 2370 4421 gratia
2397 4370 2493 4425 per
2520 4354 2689 4426 legem
2720 4355 2864 4420 ﬁzlci,
2898 4371 3015 4424 qum
3043 4362 3126 4409 cst
3161 4356 3212 4407 in
3236 4353 3453 4407 Christo
3485 4346 3613 4401 .lesu.

2273 4445 2323 4499 6.
2358 4444 2558 4499 Lsarn.
2602 4444 2801 4499 Littera
2826 4445 3037 4499 occidit.
3108 4444 3406 4512 Dupliciter
3443 4441 3599 4509 potest
3645 4428 3720 4481 hoc

2202 4536 2448 4607 intelligi,
2474 4538 2553 4591 vel
2588 4538 2711 4607 quia
2745 4538 2862 4593 sine
2888 4536 3257 4592 misericordia
3299 4540 3569 4607 peccantes
3587 4517 3717 4579 occidi

2195 4628 2370 4696 jubet,
2398 4627 2612 4683 dicens:
2639 4627 2694 4682 Si
2721 4628 2843 4697 quis
2899 4628 3000 4681 hoc
3051 4626 3131 4680 vel
3174 4626 3302 4681 illud
3359 4622 3552 4682 fecerit,
3589 4618 3719 4669 morlc

2203 4723 2484 4777 moriatur.
2511 4720 2609 4776 Vel
2631 4721 2923 4776 carnaliter
2970 4721 3287 4785 observata,
3329 4717 3549 4773 animam
3574 4707 3717 4763 obsee

2201 4817 2380 4870 vantis
2402 4816 2674 4870 occidunt.

2273 4907 2324 4960 7.
2379 4907 2609 4977 Spiritus
2667 4915 2839 4960 autem
2882 4905 3129 4973 eiuiﬁcat,
3184 4904 3237 4959 id
3274 4911 3378 4967 est,
3422 4886 3720 4968 spiritualiter

586 4990 674 5045 ΞΟ.
714 4988 801 5044 Ea:
850 4990 974 5046 Deo.
1030 4994 1107 5047 Ex
1147 4994 1274 5057 Deo,
1326 4995 1518 5066 inquit,
1549 4996 1836 5067 loquimur,
1874 4998 1999 5068 quia
2031 5014 2092 5053 ex
2127 5023 2170 5083 ε
2206 4999 2477 5056 intellecta
2503 4999 2846 5054 observantis
2874 4997 3109 5052 animam
3136 4996 3389 5051 vivificat.

519 5079 631 5135 Deo
657 5081 976 5153 accipimus,
1003 5086 1146 5154 quod
1169 5089 1545 5155 praedicamus.

590 5176 832 5231 AMBROS.
864 5175 947 5230 Ea:
991 5177 1119 5241 Deo,
1158 5178 1210 5233 id
1239 5189 1343 5244 est,
1371 5184 1640 5249 quomodo
1664 5183 1806 5239 Deus
1833 5183 1979 5239 dedit

588 5264 681 5319 21.
723 5264 927 5325 Lsnrn.
969 5265 1159 5323 Coram
1182 5267 1309 5322 Deo.
1348 5269 1483 5337 Quia
1517 5271 1589 5324 illi
1636 5272 1848 5341 placere.
1874 5283 2100 5328 conten-

519 5356 716 5412 (lituus.

592 5450 743 5508 CAP.
789 5453 875 5510 lli.
933 5484 1001 5497 -—
1044 5457 1096 5512 1.
1146 5456 1348 5512 Lmen.
1400 5455 1688 5528 lucipimus
1731 5459 1941 5517 iterum.
1989 5467 2097 5513 etc.

527 5542 644 5599 Non
677 5560 792 5607 nos,
846 5546 1039 5615 inquit,
1088 5550 1552 5611 commendamus,
1601 5548 1745 5603 nulla
1778 5550 1922 5605 enim
1950 5564 2100 5603 com-

526 5636 872 5693 mendatione
912 5640 1227 5709 indigemus,
1273 5641 1396 5707 quia
1430 5655 1526 5695 nec
1577 5639 1664 5693 illa
1689 5656 1808 5707 qua:
1838 5640 1896 5694 iit
1920 5640 2096 5702 vobis,

526 5741 625 5781 nec
676 5742 796 5795 qme
854 5728 911 5781 iit
954 5730 1168 5795 litteri;,
1217 5734 1338 5801 quia
1392 5747 1485 5802 per
1534 5731 1811 5802 epistulam
1857 5732 1904 5800 (π
1940 5730 2097 5801 pari).

2277 5092 2330 5148 8.
2365 5091 2517 5158 Quod
2552 5092 2597 5144 si
2627 5091 2962 5145 ministratio.
2992 5088 3397 5144 Commendatio
3424 5092 3475 5139 et
3497 5080 3599 5134 laus
3616 5068 3715 5164 iloti

2208 5183 2577 5246 Testamenti;
2633 5182 2891 5250 dicitque,
2946 5180 3361 5234 si-ministratio
3390 5169 3571 5259 veteris
3616 5161 3717 5259 ιςεξε

2202 5274 2432 5332 formata
2456 5274 2673 5339 litteris,
2731 5274 2784 5328 in
2843 5273 3040 5329 tabulis
3086 5271 3335 5342 lapideis,
3384 5266 3478 5321 fuit
3521 5258 3717 5324 Mtuya‘m

2207 5374 2409 5421 tantam
2430 5363 2656 5432 gloriam
2685 5374 2744 5418 ut
2772 5363 2864 5418 lilii
2892 5362 3055 5418 Israel
3092 5363 3279 5416 faciem
3307 5360 3419 5430 ejus
3445 5351 3605 5406 videre
3636 5348 3715 5393 no"

2206 5464 2448 5526 possent,
2474 5464 2696 5524 propter
2733 5454 3032 5509 claritatem
3061 5453 3238 5507 vultus
3268 5451 3399 5521 ejus,
3433 5457 3542 5514 quae
3578 5439 3714 5526 tamett

2213 5525 2521 5601 transitoria
2570 5545 2697 5609 fuit;
2756 5546 3024 5615 quomodo
3079 5559 3185 5598 non
3247 5539 3411 5610 magis
3447 5525 3715 5586 ministratio

2214 5655 2363 5694 nova:
2392 5637 2523 5707 legis
2572 5638 2672 5691 erit
2759 5635 3016 5705 apostolis
3041 5635 3091 5690 in
3115 5634 3335 5705 gloriam
3367 5617 3713 5707 sempiternam;

2215 5686 2362 5694 ""“"'
2393 5686 2522 5707 "'0"
2576 5686 2671 5691 “---
2761 5686 3014 5705 *νιητν-η-
3044 5686 3091 5690 ν--
3116 5686 3193 5705 σίν
3242 5686 3247 5687 ν
3478 5686 3487 5691 -
3672 5708 3673 5713 η

2214 5730 2373 5784 Vetus
2414 5738 2590 5785 autem
2654 5730 2738 5782 lex
2812 5727 3138 5782 ministratio
3186 5722 3368 5779 mortis
3415 5686 3713 5769 dicittttt‘Cl
