3880 6306
128 369 221 424 2ὶό
820 366 885 420 ΙΝ
926 368 988 422 D.
1024 366 1229 422 PAULI
1267 365 1485 423 EPIST.
1516 365 1663 422 (ΣΟΜῖ

1777 365 1868 420 ΕΤ.
1907 396 1977 406 -
2015 364 2232 423 EPIS'I‘.
2277 368 2318 422 ll
2358 368 2449 423 AD
2488 369 2645 426 COD.
3286 372 3391 429 236

127 483 337 551 tiﬁcans,
366 481 574 537 litteris
630 479 952 546 deformata,
987 484 1204 551 scripta,
1261 482 1313 535 in
1368 482 1661 551 lapidibus,
1711 480 1924 545 tabulis,
1954 480 2128 535 fuitin
2170 482 2357 553 gloria,
2398 483 2585 553 Moysi,
2620 483 2673 539 9.
2709 482 2781 537 ita
2814 490 2871 538 ut
2900 484 3129 555 (exponit
3166 486 3381 541 modum

124 575 284 643 glort'tc
314 572 537 643 Μορμὼ)
577 584 920 643 nonpossent
951 575 1234 628 intendere
1277 573 1369 627 filii
1423 572 1585 628 Israel
1611 574 1663 627 in
1695 572 1888 628 faciem
1946 573 2166 645 Moysis,
2219 584 2442 645 propter
2486 576 2735 646 gloriam,
2769 592 2878 645 prce
2918 578 3078 630 nimia
3111 577 3381 649 claritate,

124 665 279 720 vultus
304 666 440 736 ejus,
466 682 590 736 qum
609 666 774 738 gloria
800 650 1117 731 evacuatur,
1151 666 1368 729 transit,
1405 664 1674 733 quomodo
1698 678 1803 717 non
1856 665 2028 735 magis
2060 667 2387 720 ministratio
2447 667 2695 737 spiritus,
2750 668 3384 736 spiritualistcstamenti.

121 760 210 811 erit
233 758 513 829 ingloria?
551 760 692 813 nobis
719 758 988 829 apostolis.
1023 756 1353 828 (Responsio,
1405 757 1481 811 vel
1506 757 1688 827 probat
1718 774 1750 810 a
1780 759 1942 827 pari.)
1984 758 2119 813 Nam
2175 760 2217 815 si
2249 761 2575 817 ministratio
2641 762 3027 829 damnationis,
3084 766 3385 820 damnantis

120 850 229 920 legis
247 851 297 903 in
320 851 498 920 gloria
524 862 609 905 est
634 851 824 921 Moysi,
857 851 1023 906 nndto
1044 852 1213 922 magis
1236 850 1473 906 abundat
1497 851 1855 905 ministerium
1887 850 2111 919 iustitiae
2129 854 2181 908 in
2206 854 2373 922 gloria
2400 856 2667 925 apostolis.
2696 858 2783 911 10.
2810 857 2943 911 Nam
2977 873 3074 912 nec
3098 860 3373 929 gloriﬁca-

121 956 216 999 tum
244 953 325 999 est
380 946 531 1013 quod
559 943 666 1015 92
689 945 883 999 claruit
907 944 958 997 in
984 945 1087 1000 hac
1117 955 1290 1014 parte,
1325 946 1379 997 id
1402 952 1497 1007 est,
1531 944 1584 996 in
1610 942 1791 1012 Moyse
1812 943 2011 998 nullius
2037 945 2219 1014 gloriw
2249 956 2347 1010 est,
2369 958 2621 1017 quantum
2663 949 2733 1002 ad
2758 948 3088 1003 excellentem
3133 950 3383 1021 gloriam,

116 1053 217 1106 qua:
242 1047 312 1091 est
342 1038 396 1091 in
422 1037 786 1105 apostolorum
807 1036 1197 1105 pra'dicatione,
1228 1046 1450 1105 propter
1471 1034 1822 1089 excellentem
1850 1033 2077 1104 gloriam
2108 1036 2486 1106 apostolorum.
2529 1037 2586 1092 Si
2616 1038 2762 1093 enim
2832 1041 3091 1109 (repetitio
3142 1041 3219 1095 vel
3255 1060 3381 1111 pro-

116 1129 236 1183 butio
259 1146 289 1181 a
323 1130 466 1199 pari)
498 1130 588 1182 II.
613 1129 757 1198 quod
778 1139 1072 1184 evacuatur
1094 1128 1185 1198 (ad
1220 1129 1355 1191 hoc;
1389 1143 1510 1180 nam
1533 1127 1577 1179 si
1604 1125 1917 1179 ministratio
1947 1127 2321 1191 damnationis,
2352 1130 2483 1195 etc.)
2509 1144 2605 1197 per
2631 1130 2856 1196 gloriam
2880 1140 2986 1196 est,
3008 1132 3174 1184 multo
3204 1134 3374 1202 magis

114 1221 236 1292 quod
266 1232 468 1284 manet,
499 1221 555 1274 in
581 1220 750 1291 gloria
781 1230 884 1283 est,
908 1236 1030 1288 ergo
1053 1204 1356 1273 habebimus
1389 1216 1612 1287 gloriam
1663 1216 1718 1283 (a
1778 1215 1994 1286 minori)
2040 1225 2088 1269 et
2117 1233 2233 1270 cum
2259 1217 2543 1271 habeamus
2609 1236 2748 1286 spent
2801 1218 3006 1287 glorim,
3034 1238 3151 1273 cum
3193 1221 3384 1276 ﬁducia

111 1318 460 1387 pradicamus,
490 1326 543 1370 et
571 1318 668 1369 hoc
690 1327 784 1370 est.
814 1314 1274 1383 Habentesigitur
1302 1311 1463 1366 talem
1489 1324 1638 1380 Spem
1667 1308 1848 1378 glorur
1876 1325 1939 1362 ex
1969 1308 2201 1377 Ειαιιῃει
2224 1326 2254 1364 o
2300 1310 2574 1373 habendre.
2630 1313 2794 1367 multa
2825 1314 3020 1368 fiducia
3065 1315 3284 1377 ntiumr,
3322 1317 3379 1369 in

115 1411 409 1482 Evangelia;
435 1420 493 1464 et
518 1424 625 1463 non
654 1408 793 1462 sicut
825 1407 1034 1477 Moyses
1064 1405 1298 1475 ponebat
1351 1402 1600 1456 velamen
1635 1416 1799 1469 super
1824 1398 2017 1454 faciem
2056 1416 2234 1465 suam,
2291 1418 2396 1456 non
2441 1404 2684 1470 ponimus
2730 1404 2961 1458 velamen
2984 1423 3141 1476 super
3187 1409 3382 1477 [aciem

111 1518 340 1567 nostram,
367 1505 422 1557 id
448 1513 552 1563 est,
582 1520 681 1556 non
712 1503 963 1554 habemus
994 1498 1161 1553 relata
1184 1495 1360 1560 verba,
1389 1494 1524 1548 sicut
1565 1491 1809 1561 Moyses;
1837 1493 1975 1561 quod
2011 1492 2412 1561 signiﬁcabatur
2451 1494 2507 1546 in
2560 1495 2839 1559 velamine,
2875 1506 2940 1549 ιιι
2976 1514 3081 1552 non
3142 1501 3384 1555 intentle‘

113 1610 215 1655 rent
243 1598 328 1652 filii
363 1596 534 1652 Israel
556 1596 610 1649 iu
642 1595 857 1657 faciem,
888 1591 1138 1653 velamen,
1166 1589 1284 1659 ejus
1306 1586 1451 1659 quod
1492 1592 1812 1646 evacuatur,
1860 1582 2104 1652 aufertur
2155 1584 2211 1639 in
2263 1584 2603 1641 Christianis.
2638 1584 2743 1641 Sed
2777 1596 2950 1642 tamen
2986 1590 3160 1646 adhuc
3195 1593 3378 1648 obtusi

109 1702 214 1747 sunt
239 1706 427 1747 sensus
451 1703 672 1748 eorum.
702 1689 754 1741 id
795 1696 890 1751 est,
918 1684 1254 1746 Judazorum,
1278 1682 1367 1746 qui
1389 1679 1564 1733 adhuc
1602 1694 1705 1731 non
1733 1687 1949 1746 possunt
1979 1675 2290 1746 intelligere.
2348 1677 2530 1748 Usque
2562 1680 2615 1733 in
2651 1680 2968 1735 hodiernum
3021 1686 3165 1739 enim
3206 1686 3370 1753 diem,

109 1785 310 1853 idipsum
337 1783 593 1837 velamen
626 1781 680 1834 in
713 1779 942 1834 lectione
977 1774 1193 1833 Veteris
1223 1770 1558 1849 Testamenti
1588 1776 1772 1822 manet
1795 1768 1937 1836 apud
1959 1764 2179 1821 Judwos
2202 1783 2309 1823 non
2336 1769 2633 1824 revelatum
2659 1770 2964 1838 incredulis,
2994 1775 3119 1844 quia
3148 1778 3374 1832 credulis

104 1887 279 1931 tantum
311 1874 881 1944 ret‘elatur(quoniam
912 1871 966 1925 in
998 1870 1235 1931 Christo,
1264 1865 1456 1920 Christi
1480 1863 1586 1932 [ile
1614 1860 1961 1919 credentibus.
1992 1870 2342 1928 evaeuaturj,
2386 1863 2482 1918 sed
2528 1879 2700 1934 usque
2745 1864 2796 1919 in
2852 1865 3174 1921 hodiernum
3200 1869 3375 1934 diem,

105 1987 205 2025 cum
236 1972 429 2041 legitur
466 1970 706 2041 Moyses,
735 1968 982 2023 velamen
1011 1964 1246 2034 positum
1294 1971 1377 2016 est
1406 1972 1570 2029 super
1613 1969 1710 2010 cor
1748 1967 1958 2018 eorum.
2007 1952 2341 2009 Judd’orum.
2380 1954 2515 2012 Cum
2542 1965 2726 2012 autem
2778 1972 3074 2014 conversus
3111 1959 3277 2015 fuerit
3307 1964 3374 2018 ad

108 2040 384 2126 Dominum,
414 2063 481 2117 de
511 2040 761 2115 cordibus
782 2073 964 2113 eorum
997 2055 1275 2110 auferezur
1300 2047 1654 2119 intelligenth
1678 2043 1946 2100 velamen.
1980 2044 2064 2099 12.
2091 2046 2351 2102 Dominus
2371 2059 2551 2104 autem
2575 2049 2811 2120 Spiritus
2840 2060 2942 2117 cst,
2963 2051 3049 2107 15.
3070 2055 3158 2109 ubi
3190 2066 3373 2113 autem

107 2157 311 2226 Spiritus
346 2155 596 2219 Domini,
629 2154 716 2208 M.
746 2152 822 2207 ibi
860 2151 1104 2213 libertas,
1136 2148 1189 2201 id
1221 2157 1318 2211 est,
1353 2145 1515 2198 libera
1550 2139 1912 2209 intelligentia.
1944 2139 2032 2203 15,
2065 2141 2152 2195 l6.
2194 2142 2309 2197 Nos
2340 2157 2472 2198 vero
2500 2160 2712 2210 omnes,
2741 2146 2974 2217 (Moyses
3022 2148 3220 2205 t‘elitas
3268 2170 3372 2208 non

105 2257 277 2315 poterat
301 2247 529 2317 intelligi
556 2262 576 2311 ;
604 2246 694 2299 sed
733 2261 826 2299 nos
853 2242 1242 2312 :(commendat
1273 2238 1347 2306 se)
1373 2236 1614 2293 revelata
1650 2231 1812 2298 facie,
1842 2232 2015 2302 planis
2047 2238 2236 2301 verbis,
2264 2237 2530 2291 interioris
2564 2239 2792 2293 hominis
2819 2242 2991 2303 oculo,
3026 2243 3113 2297 17.
3139 2246 3208 2313 gli
3234 2248 3371 2305 rium

107 2338 307 2403 Domini,
338 2349 601 2394 reternam
631 2337 1003 2392 beatitudinem
1034 2335 1090 2387 in
1120 2332 1270 2387 Novo
1303 2330 1636 2384 Testamento
1664 2325 2003 2393 promissam,
2026 2328 2390 2396 speculantes,
2424 2346 2526 2383 non
2549 2330 2859 2399 temporalia
2887 2345 2939 2385 ut
2977 2338 3327 2407 pseudojuda:
3355 2378 3370 2403 ,

1421 2436 1994 2497 COMMENTARIUS.

107 2571 207 2640 quia
232 2565 738 2626 sincmiscricordia
782 2573 1093 2636 ρερωιοτρε
1128 2559 1408 2631 puniebat,
1440 2557 1522 2609 vel
1549 2553 1671 2621 quia
1706 2562 1750 2618 Α
1782 2550 1851 2604 ibi
1879 2553 2005 2619 erit,
2039 2555 2129 2624 qui
2160 2570 2279 2610 eam
2311 2556 2491 2624 dabit;
2539 2566 2592 2612 et
2629 2558 2732 2614 hoc
2756 2561 2947 2630 probat
2977 2582 2990 2617 :
3019 2562 3255 2634 Spiritus
3284 2582 3366 2624 est

108 2671 204 2731 post
223 2664 506 2717 adventum
533 2658 759 2722 Christi,
784 2656 851 2709 ad
882 2655 1115 2709 litteram
1144 2652 1451 2709 observata,
1478 2644 1672 2699 anima:

109 2764 307 2807 mortem
362 2752 663 2807 ministrat.
706 2747 913 2801 Novum
968 2758 1095 2797 vero
1134 2741 1540 2795 Testamentum
1572 2732 1674 2787 mi-

108 2844 323 2897 nistratio
346 2843 579 2911 spiritus
608 2840 830 2901 dicitur,
861 2833 943 2889 vel
967 2834 1089 2903 quia
1118 2847 1213 2902 per
1238 2831 1410 2898 ipsum
1436 2825 1675 2895 Spiritus

107 2944 293 2987 sanctus
342 2930 657 2987 observanti
706 2931 900 2992 datur,
936 2925 1017 2979 vel
1051 2924 1175 2993 quia
1230 2921 1359 2975 ineo
1404 2915 1669 2972 vetuslex

108 3026 430 3095 Spiritualitcr
454 3022 782 3092 intelligitur
817 3030 871 3075 et
900 3028 1169 3075 servatur.

162 3119 207 3172 9.
247 3121 485 3174 Accusr.
522 3116 647 3189 (lib.
674 3130 711 3169 ιι
737 3123 920 3167 contra
948 3109 1153 3164 advers.
1181 3106 1306 3177 legis
1333 3116 1380 3160 et
1403 3103 1664 3175 prophet.,

108 3224 149 3262 ς.
179 3210 222 3275 7,
246 3221 364 3266 tom.
401 3210 511 3282 Vl).
547 3208 635 3262 Ita
660 3222 840 3261 utnon
883 3212 1089 3274 possent
1118 3200 1216 3269 ﬁlii
1259 3197 1450 3253 Israel.
1516 3195 1668 3263 Quod

108 3318 193 3356 non
231 3313 472 3372 poterant
534 3296 803 3355 filiilsrael
833 3295 1113 3349 intendere
1180 3292 1232 3346 in
1282 3290 1475 3345 faciem
1528 3288 1669 3358 ejus;

109 3403 296 3463 propter
338 3394 575 3464 gloriam
626 3389 804 3444 vultus
834 3386 971 3455 ejus,
999 3386 1210 3454 signum
1252 3390 1372 3436 erat
1430 3380 1553 3449 quia
1614 3380 1665 3433 in

109 3481 206 3553 lege
228 3473 490 3539 Christum
540 3480 864 3537 intellecturi
918 3494 1022 3531 non
1054 3484 1241 3537 erant;
1270 3481 1324 3526 et
1362 3472 1484 3526 ideo
1519 3469 1665 3523 vela-

111 3591 209 3630 men
233 3578 360 3633 inter
393 3579 590 3632 facient
622 3573 821 3645 Moysis
877 3579 932 3627 et
979 3570 1099 3623 illos
1152 3566 1385 3637 positmn
1439 3573 1577 3629 erat,
1608 3571 1668 3618 ut

107 3681 194 3719 non
220 3669 591 3733 intenderent,
643 3667 781 3721 sicut
828 3664 1090 3732 scriptum
1132 3668 1261 3714 est:
1323 3656 1444 3712 Filii
1502 3655 1666 3711 Israel

110 3771 249 3826 usque
276 3760 324 3813 in
354 3759 543 3824 finem,
580 3769 685 3812 etc.

164 3849 237 3903 l0.
262 3848 455 3905 ἰδίω-ιι.
494 3848 641 3903 Nam
672 3864 763 3901 nec
782 3844 1135 3916 glorificatum
1166 3852 1264 3897 est.
1294 3840 1441 3896 Ordo
1475 3856 1487 3893 :
1521 3838 1665 3907 quod

1778 2644 2074 2712 Domiuns‘;
2106 2651 2200 2703 sed
2242 2650 2551 2721 ubicunque
2579 2663 2659 2707 est
2694 2654 2973 2719 Dominus,
3012 2656 3080 2710 ibi
3109 2650 3327 2713 libertas
3355 2674 3369 2723 ;

1773 2751 1903 2806 ergo
1933 2739 2237 2811 ubicunque
2272 2751 2356 2797 est
2400 2740 2657 2813 Spiritus,
2688 2746 2758 2801 ibi
2819 2746 3042 2803 libertas
3080 2749 3131 2819 (a
3151 2765 3368 2821 genere,

1775 2832 2072 2899 assumptio
2099 2842 2152 2886 et
2181 2833 2501 2901 conclusio);
2530 2836 2622 2890 sed
2648 2836 2699 2891 in
2723 2836 2919 2893 lsraele
2946 2855 3208 2896 converso
3231 2844 3359 2911 crit,

1773 2936 1901 2993 ergo
1934 2927 1985 2978 in
2013 2941 2077 2981 eo
2097 2928 2200 2981 erit
2225 2928 2469 2983 libertas.

1844 3015 1929 3069 I5.
1967 3015 2079 3070 Nos
2111 3034 2230 3071 vero
2250 3035 2427 3073 omnes
2465 3020 2710 3076 revelata.
2763 3023 2890 3090 l‘tos,
2932 3023 3126 3095 inquit,
3173 3042 3365 3083 omnrs

1772 3106 2001 3174 apostoli
2042 3108 2282 3163 revelata
2313 3108 2451 3165 facie
2513 3127 2619 3165 non
2642 3124 2920 3183 cooperta,
2949 3116 3089 3169 sicut
3125 3116 3362 3189 Moyses,

1773 3196 2049 3252 cmlestem
2104 3200 2331 3270 gloriam
2371 3203 2715 3272 speculantes
2768 3206 2836 3261 ad
2865 3208 3034 3277 ipsam
3081 3210 3223 3263 cnim
3276 3220 3361 3265 cst

1775 3287 2004 3344 intentio
2051 3300 2239 3345 nostra
2269 3294 2393 3362 quia
2429 3310 2689 3366 nuncper
2713 3298 2991 3367 speculum
3037 3311 3089 3353 ct
3133 3302 3360 3371 :cuigma

1771 3376 2017 3432 videmus
2051 3380 2102 3433 in
2127 3382 2373 3436 eamdem
2399 3383 2649 3453 gloriam,
2675 3402 2795 3455 qua:
2819 3388 3017 3454 adhuc,
3050 3408 3153 3443 ιιιιιι
3183 3394 3360 3460 quaiis

1770 3478 1875 3529 est,
1906 3480 2165 3538 apparet;
2194 3473 2286 3526 sed
2317 3475 2469 3541 quasi
2500 3476 2749 3544 quaedam
2789 3476 2967 3546 imago
2995 3479 3209 3535 videtur
3237 3482 3362 3549 fde,

1771 3567 1822 3611 et
1859 3558 2012 3613 bonis
2040 3562 2298 3629 operibus
2326 3563 2803 3623 transformamur.
2836 3566 2895 3620 In
2926 3568 3025 3623 hoc
3044 3573 3187 3623 enim
3221 3585 3358 3625 con-

1773 3652 2044 3709 tendimus
2060 3654 2445 3712 utconfurmes
2462 3656 2583 3724 ejus
2615 3658 2732 3714 fieri
2760 3662 3032 3731 possimus
3057 3678 3086 3715 a
3110 3662 3362 3719 claritate

1771 3743 1891 3800 fidei
1921 3757 2246 3817 perventura
2276 3750 2326 3803 in
2348 3750 2650 3811 claritatem
2672 3753 2823 3822 spei:

1846 3836 1929 3891 lti.
1977 3839 2215 3894 AMBROS.
2252 3840 2364 3894 Nos
2402 3857 2522 3895 vero
2547 3859 2726 3897 omnes
2784 3847 3031 3899 Iei'eltilt.
3061 3844 3166 3899 Per
3199 3847 3358 3901 ﬁdem

108 3941 287 4008 ciaruit,
322 3959 419 3999 nec
465 3914 833 4014 glorificatuin
869 3946 948 3993 est
984 3937 1036 3991 iu
1065 3937 1166 3991 hac
1218 3944 1395 4005 parte,
1440 3938 1664 4002 propter
1701 3914 1737 3971 Π
1769 3931 2111 3998 speculantes
2139 3972 2155 3998 ,
2209 3934 2275 3986 ad
2316 3934 2563 3989 eamdem
2623 3936 2914 4005 imaginem
2978 3950 3077 3991 tr.u
3103 3939 3359 3993 sbimari

109 4033 417 4091 excellentem
449 4034 704 4108 gloriam.
730 4030 966 4102 Exponit
989 4030 1213 4102 gloriam
1244 4027 1658 4098 prmdicatorum

110 4124 571 4184 NoviTestamenti.
599 4125 740 4181 Dicit
760 4124 903 4178 enim
935 4122 1076 4193 quod
1100 4122 1264 4176 facies
1292 4119 1510 4190 Moysis,
1539 4130 1660 4186 qua:

110 4214 150 4269 in
178 4218 294 4289 legis
312 4220 511 4275 veteris
546 4217 744 4271 latione
770 4214 991 4279 claruit,
1017 4227 1123 4267 non
1171 4218 1345 4281 potest
1372 4210 1475 4265 dici
1497 4208 1662 4279 glori-

110 4306 257 4373 licata,
285 4310 335 4364 in
367 4307 807 4365 consideratione
852 4304 1008 4359 istius
1054 4302 1244 4373 partis,
1293 4300 1344 4354 id
1376 4310 1484 4363 est,
1518 4300 1561 4352 si
1592 4298 1660 4351 ad

109 4398 432 4464 apostolorqu
470 4397 699 4469 gloriam
746 4394 1035 4460 referatur,
1061 4401 1280 4463 propter
1309 4389 1662 4445 excellentem

109 4487 299 4555 gloriam
321 4506 489 4561 quam
513 4490 714 4544 habent
737 4495 791 4543 et
820 4485 1057 4542 habituri
1087 4492 1235 4539 sunt.

164 4580 236 4634 II.
262 4580 407 4647 Quod
430 4590 735 4636 evacuatur.
752 4577 1007 4633 Velamen
1037 4575 1234 4629 veteris
1261 4573 1394 4643 legis
1417 4571 1663 4628 aufertur

109 4683 251 4737 nunc,
276 4672 396 4741 quia
429 4672 592 4725 modo
620 4668 909 4740 exponitur
939 4665 1197 4738 quidquid
1228 4664 1425 4735 legales
1476 4664 1662 4718 obser-

111 4764 319 4820 vationes
347 4765 815 4837 significavcrunt.

166 4855 241 4909 l2.
267 4858 515 4913 Dominus
555 4867 727 4910 autem
786 4855 1001 4923 spiritus
1051 4860 1143 4905 est.
1202 4848 1390 4905 Ordo:
1422 4848 1661 4918 Spiritus

112 4957 299 5002 sanctus
327 4959 409 5003 est
450 4946 727 5010 Dominus,
767 4952 822 4998 et
880 4950 1056 5012 potest
1078 4940 1291 5010 operari
1340 4940 1484 5008 quod
1514 4938 1657 4999 vult;

113 5048 165 5089 ac
182 5051 264 5105 per
287 5041 384 5095 hoc
418 5038 563 5111 quod
602 5052 739 5107 quos
772 5035 883 5089 vult
929 5032 1220 5099 illuminat,
1274 5046 1414 5101 quos
1462 5031 1577 5083 vult
1608 5033 1662 5083 in

116 5134 323 5188 tenebris
350 5134 662 5205 ignorantia:
690 5130 914 5186 deserit.

172 5222 247 5276 I5.
276 5222 368 5279 Ubi
396 5237 566 5280 autem
597 5223 827 5293 Spiritus
872 5221 1105 5275 Domini.
1158 5219 1393 5290 Exponit
1440 5231 1660 5273 causam

118 5325 198 5367 cur
249 5314 406 5372 Judaei
471 5318 639 5372 libere
700 5330 810 5370 non
869 5319 1097 5383 possunt
1148 5311 1452 5381 intelligere
1496 5310 1660 5364 Vetus

119 5402 505 5477 Testamentum,
540 5419 596 5466 et
625 5424 720 5465 cur
746 5407 1129 5479 praedicatores
1164 5403 1295 5459 Novi
1325 5400 1657 5458 Testamenti

121 5494 267 5564 ipsum
303 5501 464 5559 libere
485 5502 789 5572 intelligant
812 5517 828 5555 :
855 5499 1107 5554 videlicet
1136 5499 1263 5569 quia
1290 5497 1364 5553 illi
1399 5497 1661 5567 Spiritum

119 5584 196 5641 Dei
220 5606 314 5645 non
339 5593 567 5659 habent,
609 5594 663 5648 hi
695 5600 873 5647 autem
904 5590 1126 5646 habent.

177 5683 356 5740 ILIbi
388 5688 632 5743 libertas?
680 5689 763 5744 Ab
824 5687 1022 5741 Israele
1072 5699 1336 5742 converso
1384 5682 1661 5738 auferetur

120 5775 359 5847 velamen;
393 5781 613 5839 libertas
633 5780 775 5837 enim
810 5778 904 5835 Dei
934 5780 1040 5835 erit
1067 5779 1121 5834 iu
1147 5793 1231 5846 co,
1263 5775 1385 5849 quia
1421 5776 1660 5846 Spiritus

1767 4035 2076 4090 speramus,
2109 4023 2162 4076 id
2190 4031 2296 4089 est,
2346 4033 2405 4077 ut
2442 4023 2653 4080 similes
2690 4026 3051 4094 inveniamur,
3085 4038 3359 4084 trans..cta

1766 4115 1868 4169 hac
1898 4116 2023 4176 vita,
2084 4116 2340 4187 imaginis
2390 4117 2576 4188 gloria:
2612 4117 2832 4174 Christi.
2881 4119 3033 4175 Unde
3075 4120 3312 4176 Joannes
3342 4138 3355 4153 υ

1766 4205 1998 4272 Scimus,
2051 4208 2246 4278 inquit,
2298 4210 2449 4279 quia,
2494 4224 2613 4263 cum
2665 4211 3006 4280 apparuerit,
3061 4210 3181 4264 sini
3203 4227 3255 4264 es
3311 4214 3360 4265 ii

1764 4315 1805 4352 e.
1820 4298 1977 4354 imus.

1838 4391 1921 4443 17.
1956 4391 2199 4445 Aueus'r.
2229 4389 2348 4462 (lib.
2388 4404 2457 4443 xv
2486 4389 2562 4443 De
2610 4389 2783 4455 Trin.,
2816 4404 2932 4460 cap.
2964 4392 3018 4454 8.
3055 4399 3187 4445 tom.
3239 4391 3351 4461 II'.)

1765 4480 2003 4537 Gloriam
2030 4482 2241 4536 Domini
2265 4482 2612 4552 speculantes.
2642 4481 2757 4538 lloc
2790 4482 3072 4553 speculum
3129 4484 3171 4538 si
3203 4500 3355 4555 quar-

1765 4590 1969 4638 ramus,
1999 4574 2244 4644 profecto
2272 4575 2402 4630 illud
2428 4576 2688 4640 occurrit,
2716 4577 2859 4645 quod
2905 4576 2958 4630 in
3004 4575 3224 4646 specqu
3249 4576 3356 4631 nisi

1767 4670 1946 4740 imago
1976 4668 2113 4741 [ad.,
2140 4667 2272 4740 non]
2295 4667 2404 4739 93
2435 4669 2703 4724 cernitur.
2737 4668 2847 4723 Iloc
2873 4683 3004 4740 ergo
3053 4667 3233 4724 facere
3266 4684 3359 4724 co-

1766 4768 1879 4818 niti
1900 4779 2107 4829 sumus,
2142 4773 2201 4819 ut
2230 4778 2330 4833 per
2357 4764 2497 4818 hanc
2528 4763 2845 4833 imaginem,
2870 4761 3012 4831 quod
3036 4775 3135 4816 nos
3166 4776 3357 4817 sumus

1765 4856 2073 4912 videremus
2099 4863 2377 4923 utcunque
2443 4868 2473 4906 a
2524 4868 2631 4922 quo
2680 4851 2807 4907 facti
2847 4866 3056 4916 sumus,
3100 4860 3357 4921 tanquam

1766 4963 1863 5018 per
1892 4948 2189 5018 speculum.
2214 4944 2573 5017 Speculantes
2604 4960 2737 5015 ergo
2784 4945 2921 4999 dixit
2945 4960 3041 5014 per
3071 4942 3356 5013 speculam

1767 5040 2035 5104 videntes,
2064 5053 2168 5093 non
2193 5038 2259 5093 de
2288 5037 2507 5108 speculo
2538 5034 2916 5109 [al.,specula]
2941 5035 3351 5105 prospicientes.

1767 5134 1920 5201 Quod
1951 5149 2079 5188 vero
2111 5134 2189 5185 ait
2217 5132 2267 5186 in
2296 5131 2851 5200 eamdemimaginem
2877 5128 3349 5186 transformamur.

1770 5227 1955 5297 utique
1984 5227 2270 5297 imaginem
2300 5225 2391 5279 Dei
2429 5223 2546 5278 vult
2586 5221 2834 5293 intcliigi,
2864 5220 3111 5276 eamdem
3156 5218 3350 5273 dicens

1771 5323 1929 5377 isram
1957 5322 2127 5392 ipsam
2153 5319 2380 5381 scilicet,
2413 5319 2465 5373 id
2490 5328 2597 5381 est,
2639 5332 2800 5385 quam
2830 5312 3192 5384 speculamur,
3216 5309 3345 5379 quia

1768 5416 1955 5469 eadem
1980 5414 2157 5484 imago
2181 5412 2272 5467 Dei
2303 5420 2403 5476 est,
2427 5419 2483 5465 et
2508 5410 2675 5482 gloria
2705 5409 2820 5473 Dei,
2849 5405 3005 5460 sicuti
3033 5403 3155 5458 alibi
3184 5402 3312 5459 dicit
3336 5418 3352 5457 :

1779 5506 1874 5562 l’ir
1898 5507 2103 5577 quidem
2140 5522 2240 5559 non
2294 5505 2441 5559 debet
2505 5503 2675 5557 re.‘a:e
2726 5509 3081 5569 crputsuum,
3143 5512 3258 5551 cum
3286 5497 3353 5550 sit

1780 5600 1951 5667 imago
1977 5607 2023 5651 et
2057 5596 2225 5667 gloria
2267 5595 2383 5648 Dei.
2412 5590 2889 5647 Transformamur
2920 5600 3049 5656 ergo
3094 5585 3257 5654 dixit,
3286 5587 3354 5641 de

1769 5688 1939 5743 forma
1964 5689 2017 5743 in
2055 5686 2285 5743 formam
2315 5695 2591 5740 mutamur
2616 5690 2780 5750 atque
2813 5679 3127 5735 transimus.
