3964 6290
438 322 538 377 £27
1428 310 1489 367 Β.
1532 309 1917 368 LANFRANCI
1956 310 2310 368 CANTUAR.
2351 310 2667 368 ARCIIIEP.
3606 312 3728 368 228

425 429 754 493 inefmdcm
782 427 966 499 gloria:
996 425 1140 481 illius
1168 426 1293 498 (qua
1320 424 1453 495 justi
1474 426 1677 496 sumus)
1712 426 2021 496 imaginem,
2046 440 2164 494 qua:
2212 426 2308 478 erit
2346 424 2438 485 ibi,
2474 423 2949 491 transformamur,
2997 442 3099 481 non
3130 425 3320 494 fustati
3343 429 3508 496 intus,
3542 427 3635 484 18.
3685 443 3719 479 δ

424 525 675 581 claritate
702 518 848 589 ﬁdei,
885 516 961 571 vel
987 516 1290 581 creationis,
1324 514 1377 569 in
1410 514 1737 579 claritatem,
1767 512 1842 567 vel
1864 512 1931 566 de
1965 512 2151 565 virtute
2192 511 2246 565 in
2302 512 2563 578 virtutem,
2598 513 2682 567 19.
2712 524 2967 583 tanquam
3004 529 3033 567 a
3060 516 3272 571 Domini
3309 516 3538 588 Spiritu,
3596 530 3729 573 vere

421 618 584 684 docti,
611 617 686 674 vel
709 614 1073 685 transformati
1098 626 1190 681 per
1214 606 1471 679 Spiritum
1498 618 1759 662 sanctum.

1902 714 2132 773 CAPUT
2173 714 2241 773 IV

452 862 455 865 ·
495 843 623 898 Ideo
680 840 825 913 (quia
872 852 963 908 per
1008 849 1149 904 spem
1191 827 1669 899 transformamur,
1735 829 1815 884 vel
1871 847 1996 902 quia
2049 839 2274 885 revelata
2321 828 2460 901 facie
2506 829 2838 899 speculantur
2881 830 3104 902 gloriam
3160 832 3305 887 nobis
3337 834 3726 903 promissam),

422 938 687 993 habentes
716 936 855 989 hanc
886 922 1408 984 administrationem
1446 923 1867 991 prtedtcationis,
1892 922 2047 992 juxta
2072 922 2218 994 quod
2255 922 2686 978 misericordiam
2715 923 2993 979 consecuti
3029 939 3236 989 sumus,
3268 941 3371 979 non
3402 941 3497 996 per
3523 928 3733 980 merita

420 1039 622 1094 nostra,
654 1022 1017 1097 prwdicattdo,
1055 1032 1161 1073 non
1188 1014 1498 1077 deﬁcimus,
1530 1014 1625 1069 sed
1655 1015 1972 1071 abdicamus
2012 1015 2227 1071 occulta
2264 1015 2567 1078 dedecoris,
2597 1015 2799 1069 occulta
2823 1025 3036 1085 peccata
3065 1018 3184 1087 quia
3218 1017 3560 1085 dedecorant,
3592 1033 3721 1072 non

420 1123 760 1179 ambulantes
806 1127 861 1171 ut
907 1113 1124 1185 pseudo,
1177 1112 1232 1165 in
1278 1112 1499 1176 astutia,
1531 1124 1707 1179 neque
1748 1108 2115 1165 adulterantes
2145 1108 2368 1164 verbum
2409 1109 2524 1171 Dci,
2569 1108 2858 1180 legitimum
2894 1126 3102 1164 sensum
3145 1111 3459 1179 adimentes,
3503 1116 3582 1168 vel
3618 1128 3730 1183 pro

418 1226 624 1271 terreno
685 1212 832 1265 lucro
881 1207 1268 1279 praedicantes;
1338 1204 1431 1257 sed
1491 1200 2041 1258 in‘manifestatione
2113 1202 2361 1257 veritatis
2412 1203 2855 1258 commendantes
2921 1205 3285 1274 nosmetipsos
3349 1206 3417 1259 ad
3481 1220 3723 1261 onmem

418 1303 806 1362 conscientiam
839 1299 1140 1360 hominum,
1174 1297 1286 1365 ipsa
1316 1294 1674 1364 martifestatio
1709 1294 1939 1349 veritatis
1974 1294 2303 1348 commendat
2337 1310 2430 1349 nos
2463 1294 2588 1364 ipsis
2620 1295 2947 1360 hominibus,
2993 1311 3179 1351 coram
3218 1297 3347 1361 Deo,
3386 1313 3491 1352 non
3535 1297 3733 1352 solum

417 1397 741 1459 hominibus,
772 1393 865 1447 sed
899 1391 1056 1447 etiam
1091 1387 1218 1442 Deo.
1258 1386 1541 1456 Responsio
1571 1386 1641 1439 ad
1673 1387 1768 1440 hoc
1802 1386 1942 1457 quod
1978 1386 2114 1441 dixit
2154 1403 2174 1438 :
2214 1386 2441 1441 revelata
2495 1386 2650 1455 facie.
2701 1384 2854 1453 Quod
2899 1389 2944 1443 si
2991 1387 3154 1443 etiam
3185 1397 3431 1457 opertum
3477 1400 3566 1445 est
3613 1405 3733 1441 non

416 1493 585 1544 sotum
634 1499 779 1542 vetus
829 1484 948 1549 lex,
1000 1482 1093 1538 sed
1140 1481 1297 1535 etiam
1337 1479 1687 1550 Evangelium
1732 1487 2010 1546 nostrum,
2061 1479 2114 1532 in
2164 1479 2229 1534 iis
2272 1479 2363 1549 qui
2413 1486 2671 1548 pereunt,
2710 1488 2795 1534 est
2830 1490 3110 1550 opertum;
3162 1481 3215 1535 l.
3254 1481 3536 1552 inquibus
3571 1482 3735 1535 Deus

416 1582 574 1651 hujus
609 1579 811 1644 smcnli,
862 1585 1048 1630 auctor
1090 1574 1344 1638 omnium,
1391 1571 1470 1625 vel
1512 1570 1752 1625 diabolus
1798 1571 2038 1640 princeps
2082 1570 2243 1640 hujus
2286 1571 2501 1632 saeculi,
2552 1571 2847 1626 excmcavit
2894 1581 3101 1627 mentes
3138 1571 3458 1638 infidelium,
3505 1582 3567 1626 ut
3609 1587 3733 1625 non

426 1674 633 1746 fulgeat
684 1671 789 1726 illis
845 1666 1174 1724 illuminatio
1203 1663 1483 1735 Evangelii
1542 1662 1727 1734 gloriae
1772 1662 2011 1727 Christi,
2067 1678 2157 1732 per
2210 1663 2352 1733 quod
2406 1661 2738 1733 gloriﬁcatur
2774 1662 3035 1729 Christus,
3094 1665 3186 1735 qui
3238 1666 3556 1747 est..itnago
3590 1665 3735 1729 Dei,

415 1766 704 1822 consimilis
749 1762 926 1818 Patri.
984 1759 1294 1831 Responsio.
1370 1758 1424 1811 2.
1472 1755 1587 1811 Non
1641 1756 1784 1812 enim
1836 1755 2198 1825 nosmetipsos
2250 1755 2649 1826 praedicamus,
2708 1755 2802 1812 sed
2862 1754 3047 1812 Jesum
3092 1757 3372 1814 Christum
3412 1758 3732 1814 Dominum

416 1869 689 1923 nostrum,
734 1856 928 1911 scilicet
958 1869 1103 1917 esse,
1150 1867 1250 1906 nos
1277 1860 1484 1917 autem,
1515 1865 1620 1904 non
1656 1848 1827 1904 solum
1873 1847 2011 1918 ejus,
2035 1848 2128 1902 sed
2174 1849 2333 1902 etiam
2373 1863 2562 1903 servos
2608 1859 2819 1905 vestros
2853 1865 2951 1920 per
2974 1849 3189 1917 Jesum,
3246 1851 3506 1920 quoniam
3561 1852 3737 1907 Deus

414 1954 469 2009 3.
497 1952 588 2023 qui
618 1952 753 2009 dixit
783 1951 849 2006 de
882 1946 1121 2004 tenebris
1158 1945 1362 2010 lucem,
1388 1944 1640 2015 quoniam
1668 1942 1800 1997 dixit
1832 1956 1851 1993 :
1884 1940 2004 1996 Fiat
2033 1941 2162 2006 lux;
2195 1940 2273 1996 vel
2312 1943 2404 2012 qui
2433 1942 2497 1997 de
2525 1940 2652 1996 coelo
2682 1943 2807 2012 facit
2838 1942 3023 1998 caelum
3060 1943 3472 2013 splendescere;
3508 1944 3566 1997 4.
3603 1944 3737 2014 ipse

416 2047 470 2102 5.
503 2046 677 2101 illuxit
724 2044 779 2099 in
826 2039 940 2114 94
984 2038 1236 2096 cordibus
1281 2038 1484 2093 nostris
1529 2051 1649 2107 quae
1696 2036 1916 2090 obscura
1961 2043 2132 2100 erant,
2180 2034 2237 2088 id
2270 2043 2367 2100 est,
2409 2035 2499 2105 qui
2542 2035 2687 2089 nobis
2725 2036 2950 2089 innotuit
2996 2036 3066 2089 ad
3107 2036 3204 2090 hoc
3249 2045 3306 2090 ut
3349 2036 3734 2091 illuminatam

416 2140 689 2193 scientiam
741 2134 1000 2190 claritatis
1033 2132 1132 2187 Dei
1203 2136 1291 2201 (ut
1334 2129 1531 2185 Christi
1594 2128 1831 2183 notitiam
1891 2127 2125 2182 homines
2180 2126 2458 2196 haberent)
2517 2127 2856 2196 prtcdicando
2912 2128 3188 2195 daremus,
3245 2127 3299 2182 6.
3349 2130 3450 2192 ad,
3507 2129 3734 2195 dando,

417 2231 865 2287 illuminationem
908 2226 1148 2283 scientia:
1189 2222 1459 2278 claritatis
1503 2221 1596 2277 Dei
1637 2224 1717 2292 (ut
1758 2221 1957 2276 sciatur
1993 2229 2195 2291 quanta
2241 2220 2310 2274 sit
2347 2218 2564 2274 claritas
2599 2219 2778 2275 Patris
2825 2237 2918 2290 per
2964 2222 3310 2292 cognitionem
3344 2220 3501 2289 Filii,
3555 2240 3733 2294 quem

417 2324 787 2395 pradicamus,
812 2320 937 2391 quia
966 2317 1151 2372 notitia
1174 2315 1347 2369 Patris
1367 2315 1426 2384 ﬁt
1458 2315 1750 2383 cognitione
1776 2310 1930 2382 Filii)
1959 2313 2012 2367 in
2040 2313 2202 2379 facie,
2238 2312 2292 2365 in
2321 2312 2633 2382 cognitione,
2664 2312 2864 2368 Christi
2890 2312 3038 2369 Jesu.
3074 2313 3326 2379 Quamvis
3357 2314 3730 2369 tribulemur.

414 2417 471 2470 7.
507 2414 777 2470 Habemus
809 2418 991 2466 autem
1037 2408 1353 2463 thesaurum
1402 2406 1586 2472 istum,
1630 2405 1685 2458 id
1716 2414 1814 2470 est,
1842 2405 1977 2458 hanc
2012 2405 2341 2470 claritatem,
2378 2404 2432 2459 in
2472 2406 2615 2461 vasis
2643 2405 2927 2472 ﬁctilibus,
2961 2415 3019 2460 ut
3045 2407 3351 2462 sublimitas
3387 2408 3461 2462 sit
3492 2408 3737 2461 virtutis

416 2509 513 2565 Dei
551 2508 618 2579 (si
653 2509 872 2560 daretur
912 2504 996 2557 hic
1039 2502 1320 2556 thesaurus
1353 2498 1584 2570 angelis,
1642 2497 1949 2568 dignitatem
1987 2513 2169 2551 eorum
2213 2497 2520 2567 suppetiisse
2574 2499 2869 2563 diceretur;
2915 2516 3052 2553 nunc
3093 2517 3210 2553 vero
3258 2501 3561 2554 sublimitas
3612 2500 3734 2561 Dei

417 2609 623 2655 tantum
654 2594 1078 2666 consideratur),
1115 2593 1161 2647 si
1206 2593 1331 2664 quid
1360 2591 1481 2645 boni
1509 2591 1757 2659 facimus,
1782 2589 1892 2643 Deo
1930 2590 2323 2654 ascribatur,'ct
2360 2604 2463 2643 non
2487 2590 2772 2660 gloriemur
2795 2606 2861 2645 ex
2895 2590 3071 2647 nobis.
3101 2591 3155 2647 8.
3185 2591 3241 2645 In
3268 2592 3526 2648 omnibus
3554 2594 3739 2663 igitur

418 2692 821 2750 tribulationem
848 2690 1110 2761 patimur,
1138 2686 1232 2742 sed
1264 2700 1370 2739 non
1404 2684 1582 2739 animo
1619 2682 2024 2755 angustiamur;
2058 2681 2408 2753 aporiamur,
2454 2683 2685 2753 inapiam
2724 2684 2978 2751 patimur,
3030 2683 3108 2739 rel
3144 2686 3497 2754 opprimimur
3537 2688 3736 2756 (poros

417 2784 622 2863 Grtece,
676 2785 827 2839 dives
865 2781 1088 2846 Latine;
1136 2794 1351 2849 aporos,
1396 2776 1452 2830 id
1495 2786 1600 2842 est,
1633 2790 1868 2846 pauper;
1916 2774 2039 2828 inde
2088 2773 2581 2846 aporiamur);sed
2612 2793 2645 2830 a
2673 2776 2938 2846 proposito
2984 2791 3089 2832 non
3132 2777 3517 2844 destituimur;
3576 2778 3738 2847 fame

420 2880 855 2948 persecutionem
908 2875 1168 2945 patimur,
1218 2871 1313 2927 sed
1357 2886 1464 2925 non
1511 2887 1542 2923 a
1579 2870 1686 2924 Deo
1729 2868 2193 2938 derclinquimur;
2254 2869 2541 2939 dejicitnur
2595 2886 2831 2939 corpore,
2886 2870 2983 2925 sed
3034 2886 3140 2925 non
3185 2871 3427 2939 perimus
3490 2873 3735 2935 animo;

422 2984 638 3041 semper
667 2967 1144 3023 mortiﬁcationem
1172 2980 1267 3033 pro
1297 2960 1423 3017 Jesu
1467 2961 1519 3016 in
1553 2976 1783 3030 corpore
1819 2969 2007 3014 nostro
2034 2958 2513 3026 circumferentes,
2547 2970 2603 3015 ut
2631 2971 2688 3014 et
2719 2963 2827 3015 vita
2858 2972 3053 3017 (eterna
3082 2959 3209 3017 Jcsu
3239 2962 3636 3018 manifestetur
3675 2966 3735 3019 in

421 3066 740 3139 corporibus
785 3061 1007 3126 nostris,
1058 3061 1111 3114 in
1151 3060 1331 3131 futuro
1359 3058 1414 3113 in
1444 3073 1602 3111 carne
1630 3064 1809 3111 nostra
1840 3053 2052 3108 mortali
2093 3053 2235 3121 facta
2272 3053 2578 3108 immortali.
2626 3055 2853 3125 Semper
2891 3055 3035 3111 enim
3066 3070 3186 3123 nos,
3224 3056 3316 3127 qui
3356 3056 3632 3122 vivimus,
3669 3057 3731 3113 in

422 3170 654 3217 mortem
686 3155 952 3211 tradimur
978 3159 1203 3223 propter
1223 3148 1429 3214 Iesum,
1461 3155 1521 3201 ut
1549 3155 1603 3202 et
1634 3146 1740 3200 vita
1772 3144 1897 3200 Jesu
1927 3141 2306 3200 manilestetur
2345 3145 2397 3198 in
2428 3158 2593 3199 carne
2624 3153 2812 3199 nostra
2841 3145 3075 3208 mortali,
3106 3147 3335 3216 undique
3372 3146 3737 3203 tribulatione

422 3252 725 3326 compressi,
769 3247 945 3320 parati
991 3246 1060 3300 ad
1106 3254 1325 3299 mortem
1370 3256 1551 3295 sumus
1594 3256 1689 3308 pro
1741 3238 1948 3293 nomine
1996 3234 2211 3301 Christi,
2266 3247 2318 3291 ut
2368 3253 2485 3303 cum
2521 3254 2581 3292 eo
2613 3238 2783 3291 vivere
2819 3238 3116 3307 possimus;
3147 3248 3195 3293 et
3230 3240 3329 3292 hoc
3364 3248 3477 3305 est;
3511 3256 3737 3310 semper

1765 3390 2339 3451 COMMENTARIUS.

498 3552 582 3608 l8.
634 3545 808 3621 (ibid)
856 3543 901 3598 Α
948 3540 1190 3597 claritate
1233 3538 1291 3593 in
1335 3536 1650 3592 claritatem.
1697 3532 1903 3588 Natura
1948 3532 2003 3587 in
2035 3537 2078 3595 Α
2110 3532 2283 3589 lantes
2314 3534 2365 3589 in
2395 3534 2613 3601 astutia,
2643 3549 2819 3605 neque
2846 3534 3213 3593 adulterantes
3236 3537 3467 3594 verbum
3501 3539 3633 3608 Dei,
3669 3552 3735 3600 et

430 3645 592 3701 rebus
640 3637 839 3695 creatis
883 3630 1361 3695 excellentissima,
1411 3643 1534 3684 cum
1571 3642 1602 3680 a
1631 3641 1731 3682 suo
1756 3625 2013 3680 Creatore
2114 3639 2214 3678 cur
2242 3625 2442 3678 dixerit
2474 3643 2488 3679 :
2523 3622 2719 3680 Gloria:
2742 3624 2960 3692 Christi,
3005 3635 3061 3681 et
3108 3642 3213 3681 non
3259 3628 3482 3696 dixerit,
3520 3631 3727 3688 Evan-

421 3735 749 3806 justilicatur
796 3728 865 3783 ab
896 3725 1195 3796 impietate,
1226 3737 1257 3776 a
1286 3719 1514 3778 deformi
1544 3717 1714 3773 forma
1752 3713 2015 3770 transfor-
2114 3714 2238 3785 gelii
2269 3714 2454 3787 gloria:
2481 3724 2701 3771 nostrzn.

426 3837 606 3884 matur
640 3825 693 3878 iu
721 3820 1012 3877 formosam
1055 3815 1316 3879 formam;
1362 3820 1448 3868 est
1482 3810 1685 3889 quippe
1710 3817 1765 3863 et
1803 3807 1855 3862 in
1897 3806 2012 3876 ipsa
2183 3807 2238 3863 3.
2292 3808 2396 3873 Qui
2444 3808 2578 3862 dixit
2623 3809 2688 3863 de
2733 3810 2977 3864 tenebm.
3018 3810 3177 3866 “alio
3224 3826 3325 3867 cur
3355 3815 3727 3884 mmmam"

429 3918 727 3987 impietate,
773 3920 979 3982 quanto
1026 3907 1197 3977 magis
1246 3904 1557 3960 damnabile
1602 3901 1817 3965 vitium,
1862 3907 2013 3953 tanto
2114 3899 2364 3955 videlicet
2393 3899 2678 3955 scientiam
2709 3902 3051 3972 praedicando
3078 3904 3228 3959 dedit
3261 3905 3367 3960 illis
3392 3907 3560 3964 Deus.

429 4009 861 4066 cerliIIS‘ltalum
890 3999 1201 4065 laudabilis,
1244 4007 1298 4052 et
1318 3998 1390 4052 ob
1419 3997 1522 4052 hoc
1553 3992 1783 4057 addidit,
1810 3991 1876 4045 de
1898 3990 2015 4062 glo-
2184 3989 2239 4043 4.
2269 3990 2508 4046 Aucusr.
2555 3988 2678 4057 Ipse
2704 3990 2900 4045 illuxit.
2932 3990 3002 4047 Ut
3032 4008 3134 4047 nos
3160 3993 3515 4059 illumiuaret,
3546 4007 3607 4054 et
3638 4001 3730 4057 sic

428 4104 508 4158 ria
543 4101 597 4156 in
624 4098 872 4170 gloriam,
902 4095 971 4150 de
1008 4093 1178 4165 gloria
1203 4090 1495 4147 creationis
1522 4088 1574 4141 in
1600 4086 1827 4158 gloriam
1846 4084 2011 4152 justi-
2112 4082 2439 4139 haberemus
2479 4083 2765 4138 scientiam
2807 4083 3073 4140 claritatis
3107 4084 3224 4152 ejus
3253 4102 3351 4158 per
3378 4088 3418 4142 F
3425 4089 3583 4146 ilium
3617 4095 3727 4164 qui

432 4190 721 4248 licationis.
768 4184 1025 4253 Quamvis
1051 4183 1224 4253 possit
1253 4182 1357 4237 hoc
1392 4189 1444 4235 et
1481 4178 1602 4233 aliis
1640 4178 1814 4233 modis
1855 4177 2013 4232 intcl-
2112 4184 2197 4230 est
2219 4176 2475 4245 splendor
2496 4176 2673 4232 Patris
2697 4192 2806 4246 quo
2831 4177 3223 4233 illuminamur.

427 4286 518 4358 ligi
570 4283 713 4355 quod
740 4282 941 4336 dictum
970 4287 1053 4333 est
1072 4317 1087 4342 ,
1115 4276 1181 4330 de
1208 4273 1380 4345 gloria
1412 4272 1464 4326 in
1496 4271 1759 4341 gloriam;
1804 4270 1869 4324 de
1896 4269 2011 4339 glo-
2182 4267 2236 4322 5.
2277 4267 2515 4325 Aunnos.
2546 4268 2732 4323 Illuxit
2756 4271 2807 4324 in
2829 4272 3091 4326 cordibus.
3123 4272 3507 4331 llluminantur
3534 4279 3726 4347 enim,

428 4382 507 4436 ria
549 4376 670 4433 “de;
713 4376 766 4429 in
806 4371 1031 4444 gloriam
1076 4368 1224 4439 spei;
1273 4366 1339 4421 de
1368 4364 1535 4433 gloria
1563 4379 1668 4433 qua
1705 4377 1889 4418 sumus
1916 4360 2009 4415 lilii
2112 4367 2172 4412 ut
2198 4359 2561 4428 cognitionem
2591 4360 2825 4414 habeant
2854 4361 3040 4432 gloria:
3077 4364 3167 4419 Dei
3207 4379 3304 4433 per
3331 4367 3648 4425 Christum.

428 4472 547 4537 Dei,
584 4471 637 4524 in
669 4467 894 4540 gloriam
924 4478 1027 4533 qua
1060 4459 1266 4515 similes
1304 4458 1352 4512 ei
1382 4457 1611 4520 erimus,
1644 4454 1770 4524 quia
1804 4452 2017 4507 videbi-'
2183 4448 2234 4503 6.
2269 4451 2507 4505 Aucusr.
2548 4449 2723 4520 (Apud
2751 4450 2951 4507 Bedam
2982 4454 3035 4506 in
3066 4455 3202 4509 idem
3233 4458 3431 4527 caput).
3457 4459 3543 4512 Ad
3581 4462 3728 4517 illa-

427 4578 549 4618 mus
578 4575 701 4616 eum
727 4555 884 4613 sicmi
912 4563 1014 4609 est,
2112 4541 2468 4595 minationem.
2502 4542 2626 4597 llaec
2651 4552 2733 4598 est
2762 4545 2986 4599 scicntia
3018 4546 3137 4611 Dei,
3165 4549 3289 4617 quia
3322 4550 3529 4607 scimus
3557 4546 3747 4610 illum.

499 4653 587 4708 ,9,
626 4648 803 4722 (ibid)
831 4646 1105 4714 Tanquam
1142 4658 1174 4693 a
1202 4637 1416 4693 Domini
1447 4634 1670 4704 Spiritu.
1698 4635 1852 4702 Quod
1881 4650 2008 4691 vero
2109 4645 2229 4685 esse
2279 4631 2458 4686 lumen
2505 4648 2614 4702 quo
2663 4635 2898 4689 tenebras
2961 4646 3161 4690 nostra:
3210 4636 3620 4708 illuminantur,
3667 4655 3729 4699 et

427 4744 635 4802 addidit
672 4759 687 4795 :
721 4752 969 4809 tauquam
1010 4751 1041 4787 a
1075 4732 1286 4786 Domini
1325 4729 1567 4800 Spiritu;
1604 4729 1841 4782 ostendit
1882 4743 2007 4797 gra-
2112 4724 2289 4794 ipsum
2322 4728 2559 4789 attende,
2590 4730 3043 4796 quemadmodum
3074 4730 3327 4786 inculcet.

428 4838 555 4892 tiam
588 4832 711 4906 [al.,
739 4827 934 4902 gratia]
965 4823 1120 4880 nobis
1148 4820 1407 4885 conferri,
1440 4828 1695 4888 tanquam
1722 4818 1839 4891 [al.,
1871 4817 2002 4890 tam]
2044 4904 2075 4906 _
2182 4819 2235 4872 7.
2268 4818 2469 4874 Laure.
2514 4820 2781 4876 Habemus
2826 4825 3153 4878 thesaurum.
3205 4825 3553 4883 Thesaurum
3599 4833 3729 4889 cla-

424 4904 680 4997 optabilis
718 4917 1150 4978 conﬁrmationis
1199 4914 1322 4987 [al.,
1356 4911 1875 4984 transformationisj
1916 4912 2010 4967 bo-
2042 4904 2086 4961 Β
2117 4908 2291 4963 ritatis
2322 4910 2562 4965 scientia:
2590 4911 2683 4966 Dei
2711 4913 2844 4968 dicit
2865 4914 3136 4983 apostolos
3160 4917 3361 4973 habere
3386 4921 3437 4973 in
3466 4925 3728 4981 terrenis

426 5035 574 5072 num.
2111 5002 2452 5071 corporibus,
2485 5012 2546 5057 ut
2573 5006 2789 5074 quando
2827 5006 3030 5075 aliquid
3057 5007 3332 5065 subtiliter
3359 5022 3554 5082 agunt,
3589 5018 3722 5070 vir-

495 5107 649 5163 CAP.
688 5105 871 5159 lV.-—-
894 5102 944 5156 Ι.
988 5099 1187 5154 [Sam-‘8.
1237 5097 1301 5152 In
1348 5098 1413 5153 iis
1452 5097 1639 5163 quibus
1670 5096 1806 5151 Deus
1848 5095 2006 5165 lmjus
2110 5094 2208 5147 tuti
2240 5093 2332 5149 Dei
2369 5096 2656 5166 imputeut,
2692 5113 2797 5151 non
2831 5097 2957 5153 sibi.

426 5200 628 5257 saeculi.
674 5196 840 5265 Quasi
891 5196 1096 5250 diceret
1132 5211 1147 5249 :
1182 5193 1285 5262 Qui
1332 5209 1438 5249 non
1488 5194 1663 5249 solum
1717 5193 2010 5247 invisibiles
2179 5185 2232 5239 8ο
2260 5184 2497 5241 Attianos.
2526 5185 2593 5239 In
2624 5187 2861 5241 omnibus
2889 5188 3298 5245 tribulationem.
3332 5190 3486 5248 Nunc
3511 5204 3724 5251 οείρη-

428 5301 731 5354 creaturas,
770 5286 864 5343 sed
902 5285 1067 5342 etiam
1106 5285 1212 5340 hoc
1249 5283 1524 5340 invisibile
1556 5283 1810 5338 stcculum
1847 5283 2008 5353 regit,
2110 5278 2190 5334 dit
2226 5280 2351 5349 quia
2400 5280 2578 5336 idonei
2620 5291 2778 5337 erant
2814 5283 3231 5353 praedicatores;
3283 5287 3374 5357 qui
3415 5290 3564 5359 passi
3608 5294 3722 5348 tri-

426 5392 607 5456 potest
649 5390 707 5437 et
754 5380 827 5434 ita
875 5377 1173 5440 construit,
1218 5378 1269 5430 in
1308 5376 1505 5445 quibus
1534 5378 1671 5432 Deus
1711 5375 2007 5432 exetecavit
2110 5371 2439 5428 bulationem
2467 5389 2574 5429 non
2604 5376 3075 5445 angustiabantur.
3104 5377 3156 5432 id
3194 5387 3298 5443 est,
3334 5396 3440 5436 non
3482 5389 3719 5442 tantum

427 5481 640 5530 mentes
683 5469 983 5526 inlidelium
1030 5467 1191 5538 hujus
1212 5466 1424 5533 saeculi;
1459 5468 1583 5537 quia
1616 5468 1658 5520 si
1691 5467 1758 5522 de
1783 5466 1995 5521 diabolo
2111 5466 2575 5537 opprimebantur,
2613 5479 2669 5521 ut
2708 5468 2981 5524 cederent.
3030 5470 3459 5541 Aporiabantur,
3504 5473 3557 5528 id
3594 5485 3715 5540 est,

427 5567 627 5621 dictum
679 5572 797 5629 est,
844 5562 987 5617 Deus
1035 5561 1195 5632 hujus
1244 5559 1452 5626 saeculi,
1479 5558 1559 5613 sic
1607 5558 1921 5627 intelligitur
1951 5558 2005 5611 in
2111 5557 2348 5626 inopiam
2387 5557 2759 5626 patiebantur,
2803 5567 2859 5612 et
2895 5557 3085 5614 aderat
3129 5570 3316 5629 pastor
3345 5559 3507 5616 Deus.
3549 5562 3717 5633 Deji-

424 5656 745 5729 Evangelio;
782 5654 1029 5726 Princeps
1056 5654 1242 5709 mundi
1275 5653 1460 5724 hujus.
2110 5649 2416 5709 cichautur,
2462 5649 2513 5704 id
2540 5660 2654 5714 est,
2700 5650 3016 5706 verberibus
3061 5653 3569 5722 prostcrucbautur,
3604 5672 3716 5712 nec

494 5752 549 5809 2.
586 5750 709 5810 Non
737 5753 870 5809 enim
900 5768 1015 5807 nos.
1067 5748 1317 5806 Ostendit
1344 5747 1488 5820 quod
1530 5763 1636 5803 non
1681 5748 1787 5803 siut
1819 5748 2004 5803 ambu-
2110 5740 2590 5796 mortiﬁcabanttlr.
