3880 6306
106 344 200 400 229
796 338 863 395 IN
912 339 973 394 D.
1006 337 1213 395 PAULI
1252 336 1471 394 EPIST.
1500 336 1854 395 COMMENT.
1886 369 1952 379 --
1992 340 2212 397 EPIST.
2249 342 2292 399 11
2331 343 2423 398 AD
2466 340 2618 398 CUR.
3256 340 3362 396 250

108 458 248 521 enim,
282 462 387 510 etc.
432 452 614 507 Illatto
655 454 719 506 ab
752 453 1093 516 auctoritate,
1144 451 1220 505 vel
1274 469 1304 505 a
1351 453 1636 504 contrario.
1684 451 1825 522 Ergo
1854 452 1907 507 9.
1950 468 2096 508 mors
2139 455 2191 509 in
2232 455 2386 510 nobis
2427 458 2701 525 operatur.
2734 449 2818 505 10.
2861 451 2965 505 vita
3006 457 3188 506 autem
3224 451 3369 522 (qua:

108 558 169 601 est
204 564 359 601 causa
398 549 524 602 vita:
560 555 776 610 nostrae,
816 544 893 599 vel
941 543 1133 615 ironia)
1172 544 1223 598 in
1265 543 1419 598 vobis
1460 552 1727 613 operatur.
1761 545 1847 597 11.
1885 544 2158 601 Habentes
2189 556 2371 602 autem
2403 546 2736 619 (Responsio.
2777 542 2918 597 Licet
2950 560 3088 597 mors
3123 544 3177 597 in
3219 543 3368 598 nobis

109 648 343 710 operetur,
384 655 492 692 non
530 637 948 702 tacebimus,sed
981 636 1224 691 habentes
1257 634 1494 690 eumdem
1530 635 1769 705 spiritum
1794 633 1941 700 ﬁdei,
1974 635 2037 689 de
2060 635 2170 691 Deo
2211 637 2498 709 loquimur,
2536 638 2621 691 12.
2652 634 2901 692 eumdem
2940 635 3186 705 spiritum
3217 635 3367 700 lidei,

107 731 231 786 sicut
256 729 520 798 scriptum
549 737 631 785 est
659 744 674 784 :
701 727 915 783 Credidi
953 735 1175 799 propter
1200 727 1342 797 quod
1373 726 1582 780 locutus
1611 740 1760 791 sum;
1798 735 1851 780 et
1882 741 1983 781 nos
2012 728 2286 783 credimus
2317 738 2541 800 prOpter
2570 729 2712 798 quod
2740 734 2795 780 et
2832 728 2895 782 de
2922 727 3029 782 Deo
3063 728 3364 800 loquimur;

108 820 167 891 (et
191 818 391 873 addidit
431 818 597 873 aliam
631 814 894 887 causam),
931 816 1166 872 scientes
1202 816 1461 886 quoniam
1496 814 1589 886 qui
1618 815 1898 871 suscitavit
1934 814 2141 883 Jesum,
2172 827 2226 874 et
2263 835 2363 875 nos
2392 835 2514 875 cum
2540 818 2667 876 Jesu
2692 819 3008 888 suscitabit,
3055 831 3110 876 et
3150 823 3203 876 in
3228 823 3369 877 uelis

108 911 374 967 constituet
397 909 683 965 vobiscum
711 908 1097 979 (benevolentia:
1126 924 1285 963 causa
1308 908 1457 962 addit
1485 906 1799 979 uobiscum),
1826 908 1916 976 15,
1945 909 2033 976 14,
2066 911 2153 966 15.
2180 909 2374 968 Omnia
2409 913 2555 968 enim
2591 913 2700 984 95
2731 922 2950 983 propter
2972 930 3086 982 vos,
3114 924 3173 970 ut
3196 917 3370 984 gr..tia

109 1001 364 1058 abundans
403 1003 461 1053 iu
485 1001 615 1070 ﬁde,
646 1015 744 1070 per
772 998 970 1055 multos
997 998 1264 1054 credentes
1296 998 1678 1077 ingratiarutn
1708 1000 1949 1068 actione,
1983 1002 2224 1058 abundet
2257 1003 2312 1059 in
2340 1003 2569 1076 gloriam
2601 1005 2722 1072 Dei,
2765 1020 2868 1059 non
2903 1006 2973 1061 ad
3004 1008 3370 1063 contumeliam

103 1094 505 1166 promerendam.
551 1094 783 1166 Propter
828 1092 973 1165 quod
1021 1092 1168 1165 (quia
1213 1091 1518 1157 suscitabit,
1546 1091 1816 1146 constituit
1862 1109 1957 1148 nos
2006 1096 2177 1160 vivos;
2227 1097 2305 1151 vel
2343 1102 2468 1167 quia
2510 1098 2752 1167 spiritum
2799 1097 2924 1165 ﬁdei
2955 1100 3221 1173 habemus)
3264 1118 3368 1156 non

108 1190 389 1256 deﬁcimus;
442 1191 543 1246 sed
590 1188 718 1243 licet
768 1186 815 1242 is
865 1185 958 1256 qui
1007 1183 1165 1240 fortis
1209 1193 1315 1250 est,
1361 1191 1548 1239 noster
1590 1182 1754 1238 homo
1806 1196 2211 1258 corrumpatur,
2266 1190 2552 1261 aﬂligatur,
2599 1198 2776 1243 tamen
2827 1188 2875 1244 is
2927 1192 3019 1261 qui
3084 1192 3230 1249 intus
3286 1202 3370 1248 est

109 1283 484 1344 renovaturde
514 1282 604 1339 die
628 1282 680 1337 in
709 1282 873 1347 diem,
905 1291 952 1335 et
983 1280 1155 1335 subdit
1183 1296 1278 1334 cur
1306 1296 1407 1334 non
1430 1279 1630 1348 deﬁcit,
1660 1279 1713 1334 id
1746 1280 1915 1349 enim,
1946 1284 2088 1353 quod
2125 1284 2177 1339 in
2226 1286 2478 1355 praesenti
2527 1294 2614 1340 est
2654 1294 3092 1340 momentancum
3140 1286 3366 1356 (singula

108 1380 338 1451 singulis;
360 1380 416 1434 in
438 1380 689 1449 presenti
708 1378 777 1433 ad
807 1376 1205 1443 sublimitatem;
1228 1386 1667 1443 momcntaneum,
1697 1362 1768 1430 ad
1793 1389 2045 1432 teternum
2067 1396 2086 1445 ;
2116 1379 2239 1435 levis
2265 1381 2557 1446 tribulatio,
2584 1382 2652 1435 ad
2671 1381 2874 1453 pondus
2904 1380 3132 1451 glorite),
3164 1388 3221 1434 et
3248 1380 3367 1435 leve

110 1475 445 1531 tribulationis
470 1484 695 1543 nostrae,
728 1474 1038 1530 transitoria
1090 1483 1138 1528 et
1167 1472 1290 1528 levis
1328 1471 1598 1527 tribulatio
1635 1482 1838 1539 nostra,
1876 1489 2039 1543 supra
2070 1476 2309 1543 modum,
2358 1493 2517 1547 supra
2546 1477 2831 1530 humanam
2871 1476 3288 1543 testimotionem,
3316 1477 3369 1532 in

110 1573 415 1629 sublimitate
442 1582 711 1630 aeternum
742 1572 928 1644 gloria:
956 1571 1187 1644 pondus,
1215 1572 1355 1642 quod
1379 1572 1476 1624 erit
1500 1570 1553 1626 in
1580 1570 1783 1640 futuro,
1809 1581 2071 1643 operatur
2096 1575 2150 1629 in
2183 1575 2358 1641 nobis,
2389 1591 2495 1631 non
2516 1575 3031 1646 contemplantibus,
3053 1592 3155 1629 non
3181 1592 3372 1629 curan-

113 1670 249 1734 tibus,
274 1668 430 1725 nobis
456 1685 582 1741 qua:
612 1670 881 1742 videntur,
909 1670 1004 1726 sed
1033 1684 1154 1740 qua}
1179 1683 1288 1725 non
1318 1669 1588 1726 videntur.
1620 1668 1809 1724 Reddit
1837 1688 2074 1727 causam.
2106 1672 2239 1741 Quze
2260 1675 2404 1730 enim
2437 1675 2688 1730 videntur
2719 1675 3039 1745 temporalia
3064 1684 3226 1743 sunt;
3250 1691 3373 1745 qua:

110 1772 266 1821 autem
297 1780 404 1822 non
436 1766 695 1823 videntur
725 1775 930 1823 aeterna
957 1774 1101 1822 sunt.

1564 1836 1794 1894 CAPUT
1852 1836 1917 1891 V.

171 1955 425 2026 Expositio
459 1957 752 2028 superioris
781 1973 982 2022 versus,
1013 1956 1089 2012 t'el
1118 1956 1356 2027 probatio
1384 1957 1481 2012 hoc
1503 1958 1679 2012 modo;
1710 1956 1926 2013 Scimus
1953 1954 2122 2021 enim,
2146 1971 2268 2010 nam
2290 1954 2699 2027 ingemiscimus,
2729 1953 2984 2025 quoniam
3016 1953 3061 2010 si
3090 1954 3368 2010 terrestris

114 2052 273 2107 domus
309 2063 497 2109 nostra
542 2050 706 2125 hujus
739 2054 1110 2119 habitationis,
1141 2055 1197 2109 id
1228 2064 1303 2109 est
1334 2072 1523 2126 corpus
1560 2056 1616 2110 in
1659 2072 1764 2126 quo
1790 2054 2111 2118 habitamus,
2160 2051 2506 2119 dissolvatur,
2550 2053 2695 2123 quod
2743 2053 2791 2117 1,
2841 2052 2897 2106 2.
2930 2049 3367 2117 aediﬁcationem,

113 2149 374 2205 immortale
397 2168 617 2223 corpus,
648 2168 711 2208 ex
749 2153 859 2209 Deo
885 2152 1168 2219 habemus,
1201 2152 1420 2208 domum
1455 2169 1560 2210 non
1591 2152 1797 2209 carnali
1827 2167 1990 2207 manu
2038 2150 2259 2216 factam,
2289 2166 2393 2204 non
2443 2149 2801 2221 temporalem,
2859 2147 2955 2204 sed
3002 2155 3259 2203 aeternam
3310 2148 3363 2203 in

115 2246 259 2302 uelis.
293 2246 423 2303 Nam
450 2257 513 2303 el
545 2249 600 2304 in
630 2250 733 2306 hoc
760 2250 1169 2322 ingemiscimus
1192 2248 1268 2319 (id
1290 2258 1387 2315 est,
1418 2248 1617 2304 nullam
1639 2249 1850 2304 domum
1896 2249 2243 2318 suspirantes,
2266 2255 2319 2299 ut
2345 2245 2415 2299 ibi
2445 2261 2693 2311 essemus,
2726 2244 3111 2314 ingemiscimus
3138 2261 3196 2300 eo
3222 2247 3362 2311 quod

114 2341 321 2398 nolumus
345 2345 637 2416 exspoliari
657 2346 1020 2417 spiritualibus
1047 2344 1249 2410 donis),
1281 2344 1672 2400 habitationem
1701 2353 1972 2410 nostram,
2011 2358 2131 2413 qua:
2159 2344 2225 2397 de
2249 2341 2388 2396 ctelo
2413 2349 2515 2405 est,
2544 2340 2854 2410 superindui
2886 2342 3187 2409 cupientes,
3217 2358 3362 2396 eam-

116 2441 210 2494 dem
231 2444 357 2497 enim
383 2460 626 2511 carnem,
650 2459 767 2515 quae
800 2459 937 2497 nunc
962 2450 1057 2509 est,
1086 2443 1141 2496 in
1170 2442 1547 2496 resurrectione
1572 2440 1804 2494 habituri
1824 2456 2046 2502 sumus;
2078 2438 2168 2493 sed
2197 2455 2354 2508 super
2374 2454 2490 2492 eam
2530 2438 2948 2501 immortalitate,
2974 2437 3363 2507 incorruptione

117 2537 373 2593 resliemur.
402 2540 457 2595 5.
494 2540 556 2595 Si
586 2549 765 2596 tamen
806 2539 1009 2605 vestiti,
1038 2538 1176 2610 quod
1203 2539 1663 2609 superinduemur,
1694 2547 1749 2594 et
1785 2552 1889 2592 non
1922 2536 2047 2591 ntuli
2082 2536 2227 2591 bonis
2268 2536 2509 2606 operibus
2540 2536 2901 2592 inveniamur.
2941 2535 2995 2589 4.
3033 2534 3255 2606 Repetit,
3289 2537 3366 2591 rel

118 2631 317 2699 probatio
338 2654 369 2690 a
418 2637 570 2708 pari.
604 2636 737 2692 Nam
765 2646 822 2693 et
854 2636 945 2708 qui
977 2650 1165 2691 sumus
1194 2635 1248 2690 in
1287 2635 1391 2690 hoc
1420 2631 1789 2698 tabernaculo,
1819 2646 2062 2701 corpore,
2096 2630 2499 2702 ingemisciutus
2529 2632 2732 2700 gravati
2760 2631 2872 2703 96
2894 2650 2909 2686 :
2935 2648 3001 2688 eo
3037 2634 3179 2703 quod
3210 2632 3366 2689 nolu-

1557 2751 2010 2809 ihiENTARlUS.

1433 2753 2010 2831 COMMENTARIUS.

173 2844 219 2900 9.
252 2844 387 2901 Mors
422 2848 481 2902 iu
515 2848 660 2903 nobis
686 2859 949 2920 operatur.
999 2847 1229 2903 Dubium
1268 2863 1373 2903 non
1406 2857 1490 2903 est
1540 2848 1667 2917 quia
1697 2854 1744 2912 Α
1775 2842 1993 2907 multos,
2030 2842 2267 2899 abundet
2298 2843 2349 2899 in
2391 2843 2616 2916 gloriam
2657 2846 2770 2901 Dei.
2805 2846 2968 2915 Quasi
2998 2848 3202 2906 diceret
3237 2866 3249 2902 :
3283 2848 3366 2904 Ad

118 2937 162 2993 in
202 2942 525 3013 martyribus
558 2941 809 2998 Christus
861 2941 1150 2998 occiditur.
1210 2940 1366 2997 Unde
1414 2940 1526 2996 vita
1562 2955 1666 3009 qua
1773 2933 1878 2989 hoc
1895 2933 2132 3003 patimur
2152 2942 2210 2988 ut
2232 2934 2538 3005 exemplum
2570 2936 2847 3006 patientia}
2875 2952 2904 2991 a
2938 2938 3093 2994 nobis
3116 2939 3358 3006 discatis,

120 3036 377 3089 resurrexit
406 3050 437 3089 a
469 3036 708 3091 mortuis
731 3035 1003 3102 Christus,
1041 3034 1257 3091 mortali
1294 3034 1447 3091 carni
1477 3048 1667 3090 eorum
1773 3034 1827 3083 et
1854 3027 1965 3081 Deo
1999 3026 2205 3097 gratias
2229 3025 2511 3093 refcralis.
2543 3036 2599 3082 οι
2631 3030 2782 3083 mulli
2814 3028 2903 3084 alii
2938 3030 3232 3087 vobiscum.

118 3124 441 3189 praestabitur.
1841 3115 1993 3172 CAP.
2035 3116 2102 3171 ν.
2146 3117 2558 3174 —i.AUGusr.
2619 3119 2819 3190 (expos.
2872 3123 3009 3191 psal.
3058 3138 3250 3190 vam,
3301 3126 3357 3179 iu

177 3214 250 3269 10.
297 3214 407 3272 Vita
434 3226 640 3271 autem.
668 3215 783 3272 Hoc
804 3216 959 3282 dicit,
990 3217 1116 3288 quia
1143 3232 1243 3288 pro
1270 3216 1445 3272 salute
1476 3230 1664 3271 eorum

1826 3226 1939 3275 :ar.,
1970 3225 1987 3263 ι
2016 3217 2159 3279 part.
2184 3219 2314 3264 tom.
2357 3208 2517 3281 VIII.)
2546 3210 2983 3282 zEdi/icatiouem
3025 3230 3090 3268 ea:
3126 3214 3232 3269 Deo
3257 3256 3272 3281 ,
3304 3216 3358 3273 id

121 3307 253 3361 morti
295 3307 705 3379 subjiciehatur,
743 3310 950 3366 habens
996 3313 1247 3366 eumdem
1284 3309 1568 3380 spiritum,
1612 3308 1666 3364 id
1767 3312 1873 3371 est,
1896 3301 2355 3359 immortalitatem
2384 3314 2743 3375 praeparatam
2777 3306 2952 3373 nobis,
2979 3323 3083 3377 qua
3110 3308 3360 3364 indueudi

122 3405 205 3463 est,
233 3414 566 3463 communem
601 3418 725 3458 cum
763 3402 890 3469 illis,
918 3418 1015 3474 per
1041 3417 1199 3473 quem
1232 3401 1368 3457 ﬁdes
1398 3402 1664 3469 ﬁrmatur,
1767 3411 1956 3452 sumus
1980 3397 2033 3451 in
2076 3396 2204 3462 line,
2250 3411 2373 3451 cum
2414 3399 2875 3454 resurrexerimus
2920 3414 2949 3453 a
2995 3400 3243 3463 mortuis,
3294 3401 3362 3455 Et

121 3492 372 3547 secundum
398 3495 553 3566 quod
586 3496 848 3565 scriptum
884 3503 968 3551 est
996 3510 1010 3547 :
1042 3492 1277 3561 Credidi,
1304 3503 1360 3549 et
1389 3494 1517 3565 quia
1547 3509 1670 3551 cre-
1768 3488 1881 3542 ait:
1914 3486 1980 3540 In
2004 3503 2107 3558 quo
2157 3485 2400 3540 nolumus
2435 3486 2737 3555 exspoliari,
2787 3489 2877 3541 sed
2922 3489 3270 3553 superrestiri,
3303 3498 3360 3543 ut

122 3580 247 3647 didit,
281 3586 435 3643 audet
463 3588 769 3658 pumicare
798 3588 922 3643 hoc,
1768 3578 2111 3633 absorbeatur
2137 3576 2358 3631 mortale
2387 3592 2419 3629 a
2456 3578 2581 3642 vita,
2615 3578 2660 3631 si
2692 3577 2807 3632 ﬁeri
2832 3586 3048 3648 potest;
3084 3578 3162 3633 sic
3193 3578 3361 3634 velle-

176 3674 251 3729 11.
285 3678 529 3735 Αυαυετ,
586 3688 768 3733 contra
798 3679 933 3734 dua;
973 3679 1122 3749 epist.
1156 3678 1299 3744 PaL,
1327 3694 1377 3735 ε,
1406 3679 1499 3745 2|,
1532 3688 1663 3735 tom,
1768 3687 1889 3725 mus
1920 3670 2035 3725 ﬁeri
2066 3668 2401 3724 immortales
2426 3677 2487 3723 ut
2508 3668 2621 3739 jam
2653 3670 2862 3725 veniret
2897 3669 3011 3741 ipsa
3046 3670 3366 3725 immortali-

124 3760 231 3835 Vll.)
259 3766 519 3825 Habentes
547 3769 783 3824 eumdem
812 3771 1075 3839 spiritum.
1108 3769 1245 3836 Quid
1271 3779 1378 3835 est,
1410 3771 1663 3825 eumdem
1772 3769 1868 3825 tas,
1892 3771 1948 3817 et
1972 3760 2130 3816 modo
2152 3760 2290 3816 sicut
2318 3776 2505 3817 sumus
2529 3760 2779 3817 invitaret
2805 3760 2927 3833 [al.,
2951 3762 3208 3835 mutaret]
3261 3780 3359 3819 nos

123 3855 351 3926 spiritum,
373 3861 481 3917 nisi
510 3873 669 3931 quem
687 3861 819 3933 justi
841 3876 1057 3932 quoque
1086 3862 1409 3927 habuerunt,
1439 3862 1530 3932 qui
1564 3860 1679 3916 ista
1768 3862 1827 3908 ut
1856 3854 2083 3909 mortale
2113 3854 2214 3908 hoc
2236 3862 2480 3909 nostrum
2508 3854 2911 3919 absorberetur,
2944 3868 3050 3908 non
3084 3869 3179 3924 per
3208 3868 3351 3909 mor-

122 3946 149 3998 d
172 3952 371 4006 terunt?
1771 3953 1876 3999 tem
1907 3960 2104 4017 corpus
2135 3946 2440 4015 puniretur,
2475 3953 2534 3999 ut
2561 3945 2613 3999 in
2637 3946 2744 4000 line
2773 3946 2968 3999 iterum
3000 3946 3354 4015 reciperetur.

180 4040 253 4095 l2.
290 4042 490 4100 Laure.
530 4044 789 4100 Eumdem
838 4044 1080 4116 spiritum
1122 4044 1267 4115 ﬁdei.
1319 4043 1486 4113 Quasi
1544 4044 1667 4116 quis
1769 4036 2027 4104 Quamvis
2070 4052 2202 4110 ergo
2233 4054 2263 4093 a
2304 4038 2463 4092 malis
2505 4036 2572 4091 ad
2599 4038 2739 4093 bona
2770 4047 3131 4103 transeamus,
3175 4047 3355 4094 tamen

124 4127 242 4188 dicat
268 4149 283 4190 :
307 4134 415 4192 Cur
453 4137 755 4207 patimini?
799 4135 959 4205 Quia,
1005 4135 1201 4207 inquit,
1253 4136 1319 4191 de
1349 4135 1458 4192 Deo
1492 4134 1667 4208 loqui-
1772 4128 1888 4198 ipse
1920 4130 2180 4185 transitus
2206 4130 2540 4199 aiiqnantum
2568 4128 2789 4185 amarus
2819 4137 2921 4185 est.

125 4236 237 4279 mur.
266 4224 364 4283 Cur
401 4243 536 4301 ergo
574 4229 889 4301 loquimini?
927 4229 1065 4297 Quia
1108 4229 1378 4285 credimus
1418 4228 1473 4282 in
1503 4243 1656 4295 eum;
1694 4222 1736 4285 11
1831 4220 1887 4274 2.
1922 4220 2161 4275 Αυωιιοε.
2208 4219 2663 4287 didi/irationem.
2696 4218 2904 4287 Corpus
2933 4218 3239 4274 immortale
3285 4220 3361 4274 si-

125 4329 279 4376 omnes
315 4326 455 4379 enim
774 4325 828 4380 in
865 4339 989 4381 eum
1035 4324 1339 4391 credentes,
1372 4324 1666 4394 loquuntur
1770 4312 2021 4382 gniﬁcat,
2048 4310 2201 4380 ClljllS
2248 4310 2418 4363 fOI'IIHl
2461 4309 2572 4377 jam
2621 4311 2675 4364 111
2731 4309 2884 4365 caelis
2914 4319 3018 4374 851,
3064 4311 3115 4364 in
3148 4310 3359 4366 Domini

126 4406 280 4477 decu;
322 4417 587 4487 scriptum
634 4417 775 4472 enim
811 4417 879 4473 de
906 4416 1105 4481 David,
1145 4416 1271 4488 quia
1305 4425 1525 4487 propter
1562 4416 1667 4471 hoc
1769 4419 1997 4475 corpore
2023 4403 2319 4458 declaram-

126 4494 299 4559 locutus
333 4516 431 4574 est,
470 4508 600 4577 quia
639 4508 890 4565 credidit.
934 4507 1075 4576 Quid
1106 4508 1268 4563 inde?
1297 4507 1428 4574 Nos,
1469 4508 1664 4578 inquit,
1838 4495 1892 4549 3.
1924 4492 1982 4547 Si
2012 4504 2184 4548 tamen
2220 4490 2409 4556 vestiti,
2440 4489 2491 4546 id
2522 4498 2625 4557 est,
2656 4490 2701 4546 si
2745 4500 3007 4547 exeuntes
3036 4492 3103 4546 de
3132 4506 3362 4562 corpore

127 4587 347 4655 habemus
374 4600 629 4671 spiritum
659 4600 807 4669 ﬁdei,
840 4616 1001 4673 quem
1025 4601 1214 4658 habui;
1239 4600 1428 4656 David,
1768 4583 2041 4641 Christum
2066 4583 2235 4640 induti
2264 4582 2544 4639 fuerimus.
2583 4580 2638 4636 lu
2665 4581 2884 4637 Christo
2905 4581 3049 4637 enim
3071 4582 3360 4653 baptizati,

180 4685 255 4743 15-
290 4688 477 4748 Omnia
511 4704 721 4765 propter
755 4711 865 4750 vos.
896 4695 1131 4766 Exponit
1163 4694 1435 4765 quomodo
1458 4693 1665 4749 οοηειῑ-
1767 4678 2041 4733 Christum
2090 4675 2381 4739 induimus,
2434 4674 2550 4731 sive
2592 4673 2797 4745 Spiritu
2826 4681 3015 4729 sancto
3050 4675 3256 4730 erimus
3281 4674 3362 4730 di—

128 4780 311 4835 tuentur
339 4782 391 4838 in
413 4783 595 4851 oculis,
621 4786 801 4840 omnia
830 4787 975 4841 enim
1006 4795 1226 4856 propter
1255 4800 1370 4849 vos,
1400 4794 1458 4839 ut
1486 4794 1660 4841 vestro

1825 4772 1855 4825 ti
1889 4786 2053 4841 super
2098 4769 2365 4840 promissa
2415 4768 2623 4824 cmlesti
2673 4767 2845 4839 gratia
2875 4766 2995 4839 [al.,
3026 4783 3187 4838 quem
3234 4783 3357 4822 cum

126 4871 335 4943 exemplo
384 4878 583 4947 gratia,
623 4877 678 4932 id
717 4886 822 4943 ρει,
869 4876 1001 4933 ﬁdes
1031 4887 1213 4933 vestra
1259 4876 1497 4933 abunde;
1544 4893 1664 4932 cum
1768 4863 1963 4928 induti,
2004 4863 2117 4918 sive
2169 4862 2372 4932 Spiritu
2424 4869 2615 4916 sancto
2662 4862 2788 4916 dato
2834 4861 2991 4916 nobis
3034 4861 3359 4929 videbimus,

126 4963 379 5025 gratiarum
415 4970 648 5036 actione,
687 4978 742 5025 ει
771 4971 853 5025 sic
875 4968 1284 5025 consuluamim
1317 4970 1371 5024 in
1397 4967 1567 5024 unus,
1767 4955 1972 5009 erimus
2003 4954 2147 5026 digni
2189 4954 2502 5024 superindui
2528 4954 2796 5024 promissa
2827 4953 3033 5009 cmlesti
3070 4952 3283 5025 gloria.]

183 5053 256 5109 l4.
291 5059 524 5118 Alanos.
576 5061 769 5117 Omnia
806 5063 943 5117 enim
984 5070 1195 5133 propter
1233 5078 1341 5116 vos.
1376 5059 1666 5131 Apostolus

1836 5048 1890 5102 ι.
1924 5044 2064 5100 Nam
2092 5045 2181 5117 qui
2203 5063 2382 5100 sumus
2408 5048 2463 5101 in
2489 5045 2848 5101 tabernaculo.
2878 5047 3016 5103 Dicit
3040 5061 3138 5102 nos
3166 5060 3358 5118 grava-

126 5154 490 5210 persecutiones
519 5164 574 5210 ei
603 5154 843 5225 pericula
878 5154 990 5225 pali
1029 5170 1137 5209 non
1169 5154 1369 5218 timuit,
1396 5159 1456 5207 υι
1482 5153 1667 5222 plures
1770 5150 1852 5197 tos
1876 5139 2214 5211 passionibus
2254 5139 2518 5209 corporis,
2560 5138 2954 5208 postulationes
2987 5138 3053 5192 ad
3082 5138 3250 5191 Deum
3278 5138 3358 5191 di-

126 5237 391 5308 crederent,
433 5252 488 5300 et
531 5245 817 5301 abundans
835 5246 930 5301 Dei
959 5247 1179 5311 donum,
1205 5261 1312 5301 ηοη
1338 5261 1662 5317 perpauca-
1766 5233 1964 5305 rigere,
2006 5246 2073 5287 ne
2103 5226 2271 5286 simus
2312 5231 2438 5284 nudi
2491 5228 2695 5301 Spiritu
2746 5238 2957 5284 sancto.
3009 5228 3160 5282 Tunc
3209 5226 3352 5282 enim

128 5340 221 5381 rum
256 5335 539 5402 gratiarum
584 5337 851 5393 actionem
900 5338 1241 5395 minueretur
1279 5340 1346 5394 ad
1387 5349 1660 5393 contume-

1821 5321 2081 5393 tperindui
2113 5321 2282 5393 gloria
2309 5320 2631 5391 poterimus,
2686 5320 2733 5376 si
2769 5320 2916 5374 exuti
2963 5333 3214 5388 corpore,
3245 5333 3353 5373 non

127 5410 228 5470 liam
256 5420 369 5490 Dei;
402 5426 496 5482 sed
526 5427 710 5482 multis
739 5428 1034 5499 proﬁciens
1072 5428 1316 5484 amueret
1343 5444 1440 5499 per
1468 5427 1664 5483 multo.
1767 5415 2049 5487 despoliati
2080 5432 2108 5470 a
2150 5415 2353 5486 Spiritu
2398 5425 2589 5470 sancto
2620 5415 2922 5478 fuerimus;
2958 5427 3020 5467 ac
3051 5412 3129 5468 sic
3171 5411 3357 5471 absor-

129 5515 222 5557 runi
247 5512 525 5578 gratiarum
558 5517 853 5583 actionem,
886 5516 952 5571 ad
979 5516 1208 5585 gloriam
1238 5518 1352 5575 Dei.
1766 5513 1981 5569 bebitur
2003 5512 2230 5568 mortale
2257 5525 2289 5566 a
2313 5512 2447 5577 vita,
2471 5526 2539 5566 ne
2562 5511 2702 5565 ultra
2730 5510 2899 5580 possit
2928 5510 3090 5577 mori,
3119 5518 3211 5566 aut
3236 5526 3356 5579 pas-

185 5597 257 5652 t5.
280 5600 470 5661 LANl-‘R.
500 5606 689 5663 Omnia
713 5610 849 5663 enim
871 5620 1100 5681 propter.
1128 5608 1323 5665 Omnia
1361 5608 1503 5663 enim
1527 5623 1658 5679 pro-
1692 5587 1737 5650 Ο
1771 5604 2012 5660 sionibus
2042 5601 2307 5675 implicari
2338 5620 2351 5670 ;
2381 5618 2490 5658 non
2539 5602 2684 5658 enim
2735 5602 3021 5679 dicendum
3059 5611 3141 5658 est
3173 5602 3346 5659 absor-

132 5693 227 5751 Pler
259 5705 343 5769 vos
368 5696 702 5755 instruendos
733 5707 992 5770 patimur,
1019 5709 1079 5755 ut
1113 5700 1307 5772 gratia,
1342 5700 1393 5755 id
1432 5708 1513 5755 est
1539 5717 1661 5771 gra-
1769 5699 1883 5754 beri
1910 5713 1939 5751 a
1980 5697 2108 5766 vita,
2142 5697 2267 5768 quia
2305 5695 2371 5752 ad
2406 5697 2508 5751 hoc
2556 5694 2728 5763 surgit
2771 5702 2830 5749 ut
2874 5695 3050 5766 ptenis
3100 5706 3360 5766 arguatur

134 5776 295 5838 liarum
329 5789 480 5858 actio,
510 5791 791 5849 abundans
828 5792 1042 5849 actione
1073 5791 1368 5862 gratiarum
1401 5788 1537 5847 iacta
1569 5805 1663 5861 per
1772 5788 1891 5860 [al.,
1917 5786 2152 5861 agrian].
