3880 6306
488 317 592 373 231
1502 313 1566 367 Β,
1601 310 1992 368 LA-NFRANCI
2049 309 2400 367 CANTUAR.
2440 313 2751 370 ARCHIEP.
3667 321 3758 379 9.5!

492 445 611 486 unus
643 424 954 499 exspoliari,
993 428 1085 482 sed
1113 426 1493 496 supurvestiri,
1526 427 1683 481 simul
1709 444 1828 482 cum
1860 428 2026 482 Adam
2050 446 2070 494 ;
2096 437 2156 482 ut
2193 430 2654 498 absorbeatur,.itl
2684 442 2759 486 est
2782 431 2877 502 ﬁat
2910 432 3225 501 immortale,
3257 436 3405 507 quod
3437 437 3668 494 mortale
3684 451 3758 495 es:

456 538 461 539 '
490 545 519 582 a
548 529 675 581 vita.
716 528 961 583 Diceret:
992 528 1123 593 Quis
1155 533 1257 586 hoc
1287 534 1475 602 poterit
1508 534 1682 589 dare?
1723 533 2055 604 Respondet:
2103 534 2204 601 Qui
2242 544 2422 591 autem
2472 535 2636 592 efficit
2668 552 2768 592 nos
2813 536 2867 592 in
2904 537 3008 593 hoc
3054 537 3249 608 ipsum,
3279 546 3339 590 ut
3369 535 3758 592 immortalitate

488 624 953 693 superintluamur,
986 628 1040 681 in
1070 630 1311 695 prccsenti
1339 629 1621 699 sperando,
1656 630 1796 685 Deus
1824 640 1920 696 est,
1953 630 2044 699 qui
2084 632 2230 686 dedit
2270 632 2424 687 nobis
2448 632 2643 703 pignus
2668 632 2912 703 spiritus,
2940 633 2994 687 id
3025 642 3098 687 est
3129 633 3369 694 arrham,
3398 631 3535 700 quia
3561 631 3751 699 (ﬁcia.

488 723 764 777 Audentes
794 724 955 793 igitur
980 741 1187 792 sumus,
1216 742 1431 796 semper
1451 737 1504 782 et
1529 729 1767 783 scientes
1793 742 2007 798 semper
2035 730 2289 799 quoniam
2316 729 2443 783 dum
2476 745 2660 784 sumus
2690 730 2744 784 in
2782 744 3039 799 corpore,
3067 728 3121 784 5.
3153 728 3581 799 peregrinantur
3605 741 3633 778 a
3668 727 3757 780 Do-

493 819 639 872 mino
665 820 786 889 (per
816 819 971 873 fidem
999 822 1146 875 enim
1186 823 1543 889 ambulamus,
1582 833 1637 878 et
1666 839 1771 878 non
1802 839 1897 894 per
1920 824 2179 894 speciem,
2212 824 2267 877 id
2292 833 2389 889 est,
2422 841 2525 878 non
2566 839 2659 895 per
2700 837 2936 894 apertam
2961 823 3232 893 visionem)
3271 820 3548 875 audemus
3591 827 3757 873 autem

490 917 645 980 mori,
675 926 729 970 et
759 918 953 970 bonam
987 920 1316 972 voluntatem
1349 921 1416 988 (et
1450 936 1512 972 ne
1539 920 1823 989 objicintur
1843 920 1940 973 hoc
1964 920 2175 982 audere,
2206 928 2251 973 et
2280 919 2375 972 hoc
2406 918 2549 982 velle,
2586 919 2710 988 quia
2750 935 2853 972 non
2882 926 3047 987 potest
3078 933 3180 970 non
3200 933 3352 983 esse;
3400 928 3633 971 removet
3678 934 3759 986 per

490 1012 587 1064 hoc
609 1012 746 1082 quod
767 1012 913 1078 dicit,
939 1012 1126 1067 bonum
1152 1014 1518 1084 voluntatem),
1546 1016 1809 1070 habemus
1833 1014 2005 1086 magis
2033 1015 2085 1069 6.
2114 1014 2446 1084 peregrinari
2476 1030 2503 1067 a
2533 1029 2781 1082 corpore,
2814 1021 3188 1082 et’praesentes
3207 1027 3332 1068 esse
3359 1014 3426 1066 ad
3458 1012 3755 1066 Dominum.

492 1106 543 1159 7.
577 1107 641 1159 Et
669 1107 810 1172 ideo,
842 1116 896 1159 ut
919 1108 1081 1162 simus
1108 1120 1401 1177 praesentes,
1443 1110 1845 1174 contendimus,
1874 1110 1987 1164 sive
2015 1110 2286 1174 absentes,
2317 1128 2347 1162 a
2376 1118 2650 1180 conspectu
2680 1110 2969 1175 hominum,
3004 1108 3132 1163 vela
3159 1108 3265 1163 Deo
3288 1118 3559 1179 quantum
3590 1108 3642 1161 in
3665 1110 3756 1162 hoc

492 1202 688 1254 mundo
741 1203 855 1255 sive
882 1213 1175 1271 prtesentes
1203 1207 1498 1274 conspectui
1527 1204 1817 1271 hominum,
1849 1204 1925 1259 vel
1951 1214 2071 1257 ante
2107 1204 2295 1270 Deum,
2342 1205 2555 1275 placere
2582 1204 2678 1259 illi.
2727 1204 3034 1275 Responsio.
3083 1205 3284 1260 Omnes
3314 1204 3468 1258 enim
3513 1219 3614 1257 nos
3660 1221 3759 1257 ma-

497 1297 746 1351 nifestari
771 1309 981 1367 oportet
1010 1310 1133 1355 ante
1164 1302 1397 1356 tribunal
1437 1301 1661 1366 Christi,
1708 1301 1760 1355 8.
1788 1310 1851 1359 ,ιιι
1903 1299 2120 1364 referat,
2172 1302 2427 1355 rationem
2474 1301 2679 1367 reddat,
2718 1300 2793 1355 vel
2823 1302 3048 1365 primunt
3078 1301 3355 1369 suscipiat,
3390 1300 3757 1369 unusquisque

490 1398 707 1466 propria
743 1398 1007 1467 corporis,
1038 1407 1199 1468 prout
1230 1400 1420 1467 gessit,
1462 1400 1574 1454 sive
1615 1400 1838 1464 bonum,
1877 1399 1991 1453 sive
2020 1397 2241 1454 malum.
2283 1398 2530 1453 Scientes
2576 1413 2728 1467 ergo,
2757 1397 2950 1452 scilicet
2980 1397 3095 1460 hoc,
3143 1398 3397 1452 timorem
3431 1398 3653 1452 Domini
3676 1399 3759 1451 ho-

494 1494 727 1549 minibus
754 1496 1080 1561 suademus;
1112 1497 1220 1551 Deo
1246 1504 1448 1562 autem,
1480 1497 1601 1567 quia
1642 1507 1844 1551 terreno
1877 1496 2024 1549 lucro
2056 1513 2156 1550 non
2185 1497 2425 1566 fecimus,
2457 1496 2726 1551 manifesti
2768 1510 2976 1550 sumus.
3010 1495 3185 1565 Spero
3214 1504 3400 1551 autem
3450 1504 3512 1550 et
3558 1496 3611 1549 in
3656 1511 3761 1549 con-

491 1593 733 1647 scientiis
765 1593 982 1659 vestris,
1015 1594 1143 1663 quia
1177 1610 1270 1662 pro
1301 1604 1501 1647 terreno
1532 1593 1677 1647 lucro
1712 1610 1813 1647 non
1852 1594 2222 1663 prtedicamus,
2258 1593 2575 1648 manifestos
2604 1609 2710 1647 non
2737 1607 2879 1647 esse.
2912 1590 3271 1664 (Excusatio.)
3302 1590 3425 1649 Non
3457 1592 3679 1653 iterum,
3711 1604 3759 1645 ut

490 1689 700 1756 possitis
723 1700 903 1742 contra
926 1686 1387 1759 pseudoapostolos
1407 1687 1625 1755 gloriari
1650 1704 1804 1757 super
1824 1689 2123 1758 magisterio
2146 1699 2346 1754 nostro,
2374 1690 2489 1743 ideo
2520 1689 2962 1744 commendamus
2982 1704 3081 1742 nos
3103 1689 3277 1754 vobis,
3306 1689 3405 1743 sed
3428 1690 3757 1744 occasionem

492 1785 685 1839 damus
715 1785 863 1839 vobis
890 1787 1153 1856 gloriandi
1187 1802 1285 1855 pro
1317 1786 1490 1849 nobis,
1522 1795 1581 1839 ut
1609 1786 1853 1841 habeatis
1882 1787 1954 1841 ad
1992 1802 2106 1853 eos,
2145 1787 2283 1858 quod
2311 1790 2385 1841 eis
2412 1787 2784 1858 respondeatis,
2816 1787 2987 1858 qui'in
3017 1786 3155 1842 facie
3186 1785 3521 1857 gloriantur,
3553 1804 3755 1857 quorum

490 1883 743 1950 gaudium
770 1892 842 1935 est
866 1883 1142 1951 prazsenria
1164 1893 1364 1936 tantum
1394 1884 1681 1946 hominum,
1713 1884 1793 1938 vel
1819 1902 2040 1955 quorum
2068 1886 2236 1954 gloria
2275 1897 2351 1941 est
2389 1889 2441 1941 in
2472 1896 2674 1941 tantum
2702 1896 2871 1951 extra,
2909 1897 2963 1941 et
2989 1902 3096 1940 non
3139 1886 3192 1939 in
3232 1884 3409 1939 corde
3443 1883 3578 1935 bene
3606 1898 3754 1950 agerc.

491 1977 545 2041 9,
585 1977 667 2030 10.
698 1976 822 2030 Sive
843 1977 987 2031 enim
1014 1989 1193 2032 mente
1222 1980 1535 2033 cxeedimus
1559 1979 1634 2050 (id
1669 1991 1767 2045 est,
1799 1998 1829 2034 a
1856 1980 1953 2034 Dei
1976 1982 2171 2036 honore
2192 1984 2555 2053 procedimus;
2577 1982 2655 2038 vel
2686 2000 2887 2037 arcana
2916 1982 3204 2036 divinitatis
3231 1978 3613 2050 prendit-endo)
3635 1979 3757 2041 Deo;

494 2074 563 2127 ad
595 2073 803 2127 laudent
848 2074 958 2127 Dei.
994 2075 1079 2128 ll.
1130 2074 1257 2129 Sive
1285 2075 1373 2128 l2.
1411 2074 1575 2131 sobrii
1606 2091 1813 2142 sumus,
1858 2078 2029 2141 vobis,
2059 2077 2167 2148 97
2205 2088 2647 2148 contemperautes
2690 2077 3153 2131 condescendimus
3189 2076 3327 2131 vobis
3359 2092 3542 2130 mores
3583 2087 3756 2130 vestros

490 2170 815 2224 instruendo.
844 2170 1094 2227 Charitas
1122 2172 1263 2227 enim
1293 2172 1494 2227 Christi
1519 2181 1673 2242 urget
1693 2188 1815 2238 nos,
1847 2175 1932 2228 15.
1953 2176 2281 2230 aestimantes
2309 2176 2431 2240 hoc,
2463 2175 2718 2244 quoniam
2749 2175 2791 2229 si
2820 2188 2957 2227 unus
2981 2187 3078 2243 pro
3095 2171 3349 2226 omnibus
3382 2180 3638 2226 mortuus
3665 2182 3752 2231 est.

489 2283 617 2338 ergo
644 2283 830 2323 omnes
852 2271 1047 2324 mortui
1075 2280 1199 2325 sunt
1224 2271 1555 2342 consequitur
1580 2272 1719 2342 quod
1744 2287 1922 2326 omnes
1946 2272 2129 2328 debent
2162 2274 2295 2327 mori
2321 2290 2414 2343 pro
2445 2274 2535 2327 illo
2558 2290 2576 2338 ;
2611 2273 2696 2326 Η.
2732 2280 2787 2326 et
2817 2287 2914 2342 pro
2937 2271 3189 2325 omnibus
3215 2266 3470 2325 mortuus
3498 2279 3585 2325 est
3614 2271 3754 2325 Chii-

498 2369 637 2424 stus,
674 2369 757 2428 ut,
789 2370 841 2414 et
879 2360 933 2431 (a
962 2360 1144 2430 simili)
1183 2362 1271 2430 qui
1312 2362 1519 2426 vivunt,
1545 2360 1656 2430 jam
1699 2377 1804 2417 non
1831 2363 1930 2418 sibi
1971 2366 2180 2432 vivant,
2209 2383 2303 2436 pro
2345 2382 2404 2419 eo
2428 2366 2745 2432 moriantur,
2779 2364 2872 2419 sed
2910 2364 2983 2430 ei,
3014 2363 3082 2416 ad
3113 2362 3364 2416 honorem
3394 2363 3537 2433 ejus,
3568 2359 3654 2431 qui
3676 2371 3755 2428 pro

490 2456 622 2527 ipsis
649 2464 893 2513 mortuus
929 2466 1090 2513 estet
1122 2458 1436 2514 resurrexit.
1478 2458 1566 2513 l5.
1601 2459 1807 2529 Itaque,
1837 2477 1957 2531 ergo
1992 2463 2117 2532 quia
2166 2464 2417 2527 surrexit,
2470 2478 2569 2517 nos
2621 2462 2706 2516 l6.
2756 2475 2819 2515 ex
2870 2462 2973 2516 hoc
3016 2460 3311 2523 neminem,
3359 2473 3471 2509 non
3528 2453 3754 2508 novimus

1840 2576 2405 2658 COMMENTARIUS.

561 2739 614 2793 5.
657 2737 1056 2808 Peregrinamur
1079 2756 1110 2792 a
1133 2738 1260 2793 Deo.
1293 2738 1433 2793 Deus
1463 2737 1660 2808 ubique
1688 2748 1789 2803 est,
1817 2737 1909 2793 sed
1935 2739 2059 2808 quia
2090 2746 2140 2805 Α
2166 2742 2233 2795 ab
2264 2740 2354 2795 illa
2399 2740 2681 2795 altitudine
2727 2740 2965 2795 caelestis
2996 2736 3479 2807 contemplationis
3536 2732 3752 2790 discede-

3 5177 5 5298 Ι

3 5303 7 5411 λ

492 2832 646 2886 sedes
674 2831 765 2884 Dei
795 2831 846 2883 in
879 2830 1029 2884 cretis
1058 2839 1164 2893 est,
1194 2839 1244 2883 et
1276 2829 1385 2883 illic.
1432 2845 1644 2898 semper
1683 2830 1913 2895 videtur,
1953 2830 2074 2885 ilco

493 2927 583 2981 hic
618 2924 797 2995 positi,
831 2924 921 2979 ubi
968 2939 1075 2979 non
1112 2923 1348 2987 videtur,
1380 2922 1711 2993 peregrinari
1756 2923 1823 2978 ab
1850 2938 1916 2979 eo
1942 2923 2076 2978 dici-

497 3033 547 3070 Ill
560 3033 588 3068 ll
599 3033 639 3068 l'.

568 3107 622 3161 6.
654 3107 853 3162 [ΑΜΒ.
904 3103 1239 3175 Peregrinari
1290 3122 1321 3158 a
1374 3120 1608 3172 corpore.
1662 3103 1827 3170 Quia,
1881 3106 2075 3175 inquit,

496 3216 603 3254 non
631 3207 804 3268 potest
858 3197 971 3251 ﬁeri
1014 3205 1073 3251 ut
1098 3197 1164 3251 ad
1196 3196 1360 3250 Deum
1390 3210 1577 3250 eamus
1623 3210 1873 3264 corpore,
1922 3197 2077 3267 cligi-

497 3307 617 3346 mus
646 3291 816 3361 magis
852 3288 1094 3360 separari
1125 3304 1155 3342 a
1183 3303 1428 3357 corpore,
1460 3296 1516 3341 et
1542 3296 1837 3355 praesentes
1860 3301 1980 3342 esse
2009 3288 2077 3341 ad

496 3384 685 3438 Deum.

472 3524 477 3527 _
567 3475 619 3529 7.
645 3474 882 3527 Auauos.
905 3468 972 3524 Et
999 3470 1115 3524 ideo
1142 3468 1521 3532 contendimus,
1548 3466 1598 3523 id
1628 3476 1730 3531 est,
1756 3467 1869 3522 sive
1894 3468 1946 3520 in
1974 3467 2079 3521 hac

494 3566 603 3620 vita
636 3565 817 3635 positi,
846 3565 959 3620 sive
990 3572 1117 3618 ante
1148 3561 1381 3617 tribunal
1414 3560 1611 3616 Christi
1648 3568 1941 3630 praesentes
1962 3559 2075 3629 pla-

496 3671 716 3712 ceamus
741 3656 813 3709 ei.

566 3749 620 3804 8.
653 3748 887 3803 Aucusr.
916 3744 1097 3817 (epist.
1135 3744 1258 3799 107.
1298 3742 1457 3797 Vitali
1483 3743 1630 3798 Cart.
1668 3744 1731 3798 de
1758 3744 1957 3798 orando
1986 3759 2078 3812 pro

497 3840 799 3904 incredulis,
840 3849 969 3893 tom.
1007 3836 1094 3906 ll.)
1131 3834 1197 3889 Ut
1228 3836 1418 3903 referat
1464 3837 1837 3906 unusquisque.
1882 3835 2081 3890 Omn'es

500 3935 800 3990 astabimns
848 3940 973 3985 ante
1020 3928 1250 3984 tribunal
1287 3927 1530 3992 Christi;
1577 3937 1636 3982 ut
1681 3926 1883 3983 referat
1911 3941 2074 3982 unus-

500 4023 733 4092 quisque
760 4018 1056 4075 secundum
1091 4033 1156 4073 ea
1204 4032 1324 4087 qua:
1368 4032 1466 4088 per
1510 4032 1706 4086 corpus
1741 4017 1923 4087 gessit,
1975 4031 2081 4069 non

2177 2833 2308 2887 bant
2333 2833 2399 2887 ad
2424 2832 2781 2886 ordinandam
2809 2831 2974 2884 vitam
3005 2830 3398 2899 subjectorum.
3433 2826 3500 2881 Et
3545 2826 3641 2879 hoc
3679 2823 3748 2876 di-

2179 2924 2253 2978 cit
2292 2939 2352 2978 se
2383 2933 2605 2993 pr0ptcr
2652 2921 2938 2977 utilitatem
2993 2920 3362 2987 subiectorum
3418 2917 3615 2983 facere,
3656 2930 3750 2970 non

2177 3022 2398 3085 propter
2427 3013 2718 3068 humanam
2746 3012 2995 3083 gloriam.

2251 3108 2335 3161 12.
2393 3106 2570 3162 Sobrii
2620 3124 2821 3162 sumus.
2867 3106 2973 3160 Pro
3020 3105 3205 3171 vobis,
3252 3104 3467 3174 inquit,
3525 3101 3748 3162 facimus,

2178 3200 2303 3269 quia
2335 3199 2401 3253 de
2428 3199 2577 3253 vobis
2603 3199 2759 3268 quasi
2804 3197 3234 3253 commendando
3287 3212 3411 3260 nos,
3468 3196 3745 3265 loquimur.

2177 3293 2369 3346 Omnia
2407 3292 2549 3347 enim
2596 3300 2814 3362 propter
2841 3306 2937 3345 vos
2985 3288 3233 3357 facimus,
3283 3289 3412 3359 quia
3466 3302 3581 3343 sne
3622 3300 3749 3342 men-

2180 3391 2232 3437 te
2280 3383 2611 3445 excedimns,
2667 3383 2718 3435 id
2769 3389 2874 3446 est,
2920 3375 3182 3450 profu'nda
3229 3380 3534 3434 divinitatis
3578 3378 3747 3449 pradi-

2185 3492 2396 3541 camus,
2422 3486 2477 3549 et
2505 3477 2609 3531 hoc
2637 3476 2704 3531 ad
2733 3474 2943 3529 laudem
2973 3474 3105 3540 Dei;
3132 3474 3245 3529 sive
3272 3473 3444 3528 sobrii
3472 3488 3675 3537 sumus,
3702 3469 3743 3523 id

2182 3579 2286 3635 est,
2327 3569 2668 3626 subditorum
2714 3570 2903 3628 vitam.
2952 3567 3262 3622 intermissa
3314 3566 3741 3636 contemplatione

2181 3663 2381 3727 divina,
2405 3662 2640 3717 humana
2677 3668 3148 3731 eontemperantes
3174 3660 3521 3714 ordinamus.

2258 3753 2341 3807 15.
2382 3752 2729 3806 [Εδιὶηιαηιεε
2750 3751 2866 3805 hoc.
2897 3750 3306 3813 Existimamus,
3336 3751 3534 3819 inquit,
3567 3748 3676 3818 quia
3695 3746 3729 3799 si

2183 3846 2429 3902 Christus
2454 3860 2551 3914 pro
2576 3843 2830 3898 omnibus
2859 3851 3107 3898 mortuus
3125 3851 3298 3906 est,et
3313 3858 3506 3898 omnes
3521 3840 3735 3897 homines

2185 3936 2323 3991 mori
2352 3935 2551 3989 debent
2584 3948 2682 4005 pro
2702 3933 2913 3988 honore
2936 3932 3099 3987 illius.

2257 4028 2345 4082 Η.
2388 4025 2453 4080 Et
2476 4042 2569 4096 pro
2585 4022 2824 4079 omnibus
2843 4034 3082 4078 mortuus
3106 4033 3181 4077 est
3198 4021 3463 4077 Christus.
3486 4022 3619 4092 Ergo
3635 4019 3735 4089 quia

498 4115 793 4173 εεευιιίιυῐῐι
820 4128 884 4167 ea
940 4126 1081 4181 (Ιυωυ
1110 4110 1154 4165 Si
1176 4108 1380 4164 (“illius
1405 4110 1899 4173 νίνοΐθινὸεδῑυΐιιε
1924 4107 2079 4172 form.
2116 4140 2157 4197 Β
2186 4117 2437 4173 Christus
2466 4124 2716 4170 mortuus
2740 4124 2823 4169 est
2845 4129 2943 4184 pro
2972 4114 3244 4177 omnibus,
3279 4114 3549 4169 neminem
3576 4126 3741 4181 apprc-

496 4208 613 4266 sive
650 4208 875 4271 bonum,
925 4203 1040 4259 sive
1087 4201 1309 4256 malum.
1357 4200 1571 4255 Scimus
1616 4198 1777 4252 etiam
1810 4198 2079 4266 parvulos,

495 4302 788 4358 secundum
820 4312 885 4362 ea
913 4310 1034 4366 quae
1060 4310 1157 4366 per
1187 4308 1383 4363 corpus
1409 4301 1723 4361 gesserunt,
1774 4297 2082 4358 recepturos

497 4395 578 4449 vel
630 4394 827 4447 bonum
866 4390 950 4444 vel
996 4390 1213 4444 malum.
1270 4387 1565 4443 Cesserunt
1602 4394 1780 4439 autem
1830 4399 1935 4437 non
1985 4398 2084 4454 per

499 4484 725 4551 seipsos,
756 4481 849 4536 sed
882 4495 976 4549 per
1017 4495 1110 4534 eos
1138 4480 1230 4547 qui
1260 4494 1357 4546 pro
1384 4477 1489 4531 illis
1521 4477 1990 4547 respondentibus,
2029 4486 2085 4531 et

502 4575 817 4631 renuntiare
855 4572 1069 4625 diabolo
1112 4573 1387 4632 dicuntur,
1431 4578 1485 4623 et
1516 4570 1736 4625 credere
1776 4569 1832 4623 in
1865 4568 2075 4623 Deum:

504 4666 657 4723 Unde
676 4673 732 4719 et
752 4665 804 4718 in
819 4676 1042 4716 numero
1058 4661 1291 4715 fidelium
1314 4667 1720 4730 computantur,
1746 4658 2082 4726 pertinentes

502 4762 571 4815 ad
593 4754 916 4814 sententiam
945 4752 1157 4808 Domini
1187 4751 1416 4805 dicentis
1443 4768 1455 4804 :
1484 4748 1585 4815 Qui
1610 4749 1885 4802 crediderit
1914 4758 1964 4801 et
1992 4748 2083 4800 lia~

500 4852 727 4921 ptizatus
756 4848 933 4917 fuerit,
964 4846 1138 4900 salvus
1158 4841 1479 4914 erit‘(Marc.
1511 4840 1643 4911 xvi).

570 4942 627 4998 9.
656 4941 896 4996 AUGUST.
931 4937 1114 5008 (tract.
1157 4938 1187 4991 7
1232 4937 1284 4989 in
1319 4935 1519 5002 Evang.
1560 4932 1721 4987 Joan.
1743 4971 1759 4996 ,
1794 4940 1927 4986 tom.
1959 4929 2078 5000 IX).

503 5033 621 5089 Sive
649 5032 786 5087 enim
817 5045 984 5084 mente
1020 5029 1334 5083 excedimus.
1366 5026 1503 5092 Quid
1533 5034 1617 5079 est
1643 5031 1821 5079 mente
1848 5028 2084 5077 excessi-

505 5124 668 5179 mus?
704 5123 770 5178 Ut
797 5122 885 5176 illa
917 5120 1193 5175 videamus
1221 5134 1341 5188 qua:
1375 5134 1481 5173 non
1526 5116 1651 5171 licet
1677 5117 1879 5170 homini
1909 5115 2079 5185 loqui.

501 5217 643 5284 Quid
682 5225 765 5269 est
814 5221 1175 5282 temperantes
1217 5226 1402 5264 sumus
1443 5208 1641 5265 vobis?
1686 5208 1829 5271 Non,
1882 5209 2081 5278 inquit,

498 5305 732 5373 iudicavi
752 5322 833 5358 nte
861 5305 997 5358 scire
1030 5301 1230 5372 aliquid
1260 5302 1396 5353 inter
1424 5316 1531 5363 vos,
1574 5300 1674 5352 nisi
1709 5296 1968 5353 Christum
1990 5296 2081 5352 Je-

504 5414 640 5460 sum,
662 5408 707 5450 et
738 5399 874 5451 hunc
897 5395 1229 5464 cruciﬁxum.

2185 4210 2377 4263 bamus
2401 4206 2697 4261 secundum
2724 4219 2945 4260 carnem
2986 4204 3278 4258 viventem.
3312 4202 3380 4257 Et
3412 4205 3458 4256 si
3521 4200 3743 4271 cognovit

2183 4299 2499 4369 priusquam
2524 4312 2581 4350 in
2620 4295 2897 4349 Christum
2930 4295 3175 4348 crederet
3219 4292 3545 4363 Apostolus.
3572 4307 3739 4345 serua.

2183 4390 2309 4443 dum
2339 4402 2558 4443 carnem
2592 4384 2740 4439 novit
2768 4398 2914 4448 eum,
2938 4382 3065 4453 quia
3092 4383 3368 4438 hominem
3395 4392 3602 4437 tantum
3621 4380 3743 4435 azsti-

2184 4479 2387 4533 mabat.

2256 4570 2342 4625 15.
2381 4568 2567 4639 Itaque
2594 4584 2704 4631 vos,
2738 4567 2790 4621 id
2822 4573 2925 4629 est,
2959 4565 3082 4635 quia
3113 4563 3362 4619 Christus
3389 4579 3492 4635 pro
3520 4561 3738 4627 omnibus

2183 4670 2432 4714 mortuus
2455 4668 2561 4722 est,
2587 4665 2646 4711 ut
2672 4670 2861 4711 omnes
2892 4671 2993 4725 pro
3018 4656 3222 4710 honore
3256 4654 3404 4709 illius
3450 4656 3735 4709 moriantur.

2186 4751 2261 4805 Ex
2291 4752 2393 4805 hac
2427 4748 2864 4804 consideratione
2896 4730 3187 4802 neminem
3235 4745 3512 4810 novimus,
3565 4744 3614 4799 id
3652 4749 3735 4797 est.

2185 4841 2545 4910 approbamus
2600 4838 2895 4893 secundum
2942 4852 3162 4891 carnem
3213 4836 3519 4901 viventem,
3568 4844 3620 4889 et
3661 4846 3737 4886 sta

2185 4942 2537 5003 quterenzem,
2569 4941 2622 4985 et
2646 4945 2751 4984 non
2791 4944 2909 5000 qua:
2930 4927 3056 4983 Jesu
3089 4928 3313 4983 Christi.

2259 5026 2344 5079 16.
2385 5024 2625 5078 Aucusr.
2672 5022 2793 5093 (lib.
2821 5038 2859 5076 ιι
2891 5033 3072 5075 contra
3095 5021 3309 5088 Faust.,
3359 5024 3492 5089 c._7,
3521 5032 3621 5085 tom
3648 5017 3735 5077 Vl.)

2185 5117 2270 5171 Ex
2295 5118 2390 5170 hoc
2421 5118 2697 5170 neminem.
2726 5115 2911 5187 itaque
2938 5131 3041 5170 nos
3085 5117 3281 5171 amodo
3309 5118 3581 5172 nemiuem
3608 5113 3733 5171 mvi-

2182 5224 2307 5263 mus
2348 5208 2647 5262 secundum
2695 5223 2935 5261 carnem.
2984 5208 3089 5262 Sed
3137 5209 3262 5277 quia
3317 5207 3529 5262 illorum
3582 5218 3733 5262 serum

2184 5301 2351 5353 vitam
2399 5297 2670 5361 futuram,
2742 5307 2994 5366 tanquam
3052 5306 3376 5369 prtesentem
3423 5296 3733 5352 meditabitur

2186 5391 2308 5465 [al.,
2344 5389 2749 5465 meditabatur],
2776 5391 2865 5458 qui
2892 5401 3240 5459 resurgentes
3267 5392 3728 5444 commutabuutur.

581 5489 662 5543 l0.
705 5489 900 5544 Lsxru.
935 5489 1109 5543 Mente
1137 5487 1457 5542 excedimus.
1504 5484 1682 5539 Mente
1709 5484 1971 5538 excedere
2000 5491 2081 5538 est
2109 5499 2152 5559 ρ
2184 5485 2414 5548 Amodo,
2452 5484 2643 5551 inquit.
2679 5484 2951 5537 neminem
2982 5484 3282 5538 secundum
3338 5499 3554 5538 carnem
3606 5477 3728 5534 novi-

507 5581 560 5634 in
592 5580 770 5633 divina
802 5580 1256 5650 contemplatione
1286 5590 1426 5640 esse,
1459 5576 1638 5630 ethoc
1681 5575 1811 5628 dicit
1850 5588 1909 5628 se
1957 5589 2082 5643 pro-
2132 5572 2135 5581 ’

506 5682 629 5741 pter
659 5672 848 5734 Deum,
876 5688 981 5727 non
1009 5687 1228 5744 pr0pter
1263 5673 1471 5727 laudem
1498 5670 1775 5725 hominum
1808 5667 2006 5723 facere.

579 5766 665 5820 ll.
702 5764 820 5820 Sive
843 5766 1000 5819 sobrii
1032 5783 1232 5819 sumus.
1275 5764 1450 5821 Sobrii
1481 5774 1635 5818 erant
1680 5761 1927 5832 apostoli,
1960 5778 2079 5817 cum

2186 5592 2324 5635 mus.
2387 5576 2439 5629 id
2491 5584 2595 5640 est,
2650 5584 2783 5649 tam)
2819 5584 3025 5631 certam
3072 5592 3223 5647 spem
3280 5586 3525 5637 tenemus
3565 5573 3726 5627 lutum

2189 5677 2389 5721 nostrm
2422 5666 2875 5735 incorporationis
2898 5667 3423 5733 etimmortalitatis,
3466 5678 3517 5722 ut
3563 5660 3724 5720 amodo

2178 5754 2293 5824 jam
2324 5757 2378 5810 in
2408 5756 2521 5827 ipsa
2553 5757 2743 5812 notitia
2766 5756 3117 5826 gaudeamus.
