3880 6306
85 301 175 357 253
734 370 737 373 η
803 298 871 355 IN
904 302 966 356 ι).
999 280 1200 357 PAULI
1222 299 1437 356 EPIST.
1472 274 1849 357 COMMENT.
1870 332 1940 342 -
1964 299 2177 356 EPloT.
2220 301 2263 355 ιι
2284 302 2376 357 ao
2406 302 2560 358 con.
3200 302 3307 357 ast

84 415 351 468 Secundum
385 427 606 467 carnem
634 413 894 468 Christum
918 416 1213 480 mortalem,
1241 416 1316 469 vel
1348 416 1472 485 quia
1508 415 1787 468 surrrexit.
1822 416 1907 468 17.
1936 414 2002 469 Ει
2032 415 2075 469 si
2106 416 2454 485 cognovimus
2495 413 2744 486 (Respon.
2770 416 2883 483 jam
2920 432 3023 469 non
3073 417 3306 470 norimus

80 518 256 559 tantum
284 506 596 571 hominem;
632 507 727 560 etsi
754 510 1086 577 cognovimus
1122 509 1384 578 Opinione)
1424 508 1512 563 18.
1561 508 1853 564 secundum
1885 523 2101 561 carnem
2136 508 2431 573 Christum,
2467 508 2740 561 mortalem
2782 508 2991 576 primo;
3022 508 3114 563 sed
3166 525 3309 564 nunc

73 603 167 669 jam
196 617 292 656 non
322 603 573 657 novimus
601 604 890 671 mortalem,
921 605 1011 658 sed
1038 604 1403 659 immortalem.
1440 603 1527 659 19.
1562 603 1619 659 Si
1649 619 1752 674 qua
1781 618 1907 674 ergo
1936 602 1987 657 in
2017 604 2231 659 Christo
2256 618 2392 657 nova
2419 613 2692 667 creatura,
2712 612 2915 667 vetera,
2944 604 2999 657 id
3037 613 3111 657 est
3155 605 3301 669 vitia,

83 696 407 749 transierunt.
455 697 505 751 si
538 696 773 751 Christus
807 714 969 752 novus
989 710 1062 752 est
1088 701 1420 764 immortalis,
1456 717 1579 769 ergo
1612 711 1779 753 vetera
1805 700 2125 753 transierunt
2146 701 2200 754 in
2240 700 2384 754 nobis
2409 714 2427 752 :
2456 698 2741 771 (Surrexit,
2774 714 2896 767 ergo
2933 714 3035 751 non
3062 698 3306 752 debemus

76 797 221 845 virere
243 794 531 845 secundum
562 810 765 848 carnem
791 812 810 860 ;
841 811 961 863 ergo
992 806 1160 849 vetera
1192 780 1509 850 transierunt
1535 813 1554 862 ;
1584 813 1615 849 a
1640 797 1777 865 pari,
1807 796 2088 849 secundum
2112 813 2341 859 carnem,
2373 805 2419 849 et
2447 805 2615 849 vetera
2632 802 2752 848 sunt
2778 790 2949 863 paria)
2972 809 2985 844 :
3006 806 3134 847 ecce
3159 792 3297 846 facta

78 888 378 942 suntomnia
420 903 583 952 nova,
615 888 671 941 id
704 900 798 954 est,
820 892 942 959 quia
985 891 1113 960 facti
1137 907 1319 946 sumus
1347 892 1481 945 novi.
1515 890 1604 944 20.
1644 890 1833 946 Omnia
1874 900 2053 945 autem
2103 892 2170 945 ex
2217 891 2345 955 Deo,
2374 891 2463 959 qui
2504 905 2604 945 nos
2656 887 3028 944 reconciliavit
3065 886 3166 940 sibi
3207 903 3304 955 per

74 984 315 1037 Christum
341 998 356 1048 ;
385 993 439 1038 et
481 983 652 1047 dedit,
675 996 852 1054 postea
886 987 1260 1039 commendavit
1291 986 1445 1039 nobis
1478 986 1835 1040 ministerimn
1865 985 2343 1049 reconciliationis,
2371 986 2791 1054 pra’dicationem
2813 982 2881 1035 ad
2922 981 3075 1042 alios,
3102 986 3307 1049 poterat

75 1092 173 1133 tunc
206 1076 538 1133 reconciliare
573 1081 822 1132 mundum
847 1098 938 1150 per
964 1080 1247 1136 Christum.
1273 1081 1362 1135 2|.
1395 1082 1657 1147 Quoniam
1683 1081 1899 1150 quidem
1951 1081 2091 1135 Deus
2126 1090 2245 1135 erat
2273 1082 2325 1134 in
2352 1080 2602 1140 Christo,
2637 1079 2892 1133 mundum
2944 1076 3301 1133 reconcilians

73 1172 174 1232 sibi,
210 1188 316 1236 non
345 1181 607 1243 reputans
640 1176 743 1231 illis
772 1178 963 1230 delicta
998 1177 1257 1247 ipsorum,
1289 1196 1389 1231 non
1427 1180 1499 1232 eis
1530 1195 1803 1249 repensans
1831 1179 2115 1233 secundum
2139 1180 2344 1244 merita,
2375 1187 2430 1233 et
2458 1178 2635 1248 posuit
2670 1177 2723 1231 in
2772 1177 2926 1231 nobis
2961 1177 3183 1231 verbum
3219 1188 3302 1227 re-

74 1263 433 1324 conciliationis
456 1312 472 1336 ,
502 1271 923 1339 prmdicationem
954 1272 1246 1344 Evangelii.
1275 1275 1380 1329 Pro
1410 1274 1623 1330 Christo
1654 1290 1803 1351 ergo,
1836 1275 1943 1329 vice
1974 1275 2188 1339 Christi,
2219 1274 2486 1345 legatione
2515 1272 2808 1343 fungimur,
2832 1272 2955 1342 quia
2984 1270 3123 1323 dedit
3154 1268 3301 1322 nobis

72 1363 319 1423 pradicare
370 1376 656 1435 tauquam,
697 1370 750 1422 id
779 1380 850 1424 est
887 1388 1020 1435 vere,
1054 1372 1166 1427 Deo
1197 1375 1519 1428 exhortante
1545 1390 1641 1443 per
1669 1389 1786 1427 nos.
1818 1373 1908 1439 22,
1958 1373 2049 1428 23°.
2094 1371 2474 1436 Obsecramus,
2506 1372 2628 1440 quia
2672 1370 2827 1438 legati
2869 1367 3062 1421 Christi
3095 1380 3298 1426 sumus,

74 1473 153 1525 pro
178 1456 406 1523 Christo,
439 1463 552 1515 vice
582 1462 799 1530 Christi,
839 1456 1264 1523 reconciliamini
1300 1469 1428 1523 Deo.
1461 1468 1548 1524 24.
1581 1468 1713 1522 Eum
1738 1469 1827 1539 qui
1860 1486 1964 1523 non
1994 1478 2215 1525 noverat
2238 1476 2541 1540 peccatum,
2562 1466 2651 1521 ⁸25.
2684 1480 2781 1535 pro
2809 1462 2965 1517 nobis
2992 1459 3080 1514 26.
3114 1474 3302 1529 pecca-

74 1562 163 1606 tum
189 1552 327 1620 lecit,
360 1558 440 1611 vel
469 1552 697 1613 hostiam
724 1577 819 1631 pro
848 1573 1082 1631 peccato,
1108 1574 1167 1618 ut
1196 1579 1293 1619 nos
1323 1562 1658 1619 elliccremur
1678 1566 1887 1633 justitia
1925 1565 2020 1622 Dei
2055 1567 2107 1621 in
2144 1566 2281 1636 ipso.

1506 1676 1733 1732 CAPUT
1771 1677 1857 1731 Vl.

124 1788 430 1857 Atljuvantes
457 1802 647 1851 autem
678 1793 895 1864 (scilicet
923 1812 1030 1857 vos,
1053 1796 1129 1851 vel
1154 1796 1340 1861 Deum,
1365 1807 1420 1850 ut
1450 1798 1503 1851 in
1528 1799 1697 1865 prima
1732 1797 1971 1867 Epistola
2001 1813 2045 1850 ι.
2075 1812 2134 1858 tu
2167 1813 2180 1848 :
2217 1794 2310 1850 Dei
2340 1793 2483 1849 enim
2534 1791 2807 1861 adjutores
2833 1786 3066 1855 sumus,)
3100 1784 3299 1855 exhor-

75 1891 238 1948 tamur,
264 1900 326 1938 ne
348 1886 402 1943 in
431 1902 667 1943 vacuum
692 1888 924 1958 gratiam
954 1890 1047 1945 Dei
1076 1891 1123 1944 1.
1152 1892 1445 1961 recipiatis,
1477 1891 1742 1947 Christum
1769 1901 2066 1963 passum,et
2110 1890 2313 1946 salvare
2338 1899 2598 1959 paratum,
2630 1886 2707 1940 vel
2732 1884 3087 1938 remissionem
3113 1896 3302 1950 pecca~

74 1986 229 2049 torum,
258 1994 409 2048 quam
436 1980 493 2035 in
525 1999 751 2043 vacuum
774 1988 976 2056 recipit,
998 1990 1088 2059 qui
1114 2006 1168 2045 se
1188 2000 1366 2059 postea
1388 1992 1443 2047 in
1483 1993 1627 2047 bonis
1654 1992 1894 2060 operibus
1915 2008 2020 2047 non
2048 2000 2268 2046 exercet.
2297 1989 2352 2044 2.
2381 1988 2471 2043 Ait
2496 1987 2637 2045 enim
2665 2004 2677 2038 :
2705 1984 2757 2039 3.
2789 1983 3052 2052 Tempore
3079 1987 3300 2047 accepto

76 2073 281 2153 exaudiri
319 2084 387 2140 te,
415 2085 471 2129 ct
502 2077 559 2155 in
593 2079 680 2134 die
708 2081 899 2149 salutis
926 2083 1114 2152 iadjnvi
1145 2096 1218 2147 te.
1242 2086 1381 2142 Ecce
1406 2104 1547 2145 nunc
1577 2096 1787 2159 tempus
1815 2086 2182 2157 acceptabile;
2230 2099 2357 2142 ecce
2395 2098 2540 2140 nunc
2579 2082 2696 2138 dies
2724 2078 2935 2143 salutis.
2985 2077 3039 2131 4.
3084 2074 3298 2131 Nemini

77 2168 227 2249 datch
258 2169 413 2247 ullam
442 2171 825 2240 oll‘ensionem,
854 2178 935 2237 id
968 2190 1069 2245 est,
1094 2183 1387 2251 exemplum
1435 2185 1731 2254 pravitatis,
1779 2186 1919 2255 quod
1955 2185 2179 2239 videntes
2206 2183 2487 2253 o/fendere.
2510 2181 2695 2251 possit,
2744 2188 2801 2233 ut
2829 2192 2935 2231 non
2965 2175 3300 2260 vituperetur

79 2262 389 2321 ministerium
416 2281 689 2338 nostrum,
724 2274 1023 2331 Christiana
1049 2280 1258 2349 religio,
1300 2281 1561 2355 doctrina
1586 2282 1972 2353 apostolorum;
2031 2281 2126 2337 sed
2171 2283 2223 2336 in
2256 2279 2508 2335 omnibus
2540 2276 2891 2333 exhibeamus
2940 2271 3298 2338 nosmetipsos

77 2357 183 2423 sicut
210 2359 291 2441 Dei
326 2365 735 2443 ministroslvel
756 2371 1144 2447 hortamurvos
1179 2377 1370 2431 nemini
1398 2352 1579 2432 dantes
1605 2352 1768 2432 ullam
1792 2377 2130 2447 offensionem
2160 2375 2234 2431 vel
2256 2374 2623 2444 prcedicando,
2641 2370 2718 2424 vel
2759 2368 2897 2447 male
2919 2366 3129 2421 υἱυεηάο
3148 2365 3193 2433 )ο
3243 2363 3295 2417 ί¹¹

81 2450 217 2507 multa
244 2452 494 2527 patientia
528 2464 736 2535 (habita
758 2444 1034 2523 siilicetvin
1056 2470 1135 2525 his
1172 2487 1289 2541 qua:
1322 2472 1653 2544 sequuntur),
1680 2473 1737 2529 in
1769 2444 2231 2538 tribulationibus,
2263 2472 2317 2526 in
2359 2466 2794 2532 necessitatibus,
2841 2444 3082 2533 penuria,
3114 2461 3166 2515 in
3194 2474 3291 2539 an-

1340 2622 1341 2625 η
1372 2587 1945 2646 COMMENTARIUS.

136 2705 206 2759 17.
231 2708 418 2765 ιιιςη.
448 2712 517 2767 Et
541 2715 590 2768 si
619 2718 873 2771 novimus.
905 2718 1229 2788 Priusquam
1257 2736 1307 2773 In
1334 2718 1611 2775 Christum
1643 2722 1689 2783 A
1721 2721 1871 2776 adeSt
1901 2732 2127 2792 tempus,
2147 2736 2253 2791 quo
2278 2717 2479 2774 morbis
2507 2713 2825 2773 mortalibus
2842 2711 3107 2768 medicina
3124 2710 3296 2782 possit

86 2795 286 2852 rmderet
330 2802 642 2871 Apostolus,
694 2809 989 2861 secundum
1033 2808 1252 2865 carnem
1282 2819 1610 2880 COgnoverat
1715 2811 1948 2879 infundi.
3004 2798 3011 2803 ’

85 2900 195 2950 cum,
224 2891 334 2957 quia
358 2898 734 2951 tantummodo
767 2898 1037 2954 hominem
1075 2901 1397 2973 mstimabat.
1781 2903 1873 2957 24.
1900 2903 2137 2958 Aucvsr.
2163 2898 2278 2971 (lib.
2312 2898 2548 2955 tContra
2575 2898 2780 2951 advers.
2815 2894 2965 2965 Legis
2991 2903 3037 2947 et
3074 2882 3293 2961 Proph.,

138 2976 207 3031 18.
238 2981 672 3056 Ancusr.(lbid.,
704 2988 873 3059 ante).
905 2989 1205 3045 Secundum
1236 2989 1613 3045 carnem.Car-

1760 3033 1765 3046 .
1804 2992 1893 3059 M,
1927 3002 2053 3046 tom.
2092 2990 2203 3060 Vl).
2230 2989 2364 3043 Eum
2388 2989 2476 3060 qui
2501 3003 2602 3040 non
2631 2995 2862 3040 noverat.
2893 2983 3124 3037 No‘verat
3150 2982 3292 3037 enim

88 3083 180 3121 nem
206 3088 419 3144 namque
467 3079 577 3134 hoc
621 3079 759 3146 loco,
802 3097 908 3136 non
956 3081 1125 3151 ipsam
1152 3084 1395 3153 corporis
1444 3083 1613 3138 nostri
1715 3098 1812 3155 per
1833 3082 2304 3153 sapientiam,non
2330 3086 2554 3134 noverat
2590 3090 2685 3147 per
2713 3075 3127 3145 experientiam.

95 3162 399 3223 substantiam
452 3187 619 3242 quam
665 3174 924 3229 Do’minUs
986 3184 1108 3245 post
1164 3174 1612 3229 resurrectionem
1785 3175 1873 3239 25.
1902 3176 2135 3229 Aucusr.
2151 3173 2264 3245 (lib.
2284 3171 2449 3226 Ench.
2479 3171 2548 3225 ad
2575 3170 2848 3233 Laurent.,
2871 3183 2989 3237 cap.
3015 3164 3293 3232 41,t.lll‘i.

92 3270 451 3320 suam,carnem
478 3266 737 3339 appellat,
761 3269 946 3323 dicens
968 3266 1214 3337 :Palpate
1236 3278 1281 3321 et
1296 3256 1617 3337 videte,quia
1724 3265 1825 3321 Pro
1855 3267 1999 3320 nobis
2044 3275 2309 3336 peccatum
2335 3263 2477 3333 fecit.
2530 3261 2641 3315 lloc
2672 3267 2775 3322 est,
2820 3256 3144 3313 sacriﬁcium
3198 3270 3295 3324 pro

87 3342 254 3403 spiritus
284 3366 482 3406 carnem
512 3362 567 3407 et
593 3371 709 3408 ossa
742 3371 843 3409 non
864 3350 1035 3425 habet,
1064 3355 1198 3409 sicut
1219 3372 1299 3408 me
1321 3354 1501 3409 videtis
1522 3355 1613 3408 ha-
1717 3360 1977 3429 peccatis,
2001 3374 2097 3426 per
2131 3359 2271 3428 quod
2307 3353 2643 3410 reconciliari
2697 3351 3021 3406 valcremus.
3063 3349 3178 3417 Ipse
3212 3359 3295 3402 est

87 3432 203 3496 θενεξ
229 3441 309 3493 sed
334 3446 736 3515 corruptionem
762 3447 1253 3515 mortalitatemque
1275 3444 1454 3499 carnis
1505 3444 1619 3498 vult
1717 3465 1845 3520 ergo
1876 3459 2177 3520 peccatum,
2209 3459 2267 3501 ut
2293 3462 2390 3500 nos
2411 3444 2642 3513 iustitia,
2666 3457 2765 3497 nec
2792 3450 3000 3507 nostra,
3031 3440 3123 3494 sed
3158 3440 3247 3493 Dei
3277 3458 3290 3491 :

89 3521 289 3597 ί¹¹ιθ¹¹ίείν
338 3536 454 3601 ψηιῖ
504 3546 638 3591 tunc
683 3552 789 3592 non
825 3538 929 3592 crit
956 3538 1009 3591 in
1059 3535 1237 3602 nobis,
1268 3534 1532 3606 sicutjam
1565 3537 1617 3591 in
1719 3558 1817 3597 nec
1846 3542 1898 3596 in
1931 3541 2105 3604 nobis,
2138 3540 2230 3594 sed
2261 3540 2313 3593 in
2345 3537 2475 3602 Deo,
2507 3536 2646 3591 sicut
2673 3534 2787 3604 ipse
2837 3532 2937 3587 fuit
2982 3540 3290 3603 peccatum,

89 3611 262 3672 Christo
287 3636 388 3678 non
417 3635 521 3681 est.
1719 3648 1825 3688 non
1881 3647 2060 3696 suum,
2103 3631 2198 3685 sed
2256 3638 2521 3693 nostrum,
2569 3642 2669 3681 nec
2715 3626 2770 3680 in
2802 3639 2880 3689 se,
2928 3624 3022 3679 scd
3054 3623 3106 3678 in
3137 3623 3294 3678 nobis

144 3706 215 3761 “-
252 3711 426 3783 llbid.,
458 3734 509 3773 c.
542 3719 621 3789 8).
651 3718 709 3774 Si
744 3736 847 3791 qua
885 3736 1028 3791 ergo.
1064 3717 1254 3775 Omnis
1301 3733 1432 3790 ergo
1482 3734 1616 3772 nova
1718 3725 2093 3779 constitutum.
2129 3720 2546 3776 Similitudinem
2576 3717 2761 3773 carnis
2810 3716 3047 3789 peccati,
3099 3716 3151 3769 in
3185 3730 3291 3785 qua

92 3809 313 3869 creatura,
345 3808 533 3878 idest,
570 3813 797 3881 populus
842 3813 1132 3868 innovatur
1172 3827 1269 3882 per
1321 3811 1505 3876 ﬁdem,
1559 3819 1617 3865 ut
1698 3796 2010 3868 cruciﬁxus
2037 3818 2139 3876 est,
2172 3806 2586 3863 demonstravit.
2638 3804 2765 3861 llaec
2807 3813 2891 3860 est
2941 3803 3032 3857 illa
3082 3803 3292 3874 iustitia

93 3884 248 3974 habent
270 3894 473 3955 interim
509 3902 567 3956 in
598 3917 724 3972 spe,
749 3903 891 3973 quod
912 3904 965 3958 in
987 3918 1046 3958 re
1068 3914 1253 3974 postea
1280 3901 1613 3973 perﬁciatur.
1721 3905 1837 3970 Dei,
1863 3920 1968 3958 non
1991 3918 2093 3974 qua
2111 3902 2419 3973 ipsejustus
2441 3909 2545 3966 est,
2571 3899 2663 3955 sed
2690 3914 2797 3970 qua
2836 3914 2934 3954 nos
2965 3898 3034 3955 ab
3057 3913 3120 3953 eo
3138 3897 3286 3953 lacti.

92 3972 133 4066 in
156 3978 339 4041 Christo
371 3988 535 4048 habet
566 3993 732 4047 etiam
760 3972 881 4066 [al.,
904 3993 1040 4066 jam]
1069 3972 1291 4064 quodin
1323 4008 1380 4049 se
1412 4002 1612 4065 sperat.
1746 3994 1751 3997 “
1788 3995 1879 4051 26.
1922 3972 2440 4049 [Λιξειιξιέεεαιαηι
2488 3990 2629 4059 fecit.
2683 3986 2827 4045 Ordo
2877 4002 2893 4041 :
2946 3987 3086 4043 Deus
3129 3987 3294 4043 Pater

91 4062 236 4135 "aque
276 4086 445 4134 vetera
498 4062 833 4138 transiero—nt
878 4062 1170 4139 secundum
1218 4098 1368 4153 spem
1399 4125 1414 4148 ,
1441 4062 1455 4065 ⁷
1489 4082 1615 4153 quia
1648 4069 1691 4125 Β
1716 4084 1989 4141 Christum
2018 4092 2319 4154 peccatum,
2352 4081 2405 4135 id
2432 4088 2536 4144 est,
2562 4079 2791 4134 hostiam
2831 4092 2929 4147 pro
2956 4086 3198 4146 peccato,
3232 4086 3293 4130 ut

93 4159 218 4214 inodo
234 4162 331 4231 iam
357 4183 457 4225 non
495 4181 711 4242 tempus
742 4172 952 4228 Veteris
973 4171 1327 4239 Testamenti,
1356 4189 1463 4243 quo
1489 4183 1615 4229 tem-
1715 4192 1812 4231 nos
1841 4173 2469 4243 eﬂiceremurjustilicati
2501 4172 2557 4227 in
2583 4171 2719 4241 ipso,
2744 4170 2795 4225 id
2817 4180 2923 4235 est,
2955 4169 3008 4223 in
3036 4169 3138 4224 ﬁde
3162 4167 3288 4223 Jesu

93 4251 235 4312 POrale
252 4265 300 4310 et
327 4263 543 4318 carnale
573 4280 794 4335 regnum
828 4275 1169 4334 exspectetur
1190 4281 1217 4317 a
1245 4266 1450 4321 Deozet
1474 4262 1613 4320 facta
1712 4266 1931 4322 Christi.

94 4350 191 4393 sunt
239 4350 402 4404 omnia
451 4368 593 4410 nova
653 4355 948 4410 secundum
1011 4356 1256 4410 eamdem
1318 4370 1491 4425 spem,
1556 4364 1615 4409 ut
1781 4358 1932 4415 CAP.
1964 4357 2051 4414 Vl.
2085 4386 2157 4399 —
2187 4359 2240 4412 1.
2280 4356 2483 4411 Lasrn.
2507 4353 2748 4409 Gratiam
2774 4351 2888 4405 Dei.
2920 4348 3164 4406 Gratiam
3193 4348 3288 4405 Dei

95 4438 274 4498 ῖθεηιιω
316 4440 599 4509 caelorum,
646 4444 739 4501 ubi
792 4444 939 4500 nulla
973 4445 1082 4501 erit
1122 4460 1268 4501 mors
1299 4454 1460 4516 atque
1489 4459 1615 4501 coro
1710 4458 1868 4504 vocat
1896 4447 2267 4503 remissionem
2298 4454 2683 4517 peccatorum;
2742 4457 2906 4514 quam
2956 4441 3012 4496 in
3057 4454 3286 4495 vacuum

96 4523 255 4591 ηβιίο.
279 4534 598 4599 promissum
635 4545 940 4594 teneamus.
1711 4539 1924 4610 recipit,
1984 4538 2231 4610 quisquis
2272 4552 2330 4594 se
2376 4538 2430 4591 in
2486 4536 2641 4590 bonis
2668 4526 2944 4604 'operibus
2971 4540 3155 4604 postea
3181 4545 3286 4585 non

144 4611 218 4707 29.
251 4620 475 4682 Alanos.
518 4626 712 4682 Omnia
740 4638 915 4684 autem
954 4645 1019 4684 ea:
1058 4629 1188 4684 Deo.
1226 4627 1483 4698 Quamvis
1513 4643 1613 4685 nos
1709 4638 1946 4707 egercet.

97 4694 298 4765 Christus
317 4717 624 4783 redemerit,
648 4718 829 4775 omnia
850 4726 1031 4775 tamen
1055 4735 1121 4775 ex
1745 4694 1836 4776 ’2.
1877 4720 1961 4773 Ait
1990 4720 2148 4774 enim.
2187 4717 2244 4774 In
2290 4717 2425 4773 Isaia
2478 4716 2558 4773 sic
2600 4715 2885 4787 loquitur:
2943 4712 3012 4768 In
3060 4722 3289 4782 tempore

145 4790 219 4882 21.
240 4800 459 4863 Aucrsr.
484 4808 703 4879 (Enarr.
727 4809 783 4866 in
805 4809 940 4879 psal.
961 4825 1147 4876 uvm,
1172 4809 1362 4867 concio
1394 4810 1447 4877 1,
1476 4817 1605 4865 tom.
1709 4811 1902 4882 placito
1922 4809 2165 4865 exaudiui
2195 4817 2285 4875 te;
2339 4816 2387 4862 et
2424 4808 2480 4861 in
2512 4806 2597 4860 die
2631 4804 2819 4860 salutis
2856 4792 3146 4861 autiliatus
3167 4817 3284 4856 sum

98 4876 228 4972 illi).
263 4876 510 4957 Quoniam
536 4901 744 4971 quidem
775 4876 934 4969 Deus,
968 4903 1129 4969 Deus,
1175 4902 1369 4972 inquit,
1400 4876 1521 4958 erat
1554 4902 1608 4957 in
1709 4876 1806 4958 iui.

99 4968 270 5065 Christo
291 4968 927 5049 mundumvreconcilians
949 4994 1070 5060 sibi,
1097 4995 1222 5065 quia
1244 4968 1466 5048 i’erlmm
1487 5009 1609 5047 caro
1780 4996 1833 5052 3.
1879 4995 2125 5065 Tempore
2170 5002 2399 5063 accepto,
2427 4999 2532 5047 etc.
2566 4988 2777 5046 Diceret
2810 4987 2932 5059 quis
2963 4986 3113 5041 :Est
3151 4995 3281 5039 tunc

101 5057 255 5157 ("im
279 5085 369 5142 est,
388 5090 434 5133 et
455 5081 706 5137 habitavit
735 5084 791 5138 in
818 5084 965 5140 nobis
994 5100 1014 5139 :
1042 5057 1233 5140 tit-non
1265 5083 1436 5141 solum
1467 5082 1610 5139 Deus
1709 5085 1910 5156 aliquid
1940 5057 2115 5157 gratia
2143 5083 2237 5138 Dei
2260 5057 2431 5146 ‘t'Est,
2457 5081 2582 5150 quia
2614 5057 2873 5134 exaudire
2903 5075 3113 5132 Domini
3144 5083 3286 5128 tem-

100 5154 237 5249 mj‘.”
258 5177 405 5233 me“
434 5173 529 5228 ⁵θά
553 5174 718 5231 “iam
743 5174 860 5246 ίρεθ
895 5176 1037 5232 Παῦε
1054 5183 1219 5233 θεεθιο
1709 5154 1841 5249 pore
1887 5154 2132 5248 accepto,
2183 5187 2237 5232 et
2282 5174 2540 5244 adjuvare
2567 5182 2670 5229 est.
2721 5170 2788 5227 Et
2833 5170 2937 5225 hoc
2964 5168 3156 5238 probat
3213 5166 3281 5221 ab

150 5242 223 5299 Ὧι
258 5250 481 5317 Aucvsr.
531 5262 730 5335 (Tract.
764 5242 845 5322 ἰι
878 5268 934 5321 in
981 5266 1215 5335 Joann.,
1266 5275 1392 5322 ante
1440 5267 1607 5333 med.,
1709 5242 1921 5332 eﬂeclu,
1946 5242 2071 5336 quia
2092 5260 2314 5320 exaudit
2338 5242 2395 5318 et
2424 5259 2661 5332 adjuvat.
2689 5258 2822 5314 Item
2862 5257 2966 5312 hoc
2995 5255 3065 5310 ab
3094 5258 3280 5309 aucto-

104 5335 321 5430 .lom.-IX).
350 5348 686 5412 Obsecramus
707 5372 802 5427 pro
827 5357 1058 5415 Christo.
1092 5359 1437 5414 Obsecramus
1454 5399 1470 5424 ,
1496 5358 1608 5430 98
1645 5423 1676 5430 _
1714 5359 1872 5414 ritate
1904 5376 1918 5411 :
1957 5335 2070 5426 ipse
2093 5355 2237 5411 enim
2263 5353 2420 5417 dixit,
2447 5353 2714 5422 Tempore
2736 5357 2976 5417 accepto,
3006 5356 3113 5401 etc.

102 5423 258 5521 inquit,
300 5453 385 5505 pro
428 5443 658 5513 Christo,
690 5423 743 5504 id
788 5457 892 5515 est,
950 5458 1204 5521 tanquam
1238 5465 1333 5504 vos
1356 5423 1606 5505 Christi;
1632 5423 1679 5487 θ
1780 5450 1835 5505 4.
1868 5423 2106 5505 Asianos.
2135 5447 2344 5503 Nemini
2373 5448 2575 5500 dantes.
2604 5444 2893 5511 Vigilantia
2932 5455 3027 5496 sua
3063 5455 3281 5495 omnem

104 5511 317 5611 θδῗθθτθι·
347 5532 507 5600 Quid?
534 5541 953 5595 reconciliamini
992 5511 1120 5598 Deo.
1712 5550 1957 5611 amputat
1989 5539 2365 5605 oﬂ‘ensionem,
2393 5554 2462 5592 ne
2484 5536 2841 5592 ministerium
2870 5532 2987 5603 ejus
3013 5532 3281 5602 vitupere-

157 5607 230 5667 23.
260 5620 855 5687 Auanos.0bsecramus.
878 5632 1003 5688 Ideo
1028 5633 1301 5701 obsecrat,
1335 5650 1402 5690 ne
1425 5633 1603 5704 aliqua
1713 5607 1832 5702 turi;
1858 5634 2259 5704 vituperaretur
2287 5633 2453 5699 enim,
2485 5631 2531 5687 si
2578 5644 2697 5701 quae
2727 5627 2965 5695 doceret,
3023 5627 3277 5697 opeiibus

111 5703 376 5777 “'Biiseatia
400 5725 667 5782 medicina
698 5727 866 5799 gratia
896 5727 1091 5785 ellcctu
1118 5739 1322 5797 careat,
1351 5729 1603 5799 quoniam
1713 5742 1817 5781 non
1840 5727 2149 5799 compleret.

482 5815 749 5881 Psrnoc.
796 5818 914 5885 CL.
2726 5817 2767 5877 8
