3964 6290
514 266 632 324 135
1288 334 1291 335 ν
1541 254 1598 325 Β.
1642 249 2030 335 LANFBANCI
2072 244 2773 307 CANTHARAILCHIEP.
3663 245 3777 302 9.36

515 369 1129 452 gustiis,,compedibus,
1156 366 1233 424 vel
1255 367 1375 421 aliis
1405 364 1647 431 vinculis,
1687 364 1740 419 in
1767 359 2027 443 plagis,in
2055 360 2385 441 carceribus,
2414 357 2469 412 5.
2494 358 2545 412 in
2567 357 2944 423 seditionibus,
2968 353 3019 412 6.
3045 355 3097 412 in
3126 353 3421 421 laboribus,
3454 355 3781 423 voluntariis,

512 449 598 528 uel
610 470 824 534 coactis,
848 468 901 522 in
918 463 1139 536 vigiliis,
1155 461 1397 516 similiter
1418 458 1491 514 vel
1512 454 1933 520 voluntariis,uel
1956 453 2167 515 coactis,
2195 451 2247 505 in
2270 450 2523 522 jejuniis:
2544 450 2875 505 exltibeamus
2899 466 3010 516 nos,
3027 449 3491 523 inquam,990ei
3519 450 3786 505 ministros

515 568 572 623 in
603 567 875 638 castitate,
905 562 959 617 in
989 561 1235 626 scientia,
1258 560 1382 630 legis
1410 568 1457 613 et
1487 554 1780 625 Evangelii,
1809 555 1860 607 7.
1888 553 1942 607 in
1967 552 2398 623 longanimitate,
2427 551 2483 631 in
2508 551 2887 620 exspectatione
2905 551 3280 620 promissorum
3332 547 3449 616 Dei,
3500 564 3623 601 cum
3671 551 3783 604 ala.

516 665 701 718 critate
723 638 939 724 mentis,
963 659 1018 713 in
1043 657 1308 712 suavitate
1334 653 1528 721 (suavis
1552 660 1687 715 erat,
1713 649 1836 720 quia
1865 647 1999 702 sicut
2028 646 2302 717 arguebat,
2327 646 2401 699 ita
2428 655 2475 699 et
2498 643 2910 715 blandiebatur),
2940 643 2993 698 in
3029 644 3230 715 Spiritu
3281 656 3490 712 sancto,
3534 644 3590 699 in
3618 645 3790 699 chari-

523 765 638 812 ta'te
668 771 774 811 non
802 754 951 825 ﬁcta,
984 752 1035 806 in
1064 732 1229 808 verbo
1262 749 1509 805 veritatis
1538 746 1768 817 (verbum
1823 742 2053 797 veritatis
2080 743 2135 795 in
2162 742 2275 811 ejus
2305 740 2569 804 doctrina,
2596 740 2720 809 quia
2750 756 2851 794 non
2878 740 3023 793 aliud
3068 741 3331 809 tradebat,
3381 757 3543 812 quam
3600 757 3636 793 a
3676 739 3784 794 Deo

517 852 834 926 acceperat),
858 851 913 907 8.
940 850 995 906 in
1017 850 1216 904 virtute
1245 846 1361 912 Dei,
1396 845 1446 909 9,
1476 845 1566 908 10,
1598 843 1685 897 11.
1714 856 1812 911 per
1838 854 1988 894 arma
2012 839 2237 910 justitiat
2267 838 2353 893 12.
2379 854 2409 892 a
2433 838 2638 893 dextris
2664 847 2718 892 et
2751 852 2780 891 a
2805 837 3058 902 sinistris,
3077 837 3129 892 in
3147 838 3405 909 prosperis
3431 847 3479 891 et
3516 836 3576 891 in
3604 835 3788 890 adrer-

516 951 613 1016 sis,
629 934 739 1022 iper
763 947 989 1018 gloriam
1023 944 1254 1018 (exponit
1285 960 1317 997 a
1355 942 1553 996 dextris
1585 948 1631 993 et
1653 935 1952 1005 asinistris)
1985 946 2041 989 et
2065 935 2150 991 15.
2176 934 2593 1003 ignobilitatem;
2633 947 2731 1004 per
2767 932 3047 987 infamiam
3102 942 3158 988 et
3185 931 3383 998 bonam
3433 930 3660 995 famam,
3699 930 3785 995 14,

515 1055 579 1102 ιιι
599 1046 913 1115 seductores
937 1050 994 1098 et
1017 1055 1265 1106 veraces,
1295 1038 1435 1095 sicut
1461 1036 1552 1108 qui
1576 1034 1744 1105 ignoti
1768 1042 2021 1103 putamur
2054 1047 2157 1085 non
2184 1030 2326 1085 nosci
2354 1047 2386 1084 a
2410 1029 2539 1097 Deo,
2565 1037 2621 1084 et
2644 1028 2845 1098 cogniti
2879 1028 3006 1094 Deo,
3052 1027 3203 1098 quasi
3233 1027 3555 1091 morientes,
3582 1033 3640 1081 et
3660 1040 3785 1081 ecce

517 1145 773 1215 vivimus,
800 1141 855 1195 id
875 1150 974 1215 est,
1007 1134 1257 1201 libertati,
1286 1142 1345 1188 ut
1369 1130 1643 1202 castigati,
1665 1147 1697 1183 a
1730 1127 1859 1193 Deo,
1883 1126 1961 1182 vel
1984 1126 2048 1181 ab
2077 1127 2397 1192 hominibus,
2420 1136 2476 1182 et
2499 1141 2606 1194 npn
2636 1125 2967 1189 mortiticati,
3014 1124 3168 1195 quasi
3199 1125 3402 1190 tristes,
3449 1137 3671 1193 semper
3703 1140 3796 1178 als-

520 1255 632 1299 tem
667 1240 989 1315 gaudentes,
1018 1233 1160 1291 sicut
1189 1239 1432 1303 egentes,
1457 1229 1655 1284 multos
1686 1234 1868 1281 autem
1908 1223 2318 1307 locupletantes,
2359 1234 2612 1293 tanquam
2646 1222 2779 1278 nihil
2808 1220 3094 1285 habentes,
3123 1228 3178 1275 et
3205 1220 3387 1275 omnia
3442 1220 3565 1275 ideo
3623 1220 3793 1289 possi-

518 1334 863 1403 dentes.,15,
894 1333 983 1389 16.
1014 1329 1088 1387 Os
1114 1337 1360 1384 nostrum
1389 1333 1539 1397 patet
1562 1324 1629 1380 ad
1654 1338 1768 1388 vos,
1799 1322 1853 1375 id
1878 1330 1973 1387 est,
2000 1319 2165 1375 multa
2195 1320 2459 1391 loquimur
2482 1320 2644 1384 vobis,
2674 1334 2707 1373 ο
2733 1318 3021 1395 Corinthii,
3072 1332 3169 1373 cor
3216 1328 3461 1374 nostrum
3512 1316 3791 1375 dilatatam

518 1442 622 1499 est,
650 1432 726 1501 vel
752 1431 807 1486 in
826 1425 1191 1502 praedicando,
1214 1423 1290 1479 uel
1317 1424 1373 1479 in
1394 1421 1593 1478 dando.
1632 1420 1719 1476 17.
1752 1418 1839 1475 18.
1868 1417 1986 1473 Non
2016 1416 2402 1488 angustiamini
2430 1416 2483 1471 in
2508 1416 2694 1482 nobis;
2728 1414 2961 1485 exemplo
2996 1413 3161 1468 nostri
3211 1429 3314 1467 non
3342 1414 3466 1483 estis
3496 1415 3677 1479 avari;
3701 1429 3792 1467 an-

519 1525 837 1599 gustiamini
866 1533 1049 1579 autem
1074 1522 1129 1577 in
1154 1520 1454 1577 visceribus
1480 1516 1696 1582 vestris,
1721 1515 1776 1570 id
1803 1522 1901 1580 est,
1929 1530 1961 1567 a
1989 1512 2129 1567 vobis
2158 1512 2426 1582 accepistis
2447 1510 2579 1565 illud
2607 1512 2787 1565 vitium
2814 1531 2831 1568 :
2861 1507 3547 1573 eamdem’atttem,scilicet
3572 1525 3729 1579 quam
3748 1519 3794 1562 et

520 1598 616 1672 nos
651 1616 908 1679 homines,
943 1610 1208 1668 habentes
1238 1608 1534 1681 (diasirtica
1563 1601 1843 1666 locutione)
1876 1599 2366 1657 remunerationem
2398 1602 2483 1667 (ne
2508 1608 2751 1667 putarent
2782 1598 2978 1652 iranice
3005 1598 3203 1655 dixisse
3225 1600 3393 1671 addit)
3419 1602 3506 1656 19.
3532 1609 3786 1671 tanquam

522 1715 650 1770 tiliis
681 1714 826 1779 dico,
860 1708 1160 1767 dilatamini
1192 1714 1248 1762 et
1277 1720 1396 1772 vos,
1424 1711 1584 1758 estote
1615 1699 1958 1769 benigniores.
1993 1695 2169 1751 Nolite
2198 1694 2387 1766 iugum
2416 1694 2656 1750 avaritia:
2676 1695 2875 1749 ducere
2898 1711 3019 1749 cum
3038 1695 3365 1762 inﬁdelibus,
3416 1697 3471 1751 id
3493 1706 3594 1762 est,
3636 1696 3792 1775 nolite

522 1810 720 1865 similes
742 1770 850 1865 esse
873 1806 1197 1877 infidelibus.
1221 1803 1353 1870 Quae
1381 1770 1525 1854 etiim
1553 1794 1900 1868 participatio
1917 1790 2141 1861 iustitia“:
2163 1790 2462 1862 (qualitates
2512 1806 2606 1860 pro
2645 1790 2911 1861 qualibus)
2951 1806 3073 1845 cum
3116 1792 3275 1862 ιω
3318 1789 3643 1861 iniquitate?
3688 1770 3792 1842 Aut

522 1923 641 1977 qua:
662 1907 897 1962 societas
924 1903 1064 1958 lucis
1087 1902 1153 1955 ad
1186 1896 1478 1954 tenebras?
1501 1895 1631 1962 Qua:
1656 1900 1835 1947 autem
1859 1889 2148 1946 conventio
2174 1888 2372 1944 Christi
2423 1887 2491 1942 ad
2520 1885 2723 1942 Belial?
2770 1889 2876 1941 Aut
2908 1902 3028 1958 quae
3051 1903 3177 1958 pars
3210 1886 3352 1943 ﬁdeli
3384 1902 3507 1942 cum
3551 1884 3790 1940 inﬁdeli?

522 2003 629 2071 Qui
652 2011 832 2059 autem
863 2013 1165 2056 consensus
1191 1994 1388 2063 templo
1415 1992 1510 2047 Dei
1540 2005 1663 2045 cum
1694 1988 1885 2044 idolis?
1912 1986 2002 2041 20.
2037 1986 2148 2042 Vos
2174 1986 2319 2040 enim
2351 1985 2484 2040 estis
2529 1984 2784 2055 templum
2826 1983 2924 2039 Dei
2970 1984 3097 2049 vivi,
3129 1985 3268 2040 sicut
3305 1983 3438 2039 dicit
3476 1981 3621 2036 Deus
3660 2000 3673 2035 :
3707 1979 3793 2035 2t.

524 2098 790 2166 Quoniam
817 2095 1130 2152 inhabitabo
1174 2094 1226 2149 in
1260 2091 1389 2157 illis,
1414 2087 1469 2145 et
1490 2087 1837 2144 inambulabo
1860 2088 2004 2143 inter
2034 2100 2151 2150 eos,
2187 2093 2241 2141 et
2260 2100 2357 2141 ero
2384 2084 2598 2140 illorum
2628 2084 2791 2151 Deus,
2826 2091 2883 2139 et
2920 2083 3021 2154 ipsi
3051 2094 3209 2139 erunt
3256 2084 3388 2139 mihi
3419 2081 3672 2154 populus.
3708 2080 3790 2135 εξ.

524 2194 759 2267 Propter
788 2193 951 2265 quod,
979 2193 1103 2264 quia
1134 2170 1379 2259 templum
1406 2185 1501 2241 Dei
1529 2172 1676 2251 estis,
1699 2184 1846 2240 exite
1872 2191 2039 2236 mente
2070 2181 2137 2238 de
2160 2179 2338 2236 medio
2367 2194 2577 2245 eorum,
2608 2188 2664 2235 et
2697 2178 3024 2250 separamini
3050 2219 3064 2245 ,
3095 2178 3229 2234 dicit
3277 2176 3545 2234 Dominus
3598 2193 3612 2231 :
3636 2174 3792 2231 nolite

1876 2294 2449 2355 COMMENTARIUS.

580 2410 648 2466 .5.
687 2407 753 2463 la
785 2404 1142 2462 seditionibus.
1167 2401 1225 2456 ln
1249 2408 1455 2455 tantum
1486 2398 1594 2453 Deo
1628 2395 1854 2450 devotus
1878 2400 1998 2446 erat
2044 2400 2105 2444 ut
2136 2397 2180 2453 Α
2211 2399 2397 2455 tatem,
2442 2388 2497 2444 id
2524 2395 2610 2445 est
2651 2387 2937 2457 vilitatem,
2979 2387 3024 2443 si
3058 2388 3214 2444 «viles
3264 2386 3432 2443 habiti
3491 2386 3686 2451 simus,
3732 2401 3795 2442 ne

527 2517 627 2557 nec
679 2498 874 2556 seditio
916 2494 1204 2560 ﬁduciam,
1251 2505 1413 2561 quam
1461 2490 1514 2544 in
1557 2488 1667 2543 Deo
1700 2484 1951 2548 habebat,
2010 2481 2113 2535 mi-
2209 2478 2541 2551 l‘rangamur.

526 2600 736 2647 nueret.

577 2684 650 2740 ιϐ.
692 2682 760 2737 In
793 2676 1079 2753 laboribus.
1116 2674 1365 2731 Manibus
1390 2672 1536 2727 enim
1564 2669 1865 2735 laborabat,
1913 2682 1981 2723 ne
2022 2667 2110 2722 cui

525 2776 706 2848 gravis
734 2781 899 2829 esset.

598 2870 652 2922 7.
687 2868 928 2919 Αδωιιοε.
963 2861 1028 2915 1η
1066 2857 1482 2929 longanimitate.
1526 2852 1762 2909 Grandis
1792 2850 1959 2905 animi
1992 2842 2113 2903 eral-

531 2963 582 3013 in
624 2955 932 3028 bajulandis
965 2949 1369 3007 inﬁrmitatibus
1398 2948 1667 3021 fratrum.
2136 3004 2141 3007 Α

599 3048 652 3103 8.
688 3046 757 3101 In
782 3046 966 3113 uirtute
998 3042 1109 3096 Dei.
1142 3041 1328 3095 Virtus
1362 3039 1412 3092 in
1439 3050 1503 3091 eo
1530 3041 1673 3100 erat,
1701 3048 1821 3104 quae
1840 3048 1936 3103 per
1962 3032 2115 3102 signa

529 3151 583 3195 et
603 3137 847 3209 prodigia
874 3136 1123 3211 idoneum
1148 3146 1208 3185 se
1240 3129 1551 3184 ministrum
1577 3125 1864 3196 probabat.

601 3231 657 3286 9.
688 3226 795 3281 Per
821 3242 971 3280 arma
990 3223 1234 3293 justitt'te.
1285 3219 1538 3277 Liberum
1568 3231 1626 3271 se
1654 3214 1823 3269 fuisse
1851 3213 2120 3285 signiﬁcat

532 3321 783 3377 ﬁdelibus
807 3326 861 3372 et
899 3312 1212 3377 incredulis,
1236 3310 1361 3365 dum
1390 3309 1475 3364 his
1502 3307 1596 3378 qui
1629 3305 1980 3375 Evangelium
2001 3303 2119 3374 glo—

534 3406 872 3474 riam,eteis
899 3404 989 3474 qui
1042 3399 1435 3473 ignobilitatem
1483 3397 1767 3468 putabant,
1815 3403 1869 3449 et
1912 3394 1996 3448 his
2030 3392 2120 3462 qui

524 3503 658 3557 ﬁdei
690 3500 885 3554 bonam
919 3497 1138 3571 famam,
1179 3502 1235 3548 et
1279 3492 1370 3562 qui
1413 3490 1610 3545 malam
1660 3487 1952 3552 faciebant,
1983 3486 2122 3540 inte-

532 3609 687 3665 grum
707 3602 763 3647 et
786 3598 1125 3650 constantem
1158 3600 1216 3640 se
1238 3582 1485 3655 prmbuit.

604 3686 691 3740 10.
725 3683 963 3755 Αυςυετ.
997 3679 1185 3750 (Enar.
1209 3678 1264 3729 in
1292 3676 1424 3746 psal.
1459 3690 1609 3737 xcm,
1642 3681 1771 3728 tom.
1806 3669 1961 3737 Vlll).
2020 3668 2127 3723 Per

2282 2571 2368 2626 14.
2405 2571 2474 2628 Ut
2497 2572 2818 2627 sedttctores.
2859 2570 3026 2640 Quasi
3056 2571 3262 2627 diceret
3294 2588 3306 2625 :
3340 2570 3457 2627 Non
3486 2580 3574 2625 est
3600 2570 3794 2625 miran-

2211 2663 2338 2719 dum
2368 2665 2413 2720 si
2442 2664 2810 2734 vituperantur
2834 2673 2889 2720 et
2914 2663 3199 2720 laudamur
3229 2704 3245 2731 ,
3297 2664 3425 2733 quia
3475 2662 3566 2719 alii
3610 2672 3796 2734 putant

2215 2770 2314 2809 nos
2352 2754 2686 2818 seductores,
2714 2752 2803 2807 alii
2832 2768 3078 2818 veraces,
3138 2762 3191 2807 et
3220 2753 3309 2807 alii
3333 2756 3691 2825 cognoscunt,
3743 2762 3796 2806 et

2215 2844 2306 2899 alii
2336 2845 2605 2910 nesciunt,
2638 2852 2693 2899 et
2718 2852 2913 2899 caetera
2944 2860 3062 2914 qua:
3083 2853 3404 2915 sequuntur.

2286 2935 2375 2991 15.
2405 2933 2477 2989 0s
2503 2945 2741 2989 nostrum
2762 2944 2900 3005 patet
2927 2935 2996 2989 ad
3022 2952 3129 2990 vos.
3163 2935 3459 3006 Redarguit
3516 2935 3793 2990 avaritiam

2217 3039 2429 3091 eorum,
2460 3032 2516 3078 et
2545 3023 2791 3079 diciteos
2817 3039 2847 3077 a
2908 3039 2969 3079 se
3017 3040 3124 3079 non
3181 3025 3455 3094 accepisse
3499 3024 3798 3080 tenacitatis

2218 3114 2544 3185 exemplum,
2570 3114 2691 3184 quia
2724 3129 2819 3170 cor
2848 3129 3006 3169 suum
3031 3115 3085 3169 in
3113 3114 3291 3169 dando
3323 3114 3559 3183 amplum
3587 3123 3644 3169 et
3665 3112 3793 3170 dila-

2221 3213 2393 3260 tatum
2421 3214 2531 3260 cst.
2759 3195 2763 3199 ’
3184 3192 3185 3195 “
3394 3186 3395 3189 “

2293 3296 2382 3350 16.
2408 3295 2647 3351 Αιωιιοε.
2690 3295 2762 3350 0s
2793 3306 3030 3353 nostrum
3055 3306 3195 3367 patet
3216 3296 3285 3350 ad
3316 3312 3422 3350 vos.
3452 3295 3563 3351 Hoc
3585 3294 3796 3350 liberta-

2224 3388 2293 3442 tis
2317 3402 2481 3442 causa
2514 3387 2773 3456 loquitur,
2808 3398 2861 3441 et
2887 3402 3036 3457 pura:
3079 3387 3447 3442 conscientiae.
3492 3386 3629 3445 Male
3679 3384 3791 3459 [al.,

2226 3476 2381 3549 mali]
2415 3478 2559 3532 enim
2587 3478 2687 3531 sibi
2718 3479 2934 3534 conscia
2956 3493 3110 3533 mens
3126 3478 3268 3549 loqui
3305 3478 3556 3548 trepidat,
3584 3494 3793 3551 sensum

2225 3568 2421 3637 perdit,
2458 3568 2511 3622 in
2542 3568 2722 3623 verbis
2747 3577 2914 3623 errat.

2296 3659 2382 3713 17.
2414 3656 2537 3713 Non
2557 3659 2951 3728 angustiantini.
2986 3658 3117 3721 lloc,
3148 3658 3301 3724 dicit,
3326 3674 3432 3713 non
3465 3667 3586 3714 erat
3633 3614 3801 3729 magi}

535 3792 709 3828 arma.
738 3754 942 3827 Malitia
964 3733 1109 3824 enim
1138 3766 1449 3836 iniquorum
1476 3763 1696 3819 sinistra
1720 3769 2013 3835 suntarma
2031 3743 2131 3827 ju¥
2155 3733 2198 3792 Β
2228 3750 2355 3805 stris
2377 3751 2781 3816 ascribendum,
2809 3750 2852 3805 si
2885 3750 3131 3821 discipuli
3162 3750 3301 3805 male
3325 3750 3799 3821 uteretttur,,quia

536 3879 770 3930 storunt,
796 3865 938 3918 sicut
966 3861 1106 3915 idem
1139 3859 1272 3913 dicit
1307 3875 1320 3910 :
1350 3854 1455 3910 Per
1483 3869 1632 3908 arma
1653 3852 1879 3921 justitia:
1908 3850 2121 3909 dextera

536 3968 585 4011 et
612 3957 848 4020 sinistra,
876 3953 928 4009 id
957 3961 1061 4018 est,
1089 3964 1186 4020 per
1217 3948 1443 4019 gloriam
1474 3953 1529 3998 et
1560 3940 1991 4012 ignobilitatem;
2040 3948 2122 3993 at-

538 4063 647 4116 que
676 4045 750 4099 ita
771 4044 1025 4113 deinceps
1057 4048 1254 4097 cuncta
1302 4035 1641 4105 exsequitur.
1690 4032 1920 4087 Dextera
1971 4044 2121 4083 arma

539 4140 918 4210 demonstrans
960 4130 1186 4205 gloriam
1215 4171 1230 4197 ,
1286 4128 1484 4183 bonam
1541 4123 1761 4190 famam,
1814 4122 2121 4187 veritatem,

538 4230 681 4300 quod
697 4227 818 4303 [al.,
847 4224 979 4299 qua]
1004 4220 1491 4294 cognoscebantur,
1518 4216 1661 4286 quod
1683 4214 1956 4279 videbant,
1980 4213 2124 4283 quod

537 4336 645 4378 non
677 4319 1164 4389 mortiﬁcabantur,
1188 4309 1332 4381 quod
1360 4306 1689 4380 gaudebant,
1746 4304 1893 4377 quod
1924 4304 2126 4361 multos

539 4411 808 4475 ditabant,
853 4407 997 4477 quod
1039 4402 1219 4460 omnia
1269 4398 1635 4470 possidebant.
1688 4395 1922 4452 Sinistra
1967 4409 2154 4460 vero,.

540 4504 683 4573 quod
706 4501 969 4573 ignobiles
998 4506 1054 4553 et
1075 4494 1229 4550 malae
1256 4491 1414 4546 fama:
1438 4491 1802 4565 habebantur,
1850 4487 1991 4557 quod
2043 4500 2126 4540 se-

542 4597 797 4651 ductores
840 4591 1209 4664 putabantur,
1264 4585 1407 4654 quod
1464 4582 1872 4653 ignorabantur,
1917 4579 2153 4653 occide-v

540 4686 760 4751 bantur,
795 4680 1209 4743 coercebantur,
1233 4673 1718 4737 contristabantur,
1750 4684 1912 4738 egere
1940 4684 2003 4724 ac
2038 4669 2129 4751 qni-

540 4776 621 4834 hil
646 4778 851 4834 habere
871 4773 1213 4830 videbantur.

617 4870 706 4925 ll.
736 4869 942 4924 Ltnrn.
972 4862 1078 4917 Per
1107 4878 1280 4916 artua.
1305 4858 1408 4915 Per
1431 4872 1579 4913 arma
1605 4855 1829 4926 iustitia:
1869 4854 1915 4910 si
1940 4854 2129 4910 muniti

552 4962 608 5015 in
634 4957 910 5031 prosperis
938 4962 994 5009 et
1015 4951 1288 5015 adversis,
1352 4956 1408 5004 et
1444 4946 1558 5002 sive
1585 4944 1803 5018 gloriosi
1834 4945 1947 5002 sive
1972 4943 2128 5005 viles.

548 5068 663 5117 seu,
699 5052 928 5107 infames
952 5046 1064 5102 sive
1088 5045 1243 5100 bona)
1278 5040 1435 5096 fama:
1492 5038 1803 5093 babeamur.
2150 5073 2205 5134 .C

2223 3841 2364 3911 quod
2388 3841 2686 3909 pertineret
2710 3839 2775 3894 ad
2805 3840 3093 3910 magistros
3115 3855 3219 3894 non
3250 3839 3503 3895 tacuerit.

2295 3931 2381 3985 18.
2414 3928 2616 3983 Lsurn.
2651 3927 2775 3982 Non
2801 3929 3195 3998 angustiamini.
3222 3928 3273 3983 ιιι
3298 3938 3405 3993 est,
3431 3930 3487 3983 in
3515 3928 3667 3984 nobis
3698 3942 3796 3980 non

2223 4021 2418 4076 videtis
2456 4022 2719 4093 angustia:
2762 4030 2816 4076 ct
2862 4020 3171 4089 tenacitatis
3196 4018 3527 4089 exemplum,
3579 4020 3669 4096 sed
3705 4019 3801 4072 hu-

2220 4114 2307 4183 jus
2339 4115 2456 4169 vitii
2489 4114 2662 4169 fomes
2686 4123 2768 4170 est
2797 4115 2847 4168 in
2875 4112 3176 4169 visceribus
3206 4096 3419 4166 vestris.

2299 4205 2385 4261 19.
2448 4204 2718 4278 Tanquam
2773 4205 2899 4274 ﬁliis
2954 4205 3092 4258 dico.
3125 4203 3311 4259 Ordo:
3357 4202 3633 4273 Tanquam
3683 4201 3799 4255 ﬁliis

2226 4296 2349 4377 dico
2417 4297 2678 4356 habentes
2732 4298 2975 4352 eamdem
3022 4296 3515 4352 remunerationem
3562 4296 3796 4367 scilicet,

2226 4377 2388 4465 quam
2417 4406 2515 4446 nos
2545 4391 2824 4445 habemus.
3062 4444 3069 4449 ,
3194 4444 3215 4463 η,
3548 4446 3555 4457 ,
3611 4451 3615 4459 ν

2295 4484 2388 4539 20.
2425 4481 2529 4537 Vos
2558 4480 2695 4535 enim
2723 4481 2843 4534 estis
2874 4464 3143 4544 templum.
3194 4477 3397 4533 Probat
3451 4476 3595 4548 quia
3622 4476 3797 4547 jugum

2229 4575 2428 4629 ducere
2451 4588 2573 4626 cum
2607 4556 2939 4643 inﬁdelibus,
2973 4568 3398 4637 tequipolleuter.
3429 4566 3644 4643 Nullum
3673 4575 3795 4643 tetu-

2229 4666 2374 4734 plum
2405 4662 2498 4717 Dei
2536 4648 2694 4716 debet
2716 4661 2920 4715 habere
2954 4674 3281 4715 consensum
3333 4673 3455 4712 cum
3500 4642 3685 4731 idolis;
3712 4670 3803 4710 vos

2150 4814 2153 4817 ,
2229 4761 2408 4809 autem
2438 4752 2569 4808 estis
2611 4750 2889 4820 templum,
2942 4748 3067 4819 quia
3122 4749 3235 4817 ipse
3279 4746 3488 4800 habitat
3540 4748 3592 4801 iu
3637 4746 3794 4801 vobis.

2231 4845 2347 4914 Ipse
2371 4843 2516 4923 enim
2540 4840 2715 4895 dixit:
2749 4838 3071 4894 lnhabitabo
3095 4837 3146 4891 in
3172 4830 3344 4891 vobis.
3404 4836 3633 4907 Propter
3666 4833 3799 4906 quod

2232 4937 2375 4991 exite
2402 4935 2467 4989 de
2504 4932 2685 5013 medio
2716 4923 3006 4995 ebrum,id
3028 4924 3137 4994 est,
3160 4944 3286 5000 ergo
3314 4928 3481 4983 nolite
3494 4928 3679 4999 jugum
3704 4927 3796 4981 du-

2235 5040 2357 5104 cere
2381 5039 2502 5081 cum
2531 5022 2856 5079 inﬁdelibus.
2891 5021 3076 5079 Utitur
3104 5031 3284 5076 autem
3320 5020 3502 5075 verbis
3524 5020 3793 5090 propheta:

623 5143 713 5198 12.
743 5135 1100 5198 A'dextriset
1124 5151 1156 5188 a
1182 5131 1431 5205 sinistris.
1466 5128 1832 5209 Exhibeamus
1877 5142 1999 5192 nos,
2026 5125 2131 5182 sci—
2154 5116 2205 5189 \"
2236 5132 2335 5188 pro
2366 5116 2499 5172 suis.

547 5236 679 5292 licet
696 5231 793 5289 Dei
818 5228 1096 5297 ministros
1128 5223 1407 5281 habendos
1428 5220 1714 5292 justitiam,
1737 5218 1887 5288 quasi
1917 5217 2129 5281 libram,
2158 5278 2159 5285 γ

549 5337 738 5383 utnon
766 5319 1098 5393 pendeamus
1126 5319 1181 5372 in
1207 5319 1351 5373 hanc
1377 5323 1607 5389 partem,
1637 5311 1721 5367 vel
1754 5312 1807 5365 in
1866 5310 2031 5374 hanc,
2077 5308 2129 5361 id

550 5410 672 5485 est,
707 5430 817 5479 non
844 5412 1157 5481 frangamur
1198 5410 1478 5475 adversis,
1532 5421 1632 5461 nec
1681 5403 1954 5458 elevemur
2003 5414 2130 5470 pro-

552 5523 747 5576 speras.

621 5544 1159 5667 .Ignobilitatem.
1201 5593 1305 5649 Per
1357 5590 1582 5660 gloriam
1628 5582 1981 5641 exhibeamus
2036 5544 2157 5636 nos.

550 5688 689 5746 sicut
720 5685 819 5747 Dei
850 5682 1149 5751 ministros,
1176 5698 1241 5737 ne
1269 5681 1631 5743 cxtollamur;
1664 5686 1715 5731 et
1743 5688 1839 5747 per
1889 5671 2134 5750 ignobili—

2307 5209 2395 5264 21.
2450 5208 2714 5273 Quoniam
2767 5205 3093 5261 inhabitabo.
3132 5204 3197 5260 Et
3224 5202 3342 5259 Joel
3391 5205 3469 5259 sic
3503 5203 3671 5259 dicit:
3703 5196 3795 5252 Po-

2240 5320 2361 5358 nam
2391 5300 2785 5355 tabernaculum
2809 5316 2979 5353 meum
3011 5299 3064 5353 in
3086 5301 3184 5363 eis,
3233 5310 3278 5353 et
3307 5316 3401 5368 ego
3431 5313 3523 5353 ero
3552 5298 3625 5352 eis
3652 5295 3799 5357 Deus,

2239 5401 2286 5445 et
2321 5389 2419 5460 ipsi
2445 5398 2594 5442 erunt
2620 5387 2748 5441 milii
2770 5385 2991 5457 populus
3015 5384 3154 5456 (Joel
3194 5401 3254 5452 ll,
3280 5384 3394 5456 27).

2307 5482 2397 5536 22.
2428 5480 2653 5549 Propter
2676 5480 2816 5550 quod
2842 5472 2994 5533 exite.
3026 5478 3083 5533 ln
3113 5478 3250 5533 Isaia
3279 5479 3357 5533 sic
3381 5476 3580 5547 legitur
3612 5462 3791 5529 :Rece-

2230 5578 2359 5642 dite,
2400 5576 2641 5639 reccdite,
2694 5573 2827 5627 exite
2874 5573 3028 5638 inde;
3081 5573 3335 5642 pollutum
3390 5572 3548 5626 nolite
3606 5579 3795 5638 tangere

2234 5667 2369 5739 (lea.
2395 5682 2491 5732 ιιι,
2518 5665 2623 5736 ll).
