3880 6306
161 286 259 346 257
879 283 949 338 ιΝ
992 283 1056 339 D.
1088 284 1292 340 PAUJ
1334 282 1547 338 El‘lST.
1582 282 1936 339 COMMENT.
1974 316 1979 321 ο
2057 286 2273 342 EPIST.
2300 288 2342 342 ll
2368 289 2460 344 AD
2498 291 2652 346 COR.
3279 292 3388 352 138

152 405 317 473 iugum
343 382 530 455 ducere
554 415 666 455 cum
697 398 940 467 inﬁdeli:
960 400 1052 454 25.
1076 384 1149 454 et
1169 400 1501 453 immundtnn
1526 413 1593 453 ne
1617 397 1919 468 tetigeritis,
1943 399 1996 452 id
2026 411 2121 465 est,
2151 418 2212 455 ne
2233 405 2670 457 commisceamini
2690 404 2875 470 malis;
2905 420 3020 458 ecce
3080 406 3307 475 fructus,
3331 419 3413 479 et‘

158 509 244 566 ego
271 492 519 564 recipiam
556 507 666 561 vos,
705 503 761 549 et
780 509 876 550 ero
895 495 1046 551 vobis
1076 495 1128 549 in
1157 504 1386 564 patrem,
1410 502 1465 549 ct
1491 509 1585 549 vos
1605 494 1756 549 eritis
1792 494 1924 548 mihi
1947 495 2000 548 in
2025 494 2163 550 filios
2184 506 2236 552 et
2267 495 2426 561 tilias,
2455 498 2585 553 dicit
2618 498 2873 553 Dominus
2917 501 3276 570 omnipotens.

1582 603 1808 660 CAPUT
1850 604 1960 659 Vll.

214 713 315 769 Has
341 728 471 783 ergo
496 711 757 768 habentes
786 712 1171 783 promissiones
1200 712 1646 793 (scilicetrecipiet
1672 730 1763 767 nos
1793 715 1839 767 si
1860 713 2190 767 immundum
2219 728 2322 767 non
2352 714 2679 784 tangamus),
2706 713 3043 795 cbarissimi,
3073 717 3398 774 mundemus

156 828 241 867 nos
260 812 323 867 ab
341 813 486 866 omni
513 811 921 881 inquinamento
942 811 1124 865 carnis
1149 821 1204 865 et
1242 810 1467 880 spiritus
1484 850 1500 876 ,
1525 811 1580 863 id
1618 820 1725 874 est,
1757 810 1989 865 carnalis
2014 809 2146 875 vitii,
2185 818 2234 863 et
2265 807 2555 877 spiritualis
2597 809 2871 879 nequitiae,
2898 810 3241 878 perlicientes
3265 829 3392 869 san-

156 906 517 963 ctiﬁcationetn
549 906 711 961 nostri
738 907 793 960 in
831 901 1023 961 timore
1043 905 1169 971 Dei,
1198 906 1255 959 id
1283 915 1387 971 est,
1410 904 1730 975 perﬁcientes
1767 922 1850 971 ea,
1891 905 2079 976 quibus
2114 905 2282 958 sancti
2307 904 2611 973 eﬁiciamur.
2650 902 2839 973 Capite
2875 918 2975 959 nos
3011 906 3065 959 in
3104 908 3397 977 exemplum

159 1022 238 1075 per
257 1015 485 1059 nostram
532 1005 960 1059 admonitionem.
988 1005 1040 1059 1.
1062 1003 1342 1059 Neminem
1366 1004 1604 1059 laesimus
1632 1004 1763 1060 sicut
1790 1001 2214 1072 pseudoapostoli
2238 1001 2565 1056 subditorum
2604 1002 2737 1056 bona
2767 1002 3095 1068 devorando,
3125 1004 3397 1058 neminem

152 1118 292 1170 pravo
312 1101 474 1155 nostri
496 1100 733 1171 exemplo
759 1102 1123 1171 corrupimus,
1150 1102 1429 1157 neminem
1463 1100 1735 1155 adulando
1762 1099 2238 1155 circumvenimus.
2267 1099 2325 1153 2.
2362 1097 2477 1153 Non
2514 1098 2585 1152 ad
2622 1098 3126 1154 condemnationem
3158 1109 3419 1167 vestram

156 1196 279 1261 dico,
320 1208 423 1249 non
467 1195 589 1249 ideo
615 1196 732 1250 dico
772 1207 826 1250 ut
858 1196 1119 1266 aliquibus
1158 1197 1348 1250 horum
1376 1195 1663 1263 ltesissetis,
1701 1197 1839 1250 unde
1870 1212 1960 1250 vos
2002 1194 2361 1249 condemnem.
2398 1195 2453 1249 '5.
2497 1193 2853 1249 Praediximus
2889 1195 3034 1248 enim
3073 1196 3215 1263 quod
3246 1195 3300 1249 4.
3344 1195 3398 1249 in

154 1291 379 1347 cordibus
410 1292 613 1345 nostris
638 1291 770 1345 estis
798 1291 866 1346 ad
903 1290 1397 1358 commoriendum,
1425 1299 1479 1346 et
1510 1291 1579 1346 ad
1612 1290 2027 1357 convivendum,
2051 1291 2175 1361 quia
2210 1289 2372 1361 diligo
2405 1305 2496 1344 vos
2522 1291 2578 1343 in
2607 1299 2834 1356 tantum,
2867 1300 2921 1344 ut
2952 1291 3148 1357 vivere,
3171 1301 3222 1345 et
3255 1306 3398 1368 mori

154 1386 280 1438 velim
298 1384 584 1449 vobiscum,
620 1386 664 1440 si
691 1385 809 1455 ﬁeri
831 1396 1023 1455 posset.
1051 1385 1107 1440 5.
1133 1385 1298 1440 Multa
1327 1386 1460 1441 mibi
1487 1386 1681 1442 fiducia
1704 1395 1811 1451 est,
1836 1388 1977 1457 apud
2001 1401 2119 1451 vos,
2149 1386 2318 1440 multa
2342 1386 2473 1441 mihi
2498 1386 2747 1458 gloriatio
2776 1388 2917 1456 apud
2940 1387 3073 1442 alios
3097 1403 3195 1458 pro
3220 1388 3397 1452 vobis,

155 1481 367 1551 repletus
407 1496 529 1536 sum
578 1499 673 1551 pro
712 1483 851 1537 vobis
888 1482 1278 1549 consolatione,
1324 1484 1706 1554 superabundo
1743 1485 1941 1555 gaudio
1986 1493 2200 1554 propter
2228 1500 2314 1538 vos
2344 1484 2399 1538 in
2445 1483 2594 1539 omni
2639 1483 2982 1538 tribulatione
3027 1492 3232 1539 nostra.
3263 1483 3399 1538 Nam

153 1577 372 1645 (ostendit
401 1596 456 1633 se
476 1577 868 1634 tribulationem
905 1575 1173 1648 habuisse,
1201 1595 1324 1635 nam
1364 1580 1419 1633 in
1458 1579 1793 1647 Macedonia,
1815 1592 1862 1636 et
1887 1581 2039 1651 Asia)
2076 1590 2130 1636 et
2161 1596 2283 1649 cum
2314 1581 2649 1637 venissemus
2686 1582 2739 1636 in
2775 1581 3165 1645 Macedoniam,
3196 1582 3401 1636 nullam

156 1674 369 1743 requiem
400 1674 595 1729 habuit
637 1691 766 1731 caro
801 1685 1012 1742 nostra,
1046 1676 1141 1731 sed
1187 1692 1402 1732 omnem
1443 1676 1842 1732 tribulationem
1875 1679 2026 1747 101
2081 1677 2226 1747 passi
2266 1693 2473 1743 sumus,
2505 1678 2558 1732 6.
2590 1677 2721 1732 foris
2752 1692 2943 1747 pugnae
2970 1676 3034 1730 ab
3060 1675 3397 1758 inﬁdelibus.

155 1764 219 1816 rel
236 1766 284 1818 in
309 1782 420 1819 meo
450 1783 691 1837 corpore,
719 1768 769 1822 7.
806 1769 949 1823 intus
988 1769 1230 1823 timores.
1266 1768 1372 1823 Sed
1410 1770 1499 1838 qui
1522 1768 1831 1824 consolatur
1863 1765 2112 1833 humiles,
2143 1768 2451 1824 consolatus
2479 1779 2559 1824 cst
2591 1786 2688 1825 nos
2720 1770 2859 1825 Deus
2890 1770 2941 1823 in
2991 1768 3225 1823 adventu
3264 1769 3394 1823 Titi.

156 1857 251 1914 Non
286 1861 453 1915 solum
484 1871 671 1917 autem
694 1863 750 1917 in
780 1864 1012 1918 adventu
1041 1862 1180 1931 ejus,
1210 1862 1302 1918 sed
1326 1864 1491 1919 etiam
1521 1863 1574 1917 in
1606 1863 1999 1928 considatione,
2033 1878 2137 1933 qua
2168 1862 2478 1918 consolatus
2505 1872 2589 1918 est
2617 1863 2671 1916 in
2696 1863 2866 1929 vobis,
2890 1864 2946 1919 8.
2980 1863 3223 1919 referens
3246 1864 3417 1941 nobis

154 1964 364 2010 vestrum
395 1956 753 2022 desiderium,
776 1959 986 2013 videndi
1013 1975 1113 2023 nte,
1151 1968 1388 2013 vestrum
1417 1957 1599 2014 ﬂetum
1620 2000 1634 2024 ,
1658 1959 1951 2028 paenitendo
1972 1999 1987 2025 ,
2012 1967 2250 2013 vestram
2281 1960 2334 2014 9.
2371 1958 2766 2014 {mutilationem
2804 1975 2900 2027 pro
2929 1976 3013 2015 me
3032 2001 3046 2026 ,
3078 1960 3404 2016 addiscentes

154 2048 453 2115 clmritatem,
484 2049 567 2105 uel
592 2052 934 2107 imitationem
964 2053 1088 2117 mei,
1113 2052 1185 2106 ita
1206 2064 1258 2107 ut
1291 2070 1355 2107 ea:
1376 2055 1618 2109 missione
1647 2052 1920 2125 Epistolas,
1947 2054 2021 2108 vel
2046 2071 2110 2109 ea:
2128 2072 2286 2125 supra
2316 2055 2490 2123 dictis,
2522 2056 2692 2126 magis
2719 2056 3028 2126 gauderem.
3058 2056 3322 2123 Quoniam
3350 2067 3406 2111 et

156 2145 191 2197 si
213 2146 511 2202 contristavi
535 2162 635 2202 vos
664 2146 715 2200 in
747 2145 834 2200 10.
867 2146 1104 2216 Epistola
1143 2148 1335 2217 priore,
1366 2164 1470 2202 non
1496 2164 1581 2203 me
1608 2150 1761 2203 modo
1797 2151 2055 2220 poenitet;
2099 2146 2202 2205 etsi
2239 2152 2388 2221 prius
2421 2152 2744 2221 pmnitcrct,
2778 2153 2965 2207 videns
2993 2155 3132 2223 quod
3162 2152 3404 2224 Epistola

157 2238 231 2295 illa
260 2244 397 2312 prior
418 2245 544 2314 (etsi
579 2245 644 2299 ad
674 2241 886 2313 horam)
911 2257 1009 2299 vos
1035 2245 1395 2311 contristavit,
1424 2261 1564 2300 nunc
1594 2248 1822 2316 gaudeo,
1847 2263 1975 2311 non,
2006 2248 2097 2302 sed
2124 2263 2228 2302 non
2250 2258 2460 2318 propter
2486 2249 2605 2315 hoc,
2636 2249 2762 2320 quia
2794 2248 3100 2305 contristati
3130 2248 3283 2313 estis,
3308 2249 3405 2303 sed

157 2338 263 2403 quia
285 2340 595 2397 contristati
625 2341 759 2395 estis
782 2341 848 2395 ad
880 2330 1281 2411 paenitentiam.
1319 2344 1404 2397 11.
1426 2342 1744 2399 Contristati
1775 2346 1919 2399 enim
1945 2347 2079 2403 estis
2103 2347 2400 2402 secundum
2434 2349 2626 2415 Deum,
2658 2355 2718 2404 ut
2753 2348 2806 2404 in
2837 2348 3016 2415 nullo,
3040 2348 3180 2418 quod
3204 2362 3407 2417 prteceo

158 2430 310 2499 pimus
329 2431 411 2498 12,
444 2432 533 2487 15.
575 2434 957 2491 detrimentum
989 2438 1136 2507 (quin
1170 2439 1397 2493 exsecuti
1439 2438 1581 2509 estis)
1608 2434 1912 2508 patiamini,
1950 2440 2142 2495 scilicet
2184 2442 2549 2496 detrimentum
2578 2444 2771 2498 anima:
2806 2444 2861 2497 in
2886 2444 3088 2514 futuro,
3119 2461 3185 2500 ex
3218 2443 3401 2508 nobis,

156 2520 202 2575 id
219 2532 303 2588 est,
322 2541 384 2579 ea:
404 2527 605 2580 nostris
635 2529 906 2598 pra’ceplis
935 2545 1041 2583 non
1089 2530 1405 2598 adimpletis.
1435 2531 1522 2585 M.
1545 2531 1677 2598 Quae
1706 2532 1851 2587 enim
1881 2532 2191 2605 (responsio)
2226 2534 2520 2589 secundum
2546 2533 2715 2590 Deum
2752 2535 2967 2591 tristitia
2989 2544 3092 2603 est,
3124 2536 3398 2605 pamiten-

159 2615 266 2670 tiam
281 2617 329 2671 in
344 2618 581 2673 salutem
598 2620 866 2685 stabilem,
885 2630 1160 2686 wlernam,
1177 2631 1466 2691 operatur;
1486 2624 1553 2678 15
1574 2622 1759 2679 szeculi
1780 2634 1962 2680 autem
1979 2625 2033 2695 (a
2052 2626 2342 2698 contrario)
2365 2625 2582 2681 tristitia
2611 2635 2839 2682 mortem
2860 2636 3136 2697 operatur.
3156 2626 3239 2681 16.
3260 2626 3406 2682 Ecce

157 2708 282 2762 enim
311 2709 439 2777 (alia
466 2710 714 2780 probatio
736 2728 827 2780 per
860 2722 1035 2781 partes
1064 2711 1274 2784 salutis)
1314 2714 1416 2769 hoc
1442 2715 1637 2785 ipsum,
1671 2718 1966 2771 secundum
1995 2718 2161 2772 Deum
2204 2717 2516 2774 contristari
2552 2733 2678 2783 vos,
2711 2719 2796 2774 17.
2823 2728 3082 2788 quantum
3114 2721 3402 2774 maximam

160 2800 205 2854 in
230 2804 373 2860 vobis
393 2815 656 2876 operatur
686 2806 1104 2864 sollicitudinem
1140 2808 1265 2863 bene
1296 2812 1578 2878 operandi,
1609 2813 1708 2866 hoc
1740 2822 1839 2878 est,
1880 2812 2138 2879 salutem;
2171 2830 2292 2868 nam
2332 2823 2579 2883 operatur
2619 2812 3052 2877 sollicitudinem,
3084 2830 3201 2884 qua:
3239 2828 3409 2867 causa

157 2904 220 2946 est
242 2894 451 2963 salutis;
476 2913 577 2951 nec
600 2907 805 2952 tantum
830 2899 949 2967 hoc,
972 2901 1066 2956 sed
1090 2899 1480 2969 defensionem,
1508 2915 1687 2958 contra
1709 2904 1877 2959 Deum
1894 2921 1913 2959 :
1950 2920 2041 2959 nec
2072 2915 2276 2958 tantum
2302 2904 2419 2969 hoc,
2450 2904 2546 2960 sed
2575 2903 3020 2974 indignationem,
3048 2903 3118 2959 de
3144 2904 3408 2973 peccatis;

1487 2999 2057 3056 COMMENTARIUS.

217 3083 298 3138 93.
337 3086 582 3142 Ancus'r.
618 3085 805 3157 (serm.
838 3087 904 3142 18
929 3087 1009 3142 De
1031 3089 1166 3144 rerb.
1193 3089 1430 3156 Domini,
1461 3106 1581 3159 cap.
1605 3089 1721 3161 20).
1749 3105 1799 3163 Α
1826 3092 1967 3146 rium
1988 3091 2190 3147 [rabere
2215 3089 2333 3148 illos
2353 3091 2673 3148 emendandi
2704 3106 2793 3157 se,
2820 3090 2971 3156 ﬂere,
2995 3091 3119 3160 quia
3144 3106 3408 3161 peccave-

162 3171 473 3233 lmmundum
497 3196 568 3234 ne
598 3180 889 3250 tetigeritis.
926 3180 1065 3247 Quid
1085 3190 1168 3235 est
1213 3190 1436 3251 tangere
1484 3183 1722 3244 immuu-
1826 3189 1978 3247 runt,
2017 3181 2415 3237 annulationem
2455 3180 2655 3237 habere
2697 3195 2796 3250 pro
2830 3181 3119 3252 Apostolo,
3148 3182 3407 3251 quoniam

160 3269 288 3336 dum,
314 3271 411 3326 nisi
434 3272 757 3327 consentire
784 3272 1060 3340 peccatis?
1090 3271 1229 3339 Quid
1258 3281 1341 3328 est
1368 3282 1550 3328 autem
1571 3272 1724 3328 exire
1822 3274 2166 3331 addiscentes
2195 3274 2516 3329 charitatem
2538 3271 2656 3342 ejus
2685 3288 2814 3343 erga
2838 3289 2922 3340 se,
2943 3283 3229 3343 coeperunt
3253 3274 3407 3329 illum

162 3357 282 3423 inde,
312 3360 409 3415 nisi
436 3362 624 3416 facere
647 3362 788 3430 quod
808 3360 1046 3431 pertinet
1065 3360 1132 3416 ad
1175 3361 1573 3432 correptionem
1596 3377 1715 3416 ma-
1822 3364 2113 3421 defendere
2137 3373 2327 3421 contra
2354 3364 2716 3419 adversarios.

161 3446 306 3503 lorum
317 3451 339 3504 ?

219 3540 351 3595 CAP.
382 3539 646 3598 ηιμ-ι.
670 3540 906 3599 Annos.
943 3540 1213 3598 Neminem
1237 3543 1485 3598 la’simus.
1507 3543 1717 3599 Pseudo

162 3632 283 3687 enim
310 3638 536 3705 apostoli
573 3639 842 3693 nocebant
891 3638 1023 3704 illis,
1067 3648 1478 3709 corrumpentes
1522 3654 1717 3696 sensus

121 3720 133 3728 ’
163 3723 343 3781 illorum
381 3729 846 3784 circumventione
866 3739 1068 3785 astuta.

218 3818 267 3872 9.
304 3818 495 3875 [ΔΜ-Ἢ.
532 3819 661 3875 Νοη
688 3822 758 3875 ad
805 3823 1318 3889 condemnationem,
1358 3824 1410 3879 id
1455 3831 1558 3889 est,
1609 3839 1717 3881 non

162 3921 414 3979 propterea
440 3928 831 3979 commemoro,
863 3923 921 3967 ut
946 3913 1142 3970 callide
1169 3914 1345 3970 dicam
1376 3929 1473 3971 vos
1498 3913 1714 3982 fecisse,

163 4000 283 4057 Quod
308 4017 385 4055 me
406 4003 608 4060 fecisse
632 4019 788 4073 nego.

224 4086 273 4141 5.
302 4088 651 4147 Praediximus
704 4094 862 4147 enim.
919 4092 1178 4163 Superius
1237 4094 1373 4149 dixit
1439 4095 1719 4167 :Epistola

172 4190 327 4233 nostra
344 4201 427 4237 ros
453 4185 604 4249 estis,
624 4187 817 4255 scripta
843 4186 897 4239 in
913 4188 1153 4240 cordibus
1167 4190 1365 4243 vestris.

222 4271 268 4325 tl.
294 4274 527 4333 Annos.
560 4276 629 4331 In
650 4278 891 4332 cordibus
915 4281 1131 4345 nostris,
1187 4281 1238 4334 id
1263 4290 1365 4347 est,
1429 4282 1718 4353 participes

165 4361 259 4416 vult
284 4379 371 4421 eos
396 4368 626 4434 habere,
649 4377 705 4423 et
732 4369 798 4423 ad
825 4379 1120 4439 praesentes
1140 4371 1418 4442 passiones
1437 4388 1534 4442 pro
1558 4372 1716 4428 Chri-

168 4460 238 4505 sto
257 4464 304 4508 et
324 4458 386 4513 ad
422 4458 662 4514 futuram
692 4460 880 4514 vitam.

224 4543 273 4598 5.
299 4546 463 4605 Multa
487 4551 622 4605 mihi
654 4550 872 4619 ﬁducia.
905 4551 1124 4609 Fiducia
1147 4552 1262 4610 [nec
1291 4554 1355 4610 de
1381 4553 1568 4626 prima:
1590 4555 1717 4626 Epi-

171 4635 297 4689 stola:
318 4643 656 4712 correptione
678 4652 780 4709 cst,
812 4659 972 4713 quam
997 4644 1121 4714 quia
1155 4660 1260 4699 non
1306 4660 1495 4714 aspere
1526 4662 1712 4701 susce-

170 4736 355 4793 perunt,
377 4730 630 4787 ﬁduciam
660 4734 923 4789 dederunt
950 4735 1271 4790 admonendi
1305 4751 1382 4790 se.

227 4815 274 4870 6.
309 4818 460 4877 Foris
489 4839 699 4893 pugnae.
730 4823 927 4895 Pugna:
952 4824 1094 4879 enim
1127 4836 1284 4880 erant
1316 4829 1557 4897 corpori,
1584 4828 1711 4884 dum

171 4909 513 4980 tradebantur;
562 4913 742 4969 animo
782 4917 1029 4971 timores.
1070 4916 1184 4972 Illic
1221 4921 1363 4989 enim
1402 4920 1591 4985 timor,
1624 4920 1714 4975 ubi

172 4997 441 5059 intellectus
467 5014 573 5060 est.
597 5004 700 5061 Sed
732 5006 817 5062 hic
852 5008 1015 5063 timor
1050 5019 1273 5080 propter
1302 5011 1616 5077 credentes,
1651 5028 1717 5068 ne

172 5093 396 5157 passione
419 5096 534 5165 ejus
564 5097 1077 5155 scandalizareutur.

230 5182 278 5236 7.
312 5184 503 5241 LANﬂl.
539 5187 691 5242 Intus
735 5188 1033 5244 timores.A
1085 5192 1232 5248 falsis
1276 5193 1562 5261 fratribus;
1608 5195 1715 5261 vel,

173 5285 229 5325 ne
256 5278 420 5343 passio
454 5296 570 5335 mea
607 5290 936 5351 perterreret
971 5282 1194 5349 fratres,
1228 5287 1278 5340 id
1311 5296 1396 5341 est
1417 5328 1431 5352 ,
1471 5297 1715 5343 metuens

174 5374 232 5413 ne
262 5372 492 5425 conversi
532 5372 777 5437 noviter,
808 5371 1052 5428 videntes
1091 5373 1430 5432 aﬂlictionem
1472 5388 1711 5433 nostram

174 5455 229 5506 ad
255 5471 418 5525 suum,
451 5463 505 5517 id
552 5474 664 5530 est,
698 5464 788 5534 qui
831 5459 935 5518 fuit
971 5462 1216 5532 Judazus,
1248 5470 1315 5523 ad
1355 5467 1710 5537 judaismum,

177 5552 367 5612 tientilis
394 5556 456 5611 ad
484 5559 834 5628 gentilitatem
860 5567 1258 5615 converterent.

235 5640 278 5694 8.
303 5646 523 5704 Austros.
549 5648 794 5719 Referens
828 5650 994 5705 nobis.
1027 5649 1303 5706 Nuntiavit
1325 5652 1476 5707 Titus
1504 5653 1713 5709 desidc-
1742 5704 1749 5709 .

1897 3454 1951 3510 9.
1990 3454 2195 3509 Laurn.
2250 3452 2703 3519 Emulationem,
2741 3454 2794 3509 id
2832 3463 2948 3520 est,
2989 3454 3225 3524 qualiter
3270 3454 3412 3512 alter

1821 3544 2111 3601 aetnulatur
2140 3543 2470 3598 desiderium
2494 3542 2739 3608 alterius,
2771 3551 2829 3596 ut
2855 3558 2942 3598 me
2976 3543 3226 3598 videatis.

1892 3636 1981 3692 l0.
2023 3634 2263 3707 Epistola
2298 3634 2412 3689 illa.
2443 3634 2588 3690 Ordo
2613 3651 2627 3689 :
2660 3634 2753 3690 llla
2776 3649 2871 3690 vos
2898 3635 3268 3702 contristavit,
3294 3639 3398 3693 etsi

1820 3727 1891 3782 ad
1920 3727 2136 3782 horam.
2930 3734 2935 3739 ‘

1894 3818 1981 3872 11.
2023 3814 2332 3871 Contristati
2369 3818 2525 3872 enim.
2557 3816 2959 3873 Demonstratio
2997 3816 3063 3872 de
3097 3833 3202 3887 qua
3231 3819 3405 3887 poeni-

1824 3911 1985 3967 tentia
2018 3911 2191 3977 dicat;
2222 3920 2308 3968 est
2328 3911 2472 3967 enim
2501 3918 2558 3966 et
2586 3909 2724 3964 mala
2753 3909 3096 3980 poenitentia.

1898 4005 1983 4059 12.
2016 4005 2419 4059 Detrimentum.
2454 4002 2846 4058 Detrimentum
2873 4002 3088 4057 auditor
3121 4018 3187 4057 ex
3217 4004 3410 4073 praedi-

1823 4093 2043 4149 catione
2082 4092 2320 4149 doctoris
2341 4091 2570 4162 patitur,
2599 4091 2814 4161 quando
2847 4092 3131 4162 praeceptis
3183 4091 3299 4161 ejus
3328 4093 3409 4147 in-

1822 4184 2079 4240 obcdiens
2124 4183 2329 4247 existit,
2373 4191 2426 4239 et
2470 4182 2634 4252 priori
2674 4192 2896 4252 peccato
2919 4192 3199 4252 peccatum
3226 4184 3411 4240 inobe-

1823 4277 2039 4330 dientiat
2068 4275 2235 4329 addit.

1898 4369 1984 4422 15.
2027 4367 2265 4420 Animos.
2296 4364 2697 4427 Detrimentum,
2723 4363 2774 4417 id
2801 4370 2902 4426 ed,
2932 4369 2989 4415 ut
3010 4362 3191 4416 omnia
3220 4362 3408 4417 nostra

1750 4457 1792 4509 B
1820 4455 2073 4512 cll‘ectum
2098 4456 2334 4511 habeant
2357 4456 2409 4509 in
2428 4454 2601 4520 vobis,
2618 4454 2777 4508 etiam
2800 4453 2940 4522 quod
2964 4454 3409 4511 contristavimus

1826 4564 1941 4603 VOS.

1893 4642 1979 4696 M.
2022 4642 2223 4697 Lsxrn.
2268 4640 2399 4707 Qua:
2429 4630 2567 4694 enim
2596 4640 2901 4694 secundum.
2935 4637 3051 4693 Alia
3097 4640 3233 4694 ratio
3262 4640 3404 4710 quod

1822 4734 2121 4788 secundum
2151 4732 2316 4786 Deum
2347 4730 2649 4786 contristati
2675 4739 2818 4784 sunt.
3152 4734 3155 4737 ’

1894 4824 1982 4879 15.
2026 4821 2218 4877 δαναιιί
2248 4834 2421 4876 autem
2461 4821 2697 4875 tristitia.
2739 4818 2927 4874 Smculi
2969 4830 3149 4874 autem
3190 4819 3403 4873 tristitia
3482 4876 3491 4891 ε

1820 4924 1904 4971 est
1933 4914 2137 4980 dolere,
2173 4914 2316 4983 quod
2357 4920 2452 4967 sua
2494 4906 2724 4975 tribuat,
2758 4908 2929 4965 aliena
2970 4926 3075 4964 non
3115 4909 3311 4978 rapiat,
3352 4920 3406 4962 et

1819 5015 2014 5062 canora
2046 5006 2099 5059 in
2122 5002 2265 5059 hunc
2296 5004 2537 5057 modum.
3181 5009 3185 5012 '

1858 5092 1863 5165 ί
1890 5097 1979 5151 16.
2019 5096 2155 5150 Ecce
2183 5098 2340 5149 enim.
2367 5094 2484 5149 Alia
2516 5093 2654 5147 ratio
2682 5091 2921 5160 ejusdem
2946 5093 3042 5145 rei.
3436 5152 3443 5165 δ

1891 5190 1976 5243 17.
2009 5189 2247 5244 Alanos.
2276 5187 2539 5254 Quantam
2563 5185 2615 5238 in
2641 5186 2803 5238 vobis.
2829 5182 3055 5237 Solliciti
3079 5181 3223 5235 enim
3251 5190 3397 5248 sunt,

1821 5296 1888 5336 ne
1929 5281 2104 5336 denuo
2148 5286 2402 5350 peccent,
2440 5286 2494 5332 et
2522 5274 2815 5331 defendunt
2849 5288 2907 5328 se
2943 5272 3011 5326 ab
3058 5270 3400 5329 infestatione

1823 5376 2157 5440 daemonum;
2185 5373 2532 5443 indignantur
2558 5369 2612 5424 in
2642 5381 2720 5433 se,
2749 5365 2831 5421 vel
2862 5366 2916 5420 in
2947 5364 3080 5419 alios
3108 5373 3398 5435 peccantes

1819 5467 2040 5531 timent,
2068 5465 2195 5536 quia
2228 5452 2619 5535 peccaverunt,
2659 5457 2964 5513 desiderant
2990 5468 3047 5509 se
3075 5452 3391 5520 reformare,

1821 5554 1875 5610 et
1910 5554 2172 5625 incipiunt
2208 5554 2317 5623 pati
2358 5546 2529 5628 zelum
2564 5550 2827 5605 bonorum
2857 5544 3078 5616 operum
3109 5540 3397 5617 perlicien-

1820 5651 2044 5714 dorum;
2077 5644 2133 5702 et
2158 5646 2301 5717 quod
2330 5642 2689 5715 deliquerunt,
2712 5639 2983 5725 vindicant
3011 5638 3062 5692 in
3098 5637 3324 5709 scipsos.
