3880 6306
419 306 528 368 259
1451 295 1510 349 Β.
1554 288 1947 349 LANFRANCI
1985 285 2335 346 mutuae.
2376 283 2697 343 ARClllEP.
3609 250 3706 341 ξι.)

421 442 513 483 nec
536 432 739 479 tantum
765 422 858 475 hoc
878 458 892 485 ,
918 414 1012 472 sed
1040 414 1285 469 timorem
1316 409 1440 477 Dei;
1470 426 1560 464 nec
1589 409 1685 462 hoc
1715 416 1941 473 tantum,
1971 405 2063 461 sed
2092 406 2249 459 etiam
2275 404 2628 468 desiderium,
2666 386 3052 471 reformationis
3075 418 3096 467 ;
3122 392 3229 453 nec
3250 400 3359 453 hoc
3381 408 3602 467 tantum,
3628 405 3710 460 sed

371 513 375 515 λ
420 520 576 577 etiam
604 517 1002 575 mmnlationem
1030 514 1173 580 boni,
1204 529 1295 567 nec
1321 511 1415 565 hoc
1438 519 1664 574 tantum,
1687 508 1779 562 sed
1805 508 1963 561 etiam
2000 505 2315 570 vindictam,
2348 505 2676 575 aﬂlictionem
2704 513 3056 573 peccatorum.
3087 499 3247 571 Ergo
3271 501 3403 570 quia
3428 503 3523 554 lioc
3547 513 3591 555 et
3627 505 3709 559 hoc

338 661 344 666 .
422 610 638 680 fecistis,
680 614 733 668 in
769 611 1022 668 omnibus
1059 610 1180 665 aliis
1215 608 1362 663 bonis
1406 604 1730 661 exblbuistis
1763 616 1896 668 vos,
1928 601 2014 657 18.
2064 600 2519 656 incontaminatos
2556 614 2675 655 esse
2702 599 2953 669 negotio,
2998 600 3087 668 qui
3128 599 3523 668 fornicatorem
3555 602 3714 655 exclu-

420 710 582 763 sistis.
615 707 701 764 19.
745 707 915 777 igitur
947 704 1129 775 102,
1157 713 1212 758 et
1240 702 1285 757 si
1311 701 1504 770 scripsi
1538 698 1711 764 vobis,
1737 713 1843 751 non
1871 705 2076 750 tantum
2109 705 2326 768 propter
2351 711 2473 751 eum
2495 736 2511 762 ,
2543 696 2634 766 qui
2662 692 2790 752 fecit
2815 694 3067 767 injuriam
3087 736 3105 761 ,
3145 696 3207 748 id
3240 705 3356 759 est,
3398 697 3489 765 qui
3523 713 3711 751 uxorem

420 806 586 877 patris
607 805 824 875 accepit,
855 817 953 858 nec
976 811 1196 872 propter
1219 814 1366 862 eum,
1397 797 1489 868 qui
1520 810 1714 868 passus
1744 804 1844 863 est,
1879 792 1935 847 id
1957 803 2055 858 est,
2085 802 2309 862 patrem,
2341 792 2494 862 cujus
2520 806 2656 845 uxor
2684 790 2963 845 ablataest
2986 808 3005 856 ;
3037 790 3157 857 sed,
3190 790 3404 845 scilicet
3433 793 3631 863 scripsi,
3658 794 3713 848 ad

423 900 877 957 manifestandam
904 895 1325 955 sollicitudinem
1354 903 1619 956 nostram,
1645 904 1807 961 quam
1831 889 2093 943 habemus
2118 902 2215 958 pro
2234 888 2388 943 vobis
2415 888 2478 942 de
2508 888 2838 957 corruptione
2868 898 3032 941 vestra
3063 902 3264 942 coram
3292 882 3433 947 Deo,
3459 899 3515 940 ut
3537 889 3713 964 placeo,

425 1001 571 1057 Deo:
595 999 687 1054 20.
713 998 851 1062 ideo,
879 996 1003 1067 quia
1030 991 1433 1048 incontaminati
1457 989 1651 1060 fuistis,
1685 984 1949 1042 consolati
1980 999 2186 1041 sumus.
2215 985 2271 1038 In
2303 983 2673 1039 consolatione
2695 990 3112 1049 autem'nostra,
3147 984 3539 1039 abundantius
3565 986 3713 1058 magis

426 1097 598 1169 gavisi
640 1109 827 1153 sumus
862 1107 1021 1162 super
1046 1089 1243 1161 gaudio
1273 1086 1414 1154 Titi,
1449 1086 1576 1157 quia
1611 1100 1769 1154 super
1800 1093 1970 1137 vestra
2011 1081 2272 1151 spirituali
2302 1082 2435 1135 bona
2472 1081 2804 1135 conversione
2854 1080 3085 1136 refectus
3117 1089 3214 1136 est
3248 1081 3485 1151 Spiritus
3517 1081 3628 1150 ejus
3661 1082 3715 1135 ab

428 1196 688 1259 omnibus
718 1192 900 1256 vobis;
933 1200 988 1244 et
1015 1189 1059 1244 si
1085 1187 1213 1257 quid
1242 1186 1333 1242 21.
1362 1185 1505 1256 apud
1535 1182 1680 1237 illum
1715 1182 1783 1237 de
1806 1179 1960 1234 Vobis
1996 1179 2255 1249 gloriatus
2280 1192 2411 1234 sum
2432 1220 2445 1244 ,
2474 1178 2750 1248 gloriando
2783 1179 2846 1232 de
2882 1178 3022 1232 vobis
3056 1181 3279 1231 locutus
3314 1192 3461 1239 sum,
3492 1191 3603 1228 cum
3628 1176 3716 1242 ipse

428 1289 636 1353 uiderit,
669 1302 776 1342 non
808 1302 926 1341 sum
957 1284 1246 1350 confusus,
1278 1284 1468 1348 idest,
1503 1280 1751 1334 mentitus
1770 1295 1789 1343 ;
1818 1276 1911 1332 sed
1944 1278 2083 1331 sicut
2113 1276 2203 1331 2‘2.
2235 1276 2419 1331 omnia
2447 1275 2599 1330 vobis
2628 1276 2680 1329 in
2710 1276 2936 1330 veritate
2974 1274 3138 1330 locuti
3174 1290 3403 1338 sumus,
3441 1273 3515 1327 ita
3541 1282 3591 1326 et
3622 1273 3719 1342 gla-

429 1386 591 1441 riatio
617 1392 827 1450 nostra,
857 1398 976 1453 qua:
1002 1381 1103 1437 fuit
1131 1381 1198 1435 ad
1239 1379 1446 1443 Titum,
1469 1376 1677 1433 veritas
1708 1372 1849 1429 facta
1882 1380 1985 1436 est,
2017 1384 2072 1427 et
2098 1372 2306 1430 viscera
2332 1369 2447 1440 ejus
2480 1370 2842 1425 abundantius
2873 1369 2924 1424 in
2961 1370 3111 1425 vobis
3144 1377 3309 1434 sunt,
3337 1365 3717 1421 reminiscentis

428 1482 670 1539 omnium
698 1488 938 1537 vestrum
968 1479 1367 1542 obedientiam,
1410 1475 1607 1532 scilicet
1643 1472 1912 1544 quomodo
1950 1485 2072 1527 cum
2098 1469 2293 1526 timore
2334 1468 2499 1525 animi
2542 1475 2596 1525 et
2632 1477 2865 1524 tremore
2914 1466 3151 1539 corporis
3220 1464 3530 1536 excepistis
3564 1462 3713 1518 illuni.

430 1580 650 1638 Gaudeo
678 1580 822 1653 quod
850 1580 903 1636 in
927 1576 1181 1633 omnibus
1218 1572 1431 1629 confido
1461 1564 1717 1627 in‘vobis.
1807 1599 1812 1607 ι

1862 1693 2089 1750 CAPUT
2134 1692 2262 1746 Vill.

460 1882 465 1887 ἱ
508 1788 771 1862 Hortatur
799 1822 884 1861 eos
924 1807 991 1860 ad
1024 1805 1417 1875 beneﬁcentiam
1462 1822 1555 1875 per
1586 1807 1824 1877 exempla
1867 1807 2235 1863 Macedonum.
2270 1805 2462 1861 Notam
2509 1811 2688 1863 autem
2727 1802 2959 1857 facimus
2989 1800 3175 1866 vobis,
3220 1799 3467 1863 lratres,
3500 1794 3706 1867 gratiam

434 1908 554 1975 Dei,
588 1920 710 1977 qua).
743 1914 828 1983 est
857 1904 910 1958 in
940 1902 1199 1961 Ecelesiis
1223 1901 1547 1957 Macedonia:
1587 1902 1943 1974 (collationem
1975 1905 2129 1970 dicit,
2159 1921 2317 1974 quam
2350 1902 2663 1957 Macedones
2704 1900 2902 1955 sanctis
2922 1898 3227 1955 Jerusalem
3256 1897 3564 1963 dederant),
3591 1892 3714 1963 quod

436 2008 492 2062 in
521 2006 691 2063 multo
724 2002 1125 2073 experimento,
1166 2017 1295 2063 usu,
1334 2000 1696 2056 tribulationis
1734 2001 2061 2056 abundantia
2092 2001 2274 2073 gaudii
2306 2000 2543 2071 ipsorum
2580 1997 2699 2065 fuit,
2723 1998 2778 2052 id
2802 2007 2901 2063 est,
2940 1996 3064 2051 dum
3105 1998 3358 2051 maxime
3394 2009 3491 2064 pro
3532 1992 3713 2047 Christo

437 2099 840 2177 tribulareutur,
868 2099 922 2153 in
949 2098 1046 2151 hoc
1078 2099 1247 2163 ipsum
1278 2096 1610 2167 gaudebant;
1642 2106 1696 2151 et
1734 2098 1783 2150 1.
1812 2097 2095 2162 altissima,
2127 2098 2380 2163 maxima,
2412 2095 2491 2151 vel
2508 2095 2749 2157 exultans
2774 2111 2885 2161 eos,
2917 2095 2974 2149 2.
2996 2104 3304 2165 paupertas
3334 2104 3528 2148 eorum
3565 2090 3711 2143 abun-

441 2201 594 2257 davit
623 2200 677 2254 in
699 2198 916 2269 divitias
949 2192 1310 2265 simplicitatis
1341 2206 1548 2257 eorum,
1582 2192 1635 2246 id
1664 2203 1761 2258 est,
1793 2193 2083 2264 largitatis,
2125 2210 2216 2248 seu
2251 2192 2533 2247 abundavit
2568 2193 2623 2246 in
2651 2192 2859 2246 divitem
2898 2191 3350 2259 simplicitatem;
3386 2189 3485 2242 hoc
3518 2194 3710 2251 esum

437 2296 659 2351 libenter
679 2293 837 2348 dabat
866 2308 1064 2363 pauper
1088 2305 1149 2343 ac
1185 2290 1231 2343 si
1260 2291 1403 2343 dives
1428 2298 1596 2357 esset,
1633 2289 1852 2360 quia,id
1884 2299 1981 2358 est,
2010 2299 2171 2346 testor
2205 2290 2336 2357 illis,
2373 2290 2668 2346 secundum
2710 2291 2964 2345 virtutem
3002 2305 3220 2353 eorum,
3266 2287 3325 2341 id
3360 2296 3460 2350 est,
3501 2285 3571 2339 rei
3600 2281 3712 2336 reri—

442 2403 637 2469 tatem,
666 2391 717 2445 ὅ.
751 2388 1119 2469 testimonium
1150 2386 1256 2441 illis
1289 2386 1485 2453 reddo,
1513 2395 1568 2441 et
1603 2401 1768 2457 supra
1801 2387 2079 2453 virtutem,
2110 2403 2261 2459 posse
2291 2405 2443 2443 suum
2468 2429 2483 2456 ,
2507 2388 2799 2445 voluntarii
2833 2388 3082 2453 fuerunt,
3112 2403 3242 2443 cum
3279 2384 3458 2440 multa
3480 2383 3711 2438 uerborta-

438 2464 590 2559 tione
621 2488 675 2542 ll.
702 2490 1051 2542 obsecrantes
1087 2501 1184 2539 nos
1213 2486 1445 2555 gratiam
1486 2484 1699 2554 (scilicet
1744 2501 1901 2555 quam
1930 2485 2080 2540 daret
2117 2488 2314 2544 sanctis
2351 2489 2439 2559 qui
2465 2499 2599 2543 sunt
2646 2487 3025 2557 Hierusalem),
3073 2497 3128 2541 ct
3172 2484 3711 2542 eonnnunicatiotm»

440 2586 755 2653 ministerii,
777 2583 1275 2646 administrationis,
1305 2581 1448 2652 quod
1480 2582 1541 2635 lit
1569 2581 1622 2634 in
1656 2590 1896 2636 sanctos.
1926 2581 1992 2635 Et
2024 2597 2131 2637 non
2164 2593 2368 2638 tantum
2422 2584 2675 2639 dederunt
2715 2584 2857 2639 sicut
2886 2583 3261 2653 speravimus,
3297 2582 3397 2637 sed
3427 2576 3712 2647 semctipsos

440 2699 534 2753 per
557 2682 715 2752 [idem
759 2682 1061 2746 dederunt,
1091 2683 1326 2752 primum
1366 2680 1617 2747 Domino,
1639 2680 1831 2736 deinde
1855 2682 2035 2747 nobis,
2057 2684 2126 2736 ad
2162 2682 2458 2751 faciendum
2497 2683 2749 2754 quidquid
2787 2681 3028 2737 vellemus
3050 2721 3064 2746 ,
3098 2697 3198 2752 per
3235 2680 3572 2735 voluntatem
3602 2673 3709 2737 Dei;

442 2780 518 2836 ita
543 2780 597 2835 5.
624 2788 679 2833 ut
707 2780 1044 2833 hortarentur
1060 2794 1152 2830 nos
1170 2776 1441 2847 adgliocnut
1470 2790 1782 2846 rogaremus
1806 2776 2010 2845 Titum,
2036 2788 2097 2832 ut
2128 2776 2466 2849 103-105
2491 2778 2938 2846 quemadmodum
2970 2779 3134 2847 erepit
3152 2820 3169 2844 ,
3198 2779 3337 2834 itaet
3366 2776 3707 2848 pmdicatione

446 2874 690 2945 perﬁciat
721 2876 774 2927 in
810 2872 987 2938 vobis,
1014 2890 1123 2940 vos,
1148 2874 1329 2945 quales
1358 2884 1479 2927 sunt
1505 2872 1839 2940 Macedones,
1861 2875 2050 2941 etiam,
2073 2877 2205 2929 sicut
2232 2876 2387 2935 alias,
2415 2875 2641 2946 gratiam
2671 2874 2828 2929 istam
2856 2875 3038 2927 dandi.
3073 2873 3180 2930 Sed
3206 2874 3358 2930 sicut
3391 2876 3444 2929 in
3472 2871 3709 2931 omnibus,

446 2982 542 3020 uec
581 2965 730 3019 illum
772 2974 975 3018 tantum
1015 2966 1192 3035 rogavi
1216 3006 1230 3028 ,
1276 2966 1366 3019 sed
1393 2976 1440 3019 et
1470 2982 1557 3020 ros
1595 2982 1742 3036 rogo,
1771 2977 1826 3020 ut
1866 2968 1921 3021 in
1960 2968 2059 3021 hac
2099 2968 2271 3037 gratia
2316 2968 2593 3022 abundetis
2624 2968 2757 3021 sicut
2797 2968 2850 3020 in
2888 2967 3126 3021 omnibus
3157 2966 3461 3022 abundatis
3497 2965 3626 3026 (ide.
3666 2969 3709 3013 ει

446 3072 702 3115 sermone
724 3065 779 3110 et
804 3055 1030 3111 scientia
1056 3056 1352 3127 Evangelii,
1379 3064 1435 3111 ct
1467 3058 1612 3111 omni
1653 3057 2043 3125 sollicitudine,
2071 3060 2293 3131 insuper
2317 3068 2371 3115 et
2409 3060 2679 3115 cbaritate
2708 3068 2890 3113 vestra
2934 3060 2987 3114 in
3022 3074 3140 3122 nos,
3164 3068 3227 3113 ut
3249 3069 3309 3116 et
3339 3060 3394 3115 in
3443 3060 3544 3113 bac
3566 3053 3709 3127 gratia

447 3154 757 3211 abundetis.
791 3152 908 3207 Non
963 3154 1114 3224 quasi
1167 3155 1446 3225 imperans
1479 3155 1625 3221 dico,
1659 3156 1711 3210 ϐ.
1743 3157 1861 3219 sed,
1890 3157 2085 3212 scilicet
2135 3160 2275 3224 dico,
2320 3175 2419 3229 per
2453 3158 2702 3225 aliorum,
2738 3160 2793 3211 id
2818 3168 2917 3224 est,
2952 3156 3309 3212 Macedonum
3339 3198 3354 3223 ,
3400 3154 3481 3209 cel
3514 3152 3705 3207 aliorum

445 3263 751 3305 snnczorum
780 3251 1220 3316 sollicitudinem,
1245 3252 1409 3306 etiam
1441 3260 1636 3308 vestrae
1663 3254 1948 3309 cbaritatis
1982 3251 2280 3327 ingenium,
2312 3256 2575 3325 studium,
2606 3255 2802 3312 bonum
2828 3257 3193 3327 'cOmprobans
3212 3297 3227 3322 ,
3260 3255 3487 3326 probum
3517 3251 3707 3321 facient.

446 3362 495 3404 et
525 3352 621 3405 hoc
645 3350 839 3406 debetis
870 3351 1063 3419 facere,
1086 3359 1132 3403 et
1166 3349 1332 3404 reddit
1362 3366 1602 3404 causam.
1640 3350 1691 3406 7.
1722 3351 1886 3407 Scitis
1914 3352 2057 3407 enim
2090 3346 2319 3424 gratiam
2356 3354 2570 3410 Domini
2607 3351 2791 3411 nostri
2818 3354 2943 3410 Jesu
2971 3351 3489 3424 Christi,‘quoniam
3517 3352 3706 3416 proplcr

447 3452 547 3503 vos
572 3461 774 3519 egenus
825 3446 1001 3502 factus
1030 3448 1133 3510 est,
1166 3461 1286 3500 cum
1317 3457 1457 3503 esset
1489 3448 1659 3514 dives,
1699 3460 1757 3504 ut
1782 3449 1926 3505 illius
1967 3451 2146 3521 inopia
2184 3467 2280 3507 vos
2316 3451 2512 3507 divites
2541 3454 2756 3507 essetis.
2782 3452 2849 3506 Et
2899 3451 3188 3507 consilium
3239 3452 3296 3506 in
3352 3451 3458 3511 boc
3506 3446 3571 3500 do
3595 3481 3610 3506 9
3663 3449 3707 3490 ³⁸⁸

449 3547 680 3619 faciatis,
718 3546 822 3601 boe
847 3546 992 3625 enim
1026 3545 1178 3601 vobis
1204 3546 1333 3601 utile
1362 3554 1464 3612 est,
1497 3547 1587 3618 qui
1622 3563 1727 3602 nom
1759 3549 1931 3604 solum
1961 3538 2325 3621 facere,‘quod
2351 3551 2470 3604 boni
2499 3551 2732 3619 potestis,
2775 3550 2868 3605 sed
2909 3559 2962 3605 et
2998 3530 3157 3614 velle,
3186 3549 3334 3621 quod
3372 3544 3490 3600 boni
3516 3554 3608 3596 non
3636 3549 3705 3604 ροο

450 3643 595 3697 testis
618 3642 819 3711 facere,
855 3642 1097 3714 cmpistis
1118 3646 1186 3699 ab
1212 3659 1351 3699 anno
1379 3640 1589 3713 pribre’;
1623 3661 1766 3701 I'ttlltc
1790 3638 1927 3701 vero
1958 3655 2013 3701 et
2052 3628 2197 3701 facto
2231 3646 2365 3700 illud
2414 3646 2541 3700 velle
2572 3645 2839 3718 perficito,
2870 3654 2929 3701 ut
2958 3645 3424 3717 quemadmodum
3460 3641 3707 3710 pt‘Oll‘rlllus

1796 3784 2370 3842 COMMENTARIUS.

524 3897 611 3955 18.
651 3898 853 3954 ιΑΜῚι.
883 3896 1335 3953 Incontaminatos
1364 3912 1473 3952 esse
1500 3897 1555 3951 in
1589 3899 1817 3968 negotio.
1853 3899 1907 3954 In
1933 3914 2041 3973 quo
2068 3906 2114 3962 Α
2143 3903 2340 3957 batur:
2384 3902 2511 3972 quia
2559 3902 2679 3973 plus
2723 3910 2867 3967 erat,
2902 3900 3062 3973 quani
3104 3894 3321 3972 poterat
3372 3912 3554 3954 eorum
3602 3887 3702 3947 80b-

450 3992 841 4048 vindicandnnt
887 3989 1146 4061 prmcepit
1202 3988 1255 4045 in
1298 4006 1419 4046 cum
1471 3990 1560 4060 qui
1612 4006 1834 4047 uxorem
1878 3993 2045 4063 patris
2148 3996 2371 4051 stantia.
3103 3982 3111 3991 ’

456 4087 689 4157 accepit.
2174 4096 2177 4099 ‘
2216 4087 2270 4142 2.
2297 4086 2503 4141 Lassa.
2528 4084 2825 4158 Paupertas
2847 4104 3048 4142 eorum.
3078 4074 3357 4158 Pauperes
3377 4089 3528 4140 erant
3550 4084 3700 4132 rerum

484 4190 493 4197 '
523 4180 612 4236 19.
632 4177 1069 4250 Ausaongitur
1102 4175 1201 4234 etsi
1216 4176 1407 4247 scripsi
1424 4176 1585 4232 vobis.
1605 4176 1852 4233 Ostendit
1875 4178 2046 4250 magis
2150 4190 2512 4247 terrenarum,
2541 4181 2635 4237 sed
2659 4181 2856 4238 divites
2885 4181 3254 4252 simplicitatis
3282 4192 3338 4237 et
3368 4168 3698 4247 benignitatis.

450 4273 739 4344 scripsisse
802 4282 1025 4345 prepter
1072 4270 1371 4328 Ecclesiam
1402 4286 1418 4328 :
1450 4270 1575 4341 quia
1630 4270 1683 4325 in
1744 4286 1853 4326 uno
1902 4271 2044 4328 male
2219 4273 2274 4328 5.
2318 4272 2715 4328 Testimonium.
2751 4270 2940 4329 Ordo:
2973 4256 3374 4330 Testimonium
3401 4269 3517 4324 aliis
3541 4260 3699 4321 reddo.

451 4375 673 4437 agente,
706 4365 862 4421 multi
895 4364 1331 4430 confunduntur;
1354 4372 1407 4419 et
1436 4365 1490 4420 in
1524 4378 1630 4420 uno
1659 4364 2046 4420 contumeliam
2148 4366 2275 4436 quia
2306 4364 2602 4421 secundum
2634 4364 2912 4420 virtutem.

452 4457 882 4527 patiente,multi
900 4458 1268 4527 indignantur.
1285 4457 1636 4512 Emendando
1651 4457 2042 4528 ergoinjustos,
2216 4456 2269 4512 4.
2314 4455 2658 4512 Obsecrantes
2694 4473 2807 4513 nos.
2846 4456 2905 4513 ld
2947 4444 3063 4523 est,
3109 4459 3317 4530 precati
3350 4462 3475 4513 sunt
3518 4462 3619 4511 mc.
3651 4446 3696 4493 υι

452 4557 509 4604 et
531 4549 765 4618 pollutos
801 4549 1213 4613 sanetilicando,
1242 4556 1293 4602 et
1321 4548 1590 4603 Ecclesias
1620 4549 2043 4617 reconciliando,
2148 4548 2522 4617 permitterem
2546 4562 2641 4603 eos
2655 4548 2884 4620 gratiam
2911 4556 2966 4602 et
2990 4547 3528 4604 communicationem
3549 4538 3698 4593 facere

455 4641 625 4698 totius
665 4640 849 4711 populi
896 4638 1315 4696 sollicitudinem
1366 4638 1422 4694 in
1464 4653 1525 4694 se
1576 4639 1782 4695 habere
1825 4639 2048 4695 demors-
2150 4642 2217 4699 de
2249 4641 2555 4699 substantia
2582 4656 2704 4707 sua,
2738 4641 2791 4696 in
2821 4641 2964 4697 hanc
2986 4642 3407 4714 elcemosynam,
3436 4650 3550 4711 qua:
3574 4625 3694 4686 litin

455 4739 620 4788 strat.
968 4773 976 4780 .
1084 4740 1087 4745 '
2149 4746 2367 4797 sanctos
2386 4736 2477 4807 qui
2506 4743 2632 4791 sunt
2661 4733 3070 4807 Hierosolymis.

527 4822 615 4879 20.
657 4821 861 4879 Lssrn.
904 4821 1033 4877 Ideo
1066 4822 1345 4877 consolati.
1390 4821 1452 4875 Et
1494 4829 1716 4891 propter
1754 4820 2044 4878 adventum
2221 4825 2274 4881 5.
2318 4822 2383 4880 Ut
2408 4806 2725 4896 rogaremus
2756 4806 2951 4879 Titum.
2983 4825 3039 4880 In
3068 4835 3300 4892 tantum,
3335 4820 3531 4892 inquit.
3561 4806 3693 4879 πεῖθ’

456 4918 599 4983 Titi,
627 4928 681 4973 et
711 4925 931 4987 propter
963 4917 1162 4971 bonum
1193 4914 1426 4970 studium
1462 4924 1717 4969 vestrum.
2150 4928 2260 4975 tate
2289 4934 2476 4975 eorum
2510 4919 2787 4989 provocati
2823 4935 3039 4982 sumus,
3078 4928 3137 4974 ut
3173 4929 3484 4990 rogaremus
3515 4908 3689 4964 Titum,

528 5010 615 5065 ‘2l.
659 5010 812 5080 Apud
854 5009 1002 5061 illum
1048 5010 1113 5061 de
1157 5006 1319 5061 vobis.
1358 5006 1514 5075 Apud
1556 5004 1733 5061 Titum
1783 5004 2047 5077 gloriatus

2156 5024 2209 5067 ut
2264 5012 2405 5067 sicut
2450 5012 2616 5082 cmpit
2669 5012 3053 5082 praedicatione
3096 5020 3150 5067 et
3194 5007 3550 5067 admonitione
3584 5008 3688 5075 sua;

456 5111 541 5155 est
586 5086 876 5171 Apostolus
923 5101 989 5152 de
1033 5097 1358 5151 Corinthiis.
1411 5096 1596 5151 dicens
1647 5111 1740 5151 eos
1782 5097 2047 5167 benignos
2149 5104 2395 5177 perﬁciat
2425 5104 2479 5158 in
2511 5103 2663 5157 vobis
2692 5103 2955 5174 gratiam,
2984 5105 3035 5159 id
3062 5114 3172 5169 est,
3213 5105 3508 5177 largitatem
3540 5093 3685 5146 istam-

456 5202 598 5247 csse.
2220 5197 2268 5251 6.
2299 5198 2538 5251 Asianos.
2572 5195 2679 5252 Sed
2701 5214 2794 5266 per
2834 5196 3084 5252 aliorum.
3115 5197 3445 5253 Exliortatur
3474 5198 3525 5245 ιιι
3550 5190 3689 5255 νευιιο

527 5284 616 5338 2‘2.
662 5285 852 5339 Omnia
878 5284 1120 5346 derobts,
1147 5281 1198 5336 id
1223 5290 1321 5344 est,
1352 5282 1491 5335 sicut
1514 5295 1639 5334 vera
1670 5278 1829 5339 locuti
1859 5297 2046 5339 sumus

2152 5289 2285 5343 riam
2340 5290 2669 5358 patientibus
2728 5289 2947 5344 mittant
2982 5301 3264 5359 sumptus,
3296 5301 3349 5346 et
3395 5299 3486 5359 per
3530 5281 3684 5333 caruit!

458 5376 612 5431 "Obis
642 5378 707 5431 ‘10
730 5376 868 5442 aliis.
899 5377 972 5428 ila
1007 5388 1130 5427 γοιέι
1164 5369 1327 5425 Ιοευιί
1352 5386 1538 5424 SUIIINS
1565 5369 1687 5424 Tito
1709 5370 1773 5445 'tle
1803 5372 1975 5428 vobis.
2149 5380 2765 5450 sollicitudinem,quam
2791 5381 3281 5456 revelent,pbonum
3311 5384 3534 5439 animum
3558 5373 3683 5424 suum

528 5467 682 5523 CAP.
736 5466 864 5522 Vill.
912 5497 985 5507 —
1030 5467 1081 5520 1.
1133 5465 1375 5518 Annuus.
1426 5462 1692 5517 Altissimn
1739 5475 2038 5533 paupertas.

926 5497 985 5507 —
1030 5467 1081 5520 1.
1133 5465 1375 5518 Annuus.
1426 5462 1692 5517 Altissimn
1739 5475 2038 5533 paupertas.
2148 5472 2458 5528 οειειηιηιη,

458 5550 592 5617 (gum
636 5571 823 5617 tenues
864 5571 1047 5617 essent
1087 5559 1406 5615 facultatum
1463 5554 1789 5621 substantia,
1832 5557 2046 5612 animus
2223 5562 2275 5616 7.
2306 5562 2509 5617 Lassa.
2565 5554 2725 5618 Scitis
2784 5564 2918 5618 enim
2969 5567 3219 5634 gratiam.
3270 5542 3429 5633 Quasi
3474 5552 3681 5611 dicere“

460 5657 614 5711 dives
643 5657 890 5711 inventus
914 5664 1014 5721 est,
1048 5656 1119 5709 ita
1154 5663 1213 5708 ut
1245 5666 1367 5707 eum
1398 5647 1655 5720 lacrymis
1683 5646 1960 5714 offerrent,
1991 5659 2046 5705 et
2152 5654 2380 5725 PrOpter
2403 5670 2643 5709 amorem
2673 5655 2876 5711 Christi
2905 5656 3136 5712 libenter
3160 5658 3366 5714 debetis
3385 5634 3675 5724 largit'i.ll'lia

459 5753 538 5811 sic
569 5761 827 5825 cogerent
849 5750 1016 5821 accipi
1050 5765 1078 5804 a
1110 5762 1190 5816 sc,
1210 5744 1351 5819 quod
1376 5742 1748 5812 accipiendum
1777 5758 1880 5797 non
1906 5742 2048 5799 vide—
2153 5750 2268 5821 ipsc
2296 5750 2445 5807 dives
2475 5760 2694 5821 preptcr
2724 5766 2817 5808 vos
2840 5768 3048 5822 pauper
3074 5752 3247 5809 factus
3275 5761 3375 5808 cst.

3852 5808 3857 5867 l

3580 5962 3862 6306 Α
