3880 6306
186 408 269 466 ill

886 396 950 454 tN
981 394 1044 455 D.
1072 391 1277 456 PAULI
1311 391 1528 456 EPIST.
1559 395 1919 457 COMMENT.
1947 429 2016 440 --
2039 399 2260 457 EPIST.
2286 400 2327 455 ll
2359 401 2451 455 AD
2486 392 2645 457 ΕΘΗ».

3294 382 3425 451 1ίέ

181 536 253 580 est
272 519 463 576 animus
494 509 801 577 voluntatis,
832 510 907 566 ita
937 511 1010 567 sit
1033 521 1305 583 promptus
1355 510 1562 564 animus
1592 519 1646 567 et
1674 510 1989 581 perﬁciendi
2014 526 2079 565 ex
2120 526 2206 577 eo,
2237 511 2521 566 secundum
2553 512 2629 576 id,
2673 510 2816 580 quod
2857 489 3086 566 habetis.
3137 505 3275 564 Ecce
3301 517 3443 565 cur"

179 624 410 683 acceptum
438 618 509 664 est
552 584 760 674 Deo,.si
786 609 852 663 sit
884 608 1197 665 uoluntarie.
1227 609 1289 677 .8.
1337 606 1393 663 Si
1425 608 1569 662 enim
1619 607 1867 664 voluntas
1904 617 2150 678 prompta
2187 618 2273 663 est
2327 609 2535 677 facere,
2582 597 2878 662 secundum
2925 606 2980 662 id
3018 606 3164 676 quod
3211 605 3403 677 habet,“

180 719 365 777 accepta
388 716 468 762 est
498 706 621 771 Deo,
648 720 750 759 non
778 716 984 759 tantum
1008 706 1062 760 9.
1102 705 1398 761 secundum
1430 703 1481 758 id
1511 704 1653 774 quod
1689 719 1796 759 non
1823 704 2009 759 habet.
2052 702 2166 758 Non
2204 706 2369 769 enim,
2401 703 2597 758 scilicet
2628 704 2848 772 impero,
2880 703 2939 757 ot
2961 703 3082 757 aliis
3106 704 3177 757 sit
3200 704 3397 760 remis-

176 806 260 865 sio.
286 801 479 870 refectio
500 813 563 852 ea:
588 799 796 863 nostris,
825 809 880 852 ut
909 815 996 852 vos
1042 799 1321 866 deficiatis.
1355 798 1508 855 vobis
1535 808 1718 853 autem
1767 798 2065 865 tribulatio,
2097 800 2184 854 10.
2223 799 2319 855 sed
2359 801 2477 854 dico
2508 809 2563 854 ut
2599 814 2668 854 ex
2695 799 3028 870 arqualitatc.
3059 799 3115 853 in
3142 801 3397 871 praesenti

178 908 402 967 tempore,
431 894 513 948 11.
544 902 724 948 vestra
755 893 1085 948 abundantia
1106 894 1322 948 illorum
1355 894 1590 962 inopiam
1618 894 1884 966 suppleat,
1913 903 1971 949 ut
1996 906 2052 951 et
2075 895 2289 952 illorum
2314 897 2616 950 meritorum
2643 894 2970 950 abundantia
2995 896 3401 965 vestrzeiuopia:

175 995 251 1057 sit,
274 995 319 1046 in
342 993 514 1059 futuro
550 992 1007 1063 supplementum,
1050 991 1138 1047 η.
1179 1001 1239 1046 ut
1284 1009 1422 1047 nunc
1456 1002 1504 1046 et
1533 1002 1657 1046 tunc
1706 992 1804 1047 ﬁat
1831 993 2137 1063 aqualilas,
2169 994 2475 1063 sufﬁcientia
2518 992 2662 1047 vobis
2692 1001 2741 1046 et
2768 993 2917 1061 ipsis,
2958 991 3098 1046 sicut
3140 992 3401 1062 scriptum

170 1093 256 1150 est,
290 1085 339 1138 in
367 1083 545 1138 Exodo
566 1099 655 1138 xvi
686 1102 701 1139 :
739 1084 825 1149 15,
860 1085 946 1139 11.
976 1084 1078 1152 Qui
1110 1082 1370 1149 multum,
1406 1098 1512 1138 non
1542 1084 1856 1147 abundavit.
1883 1084 2077 1139 scilicet
2106 1085 2308 1155 collegit
2331 1086 2395 1138 de
2435 1100 2649 1148 manna,
2692 1101 2795 1139 non
2832 1083 2947 1154 plus
2970 1083 3182 1148 habuit;
3210 1094 3267 1139 et
3308 1075 3429 1155 (μιν

171 1178 425 1242 modicum,
456 1194 557 1233 non
582 1182 908 1241 'minoravit.
940 1181 1135 1236 scilicet
1165 1181 1391 1253 collegit,
1425 1199 1528 1237 non
1570 1182 1743 1237 minus
1772 1182 1972 1238 habuit.
2018 1181 2103 1236 Ita
2137 1184 2228 1253 qui
2251 1182 2472 1237 multum
2494 1183 2729 1253 pecuniw
2750 1182 2955 1253 collegit
2990 1183 3043 1237 in
3072 1185 3318 1252 prtusenti
3344 1195 3405 1239 ut

172 1276 415 1343 Corinthii,
449 1294 552 1332 non
580 1277 725 1334 solus
747 1279 955 1345 habeat,
1001 1279 1160 1350 106
1186 1279 1291 1331 imo
1317 1279 1436 1333 aliis
1474 1278 1761 1348 impertiat.
1802 1279 1884 1333 Ad
1909 1280 2005 1333 hoc
2038 1279 2178 1350 quod
2212 1280 2345 1333 dixit
2374 1279 2674 1349 rogavimus
2713 1276 2909 1333 Titum.
2940 1278 3187 1334 Gratiam
3219 1290 3401 1336 autem

175 1387 258 1441 ago
283 1372 400 1437 Deo,
429 1374 519 1443 qui
544 1372 693 1429 dedit
718 1373 963 1429 eamdem
993 1390 1149 1443 quam
1194 1373 1359 1427 habeo
1405 1373 1824 1429 sollicitudinem
1853 1389 1954 1445 pro
1994 1375 2148 1430 vobis
2176 1373 2229 1429 in
2270 1374 2437 1429 corde
2468 1372 2598 1437 Titi,
2632 1375 2890 1443 quoniam
2924 1391 3096 1430 mea...
3141 1385 3402 1432 exnorta-

172 1468 344 1522 tionem
382 1469 597 1538 quidem
627 1470 773 1539 prius
802 1469 1020 1523 audiens
1051 1468 1268 1523 libenter
1296 1469 1553 1540 suscepit,
1583 1478 1631 1522 et
1658 1485 1760 1534 non
1790 1479 1991 1524 tantum
2026 1469 2246 1534 audivit,
2273 1469 2366 1524 sed
2402 1483 2525 1523 cum
2562 1468 2849 1524 sollicitior
2887 1480 3054 1539 esset,
3081 1487 3179 1528 sua
3210 1473 3402 1528 volun-

169 1573 259 1618 tate
279 1565 535 1633 profectus
563 1573 647 1619 est
672 1564 740 1619 ad
765 1579 883 1619 vos.
910 1562 1152 1618 Misimus
1176 1564 1337 1619 etiam
1368 1579 1492 1620 cum
1527 1564 1618 1619 illo
1649 1564 1875 1620 fratrem
1913 1575 2182 1631 nostrum,
2212 1566 2544 1634 Barnabam,
2575 1568 2728 1639 cujus
2760 1567 2879 1623 laus
2910 1570 3069 1625 estin
3109 1570 3403 1641 Evangelio

168 1671 247 1728 per
281 1672 457 1713 omnes
472 1656 785 1712 'Ecclesias:
808 1671 916 1711 non
949 1656 1120 1712 solum
1148 1665 1350 1722 autem,
1393 1657 1510 1712 laus
1539 1658 1612 1712 est
1643 1658 1692 1712 ei
1719 1658 1773 1711 in
1801 1657 2115 1729 Evangelia,
2152 1659 2208 1713 id
2236 1670 2334 1726 est,
2359 1677 2462 1715 non
2502 1660 2670 1715 soluat
2699 1660 2889 1716 electus
2925 1667 2978 1721 in
3005 1665 3401 1736 prtrdicationc,

167 1753 316 1808 sedet
337 1755 614 1811 ordinatus
642 1762 724 1809 est
755 1754 822 1809 ab
848 1753 1126 1821 Ecclesiis,
1175 1770 1207 1807 a
1244 1754 1491 1833 ﬁdelibus
1521 1754 1795 1821 Ecclesiw,

1822 1756 1878 1810 id
1922 1765 2037 1823 est,
2079 1758 2352 1828 apostolis,
2385 1774 2568 1814 eomes
2613 1758 3068 1832 peregrinationis
3100 1766 3320 1821 nostra},
3345 1766 3401 1809 ut

166 1863 335 1903 mecum
361 1848 509 1919 ferat,
544 1848 599 1905 in
629 1850 772 1904 hanc
801 1848 1032 1921 gratiam
1064 1847 1385 1931 collectionis
1408 1891 1424 1916 ,
1472 1848 1591 1920 Quae
1628 1842 1971 1906 ministratur
1998 1852 2084 1907 15.
2120 1869 2148 1908 a
2180 1854 2334 1909 nobis
2362 1855 2429 1912 ad
2476 1855 2687 1911 Domini
2721 1856 2969 1928 gloriam,
3002 1856 3228 1928 gratiam
3258 1854 3400 1913 dico.

164 1947 210 1992 et
230 1940 531 1996 destinatam
571 1940 641 1995 ad
668 1939 1003 1996 voluntatem
1030 1949 1310 2007 nostram,
1346 1940 1435 2008 16,
1466 1942 1554 1996 17.
1591 1943 1895 1999 devitantes
1933 1944 2057 2010 hoc,
2099 1946 2166 2000 ne
2197 1947 2319 2017 quis
2348 1963 2448 2003 nos
2493 1948 2764 2020 vituperet
2803 1950 2855 2004 in
2886 1950 2989 2006 hac
3033 1948 3391 2021 plenitudine,

163 2037 660 2106 quae.ministratur,
686 2051 929 2112 portatur
966 2041 1183 2102 sanctis,
1214 2056 1242 2095 a
1273 2040 1450 2106 nobis,
1494 2050 1550 2093 ut
1580 2052 1764 2095 vacent
1794 2040 1925 2106 Deo,
1960 2042 2013 2096 in
2059 2041 2272 2097 Domini
2305 2045 2551 2113 gloriam.
2584 2044 2711 2099 Ideo
2732 2045 2985 2099 mittimus
3020 2042 3159 2098 illos.
3189 2043 3278 2109 18,
3311 2046 3400 2099 19.

160 2125 477 2187 Providemus
504 2134 656 2189 enim
688 2135 827 2189 bona
861 2149 966 2189 non
997 2134 1170 2190 solum
1202 2124 1384 2189 eorum
1410 2134 1547 2199 Deo,
1572 2135 1710 2204 quod
1745 2144 1819 2189 est
1849 2135 1895 2189 si
1928 2134 2071 2189 solus
2103 2134 2381 2207 Apostolus
2412 2139 2683 2207 pecuniam
2715 2138 2902 2209 ferret,
2925 2155 3025 2194 non
3069 2138 3150 2192 his
3180 2139 3403 2208 forsitan

163 2226 442 2296 crederetur,
470 2246 592 2284 cum
638 2231 745 2301 ipse
792 2229 923 2283 nihil
952 2230 1263 2301 fraudaret,
1310 2232 1404 2285 sed
1440 2224 1605 2285 etiam
1637 2246 1822 2285 coram
1849 2229 2182 2286 hominibus.
2215 2231 2459 2287 Misimus
2507 2242 2687 2288 autem
2742 2250 2863 2288 cum
2917 2232 3023 2288 illis
3075 2241 3131 2288 et
3179 2232 3401 2290 fratrem

161 2326 369 2379 nostrum
399 2324 944 2398 Timotheum,quem
992 2317 1433 2398 probavimusin
1462 2327 1645 2381 multis
1688 2342 1830 2396 saepe
1880 2326 2170 2382 sollicitum
2215 2342 2355 2393 esse,
2390 2343 2531 2381 nunc
2570 2336 2751 2382 autem
2783 2326 2951 2381 multo
2993 2325 3386 2391 sollicitiorem,

159 2419 454 2477 conﬁdentia
488 2422 660 2477 multa
712 2424 889 2478 habita
946 2425 999 2478 in
1032 2422 1162 2489 vos,
1195 2412 1311 2479 sive
1337 2423 1428 2479 20.
1458 2434 1570 2495 pro
1599 2423 1744 2489 Tito,
1774 2422 1865 2493 qui
1896 2430 1980 2476 est
2030 2422 2209 2477 socius
2255 2437 2429 2489 meus,
2461 2430 2515 2476 et
2559 2422 2611 2476 in
2640 2437 2735 2477 vos
2780 2420 3011 2491 adjutor,
3049 2422 3179 2478 sive
3201 2422 3401 2478 fratres

1473 2538 2046 2597 COMMENTARIUS.

212 2629 257 2684 8.
284 2631 508 2687 Auanos.
543 2632 606 2689 Si
648 2635 783 2689 enim
836 2635 1091 2707 voluntas.
1125 2633 1392 2709 Quoniam
1439 2634 1704 2690 Corinthii
1736 2638 1783 2695 Α

158 2720 213 2772 ad
235 2720 322 2776 hoc
346 2726 475 2793 opus
503 2734 891 2794 provocamur,
931 2725 1031 2780 huc
1062 2725 1142 2780 eis
1188 2724 1465 2788 indicitur,
1494 2726 1557 2778 ut
1600 2740 1705 2779 non

161 2808 258 2877 plus
282 2813 511 2868 tribuant
532 2830 702 2884 quam
730 2825 979 2886 possunt,
1000 2832 1069 2871 ne
1107 2816 1227 2886 plus
1249 2812 1395 2872 forte
1420 2815 1708 2872 offerentes

158 2904 331 2968 coacti,
382 2921 481 2960 non
530 2908 872 2974 voluntarii,
928 2910 1243 2963 viderentur
1288 2910 1406 2964 sine
1461 2912 1708 2965 mercede

159 2989 449 3066 futuri:quia
476 2998 577 3069 qui
609 3007 833 3054 coactus
867 2998 1072 3070 aliquid
1104 2999 1707 3067 facigmcrcedemnon

161 3083 308 3143 habet.

215 3177 259 3233 9.
288 3179 477 3237 Lturu.
515 3184 825 3240 Secundum
870 3185 926 3239 id
962 3185 1131 3257 quod,
1186 3192 1292 3241 etc.
1329 3185 1425 3242 Vel
1476 3184 1565 3243 ille
1621 3187 1712 3241 dat

160 3274 418 3329 secundum
447 3277 599 3346 quod
631 3292 740 3331 non
772 3278 958 3346 habet,
986 3280 1078 3348 qui
1105 3279 1173 3334 de
1210 3279 1452 3349 quinque
1500 3280 1707 3342 solidis,

161 3362 235 3419 dat
274 3375 525 3434 quatuor;
575 3368 723 3437 quod
784 3369 1093 3424 faciendum
1132 3380 1217 3424 est
1265 3369 1361 3433 illi,
1405 3369 1497 3440 qui
1548 3369 1712 3425 habet

159 3453 313 3511 decem
342 3458 534 3525 libras,
569 3460 655 3515 vel
700 3460 1028 3532 huiusmodi.
1070 3462 1284 3517 Diceret
1315 3461 1511 3531 aliquis
1540 3479 1554 3516 :
1588 3461 1704 3517 Non

163 3545 333 3615 valetsi
363 3551 557 3611 darent
600 3554 901 3609 secundum
954 3554 1096 3624 quod
1145 3555 1408 3619 habeant;
1449 3553 1524 3607 illi
1564 3554 1709 3609 enim

163 3638 463 3713 Macedones,
494 3648 787 3719 plusquam
843 3657 1027 3717 posset
1067 3663 1256 3704 eorum
1310 3648 1423 3718 pati
1458 3646 1708 3711 facultas,

161 3731 408 3793 dederunt.
435 3738 518 3793 Ad
548 3738 659 3793 hoc
713 3741 1003 3808 respondet
1041 3756 1055 3792 :
1095 3739 1150 3795 Si
1200 3738 1367 3805 enim,
1396 3747 1504 3794 etc.
1558 3739 1712 3805 Quod

161 3832 227 3876 est
244 3842 261 3906 ,ε
277 3826 370 3894 Qui
393 3831 504 3885 vult
528 3832 664 3885 dare
684 3831 987 3894 secundum
1016 3831 1069 3886 id
1097 3832 1240 3901 quod
1258 3832 1439 3895 habet,
1456 3840 1712 3901 acceptus

160 3925 228 3967 est
249 3916 368 3985 Deo,
408 3937 511 3976 non
560 3930 770 3976 tantum
800 3921 887 3977 ille
914 3922 1006 3992 qui
1035 3922 1149 3976 vult
1176 3922 1356 3978 facere
1379 3923 1517 3978 ultra
1547 3938 1709 3992 quam

161 4000 313 4059 habet.
344 4008 431 4064 Vel
450 4011 522 4065 ita
557 4028 571 4063 :
612 4009 871 4065 Voluntas
897 4019 1147 4080 prompta
1182 4010 1360 4065 facere
1383 4010 1520 4066 ultra
1549 4027 1711 4082 quam

161 4094 341 4163 possit,
386 4099 685 4154 secundum
737 4100 787 4156 id
834 4102 976 4171 quod
1020 4099 1167 4169 vult,
1206 4109 1291 4156 est
1317 4110 1571 4171 accepta,
1604 4118 1709 4157 non

160 4189 419 4243 secundum
449 4190 596 4261 quod
628 4198 822 4258 potest.
1710 4250 1711 4253 η

220 4275 294 4330 10.
323 4281 559 4337 Anuaos.
611 4281 715 4337 Sed
762 4300 826 4336 ex
873 4282 1193 4354 wqualitate.
1232 4281 1346 4340 Non
1395 4284 1539 4340 enim
1591 4285 1712 4355 plus

158 4365 382 4463 exigitur,
413 4389 579 4444 quam
626 4374 730 4428 sibi
782 4374 976 4429 debent
1020 4376 1289 4441 retinere,
1328 4377 1456 4447 quia
1502 4377 1719 4449 diliges,

162 4460 325 4526 inquit,
354 4464 654 4531 proximum
685 4474 831 4518 tuum
854 4464 987 4519 sicut
1013 4466 1252 4535 teipsum.

217 4548 294 4604 11.
338 4550 512 4608 Vestra
563 4554 911 4610 abundantia.
949 4554 1005 4610 Id
1050 4564 1171 4619 est,
1222 4557 1273 4610 hi
1308 4558 1397 4626 qui
1427 4557 1712 4613 facultates

161 4636 355 4710 habent,
403 4647 715 4702 ministrent
767 4657 1077 4703 sanctorum
1131 4648 1363 4718 inapiis,
1404 4658 1465 4704 ut
1514 4650 1725 4709 iterum

162 4730 251 4788 illic
302 4741 471 4794 sancti
531 4741 625 4795 ubi
661 4749 787 4795 sunt
837 4739 1057 4805 divites,
1086 4750 1140 4796 et
1181 4741 1268 4797 isti
1315 4742 1533 4813 inopes,
1563 4757 1711 4797 com-

162 4827 409 4885 municent
439 4832 524 4886 his
551 4872 567 4897 ,
595 4832 771 4900 equasi
801 4832 973 4887 vicem
1006 4832 1367 4903 rependentes
1407 4833 1709 4888 ministerio

162 4914 365 4974 illorum.

118 5004 121 5005 ⁷
218 5009 295 5065 12.
322 5009 383 5067 Ut
407 5014 501 5084 [iul
528 5024 824 5087 wqualuas.
858 5013 983 5070 llaec
1015 5023 1099 5070 est
1128 5015 1428 5084 arqualitas,
1463 5029 1554 5081 ut,
1585 5018 1708 5086 quia

161 5095 232 5151 isti
260 5101 306 5155 in
342 5104 439 5161 hoc
469 5116 709 5175 tempore
742 5106 1052 5161 ministrant
1078 5107 1300 5173 sanctis,
1331 5108 1559 5163 reddant
1585 5106 1708 5179 [al.,

163 5191 447 5268 reddantur]
480 5198 584 5252 illis
612 5199 756 5252 vices
779 5198 829 5251 in
858 5197 1060 5251 futuro.

224 5280 295 5334 l3.
330 5284 431 5350 Qui
460 5287 681 5342 multum
705 5305 825 5341 non.
856 5286 981 5341 Plus
1004 5287 1399 5343 habentsancti
1434 5288 1487 5342 iu
1510 5302 1605 5356 spe
1629 5274 1733 5341 fu?

165 5371 252 5423 turi
279 5378 450 5429 saeculi
480 5393 636 5445 quam
655 5379 707 5432 hi
728 5379 817 5447 qui
838 5378 939 5433 hoc
959 5388 1197 5449 tempore
1220 5380 1473 5434 videntur
1492 5379 1707 5444 divites,

162 5469 208 5514 et
230 5472 393 5521 tamen
415 5471 772 5539 :equabuntur
800 5471 907 5526 illic
932 5472 1166 5543 utrique,
1198 5482 1257 5527 ut
1284 5473 1426 5526 sicut
1445 5470 1709 5527 beneficio

164 5550 354 5625 borum,
383 5571 693 5617 sanctorum
726 5563 904 5633 inopia
930 5572 1297 5629 sustentatur,
1329 5564 1400 5619 ita
1445 5563 1711 5620 beneﬁcio

164 5659 447 5708 sanctorum
485 5656 674 5712 divites
714 5657 843 5710 tiant
880 5658 935 5711 hi
966 5658 1020 5713 in
1047 5656 1229 5714 futuro
1257 5656 1475 5721 saeculo,
1512 5657 1564 5711 in
1607 5672 1713 5726 quo

1737 5336 1784 5400 C

1813 2632 2062 2686 videntur
2093 2647 2378 2701 patqieres.

1884 2719 1971 2775 14.
2003 2706 2204 2775 Laure.
2241 2723 2344 2788 Qui
2370 2721 2613 2775 multum.
2645 2720 2746 2789 Qui
2777 2719 3005 2775 multum
3052 2736 3194 2791 saepe
3239 2721 3402 2778 colle-

1812 2820 1989 2882 gerat,
2022 2813 2071 2866 id
2104 2821 2205 2877 est,
2237 2812 2468 2881 amplius
2502 2828 2663 2881 quam
2706 2827 2986 2881 gomorum
3017 2828 3123 2866 non
3158 2811 3403 2867 abunda-

1810 2905 1907 2970 vit,
1942 2904 2122 2968 idest,
2165 2920 2271 2958 non
2312 2904 2431 2972 plus
2459 2903 2645 2957 habuit
2685 2919 2848 2972 quam
2880 2917 3185 2973 goutorum,
3221 2911 3274 2959 ct
3304 2904 3400 2973 qui

1809 2995 2081 3050 modicum
2133 2996 2346 3049 scilicet
2395 2994 2711 3062 collegerat,
2747 2992 2797 3047 id
2848 3001 2952 3059 est,
2990 2992 3169 3047 minus
3220 2991 3407 3045 habuit

1809 3103 1971 3157 quam
2006 3102 2312 3155 gomorum.
2346 3087 2401 3141 ln
2438 3086 2622 3142 Exodo
2652 3095 2833 3141 autem
2865 3086 2939 3140 ita
2974 3086 3206 3141 habetur
3240 3102 3252 3137 ε
3288 3083 3403 3137 Nec

1807 3180 1897 3250 qui
1926 3178 2042 3248 plus
2085 3179 2384 3249 collegerat,
2432 3180 2613 3233 habuit
2664 3179 2921 3249 amplius;
2963 3182 3058 3231 nec
3100 3177 3189 3247 qui
3227 3175 3400 3229 ntinus

1810 3283 2108 3340 paraverat,
2139 3272 2327 3340 reperit
2365 3272 2559 3325 minus.
3384 3270 3387 3273 ’

1882 3362 1971 3416 15.
2001 3361 2040 3414 Α
2074 3363 2219 3416 nobis
2259 3361 2328 3415 ad
2377 3360 2590 3414 Domini
2636 3359 2879 3431 gloriam.
2937 3358 3083 3414 Ordo
3126 3378 3139 3410 :
3172 3357 3216 3411 Α
3246 3356 3402 3411 nobis

1812 3450 2136 3507 destinatam
2164 3491 2179 3517 ,
2215 3450 2281 3504 ad
2310 3450 2521 3505 Domini
2565 3450 2818 3519 gloriam,
2848 3456 2903 3503 et
2948 3448 3015 3501 ad
3043 3446 3400 3502 voluntatem.

1884 3540 1971 3596 16.
2008 3540 2309 3595 Devitantes
2340 3539 2457 3592 hoc.
2492 3539 2657 3606 Quasi
2686 3539 2890 3595 diceret
2928 3554 2941 3591 :
2990 3538 3114 3594 Ideo
3154 3535 3405 3591 misimus

1813 3632 2035 3688 fratrem
2066 3631 2190 3687 boni
2223 3630 2514 3687 testimonii
2544 3646 2670 3685 eum
2702 3630 2744 3685 Τ
2750 3631 2844 3694 ita,
2878 3646 2945 3685 ne
2973 3631 3095 3701 quis
3129 3630 3403 3699 vituperet
3420 3618 3443 3660 ῗν

1813 3739 1914 3779 nos
1943 3724 1995 3778 in
2036 3722 2136 3778 hac
2168 3722 2403 3793 Eptstola
2429 3721 2543 3794 (5:2)
2563 3763 2576 3787 ,
2603 3722 2969 3793 eleemosyna,
2999 3721 3185 3777 dicens
3210 3735 3309 3775 nos
3333 3733 3404 3775 ex

1815 3834 1877 3875 ea
1908 3817 2109 3887 aliquid
2136 3818 2202 3872 ad
2242 3824 2488 3872 nostrum
2518 3829 2655 3886 opus
2679 3816 2937 3870 retinere.

1887 3912 1975 3966 17.
2002 3910 2243 3965 Annuus.
2271 3907 2566 3962 Devitantes
2589 3907 2708 3961 hoc.
2748 3906 2874 3961 ideo
2919 3906 3022 3961 hoc
3050 3902 3301 3975 subjecit,
3332 3916 3400 3956 ne

1748 3991 1789 4050 Β
1820 4002 2098 4072 negligens
2143 4000 2288 4055 circa
2339 4013 2529 4053 curam
2579 4006 2891 4053 sanctorum
2935 3996 3305 4067 judicaretur,
3355 3993 3423 4048 si'

1816 4092 2036 4162 segnius
2069 4092 2171 4146 hoc
2192 4096 2396 4161 ageret.

1888 4186 1976 4241 18.
2010 4181 2355 4237 Providemus
2398 4182 2534 4236 enim
2567 4180 2723 4234 bona.
2753 4178 3011 4234 Providet
3043 4177 3185 4232 bona
3214 4190 3405 4231 coram

1816 4279 1944 4342 Deo,
1967 4280 2093 4332 dum
2119 4276 2261 4345 quod
2286 4274 2441 4341 jubet
2471 4273 2612 4327 Deus
2651 4272 2795 4326 circa
2829 4269 3133 4323 ministeria
3170 4276 3389 4322 sanctos

1816 4385 1960 4434 rum,
1990 4368 2106 4423 tieri
2151 4368 2308 4421 docet
2335 4378 2517 4418 coram
2547 4361 2882 4426 hominibus,
2915 4358 3041 4429 quia
3074 4357 3208 4419 tales
3236 4358 3404 4413 mittit

1815 4463 1884 4515 ad
1931 4461 2033 4514 hoc
2075 4472 2210 4524 opus
2258 4453 2691 4519 exhortandum,
2744 4452 2835 4524 qui
2860 4451 3129 4522 probitate
3146 4467 3253 4508 sua
3292 4468 3401 4507 non

1814 4550 2116 4607 facianteis
2140 4547 2479 4605 scandalum.
2716 4610 2720 4614 θ
2801 4573 2854 4589 ..
3189 4550 3195 4555 ι
3272 4560 3275 4565 .

1887 4647 1975 4703 19.
2003 4645 2206 4701 LANl-‘ll.
2239 4641 2585 4707 Providltmus
2626 4641 2792 4696 enim.
2830 4638 2983 4705 ideo,
3007 4638 3213 4709 inquit,
3244 4636 3400 4692 misi-

1813 4752 1934 4793 mus
1958 4751 2068 4800 eos,
2087 4751 2154 4791 ne
2176 4734 2534 4790 ministerium
2560 4742 2803 4787 nostrum
2828 4731 3181 4800 vituperetur,
3214 4727 3405 4783 existi-

1815 4830 2012 4885 mando
2054 4844 2153 4883 nos
2179 4842 2303 4883 esse
2332 4826 2503 4891 fures,
2534 4834 2820 4896 postquam
2851 4824 3082 4877 viderint
3123 4830 3201 4877 tot
3227 4821 3401 4875 bonos

1815 4921 2010 4987 quibus
2060 4918 2529 4980 accommodatur,
2571 4915 2656 4970 vel
2705 4924 2927 4985 propter
2975 4916 3080 4970 hoc
3130 4913 3402 4968 mittimus

1816 5020 1933 5075 tot,
1987 5024 2055 5063 ne
2106 5010 2351 5064 dicamur
2406 5006 2674 5076 negligere
2712 5005 2842 5059 illud
2892 5004 3152 5059 mittendo
3208 5017 3394 5067 unum,

1814 5112 1868 5158 et
1907 5101 2202 5156 existimari
2231 5114 2352 5154 esse
2396 5098 2504 5165 fur,
2533 5097 2616 5154 vel
2661 5097 2930 5169 negligere
2977 5096 3137 5159 illud;
3190 5094 3390 5149 bonum

1813 5205 1896 5251 est
1926 5210 2024 5250 nos
2053 5193 2280 5260 evitare,
2311 5206 2379 5246 ne
2409 5192 2580 5246 simus
2608 5205 2771 5246 causa
2796 5189 2947 5242 malae
2967 5184 3390 5242 existimationis

1815 5302 2034 5353 eorum;
2082 5294 2136 5341 et
2178 5285 2283 5340 hoc
2333 5293 2415 5338 est
2472 5283 2615 5353 quod
2661 5282 2791 5338 dicit
2828 5294 2843 5333 :
2884 5276 3225 5332 Providemus
3258 5277 3396 5329 enim

1804 5383 1976 5451 bona,
2006 5389 2113 5436 etc.

1888 5474 1979 5530 90.
2016 5473 2123 5527 Pro
2162 5472 2294 5526 Tito.
2328 5472 2465 5527 Dicit
2492 5472 2739 5535 fratrem,
2772 5483 2937 5539 quem
2956 5467 3223 5532 mittebat,
3260 5467 3399 5521 mul-

1824 5572 1931 5619 tam
1982 5564 2232 5621 ﬁduciam
2281 5564 2483 5618 habere
2536 5563 2588 5617 in
2641 5560 2740 5628 eis,
2773 5560 2897 5631 quia
2927 5558 3107 5615 Titum
3157 5569 3210 5615 et
3260 5559 3413 5617 alios,

1824 5656 2102 5727 apostolos
2131 5657 2268 5713 bene
2299 5663 2687 5711 tractaverunt.

226 5788 326 5861 (δὲ)
370 5793 604 5864 Epistola
653 5798 935 5870 redundat,
964 5800 1046 5857 vel
1094 5815 1226 5859 sane
1270 5800 1411 5860 inter
1459 5802 1826 5872 parenthesin.
