3964 6290
400 446 406 478 ς
464 432 570 487 ερίδ
1186 432 1191 439 ·
1488 440 1544 495 o.
1588 422 1979 498 LANFRANCI
2018 428 2365 498 caurum.
2411 442 2727 499 ARCIHEP.
3614 447 3727 500 24-.

404 568 417 581 =
465 546 632 597 nostri
662 586 675 609 ,
719 539 945 615 apostoli
998 548 1356 604 Ecclesiarum
1403 550 1559 619 (forte
1606 553 1820 622 quidam
1870 553 2097 621 apostoli
2139 554 2272 607 bona
2323 552 2534 606 illorum
2562 553 2830 621 referendo
2876 554 3304 609 commenaabant
3344 554 3515 620 illos),
3547 555 3730 625 gloria

460 633 684 702 Christi,
715 637 901 705 quibus
926 635 1175 693 Ecclesiis
1221 639 1552 709 glorificatur
1583 641 1844 697 Christus.
1884 641 2021 708 Quia
2060 644 2187 696 tales
2216 651 2356 697 sunt.
2402 643 2493 697 2L
2547 643 2923 699 Ostensionem
2959 658 3108 715 ergo,
3136 638 3255 714 quae
3302 656 3387 701 est
3434 646 3727 703 charitatis

410 772 415 776 .
460 739 679 795 vestrae,
703 739 758 786 et
788 740 987 788 nostra:
1011 735 1319 805 glorite‘pro
1343 736 1517 799 vobis,
1532 737 1658 806 quia
1687 738 1918 790 charitas
1940 753 2120 790 eorum
2149 736 2316 806 gloria
2343 747 2421 790 est
2444 738 2701 807 Apostoli,
2724 740 2775 793 iu
2804 738 2942 805 illos,
2974 757 3102 810 quos
3126 741 3398 807 mittimus,
3426 741 3726 807 ostendite,

459 825 765 881 charitative
793 829 1000 898 recipite
1023 828 1162 894 illos,
1188 830 1241 883 in
1281 829 1471 885 faciem
1497 830 1886 895 Ecclesiarum,
1914 839 1969 883 ut
2004 831 2118 885 sitis
2147 830 2432 900 exemplar.

1779 943 1935 1035 ιω
1964 941 2190 998 CAPUT
2228 942 2321 996 ix.

530 1063 837 1136 Responsio.
887 1064 961 1120 De
1000 1067 1287 1135 receptione
1318 1067 1529 1120 illorum
1568 1066 1757 1135 scripsi
1793 1066 1970 1128 vobis,
2014 1075 2063 1118 et
2107 1082 2210 1118 non
2250 1064 2315 1118 de
2344 1063 2642 1118 collectione
2676 1083 2695 1119 :
2735 1078 2858 1118 nam
2888 1063 2954 1118 de
2995 1064 3327 1127 ministerio,
3380 1059 3529 1130 quod
3568 1059 3630 1115 lit
3667 1058 3731 1115 in

457 1170 708 1226 sanctos,
749 1176 814 1215 ex
856 1160 1186 1227 abundanti,
1221 1166 1542 1234 super/tuum
1581 1174 1665 1217 est
1698 1163 1829 1217 mihi
1860 1162 2098 1217 scribere
2127 1162 2299 1216 vobis.
2344 1159 2480 1214 Ecce
2509 1178 2622 1214 cur.
2658 1159 2785 1215 Scio
2820 1161 2961 1215 enim
2994 1166 3298 1228 promptum
3355 1156 3601 1211 animum
3628 1172 3733 1212 ve-

457 1265 630 1309 strum
653 1296 666 1318 ,
691 1271 790 1324 pro
811 1271 917 1325 quo
940 1256 1007 1310 de
1032 1257 1181 1311 vobis
1204 1256 1407 1326 glorior
1429 1258 1567 1327 apud
1595 1257 1915 1312 Macedones
1932 1258 2135 1326 (dicens
2159 1255 2438 1326 Apostolus
2466 1256 2778 1310 Macedones
2795 1295 2810 1321 ,
2837 1254 3088 1309 Achaiam
3107 1263 3349 1323 paratam
3366 1253 3496 1306 dicit
3519 1263 3577 1305 ut
3599 1252 3735 1305 inde

456 1350 718 1405 Corinthii
750 1353 927 1420 parati
948 1354 1326 1422 inveniantur).
1354 1356 1404 1407 1.
1429 1352 1695 1419 Quoniam
1726 1361 1781 1406 et
1810 1353 2010 1407 Achaia
2050 1334 2236 1422 parata
2268 1362 2352 1407 est
2392 1353 2460 1406 ab
2489 1367 2630 1406 anno
2672 1352 2977 1421 praeterito,
3009 1359 3064 1405 et
3106 1351 3182 1404 sic
3221 1359 3405 1405 vestra
3441 1348 3734 1404 aemulatio

414 1443 421 1451 ’
452 1448 771 1517 provocavit
801 1449 1079 1519 plurimos.
1114 1448 1231 1504 Misi
1256 1459 1434 1504 autem
1466 1449 1716 1519 praefatos
1740 1448 1970 1511 fratres,
2003 1458 2062 1503 ut
2090 1465 2155 1503 ne
2178 1449 2321 1517 quod
2351 1448 2647 1518 gloriamur
2669 1448 2735 1502 de
2756 1447 2939 1511 vobis,
2970 1447 3028 1500 id
3056 1456 3161 1511 est,
3190 1446 3403 1515 gloriati
3434 1463 3625 1500 sumus
3659 1446 3729 1498 de

416 1539 595 1599 ‘vobis
622 1545 767 1614 apud
801 1564 919 1613 vos,
955 1556 1251 1603 evacuatur
1286 1546 1446 1617 (quod
1472 1556 1637 1611 esset,
1672 1548 1718 1601 si
1750 1563 1853 1600 non
1887 1555 2159 1616 parassent
2194 1545 2349 1615 illud)
2382 1546 2435 1599 in
2474 1545 2577 1599 hac
2610 1554 2792 1614 parte,
2829 1545 2882 1596 in
2917 1544 3188 1612 referenda
3221 1544 3628 1604 communione,
3669 1551 3735 1596 ut

417 1626 423 1651 ⁸
450 1639 932 1711 (quemadmodum
966 1642 1099 1711 dixi)
1132 1643 1305 1711 parati
1335 1643 1486 1704 sitis,
1521 1657 1587 1696 ne
1612 1656 1737 1696 cum
1760 1643 1829 1695 ad
1856 1657 1941 1695 vos
1965 1642 2211 1695 venerint
2236 1640 2552 1696 Macedones
2581 1656 2824 1703 mecum,
2843 1647 2896 1694 et
2929 1640 3233 1694 invenerint
3254 1653 3350 1694 vos
3379 1640 3726 1707 imparatos,

422 1746 425 1749 '
451 1737 507 1791 2.
531 1738 919 1792 erubescamus
942 1736 1053 1791 "nos
1078 1737 1142 1790 de
1179 1738 1277 1791 hoc
1302 1737 1439 1807 quod
1466 1737 1677 1807 gloriati
1702 1753 1884 1791 sumus
1915 1736 1978 1790 de
2015 1737 2155 1790 vobis
2178 1777 2193 1801 ,
2226 1744 2286 1791 ut
2314 1751 2420 1790 non
2460 1737 2705 1791 dicamus
2726 1751 2823 1791 vos
2852 1735 2904 1789 in
2933 1735 3034 1791 hac
3063 1734 3369 1789 substantia
3389 1774 3405 1799 ,
3437 1732 3735 1787 collatione

452 1836 613 1905 (quod
637 1843 796 1899 esset,
827 1834 875 1887 si
896 1849 997 1886 non
1018 1843 1289 1902 parassent
1310 1832 1486 1903 illud).
1514 1833 1579 1887 Et
1612 1849 1676 1886 ne
1697 1833 2061 1887 erubescamus
2086 1832 2367 1895 vobiscum,
2398 1832 2766 1907 necessarium
2791 1845 2919 1899 ergo
2944 1829 3249 1895 existimavi
3271 1842 3469 1898 rogare
3494 1826 3733 1891 fratres,

422 1938 508 1984 ἰιι
537 1908 879 1999 przeveniant
905 1929 971 1981 ad
1003 1944 1127 1992 vos,
1170 1928 1221 1981 5.
1265 1938 1317 1983 et
1358 1937 1692 1999 praeparent,
1724 1930 1905 1998 parari
1940 1928 2140 1997 faciant
2177 1945 2209 1982 a
2246 1928 2421 1991 vobis,
2473 1928 2857 1997 repromissam
2902 1926 3332 1982 benedictionem
3371 1926 3515 1981 hanc
3558 1924 3739 1995 (dona

434 2025 709 2097 pecuniis)
740 2033 985 2096 paratam
1022 2038 1142 2079 esse
1178 2024 1260 2078 sic
1305 2024 1511 2095 (datam
1567 2023 1884 2095 voluntarie)
1923 2025 2078 2094 quasi
2116 2025 2581 2089 benedictionem,
2619 2040 2725 2079 nou
2764 2034 3020 2094 tanquam
3054 2024 3373 2088 avaritiam,
3416 2023 3738 2090 nonjnvite

451 2124 654 2199 datam.
688 2123 799 2179 lloc
825 2131 1003 2176 autem
1045 2122 1199 2183 dico,
1235 2123 1358 2190 quia
1396 2138 1554 2175 avare
1594 2138 1697 2175 non
1734 2121 1930 2175 debetis
1971 2121 2132 2187 dare,
2164 2121 2281 2175 ideo
2321 2122 2485 2191 quia:
2526 2121 2627 2187 Qui
2669 2136 2834 2191 parce
2871 2121 3138 2183 seminat,
3179 2136 3335 2173 avare
3369 2118 3496 2183 dat,
3522 2132 3737 2187 parce,

450 2219 605 2285 nihil,
634 2227 689 2274 et
711 2226 909 2284 metet;
938 2226 992 2271 et
1016 2216 1072 2270 4.
1097 2218 1190 2286 qui
1221 2218 1483 2279 seminat,
1509 2217 1753 2271 hilariter
1779 2218 1901 2283 dat,
1930 2218 1983 2271 in
2014 2217 2519 2283 benedictionibus,
2548 2218 2820 2287 largitate,
2848 2218 2916 2272 de
2946 2215 3413 2273 benedictionibus
3436 2225 3492 2270 et
3522 2225 3731 2270 metet.

451 2312 521 2366 Et
549 2324 758 2383 propter
786 2314 881 2367 hoc
900 2354 914 2376 ,
950 2311 1333 2381 Unusquisque
1355 2320 1515 2382 prout
1543 2312 1831 2368 destinavit
1852 2352 1867 2377 ,
1899 2312 2002 2366 sive
2034 2312 2281 2377 multum,
2304 2313 2410 2367 sive
2433 2329 2620 2381 parum
2640 2353 2654 2376 ,
2679 2313 2735 2366 in
2754 2314 2915 2367 corde
2947 2328 3074 2376 suo,
3108 2313 3195 2366 det
3216 2329 3325 2368 non
3357 2328 3420 2367 ex
3457 2314 3735 2379 tristitia,

366 2406 375 2411 ‘
453 2411 548 2456 aut
592 2420 657 2458 ex
699 2404 1059 2473 necessitate,
1092 2408 1147 2459 id
1191 2417 1299 2472 est,
1340 2408 1633 2472 coactione,
1667 2407 1757 2461 sed
1800 2408 2104 2473 hilaritate;
2138 2407 2366 2462 hilarem
2407 2409 2552 2463 enim
2589 2409 2830 2463 datorem
2869 2408 3039 2479 diligit
3070 2410 3232 2463 Deus.
3280 2408 3345 2461 Et
3382 2426 3446 2464 ne
3488 2409 3742 2463 timearis

449 2499 689 2569 deficere.
720 2500 916 2557 Potens
939 2511 1021 2559 est
1046 2513 1226 2560 autem
1244 2545 1259 2569 ,
1283 2506 1421 2559 enim
1437 2545 1452 2567 ,
1475 2505 1617 2560 Deus
1638 2520 1855 2559 omnem
1874 2504 2102 2572 gratiam
2126 2545 2141 2569 ,
2162 2504 2486 2572 spiritualem
2509 2516 2555 2559 et
2576 2503 2902 2575 corporalem
2920 2546 2934 2569 ,
2960 2506 3235 2560 abundare
3258 2507 3437 2560 facere
3458 2506 3513 2560 in
3545 2506 3742 2571 vobis,

451 2595 538 2662 (ne
560 2597 678 2666 quis
703 2596 895 2652 diceret
928 2617 940 2652 :
978 2598 1038 2654 Si
1073 2600 1254 2653 darem
1279 2615 1397 2668 qua:
1425 2599 1621 2663 habeo,
1650 2609 1828 2668 postea
1861 2615 2058 2667 egerem
2080 2639 2095 2664 ,
2128 2600 2420 2668 subjunxit.
2448 2598 2642 2654 Potens
2670 2610 2746 2653 est
2784 2598 2922 2654 Deus
2950 2617 3151 2654 omnem
3181 2603 3411 2671 gratiam
3438 2602 3740 2657 abundare

454 2691 651 2761 facere,
674 2694 730 2746 id
756 2704 849 2757 est,
866 2695 1324 2765 justi/icationem,
1352 2704 1400 2749 et
1430 2696 1634 2764 capiam
1657 2711 1829 2748 rerum
1852 2694 2121 2764 tribuere),
2149 2705 2207 2749 ut
2228 2697 2281 2749 in
2303 2695 2555 2750 omnibus
2578 2711 2791 2766 semper
2815 2712 3032 2771 omnem
3055 2694 3430 2752 suliicientiam
3457 2698 3743 2767 corporis,

446 2798 502 2843 et
521 2793 713 2844 anima:
734 2792 1031 2854 habentes,
1064 2789 1350 2844 abundetis
1378 2789 1433 2843 in
1463 2804 1623 2843 omne
1648 2803 1779 2857 opus
1806 2789 2006 2843 bonum
2025 2830 2041 2854 ,
2071 2790 2210 2846 sicut
2237 2792 2499 2861 scriptum
2528 2800 2613 2846 est
2637 2792 2691 2846 in
2719 2792 2921 2862 psalmo
2948 2808 3008 2846 Ill
3035 2809 3048 2846 :
3078 2792 3369 2862 Dispersit,
3400 2793 3556 2848 dedit
3584 2808 3746 2862 pau-

448 2888 701 2960 peribus;
733 2888 785 2943 5.
807 2888 1017 2959 jnstitia
1042 2886 1158 2955 ejus
1187 2896 1375 2941 manet
1398 2886 1452 2941 in
1477 2884 1731 2940 saeculum
1760 2884 1963 2940 steculi.
1991 2885 2283 2955 Descriptio
2310 2904 2405 2957 pro
2445 2888 2727 2957 descripto.
2749 2887 2800 2942 6.
2828 2886 2931 2955 Qui
2954 2897 3132 2944 autem
3161 2889 3508 2944 administrat
3529 2904 3743 2945 semen

446 2984 587 3053 quod
610 2986 695 3039 det
726 2987 1048 3050 seminanti,
1074 2985 1258 3049 danti;
1289 2994 1343 3038 et
1368 2998 1595 3053 panem,
1629 2984 1834 3053 copiam
1872 2999 2081 3049 rerum,
2115 2983 2181 3036 ad
2223 2984 2689 3050 manducandum,
2715 2985 2838 3039 dato
2866 2984 2990 3050 illo,
3025 2986 3165 3041 vobis
3197 2986 3505 3055 praestabit,
3540 2986 3598 3039 7.
3634 2995 3739 3052 et,

448 3089 506 3133 ut
534 3080 653 3135 aliis
684 3081 846 3151 108
871 3082 1266 3135 subministrare
1283 3081 1491 3149 possitis
1510 3119 1533 3151 ,ν
1560 3077 1938 3147 multiplicahit
1963 3093 2148 3133 semen
2178 3088 2450 3143 vestrum,
2483 3088 2540 3133 et
2563 3081 2781 3150 augebit
2806 3080 3088 3150 (repetitio)
3114 3080 3451 3135 incrementa
3490 3081 3741 3153 frugum

440 3175 670 3245 iustitia:
700 3186 927 3242 vestrae;
958 3177 1093 3231 bona
1126 3193 1315 3247 opera,
1339 3175 1525 3245 quibus
1550 3174 1915 3245 justiﬁccmini
1935 3216 1949 3237 ,
1978 3173 2111 3229 utin
2147 3175 2399 3230 omnibus
2428 3175 2707 3247 (repetitio)
2741 3176 3051 3246 locupletati
3083 3177 3372 3231 abundetis
3411 3177 3464 3231 in
3496 3193 3746 3235 omnem

445 3271 881 3341 simplicitatem,
930 3286 1051 3341 qua:
1104 3279 1358 3341 operatur
1401 3285 1497 3339 per
1544 3285 1645 3324 nos
1688 3270 1989 3341 gratiarum
2033 3271 2301 3325 actionem
2350 3270 2493 3336 Deo,
2532 3272 2586 3326 id
2621 3283 2726 3337 est,
2767 3274 3115 3328 ministerium
3154 3282 3421 3337 nostrum,
3462 3286 3747 3343 operante

444 3366 781 3436 simplicitate
808 3377 1008 3432 vestra,
1038 3376 1286 3436 operatur
1316 3366 1609 3436 gratiarum
1644 3366 1902 3419 actionem
1941 3365 2067 3426 Deo.
2094 3364 2359 3431 Quoniam
2390 3365 2705 3435 (gratiarum
2742 3366 3000 3421 actionem
3035 3368 3269 3438 exponit)
3302 3368 3704 3425 ministerium
3726 3411 3746 3439 ,

443 3459 500 3515 id
520 3470 596 3515 est
617 3501 632 3526 ,
658 3460 1046 3516 administratio
1067 3462 1295 3517 dationis
1311 3502 1324 3525 ,
1352 3460 1522 3529 hujus
1540 3460 1699 3516 oﬂicii
1716 3501 1731 3526 ,
1756 3460 2109 3531 simplicitatis
2136 3470 2347 3524 vestrte,
2371 3462 2424 3518 8.
2450 3477 2559 3516 non
2581 3462 2757 3516 solum
2782 3461 2995 3531 supplet
3017 3454 3081 3516 ea
3108 3477 3229 3532 quas
3248 3462 3445 3518 desunt
3470 3465 3708 3519 sanctis
3726 3506 3743 3532 ,

445 3564 525 3609 est
553 3553 971 3625 supplementum
1001 3557 1196 3625 inopia:
1232 3567 1570 3621 sanctorum,
1604 3556 1698 3611 sed
1725 3556 1888 3611 etiam
1920 3556 2160 3611 abundat
2187 3572 2286 3625 per
2310 3557 2508 3613 multas
2539 3558 2835 3629 gratiarum
2861 3557 3103 3613 actiones
3129 3559 3183 3613 in
3218 3558 3483 3624 Domino,
3516 3561 3578 3613 id
3613 3572 3744 3625 est,

443 3659 660 3719 propter
688 3649 786 3703 hoc
820 3650 961 3719 quod
1003 3651 1236 3719 inopiam
1276 3660 1579 3704 sanctorum
1611 3650 1891 3721 suppletis,
1928 3654 2128 3721 gratias
2153 3662 2313 3723 agunt
2346 3653 2454 3707 Deo
2485 3654 2669 3719 multi,
2703 3667 2799 3723 per
2830 3654 3204 3723 probationem
3226 3697 3240 3722 ,
3269 3667 3485 3727 propter
3524 3656 3749 3712 lauda-

445 3746 664 3804 tionem.
720 3747 1005 3803 ministerii
1048 3747 1238 3818 hujus,
1282 3748 1337 3801 id
1373 3758 1478 3814 est,
1518 3759 1713 3804 nostra:
1752 3750 2101 3819 operationis,
2140 3760 2189 3805 et
2232 3762 2418 3806 vestrtc
2454 3748 2717 3821 largitatis
2763 3751 3173 3822 (gloriﬁcantes)
3219 3769 3313 3822 per
3356 3752 3554 3806 multos
3600 3753 3747 3807 dico

445 3839 614 3898 Deum
642 3843 695 3898 9.
728 3843 782 3897 in
819 3844 1155 3910 ohedientia,
1181 3855 1390 3915 propter
1424 3845 1769 3900 obedientiam
1795 3862 1951 3915 quam
1994 3846 2193 3901 habetis
2222 3850 2278 3902 in
2307 3846 2591 3920 Evangelia
2628 3865 2722 3919 per
2742 3848 3166 3919 prcedicationem
3204 3859 3464 3913 nostram,
3493 3848 3747 3905 confes-

684 3938 689 3942 ’
1791 3939 2360 3999 COMMENTARIUS.
2794 3942 2803 3967 ⁷
2845 3959 2849 3963 ·

515 4053 605 4107 21.
640 4052 1018 4107 Ostensionem.
1044 4054 1096 4108 ln
1127 4054 1231 4109 illis
1253 4094 1269 4119 ,
1317 4054 1513 4123 inquit,
1541 4068 1678 4123 quos
1705 4052 1856 4107 vobis
1897 4054 2019 4107 mit-
2049 4044 2097 4102 Α
2126 4056 2328 4111 detinet
2350 4056 2490 4126 quod
2516 4058 2586 4112 sit
2612 4058 2860 4113 omnibus
2891 4058 3095 4113 datum.

448 4145 637 4212 timus,
668 4145 940 4222 ostendite
961 4162 1120 4215 quam
1146 4147 1467 4201 cbaritatem
1510 4144 1776 4211 habeatis,
1810 4154 1864 4201 et
1906 4162 2026 4216 quae
2202 4146 2254 4199 6.
2283 4145 2487 4200 Lam-1t.
2533 4147 2638 4212 Qui
2668 4158 2839 4201 autem
2869 4148 3224 4201 administrat.
3254 4148 3309 4201 ld
3340 4155 3461 4213 est,
3488 4148 3589 4216 qui
3635 4148 3749 4202 dat.

448 4237 589 4293 bona
623 4237 695 4291 sit
719 4235 968 4306 gloriatio
998 4246 1175 4291 vestra
1214 4236 1521 4309 pro'nobis.
2133 4237 2287 4293 vobis
2329 4239 2471 4291 unde
2513 4238 2909 4309 eleemosynam
2959 4237 3193 4304 faciatis,
3238 4239 3386 4293 dabit
3429 4237 3576 4291 unde
3600 4249 3747 4310 post

517 4328 670 4386 CAP.
701 4330 791 4385 IX.
822 4361 892 4371 --
920 4333 969 4386 l.
1001 4330 1236 4391 Asianos.
1276 4330 1535 4396 Quoniam
1573 4329 1773 4384 Achaia
1814 4341 2025 4400 parata.
2129 4329 2309 4383 datam
2356 4328 2753 4401 eleemosynam
2802 4345 2895 4384 vos
2943 4340 3250 4385 sustentare
3308 4330 3553 4400 possitis.
3611 4330 3753 4387 Nec

450 4423 577 4479 Post
604 4422 928 4478 Macedonas
947 4463 962 4487 ,
988 4422 1250 4478 Achaiam
1279 4421 1408 4477 dicit
1434 4428 1699 4492 paratam.
1732 4420 1934 4478 Deinde
1965 4432 2027 4478 ut
2128 4429 2345 4488 propter
2367 4422 2468 4474 hoc
2490 4429 2664 4475 tamen
2691 4420 3022 4483 remanebit,
3044 4420 3258 4489 quando
3281 4420 3500 4490 quidem
3524 4436 3747 4478 semen

446 4512 713 4569 Corinthii
739 4496 870 4567 [iant
890 4512 1083 4583 parati.
1168 4526 1171 4527 '
1646 4514 1649 4515 ⁷
1828 4494 1829 4501 γ
2128 4511 2449 4583 multiplicet
2479 4524 2533 4567 et
2566 4512 2744 4582 fruges
2770 4528 3015 4567 crescere
3036 4511 3220 4567 faciat.

517 4605 575 4667 2.
610 4604 816 4659 Laure.
854 4603 1239 4659 Erubescamus
1267 4620 1372 4659 vos.
1415 4604 1472 4659 Si
1502 4605 1788 4676 imparati.
1820 4606 2033 4677 inquit,
2147 4607 2150 4611 ’
2198 4603 2249 4656 7.
2290 4602 2530 4660 Asianos.
2572 4602 2640 4657 Et
2679 4603 3065 4672 multiplicabit.
3108 4605 3264 4659 Danti
3304 4603 3483 4670 addit,
3538 4612 3613 4659 ut.
3667 4619 3755 4661 eo

447 4698 692 4764 fueritis,
739 4715 840 4755 nos
875 4698 1256 4754 verecundiam
1298 4695 1618 4751 habebimus
1663 4696 1716 4751 iu
1755 4698 1855 4751 hac
1893 4697 2023 4753 sub-
2128 4692 2361 4762 amplius
2392 4693 2589 4749 habeat
2620 4693 2760 4747 unde
2788 4692 2995 4765 largiri.

446 4794 646 4849 stantia
670 4835 685 4860 ,
716 4787 767 4848 id
796 4798 910 4859 est,
936 4793 1302 4863 eleemosyna,
1329 4804 1424 4844 vos
1456 4780 1683 4845 forsitan
1712 4805 1819 4844 non
1856 4789 2020 4847 habe-
2196 4785 2249 4839 8.
2295 4784 2495 4839 Laure.
2548 4784 2671 4839 Non
2698 4785 2867 4839 solum
2912 4782 3110 4853 supplet
3155 4802 3237 4837 ea.
3288 4783 3537 4851 Quatuor
3583 4786 3745 4845 dicit,

443 4884 593 4940 bilis,
2128 4876 2242 4930 lieri
2267 4891 2363 4948 per
2385 4876 2905 4931 administrationem
2931 4876 3087 4944 hujus
3109 4873 3268 4929 oﬂicii
3286 4915 3300 4940 ,
3330 4875 3521 4939 idest,
3546 4875 3742 4934 bene-

514 4977 570 5031 δ,
611 4976 683 5031 Et
710 4986 1024 5047 ρηερανεηε,
1051 4976 1196 5032 ordo
1222 4995 1235 5030 ε
1265 4975 1337 5033 Ur
1362 4985 1669 5047 pmparcm
1694 4974 2023 5033 benedictio.
2128 4968 2256 5021 ﬁcii.
2287 4967 2502 5022 Sanctis
2530 4968 2671 5022 enim
2704 4968 2794 5037 qui
2828 4977 2953 5022 sunt
2982 4966 3368 5039 Hierosolymis
3391 4970 3741 5026 necessaria

444 5082 569 5125 nem
613 5068 756 5123 hanc
806 5067 1190 5137 repromissam
1242 5078 1484 5137 paratam
1543 5083 1697 5134 esse,
1743 5069 1822 5124 sic
1869 5071 2022 5138 quasi
2125 5060 2321 5115 exinde
2352 5060 2750 5124 ministrantur,
2778 5071 2835 5114 et
2871 5076 2964 5130 per
2988 5060 3183 5115 multos
3220 5059 3747 5128 alios,probantes

444 5160 909 5225 benedictionem,
949 5172 1056 5211 non
1097 5162 1250 5228 quasi
1302 5160 1611 5213 avaritiam.
1656 5159 2025 5215 Promiserant
2125 5153 2228 5207 hoc
2255 5150 2615 5205 milliSlel‘ium
2640 5191 2656 5216 9
2688 5152 2873 5221 gratiae
2915 5150 3023 5206 980
3063 5153 3396 5217 referantur;
3425 5163 3481 5207 et
3518 5156 3747 5224 multi,

448 5252 593 5305 enim
623 5251 885 5321 Apostolo
913 5250 1056 5320 quod
1089 5251 1163 5304 ita
1194 5262 1561 5321 prmpararent
1593 5252 1986 5324 eleemosynam
2006 5294 2019 5317 ,
2124 5242 2372 5315 exemplo
2393 5240 2797 5296 Corinthiorum
2825 5244 3126 5312 provocati,
3158 5252 3213 5299 et
3249 5244 3352 5298 illis
3381 5246 3601 5303 sanctis
3629 5252 3735 5318 qui

440 5341 748 5399 benedictio
822 5357 929 5397 non
981 5342 1206 5396 avaritia
1256 5340 1413 5415 [forte
1464 5344 1837 5399 benedictione
1911 5360 2015 5400 non
2052 5408 2088 5415 _
2123 5335 2651 5405 εῠηιΗίθτοδοῙΥωίδ
2674 5343 2729 5390 ει
2761 5335 2940 5389 mimis
2966 5334 3085 5391 ams
3112 5336 3343 5405 Plurim“
3372 5336 3747 5407 Ῑίπὲίυηιιιτμ

444 5434 721 5505 πωπω.
1257 5408 1289 5415 ’⁷
2051 5408 2095 5463 Β
2124 5436 2180 5482 ιιι
2206 5436 2261 5483 et
2301 5429 2446 5499 ipsos
2487 5427 2798 5483 Corinthios
2826 5427 3072 5492 videant,
3113 5437 3333 5498 propter
3369 5429 3735 5489 eminentem

471 5532 478 5539 '
513 5526 567 5579 4.
598 5524 837 5580 Αιιηιιοε.
871 5526 975 5593 Qui
1000 5530 1219 5585 seminat
1248 5531 1302 5585 in
1332 5531 1795 5588 benedictionibus.
1834 5532 1934 5588 Hic
1964 5533 2017 5587 in
2123 5521 2352 5593 gratiam
2374 5561 2389 5585 ο
2417 5535 2577 5587 quam
2600 5520 2830 5584 habent,
2855 5520 3040 5574 εθάυίο
3063 5535 3157 5576 605
3176 5521 3565 5605 deprecamur.

441 5617 917 5677 benedictionibus
962 5620 1222 5689 seminat,
1265 5622 1356 5692 qui
1410 5625 1552 5678 bona
1603 5624 1875 5680 voluntate
1923 5637 2019 5694 spe
2194 5615 2249 5671 9.
2298 5615 2360 5668 In
2392 5615 2766 5687 obedientiam,
2795 5615 2846 5669 id
2883 5624 2995 5695 est,
3028 5618 3153 5686 quia
3186 5617 3312 5671 dum
3343 5617 3743 5689 Evangelinm.

445 5706 641 5763 futurae
662 5710 1030 5767 "ctributionis
1053 5714 1153 5768 hoc
1175 5713 1303 5783 agit.
2124 5706 2323 5762 Christi
2350 5706 2513 5761 'vobis
2548 5708 2894 5776 prmdicaret,
2934 5709 3115 5763 statim
3153 5709 3472 5765 obedientcs
3523 5710 3742 5774 frtiSlls.

517 5802 573 5857 5.,
601 5800 819 5858 Iustitia
847 5807 958 5875 ejus
987 5816 1180 5861 manet.
1206 5805 1392 5864 Justus
1419 5815 1501 5864 est
1533 5806 1623 5879 qui
1653 5805 1756 5861 sibi
1787 5804 1883 5861 soli
1910 5819 2014 5860 non
2122 5800 2189 5857 ad
2215 5800 2899 5857 conﬁtendumChristum.
