3880 6306
148 395 236 445 ius
859 391 927 447 ιχ
954 394 1015 450 n.
1048 391 1254 450 PAULI
1282 387 1499 467 uulsa.
1536 388 1892 447 COMMENT.
1923 421 1993 431 —
2014 389 2229 447 EPIST.
2258 390 2302 446 ιι
2338 391 2426 445 AD
2456 379 2613 448 con;
3233 392 3361 448 ειδν

112 578 115 581 _
148 504 289 559 sionis
311 511 523 567 vestrm,
548 503 611 556 ad
636 505 1017 574 conﬁtendum,
1045 508 1123 563 vel
1157 508 1225 562 ad
1255 507 1348 562 Dei
1375 506 1616 572 laudent,
1645 505 1722 560 vel
1748 506 1817 560 ad
1844 506 2138 575 conﬁtenda
2165 516 2376 576 peccata
2399 515 2598 574 vestra,
2629 506 2683 561 in
2711 505 3063 578 Evangelium
3098 502 3301 566 Cliristi
3322 549 3338 572 ,

146 599 315 652 scilicet
354 598 608 663 abundat,
645 595 1108 673 et'simplicitale,
1150 603 1425 675 largitate,
1464 602 1972 658 communicationis
2007 612 2199 659 vestra:
2226 604 2277 658 'rn
2321 603 2468 669 illos,
2499 610 2553 659 et
2592 604 2646 658 in
2681 617 2871 660 omnes
2908 604 3170 671 abundat,
3200 614 3257 660 et
3287 605 3338 659 in

147 696 353 763 ipsorum
381 693 747 751 obsecratione
785 698 926 767 facta
968 715 1066 769 pro
1096 699 1276 764 vobis,
1308 700 1541 769 ipsorum
1568 700 1721 763 dico,
1748 699 2205 765 desiderantium,
2237 696 2590 769 diligentium,
2632 714 2729 754 vos
2764 710 2985 770 propter
3016 699 3340 755 eminentem

144 791 342 859 gratiam
371 789 458 843 Dei
492 790 544 844 in
567 790 738 847 vobis.
764 792 915 849 Unde
938 794 1156 851 Gratias
1182 809 1311 866 ago,
1343 793 1615 863 referimus
1632 832 1649 859 ,
1675 792 1786 848 Deo
1814 807 1979 864 super
2002 794 2349 851 inenarrabili
2374 835 2387 860 ,
2409 795 2463 848 id
2484 803 2587 860 est,
2614 794 2752 864 quod
2797 794 2942 849 debet
2973 793 3210 849 enarrari
3227 835 3244 861 ,
3266 791 3349 848 vel.

140 884 391 940 enarrabili
418 885 558 941 dono
586 888 724 958 ejus.
1198 914 1201 917 -
1556 956 1783 1014 CAPUT
1822 957 1867 1013 Χ
1892 904 1895 905 ν

196 1064 297 1135 ipse
319 1073 493 1120 autem
525 1081 624 1137 ego
654 1067 851 1126 Paulus
899 1071 1129 1127 obsecro
1153 1086 1251 1127 vos
1282 1086 1381 1141 per
1406 1073 1871 1129 mansuetudinem
1905 1079 1961 1129 et
1992 1072 2310 1128 modestiam
2337 1071 2536 1127 Christi
2576 1070 2779 1142 (contra
2803 1086 2890 1126 eos
2920 1079 3057 1143 agit,
3096 1071 3187 1143 qui
3206 1070 3345 1124 dice-

140 1162 241 1213 bant
272 1177 380 1214 eum
408 1173 712 1230 praesentem
750 1163 1017 1218 humiliter
1044 1164 1218 1234 loqui;
1256 1166 1516 1222 absentem
1554 1184 1670 1222 vero
1705 1168 1938 1222 minari:
1968 1164 2287 1221 obsecrando
2342 1183 2433 1236 per
2469 1184 2584 1224 eam
2622 1169 2891 1229 virtutem,
2928 1181 3044 1237 quae
3081 1167 3217 1221 inter
3252 1181 3338 1219 eos

138 1249 296 1302 habere
319 1249 624 1321 desiderat),
671 1254 761 1321 qui
795 1253 846 1306 in
889 1252 1027 1307 facie
1062 1255 1277 1324 quidem
1298 1296 1314 1319 ,
1343 1258 1397 1311 in
1421 1258 1701 1326 prccsentia
1728 1268 1931 1323 vestra,
1971 1259 2189 1313 humilis
2219 1274 2336 1313 sum
2367 1257 2749 1336 (ironia)qinter
2774 1273 2898 1327 vos;
2932 1260 3127 1316 absens
3165 1269 3344 1314 autem

138 1342 319 1396 conﬁdo
343 1344 392 1397 in
419 1345 598 1411 vobis,
624 1348 944 1414 conﬁdenter
972 1349 1243 1404 criminor.
1272 1350 1423 1421 Rogo
1448 1360 1629 1407 autem
1650 1366 1778 1421 vos,
1811 1353 2004 1407 scilicet
2036 1362 2091 1407 ut
2127 1354 2202 1406 ita
2230 1353 2411 1407 vivatis
2429 1392 2446 1419 ,
2471 1367 2540 1407 ne
2570 1366 2806 1423 prmsens
2828 1354 2879 1407 1.
2909 1355 3132 1409 audeam
3162 1355 3217 1408 2.
3249 1368 3348 1425 per

137 1450 233 1490 eam
257 1437 661 1506 conﬁdentiam,
687 1442 741 1495 id
770 1452 874 1507 est,
907 1444 1189 1513 ﬁduciam,
1215 1447 1409 1503 scilicet
1430 1450 1694 1516 veritatis,
1724 1465 1829 1520 qua
1861 1467 1893 1503 a
1922 1449 2063 1504 vobis
2091 1449 2374 1506 existimor
2399 1450 2582 1504 absens
2614 1451 2816 1505 audere
2846 1450 2900 1504 in
2928 1450 3214 1520 quosdam;
3255 1449 3345 1517 qui

136 1534 437 1590 arbitrantur
473 1552 577 1591 nos
619 1545 875 1609 tanquam
921 1541 1221 1596 secundum
1265 1557 1481 1600 carnem
1524 1545 1888 1610 ambulemus,
1930 1545 1985 1599 id
2024 1554 2129 1611 est,
2163 1544 2399 1600 carnalia
2442 1560 2534 1598 nos
2571 1544 2873 1614 diligamus.
2909 1543 2967 1598 In
2999 1556 3161 1598 carne
3201 1542 3347 1597 enim

136 1631 433 1688 ambulantes
459 1651 664 1698 sumus,
694 1637 750 1689 id
771 1650 875 1703 est,
900 1639 955 1691 in
985 1656 1141 1693 carne
1177 1641 1450 1695 existimas
1484 1640 1607 1714 (non
1637 1651 1713 1696 est
1741 1644 1837 1697 hoc
1868 1643 1924 1696 in
1949 1641 2145 1696 malam
2172 1644 2394 1712 partem)
2424 1655 2529 1696 non
2567 1639 2859 1696 secundum
2894 1654 3112 1695 carnem
3148 1636 3350 1691 milita.

137 1740 257 1785 mus.
282 1728 335 1780 id
352 1739 454 1793 est,
489 1731 730 1787 carnalia
760 1750 861 1788 non
901 1734 1187 1804 diligimus.
1224 1738 1280 1800 '5,
1317 1737 1372 1791 4.
1406 1737 1541 1792 Nam
1582 1754 1735 1793 arma
1759 1739 1931 1808 (arma
1958 1738 2076 1792 ideo
2105 1738 2265 1803 dicit,
2301 1737 2425 1806 quia
2451 1729 2725 1806 repugnat
2761 1734 2920 1805 vitiis)
2954 1733 3114 1803 109
3142 1731 3348 1785 militiae

136 1830 302 1879 nostra?
328 1840 435 1880 non
456 1827 703 1882 carnalia
746 1837 904 1895 sunt,
953 1830 1049 1885 sed
1094 1831 1333 1899 potentia
1362 1830 1503 1897 Deo,
1532 1848 1624 1902 per
1648 1832 1829 1886 Deum
1853 1831 2222 1902 tmetaphorice
2269 1828 2520 1901 loquitur)
2562 1837 2743 1882 contra
2772 1828 3112 1889 munitiones,
3143 1822 3198 1877 id
3236 1831 3342 1883 est,

135 1916 381 1968 sententias
424 1917 854 1985 philosophorum
896 1919 1218 1990 iniquorum.
1249 1919 1305 1974 5.
1341 1920 1424 1975 Ad
1457 1922 1878 1977 destructionem
1922 1921 2278 1977 munitionum
2324 1920 2618 1989 (ocrearum
2645 1926 2977 1989 potestatum,
3005 1913 3340 1983 militamus),

137 2006 180 2060 ϐ.
211 2008 417 2063 consilia
449 2022 635 2065 contra
662 2012 829 2067 Deum
860 2013 1210 2070 destruentes
1232 2055 1246 2079 ,
1274 2024 1329 2069 et
1353 2030 1567 2072 omnem
1591 2016 1953 2082 altitudinem,
1978 2017 2291 2085 superbiant,
2326 2012 2675 2070 extollentem
2700 2026 2758 2068 se
2784 2011 3043 2067 adversus
3065 2009 3363 2065 scientiam

135 2103 236 2166 Dei,
263 2113 311 2159 et
337 2105 387 2159 7.
413 2106 464 2160 in
490 2108 862 2175 captivitatem
909 2110 1241 2181 redigentes,
1273 2111 1327 2164 id
1361 2105 1468 2176 es't,
1521 2114 1875 2167 subtrahimus
1915 2112 2123 2167 diabolo
2170 2124 2382 2168 omnem
2434 2111 2923 2181 prwdestinatorum
2985 2103 3348 2163 intellectum.

133 2192 465 2264 intelligentem
486 2238 503 2260 ,
528 2197 584 2250 8.
618 2197 672 2251 in
702 2199 1018 2269 obsequium
1042 2200 1284 2271 Christi,
1314 2202 1383 2256 ad
1411 2202 1708 2271 obsequium
1737 2203 1931 2258 Christi
1965 2204 2282 2273 redigentcs,
2311 2211 2362 2257 et
2402 2202 2458 2256 in
2498 2210 2778 2271 promptu,
2818 2198 3027 2258 statim,
3056 2194 3348 2256 habentes,

133 2290 177 2341 id
212 2300 307 2356 est,
352 2294 530 2361 parati
583 2311 798 2360 sumus,
828 2296 1051 2362 ulcisci,
1089 2300 1307 2367 punire,
1346 2315 1561 2353 omnem
1614 2278 2060 2366 inobedientiam,
2108 2298 2521 2364 inobedieutem,
2569 2312 2688 2354 cum
2735 2294 2951 2369 impleta
2981 2291 3144 2349 fuerit
3172 2303 3352 2351 vestra

133 2385 435 2455 obedientia,
465 2389 522 2442 id
550 2397 663 2455 est,
708 2407 824 2444 cum
866 2408 988 2462 pars
1034 2394 1201 2447 nostri
1246 2394 1489 2447 obediens
1519 2393 1711 2462 fuerit,
1740 2393 1817 2447 vel
1841 2393 2045 2462 perlata
2085 2393 2365 2447 collatione
2404 2401 2573 2447 vestra
2618 2396 2687 2445 ad
2729 2400 2938 2446 sanctos
2998 2388 3351 2443 Hierusalem.

134 2478 404 2536 Olcdientia
432 2492 641 2550 vestra,
683 2484 737 2537 id
767 2494 871 2549 est,
902 2486 1030 2540 mihi
1058 2490 1222 2555 magis
1289 2503 1446 2557 quam
1472 2488 1667 2556 pseudo
1713 2487 1906 2542 debetis
1942 2486 2179 2553 obedire,
2229 2495 2279 2541 et
2325 2485 2388 2541 ab
2431 2485 2551 2540 aliis
2591 2502 2787 2540 cavere.
2816 2484 2870 2540 9.
2900 2484 3029 2552 Quae
3054 2483 3357 2539 secundum.

132 2567 295 2626 faciem
322 2584 476 2641 sunt,
503 2576 718 2640 videte,
750 2592 837 2631 eos
862 2577 951 2647 qui
982 2564 1037 2630 in
1063 2575 1199 2646 facie
1227 2576 1543 2648 gloriantur,
1570 2576 1623 2631 id
1658 2586 1762 2643 est,
1798 2578 1995 2646 pseudo
2015 2616 2030 2642 ,
2074 2578 2249 2631 vitate.
2278 2575 2333 2631 Si
2376 2576 2498 2648 quis
2536 2576 2732 2651 pseudo
2762 2574 2983 2651 conﬁdit
3017 2574 3121 2630 sibi
3147 2572 3350 2627 Christi

132 2668 419 2736 Apostolum,
456 2687 515 2728 se
553 2686 704 2740 esse,
747 2673 951 2744 (contra
978 2666 1095 2740 eos,
1126 2675 1215 2745 qui
1243 2691 1297 2728 se
1318 2673 1566 2745 Apostolo
1594 2666 1973 2747 praferebant,
2010 2674 2133 2744 quia
2158 2672 2353 2728 Christi
2387 2690 2441 2728 se
2478 2680 2596 2751 esse
2632 2672 2891 2725 dicebant.
2920 2667 2988 2722 Et
3014 2667 3293 2738 Apostolus
3335 2680 3354 2719 :

135 2761 233 2816 Non
251 2764 356 2819 ideo
377 2808 391 2832 ,
412 2768 586 2838 inquit
608 2810 621 2834 ,
646 2781 765 2825 sunt
798 2756 1059 2839 majores,
1088 2772 1213 2842 quia
1243 2787 1335 2842 ego
1358 2788 1473 2824 sum
1497 2770 1738 2840 Christi),
1777 2771 1881 2827 hoc
1908 2770 2107 2841 cogitet
2130 2771 2325 2839 iterum
2371 2762 2510 2839 apud
2546 2783 2605 2824 se
2634 2787 2647 2823 :
2688 2767 2813 2837 quia
2843 2765 2983 2821 sicut
3012 2766 3126 2834 ipse
3153 2762 3361 2819 Christi

131 2866 226 2924 est,
249 2860 313 2915 ita
335 2871 386 2916 et
410 2880 531 2931 nos,
577 2875 624 2919 et
661 2882 762 2919 uon
791 2866 907 2919 ideo
949 2866 1196 2935 majores.
1228 2865 1314 2920 10.
1358 2864 1491 2920 Nam
1521 2877 1576 2920 et
1617 2866 1661 2920 si
1700 2866 1932 2935 amplius
1973 2858 2132 2935 quam
2176 2863 2372 2920 Christi
2396 2880 2482 2933 [me
2520 2862 2857 2932 essealiquid
2885 2864 3141 2933 gloriatus
3168 2862 3355 2927 fuero.

134 2949 325 3015 scilicet,
363 2956 427 3010 de
475 2965 750 3025 potestate
795 2967 975 3011 nostra
1000 2998 1015 3023 ,
1048 2958 1133 3027 (de
1165 2956 1463 3027 apostolatu
1504 2956 1704 3028 nostro)
1735 2973 1898 3028 quam
1944 2957 2090 3012 dedit
2137 2955 2291 3011 nobis
2327 2955 2586 3012 Dominus
2613 2954 2666 3009 in
2698 2954 3140 3020 aediﬁcationem,
3167 2964 3356 3010 etnon

134 3044 178 3097 in
204 3046 611 3106 destructionem
642 3061 905 3119 vestram,
946 3052 1032 3108 11.
1065 3068 1175 3131 non
1197 3054 1436 3125 (eﬂectus
1463 3070 1555 3123 pro
1583 3056 1767 3124 causa)
1794 3054 2142 3121 erubescam,
2174 3040 2362 3119 idest,
2393 3068 2569 3107 verum
2598 3051 2792 3107 dicam.
2826 3051 2897 3108 Ut
2926 3062 3107 3110 autem
3136 3051 3225 3117 12,
3263 3052 3351 3106 15.

135 3154 222 3195 non
241 3146 517 3203 existimer
550 3157 806 3220 tanquam
836 3159 1043 3206 terrere
1084 3165 1180 3205 vos
1211 3165 1305 3221 per
1335 3149 1638 3219 Epistolas.
1685 3166 1789 3204 non
1833 3149 2101 3204 existimer
2135 3165 2229 3220 ego
2272 3166 2305 3203 a
2350 3149 2523 3217 vobis,
2558 3148 2695 3228 quod
2733 3146 2883 3202 velim
2930 3157 3131 3217 tantum
3166 3156 3361 3201 terrere

131 3252 228 3303 ros,
254 3245 615 3299 comminando
658 3263 744 3301 vos
771 3263 863 3317 per
901 3246 1198 3317 Epistolas;
1224 3246 1337 3319 (per
1357 3247 1702 3317 parenthesim
1726 3263 1916 3317 usque,
1948 3248 2051 3303 hoc
2089 3245 2312 3317 cogitet)
2339 3245 2593 3319 quoniam
2622 3245 2839 3315 quidem
2865 3242 3114 3313 Epistolas
3142 3251 3353 3307 nostra',

134 3326 372 3397 inquiunt,
401 3349 603 3403 graves
644 3346 788 3401 sunt,
822 3338 889 3390 ad
924 3337 1343 3408 intelligendum,
1373 3347 1427 3391 et
1451 3336 1646 3399 fortes.
1672 3336 1742 3390 ad
1765 3338 2173 3406 exsequendum,
2200 3334 2492 3406 praesentia
2519 3342 2697 3390 autem
2724 3332 2967 3404 corporis
2986 3331 3086 3386 mei
3110 3330 3353 3394 inﬁrma,

124 3428 177 3477 et
198 3424 363 3487 sermo
389 3448 537 3487 meus
570 3433 1016 3505 contemptibilis;
1056 3434 1157 3490 hoc
1184 3436 1416 3504 cogitet,
1443 3432 1533 3502 qui
1562 3427 1966 3500 ejusmodi'est,
1994 3432 2085 3503 qui
2124 3431 2222 3487 hoc
2269 3430 2429 3497 dicit,
2466 3430 2593 3499 quia
2624 3427 2812 3499 quales
2841 3442 3029 3484 sumus
3056 3424 3222 3480 verbo
3244 3439 3351 3495 per

436 3608 441 3611 Α
632 3604 635 3605 ν
666 3598 669 3601 .
1447 3547 2022 3607 COMMENTARIUS.

189 3657 324 3715 CAP.
350 3660 412 3716 Χ.
438 3692 514 3702 -
537 3661 592 3716 1.
628 3661 827 3716 Laure.
859 3658 1315 3717 Audeam.0rdo:
1351 3659 1592 3716 Audeam
1624 3659 1679 3715 in
1706 3643 1760 3704 Α
1853 3658 1905 3714 8.
1947 3657 2311 3716 Laurusucus.
2355 3658 2424 3714 In
2464 3659 2781 3730 obsequium.
2810 3655 2878 3713 In
2907 3671 3004 3727 pro
3048 3664 3229 3711 contra
3278 3654 3360 3707 in-

131 3751 394 3819 quosdam;
426 3753 479 3808 id
510 3761 631 3819 est,
665 3752 865 3822 aliquid
904 3750 1162 3807 molestiae
1198 3749 1426 3807 inferam
1464 3750 1689 3821 quibuso'

128 3840 237 3894 dam
256 3854 510 3899 vestrum.
1294 3860 1295 3863 “
1346 3858 1349 3863 ’

191 3930 240 3985 2.
262 3934 498 3991 Austros.
534 3934 643 3989 Per
669 3950 784 3989 eam
807 3933 1198 4002 conﬁdentiam.
1223 3931 1559 3989 Conlidentia
1585 3931 1687 3986 ita-

142 4035 229 4087 que
266 4025 509 4080 ﬁduciam
551 4024 859 4080 severitatis
897 4024 1254 4095 signiﬁcavit,
1294 4038 1451 4093 quam
1488 4024 1540 4077 in
1566 4023 1690 4095 Epi-

134 4113 249 4167 stola
275 4124 473 4171 tantum
505 4117 709 4172 habere
732 4116 1043 4187 putabatur;
1074 4124 1128 4171 et
1150 4116 1268 4171 ideo
1296 4125 1601 4171 commonet
1622 4131 1690 4172 ne

132 4203 294 4258 eadem
329 4209 629 4264 severitate
658 4222 896 4278 praesens
934 4216 1137 4273 utatur,
1171 4207 1312 4263 sicut
1350 4222 1456 4262 non
1498 4222 1687 4278 spera-

135 4288 263 4348 bant.

191 4382 239 4438 ὅ.
269 4384 407 4441 Nam
434 4404 590 4444 arma
620 4388 846 4444 militiae.
875 4389 1041 4444 Arma
1069 4388 1190 4445 ideo
1215 4386 1350 4444 dicit
1369 4388 1495 4459 quia
1525 4405 1688 4461 repu-

133 4487 276 4543 gnant
294 4480 458 4536 vitiis.

189 4565 237 4621 4.
272 4568 472 4626 Ιιληιι.
515 4570 679 4625 Arma
700 4562 923 4625 militiae.
940 4560 1110 4626 Arma
1133 4558 1342 4626 militia
1361 4562 1689 4626 Christiana:

136 4668 241 4712 sunt
282 4664 549 4728 virtutes,
590 4678 711 4731 quae
743 4670 991 4732 potentes
1035 4670 1163 4717 sunt
1207 4660 1410 4716 auxilio
1451 4660 1582 4728 Dei,
1631 4670 1692 4716 ut

135 4746 390 4806 destntant
411 4749 624 4806 munita
656 4750 887 4805 diversis
929 4748 1317 4805 calliditatibus
1342 4746 1567 4804 consilia
1597 4747 1694 4803 ad-

135 4843 472 4897 versariorqu
494 4882 509 4908 ,
543 4842 656 4897 sive
685 4841 965 4897 hominum
988 4881 1004 4909 ,
1036 4858 1131 4897 seu
1162 4842 1483 4897 daemonum.

195 4932 241 4989 5.
278 4937 521 4995 AIBBOS.
569 4940 650 4991 Ad
701 4939 1123 4994 destructionem.
1176 4937 1341 4993 Arma
1390 4936 1688 5008 spiritualia

138 5021 253 5080 ﬁdes
280 5038 359 5082 est
391 5030 719 5099 incorruptae
748 5028 1184 5099 praedicationis,
1212 5044 1312 5099 per
1330 5003 1490 5099 quam
1519 5030 1689 5087 vincit
1718 5003 1767 5063 Β

138 5116 471 5187 munitiones,
502 5120 553 5175 id
582 5130 696 5186 est,
716 5121 987 5192 principes
1006 5120 1063 5176 et
1090 5130 1384 5192 potestates
1407 5123 1686 5192 nequitia,

139 5220 242 5272 qua!
290 5228 345 5267 se
390 5215 657 5269 extollunt
685 5225 740 5271 et
767 5224 981 5270 armant
1009 5216 1063 5270 in
1095 5215 1332 5272 ﬁdelium
1368 5217 1581 5273 animos
1619 5218 1692 5273 ad

140 5303 599 5360 contradicendim
626 5304 863 5362 Christo.

195 5390 243 5445 6.
266 5392 461 5449 Laure.
486 5394 718 5451 Consilia
738 5397 1076 5453 destruentes.
1104 5394 1384 5468 Superiori
1407 5396 1688 5455 sententiae

139 5484 482 5557 coniungitur,
519 5504 624 5544 non
648 5491 946 5545 secundum
980 5505 1199 5547 carnem
1230 5490 1542 5563 militamus.

196 5575 245 5628 7.
281 5578 514 5635 Asianos.
550 5580 616 5635 In
645 5582 1013 5651 captivitatem.
1041 5581 1290 5653 Captivat
1328 5583 1687 5648 intellectum,

140 5659 250 5716 dum
289 5670 742 5725 contradicentem
787 5672 1050 5727 rationem
1092 5668 1285 5738 vincit,
1314 5681 1369 5728 et
1413 5674 1479 5728 ad
1527 5674 1685 5729 ﬁdem

139 5748 319 5812 Christi
350 5757 604 5815 humilem
631 5769 686 5816 et
710 5771 1046 5817 mansuetum
1082 5759 1302 5817 inducit.

1786 3751 1948 3823 telligi
1979 3760 2175 3822 potest,
2200 3751 2344 3808 utsit
2358 3766 2555 3829 sensus
2586 3770 2597 3806 :
2626 3744 2995 3820 Captivantem
3023 3746 3354 3802 intellectum

1785 3843 1851 3897 ad
1880 3841 2196 3914 obsequium
2218 3832 2417 3898 Christi
2446 3842 2529 3899 vel
2552 3840 2903 3903 intellectum,
2935 3838 3027 3909 qui
3056 3848 3139 3895 est
3166 3845 3379 3902 contra.

1784 3933 2101 4003 obsequium
2133 3932 2369 3999 Christi;
2420 3933 2474 3988 id
2520 3941 2639 3997 est,
2689 3932 2978 4002 diligenter
3022 3929 3365 3985 considerate

1786 4037 1948 4093 opera
1991 4038 2176 4080 eorum
2205 4024 2297 4095 qui
2331 4024 2385 4078 in
2419 4031 2712 4093 conspectu
2756 4033 2938 4080 vestro
2968 4020 3176 4081 tantum
3220 4021 3361 4081 bona

1786 4125 1986 4184 agunt,
2020 4108 2089 4172 ne
2117 4115 2257 4172 forte
2285 4130 2380 4172 vos
2409 4116 2687 4172 seducunt.

1858 4211 1910 4266 9.
1949 4211 2189 4267 AMBROS.
2220 4212 2352 4277 Quae
2376 4212 2660 4267 secundum
2691 4212 2902 4282 faciem.
2932 4210 3088 4272 Nunc
3128 4210 3241 4264 vult
3267 4224 3391 4267 eos;

1786 4315 1907 4371 qua":
1931 4301 2106 4371 palam
2135 4310 2262 4357 sunt
2290 4296 2655 4368 considerare,
2683 4300 2737 4357 id
2758 4312 2863 4368 est,
2892 4316 2955 4358 ea
2976 4316 3099 4371 qua:
3120 4301 3362 4356 dicturus
3382 4354 3383 4357 η

1786 4400 1898 4457 est,
1931 4392 2056 4463 quia
2090 4400 2275 4461 aperta
2302 4400 2458 4461 sunt,
2494 4390 2809 4460 diiudicare.

1860 4485 1949 4541 10.
2008 4484 2213 4545 Lauru.
2265 4484 2408 4542 Nam
2461 4485 2558 4543 etsi
2607 4483 2850 4555 amplius.
2899 4483 3063 4553 Quasi
3109 4484 3313 4541 diceret
3343 4503 3388 4547 ι,

1788 4575 2013 4634 Possem
2037 4578 2252 4635 dicere:
2275 4575 2517 4649 Apostoli
2532 4590 2741 4644 sumus,
2755 4584 2810 4632 et
2830 4572 2951 4648 plus
2972 4575 3127 4633 nobis
3144 4576 3363 4633 obedire

1788 4666 2016 4727 debetis.
2336 4724 2337 4727 η

1862 4762 1949 4817 11.
1995 4760 2119 4817 Νοη
2160 4762 2477 4819 erubescam.
2526 4760 2720 4817 Merito
2763 4761 3145 4827 erubesceret,
3194 4761 3238 4815 si
3300 4776 3385 4815 se.

1789 4853 2104 4925 Apostolum
2141 4854 2375 4919 diceret,
2405 4862 2459 4909 et
2489 4868 2594 4909 non
2628 4863 2791 4909 esset.
2930 4927 2939 4931 ν

1868 4946 1955 5001 12.
1994 4945 2230 5001 Asianos.
2294 4944 2418 5001 Non
2468 4945 2752 5000 existimer.
2800 4942 2919 5015 Ipse
2960 4952 3140 5012 potest
3195 4943 3377 4997 videri

1792 5046 2000 5095 terrere
2025 5053 2123 5109 per
2150 5036 2477 5107 Epistolam,
2506 5036 2633 5108 quia
2659 5035 2778 5109 [al.,
2815 5035 2929 5107 qui]
2971 5049 3146 5105 neque
3173 5044 3377 5088 aucto...

1790 5129 1972 5187 rltatis
1999 5126 2227 5197 alicujus
2250 5136 2362 5194 est,
2394 5141 2570 5196 neque
2595 5138 2837 5199 praesens
2868 5124 3119 5181 ﬁduciam
3166 5121 3363 5175 habent

1788 5218 2067 5293 arguendi.
3138 5208 3165 5280 ί
3192 5204 3195 5209 ’

1864 5309 1953 5365 15.
1998 5308 2196 5364 Laurn.
2251 5307 2376 5363 Non
2410 5308 2693 5363 existimer.
2744 5304 2857 5362 Hoc
2900 5304 3032 5359 dicit
3076 5297 3361 5355 occasione
3396 5358 3401 5365 ν

1793 5402 1937 5458 illius
1964 5402 2246 5458 sententiae
2269 5441 2284 5467 ,
2313 5414 2475 5471 quam
2501 5399 2751 5468 superius
2777 5396 2945 5462 dixit,
2972 5391 3145 5464 parati
3174 5388 3358 5445 ulcisci

1797 5509 2009 5550 omnem
2036 5493 2486 5556 iuobedientiam,
2530 5499 2617 5555 ut,
2654 5489 2859 5558 inquit,
2888 5501 2990 5540 non
3020 5482 3299 5540 existimer
3326 5498 3355 5535 a

1796 5586 1950 5642 vobis
1976 5594 2229 5658 tanquam
2264 5592 2469 5639 terrere
2508 5579 2651 5650 quod
2694 5579 2871 5632 minor
2892 5572 3136 5649 implere,
3170 5570 3367 5631 sciatis

1798 5680 1940 5752 quod
1970 5680 2144 5735 minor
2174 5678 2329 5733 dictis
2364 5672 2593 5749 implebo
2630 5670 2801 5729 lactis.
