3964 6290
527 396 636 450 267
1578 390 1638 450 Β.
1677 387 2063 448 LANFRANCI
2094 388 2109 441 l

2224 386 2446 444 ιτυΑιι.
2481 384 2801 457 Αιιεηιει».
3690 386 3790 444 illi

525 509 797 580 Epistolas
831 509 1085 563 absentes
1110 546 1126 573 ,
1156 508 1565 570 comminantes,
1590 506 1727 562 tales
1752 505 1949 560 erimus
1976 511 2035 559 et
2068 510 2367 572 prtcsentes
2394 502 2451 558 in
2479 502 2653 565 facto,
2688 502 2745 555 id
2768 511 2878 567 est,
2899 502 3035 557 sicut
3070 503 3137 589 in.
3150 500 3404 572 Epistolis
3439 516 3534 554 nos
3565 498 3786 569 facturos

523 604 932 668 comminantur,
958 604 1005 657 si
1027 602 1190 673 11o
1209 602 1469 658 uenientes
1493 602 1563 655 ad
1590 617 1680 655 vos
1705 600 1807 655 nisi
1835 600 2085 667 correpti,
2115 606 2239 652 actu
2261 598 2374 668 ipso
2402 614 2766 667 exsequemur.
2796 597 2883 653 M.
2904 597 3022 653 Non
3051 598 3195 655 enim
3231 596 3498 652 audemus
3528 597 3783 667 (remotio)

523 706 793 759 mserere,
818 701 915 747 aut
947 707 1268 762 comparare
1295 706 1396 748 nos
1422 690 1782 761 quibusdam,
1828 689 2027 760 pseudo
2048 728 2064 753 ,
2109 687 2201 757 qui
2245 689 2453 759 seipsos
2483 691 2897 756 commendant,
2932 707 3038 746 non
3088 692 3355 746 metientes
3394 706 3478 755 se,
3532 689 3624 743 sed
3653 689 3787 744 ultra

520 805 679 857 quam
707 790 811 843 sint
830 789 1134 859 jactantes;
1164 789 1252 843 15.
1280 789 1377 844 sed
1400 787 1501 858 ipsi
1531 788 1584 841 in
1616 786 1777 843 nobis
1804 785 2168 856 nosmetipsos
2195 788 2483 842 metientes
2502 804 2710 851 sumus,
2741 796 2798 843 et
2819 796 3200 859 comparantes
3231 786 3597 856 nosmetipsos
3619 786 3783 840 nobis.

522 885 614 939 16.
645 884 756 938 Nos
783 894 963 939 autem
992 899 1099 939 non
1129 884 1183 937 in
1207 885 1565 943 immensum,
1593 882 1648 935 id
1675 892 1781 947 εει,
1814 897 1920 934 non
1949 879 2091 933 ultra
2114 880 2277 944 vires,
2302 880 2680 952 gloriabimur,
2720 883 2775 935 id
2804 892 2908 946 est,
2936 883 3057 937 inde
3082 891 3286 937 tantum
3316 882 3633 954 gloriamur,
3658 881 3789 951 quod

523 982 903 1049 pratdicatione
940 990 1120 1036 nostra
1151 995 1239 1032 vos
1269 977 1754 1040 conrertimus,scd
1776 976 1864 1030 17.
1888 976 2188 1030 secundum
2220 976 2340 1047 (pro
2367 980 2682 1032 auctoritate
2704 978 2902 1049 posuit)
2926 995 3234 1034 mensuram
3258 978 3455 1051 regula:
3479 978 3786 1049 (regimiuis)

522 1092 631 1147 qua
667 1090 892 1131 mensus
918 1082 1006 1129 est
1029 1071 1186 1127 nobis
1206 1071 1369 1130 Deus,
1400 1068 1601 1123 scilicet
1628 1065 1947 1138 gloriamur,
1967 1067 2256 1121 secundum
2280 1082 2592 1123 mensuram
2617 1068 2737 1123 dico
2769 1069 2855 1124 18.
2884 1068 3223 1139 pertingendi
3251 1067 3598 1139 praedicando
3625 1081 3789 1136 usque

523 1170 593 1226 ad
623 1185 738 1226 vos.
770 1169 886 1223 Non
914 1168 1061 1223 enim
1089 1168 1175 1223 19.
1203 1167 1357 1236 quasi
1399 1181 1505 1221 non
1534 1164 1906 1234 pertingentes
1930 1163 2000 1217 ad
2029 1178 2153 1227 vos,
2185 1163 2328 1219 ultra
2364 1180 2487 1229 vos,
2513 1166 3023 1234 superentendimus
3062 1179 3163 1219 nos
3190 1184 3203 1219 :
3230 1177 3401 1234 usque
3427 1162 3494 1218 ad
3525 1177 3622 1217 vos
3653 1160 3788 1216 enim

520 1265 873 1336 pervenimus
904 1264 956 1318 in
994 1260 1320 1333 Evangelia,
1346 1259 1760 1329 pra'dicatione,
1804 1258 2033 1313 Christi.
2067 1256 2187 1314 Non
2232 1258 2285 1312 in
2316 1259 2641 1315 immensum
2689 1260 2983 1329 gloriantes
3029 1261 3274 1331 (dicendo
3318 1276 3412 1313 nos
3442 1258 3788 1328 prwdicasse,

521 1360 710 1430 quibus
741 1376 851 1414 non
871 1355 1302 1428 prtedicauimus)
1329 1356 1383 1412 in
1414 1354 1610 1410 alienis
1640 1353 1949 1418 laboribus,
1978 1355 2035 1408 in
2080 1352 2311 1407 aliorum
2346 1356 2727 1425 pratdicatione
2755 1370 2773 1410 :
2797 1371 2949 1427 spem
2978 1367 3164 1412 autem
3216 1357 3481 1413 habentes
3501 1398 3516 1419 ,
3549 1356 3790 1410 habemus

523 1454 808 1509 crescentis
844 1452 967 1508 lidei
996 1460 1220 1516 vestrae,
1245 1459 1301 1503 ut
1327 1458 1524 1504 crescat
1553 1448 1685 1515 ﬁdes
1714 1457 1915 1507 uestra.
1948 1445 2043 1500 20.
2079 1447 2133 1501 in
2158 1445 2312 1500 vobis
2340 1448 2681 1517 magnilieari
2702 1488 2717 1511 ,
2761 1449 2817 1503 id
2845 1460 2954 1514 est,
2983 1452 3123 1521 quod
3150 1451 3205 1503 in
3230 1451 3373 1505 robis
3395 1447 3789 1519 magniﬁcabor,

520 1548 614 1602 ει.
643 1547 943 1602 secundum
972 1544 1216 1616 regulam
1246 1552 1490 1599 nostram
1520 1542 1613 1596 22.
1646 1542 1702 1596 in
1736 1540 2159 1605 abundantiam,
2190 1542 2246 1594 in
2272 1556 2361 1609 spe
2392 1540 2591 1597 habeas
2637 1542 3053 1611 abundantiam;
3091 1545 3148 1599 id
3187 1555 3295 1609 est,
3331 1562 3474 1615 spem
3515 1545 3790 1609 habemus,

518 1644 645 1711 quia
683 1644 840 1698 etiam
881 1642 1005 1695 aliis
1025 1649 1217 1711 praeter
1237 1655 1329 1693 vos
1351 1637 1761 1707 pra'dicabimus
1783 1675 1799 1700 ,
1827 1635 1921 1690 23.
1946 1635 2113 1690 etiam
2143 1636 2195 1689 in
2226 1636 2318 1690 illa
2346 1636 2488 1702 loca,
2517 1653 2640 1707 qua:
2666 1640 2806 1695 ultra
2831 1656 2933 1697 vos
2957 1652 3106 1702 sunt.
3141 1642 3523 1714 evangelizare
3540 1683 3555 1706 ,
3583 1641 3679 1705 2|,
3706 1640 3791 1696 25.

524 1755 635 1794 non
668 1738 936 1809 (remotio)
966 1738 1018 1792 in
1062 1735 1239 1791 aliena
1271 1734 1487 1805 regula,
1536 1735 1590 1786 in
1636 1733 1865 1786 aliorum
1891 1732 2296 1802 prwdicatione,
2345 1733 2402 1787 in
2426 1733 2500 1789 iis
2527 1750 2648 1805 qua:
2676 1746 2978 1807 praeparata
3021 1744 3181 1805 sunt,
3212 1741 3504 1811 prwdicata
3544 1742 3607 1794 ab
3636 1740 3753 1795 aliis
3776 1784 3788 1802 .

537 1829 796 1901 gloriari,
829 1829 1000 1884 ethoc
1028 1828 1180 1893 ideo,
1206 1827 1331 1898 quia
1352 1824 1634 1896 gloriatur,
1664 1832 1774 1878 etc.
1811 1823 1889 1877 vel
1927 1832 1985 1878 et.
2012 1823 2088 1891 ita
2128 1823 2381 1891 gloriari,
2414 1834 2470 1878 ut
2494 1829 2585 1897 qui
2608 1828 2889 1897 gloriatur,
2918 1838 3023 1885 etc.
3059 1830 3161 1898 Qui
3204 1841 3384 1887 autem
3423 1822 3711 1903 gloriatur,
3742 1832 3789 1888 in

527 1926 762 1982 Domino
791 1924 1080 1996 glorietur,
1106 1939 1210 1978 non
1241 1922 1297 1977 in
1317 1938 1371 1977 se
1390 1960 1406 1987 ,
1433 1920 1510 1974 vel
1530 1920 1584 1972 in
1624 1918 1753 1973 alio.
1774 1917 2027 1983 _26.Non
2053 1918 2197 1975 enim
2225 1919 2321 1989 qui
2344 1919 2586 1991 seipsum
2622 1926 3001 1992 commendat,
3024 1924 3115 1980 27.
3145 1925 3234 1982 ille
3264 1921 3528 1998 probatus
3556 1934 3671 1994 est;
3708 1912 3807 1983 sed-

524 2037 689 2092 quem
722 2021 867 2077 Deus
894 2019 1274 2084 commendat,
1297 2017 1418 2072 illos
1442 2016 1750 2088 gloriantes.
2032 2062 2035 2063 ν
2080 2042 2083 2045 -
2158 2054 2161 2055 ν
2448 2094 2465 2105 ⁹

1996 2102 2225 2163 CAPUT
2265 2104 2356 2160 ΧιΙ.

606 2245 651 2298 1.
682 2244 737 2297 2.
771 2241 991 2299 Utinam
1031 2241 1377 2298 sustineretis
1407 2240 1676 2295 modicum
1700 2239 1829 2313 quid
1851 2241 2209 2312 insipientia,
2226 2243 2527 2313 jactantiw,
2556 2244 2720 2297 meae!
2744 2214 2838 2298 sed
2869 2252 2925 2299 et
2951 2254 3268 2315 supportate
3292 2218 3545 2313 me,di.ri
3570 2214 3795 2315 utinam!
3818 2292 3822 2296 .

522 2341 767 2410 optativa,
796 2341 887 2395 sed
935 2356 1071 2395 nunc
1113 2338 1420 2409 praecipiens
1464 2337 1583 2391 dico
1607 2350 1626 2389 :
1649 2348 1973 2409 supportate,
2013 2340 2152 2410 quod
2203 2339 2396 2393 debetis
2457 2339 2632 2410 facere
2660 2355 2678 2393 :
2708 2340 2761 2413 5,
2794 2340 2846 2394 4.
2879 2341 3283 2413 :emulorenim
3328 2358 3425 2399 vos
3444 2343 3549 2411 Dei
3587 2344 3793 2407 aemula-

1884 2429 2024 2487 COM
2033 2430 2109 2485 ME

2224 2428 2455 2487 ARlUS.
2728 2502 2759 2507 μ
2858 2476 2977 2505 ,_
3428 2486 3429 2489 γ
3652 2478 3775 2505 ,

588 2522 677 2578 18.
721 2520 845 2577 Νοη
876 2523 1013 2577 enim
1052 2522 1331 2577 audemus.
1377 2520 1577 2575 Inserit
1620 2530 1676 2576 et
1707 2536 2018 2590 comparem
2048 2537 2107 2575 se
2134 2543 2183 2596 Α
2280 2519 2369 2575 24.
2417 2518 2541 2573 Νοη
2587 2520 2643 2574 in
2692 2520 2865 2577 aliena
2937 2524 3137 2601 regula.
3190 2524 3336 2593 Non,
3391 2524 3605 2598 inquit,
3654 2544 3795 2600 spem

524 2615 656 2671 facit
699 2615 1001 2685 aliquibus,
1043 2615 1135 2685 qui
1186 2628 1349 2683 opera
1378 2628 1566 2669 eorum
1615 2613 1919 2668 imitantur.
1953 2611 2107 2677 Non,

520 2709 723 2777 inquit,
753 2708 1003 2762 volumus
1050 2706 1247 2762 imitari
1283 2721 1412 2770 eos,
1459 2706 1551 2776 qui
1595 2706 1803 2777 seipsos
1832 2722 2112 2761 commcn-

518 2800 713 2856 dantes
743 2801 1035 2855 adulantur
1062 2800 1252 2865 vobis;
1278 2800 1373 2853 sed
1407 2799 1549 2853 bona
1580 2807 1763 2852 vestra
1794 2797 2108 2863 laudamus;

521 2894 666 2948 Inala
697 2894 973 2963 punimus.
1001 2892 1203 2958 Quales
1230 2892 1426 2953 verbo,
1480 2889 1619 2945 tales
1646 2901 1703 2945 et
1730 2889 1893 2945 facto.

590 2988 680 3043 15.
705 2986 810 3043 Sed
825 2988 926 3056 ipsi
942 2987 995 3040 in
1012 2984 1483 3039 nobis.Metientes
1509 2998 1699 3038 sumus
1724 2982 2109 3052 nosmetipsos,

520 3081 574 3136 id
600 3088 707 3145 est,
730 3078 1086 3135 conseientiis
1110 3077 1314 3133 nostris
1336 3085 1722 3146 comparantes
1748 3075 2115 3144 nosmetipsos

520 3171 712 3234 nobis,
742 3172 795 3225 id
831 3179 944 3237 est,
993 3169 1196 3225 nostris
1227 3169 1511 3239 operibus,
1546 3167 1783 3233 viribus,
1834 3182 1903 3224 ne
1948 3168 2102 3239 plus,

520 3263 605 3317 vel
628 3263 774 3317 aliud
796 3262 1062 3328 dicamus,
1086 3260 1170 3317 vel
1192 3274 1455 3316 conemur
1473 3274 1593 3330 quae
1615 3258 1796 3315 facere
1816 3260 2109 3329 possimus,

524 3354 616 3407 vel
644 3355 963 3409 debeamus.

589 3447 679 3499 16.
700 3446 995 3500 Νοειιιιιεηι
1020 3462 1126 3501 non
1145 3447 1201 3499 in
1222 3446 1554 3501 immensum.
1583 3444 1640 3498 In
1663 3451 1893 3507 tantum,
1911 3443 2106 3513 inquit,

518 3537 895 3604 gloriabimur,
921 3547 981 3591 ut
1004 3547 1219 3592 vestros
1246 3552 1367 3591 esse
1390 3535 1664 3606 apostolos
1694 3550 1792 3590 nos
1827 3536 2106 3598 dicamus;
2186 3552 2189 3553 '

518 3627 633 3682 haec
668 3636 755 3680 est
780 3627 926 3680 enim
958 3642 1209 3680 mensura
1252 3625 1433 3696 gloria:
1467 3634 1670 3680 nostrae
1698 3639 1861 3695 quam
1891 3638 2111 3677 mensus

517 3726 601 3771 est
633 3717 787 3770 nobis
814 3716 978 3770 Deus.

589 3807 677 3861 17.
704 3806 1004 3861 Secundum
1028 3824 1327 3861 mensuram
1350 3804 1564 3877 regular.
1586 3805 1821 3877 Exponit
1841 3809 2110 3874 quomodo

2214 2610 2479 2666 habemus
2514 2610 2733 2682 gloriari
2771 2613 2823 2667 in
2872 2613 3047 2668 aliena
3094 2616 3280 2689 regula
3304 2656 3318 2683 ,
3353 2617 3405 2670 in
3439 2618 3527 2672 his
3556 2618 3807 2685 videlicet

2213 2703 2349 2758 locis
2377 2719 2495 2773 qua:
2525 2714 2829 2774 pra‘par'ala
2849 2747 2864 2772 ,
2917 2706 2971 2761 id
3017 2714 3133 2774 est,
3183 2690 3552 2778 evangelizata
3584 2709 3655 2765 ab
3681 2711 3797 2780 ipsis

2215 2796 2499 2865 apostolis.
2930 2786 2933 2787 ⁷
3726 2784 3727 2787 η
3764 2854 3767 2855 ν
3816 2784 3821 2785 7

2190 2888 2196 2893 ’
2282 2886 2371 2941 25.
2413 2888 2652 2943 AIBROS.
2685 2887 2808 2944 Non
2842 2893 2895 2945 in
2936 2891 3108 2946 aliena
3158 2892 3358 2963 regula.
3394 2894 3511 2949 Non
3558 2876 3723 2957 audet
3749 2897 3796 2952 in

2214 2978 2316 3032 hos
2364 2977 2454 3050 qui
2508 2980 2630 3034 aliis
2679 2982 3103 3051 praedicantibus
3148 2976 3532 3051 crediderunt,
3597 3005 3698 3044 nec
3748 2990 3796 3044 in
3856 3038 3857 3041 η

2214 3070 2407 3125 alienis
2443 3071 2721 3129 laboribus
2748 3074 2961 3129 videtur
2984 3076 3206 3147 gloriari
3234 3094 3250 3143 ;
3280 3078 3374 3132 sed
3406 3095 3504 3146 per
3543 3078 3646 3135 hoc
3674 3066 3796 3134 Initi-

2215 3173 2381 3219 turut
2405 3165 2485 3220 eis
2516 3166 2839 3235 przedicaret
2892 3172 3087 3237 quibus
3118 3186 3223 3225 non
3261 3181 3379 3227 erat
3420 3150 3561 3245 [ειιρ.
3601 3189 3796 3228 annun-

2213 3256 2408 3310 tiatum
2458 3256 2764 3331 Evangel.],
2792 3267 2851 3312 ut
2892 3259 3117 3329 gloriam
3166 3275 3265 3316 suo
3309 3262 3497 3317 labore
3532 3264 3796 3334 acquirat;

2213 3346 2440 3418 gloriam
2480 3358 2661 3403 autem
2711 3351 2941 3405 Domino
2987 3353 3217 3407 dandam
3266 3352 3539 3423 signiﬁcat
3572 3354 3796 3409 dicens:

2214 3440 2319 3506 Qui
2344 3441 2682 3511 gloriaturin
2704 3442 2930 3497 Domino
2970 3445 3247 3515 glorietur.
3472 3436 3475 3439 ’
3556 3428 3559 3439 ’
3598 3448 3599 3451 “
3640 3428 3641 3431 η
3674 3428 3677 3431 ’

2279 3531 2371 3586 26.
2418 3530 2542 3585 Non
2564 3534 2701 3586 enim
2738 3534 2826 3603 qui
2856 3535 3083 3603 seipsum
3106 3536 3457 3589 commendat.
3494 3535 3692 3591 Verum
3721 3547 3795 3590 est

2211 3624 2338 3693 quia
2387 3622 2538 3697 illum
2588 3621 2846 3679 Dominus
2888 3626 3268 3691 commendat;
3318 3636 3372 3681 et
3410 3628 3516 3682 ille
3550 3628 3797 3697 probatus

2210 3725 2331 3783 εει,
2363 3731 2525 3785 quem
2550 3716 2770 3787 dignum
2797 3716 2960 3771 habet
2978 3733 3042 3772 ac
3060 3718 3229 3772 mittit
3250 3728 3309 3773 ut
3330 3719 3589 3789 praedicet
3608 3721 3793 3781 (tonum

2214 3804 2355 3873 ejus.
2388 3802 2559 3872 Quem
2598 3815 2781 3861 autem
2814 3794 2918 3861 non
2969 3808 3170 3875 mittit,
3205 3825 3311 3863 non
3351 3810 3503 3865 illum
3531 3826 3797 3867 commen-

518 3896 931 3969 intelligendum
962 3899 1033 3953 sit
1057 3899 1200 3969 quod
1224 3899 1472 3969 superius
1498 3897 1635 3952 dixit
1661 3914 1672 3950 :
1700 3897 1753 3951 in
1784 3897 2107 3961 immensum
2142 3920 2185 3979 Β
2214 3899 2327 3967 dat.
2358 3899 2477 3969 Ipse
2521 3907 2700 3954 autem
2727 3915 2787 3955 se
2816 3904 3196 3974 commendat,
3218 3903 3346 3972 quia
3380 3902 3507 3974 [al.,
3538 3904 3655 3976 qui]
3691 3919 3792 3959 non

524 3990 903 4058 gloriabimur.

588 4078 677 4134 ‘18.
722 4078 1070 4150 Pertingendi
1112 4080 1276 4153 usque
1330 4082 1399 4134 ad
1447 4097 1557 4134 eos.
1611 4080 1862 4135 Mensura
1910 4089 2112 4155 nostra:

516 4173 927 4241 prredicationis
976 4173 1233 4242 pertingit
1274 4186 1444 4240 usque
1494 4171 1561 4224 ad
1607 4186 1744 4236 vos,
1798 4170 1851 4224 id
1885 4180 1969 4225 est
2014 4187 2110 4241 per

518 4279 832 4318 mensuram
869 4265 1264 4333 prmdicamus,
1302 4263 1427 4331 quia
1474 4263 1804 4319 invasionem
1838 4279 1943 4318 non
1970 4261 2105 4318 faci-

519 4371 659 4410 mus.
699 4357 765 4410 Et
796 4356 897 4410 hoc
926 4365 1009 4411 est
1038 4356 1182 4424 quod
1231 4355 1364 4409 dicit
1396 4373 1408 4408 :
1444 4372 1547 4409 non
1578 4356 1715 4409 enim
1741 4396 1756 4420 ,
1785 4364 1892 4409 etc.

594 4446 679 4501 19.
723 4447 891 4512 Quasi
941 4463 1047 4500 nou
1101 4446 1470 4515 pertingentes.
1538 4445 1595 4499 Si
1648 4446 1737 4500 alii
1788 4455 1915 4501 ante
1965 4447 2109 4502 hunc

519 4537 834 4604 Apostalum
884 4537 937 4590 in
983 4535 1369 4604 praedicatione
1407 4534 1814 4593 Corinthiorum
1866 4536 2109 4592 laboras-

520 4637 670 4691 sent,
702 4637 757 4683 et
783 4628 885 4681 iste
918 4642 976 4681 sc
1004 4641 1191 4681 eorum
1231 4625 1549 4696 Apostolum
1596 4637 1845 4683 vocasset
1876 4628 2105 4682 immen-

519 4736 672 4784 smn,
709 4722 759 4774 id
791 4732 905 4785 est,
940 4721 1081 4774 ultra
1113 4721 1331 4775 modum
1365 4722 1586 4792 gloriari
1621 4723 1855 4777 videtur.

588 4813 682 4869 20.
720 4816 958 4868 AMBROS.
993 4813 1061 4867 1η
1090 4815 1231 4867 vobis
1271 4815 1624 4885 magni/ictui.
1671 4814 2001 4886 Magniﬁcari
2048 4833 2106 4873 se

521 4904 693 4957 credit
723 4905 862 4973 apud
879 4905 1069 4967 Deum,
1084 4903 1127 4957 si
1147 4913 1446 4974 augeantur
1463 4905 1512 4958 in
1531 4904 1634 4959 llde
1647 4906 1919 4961 auditores
1939 4907 2101 4961 illius.
2118 4894 2121 4897 5

590 4996 678 5049 2|.
704 4995 905 5049 Laure.
939 4995 1237 5049 Secundum
1266 4996 1517 5066 regulum.
1548 4996 1806 5069 Regulam
1837 5000 1922 5054 hic
1948 5012 2105 5055 vocat

520 5087 790 5157 regimen,
823 5086 1121 5141 secundum
1150 5087 1280 5152 hoc,
1310 5087 1512 5156 inquit,
1544 5090 1685 5157 quod
1720 5105 1814 5144 vos
1844 5092 2102 5161 regimus,

517 5192 549 5231 a
583 5179 768 5242 vobis,
798 5180 851 5233 id
882 5187 995 5243 est,
1026 5194 1123 5248 per
1152 5195 1247 5235 vos
1283 5195 1312 5233 a
1340 5179 1450 5234 Deo
1477 5182 1910 5251 magniﬁcamur.

587 5271 677 5325 22.
723 5270 792 5324 In
823 5270 1224 5325 abundantiam.
1256 5272 1313 5326 In
1347 5273 1680 5327 abundantia
1715 5283 1897 5329 autem
1938 5275 2100 5340 dicit,
2126 5256 2171 5338 VC

515 5359 601 5415 vel
630 5362 755 5431 quia
782 5362 905 5416 huc
956 5362 1267 5432 przedicatio
1298 5380 1459 5436 super
1488 5367 1929 5435 praedicationem
1975 5382 2102 5436 apo-

518 5450 781 5506 stolorum
807 5452 1131 5519 abundavit,
1162 5455 1245 5509 vel
1280 5456 1407 5525 quia
1450 5457 1504 5511 in
1531 5471 1595 5511 ea
1626 5466 1744 5511 erat
1772 5456 2101 5513 abundantia

516 5542 781 5597 donorum
811 5542 924 5600 Dei.

584 5632 676 5690 23.
718 5633 892 5692 Etiam
919 5640 971 5694 in
1008 5640 1100 5694 illa
1129 5659 1245 5713 qua:
1270 5644 1430 5696 ultra.
1466 5642 1627 5712 Spem
1668 5643 1811 5698 banc
1834 5682 1849 5708 ,
1892 5643 2099 5714 inquit,

514 5725 777 5815 habemus
806 5733 1210 5803 evangelizandi
1234 5735 1395 5792 ﬁdem
1413 5733 1617 5790 Christi
1642 5734 1694 5790 in
1718 5734 1808 5789 illa
1835 5733 1955 5791 loca
1980 5750 2101 5807 qua:

515 5816 653 5875 ultra
681 5835 777 5878 nos
812 5829 960 5881 sum.

2178 4062 2181 4065 Α
2216 3991 2415 4047 missus
2443 3990 2723 4062 praedicat.
2815 4033 2819 4037 .

2286 4082 2442 4152 111
2471 4082 2563 4135 27.
2591 4080 2795 4153 Laure.
2830 4082 2930 4136 Ille
2954 4085 3206 4152 probatus
3233 4095 3330 4141 est.
3374 4085 3490 4142 Non
3528 4088 3580 4141 in
3609 4086 3794 4141 alienis

2212 4172 2308 4226 sed
2366 4173 2420 4226 in
2453 4171 2682 4227 Domino
2733 4171 2978 4227 volumus
3012 4172 3253 4243 gloriari,
3283 4176 3413 4245 quia
3469 4176 3647 4231 omnis
3710 4175 3793 4244 qui

2212 4261 2979 4332 gloriaturinDomino,debet
3012 4264 3396 4335 gloriari;quia
3424 4283 3528 4320 non
3558 4267 3791 4320 insenrc

2212 4355 2264 4419 in
2292 4355 2403 4425 alio
2432 4372 2446 4410 :
2473 4356 2527 4411 in
2548 4355 2702 4411 scvel
2727 4355 2834 4410 alio
2856 4372 2986 4421 noxi,
3013 4357 3139 4426 quia
3175 4357 3265 4426 qui
3291 4358 3371 4412 sic
3396 4360 3511 4430 agit
3541 4376 3646 4414 non
3674 4375 3790 4429 pro-

2226 4448 2385 4501 batur
2415 4463 2443 4500 ιι
2471 4447 2599 4501 Deo.

2280 4538 2433 4594 CAP.
2460 4538 2551 4592 XI.
2566 4569 2632 4578 -
2650 4540 2696 4593 1.
2714 4538 2913 4597 Laure.
2933 4538 3147 4594 Utinam
3164 4542 3494 4596 sustineretis
3512 4544 3533 4595 .'
3552 4542 3791 4604 Utinam,

2210 4631 2405 4703 inquit,
2438 4631 2710 4686 suStinere
2757 4631 2988 4696 velletis,
3023 4632 3076 4686 id
3114 4641 3227 4697 est,
3282 4634 3477 4688 audire
3530 4634 3791 4703 queinodo

2209 4738 2297 4777 me
2317 4722 2655 4788 commendo,
2677 4723 2819 4792 quod
2840 4723 3049 4779 videtur
3074 4723 3414 4793 insipientia!
3446 4725 3569 4779 Etsi
3585 4737 3756 4795 egere
3830 4792 3837 4793 ί

2212 4820 2327 4874 fero
2355 4836 2451 4876 vos
2481 4820 2692 4875 debetis
2716 4820 2937 4885 audire;
2968 4829 3023 4874 et
3053 4819 3302 4874 subditur
3334 4836 3347 4872 ε
3381 4818 3635 4873 Αἰιιιιιιοι
3652 4821 3787 4873 enim

2208 4927 2301 4964 vos
2319 4949 2334 4976 ,
2385 4918 2491 4964 etc.

2274 5003 2329 5056 ‘2.
2356 5003 2592 5058 Attenes.
2625 5000 2838 5057 Utinam
2862 5004 3220 5057 sustineretis.’
3270 5003 3539 5074 Incipiens
3593 5020 3647 5060 se
3676 5004 3781 5056 lan-

2208 5096 2341 5150 dare
2386 5095 2730 5163 insipientem
2761 5110 2819 5150 se
2871 5096 3022 5161 dicit,
3051 5097 3176 5164 quia
3213 5098 3477 5167 scriptum
3510 5109 3592 5153 est
3623 5115 3640 5151 :
3671 5096 3786 5150 Non

2208 5187 2422 5239 laudent
2446 5196 2492 5239 te
2516 5185 2656 5238 labia
2687 5197 2799 5247 tua,
2840 5190 2929 5239 sed
2958 5188 3184 5255 proximi
3243 5189 3319 5240 tui
3366 5188 3551 5259 (Prov.
3600 5187 3784 5254 xxv").

2278 5277 2330 5330 5.
2360 5274 2613 5328 zEmulor
2644 5276 2782 5329 enim
2811 5293 2918 5329 cos.
2953 5277 3083 5343 Quae
3114 5277 3327 5333 locutus
3350 5289 3457 5343 est,
3482 5295 3666 5334 amore
3706 5292 3791 5332 eo-

2214 5381 2330 5419 rum
2354 5380 2413 5420 se
2441 5365 2709 5420 dicturum
2733 5368 2993 5433 ostendit,
3023 5379 3080 5421 ut
3111 5383 3220 5423 non
3252 5371 3425 5440 magis
3472 5372 3539 5424 ad
3581 5370 3784 5424 laudem

2211 5458 2328 5527 ejus
2357 5458 2639 5528 proﬁciat;
2667 5461 2761 5515 sed
2784 5461 2850 5513 ad
2886 5461 3078 5516 horum
3133 5463 3461 5531 profectum,
3495 5473 3555 5517 ut
3583 5465 3795 5518 discant

2120 5602 2121 5605 η
2211 5549 2664 5619 quemadmodum
2694 5550 2907 5618 parenti
2946 5566 3046 5606 suo
3094 5551 3149 5605 in
3190 5552 3483 5621 Evangelia
3543 5554 3781 5606 faveant.

2281 5640 2337 5694 4.
2360 5640 2562 5695 Laure.
2596 5640 2846 5695 /Emulor
2869 5643 3005 5696 enim
3033 5661 3137 5698 vos.
3169 5643 3470 5701 Emulatio
3500 5655 3583 5700 est
3612 5651 3783 5701 motus

2213 5733 2409 5790 mentis
2437 5740 2657 5799 propter
2702 5731 2937 5787 alienum
2968 5742 3192 5788 statum.
3224 5735 3402 5806 Rogat
3425 5751 3559 5807 ergo
3610 5744 3666 5789 ut
3695 5747 3785 5802 pa»-

2208 5821 2405 5893 tienter
2440 5819 2616 5876 ferant
2645 5822 3115 5903 reprehensionem
3146 5840 3327 5895 suam,
3353 5827 3477 5896 quia
3507 5827 3616 5897 ipse
3640 5824 3779 5880 circa
