3964 6290
244 422 330 481 249
931 410 996 466 ΙΝ
1023 410 1083 466 D.
1119 406 1322 465 PAULI
1346 407 1565 463 EPIST.
1596 403 1957 463 COHMENT.
1988 428 2057 440 --
2084 396 2301 454 EPiST.
2326 394 2374 451 "ll
2405 394 2498 451 Δῐ)
2523 394 2682 452 COR.
3322 389 3435 449 $50

242 540 375 599 none,
400 533 506 602 quia
527 525 689 598 diligo
714 541 829 591 vos,
861 523 935 580 rel
978 526 1025 580 si
1062 526 1313 578 conturbo
1357 538 1469 586 vos,
1516 521 1648 576 bona
1676 518 1853 573 animo
1877 516 2040 587 facio,
2085 524 2141 567 ut
2187 529 2275 568 eos
2311 510 2602 569 exhibeam
2643 515 2841 573 castos,
2873 505 3060 602 idest,
3101 505 3431 576 incorruptos

239 601 429 691 Christo,
441 625 513 680 cui
538 639 624 677 ros
647 622 925 693 despondi.
953 621 1007 685 5,
1029 620 1082 675 6.
1115 618 1379 690 Despondi
1400 617 1547 674 enim
1572 630 1670 673 vos
1703 614 1794 670 uni
1825 613 1943 669 viro
1972 610 2236 681 virginem
2265 608 2517 678 (virgines
2538 604 2644 660 vult
2671 620 2760 670 eos
2789 619 2903 659 esse
2936 601 2991 656 in
3025 602 3152 673 ﬁde)
3192 612 3428 667 castam,

238 742 320 779 non
345 721 560 778 colentem
583 716 759 780 idola,
794 716 1051 773 exhibere
1079 714 1313 771 Christo.
1341 711 1445 769 Sed
1470 723 1644 769 tamen
1672 712 1727 766 7.
1758 708 1948 765 Timeo
1974 715 2155 763 atttem
2184 720 2273 768 ne,
2310 704 2451 759 sicut
2492 715 2719 772 serpens
2744 699 2918 756 Evam
2966 701 3181 756 seduxit
3228 701 3431 757 astutia

237 837 333 885 sua,
361 822 421 874 ita
452 822 857 882 corrumpantur
878 812 1073 882 pseudo
1100 826 1291 866 sensus
1320 810 1486 865 vestri
1510 818 1565 865 et
1604 807 1859 863 excidant
1882 821 1912 860 a
1941 804 2314 874 simplicitate,
2338 801 2673 871 benignitate,
2718 813 2839 867 quin
2877 806 2963 852 est
2988 796 3040 850 in
3065 796 3302 865 Christo,
3353 798 3432 853 vel

235 919 289 969 in.
307 916 363 969 iis
386 927 485 983 qua:
509 914 627 963 sunt
655 907 872 964 Christi.
902 906 1055 973 Quod
1081 907 1190 975 pati
1220 922 1321 960 non
1343 905 1556 960 debetis.
1586 904 1641 968 8,
1671 903 1723 959 9.
1756 903 1890 959 Nam
1929 902 1973 958 si
2004 902 2051 955 is
2079 900 2170 971 qui
2195 898 2361 963 venit,
2395 896 2558 950 alium
2586 894 2843 964 majorem
2870 891 3144 949 Christum
3171 894 3435 963 praedicat

233 1022 365 1076 quem
380 1020 468 1059 non
480 1001 877 1072 pzedicavimus,
891 1008 983 1054 aut
996 998 1157 1053 alium
1172 999 1423 1069 majorem
1442 998 1700 1069 Spiritum
1714 996 2129 1067 accipitisquem
2147 1008 2254 1048 nou
2269 990 2555 1059 accepistis
2574 996 2668 1043 aut
2680 986 2824 1041 aliud
2853 986 3067 1057 dignius
3084 985 3441 1056 Evangelium

233 1101 448 1170 quodnon
464 1097 757 1166 recepistis,
776 1107 920 1152 recte
936 1096 1277 1167 pateremini.
1296 1095 1559 1151 Existimo
1579 1093 1722 1151 enim
1743 1092 1974 1149 nibilme
1988 1092 2165 1146 minus
2180 1088 2373 1145 fecisse
2393 1087 2461 1141 10
2486 1101 2518 1141 a
2535 1084 2747 1156 magnis
2759 1080 3043 1153 apostolis,
3066 1076 3245 1136 Petro.
3275 1076 3437 1147 112

230 1197 512 1260 Βατηιιια,ιι
540 1196 773 1259 caeteris;
791 1194 1014 1253 limam
1038 1202 1092 1248 et
1111 1194 1155 1248 si
1185 1193 1465 1262 imperitus
1492 1205 1760 1256 sermone,
1796 1190 1893 1245 sed
1920 1204 2025 1245 non
2051 1186 2301 1244 scientia.
2328 1183 2399 1241 Id
2423 1192 2538 1249 est,
2585 1181 2811 1237 scienter
2857 1178 2959 1250 egi.
2986 1176 3072 1231 12.
3099 1174 3157 1229 ln
3185 1173 3442 1229 clunibus

237 1295 390 1337 :utem
404 1282 1101 1337 manilestatisumusvobis.
1119 1283 1227 1336 Aut
1255 1281 1343 1336 15.
1359 1282 1597 1353 nunquid
1611 1289 1887 1351 peccatum
1900 1278 2311 1347 ieci,meipsum
2335 1274 2722 1337 humilians,ut
2748 1286 2845 1327 vos
2864 1272 2920 1325 in
2952 1269 3059 1340 [ide
3092 1263 3437 1323 exaltemini?

230 1376 452 1441 Quoniam
466 1374 986 1446 gratisEvangelium
1011 1374 1104 1429 Dei
1137 1375 1497 1446 evangelizavi
1532 1374 1731 1429 vobis?
1756 1373 1907 1443 Alias
1932 1372 2201 1427 Ecclesias
2227 1369 2519 1440 exspoliavi
2549 1367 2823 1435 accipiens
2849 1362 3175 1435 stipendium
3220 1360 3286 1415 ad
3328 1359 3434 1414 mi—

231 1470 467 1543 nisterium
491 1477 751 1534 vestrum,
767 1470 821 1523 id
838 1479 912 1524 est
935 1472 1358 1540 pra-dicationem
1374 1471 1831 1527 vestrumsEtcum
1847 1485 2022 1527 essem
2044 1469 2184 1538 apud
2205 1482 2301 1523 vos
2315 1476 2614 1536 etegerem,
2641 1464 2793 1526 nulli,
2809 1461 3011 1533 aliquid
3038 1457 3289 1529 rogando.
3307 1468 3439 1509 oue-

230 1562 568 1637 rosusiui;li.
609 1580 734 1619 nam
747 1565 1027 1635 quodmihi
1056 1567 1260 1629 deerat,
1287 1566 1664 1637 suppleverunt
1701 1565 2338 1635 lratres,quivenerunta
2364 1560 2702 1623 Macedonia;
2733 1558 2853 1613 etin
2873 1554 3122 1611 omnibus
3142 1553 3438 1607 sineonere

230 1676 298 1714 tne
316 1659 447 1714 vobis
466 1660 688 1719 servavi.
716 1668 770 1713 et
791 1662 1019 1715 servabo
1039 1678 1103 1715 ne
1113 1661 1500 1731 putarentquod
1529 1661 1717 1714 amodo
1734 1660 1932 1731 aliquid
1947 1659 2095 1714 vellet
2123 1674 2345 1713 sumere.
2360 1656 2775 1727 Jusjurandum.
2804 1654 2899 1708 Est
2918 1652 3118 1707 veritas
3145 1648 3348 1703 Christi
3374 1648 3427 1702 in

229 1772 314 1821 me,
347 1756 577 1828 quoniam
605 1756 718 1811 haec
741 1773 844 1835 non
871 1757 1158 1826 accipiendi
1187 1758 1269 1812 15.
1301 1757 1550 1828 gloriatio
1582 1773 1687 1812 non
1715 1756 2039 1826 iul'riugetur
2068 1757 2120 1811 in
2161 1756 2470 1826 regionibus
2501 1753 2736 1825 Achaiae.
2768 1751 3057 1806 Dicebatur
3086 1749 3223 1803 enim
3250 1747 3437 1800 timore

227 1873 311 1917 non
354 1855 547 1931 valendi
586 1865 902 1919 convertere,
954 1838 1070 1911 non
1113 1856 1390 1911 dilectione
1447 1857 1723 1911 abstinere.
1777 1855 1959 1925 Quare
1994 1872 2099 1910 non
2127 1853 2486 1925 infringetur?
2540 1851 2676 1920 Quia
2712 1865 2819 1905 non
2877 1848 3044 1919 diligo
3106 1846 3234 1901 vos?
3284 1846 3444 1911 Deus,

226 1952 469 2027 scitﬁquia
513 1968 609 2005 uos.
638 1951 823 2027 diligo.
861 1952 1013 2020 Quod
1056 1963 1236 2027 autem
1286 1952 1456 2017 facio,
1498 1953 1552 2007 id
1585 1963 1698 2020 est,
1732 1970 1835 2008 non
1882 1953 2114 2021 accipio,
2169 1960 2223 2005 et
2271 1948 2488 2015 faciam,
2549 1948 2744 2003 scilicet
2807 1946 2924 2001 ideo
2965 1944 3145 2015 facio,
3202 1950 3263 1996 ut
3301 1956 3443 2027 ams,

225 2058 376 2121 Ρυιειη
416 2047 743 2123 occasionem
809 2048 1073 2123 gloriandi
1122 2067 1343 2116 eorum,
1388 2051 1619 2121 pseudo,
1684 2051 1776 2121 qui
1826 2050 2010 2106 volunt
2063 2049 2403 2104 occasionem
2483 2044 2782 2117 (gloriandi
2840 2044 2895 2096 in
2941 2058 3033 2115 eo,
3088 2040 3230 2110 quod
3298 2037 3439 2092 nihil,

224 2146 512 2221 praedicando
561 2146 870 2216 accipiunt).
892 2156 961 2201 ut
1012 2147 1098 2213 16,
1153 2149 1238 2203 l'i.
1288 2150 1340 2203 in
1404 2165 1514 2220 quo
1569 2148 1901 2220 gloriantur,
1950 2148 2293 2204 inveniantur
2346 2146 2486 2202 sicut
2533 2152 2584 2200 el
2624 2158 2740 2198 nos.
2809 2140 3117 2213 Responsio.
3159 2138 3247 2193 18.
3286 2136 3434 2191 Nam

226 2238 445 2319 ejusmodi
474 2240 903 2311 pseudoapostoli
955 2251 1083 2299 sunt
1117 2246 1351 2315 cperarii
1409 2245 1639 2312 subdoli,
1674 2245 2126 2316 transﬁgurantes
2175 2258 2235 2299 se
2278 2244 2330 2298 in
2361 2241 2634 2314 apostolos
2671 2238 2898 2295 Christi.
2953 2237 3021 2292 Et
3075 2252 3180 2291 non
3210 2236 3439 2303 mirum.

224 2338 260 2389 εἰ
276 2335 474 2415 ministri
491 2339 585 2391 hoc
612 2337 857 2407 faciunt;
889 2338 1003 2413 ipse
1052 2340 1196 2393 enim
1228 2339 1458 2395 Satanas
1499 2340 1848 2411 transﬁgurat
1900 2356 1959 2395 se
2012 2341 2065 2394 in
2115 2340 2363 2411 angelum
2413 2338 2568 2392 lucis.
2623 2336 2739 2390 Non
2794 2343 2877 2391 est
2922 2350 3052 2406 ergo
3076 2332 3365 2403 (conclusio
3403 2350 3439 2386 tr

224 2432 372 2507 simili)
402 2418 671 2511 magnum,
709 2435 756 2489 si
785 2433 1018 2490 ministri
1042 2434 1157 2506 cjus
1186 2420 1664 2509 transﬁgnreutur,
1698 2437 1842 2513 velut
1870 2438 2101 2493 ministri
2126 2436 2364 2499 iustititn,
2381 2449 2612 2507 quorum
2640 2432 2892 2489 ﬁniserit
2922 2431 3225 2489 secundum
3256 2444 3440 2500 opera.

1516 2576 2083 2646 COMMENTARIUS.

223 2760 357 2815 opera
379 2760 555 2799 eorum
586 2754 833 2801 movetur
860 2758 924 2799 eo
954 2753 1102 2799 motu
1139 2745 1227 2814 qui
1257 2744 1551 2799 secundum
1583 2743 1752 2798 Deum
1783 2751 1827 2807 Α
1858 2760 2020 2799 causa
2067 2743 2169 2799 hoc
2218 2746 2367 2809 dicit,
2420 2746 2501 2800 vel
2547 2755 2604 2800 ut
2648 2747 2867 2816 quidam
2921 2746 3125 2812 dicunt,
3175 2746 3447 2816 impedit:

225 2849 304 2893 est.
328 2838 411 2909 Est
433 2838 569 2901 enim
598 2838 651 2893 in
680 2838 800 2892 aliis
831 2849 1027 2901 motus,
1058 2838 1147 2907 qui
1180 2838 1375 2909 invidia
1400 2838 1616 2892 dicitur.

276 2927 318 3005 5.
342 2914 563 2983 Ancusr.
598 2926 713 2996 (lib.
754 2927 821 2981 85
855 2914 1079 2991 Qumst.,
1115 2938 1304 2997 quaest.
1337 2926 1427 2992 59,
1465 2934 1596 2981 tom.
1634 2925 1749 2995 IV).

225 3012 448 3089 Despondi
467 3022 599 3074 enim
639 3037 745 3074 vos.
775 3019 924 3075 Nunc
958 3021 1272 3089 desponsata
1306 3020 1542 3075 Ecclesia
1574 3031 1678 3086 cst,
1706 3031 1760 3076 et

224 3111 347 3181 virgo
384 3120 479 3175 est,
522 3111 589 3164 ad
639 3112 854 3181 nuptias
902 3113 1268 3180 perducenda,
1311 3112 1360 3165 id
1399 3120 1501 3175 est,
1533 3121 1759 3166 rum'tse

224 3203 427 3281 continet
450 3218 489 3279 al
508 3204 853 3277 corruptione
880 3202 1144 3257 saeculari.
1180 3203 1271 3257 Illo
1310 3212 1487 3257 autem
1522 3214 1759 3271 tempore

224 3296 375 3371 nubet,
399 3310 500 3369 quo
526 3295 777 3373 universa
800 3282 1135 3350 mortalitate
1163 3302 1519 3363 praetereunte
1555 3292 1673 3367 [αι.
1705 3297 1757 3348 ἱιι

221 3376 572 3458 θορεινὸιιηιεψ
606 3384 893 3440 immortali
921 3384 1295 3453 conjunctione
1336 3386 1563 3440 fruetur.

277 3479 323 3555 6η.
346 3478 533 3555 Lturn.
567 3478 829 3545 Despondi
852 3480 1122 3537 animust.
1148 3476 1319 3532 Causa
1350 3493 1447 3531 cur
1472 3493 1564 3530 eos
1594 3494 1759 3530 {einu-

223 3552 355 3633 lotu‘r,
376 3572 497 3642 quia
526 3552 771 3627 videlicet
810 3570 1006 3626 annulo
1030 3570 1150 3625 ﬁdei
1175 3570 1520 3644 de‘sponsavit
1546 3585 1639 3623 eos
1669 3571 1759 3624 uni

223 3660 337 3723 viro,
365 3660 574 3722 scilicet,
604 3660 841 3721 Christo,
866 3668 927 3714 ut
970 3660 1261 3714 exhibeant
1306 3661 1513 3731 scipsos
1556 3669 1758 3713 castam

222 3750 459 3825 virginem
482 3752 605 3806 sibi.
924 3807 929 3812 .
1646 3752 1649 3755 ’

274 3826 321 3893 7.
347 3830 571 3897 Animos.
607 3841 783 3896 Timeo
814 3850 1007 3895 attlem.
1040 3842 1286 3897 Ostendit
1314 3858 1417 3912 qua
1464 3858 1626 3897 causa
1676 3858 1759 3896 co-

222 3931 341 3997 gitur
362 3948 476 4009 vera
518 3934 583 3988 de
610 3948 666 3988 se
695 3934 1001 4007 protestari,
1030 3948 1135 3987 non
1160 3942 1217 4009 ut
1246 3950 1304 3988 se
1346 3932 1547 3999 laudet,
1578 3934 1670 3987 sed
1704 3944 1760 3986 ut

222 4038 295 4073 tos
320 4008 589 4088 deformet,
634 4026 724 4093 qui
758 4025 856 4078 sub
885 4024 1099 4079 nomine
1128 4023 1327 4079 Christi
1376 4036 1561 4080 contra
1600 4024 1757 4081 Chri-

221 4102 337 4165 stum
381 4115 684 4184 pradicant.
722 4114 834 4169 Hoc
882 4116 1024 4169 enim
1074 4115 1202 4186 agit,
1236 4130 1302 4169 ne
1346 4116 1632 4170 audiantur
1678 4132 1757 4171 se-
1795 4091 1835 4148 Β

221 4204 460 4272 ductores,
491 4224 627 4279 quos
661 4208 875 4263 diabolo
916 4218 1192 4279 comparat
1232 4217 1451 4279 prepter
1483 4210 1755 4264 astutiam.

275 4295 318 4349 8.
352 4295 480 4351 Nam
506 4299 615 4351 siis
638 4300 729 4369 qui
757 4301 911 4352 venit.
945 4299 1207 4369 Loquitur
1229 4299 1331 4354 hoc
1364 4299 1483 4352 loco
1514 4300 1578 4354 de
1619 4301 1759 4354 veris

221 4384 643 4453 prtetlicatorihus,
669 4389 794 4458 quia
819 4388 967 4458 plebs
990 4390 1391 4444 Corinthiorum
1418 4389 1581 4442 variis
1610 4405 1759 4443 erro—

222 4475 342 4530 ribus
365 4477 672 4555 llnctnahat.
703 4480 836 4533 Nam
864 4482 950 4533 alii
984 4479 1469 4549 pseudoapostolis,
1504 4481 1590 4532 alii
1634 4498 1759 4548 apo-

220 4564 345 4625 stolis
373 4573 615 4628 favebant
640 4576 732 4644 qui
775 4592 895 4628 cum
930 4574 1154 4629 Domino
1187 4576 1419 4637 inerant,
1456 4575 1520 4627 de
1564 4578 1759 4644 quibus

221 4663 469 4730 Apostolus
495 4668 569 4721 ait
596 4686 608 4720 :
640 4666 696 4720 Si
746 4679 923 4736 pot'or
949 4667 1193 4721 Christus
1220 4667 1288 4720 ab
1314 4666 1399 4720 his
1434 4666 1585 4720 vobis
1626 4683 1761 4735 pra:—

219 4757 397 4811 tlicatus
433 4759 637 4823 fuisset,
667 4770 761 4812 aut
798 4761 971 4829 potior
1003 4760 1233 4828 Spiritus
1278 4761 1451 4823 datus,
1487 4768 1629 4813 recte
1659 4774 1751 4811 no-

219 4845 285 4898 bis
309 4865 391 4903 eos
423 4852 817 4919 pra'ponerclis.

275 4938 316 4991 9.
348 4940 535 4995 Lanra.
580 4942 717 4995 Nam
747 4944 790 4994 si
822 4944 863 4994 is
896 4945 983 5011 qui
1017 4946 1161 4995 venit.
1203 4941 1254 4993 Si
1291 4944 1354 5003 is,
1391 4942 1580 5009 inquit,
1619 4957 1754 5010 prm—

221 5027 395 5099 tlirator
420 5036 503 5101 qui
537 5034 681 5085 venit
711 5043 763 5084 et
799 5050 827 5084 a
862 5033 968 5086 [)ι·υ
1000 5050 1099 5085 non
1135 5034 1388 5096 innititur,
1413 5034 1571 5085 aliam
1602 5031 1630 5084 li
1660 5038 1757 5085 :cut

220 5125 499 5186 prmilicaret
528 5127 698 5190 vobis,
731 5137 784 5179 et
816 5134 910 5196 per
955 5144 1072 5181 eam
1106 5127 1262 5181 iidem
1299 5130 1460 5180 alium
1500 5127 1757 5195 Spiritum

219 5216 520 5283 acciperetis,
566 5228 835 5288 utcunque
867 5219 1142 5272 tolerabile
1184 5229 1347 5285 esset,
1386 5219 1428 5271 si
1462 5220 1577 5290 ejus
1613 5220 1759 5271 dam-

222 5309 457 5365 nulimteut
488 5315 839 5383 pateremiui;
874 5316 1100 5381 possetis
1139 5317 1281 5368 cnim
1316 5316 1494 5369 dicere
1521 5332 1532 5366 :
1562 5314 1761 5367 Praedi-

1860 2837 2023 2909 fuerit
2076 2838 2300 2908 linguae;
2350 2840 2628 2904 scientiam
2659 2841 2803 2894 enim
2852 2857 3071 2896 causam
3112 2842 3277 2897 inisse
3314 2845 3447 2897 dicit

1860 2930 2002 2997 quod
2036 2938 2180 2982 tanta
2211 2940 2465 2998 operatus
2497 2931 2586 2985 sit.
3042 2992 3043 2995 η
3310 2924 3313 2925 ν
3346 2918 3349 2921 Ι
3426 2986 3431 2995 .

1934 3024 2017 3077 11.
2044 3024 2281 3091 Αιιιιιιοε.
2310 3022 2450 3077 Nam
2477 3035 2521 3078 et
2548 3026 2593 3078 si
2623 3026 2911 3093 imperitus.
2939 3026 3051 3081 iloc
3082 3032 3188 3081 non
3217 3026 3281 3079 ad
3323 3042 3447 3096 apov

1862 3111 2028 3168 stolos
2056 3113 2312 3184 pertinet,
2342 3114 2433 3169 sed
2461 3114 2558 3167 hos
2586 3116 2757 3185 tangit
2785 3132 2923 3184 quos
2960 3117 3317 3186 prtelerebant
3344 3118 3446 3175 Co-

1862 3206 2068 3270 rinthii,
2100 3220 2259 3259 causa
2302 3207 2537 3260 accurati
2572 3208 2858 3270 sermonis,
2895 3223 3016 3265 cum
3077 3209 3128 3265 in
3185 3190 3444 3278 religione

1864 3300 1941 3351 vis
1973 3299 2237 3354 sermonis
2266 3299 2572 3354 necessaria
2604 3300 2691 3365 sit,
2719 3317 2824 3355 non
2856 3317 3020 3356 sonus
3048 3301 3240 3358 dulcis.

1934 3403 2018 3456 l2.
2040 3403 2238 3459 Laure.
2265 3402 2331 3456 In
2365 3406 2621 3471 omnibus,
2653 3415 2759 3461 etc.
2789 3406 3050 3461 Omnibus
3078 3407 3230 3460 vobis
3260 3406 3449 3471 maui~

1862 3491 2030 3547 festus
2053 3510 2171 3547 sum
2194 3496 2336 3564 quod
2354 3496 2687 3559 inmunibus,
2712 3496 2836 3551 licet
2862 3496 3144 3566 imperitus
3168 3511 3441 3565 sermone,

1862 3588 2098 3640 scienter
2130 3570 2215 3641 me
2246 3589 2440 3654 habui,
2471 3588 2597 3657 quia
2646 3604 2749 3642 non
2794 3588 3011 3657 peccavi
3047 3588 3098 3641 in
3143 3588 3248 3641 hoc
3304 3586 3450 3654 quod

1862 3693 1947 3732 me
2005 3678 2306 3742 humiliavi,
2355 3680 2437 3733 vel
2483 3679 2623 3748 quod
2671 3680 2839 3749 gratis
2881 3679 3170 3749 praedicari
3198 3718 3214 3742 ,
3258 3678 3309 3731 id
3337 3668 3479 3739 est,

1863 3785 1966 3823 non
1999 3770 2216 3839 capiens
2236 3786 2267 3825 a
2299 3770 2455 3825 vobis
2501 3780 2769 3842 sumptus,
2801 3772 2928 3826 dum
2974 3772 3348 3839 prmdicaretn.

1864 3864 1964 3916 hoc
1988 3865 2205 3929 prohat;
2238 3879 2360 3917 nam
2413 3864 2479 3917 ab
2512 3864 2654 3927 aliis,
2691 3865 2890 3933 inquit,
2946 3865 3207 3920 Ecclesiis
3233 3873 3441 3925 tantum

1863 3956 2139 4027 capiebam
2170 3955 2521 4025 stipendium,
2551 3957 2675 4011 dum
2711 3957 2865 4011 vobis
2899 3957 3274 4027 praedicarem.

1937 4059 2022 4111 15.
2052 4057 2584 4129 ΔιιιιιιοειΝιιηᾳιιὶά
2616 4068 2906 4127 peccatum.
2968 4057 3217 4127 Seipsmn
3264 4057 3446 4114 humi-

1865 4151 1976 4211 liat,
2006 4166 2127 4203 cum
2160 4151 2209 4202 id
2241 4151 2381 4216 quod
2413 4150 2515 4204 sibi
2542 4150 2838 4204 debebatur
2864 4165 2968 4203 non
3010 4150 3212 4219 exegit.

1933 4240 2017 4293 li.
2048 4240 2248 4293 LANFR.
2276 4237 2417 4293 Nam
2453 4241 2591 4308 quod
2635 4241 2764 4293 mihi
2792 4240 2990 4294 deerat.
3059 4237 3222 4303 Quasi
3251 4237 3444 4306 aliquis

1863 4334 2067 4386 diceret
2100 4349 2113 4385 :
2151 4331 2298 4385 Unde
2333 4347 2461 4401 ergo
2485 4332 2733 4385 vivebas?
3326 4348 3329 4351 ‘

1937 4420 2019 4474 l5.
2050 4422 2289 4477 Annuus.
2306 4419 2356 4475 11
2362 4438 2436 4476 tea
2458 4420 2770 4489 gloriﬁcatio
2790 4420 3241 4490 non‘infringetur.
3262 4419 3443 4483 Gloria

1862 4526 1942 4568 est
1973 4532 2001 4567 a
2042 4514 2201 4567 licitis
2223 4514 2516 4578 abstinere,
2550 4513 2782 4566 maxime
2804 4514 2869 4566 ad
2907 4514 3133 4567 aliorum
3187 4512 3439 4565 salutem.

1933 4603 2099 4658 16.1η
2120 4622 2221 4673 quo
2247 4604 2559 4671 gloriantur.
2590 4604 2770 4655 Gloria
2798 4604 3368 4670 pscudoapostolorum
3386 4603 3439 4655 iu

1860 4694 2586 4763 pecuniiseralaccipiendis.
2624 4693 2744 4745 Ideo
2774 4693 3060 4760 Apostolus
3084 4694 3201 4746 hoc
3240 4691 3441 4745 refuta-

1862 4788 1963 4849 vit,
1994 4802 2059 4839 ne
2089 4784 2191 4838 illis
2218 4786 2409 4838 similis
2453 4784 2744 4845 videretur,
2772 4786 2893 4851 quia
2922 4786 3021 4835 nisi
3068 4784 3167 4835 hoc
3199 4784 3265 4835 ab
3295 4784 3446 4850 Apo-

1861 4879 1997 4932 stolo
2025 4878 2212 4931 fuisset
2240 4880 2487 4941 vitatum,
2518 4878 2687 4946 major
2712 4878 2925 4930 occasio
2949 4877 3055 4930 illis
3105 4875 3294 4930 fuisset
3315 4876 3441 4928 data

1862 4986 2179 5021 ςιιῖσιιιιιξιιαι.

1895 4986 1921 5019 t‘,
2001 4989 2063 5021 lt.‘
2168 5010 2179 5021 .

1876 4989 1889 5020 ι
1928 4986 2031 5092 217‘)
2296 5037 2361 5092 In
2392 5055 2493 5108 qua
2546 5039 2860 5107 gloriantur.
2891 5039 3039 5098 ldco,
3090 5036 3280 5105 inquit,
3332 5051 3443 5089 non

1862 5130 2091 5197 accipio,
2128 5138 2183 5181 ut
2214 5130 2264 5181 in
2299 5145 2405 5197 quo
2442 5130 2760 5198 gloriantur,
2792 5130 2968 5193 idest,
2997 5129 3048 5182 in
3102 5124 3440 5192 accipiendo.

1869 5222 2214 5276 imeniantur
2268 5221 2422 5297 nobis
2476 5221 2677 5283 sinﬁlcs
2718 5236 2839 5274 cum
2897 5234 2993 5274 nos
3034 5232 3246 5286 quoque
3305 5214 3441 5266 nihil

1862 5316 2155 5383 capiamus.
2185 5314 2279 5367 Vel
2320 5315 2554 5367 ideonon
2581 5314 2806 5382 accipio,
2846 5311 2970 5380 quia
3004 5309 3215 5376 quidam
3242 5306 3407 5375 protlli
3432 5338 3439 5341 τ

222 5406 337 5457 ratio
362 5408 469 5476 ejus
517 5410 704 5463 melior
742 5420 823 5463 est
857 5427 1013 5479 quam
1062 5408 1235 5462 Pauli.
1264 5411 1409 5463 Nunc
1462 5426 1606 5473 vero,
1637 5425 1756 5463 cum
1788 5432 1832 5490 ρ
1864 5416 2106 5458 calorum
2146 5407 2261 5459 sine
2284 5404 2551 5474 stipendio
2578 5403 2938 5473 pruulicabant
2985 5397 3345 5459 mendacium,
3380 5405 3440 5448 nt

219 5501 427 5554 eamdem
464 5502 616 5558 iidem
661 5505 976 5574 prmdicant,
1002 5513 1054 5556 et
1076 5518 1140 5555 ex
1172 5517 1263 5556 sua
1295 5511 1447 5571 parte
1492 5502 1640 5570 plura
1671 5518 1758 5555 rc-

220 5592 421 5653 spuenda
439 5593 781 5662 addant,pati
808 5609 913 5645 non
933 5593 1167 5658 debetis;
1193 5602 1246 5646 et
1270 5594 1354 5647 hic
1378 5593 1567 5662 incipit
1585 5608 1751 5661 expo-

219 5679 454 5734 nereillnd
473 5701 483 5734 :
502 5682 765 5759 dlodicum
788 5670 1114 5750 insipientite,
1132 5687 1195 5736 de
1216 5698 1321 5751 quo
1342 5684 1587 5753 superius
1600 5682 1751 5735 dixit.

278 5769 351 5824 10.
378 5772 415 5826 Α
459 5776 655 5845 magnis
696 5775 964 5843 apos'olis.
992 5777 1036 5829 A
1069 5775 1295 5846 magnis,
1343 5786 1544 5845 quanto
1586 5776 1758 5844 magis

224 5859 393 5917 abhis
435 5868 520 5935 qui
572 5865 701 5921 nihil
757 5864 911 5921 sunt?
956 5863 1258 5936 lmpcritus,
1310 5865 1391 5922 vel
1442 5865 1759 5922 humilitatis

1870 5497 2102 5566 religiosi
2152 5497 2486 5555 viderentur,
2527 5507 2575 5547 et
2613 5510 2669 5544 se
2729 5494 2881 5545 nobis
2915 5492 3169 5559 prtcfcrre
3208 5490 3434 5558 possint.

1940 5591 2025 5644 18.
2054 5587 2194 5642 Nam
2233 5588 2487 5657 ejusmodi
2510 5582 2949 5655 pseudoapostoli.
2992 5582 3441 5644 Redditcausam,

1866 5699 1962 5738 cur
1993 5682 2208 5752 quidam
2236 5682 2447 5736 illorum
2480 5678 2594 5731 sine
2623 5673 2903 5742 stipendiis
2934 5672 3304 5742 praedicarent.
3335 5672 3441 5725 Per

1865 5773 1990 5838 hoc,
2022 5774 2213 5844 inquit,
2257 5772 2637 5841 trausligurant
2662 5783 2719 5825 se
2747 5766 2798 5823 in
2833 5764 3103 5837 apostolos
3143 5765 3301 5832 lucis,
3341 5777 3434 5821 seu

1865 5862 2082 5919 Christi.
