3880 6306
472 367 571 423 9,5]
1238 393 1243 403 ι
1424 434 1429 437 _
1487 366 1543 422 Β.
1576 366 1972 423 LANFRANCI
2010 364 2358 421 CANTUAR.
2391 362 2707 423 ARCHIEP.
3628 371 3718 429 εΣἱὲ

476 490 734 559 ipsorum,
759 487 813 542 id
852 495 951 552 est,
995 485 1186 540 malus.
1220 485 1302 549 l9,
1333 484 1424 550 20,
1467 474 1556 539 2i.
1584 484 1791 540 lterum
1826 486 1975 549 dico,
2019 484 2109 554 (ne
2152 483 2272 553 quis
2316 498 2400 538 me
2446 492 2596 554 putet
2637 483 2976 553 insipientem
3031 498 3193 550 esse;
3243 484 3342 541 22.
3396 484 3641 555 alioquin,
3682 494 3719 545 si

474 588 684 661 glorier,
740 566 881 644 velut
930 568 1271 658 insipientem
1333 573 1583 657 accipite
1612 601 1732 652 me,
1783 574 1879 658 (ac
1929 588 1974 640 si
2020 575 2157 639 dicat
2192 602 2211 639 :
2240 586 2285 639 si
2320 576 2494 649 vultis,
2541 601 2619 638 me
2683 578 3008 654 insipientem
3068 580 3292 652 putate,
3339 582 3500 652 113
3522 600 3608 653 ego
3656 594 3719 639 ως

483 668 599 735 nien
649 668 945 752 gloriabora)
993 681 1084 735 25.
1122 666 1179 733 ut
1215 688 1269 735 et
1311 695 1409 749 ego
1450 680 1718 734 modicum
1761 679 1887 748 quid
1930 671 2579 750 glorier)(modicumltoc
2608 678 2757 741 dicit,
2784 677 2923 747 quod
2961 679 3018 731 in
3050 662 3222 731 verbis
3262 694 3372 731 non
3417 691 3567 731 sensu
3607 679 3718 746 est):

478 777 570 833 24.
600 776 745 847 quod
772 776 984 844 loquor,
1016 794 1093 830 me
1135 776 1432 847 gloriando,
1465 791 1570 830 non
1612 775 1803 847 loquor
1824 766 2119 830 secundum
2170 775 2359 839 Deum,
2390 775 2484 829 sed
2509 774 2663 844 quasi
2711 774 2801 828 25.
2835 775 2886 829 in
2934 774 3246 843 insipientia
3278 771 3375 825 26.
3404 771 3458 825 iu
3496 772 3594 826 hac
3623 774 3723 826 sub-

476 875 679 929 stantia
708 866 909 945 glorise.
941 872 1115 927 Causa
1159 888 1253 925 cur
1286 870 1555 940 glorietur.
1590 862 1854 937 Quoniam
1890 862 2042 923 multi
2074 871 2268 939 pseudo
2291 870 2594 939 gloriantur
2615 864 2912 924 secundum
2944 868 3181 936 carnem,
3208 876 3268 923 et
3299 865 3404 937 eg'o
3432 884 3537 921 non
3573 885 3725 921 secanto

476 972 602 1025 dum
633 956 838 1024 carnem
884 952 1176 1039 gloriabor,
1198 954 1342 1039 quod
1370 966 1507 1035 ferre
1536 967 1751 1020 debetis.
1773 966 1862 1019 27.
1906 960 2162 1019 Libenter
2185 966 2329 1019 cuitu
2369 963 2608 1018 suffertis
2636 956 2971 1032 insipientes,
3003 979 3124 1018 cum
3154 958 3283 1020 sitis
3330 965 3434 1033 ipsi
3460 965 3724 1033 Sapientes.

485 1069 580 1125 Vel
607 1088 736 1136 vere,
766 1072 843 1125 vel
873 1067 1080 1122 ironice.
1120 1062 1414 1119 Sustinetis
1445 1062 1587 1115 enim
1618 1059 1761 1132 (quia
1790 1062 1927 1114 hunc
1955 1070 2004 1113 et
2037 1061 2173 1114 hunc
2207 1060 2488 1129 sustinetis)
2530 1060 2574 1114 si
2602 1061 2723 1129 quis
2751 1074 2846 1114 vos
2877 1061 2929 1114 in
2973 1061 3301 1115 servitutem
3334 1061 3533 1130 redigit
3567 1062 3726 1115 docens

477 1187 564 1224 vos
598 1170 900 1239 judaizare,
927 1163 1005 1220 vel
1035 1148 1327 1231 supponens
1357 1175 1442 1213 vos
1493 1146 1587 1211 suo
1644 1150 1869 1222 servitio,
1905 1157 1993 1211 28.
2033 1152 2088 1211 ‘si
2140 1157 2259 1225 quis
2294 1157 2536 1223 devorat,
2572 1152 2739 1211 vestra
2767 1157 2973 1226 accipit,
3012 1156 3103 1222 29,
3147 1157 3242 1211 50.
3278 1157 3327 1211 si
3373 1157 3499 1225 quis
3539 1157 3727 1224 accipit,

476 1266 666 1333 decipit
703 1263 970 1317 adulando
1003 1252 1254 1329 (accipere
1282 1266 1357 1310 est
1401 1254 1521 1308 dolo
1569 1255 1794 1324 capere),
1820 1254 1865 1307 si
1904 1254 2026 1323 quis
2054 1254 2348 1320 extollitur,
2393 1254 2661 1323 iactando,
2690 1254 2782 1320 51,
2813 1253 2903 1319 52,
2944 1252 3032 1307 55.
3080 1252 3123 1307 si
3155 1252 3286 1322 quis
3335 1252 3391 1305 in
3440 1250 3624 1313 faciem
3654 1266 3728 1306 vos

475 1359 633 1412 c:e.lit
662 1360 737 1427 (in
767 1359 955 1426 faciem
1003 1353 1223 1407 creditur
1268 1353 1322 1405 in
1354 1350 1505 1419 cujus
1536 1367 1591 1403 os
1618 1349 1817 1418 injuria
1844 1351 2126 1419 irrogatur)
2154 1349 2231 1403 vel
2272 1350 2629 1419 corporaliter.
2674 1349 2764 1404 54.
2813 1349 3118 1404 Secundum
3157 1348 3563 1418 ignobilitatem
3611 1346 3728 1411 dico,

476 1449 541 1514 (st
565 1450 680 1519 quis
706 1448 991 1512 extollitur,
1017 1448 1146 1515 etc.)
1182 1447 1338 1516 quasi
1370 1462 1467 1500 nos
1496 1446 1715 1510 infirmi,
1742 1432 1849 1499 non
1874 1447 2116 1499 habentes
2144 1446 2335 1515 quibus
2360 1447 2660 1515 gloriemur,
2693 1446 2954 1501 fuerimus
2986 1446 3124 1517 (cum
3159 1447 3491 1515 potentiores
3513 1444 3661 1498 simus
3681 1461 3729 1498 ea

476 1546 647 1616 facere
668 1562 785 1613 qua:
825 1545 1047 1616 faciunt)
1083 1546 1132 1599 iu
1161 1546 1261 1599 hac
1302 1552 1455 1613 parte
1496 1543 1778 1612 gloriandi.
1807 1542 2040 1597 Ostendit
2066 1560 2119 1596 se
2145 1544 2332 1596 habere
2370 1544 2555 1613 quibus
2589 1544 2861 1613 glorietur.
2887 1544 2941 1596 In
2970 1561 3028 1597 eo
3058 1559 3167 1613 quo
3197 1544 3331 1613 quis
3360 1540 3558 1613 pseudo
3597 1541 3731 1594 audet

474 1640 695 1708 gloriari
740 1641 814 1710 (in
846 1622 1155 1711 insipientia
1201 1641 1343 1711 dico)
1385 1641 1558 1695 audeo
1602 1650 1656 1695 et
1685 1656 1814 1709 ego;
1851 1639 2057 1694 Hebraei
2081 1626 2228 1703 sunt,
2262 1647 2316 1693 et
2341 1654 2471 1710 ego;
2524 1632 2777 1695 Israelita:
2825 1647 2969 1702 sunt,
3015 1649 3070 1694 et
3118 1654 3255 1709 ego;
3293 1652 3488 1692 semen
3533 1635 3723 1689 Abraha

477 1745 623 1799 sunt,
652 1744 706 1789 et
742 1752 872 1806 ego;
924 1738 1159 1791 ministri
1189 1719 1566 1800 Christi'sunt,
1603 1738 1681 1807 (ut
1719 1738 1895 1791 minus
1939 1737 2154 1806 sapiens
2180 1736 2322 1805 dico)
2355 1737 2429 1806 (in
2472 1737 2567 1791 hoc
2596 1736 2733 1807 quod
2755 1734 2872 1805 plus
2901 1722 3039 1799 dico,
3065 1736 3239 1789 minus
3271 1736 3489 1803 sapiens
3528 1730 3614 1801 ﬁo)
3637 1729 3731 1799 plus

476 1845 605 1900 ego;
639 1820 707 1902 (et
737 1832 853 1901 plus
888 1833 1046 1886 etiam
1071 1851 1161 1905 ego
1192 1834 1429 1889 minister
1452 1828 1678 1899 Christi;
1707 1845 1752 1887 et
1779 1835 1876 1887 hoc
1918 1834 2124 1903 probat,
2159 1833 2283 1903 quia
2303 1833 2356 1885 in
2381 1833 2498 1897 Itoc,
2536 1842 2584 1885 et
2616 1833 2669 1885 in
2701 1830 2818 1893 hoc)
2854 1830 2906 1883 in
2930 1830 3203 1883 laboribus
3236 1827 3517 1901 plurimis,
3544 1824 3594 1878 iu
3634 1839 3731 1877 car-

476 1927 695 1982 cet-ibus
725 1927 1108 1994 abundantius,
1155 1932 1205 1983 in
1233 1931 1406 2001 plagis
1437 1910 1607 1999 supra.
1632 1930 1869 1992 modum,
1906 1930 1956 1983 in
2001 1928 2268 1982 mortibus
2300 1916 2633 1995 frequenter.
2665 1927 2710 1979 A
2737 1922 2936 1980 Judteis
2965 1924 3053 1979 55.
3099 1925 3431 1994 quinquies,
3461 1920 3729 1992 quadrage-

432 2086 437 2089 I
476 2038 577 2079 nas
619 2010 973 2093 percussiones
1012 2041 1114 2079 una
1162 2025 1359 2091 minus,
1390 2026 1594 2095 accepi.
1626 2026 1733 2079 Ter
1764 2026 1928 2094 virgis
1950 2027 2123 2079 caesus
2154 2012 2300 2089 sum,
2343 2023 2509 2078 semel
2556 2022 2822 2091 lapidatus
2855 2036 2997 2087 sum,
3043 2023 3319 2075 insecutus
3364 2018 3639 2089 lapidibus,
3665 2027 3728 2070 ter

477 2120 822 2190 naufragium
854 2106 1158 2192 (ro'entibus
1188 2124 1392 2179 Iudicis
1429 2122 1743 2194 demergere)
1776 2122 1898 2188 feci,
1923 2112 2134 2192 pertuli,
2162 2122 2249 2176 56.
2280 2130 2437 2176 nocte
2466 2129 2520 2175 et
2545 2109 2631 2176 die
2654 2120 2797 2191 (dum
2825 2116 3101 2173 duceretur
3124 2117 3381 2187 Romam)
3414 2117 3466 2171 in
3497 2114 3729 2187 profundo

479 2220 649 2273 maris
663 2218 758 2283 fui,
776 2220 1278 2289 appellatoCtesare,
1301 2204 1459 2294 114
1476 2223 1527 2276 in
1545 2206 1835 2278 itineribus
1857 2237 2020 2292 saepe,
2048 2220 2213 2274 multa
2238 2220 2448 2288 pertuli,
2466 2216 3292 2289 periculisﬂuminumsubjacui,
3317 2214 3573 2286 periculis
3592 2212 3731 2266 latro-

478 2332 635 2381 num,
668 2318 922 2386 periculis
948 2333 1012 2372 ex
1044 2334 1263 2390 genere,
1293 2321 1516 2387 Juda’is,
1553 2322 1811 2391 periculis
1846 2336 1913 2376 ex
1940 2320 2207 2392 gentibus,
2234 2320 2473 2391 paganis,
2502 2300 2755 2388 periculis
2781 2300 3024 2385 subjacui
3049 2317 3101 2369 in
3130 2316 3384 2381 civitate,
3418 2311 3657 2384 periculis
3684 2310 3725 2362 in

481 2410 794 2479 solitudine,
828 2414 1086 2482 periculis
1123 2416 1175 2469 in
1208 2417 1369 2481 mari,
1401 2417 1662 2486 periculis
1709 2417 1761 2471 in
1804 2416 1954 2471 falsis
1983 2416 2263 2480 fratribus,
2291 2432 2372 2470 me
2398 2416 2616 2486 prodere
2643 2415 2959 2479 volentibus;
2987 2413 3042 2467 in
3073 2412 3285 2479 labore,
3312 2410 3548 2482 corporis
3574 2410 3661 2479 fui,
3685 2417 3727 2461 et

482 2524 722 2564 aerumna
754 2510 931 2579 famis,
966 2512 1016 2567 in
1043 2514 1239 2582 vigiliis
1270 2514 1469 2579 multis,
1498 2514 1550 2576 in
1580 2515 1723 2570 fame
1751 2523 1803 2570 et
1832 2514 1944 2580 siti,
1978 2514 2032 2569 in
2059 2512 2281 2584 jejuuiis
2309 2513 2513 2578 multis,
2540 2513 2589 2567 in
2618 2511 2817 2583 frigore
2844 2518 2898 2566 et
2943 2510 3212 2575 nuditate,
3254 2517 3463 2579 praeter
3508 2507 3609 2572 illa,
3631 2519 3727 2574 qure

492 2607 829 2664 extrinsecus
857 2619 1003 2678 sunt,
1030 2622 1222 2682 pra'ter
1248 2622 1437 2667 cratera
1465 2606 1581 2683 quin
1610 2630 1795 2683 passus
1831 2596 1945 2667 sum
1976 2614 2030 2668 in
2057 2629 2233 2677 carne,
2267 2610 2521 2665 instantia
2553 2626 2672 2665 mea
2702 2609 2976 2679 (studium,
3004 2608 3079 2663 vel
3104 2609 3360 2663 incursus
3386 2604 3588 2673 mentis)
3612 2618 3722 2672 quo-

1832 2728 2394 2785 COMMENTAIUUS.

558 2836 647 2891 l9.
678 2834 919 2892 AMBROS.
948 2837 1147 2892 Iterum
1171 2839 1307 2893 dico.
1342 2838 1567 2909 Semper
1618 2842 1869 2911 proponit
1913 2844 2056 2911 quod
2090 2845 2132 2899 Α
2231 2838 2319 2893 29.
2351 2810 2547 2892 Lsurn.
2579 2836 2639 2892 Si
2658 2838 2774 2895 auis
2798 2856 2882 2893 eos
2921 2839 2974 2892 in
3003 2838 3328 2901 servitutem,
3356 2836 3409 2892 id
3433 2844 3533 2901 est,
3562 2845 3721 2887 carna-

488 2936 677 2999 postea
702 2929 888 2984 multis
909 2942 1285 3001 prosequatur.
1860 2990 1863 2993 7
2168 2929 2247 2985 les
2289 2931 2662 2986 observantius
2715 2931 2866 3001 legis,
2899 2946 3020 3001 qua:
3065 2928 3247 2985 servili
3280 2929 3500 3005 timore
3548 2920 3718 2993 ἰητριτί

555 3015 645 3070 20.
678 3015 878 3072 [Ακιηι.
926 3017 1124 3073 lterum
1153 3021 1290 3076 diro.
1342 3020 1602 3092 Superius
1624 3023 1759 3079 dixit
1794 3042 1806 3077 :
1854 3022 2068 3079 Utinam
2168 3020 2403 3077 faciebat
2436 3021 2659 3078 dicens:
2685 3021 2742 3078 Si
2771 3022 2892 3095 quis
2922 3023 3044 3088 hoc,
3071 3021 3155 3076 vel
3178 3022 3312 3077 illud
3350 3019 3554 3085 fecerit,
3581 3024 3721 3069 morte

489 3109 817 3163 sustineretis
841 3111 1105 3193 modicum
1152 3113 1282 3183 quid
1322 3115 1632 3184 insipientite
1662 3118 1826 3170 ntere!
1862 3116 2070 3172 scilicet
2169 3113 2454 3168 moriatur.
2611 3184 2615 3188 ἢ
3078 3100 3087 3107 ”

493 3201 1021 3257 commendationem
1050 3203 1132 3258 sui
1167 3220 1288 3275 quae
1316 3205 1608 3262 indiscrete
1638 3206 1778 3263 facta
1813 3208 2069 3278 insipien-
2236 3204 2327 3261 50.
2350 3205 2586 3261 Attenes.
2606 3203 2669 3261 Si
2688 3204 2802 3276 quis
2821 3221 2907 3260 ros
2930 3206 2983 3260 in
3007 3206 3331 3260 servitutem.
3357 3200 3718 3273 Redigebantur

493 3290 567 3345 lia
594 3292 813 3347 dicitur.
851 3292 1049 3348 lterum
1073 3296 1225 3360 dicit,
1248 3312 1317 3351 ne
1340 3298 1459 3366 quis
1484 3307 1634 3367 putet
1654 3313 1776 3352 eum
1806 3298 2067 3369 insipien-
2172 3294 2224 3350 in
2252 3296 2565 3352 servitutem
2589 3312 2685 3366 per
2706 3296 3010 3363 stultitiam,
3034 3308 3089 3350 ut
3115 3296 3513 3351 famularentur
3529 3287 3718 3363 pseudo-

496 3394 625 3449 tem,
655 3400 780 3439 cum
816 3386 916 3441 hoc
944 3392 1048 3441 non
1086 3402 1277 3456 prose,
1309 3390 1401 3443 sed
1426 3389 1492 3442 ad
1517 3388 1728 3444 illorum
1755 3389 2069 3445 aadilicatio-
2172 3388 2451 3459 apostolis.
2831 3457 2834 3461 ι
3106 3436 3109 3437 ν
3480 3452 3483 3459 ,
3544 3450 3547 3455 ,

489 3492 613 3531 nem
658 3476 847 3544 faciat;
899 3478 1135 3549 alioquin
1179 3480 1224 3535 si
1258 3480 1463 3545 volunt,
1504 3490 1725 3552 putent,
1786 3482 1912 3536 dum
1953 3474 2068 3552 ipse
2246 3482 2335 3536 5|.
2362 3480 2554 3550 Siquis
2576 3482 2631 3537 in
2664 3481 2870 3551 faciem.
2897 3479 2953 3536 In
2982 3481 3171 3536 faciem
3196 3482 3426 3537 creditur
3455 3478 3506 3532 in
3529 3471 3719 3541 cujusos

492 3566 790 3634 glorietur,
834 3577 1013 3625 tamen
1044 3571 1111 3624 ad
1138 3571 1569 3628 tediticalionem.
1654 3644 1655 3647 η
1846 3588 1849 3593 λ
2175 3571 2367 3639 injuria
2399 3571 2685 3642 irrogatur.
2737 3571 2890 3626 Nunc
2935 3571 3034 3625 hos
3075 3570 3349 3640 significat
3376 3564 3568 3639 qui,eo
3604 3556 3717 3647 quod

488 3684 489 3687 η
560 3657 651 3711 21.
686 3657 887 3712 Iterum
909 3662 1046 3713 dico.
1080 3662 1232 3725 Item,
1265 3664 1460 3731 inquit,
1492 3673 1543 3718 et
1571 3678 1714 3732 saepe
1752 3679 1912 3718 narro
1939 3665 2067 3717 vitia
2174 3671 2353 3717 essent
2402 3677 2466 3717 ex
2521 3676 2718 3733 genere
2764 3661 3015 3725 Abrahae,
3062 3661 3443 3716 obtrectabant
3488 3656 3563 3711 eis
3608 3645 3718 3720 (ιυοίί

492 3745 732 3812 illorum,
764 3761 832 3801 ne
853 3748 975 3818 quis
1004 3749 1227 3806 audiens
1254 3765 1339 3806 me
1363 3752 1692 3823 redarguere
1729 3752 1849 3808 illos
1872 3792 1887 3818 ,
1917 3762 2070 3824 putet
2175 3761 2358 3807 essent
2425 3751 2810 3807 incircumcisi.
2884 3750 3035 3807 Unde
3086 3752 3336 3822 sequitur
3391 3768 3405 3805 :
3459 3741 3717 3804 Secundum

495 3838 859 3909 insipientem.
1044 3870 1049 3877 -
1728 3872 1729 3875 η
2174 3840 2546 3913 ignobilitatem
2570 3844 2707 3897 dico.
2927 3844 2932 3849 ’
2981 3825 2987 3831 ⁸
3272 3838 3273 3841 “

564 3930 659 3985 22.
712 3930 957 4002 Alioquin
1005 3933 1161 3989 velut.
1215 3933 1504 3990 Concessio
1578 3935 1820 3990 adversae
1874 3936 2069 4006 partis,
2245 3934 2333 3989 52.
2367 3934 2607 3990 Ancusr.
2638 3934 2800 4005 (lib.t
2846 3934 3180 3988 Desermone
3207 3932 3424 3988 Domini
3469 3929 3519 3983 in
3556 3929 3715 3981 manu.

498 4038 621 4092 qna:
647 4029 774 4077 tunc
829 4032 1201 4095 competenter
1244 4025 1323 4091 fit,
1354 4026 1572 4095 quando
1616 4026 1927 4082 concedenti
1961 4042 2069 4081 non
2177 4040 2208 4080 c
2259 4025 2343 4087 l9,
2377 4032 2503 4078 tom.
2537 4023 2645 4095 IV).
2672 4025 2735 4080 Si
2754 4026 2868 4095 quis
2898 4025 2950 4079 in
2982 4024 3187 4093 facient.
3213 4023 3355 4091 Qnid
3382 4020 3450 4078 sit
3472 4021 3529 4093 in
3558 4013 3715 4068 faciet“

499 4121 583 4168 est
606 4114 873 4169 nocitura.
2178 4115 2344 4169 czedi?
2368 4114 2470 4169 hoc
2494 4125 2576 4169 est
2603 4115 2872 4170 contemni
2902 4124 2957 4169 et
2988 4114 3208 4185 despici.
3233 4102 3393 4182 Quod
3413 4110 3612 4184 quidem
3634 4113 3715 4156 non

564 4204 656 4260 25.
685 4204 925 4261 Aunuos.
959 4204 1026 4260 Ut
1046 4222 1139 4275 ego
1174 4207 1454 4262 modicum.
1478 4206 1743 4263 Modicum
1772 4207 1921 4275 dicit,
1948 4208 2075 4278 quia
2105 4186 2151 4244 Β
2180 4207 2301 4261 idco
2324 4205 2759 4276 dicitApostolns
2786 4214 2844 4259 ut
2887 4205 3011 4260 illos
3050 4222 3154 4260 non
3183 4205 3529 4265 sustinerent,
3555 4195 3635 4254 sed
3671 4196 3716 4242 υι

488 4294 554 4365 in
590 4295 769 4350 verbis
795 4296 977 4349 nonin
1005 4310 1167 4352 sensu
1198 4306 1301 4352 est.
1768 4334 1771 4335 ν
1822 4333 1827 4337 -
2181 4314 2242 4354 se
2288 4299 2459 4370 magis
2485 4299 2576 4369 qui
2628 4313 2720 4354 eos
2767 4299 2845 4353 sic
2874 4298 3118 4370 diligeret
3152 4307 3212 4353 ut
3257 4299 3495 4370 seipsum
3543 4288 3629 4362 pro
3654 4282 3714 4338 είε

569 4383 662 4438 24.
696 4384 852 4453 Quod
893 4384 1095 4457 loquor.
1136 4385 1443 4443 Secundum
1472 4389 1637 4444 Deum
1669 4403 1774 4443 non
1816 4387 2076 4457 loquitur,
2181 4390 2339 4447 vellet
2374 4391 2629 4462 impendi.
3460 4444 3461 4449 η

501 4471 629 4541 quia
656 4473 725 4527 ad
765 4476 946 4529 carnis
977 4484 1239 4531 tumorem
1276 4479 1389 4533 haec
1415 4480 1711 4547 pertinent;
1748 4493 1847 4534 nec
1880 4479 1946 4533 de
1990 4479 2076 4533 in—
2250 4481 2339 4535 55.
2361 4479 2563 4535 Lsurn.
2587 4479 2649 4536 Si
2671 4480 2785 4551 quis
2807 4481 2861 4534 in
2887 4479 3095 4550 faciem.
3126 4478 3184 4534 ln
3210 4477 3400 4535 faciem
3442 4473 3629 4531 credere
3651 4468 3714 4518 est

502 4562 725 4619 natione
766 4565 906 4635 apud
937 4567 1102 4620 Deum
1145 4568 1545 4640 surgit-gloria,
1571 4572 1695 4639 quia
1736 4569 1876 4639 apud
1909 4569 2077 4624 Deum
2179 4573 2447 4643 praeterita
2480 4573 2619 4628 mala
2650 4574 2716 4627 ad
2750 4572 3061 4626 memoriam
3092 4586 3369 4626 revocare.

504 4652 777 4709 humilitas
801 4655 1033 4725 gloriosa
1060 4666 1161 4711 est.
1354 4696 1355 4699 η

2250 4667 2340 4723 at.
2374 4666 2673 4721 Secundum
2702 4664 3095 4734 ignobilitatem.
3129 4648 3392 4728 Viriliter,
3422 4654 3597 4726 inquit,
3618 4646 3712 4701 dico

492 4776 495 4779 -
574 4744 666 4800 25.
712 4746 914 4803 LANFR.
967 4748 1033 4802 lu
1083 4751 1399 4818 insipientia.
1453 4752 1761 4820 insipientia
1808 4763 1980 4820 esset,

2181 4757 2334 4826 quasi
2366 4756 2688 4826 impotentes
2733 4752 2840 4824 (vel
2888 4752 3227 4822 intentiores)
3270 4751 3541 4808 fuerimus,
3565 4740 3609 4793 id
3631 4741 3710 4830 θείς

505 4846 699 4908 sponte
726 4838 1076 4910 gloriaretur;
1109 4842 1202 4896 sed
1227 4843 1352 4912 quia
1388 4855 1626 4910 coactus,
1658 4845 1808 4914 quasi
1853 4847 1906 4899 in
1951 4846 2081 4900 insi-
2181 4846 2386 4910 facere;
2438 4844 2868 4914 magniﬁcentius
2899 4844 3042 4897 enim
3086 4839 3297 4912 p’osSem
3347 4843 3522 4895 dicere
3551 4837 3710 4897 :qu'

501 4933 709 5002 Ρὶθηιίει
735 4933 884 4988 dicit
1034 5002 1035 5005 η
2182 4952 2281 4993 nos
2302 4937 2633 5008 potentiores
2661 4952 2765 4992 non
2791 4934 3051 4990 fuerimus
3071 4950 3189 5004 qua:
3220 4934 3419 4988 faciunt
3450 4929 3626 4983 facere.

572 5020 664 5081 26.
695 5025 763 5080 In
804 5030 903 5080 Itac
928 5027 1238 5092 substantia,
1272 5028 1322 5082 id
1364 5020 1464 5094 est,
1499 5030 1549 5084 in
1591 5030 1691 5087 hoc
1734 5046 1927 5103 genere
1974 5032 2085 5105 glo-

2253 5028 2342 5083 55.
2392 5027 2437 5081 Α
2487 5026 2691 5081 Iudicis
2747 5026 3037 5097 quinquies.
3095 5024 3391 5095 Quinquies
3441 5015 3709 5105 verberem?

509 5120 603 5174 rise
629 5134 749 5189 quae
779 5118 837 5173 tit
862 5119 1155 5174 secundum
1187 5120 1570 5190 insipientiam.
1737 5098 1761 5103 ν
1846 5136 1849 5139 ·
1978 5098 2002 5105 ⁷
2062 5132 2063 5135 ‘
2185 5117 2385 5185 fuit,et
2436 5118 2487 5172 in
2534 5132 2856 5187 unaquaque
2902 5116 3248 5184 percussione
3287 5098 3707 5182 corrigiamdam

578 5211 670 5264 27.
725 5211 967 5265 Libenter
1009 5213 1167 5265 enim.
1216 5211 1387 5267 Causa
1435 5229 1532 5270 cur
1578 5224 1762 5270 contra
1815 5214 2079 5273 fallaciam
2184 5216 2537 5287 quadraginta
2567 5216 2942 5284 percussidnes
2969 5211 3241 5275 sustinuit,
3274 5226 3381 5265 una
3409 5204 3705 5287 minus.ti“3'

509 5304 918 5372 praedicatorum
951 5303 1175 5374 gloriam
1225 5304 1353 5359 velit
1396 5307 1635 5377 gloriari,
1671 5310 1794 5378 quia
1837 5311 2085 5367 videlicet
2184 5281 2288 5381 que
2313 5281 2447 5365 vice.
2494 5281 2593 5363 Vel
2636 5306 2975 5376 quadragena
3011 5312 3234 5357 vocatur
3279 5301 3447 5371 ipsum
3487 5281 3703 5384 ﬂagellth

511 5391 775 5447 Corinthii
832 5393 1061 5449 libenter
1112 5393 1355 5450 ferebant
1409 5395 1767 5465 insipientiam
1831 5398 2040 5453 illorum
2064 5442 2079 5465 ,
2183 5400 2539 5471 quadraginta
2568 5399 2813 5469 corrigiis
2835 5396 3159 5462 confectum,
3185 5411 3304 5450 cum
3340 5388 3444 5464 quo
3468 5381 3705 5472 quinti“?s

509 5496 633 5536 cum
675 5485 891 5553 quidam
943 5488 1179 5556 ipsorum
1230 5489 1285 5543 in
1319 5489 1487 5545 verbo
1537 5490 1627 5545 Dei
1682 5490 1955 5561 sapientes
1999 5508 2041 5548 et

2185 5508 2243 5549 se
2271 5494 2397 5549 dicit
2443 5508 2779 5562 percussum,
2811 5489 3042 5561 corrigia
3077 5489 3223 5543 omni
3250 5487 3366 5567 vice
3413 5478 3619 5539 retenta;
3643 5473 3699 5515 διε

507 5581 652 5628 δυηῑο
1324 5594 1327 5597 ’
1914 5592 1919 5595 ’
2110 5559 2150 5618 C
2183 5584 2325 5642 enim
2354 5586 2433 5640 lex
2464 5583 2883 5639 misericorditer
2910 5581 3022 5635 fieri
3061 5559 3417 5650 praecipiebat.

578 5666 668 5723 28.
716 5667 953 5723 Asianos.
992 5670 1048 5724 Si
1090 5673 1206 5741 quis
1237 5674 1466 5728 devorat.
1513 5674 1760 5730 Contenti
1797 5683 1949 5730 erant
1992 5674 2079 5731 de-
2188 5684 2191 5685 '
2254 5677 2342 5731 56.
2393 5676 2627 5730 Annos.
2678 5673 2841 5728 Nocte
2869 5683 2915 5726 et
2962 5673 3064 5725 die.
3101 5670 3211 5724 Hoc
3258 5668 3450 5723 factum
3476 5664 3564 5720 est,
3602 5654 3693 5739 0"!"

509 5758 686 5815 vorari
719 5774 805 5816 res
834 5776 959 5815 suas
988 5778 1013 5815 a
1047 5763 1192 5819 falsis
1221 5765 1547 5822 docturitms.
2187 5767 2381 5821 missus
2421 5773 2563 5820 esset
2594 5764 2839 5831 Ruinam,
2870 5763 2995 5833 quia
3026 5760 3341 5831 appellasset
3362 5755 3615 5810 Casarem,
3638 5741 3695 5785 δίς
