3880 6306
97 352 193 405 235
855 349 922 405 ΙΝ
947 353 1005 406 D.
1041 351 1245 410 PAULI
1276 352 1495 409 EPIST.
1539 348 1898 410 COMMENT:
1935 355 2238 412 ~EPIST.
2273 356 2314 412 il
2348 358 2438 411 AD
2468 359 2626 414 COR.
3254 365 3363 422 εει

100 463 284 517 tidiana
324 462 456 528 fuit,
488 460 809 516 sollicitudo
850 462 1088 518 omnium
1117 466 1503 522 Eeelesiarum.
1536 466 1643 521 Per
1664 460 2028 536 ptirentltesim.
2060 470 2148 523 '57.
2189 470 2321 536 Quis
2363 471 2689 537 inﬁrmatur,
2723 480 2776 526 et
2810 488 2909 543 ego
2942 491 3044 529 non
3083 477 3355 533 inﬁrmor?

98 554 437 609 condolendo.
478 556 639 622 Quis»
659 555 1081 635 scandalizaittr,
1112 572 1168 616 et
1211 556 1333 633 ego,
1362 566 1679 619 nonvuror?
1706 564 1762 619 Si
1791 565 2009 634 gloriari
2051 576 2261 635 oportet
2290 585 2303 620 :
2335 567 2393 622 Si
2431 584 2585 637 cogas
2607 584 2689 622 me
2715 567 2934 635 gloriari
2963 571 3206 641 amplius,
3239 590 3359 643 qua:

99 651 414 706 inﬁrmitatis
444 667 593 707 mea:
621 664 747 709 sunt
786 647 909 711 vera.
932 658 1122 721 diram,
1150 676 1265 728 quae
1306 660 1585 729 inﬁrmitas
1613 650 1726 713 mea
1755 676 1910 728 passa
1964 670 2059 724 est,
2092 662 2222 714 nihil
2278 662 2596 732 conﬁngens,
2640 661 2926 730 gloriabor.
2970 663 3358 731 Jusjurandum

96 764 175 815 per
197 747 585 816 parenthesim.
638 747 778 802 Deus
819 757 887 802 et
918 740 1083 803 Pater
1113 750 1323 804 Domini
1374 750 1540 805 nostri
1568 749 1696 805 Iesu
1726 749 1950 814 Christi,
1997 751 2086 819 qui
2134 759 2214 805 est
2259 744 2659 806 benedictusin
2703 742 2925 815 sarcula,
2946 755 3047 807 scit
3077 756 3217 822 quod
3253 771 3359 811 non

100 842 334 905 mentior,
390 842 449 893 in
471 842 562 895 his
598 859 716 912 qua:
754 848 1060 913 sequuntur.
1084 832 1345 927 Damasci
1367 834 1688 915 prmpositus
1717 847 1892 915 gentis
1918 847 2095 901 Arene
2128 848 2290 916 regis,
2318 848 2656 902 custodiebat
2684 847 2958 922 civitatem
2995 848 3361 905 Damasceno-

100 953 221 1002 rum,
253 944 312 991 ut
357 950 448 990 me
501 937 1031 1007 comprehenderet;
1065 949 1119 995 et
1146 926 1253 1010 per
1271 940 1562 996 fenestram
1610 926 1683 994 in'
1714 926 2178 1011 Sporta'dimissus
2208 959 2324 999 sum
2366 958 2463 1013 per
2502 958 2737 1009 murum,
2768 951 2823 998 et
2858 944 2938 998 sic
2978 942 3136 1016 eﬁ‘ugi
3168 961 3361 1004 manus

102 1036 223 1087 rius.
1378 1042 1385 1049 ‘

1988 1036 1993 1043 ε

122 1050 223 1102 ﬁt
1488 1134 1491 1137 ›
1562 1107 1791 1165 CAPUT
1838 1108 1961 1163 xu;

158 1189 213 1245 Si
239 1188 471 1259 amplius
517 1190 748 1261 gloriari
791 1202 1005 1261 oportet
1044 1198 1311 1253 coactione
1336 1212 1506 1256 vestra
1530 1206 1658 1275 (non
1698 1200 1916 1274 expedit
1956 1204 2193 1274 quidem,
2223 1202 2417 1256 scilicet
2456 1200 2692 1271 gloriari)
2720 1199 2971 1253 :veniam
3002 1208 3180 1255 autem
3214 1201 3259 1253 Ι.
3293 1200 3357 1253 ad

97 1281 331 1348 visiones,
355 1292 414 1338 et
447 1287 824 1345 revelationes
848 1290 1083 1347 Domini.
1112 1294 1189 1349 De
1211 1312 1267 1351 se
1298 1300 1507 1369 quidem
1545 1304 1652 1373 agit
1688 1304 1975 1357 coactione.
2007 1302 2133 1357 Scio
2160 1301 2430 1356 hominem
2463 1299 2515 1352 in
2541 1298 2784 1362 Christo,
2814 1296 3193 1359 Christianum,
3234 1309 3366 1353 ante

102 1400 252 1439 annos
275 1388 730 1455 quatuordecim,
752 1390 868 1458 jam
906 1396 1219 1462 praeteritos,
1245 1396 1381 1468 (sive
1404 1388 1485 1466 in,
1514 1419 1654 1468 cum,
1679 1418 1931 1473 corpore,
1962 1402 2077 1458 sive
2102 1410 2257 1456 extra
2286 1414 2502 1469 corpus,
2536 1399 2591 1451 in
2625 1397 2840 1461 exstasi,
2867 1396 3072 1459 nescio,
3102 1395 3190 1448 sed
3221 1394 3362 1449 Dens

100 1482 205 1549 scit)
234 1481 286 1534 2.
333 1488 562 1552 raptum
596 1483 907 1554 huiusmodi
936 1486 1295 1546 Christianum
1343 1476 1513 1566 usque
1555 1498 1623 1551 ad
1671 1499 1891 1553 tertium
1920 1498 2136 1553 etelum.
2164 1498 2231 1551 Et
2278 1495 2391 1551 scio
2418 1495 2517 1567 (bis
2544 1511 2597 1549 se
2626 1502 2823 1548 motum
2859 1492 3006 1560 dicit)
3053 1489 3361 1559 huiusmodi

102 1577 280 1644 ﬁdelem
308 1578 626 1643 hominem,
659 1582 794 1650 (sive
818 1583 873 1636 in
906 1582 1157 1655 corpore,
1190 1590 1305 1645 sive
1338 1602 1493 1647 extra
1541 1609 1737 1664 corpus
1763 1586 1972 1660 nescio,
1999 1595 2089 1649 sed
2140 1595 2282 1648 Deus
2312 1592 2432 1662 scit)
2476 1590 2731 1661 quoniam
2765 1597 2952 1659 raptus
2992 1596 3075 1640 est
3113 1587 3164 1640 in
3205 1601 3365 1656 para-

103 1674 277 1736 disum,
307 1684 361 1728 et
407 1678 631 1763 audivit
677 1693 877 1733 arcana
906 1684 1097 1768 verba,
1134 1701 1252 1755 quae
1281 1704 1388 1742 non
1416 1689 1540 1744 licet
1575 1691 1806 1757 homini,
1841 1691 1919 1746 vel
1964 1691 2085 1755 sibi,
2114 1688 2190 1744 vel
2238 1687 2545 1751 visionibus,
2573 1685 2652 1739 vel
2681 1684 2843 1737 alicui
2887 1681 3137 1745 auditori,
3186 1680 3352 1749 loqui.

104 1770 146 1868 ὃς
294 1769 637 1868 ιῢξὶυεςηοίξξ
689 1766 997 1868 gloriabor
1025 1795 1121 1849 pro
1152 1797 1235 1861 me
1262 1772 1464 1849 autem,
1486 1785 1542 1839 id
1576 1795 1672 1850 est,
1709 1804 1802 1856 pro
1825 1804 1939 1840 mea
1964 1788 2169 1849 virtute,
2199 1800 2315 1853 qua?
2349 1780 2478 1836 nihil
2500 1789 2594 1845 est,
2629 1778 2759 1831 nihil
2794 1779 2949 1849 115
2978 1778 3263 1849 gloriabor,
3299 1778 3356 1831 4.

104 1859 187 1911 nisi
216 1860 264 1912 in
293 1859 716 1917 inﬁrmitatibus
766 1866 919 1921 meis.
968 1866 1126 1924 Potes
1149 1858 1203 1924 tu
1223 1873 1442 1942 gloriari
1483 1876 1538 1929 in
1582 1877 2017 1945 inﬁrmitatibus?
2044 1875 2350 1943 Responsio.
2380 1873 2435 1927 5.
2460 1870 2622 1934 Nam,
2671 1878 2725 1923 et
2765 1870 2807 1923 si
2852 1870 3072 1924 voluero
3117 1869 3358 1938 gloriari,

110 1966 197 2004 non
224 1966 313 2006 ero
340 1969 570 2020 prorsus
602 1954 890 2026 insipiens;
920 1973 1034 2011 ecce
1068 1975 1163 2012 cur
1184 1976 1203 2014 :
1231 1963 1513 2017 veritatem
1546 1966 1688 2019 enim
1720 1965 1920 2031 dicam,
1953 1982 2155 2035 possem
2191 1963 2399 2033 quidem
2431 1957 2648 2030 gloriari
2680 1957 2966 2010 secundum
2995 1958 3241 2022 visiones,
3271 1956 3362 2010 sed

108 2053 247 2105 parco
270 2050 476 2107 autem,
506 2042 570 2129 76.
618 2059 688 2100 ne
718 2046 843 2114 quis
879 2062 965 2129 me
991 2049 1267 2107 existimet
1295 2053 1467 2108 dicere
1495 2070 1657 2125 supra
1689 2056 1741 2111 id
1770 2058 1911 2126 quod
1936 2056 2084 2110 videt
2126 2058 2179 2109 in
2216 2070 2325 2118 me,
2362 2052 2417 2107 id
2461 2060 2559 2115 est,
2609 2059 2714 2101 tam
2753 2047 2904 2100 vilem
2944 2062 3242 2115 personam,
3286 2046 3366 2099 vel

111 2138 196 2181 lam
219 2130 563 2202 incomposite
594 2134 908 2205 loquentem,
940 2142 994 2194 in
1025 2142 1212 2197 cwlum
1244 2148 1511 2214 nunquam
1541 2166 1649 2202 esse
1678 2159 1907 2218 raptant,
1952 2160 2043 2202 aut
2075 2147 2278 2217 aliquid
2306 2145 2457 2200 audit
2484 2160 2548 2199 ex
2594 2153 2700 2193 me-
2740 2135 2868 2191 Ηίεε
2905 2139 3035 2192 mihi
3069 2155 3101 2191 α
3130 2136 3363 2190 Ποηιὶηυ

109 2220 271 2274 collata
305 2232 447 2276 sunt.
479 2225 540 2279 7.
581 2227 650 2280 Et
692 2244 760 2282 ne
808 2220 1119 2302 magnitudo
1156 2236 1566 2303 revelationum,
1599 2255 1804 2307 magna:
1838 2238 2195 2300 revelationes,
2226 2235 2470 2297 extollat,
2513 2232 2791 2297 extollant,
2837 2247 2948 2295 me,
2982 2230 3247 2299 superbire
3279 2230 3365 2299 fa-

112 2310 245 2409 riant,
266 2314 419 2409 datus
449 2318 538 2371 est
572 2311 703 2371 mihi
737 2336 768 2372 a
802 2320 1027 2376 Domino
1051 2325 1305 2379 stimulus
1329 2327 1509 2381 carnis
1540 2340 1690 2392 mete,
1723 2328 1801 2382 vel
1828 2327 2111 2396 inﬁrmitas
2134 2327 2340 2396 capitis,
2385 2324 2463 2380 vel
2502 2322 2747 2378 stimulus
2778 2322 2994 2386 ventris,
3022 2318 3113 2375 vel
3139 2320 3363 2374 tribula-

112 2404 267 2464 tiones,
306 2404 359 2457 8.
403 2407 911 2493 angelusantanaa,
948 2415 1041 2482 qui
1073 2430 1157 2469 me
1181 2417 1506 2486 eolaphizet.
1540 2419 1769 2489 Propter
1794 2420 1936 2489 quod
1962 2418 2335 2491 (colaphizare)
2375 2426 2456 2473 ter
2480 2410 2765 2471 Dominum
2794 2413 2998 2484 rogavi,
3027 2420 3087 2467 ut
3115 2410 3365 2466 stimulus

114 2495 182 2549 ille
206 2498 501 2558 discederet
537 2520 569 2559 a
614 2521 730 2572 me;
765 2516 819 2561 et
852 2505 990 2559 dixit
1028 2506 1160 2560 mihi
1192 2508 1450 2564 Dominus
1479 2527 1497 2566 :
1528 2512 1581 2566 9.
1609 2509 1815 2565 Sufﬁcit
1866 2510 1961 2565 tibi
1996 2510 2170 2581 gratia
2222 2526 2373 2576 mea;
2408 2509 2493 2564 lo.
2551 2521 2675 2561 nam
2728 2506 2903 2559 virtus
2951 2506 3005 2559 in
3050 2503 3368 2559 inﬁrmitate

116 2587 377 2652 perﬁcitur.
409 2592 680 2651 Libenter
707 2596 889 2668 igitur,
920 2604 975 2649 ut
1004 2596 1168 2651 virtus
1187 2598 1513 2667 perﬁciatur,
1544 2601 1818 2672 gloriabor
1852 2600 1906 2655 in
1937 2599 2345 2655 inﬁrmitatibus
2373 2598 2528 2663 meis,
2565 2608 2624 2653 ut
2673 2598 2937 2653 inhabitet
2969 2598 3023 2652 in
3060 2612 3142 2652 me
3177 2598 3357 2652 virtus

116 2671 306 2776 Christi.
345 2678 591 2776 l’ropter
621 2686 788 2752 quod,
821 2696 876 2739 ut
905 2688 1214 2756 perﬁciatur
1246 2692 1435 2757 virtus,
1474 2691 1551 2745 vel
1577 2692 1793 2755 habitet,
1822 2693 2011 2762 placeo
2041 2691 2171 2745 mihi
2210 2691 2261 2745 in
2299 2691 2703 2745 inﬁrmitatibus
2734 2691 2889 2756 meis,
2930 2690 2985 2743 id
3014 2702 3110 2754 est,
3140 2689 3350 2759 placent

118 2767 220 2818 mihi
244 2772 319 2823 Ita:
349 2772 715 2840 inﬁrmitates,
748 2776 801 2830 in
829 2778 1190 2843 contumeliis,
1222 2780 1274 2833 in
1302 2781 1720 2835 necessitatibus
1751 2782 1824 2835 rei
1854 2781 2161 2850 familiaris,
2194 2778 2249 2833 in
2280 2780 2769 2849 persecutionibus,
2801 2783 2852 2836 in
2879 2782 3143 2853 angustiis
3186 2797 3365 2835 carce-

120 2873 235 2927 rum,
267 2878 362 2934 pro
390 2865 619 2923 Christo
644 2868 808 2922 illatis
830 2870 956 2923 mihi
984 2883 1002 2920 :
1032 2870 1120 2924 ll.
1152 2884 1273 2924 cum
1301 2872 1445 2926 enim
1473 2872 1745 2937 inﬁrmor,
1773 2883 1901 2928 tunc
1931 2881 2121 2943 potens
2144 2888 2287 2939 sum,
2317 2872 2599 2941 inﬁrmitas
2620 2883 2694 2927 est
2717 2874 2845 2928 mihi
2869 2874 3123 2943 potentia,
3152 2881 3199 2927 et
3237 2886 3366 2942 per-

254 2952 257 2953 ί
1142 3032 1149 3043 Ι
1436 2960 1679 3018 conus

1800 2962 2011 3018 lRlUS.
2388 2958 2393 2963 ’
3016 2952 3019 2955 ’

120 3041 342 3112 scriptum
371 3056 454 3103 est
481 3048 540 3104 in
577 3050 684 3106 alio
726 3050 843 3107 loco
869 3071 881 3106 :
911 3051 984 3106 Ita
1008 3060 1069 3106 ut
1103 3041 1513 3122 desperaremus
1548 3052 1669 3128 (aL,
1700 3064 1748 3121 Α
1848 3053 1902 3108 6.
1940 3057 2176 3108 AllBROS.
2205 3052 2288 3107 Ne
2314 3053 2431 3123 quis
2458 3069 2539 3107 me
2563 3052 2839 3107 existimet.
2874 3050 2949 3106 Ne
2972 3051 3094 3120 quis
3122 3065 3209 3106 me
3238 3050 3363 3104 exi-

125 3135 329 3211 tavderet]
357 3155 453 3196 nos
480 3144 655 3199 etiam
684 3144 864 3200 vivere
889 3144 997 3215 (II.
1026 3144 1148 3199 Cor.
1180 3142 1261 3218 ι).’

178 3225 254 3280 37.
282 3228 477 3287 Lsxra.
518 3234 658 3300 Quis
702 3235 1023 3311 inﬁrmatur.
1050 3235 1161 3291 Hoc
1199 3245 1253 3290 et
1277 3236 1507 3292 alterttm
1538 3235 1681 3308 quod

129 3318 353 3387 sequitur,
387 3324 604 3380 interea
653 3327 1011 3394 computanda
1045 3334 1194 3393 sunt,
1243 3326 1366 3396 quia
1416 3324 1501 3398 [[2,
1540 3324 1681 3397 quis]

128 3407 426 3467 extrinsecus
450 3425 755 3485 ponuntur.
1414 3478 1422 3482 _

184 3499 317 3556 CAP.
341 3504 454 3561 ΧΠ.
479 3538 557 3549 —
586 3508 638 3562 1.
663 3507 865 3564 Lsnrtl.
893 3509 974 3561 Ad
994 3508 1214 3563 visiones
1251 3517 1298 3563 et
1326 3507 1681 3564 revelationes.

132 3584 174 3675 Si
203 3587 302 3645 haec
328 3608 429 3649 non
471 3596 752 3652 suﬂiciunt
804 3598 871 3651 ad
899 3597 1278 3675 gloriationem
1318 3594 1521 3664 majora
1552 3596 1683 3650 sub-

129 3673 334 3748 iungam,
381 3688 523 3756 quod
560 3703 668 3742 non
717 3697 818 3753 est,
852 3688 903 3744 id
961 3676 1073 3754 est,
1105 3673 1517 3760 quod-stultum
1564 3696 1679 3753 est;

134 3765 325 3840 ideoque
372 3784 513 3834 tacet
575 3780 932 3845 sui'nomeu,
980 3781 1217 3849 dicitque
1265 3779 1583 3850 simpliciter
1628 3793 1686 3833 se

140 3858 255 3915 Scire
294 3864 563 3925 hominem
597 3870 683 3926 cui
728 3871 843 3927 haac
877 3870 1018 3925 facta
1050 3878 1192 3935 sunt,
1229 3881 1284 3925 et
1337 3870 1414 3924 sic
1448 3877 1687 3923 removet

139 3961 297 4016 sponte
343 3957 600 4025 gloriari;
648 3969 702 4017 et
749 3961 794 4016 si
844 3960 1105 4032 gloriatur
1140 3975 1237 4030 pro
1270 3952 1597 4031 huiusmodi,
1634 3958 1684 4013 id

141 4050 226 4106 est,
246 4052 523 4107 secundum
552 4053 695 4123 quod
718 4054 882 4109 homo
911 4055 1024 4123 ipse
1052 4053 1215 4108 habet
1242 4053 1339 4107 bas
1379 4053 1613 4107 visiones
1654 4066 1683 4105 a

141 4130 243 4194 Deo,
271 4146 313 4189 et
347 4154 449 4196 non
479 4158 511 4197 a
544 4158 635 4211 se,
665 4159 763 4219 pro
800 4159 859 4198 se
905 4153 1086 4198 autem
1122 4142 1247 4198 licet
1287 4142 1565 4215 glorietur,
1597 4140 1685 4196 se-

142 4225 334 4280 cundum
361 4245 421 4284 ea
450 4248 574 4303 quae
599 4234 822 4304 patitur,
850 4235 1130 4305 gloriatur.

200 4311 246 4367 2.
283 4316 511 4381 Annos.
564 4324 791 4395 Raptum
842 4328 1166 4397 hujusmodi.
1202 4327 1479 4397 Signiﬁcat
1524 4340 1687 4395 supra

1786 3148 1990 3211 stimet,
2024 3146 2217 3215 inquit,
2250 3146 2391 3199 ultra
2437 3145 2664 3215 gloriam
2712 3160 2885 3197 meam
2941 3143 3163 3196 tendere
3200 3156 3363 3211 quant

1785 3237 1941 3293 limes
1970 3238 2284 3292 meritorum
2313 3238 2566 3290 admittit.

1857 3328 1909 3382 7.
1952 3327 2019 3382 Et
2065 3344 2127 3383 ne
2177 3327 2504 3397 magnitudo.
2554 3326 2665 3381 Hoc
2701 3317 3010 3380 remedium
3056 3325 3235 3378 datum
3282 3330 3367 3378 est

1783 3418 2088 3488 Apostolo,
2142 3425 2201 3470 ut
2254 3417 2466 3486 injuriis
2520 3431 2741 3487 pressus
2800 3417 2981 3470 animo
3028 3409 3134 3468 non
3185 3421 3369 3482 posset

1786 3494 1969 3585 extolli
2032 3498 2424 3576 magnitudine
2474 3506 2864 3560 revelationum
2900 3545 2915 3569 ,
2993 3521 3060 3559 ne
3126 3504 3363 3561 otiosum

1786 3609 1975 3670 pectus
2020 3598 2099 3654 rei
2146 3586 2267 3653 esSe
2310 3595 2535 3652 haberet
2583 3596 2639 3650 in
2694 3596 2781 3651 his
2827 3611 2945 3665 qua:
2998 3595 3225 3660 viderat,
3272 3609 3367 3649 es-

1783 3685 1921 3742 ‘tolli.
1964 3696 1967 3699 ’
2342 3702 2343 3705 ‘

1856 3779 1908 3834 8.
1930 3777 2166 3834 Ancus'r.
2185 3775 2403 3849 (Expos.
2427 3776 2562 3848 psal.
2591 3768 2774 3847 exxx).
2799 3774 3023 3847 Angelus
3041 3772 3273 3829 Satanat.
3289 3773 3368 3829 Ne

1786 3868 2137 3925 extolleretur
2167 3875 2421 3936 tauquam
2444 3869 2677 3939 iuvenis,
2704 3868 3078 3936 colaphizatur
3108 3877 3367 3937 tanquam

1780 3960 1947 4030 puer;
1985 3966 2040 4014 et
2079 3974 2109 4011 a
2157 3957 2303 4028 quo?
2339 3957 2422 4036 Ab
2454 3956 2646 4027 angelo
2674 3956 2910 4011 Satanae.
2945 3957 3083 4023 Quid
3111 3966 3195 4011 est
3226 3957 3366 4011 hoci

1788 4052 1982 4107 Dolore
2012 4046 2246 4121 quodam
2279 4048 2524 4118 corporis
2556 4049 2808 4112 trahitur,
2844 4048 3160 4116 exagitatur
3199 4047 3367 4102 velte-

1789 4153 2017 4199 tnenter.
2064 4140 2284 4195 Dolores
2330 4148 2511 4193 autem
2550 4140 2847 4206 corporum
2899 4138 3217 4206 plerumque
3267 4135 3369 4189 im-

1790 4224 2077 4291 mittuntur
2146 4233 2214 4286 ab
2291 4231 2531 4299 angelis
2580 4229 2840 4293 Satanae;
2922 4229 3014 4281 sed
3082 4229 3183 4280 hoc
3257 4240 3363 4280 non

1790 4334 2016 4389 possunt
2040 4324 2142 4379 nisi
2170 4321 2443 4394 permissi.
2466 4319 2602 4373 Nam
2626 4328 2681 4373 et
2702 4322 2924 4374 sanctus
2942 4316 3042 4372 Job
3067 4317 3146 4371 sic
3174 4315 3367 4385 proba-

148 4401 526 4502 ru’“fttlllentum,
559 4418 613 4472 in
643 4419 860 4474 tertium
907 4435 1133 4477 numero
1168 4419 1364 4476 ctelum
1416 4419 1483 4474 de
1523 4418 1686 4488 spiri-
1718 4443 1763 4502 Β
1795 4425 1881 4472 tus
1907 4424 2013 4470 est.

148 4496 343 4559 tualibus
370 4509 523 4566 cmlis
546 4508 760 4582 raptum
784 4514 1155 4582 semetipsum.

196 4585 240 4642 3.
266 4587 358 4647 Pro
391 4597 716 4670 huiusmodi.
760 4600 866 4656 Pro
892 4600 1193 4670 huiusmodi
1218 4598 1456 4663 homine,
1488 4598 1539 4652 id
1580 4608 1684 4665 est,

149 4680 235 4731 tam
260 4681 437 4754 dignus
479 4702 567 4747 est
598 4691 711 4747 Deo
739 4700 801 4746 ut
842 4691 944 4747 hoc
985 4691 1338 4761 experiretur,
1372 4688 1589 4760 gloriari
1626 4705 1686 4745 se

150 4765 274 4837 dicit,
300 4786 348 4830 et
377 4795 477 4837 non
509 4784 623 4836 vult
649 4793 835 4852 aperte
862 4783 1042 4840 dicere
1071 4783 1195 4854 quia
1230 4783 1298 4839 de
1338 4796 1397 4838 se
1424 4781 1684 4850 loquitur,

152 4870 205 4911 ne
227 4861 422 4927 laudare
442 4890 501 4931 se
530 4876 797 4930 videatur.
1502 4886 1503 4889 “

157 5035 166 5047 ⁸
204 4951 492 5047 hmines.
518 4964 638 5020 Nisi
660 4967 716 5019 in
738 4965 1151 5034 inﬁrmitatibus.
1176 4965 1233 5020 in
1258 4965 1684 5030 inﬁrmitatibus,

156 5045 316 5112 ιηίιιιίι.
346 5050 628 5121 gloriabor.
670 5055 952 5125 Exponere
980 5056 1124 5110 enim
1168 5070 1450 5126 pressuras
1481 5056 1686 5126 passio-

157 5142 258 5229 num
297 5148 345 5193 et
387 5143 730 5203 inﬁrmitates
760 5148 1151 5219 angustiarum,
1180 5164 1285 5203 non
1318 5149 1530 5202 videtur
1572 5147 1682 5218 glo-

160 5232 340 5294 nostum,
366 5238 451 5291 sed
490 5239 685 5295 ﬂebile.
738 5239 945 5295 Idcirco
975 5257 1032 5295 se
1084 5241 1136 5294 in
1187 5240 1270 5295 his
1301 5240 1497 5310 glorari
1529 5239 1681 5293 dicit.

286 5317 467 5381 Lassa.
500 5328 642 5383 Nam
678 5330 724 5383 si
748 5330 958 5385 voluero
983 5330 1221 5400 gloriari.
1255 5329 1371 5383 Non
1406 5328 1685 5400 gloriabor

162 5411 243 5455 "5‘
263 5422 348 5475 Pro
368 5414 446 5471 his
466 5434 583 5489 qua:
611 5421 754 5476 Deus
779 5422 1045 5476 concessit
1068 5436 1245 5490 posse,
1275 5428 1329 5475 et
1356 5419 1458 5473 nisi
1493 5418 1679 5483 lactis;

163 5497 204 5540 el
226 5491 311 5551 hoc
342 5513 416 5559 est
446 5509 586 5579 quod
623 5510 757 5566 dicit
797 5528 810 5563 :
851 5508 992 5563 Nam
1032 5521 1078 5564 et
1117 5511 1161 5564 si
1200 5508 1406 5564 voluero
1442 5508 1679 5579 gloriari,

166 5592 245 5672 non
261 5603 335 5643 ero
353 5594 605 5670 insipiens.
634 5586 925 5672 insipiens
945 5601 1139 5670 aliquis
1166 5602 1230 5654 de
1258 5601 1369 5654 suis
1398 5600 1689 5671 gloriatur,

168 5666 273 5764 alios
290 5677 347 5735 de
369 5687 515 5746 ﬁctis.
539 5692 644 5748 Sed
672 5692 736 5748 de
764 5692 902 5749 lictis
929 5708 1032 5748 non
1058 5692 1360 5764 gloriabor;
1397 5666 1677 5747 veritatem
1760 5701 1964 5744 netur.

170 5761 285 5819 mila
307 5770 475 5836 dicam.

1860 4506 1913 4563 9.
1954 4504 2195 4561 Asianos.
2230 4504 2429 4576 Sufﬁcit
2469 4502 2581 4557 tibi.
2615 4490 2953 4571 Responsum
3003 4502 3105 4557 sibi
3138 4501 3270 4557 dicit
3308 4510 3367 4556 ut

1770 4594 2060 4653 ‘suﬁiceret
2085 4598 2187 4653 sibi
2221 4598 2393 4668 gratia
2418 4596 2541 4677 Dei,
2570 4594 2695 4665 quia
2736 4593 2880 4647 vires
2915 4592 3176 4648 tolerandi
3201 4588 3367 4646 adde-

1789 4690 2006 4744 bantur.
2038 4686 2187 4744 Unde
2216 4688 2556 4759 gloriandum
2587 4685 2880 4755 subiungit,
2909 4685 3122 4753 quando
3153 4680 3365 4751 iniuriis

1788 4778 2122 4845 humiliatur,
2147 4794 2178 4833 a
2201 4778 2417 4835 Christo
2449 4788 2626 4832 autem
2653 4778 2822 4831 virtus
2856 4775 3117 4830 tolerandi
3144 4775 3365 4829 adbibe-

1789 4881 1893 4925 llll‘.

1770 4984 1771 4987 η
1857 4963 1909 5017 9.
1953 4961 2154 5016 Lsnrn.
2183 4960 2381 5032 Suﬂicit
2416 4962 2509 5015 tibi
2535 4962 2707 5031 gratia
2738 4978 2877 5025 mea,
2911 4960 2962 5015 id
2988 4967 3091 5021 est,
3120 4956 3365 5011 suﬁicere
3422 5032 3425 5033 ν

1788 5055 1884 5111 tibi
1928 5055 2089 5110 debet
2117 5055 2291 5126 gratia
2331 5070 2470 5121 mea,
2517 5055 2569 5110 id
2601 5064 2701 5117 est,
2751 5056 2863 5108 haec
2909 5053 3196 5107 inﬁrmitas
3239 5065 3365 5119 quae

1787 5146 1911 5201 ideo
1950 5145 2043 5199 tibi
2087 5147 2157 5199 do
2200 5152 2261 5198 ut
2307 5145 2479 5199 virtus
2531 5152 2621 5198 tua
2667 5143 2944 5213 probetur,
2989 5151 3045 5195 et
3088 5142 3161 5193 ita
3205 5154 3363 5193 coro-

1786 5236 1976 5302 neris;
2018 5235 2197 5290 omnis
2244 5234 2391 5289 enim
2444 5234 2619 5288 virtus
2674 5247 2772 5301 per
2815 5230 3182 5293 inﬁrmitatem
3237 5244 3362 5299 pro-

1787 5329 1964 5383 batur.

1860 5417 1945 5472 lO.
1992 5418 2133 5471 Nam
2185 5419 2348 5472 virtus
2408 5420 2463 5471 in
2517 5415 2836 5493 inﬁrmitate.
2896 5408 3197 5465 Perfectum
3244 5410 3360 5464 vir-

1788 5518 1954 5563 tutem
1996 5508 2130 5562 dicit
2172 5522 2312 5571 esse,
2354 5522 2472 5575 quae
2521 5506 2684 5559 habet
2728 5503 3096 5557 inﬁrmitatem
3143 5511 3359 5557 contra-

1788 5600 1944 5661 riam,
1997 5615 2118 5653 cum
2165 5610 2271 5667 qua
2320 5597 2560 5666 legitime
2611 5602 2805 5657 certet,
2858 5604 2915 5647 ut
2965 5603 3149 5663 postea
3206 5608 3360 5647 coro—

1832 5781 1941 5833 -1Ι.
1988 5778 2598 5842 Αμβειοδνίῗιιιηωιὶηι
2649 5777 2906 5847 inﬁrmor.
2958 5777 3150 5847 Verum
3207 5774 3356 5834 dicit.
