  <div class='ocr_page' id='page_1' title='image "/cluster/home/n/w/nwhite01/storage/ocr_20150623/150/hvd.32044015473788/133.png"; bbox 0 0 3880 6306; ppageno 0'>
   <div class='ocr_carea' id='block_1_1' title="bbox 512 344 3752 415">
    <p class='ocr_par' dir='ltr' id='par_1_1' title="bbox 512 344 3752 415">
     <span class='ocr_line' id='line_1_1' title="bbox 512 344 3752 415; baseline 0.001 -14"><span class='ocrx_word' id='word_1_1' title='bbox 512 344 618 401; x_wconf 70' lang='grc' dir='ltr'><strong>Ξῦὄ</strong></span> <span class='ocrx_word' id='word_1_2' title='bbox 1478 345 1538 399; x_wconf 75' lang='grc' dir='ltr'><strong>Β.</strong></span> <span class='ocrx_word' id='word_1_3' title='bbox 1575 346 1961 402; x_wconf 74' lang='lat' dir='ltr'><strong>LANFRANCI</strong></span> <span class='ocrx_word' id='word_1_4' title='bbox 2000 345 2351 407; x_wconf 60' lang='lat' dir='ltr'><strong>CANTUAIL</strong></span> <span class='ocrx_word' id='word_1_5' title='bbox 2400 344 2717 405; x_wconf 76' lang='lat' dir='ltr'><strong>ABCIﬂEP.</strong></span> <span class='ocrx_word' id='word_1_6' title='bbox 3668 357 3752 415; x_wconf 63' lang='lat'><strong>250</strong></span> 
     </span>
    </p>
   </div>
   <div class='ocr_carea' id='block_1_2' title="bbox 508 457 3751 535">
    <p class='ocr_par' dir='ltr' id='par_1_2' title="bbox 508 457 3751 535">
     <span class='ocr_line' id='line_1_2' title="bbox 508 457 3751 535; baseline 0.003 -20"><span class='ocrx_word' id='word_1_7' title='bbox 508 461 681 530; x_wconf 76' lang='lat' dir='ltr'><strong>fectio.</strong></span> <span class='ocrx_word' id='word_1_8' title='bbox 712 458 910 515; x_wconf 75' lang='lat' dir='ltr'><strong>Factus</strong></span> <span class='ocrx_word' id='word_1_9' title='bbox 942 473 1060 513; x_wconf 90' lang='lat' dir='ltr'><strong>sum</strong></span> <span class='ocrx_word' id='word_1_10' title='bbox 1086 457 1347 528; x_wconf 75' lang='lat' dir='ltr'><strong>insipiens</strong></span> <span class='ocrx_word' id='word_1_11' title='bbox 1382 460 1680 529; x_wconf 83' lang='lat' dir='ltr'><strong>gloriando,</strong></span> <span class='ocrx_word' id='word_1_12' title='bbox 1723 462 1932 533; x_wconf 85' lang='lat' dir='ltr'><strong>(iterum</strong></span> <span class='ocrx_word' id='word_1_13' title='bbox 1974 458 2212 526; x_wconf 76' lang='lat' dir='ltr'><strong>removet,</strong></span> <span class='ocrx_word' id='word_1_14' title='bbox 2245 462 2385 534; x_wconf 87' lang='lat' dir='ltr'><strong>quod</strong></span> <span class='ocrx_word' id='word_1_15' title='bbox 2413 480 2516 517; x_wconf 81' lang='lat' dir='ltr'><strong>non</strong></span> <span class='ocrx_word' id='word_1_16' title='bbox 2546 472 2732 532; x_wconf 82' lang='lat' dir='ltr'><strong>sponte</strong></span> <span class='ocrx_word' id='word_1_17' title='bbox 2762 462 3045 532; x_wconf 71' lang='lat' dir='ltr'><strong>gloriatur,</strong></span> <span class='ocrx_word' id='word_1_18' title='bbox 3073 480 3196 519; x_wconf 81' lang='lat' dir='ltr'><strong>cum</strong></span> <span class='ocrx_word' id='word_1_19' title='bbox 3218 465 3348 520; x_wconf 84' lang='lat' dir='ltr'><strong>ideo</strong></span> <span class='ocrx_word' id='word_1_20' title='bbox 3376 483 3432 521; x_wconf 83' lang='lat' dir='ltr'><strong>se</strong></span> <span class='ocrx_word' id='word_1_21' title='bbox 3466 464 3690 535; x_wconf 76' lang='lat' dir='ltr'><strong>stultum,</strong></span> <span class='ocrx_word' id='word_1_22' title='bbox 3714 485 3751 527; x_wconf 77' lang='lat' dir='ltr'><strong>et</strong></span> 
     </span>
    </p>
   </div>
   <div class='ocr_carea' id='block_1_3' title="bbox 507 552 3751 635">
    <p class='ocr_par' dir='ltr' id='par_1_3' title="bbox 507 552 3751 635">
     <span class='ocr_line' id='line_1_3' title="bbox 507 552 3751 635; baseline 0.005 -30"><span class='ocrx_word' id='word_1_23' title='bbox 507 561 746 608; x_wconf 86' lang='lat' dir='ltr'><strong>coactum</strong></span> <span class='ocrx_word' id='word_1_24' title='bbox 774 569 827 607; x_wconf 84' lang='lat' dir='ltr'><strong>se</strong></span> <span class='ocrx_word' id='word_1_25' title='bbox 855 552 1139 621; x_wconf 74' lang='lat' dir='ltr'><strong>dicit),vos</strong></span> <span class='ocrx_word' id='word_1_26' title='bbox 1159 552 1524 607; x_wconf 81' lang='lat' dir='ltr'><strong>commendare</strong></span> <span class='ocrx_word' id='word_1_27' title='bbox 1552 568 1637 607; x_wconf 88' lang='lat' dir='ltr'><strong>me</strong></span> <span class='ocrx_word' id='word_1_28' title='bbox 1663 554 1940 623; x_wconf 78' lang='lat' dir='ltr'><strong>coegistis.</strong></span> <span class='ocrx_word' id='word_1_29' title='bbox 1963 554 2073 624; x_wconf 80' lang='lat' dir='ltr'><strong>Ego</strong></span> <span class='ocrx_word' id='word_1_30' title='bbox 2095 555 2240 611; x_wconf 91' lang='lat' dir='ltr'><strong>enim</strong></span> <span class='ocrx_word' id='word_1_31' title='bbox 2259 572 2286 610; x_wconf 88' lang='lat' dir='ltr'><strong>a</strong></span> <span class='ocrx_word' id='word_1_32' title='bbox 2317 556 2469 610; x_wconf 86' lang='lat' dir='ltr'><strong>vobis</strong></span> <span class='ocrx_word' id='word_1_33' title='bbox 2496 555 2656 610; x_wconf 82' lang='lat' dir='ltr'><strong>debui</strong></span> <span class='ocrx_word' id='word_1_34' title='bbox 2690 557 3083 624; x_wconf 85' lang='lat' dir='ltr'><strong>commendari;</strong></span> <span class='ocrx_word' id='word_1_35' title='bbox 3114 559 3206 614; x_wconf 72' lang='grc'><strong>12.</strong></span> <span class='ocrx_word' id='word_1_36' title='bbox 3234 559 3382 614; x_wconf 84' lang='lat' dir='ltr'><strong>nihil</strong></span> <span class='ocrx_word' id='word_1_37' title='bbox 3412 562 3557 616; x_wconf 87' lang='lat' dir='ltr'><strong>enim</strong></span> <span class='ocrx_word' id='word_1_38' title='bbox 3586 564 3751 635; x_wconf 66' lang='lat' dir='ltr'><strong>(rediit</strong></span> 
     </span>
    </p>
   </div>
   <div class='ocr_carea' id='block_1_4' title="bbox 508 642 3753 725">
    <p class='ocr_par' dir='ltr' id='par_1_4' title="bbox 508 642 3753 725">
     <span class='ocr_line' id='line_1_4' title="bbox 508 642 3753 725; baseline 0.004 -27"><span class='ocrx_word' id='word_1_39' title='bbox 508 646 748 713; x_wconf 86' lang='lat' dir='ltr'><strong>causam)</strong></span> <span class='ocrx_word' id='word_1_40' title='bbox 775 661 954 699; x_wconf 77' lang='lat' dir='ltr'><strong>mmus</strong></span> <span class='ocrx_word' id='word_1_41' title='bbox 985 644 1057 699; x_wconf 86' lang='lat' dir='ltr'><strong>fui</strong></span> <span class='ocrx_word' id='word_1_42' title='bbox 1094 645 1161 698; x_wconf 88' lang='lat' dir='ltr'><strong>ab</strong></span> <span class='ocrx_word' id='word_1_43' title='bbox 1203 643 1271 697; x_wconf 88' lang='lat' dir='ltr'><strong>iis</strong></span> <span class='ocrx_word' id='word_1_44' title='bbox 1300 642 1354 711; x_wconf 81' lang='grc' dir='ltr'><strong>(α</strong></span> <span class='ocrx_word' id='word_1_45' title='bbox 1381 643 1527 697; x_wconf 87' lang='lat' dir='ltr'><strong>bouis</strong></span> <span class='ocrx_word' id='word_1_46' title='bbox 1557 645 1925 716; x_wconf 69' lang='lat' dir='ltr'><strong>apostolisqui</strong></span> <span class='ocrx_word' id='word_1_47' title='bbox 1959 646 2323 716; x_wconf 83' lang='lat' dir='ltr'><strong>pretiosissimi</strong></span> <span class='ocrx_word' id='word_1_48' title='bbox 2354 646 2777 711; x_wconf 82' lang='lat' dir='ltr'><strong>vindicabuntur,</strong></span> <span class='ocrx_word' id='word_1_49' title='bbox 2813 657 2859 701; x_wconf 88' lang='lat' dir='ltr'><strong>et</strong></span> <span class='ocrx_word' id='word_1_50' title='bbox 2888 649 3111 704; x_wconf 84' lang='lat' dir='ltr'><strong>multum</strong></span> <span class='ocrx_word' id='word_1_51' title='bbox 3148 668 3273 705; x_wconf 87' lang='lat' dir='ltr'><strong>esse</strong></span> <span class='ocrx_word' id='word_1_52' title='bbox 3298 668 3470 721; x_wconf 77' lang='lat' dir='ltr'><strong>supra</strong></span> <span class='ocrx_word' id='word_1_53' title='bbox 3502 655 3657 724; x_wconf 77' lang='lat' dir='ltr'><strong>sum),</strong></span> <span class='ocrx_word' id='word_1_54' title='bbox 3680 659 3753 725; x_wconf 80' lang='lat' dir='ltr'><strong>qui</strong></span> 
     </span>
    </p>
   </div>
   <div class='ocr_carea' id='block_1_5' title="bbox 508 736 3753 814">
    <p class='ocr_par' dir='ltr' id='par_1_5' title="bbox 508 736 3753 814">
     <span class='ocr_line' id='line_1_5' title="bbox 508 736 3753 814; baseline 0.003 -25"><span class='ocrx_word' id='word_1_55' title='bbox 508 746 635 789; x_wconf 73' lang='lat' dir='ltr'><strong>sunt</strong></span> <span class='ocrx_word' id='word_1_56' title='bbox 670 751 831 805; x_wconf 81' lang='lat' dir='ltr'><strong>supra</strong></span> <span class='ocrx_word' id='word_1_57' title='bbox 864 736 1080 791; x_wconf 85' lang='lat' dir='ltr'><strong>modum</strong></span> <span class='ocrx_word' id='word_1_58' title='bbox 1112 736 1363 805; x_wconf 84' lang='lat' dir='ltr'><strong>apostoli,</strong></span> <span class='ocrx_word' id='word_1_59' title='bbox 1384 747 1639 805; x_wconf 83' lang='lat' dir='ltr'><strong>quantum</strong></span> <span class='ocrx_word' id='word_1_60' title='bbox 1669 736 1738 790; x_wconf 88' lang='lat' dir='ltr'><strong>ad</strong></span> <span class='ocrx_word' id='word_1_61' title='bbox 1764 738 2056 804; x_wconf 76' lang='lat' dir='ltr'><strong>opinionem</strong></span> <span class='ocrx_word' id='word_1_62' title='bbox 2082 738 2461 809; x_wconf 85' lang='lat' dir='ltr'><strong>quorumdam;</strong></span> <span class='ocrx_word' id='word_1_63' title='bbox 2487 739 2573 793; x_wconf 80' lang='grc'><strong>15.</strong></span> <span class='ocrx_word' id='word_1_64' title='bbox 2606 740 2819 794; x_wconf 86' lang='lat' dir='ltr'><strong>tametsi</strong></span> <span class='ocrx_word' id='word_1_65' title='bbox 2852 740 2983 795; x_wconf 92' lang='lat' dir='ltr'><strong>nihil</strong></span> <span class='ocrx_word' id='word_1_66' title='bbox 3014 757 3154 806; x_wconf 89' lang='lat' dir='ltr'><strong>sum,</strong></span> <span class='ocrx_word' id='word_1_67' title='bbox 3182 743 3275 796; x_wconf 93' lang='lat' dir='ltr'><strong>illi</strong></span> <span class='ocrx_word' id='word_1_68' title='bbox 3294 745 3515 813; x_wconf 83' lang='lat' dir='ltr'><strong>quidem</strong></span> <span class='ocrx_word' id='word_1_69' title='bbox 3544 745 3753 814; x_wconf 67' lang='lat' dir='ltr'><strong>multum,</strong></span> 
     </span>
    </p>
   </div>
   <div class='ocr_carea' id='block_1_6' title="bbox 507 825 3757 905">
    <p class='ocr_par' dir='ltr' id='par_1_6' title="bbox 507 825 3757 905">
     <span class='ocr_line' id='line_1_6' title="bbox 507 825 3757 905; baseline 0.005 -24"><span class='ocrx_word' id='word_1_70' title='bbox 507 840 601 895; x_wconf 74' lang='lat' dir='ltr'><strong>ego</strong></span> <span class='ocrx_word' id='word_1_71' title='bbox 629 825 781 889; x_wconf 81' lang='lat' dir='ltr'><strong>nihil,</strong></span> <span class='ocrx_word' id='word_1_72' title='bbox 813 837 868 881; x_wconf 87' lang='lat' dir='ltr'><strong>ut</strong></span> <span class='ocrx_word' id='word_1_73' title='bbox 898 827 1211 899; x_wconf 73' lang='lat' dir='ltr'><strong>quibusdam</strong></span> <span class='ocrx_word' id='word_1_74' title='bbox 1238 828 1458 882; x_wconf 82' lang='lat' dir='ltr'><strong>videtur.</strong></span> <span class='ocrx_word' id='word_1_75' title='bbox 1486 829 1649 897; x_wconf 80' lang='lat' dir='ltr'><strong>Signa</strong></span> <span class='ocrx_word' id='word_1_76' title='bbox 1676 839 1851 885; x_wconf 88' lang='lat' dir='ltr'><strong>tamen</strong></span> <span class='ocrx_word' id='word_1_77' title='bbox 1878 832 2213 898; x_wconf 72' lang='lat' dir='ltr'><strong>apostolatus</strong></span> <span class='ocrx_word' id='word_1_78' title='bbox 2240 831 2366 895; x_wconf 88' lang='lat' dir='ltr'><strong>mei,</strong></span> <span class='ocrx_word' id='word_1_79' title='bbox 2401 831 2595 886; x_wconf 82' lang='lat' dir='ltr'><strong>indicia</strong></span> <span class='ocrx_word' id='word_1_80' title='bbox 2617 848 2732 903; x_wconf 73' lang='lat' dir='ltr'><strong>qua:</strong></span> <span class='ocrx_word' id='word_1_81' title='bbox 2752 833 2821 887; x_wconf 88' lang='lat' dir='ltr'><strong>ad</strong></span> <span class='ocrx_word' id='word_1_82' title='bbox 2846 834 3135 902; x_wconf 70' lang='lat' dir='ltr'><strong>apostolum</strong></span> <span class='ocrx_word' id='word_1_83' title='bbox 3160 836 3463 905; x_wconf 82' lang='lat' dir='ltr'><strong>pertinent,</strong></span> <span class='ocrx_word' id='word_1_84' title='bbox 3491 836 3629 894; x_wconf 80' lang='lat' dir='ltr'><strong>facta</strong></span> <span class='ocrx_word' id='word_1_85' title='bbox 3648 856 3757 897; x_wconf 76' lang='lat' dir='ltr'><strong>sunt</strong></span> 
     </span>
    </p>
   </div>
   <div class='ocr_carea' id='block_1_7' title="bbox 511 918 3758 996">
    <p class='ocr_par' dir='ltr' id='par_1_7' title="bbox 511 918 3758 996">
     <span class='ocr_line' id='line_1_7' title="bbox 511 918 3758 996; baseline 0.004 -27"><span class='ocrx_word' id='word_1_86' title='bbox 511 933 674 987; x_wconf 79' lang='lat' dir='ltr'><strong>super</strong></span> <span class='ocrx_word' id='word_1_87' title='bbox 701 934 815 982; x_wconf 89' lang='lat' dir='ltr'><strong>vos,</strong></span> <span class='ocrx_word' id='word_1_88' title='bbox 845 919 1031 990; x_wconf 87' lang='lat' dir='ltr'><strong>quibus</strong></span> <span class='ocrx_word' id='word_1_89' title='bbox 1058 918 1337 973; x_wconf 80' lang='lat' dir='ltr'><strong>debueram</strong></span> <span class='ocrx_word' id='word_1_90' title='bbox 1368 922 1745 985; x_wconf 82' lang='lat' dir='ltr'><strong>commendari,</strong></span> <span class='ocrx_word' id='word_1_91' title='bbox 1778 922 1829 976; x_wconf 90' lang='lat' dir='ltr'><strong>in</strong></span> <span class='ocrx_word' id='word_1_92' title='bbox 1853 921 1997 976; x_wconf 89' lang='lat' dir='ltr'><strong>omni</strong></span> <span class='ocrx_word' id='word_1_93' title='bbox 2027 923 2308 992; x_wconf 72' lang='lat' dir='ltr'><strong>patientia,</strong></span> <span class='ocrx_word' id='word_1_94' title='bbox 2341 925 2393 979; x_wconf 92' lang='lat' dir='ltr'><strong>in</strong></span> <span class='ocrx_word' id='word_1_95' title='bbox 2422 924 2610 995; x_wconf 84' lang='lat' dir='ltr'><strong>signis,</strong></span> <span class='ocrx_word' id='word_1_96' title='bbox 2636 925 2689 979; x_wconf 85' lang='lat' dir='ltr'><strong>iu</strong></span> <span class='ocrx_word' id='word_1_97' title='bbox 2721 926 2986 995; x_wconf 66' lang='lat' dir='ltr'><strong>praesenti,</strong></span> <span class='ocrx_word' id='word_1_98' title='bbox 3011 935 3071 987; x_wconf 83' lang='lat' dir='ltr'><strong>et</strong></span> <span class='ocrx_word' id='word_1_99' title='bbox 3094 925 3402 996; x_wconf 76' lang='lat' dir='ltr'><strong>prodigiis,</strong></span> <span class='ocrx_word' id='word_1_100' title='bbox 3428 928 3482 982; x_wconf 86' lang='lat' dir='ltr'><strong>in</strong></span> <span class='ocrx_word' id='word_1_101' title='bbox 3513 928 3758 996; x_wconf 66' lang='lat' dir='ltr'><strong>[atumet</strong></span> 
     </span>
    </p>
   </div>
   <div class='ocr_carea' id='block_1_8' title="bbox 509 1007 3756 1088">
    <p class='ocr_par' dir='ltr' id='par_1_8' title="bbox 509 1007 3756 1088">
     <span class='ocr_line' id='line_1_8' title="bbox 509 1007 3756 1088; baseline 0.004 -27"><span class='ocrx_word' id='word_1_102' title='bbox 509 1010 822 1074; x_wconf 81' lang='lat' dir='ltr'><strong>virtutibus,</strong></span> <span class='ocrx_word' id='word_1_103' title='bbox 860 1012 1037 1082; x_wconf 77' lang='lat'><strong>116,</strong></span> <span class='ocrx_word' id='word_1_104' title='bbox 1062 1010 1357 1065; x_wconf 72' lang='lat' dir='ltr'><strong>miraculis.</strong></span> <span class='ocrx_word' id='word_1_105' title='bbox 1389 1012 1478 1074; x_wconf 80' lang='lat' dir='ltr'><strong>M,</strong></span> <span class='ocrx_word' id='word_1_106' title='bbox 1512 1012 1598 1067; x_wconf 83' lang='grc'><strong>15.</strong></span> <span class='ocrx_word' id='word_1_107' title='bbox 1625 1011 1763 1079; x_wconf 84' lang='lat' dir='ltr'><strong>Quid</strong></span> <span class='ocrx_word' id='word_1_108' title='bbox 1794 1021 1877 1067; x_wconf 90' lang='lat' dir='ltr'><strong>est</strong></span> <span class='ocrx_word' id='word_1_109' title='bbox 1900 1013 2047 1067; x_wconf 89' lang='lat' dir='ltr'><strong>enim</strong></span> <span class='ocrx_word' id='word_1_110' title='bbox 2072 1014 2214 1084; x_wconf 89' lang='lat' dir='ltr'><strong>quod</strong></span> <span class='ocrx_word' id='word_1_111' title='bbox 2240 1007 2434 1069; x_wconf 78' lang='lat' dir='ltr'><strong>minus</strong></span> <span class='ocrx_word' id='word_1_112' title='bbox 2461 1014 2728 1069; x_wconf 84' lang='lat' dir='ltr'><strong>habuistis</strong></span> <span class='ocrx_word' id='word_1_113' title='bbox 2759 1031 2870 1086; x_wconf 78' lang='lat' dir='ltr'><strong>prze</strong></span> <span class='ocrx_word' id='word_1_114' title='bbox 2902 1015 3115 1071; x_wconf 78' lang='lat' dir='ltr'><strong>czeteris</strong></span> <span class='ocrx_word' id='word_1_115' title='bbox 3152 1016 3457 1079; x_wconf 84' lang='lat' dir='ltr'><strong>Ecclesiis,</strong></span> <span class='ocrx_word' id='word_1_116' title='bbox 3502 1017 3603 1071; x_wconf 87' lang='lat' dir='ltr'><strong>nisi</strong></span> <span class='ocrx_word' id='word_1_117' title='bbox 3640 1022 3756 1088; x_wconf 69' lang='lat' dir='ltr'><strong>quod</strong></span> 
     </span>
    </p>
   </div>
   <div class='ocr_carea' id='block_1_9' title="bbox 511 1097 3756 1182">
    <p class='ocr_par' dir='ltr' id='par_1_9' title="bbox 511 1097 3756 1182">
     <span class='ocr_line' id='line_1_9' title="bbox 511 1097 3756 1182; baseline 0.005 -31"><span class='ocrx_word' id='word_1_118' title='bbox 511 1109 611 1166; x_wconf 77' lang='lat' dir='ltr'><strong>ego</strong></span> <span class='ocrx_word' id='word_1_119' title='bbox 643 1097 757 1167; x_wconf 91' lang='lat' dir='ltr'><strong>ipse</strong></span> <span class='ocrx_word' id='word_1_120' title='bbox 780 1115 885 1154; x_wconf 90' lang='lat' dir='ltr'><strong>non</strong></span> <span class='ocrx_word' id='word_1_121' title='bbox 916 1099 1137 1168; x_wconf 87' lang='lat' dir='ltr'><strong>gravavi</strong></span> <span class='ocrx_word' id='word_1_122' title='bbox 1167 1113 1281 1164; x_wconf 88' lang='lat' dir='ltr'><strong>vos,</strong></span> <span class='ocrx_word' id='word_1_123' title='bbox 1315 1109 1483 1154; x_wconf 84' lang='lat' dir='ltr'><strong>vestra</strong></span> <span class='ocrx_word' id='word_1_124' title='bbox 1505 1101 1807 1169; x_wconf 88' lang='lat' dir='ltr'><strong>accipiendo</strong></span> <span class='ocrx_word' id='word_1_125' title='bbox 1830 1102 1855 1156; x_wconf 74' lang='lat'><strong>2’</strong></span> <span class='ocrx_word' id='word_1_126' title='bbox 1884 1101 1965 1156; x_wconf 88' lang='grc'><strong>16.</strong></span> <span class='ocrx_word' id='word_1_127' title='bbox 1994 1103 2197 1159; x_wconf 85' lang='lat' dir='ltr'><strong>Donate</strong></span> <span class='ocrx_word' id='word_1_128' title='bbox 2225 1103 2463 1175; x_wconf 84' lang='lat' dir='ltr'><strong>(ironice)</strong></span> <span class='ocrx_word' id='word_1_129' title='bbox 2488 1105 2619 1159; x_wconf 86' lang='lat' dir='ltr'><strong>mihi</strong></span> <span class='ocrx_word' id='word_1_130' title='bbox 2644 1106 2782 1161; x_wconf 90' lang='lat' dir='ltr'><strong>hanc</strong></span> <span class='ocrx_word' id='word_1_131' title='bbox 2809 1106 3087 1177; x_wconf 88' lang='lat' dir='ltr'><strong>injuriam,</strong></span> <span class='ocrx_word' id='word_1_132' title='bbox 3110 1110 3239 1180; x_wconf 84' lang='lat' dir='ltr'><strong>quia</strong></span> <span class='ocrx_word' id='word_1_133' title='bbox 3270 1122 3449 1164; x_wconf 88' lang='lat' dir='ltr'><strong>vestra</strong></span> <span class='ocrx_word' id='word_1_134' title='bbox 3474 1126 3573 1164; x_wconf 86' lang='lat' dir='ltr'><strong>non</strong></span> <span class='ocrx_word' id='word_1_135' title='bbox 3595 1115 3756 1182; x_wconf 75' lang='lat' dir='ltr'><strong>accepi.</strong></span> 
     </span>
    </p>
   </div>
   <div class='ocr_carea' id='block_1_10' title="bbox 513 1188 3754 1269">
    <p class='ocr_par' dir='ltr' id='par_1_10' title="bbox 513 1188 3754 1269">
     <span class='ocr_line' id='line_1_10' title="bbox 513 1188 3754 1269; baseline 0.005 -28"><span class='ocrx_word' id='word_1_136' title='bbox 513 1188 599 1242; x_wconf 84' lang='grc'><strong>17.</strong></span> <span class='ocrx_word' id='word_1_137' title='bbox 640 1189 800 1255; x_wconf 86' lang='lat' dir='ltr'><strong>Ecce,</strong></span> <span class='ocrx_word' id='word_1_138' title='bbox 838 1191 999 1246; x_wconf 87' lang='lat' dir='ltr'><strong>tertio</strong></span> <span class='ocrx_word' id='word_1_139' title='bbox 1026 1192 1131 1247; x_wconf 84' lang='lat' dir='ltr'><strong>hoc</strong></span> <span class='ocrx_word' id='word_1_140' title='bbox 1155 1198 1376 1261; x_wconf 84' lang='lat' dir='ltr'><strong>paratus</strong></span> <span class='ocrx_word' id='word_1_141' title='bbox 1403 1208 1521 1247; x_wconf 91' lang='lat' dir='ltr'><strong>sum</strong></span> <span class='ocrx_word' id='word_1_142' title='bbox 1563 1192 1749 1249; x_wconf 87' lang='lat' dir='ltr'><strong>venire</strong></span> <span class='ocrx_word' id='word_1_143' title='bbox 1782 1192 1850 1249; x_wconf 83' lang='lat' dir='ltr'><strong>ad</strong></span> <span class='ocrx_word' id='word_1_144' title='bbox 1881 1209 1999 1259; x_wconf 87' lang='lat' dir='ltr'><strong>vos,</strong></span> <span class='ocrx_word' id='word_1_145' title='bbox 2025 1202 2080 1249; x_wconf 89' lang='lat' dir='ltr'><strong>et</strong></span> <span class='ocrx_word' id='word_1_146' title='bbox 2109 1195 2193 1251; x_wconf 85' lang='lat' dir='ltr'><strong>l8.</strong></span> <span class='ocrx_word' id='word_1_147' title='bbox 2232 1209 2340 1251; x_wconf 91' lang='lat' dir='ltr'><strong>non</strong></span> <span class='ocrx_word' id='word_1_148' title='bbox 2382 1212 2477 1253; x_wconf 90' lang='lat' dir='ltr'><strong>ero</strong></span> <span class='ocrx_word' id='word_1_149' title='bbox 2502 1198 2683 1268; x_wconf 78' lang='lat' dir='ltr'><strong>gravis</strong></span> <span class='ocrx_word' id='word_1_150' title='bbox 2715 1196 2887 1261; x_wconf 80' lang='lat' dir='ltr'><strong>vobis,</strong></span> <span class='ocrx_word' id='word_1_151' title='bbox 2929 1208 3098 1254; x_wconf 85' lang='lat' dir='ltr'><strong>vestra</strong></span> <span class='ocrx_word' id='word_1_152' title='bbox 3123 1192 3470 1269; x_wconf 82' lang='lat' dir='ltr'><strong>accipiendo.</strong></span> <span class='ocrx_word' id='word_1_153' title='bbox 3503 1199 3614 1257; x_wconf 74' lang='lat' dir='ltr'><strong>Non</strong></span> <span class='ocrx_word' id='word_1_154' title='bbox 3639 1203 3754 1259; x_wconf 86' lang='lat' dir='ltr'><strong>enim</strong></span> 
     </span>
    </p>
   </div>
   <div class='ocr_carea' id='block_1_11' title="bbox 509 1279 3757 1360">
    <p class='ocr_par' dir='ltr' id='par_1_11' title="bbox 509 1279 3757 1360">
     <span class='ocr_line' id='line_1_11' title="bbox 509 1279 3757 1360; baseline 0.004 -26"><span class='ocrx_word' id='word_1_155' title='bbox 509 1279 715 1350; x_wconf 79' lang='lat' dir='ltr'><strong>(causa)</strong></span> <span class='ocrx_word' id='word_1_156' title='bbox 745 1294 928 1351; x_wconf 69' lang='lat' dir='ltr'><strong>quaero</strong></span> <span class='ocrx_word' id='word_1_157' title='bbox 956 1298 1077 1352; x_wconf 74' lang='lat' dir='ltr'><strong>qtae</strong></span> <span class='ocrx_word' id='word_1_158' title='bbox 1104 1291 1285 1339; x_wconf 87' lang='lat' dir='ltr'><strong>vestra</strong></span> <span class='ocrx_word' id='word_1_159' title='bbox 1328 1292 1476 1347; x_wconf 88' lang='lat' dir='ltr'><strong>sunt,</strong></span> <span class='ocrx_word' id='word_1_160' title='bbox 1509 1283 1603 1339; x_wconf 86' lang='lat' dir='ltr'><strong>sed</strong></span> <span class='ocrx_word' id='word_1_161' title='bbox 1639 1298 1735 1339; x_wconf 89' lang='lat' dir='ltr'><strong>vos</strong></span> <span class='ocrx_word' id='word_1_162' title='bbox 1760 1292 1985 1339; x_wconf 84' lang='lat' dir='ltr'><strong>tantum.</strong></span> <span class='ocrx_word' id='word_1_163' title='bbox 2030 1284 2117 1347; x_wconf 81' lang='lat' dir='ltr'><strong>l9.</strong></span> <span class='ocrx_word' id='word_1_164' title='bbox 2146 1284 2256 1342; x_wconf 81' lang='lat' dir='ltr'><strong>Nec</strong></span> <span class='ocrx_word' id='word_1_165' title='bbox 2295 1286 2440 1342; x_wconf 84' lang='lat' dir='ltr'><strong>enim</strong></span> <span class='ocrx_word' id='word_1_166' title='bbox 2482 1287 2680 1344; x_wconf 82' lang='lat' dir='ltr'><strong>debent</strong></span> <span class='ocrx_word' id='word_1_167' title='bbox 2714 1288 2808 1344; x_wconf 83' lang='lat' dir='ltr'><strong>lilii</strong></span> <span class='ocrx_word' id='word_1_168' title='bbox 2860 1290 3172 1359; x_wconf 71' lang='lat' dir='ltr'><strong>parentibus</strong></span> <span class='ocrx_word' id='word_1_169' title='bbox 3208 1292 3618 1355; x_wconf 81' lang='lat' dir='ltr'><strong>thesaurizare,</strong></span> <span class='ocrx_word' id='word_1_170' title='bbox 3658 1297 3757 1360; x_wconf 73' lang='lat' dir='ltr'><strong>quia</strong></span> 
     </span>
    </p>
   </div>
   <div class='ocr_carea' id='block_1_12' title="bbox 506 1368 3754 1452">
    <p class='ocr_par' dir='ltr' id='par_1_12' title="bbox 506 1368 3754 1452">
     <span class='ocr_line' id='line_1_12' title="bbox 506 1368 3754 1452; baseline 0.004 -27"><span class='ocrx_word' id='word_1_171' title='bbox 506 1382 657 1441; x_wconf 84' lang='lat' dir='ltr'><strong>pater</strong></span> <span class='ocrx_word' id='word_1_172' title='bbox 688 1368 855 1427; x_wconf 82' lang='lat' dir='ltr'><strong>vester</strong></span> <span class='ocrx_word' id='word_1_173' title='bbox 876 1391 1025 1441; x_wconf 87' lang='lat' dir='ltr'><strong>sum;</strong></span> <span class='ocrx_word' id='word_1_174' title='bbox 1053 1387 1227 1445; x_wconf 85' lang='lat' dir='ltr'><strong>patres</strong></span> <span class='ocrx_word' id='word_1_175' title='bbox 1249 1384 1425 1429; x_wconf 88' lang='lat' dir='ltr'><strong>autem</strong></span> <span class='ocrx_word' id='word_1_176' title='bbox 1455 1375 1589 1430; x_wconf 87' lang='lat' dir='ltr'><strong>bona</strong></span> <span class='ocrx_word' id='word_1_177' title='bbox 1611 1375 1841 1443; x_wconf 81' lang='lat' dir='ltr'><strong>ﬁliorum</strong></span> <span class='ocrx_word' id='word_1_178' title='bbox 1866 1392 2097 1446; x_wconf 77' lang='lat' dir='ltr'><strong>qua‘rerc</strong></span> <span class='ocrx_word' id='word_1_179' title='bbox 2122 1394 2225 1433; x_wconf 83' lang='lat' dir='ltr'><strong>non</strong></span> <span class='ocrx_word' id='word_1_180' title='bbox 2249 1378 2451 1444; x_wconf 84' lang='lat' dir='ltr'><strong>debent,</strong></span> <span class='ocrx_word' id='word_1_181' title='bbox 2480 1379 2661 1434; x_wconf 81' lang='lat' dir='ltr'><strong>nisiut</strong></span> <span class='ocrx_word' id='word_1_182' title='bbox 2691 1396 2778 1435; x_wconf 87' lang='lat' dir='ltr'><strong>eos</strong></span> <span class='ocrx_word' id='word_1_183' title='bbox 2799 1380 3078 1450; x_wconf 70' lang='lat' dir='ltr'><strong>aediﬁcent,</strong></span> <span class='ocrx_word' id='word_1_184' title='bbox 3109 1382 3208 1437; x_wconf 80' lang='lat' dir='ltr'><strong>sed</strong></span> <span class='ocrx_word' id='word_1_185' title='bbox 3234 1391 3506 1452; x_wconf 81' lang='lat' dir='ltr'><strong>parentes</strong></span> <span class='ocrx_word' id='word_1_186' title='bbox 3527 1382 3662 1439; x_wconf 80' lang='lat' dir='ltr'><strong>ﬁliis.</strong></span> <span class='ocrx_word' id='word_1_187' title='bbox 3685 1384 3754 1439; x_wconf 73' lang='lat'><strong>20.</strong></span> 
     </span>
    </p>
   </div>
   <div class='ocr_carea' id='block_1_13' title="bbox 510 1457 3758 1545">
    <p class='ocr_par' dir='ltr' id='par_1_13' title="bbox 510 1457 3758 1545">
     <span class='ocr_line' id='line_1_13' title="bbox 510 1457 3758 1545; baseline 0.004 -28"><span class='ocrx_word' id='word_1_188' title='bbox 510 1462 622 1533; x_wconf 79' lang='lat' dir='ltr'><strong>Ego</strong></span> <span class='ocrx_word' id='word_1_189' title='bbox 648 1473 826 1519; x_wconf 84' lang='lat' dir='ltr'><strong>autem</strong></span> <span class='ocrx_word' id='word_1_190' title='bbox 862 1483 964 1520; x_wconf 82' lang='lat' dir='ltr'><strong>non</strong></span> <span class='ocrx_word' id='word_1_191' title='bbox 985 1483 1218 1535; x_wconf 65' lang='lat' dir='ltr'><strong>quaram</strong></span> <span class='ocrx_word' id='word_1_192' title='bbox 1250 1477 1439 1530; x_wconf 84' lang='lat' dir='ltr'><strong>vestra,</strong></span> <span class='ocrx_word' id='word_1_193' title='bbox 1468 1468 1558 1521; x_wconf 90' lang='lat' dir='ltr'><strong>sed</strong></span> <span class='ocrx_word' id='word_1_194' title='bbox 1582 1467 1939 1524; x_wconf 85' lang='lat' dir='ltr'><strong>libentissime</strong></span> <span class='ocrx_word' id='word_1_195' title='bbox 1970 1468 2413 1540; x_wconf 79' lang='lat' dir='ltr'><strong>impendam-mea</strong></span> <span class='ocrx_word' id='word_1_196' title='bbox 2439 1472 2599 1537; x_wconf 85' lang='lat' dir='ltr'><strong>vobis,</strong></span> <span class='ocrx_word' id='word_1_197' title='bbox 2630 1481 2687 1533; x_wconf 81' lang='lat' dir='ltr'><strong>et</strong></span> <span class='ocrx_word' id='word_1_198' title='bbox 2709 1474 3154 1544; x_wconf 87' lang='lat' dir='ltr'><strong>superimpendar</strong></span> <span class='ocrx_word' id='word_1_199' title='bbox 3173 1490 3276 1545; x_wconf 83' lang='lat' dir='ltr'><strong>ego</strong></span> <span class='ocrx_word' id='word_1_200' title='bbox 3310 1475 3432 1544; x_wconf 87' lang='lat' dir='ltr'><strong>ipse</strong></span> <span class='ocrx_word' id='word_1_201' title='bbox 3458 1457 3559 1544; x_wconf 82' lang='lat' dir='ltr'><strong>pro</strong></span> <span class='ocrx_word' id='word_1_202' title='bbox 3586 1476 3758 1530; x_wconf 79' lang='lat' dir='ltr'><strong>anima-</strong></span> 
     </span>
    </p>
   </div>
   <div class='ocr_carea' id='block_1_14' title="bbox 508 1556 3757 1634">
    <p class='ocr_par' dir='ltr' id='par_1_14' title="bbox 508 1556 3757 1634">
     <span class='ocr_line' id='line_1_14' title="bbox 508 1556 3757 1634; baseline 0.002 -25"><span class='ocrx_word' id='word_1_203' title='bbox 508 1556 608 1611; x_wconf 86' lang='lat' dir='ltr'><strong>bus</strong></span> <span class='ocrx_word' id='word_1_204' title='bbox 650 1558 847 1612; x_wconf 79' lang='lat' dir='ltr'><strong>vcstris</strong></span> <span class='ocrx_word' id='word_1_205' title='bbox 887 1557 1177 1622; x_wconf 84' lang='lat' dir='ltr'><strong>salvaudis,</strong></span> <span class='ocrx_word' id='word_1_206' title='bbox 1228 1558 1351 1612; x_wconf 86' lang='lat' dir='ltr'><strong>licet</strong></span> <span class='ocrx_word' id='word_1_207' title='bbox 1382 1557 1501 1628; x_wconf 90' lang='lat' dir='ltr'><strong>plus</strong></span> <span class='ocrx_word' id='word_1_208' title='bbox 1546 1573 1642 1613; x_wconf 89' lang='lat' dir='ltr'><strong>vos</strong></span> <span class='ocrx_word' id='word_1_209' title='bbox 1683 1558 1934 1628; x_wconf 76' lang='lat' dir='ltr'><strong>diligens,</strong></span> <span class='ocrx_word' id='word_1_210' title='bbox 1970 1560 2146 1615; x_wconf 89' lang='lat' dir='ltr'><strong>minus</strong></span> <span class='ocrx_word' id='word_1_211' title='bbox 2175 1561 2387 1632; x_wconf 83' lang='lat' dir='ltr'><strong>diligor,</strong></span> <span class='ocrx_word' id='word_1_212' title='bbox 2416 1572 2612 1633; x_wconf 87' lang='lat' dir='ltr'><strong>quanto</strong></span> <span class='ocrx_word' id='word_1_213' title='bbox 2640 1564 2806 1634; x_wconf 84' lang='lat' dir='ltr'><strong>magis</strong></span> <span class='ocrx_word' id='word_1_214' title='bbox 2841 1580 2931 1618; x_wconf 83' lang='lat' dir='ltr'><strong>vos</strong></span> <span class='ocrx_word' id='word_1_215' title='bbox 2961 1561 3147 1633; x_wconf 81' lang='lat' dir='ltr'><strong>diligo,</strong></span> <span class='ocrx_word' id='word_1_216' title='bbox 3186 1572 3349 1617; x_wconf 85' lang='lat' dir='ltr'><strong>tanto</strong></span> <span class='ocrx_word' id='word_1_217' title='bbox 3383 1563 3612 1618; x_wconf 74' lang='lat' dir='ltr'><strong>ntiuusa</strong></span> <span class='ocrx_word' id='word_1_218' title='bbox 3645 1563 3757 1619; x_wconf 74' lang='lat' dir='ltr'><strong>vobis</strong></span> 
     </span>
    </p>
   </div>
   <div class='ocr_carea' id='block_1_15' title="bbox 509 1649 3756 1724">
    <p class='ocr_par' dir='ltr' id='par_1_15' title="bbox 509 1649 3756 1724">
     <span class='ocr_line' id='line_1_15' title="bbox 509 1649 3756 1724; baseline 0.002 -24"><span class='ocrx_word' id='word_1_219' title='bbox 509 1665 667 1718; x_wconf 76' lang='lat' dir='ltr'><strong>quam</strong></span> <span class='ocrx_word' id='word_1_220' title='bbox 700 1649 764 1701; x_wconf 89' lang='lat' dir='ltr'><strong>ab</strong></span> <span class='ocrx_word' id='word_1_221' title='bbox 802 1649 923 1703; x_wconf 82' lang='lat' dir='ltr'><strong>aliis</strong></span> <span class='ocrx_word' id='word_1_222' title='bbox 961 1649 1232 1704; x_wconf 83' lang='lat' dir='ltr'><strong>Ecclesiis.</strong></span> <span class='ocrx_word' id='word_1_223' title='bbox 1269 1649 1573 1719; x_wconf 80' lang='lat' dir='ltr'><strong>Responsio.</strong></span> <span class='ocrx_word' id='word_1_224' title='bbox 1608 1649 1713 1705; x_wconf 90' lang='lat' dir='ltr'><strong>Sed</strong></span> <span class='ocrx_word' id='word_1_225' title='bbox 1742 1658 1880 1715; x_wconf 88' lang='lat' dir='ltr'><strong>esto,</strong></span> <span class='ocrx_word' id='word_1_226' title='bbox 1915 1665 2014 1720; x_wconf 84' lang='lat' dir='ltr'><strong>ego</strong></span> <span class='ocrx_word' id='word_1_227' title='bbox 2046 1666 2138 1706; x_wconf 91' lang='lat' dir='ltr'><strong>vos</strong></span> <span class='ocrx_word' id='word_1_228' title='bbox 2164 1667 2270 1706; x_wconf 92' lang='lat' dir='ltr'><strong>non</strong></span> <span class='ocrx_word' id='word_1_229' title='bbox 2297 1654 2542 1724; x_wconf 75' lang='lat' dir='ltr'><strong>gravari,</strong></span> <span class='ocrx_word' id='word_1_230' title='bbox 2569 1653 2763 1708; x_wconf 72' lang='lat' dir='ltr'><strong>scilicet</strong></span> <span class='ocrx_word' id='word_1_231' title='bbox 2793 1671 2887 1724; x_wconf 86' lang='lat' dir='ltr'><strong>per</strong></span> <span class='ocrx_word' id='word_1_232' title='bbox 2913 1670 3023 1719; x_wconf 86' lang='lat' dir='ltr'><strong>me;</strong></span> <span class='ocrx_word' id='word_1_233' title='bbox 3057 1655 3151 1709; x_wconf 87' lang='lat' dir='ltr'><strong>sed</strong></span> <span class='ocrx_word' id='word_1_234' title='bbox 3187 1670 3323 1709; x_wconf 90' lang='lat' dir='ltr'><strong>cum</strong></span> <span class='ocrx_word' id='word_1_235' title='bbox 3352 1668 3533 1709; x_wconf 86' lang='lat' dir='ltr'><strong>essem</strong></span> <span class='ocrx_word' id='word_1_236' title='bbox 3558 1663 3756 1715; x_wconf 88' lang='lat' dir='ltr'><strong>astutus,</strong></span> 
     </span>
    </p>
   </div>
   <div class='ocr_carea' id='block_1_16' title="bbox 514 1742 3755 1818">
    <p class='ocr_par' dir='ltr' id='par_1_16' title="bbox 514 1742 3755 1818">
     <span class='ocr_line' id='line_1_16' title="bbox 514 1742 3755 1818; baseline 0.002 -25"><span class='ocrx_word' id='word_1_237' title='bbox 514 1742 642 1797; x_wconf 87' lang='lat' dir='ltr'><strong>dolo</strong></span> <span class='ocrx_word' id='word_1_238' title='bbox 673 1758 769 1799; x_wconf 85' lang='lat' dir='ltr'><strong>vos</strong></span> <span class='ocrx_word' id='word_1_239' title='bbox 799 1745 964 1814; x_wconf 75' lang='lat' dir='ltr'><strong>empi,</strong></span> <span class='ocrx_word' id='word_1_240' title='bbox 991 1762 1087 1813; x_wconf 87' lang='lat' dir='ltr'><strong>per</strong></span> <span class='ocrx_word' id='word_1_241' title='bbox 1114 1762 1275 1799; x_wconf 80' lang='lat' dir='ltr'><strong>meos.</strong></span> <span class='ocrx_word' id='word_1_242' title='bbox 1317 1746 1407 1802; x_wconf 71' lang='grc'><strong>21.</strong></span> <span class='ocrx_word' id='word_1_243' title='bbox 1440 1745 1688 1814; x_wconf 76' lang='lat' dir='ltr'><strong>Nunquid</strong></span> <span class='ocrx_word' id='word_1_244' title='bbox 1718 1760 1813 1815; x_wconf 87' lang='lat' dir='ltr'><strong>per</strong></span> <span class='ocrx_word' id='word_1_245' title='bbox 1842 1745 2076 1815; x_wconf 86' lang='lat' dir='ltr'><strong>aliquem</strong></span> <span class='ocrx_word' id='word_1_246' title='bbox 2108 1762 2315 1811; x_wconf 86' lang='lat' dir='ltr'><strong>eorum,</strong></span> <span class='ocrx_word' id='word_1_247' title='bbox 2341 1748 2429 1811; x_wconf 77' lang='grc'><strong>22.</strong></span> <span class='ocrx_word' id='word_1_248' title='bbox 2460 1764 2597 1818; x_wconf 85' lang='lat' dir='ltr'><strong>quos</strong></span> <span class='ocrx_word' id='word_1_249' title='bbox 2634 1749 2754 1804; x_wconf 91' lang='lat' dir='ltr'><strong>misi</strong></span> <span class='ocrx_word' id='word_1_250' title='bbox 2788 1748 2854 1803; x_wconf 87' lang='lat' dir='ltr'><strong>ad</strong></span> <span class='ocrx_word' id='word_1_251' title='bbox 2891 1763 3007 1810; x_wconf 87' lang='lat' dir='ltr'><strong>vos,</strong></span> <span class='ocrx_word' id='word_1_252' title='bbox 3040 1747 3391 1803; x_wconf 86' lang='lat' dir='ltr'><strong>circumveni</strong></span> <span class='ocrx_word' id='word_1_253' title='bbox 3429 1746 3562 1803; x_wconf 77' lang='lat' dir='ltr'><strong>vos?</strong></span> <span class='ocrx_word' id='word_1_254' title='bbox 3587 1763 3695 1813; x_wconf 77' lang='lat' dir='ltr'><strong>non,</strong></span> <span class='ocrx_word' id='word_1_255' title='bbox 3718 1756 3755 1801; x_wconf 78' lang='lat' dir='ltr'><strong>et</strong></span> 
     </span>
    </p>
   </div>
   <div class='ocr_carea' id='block_1_17' title="bbox 514 1836 3754 1917">
    <p class='ocr_par' dir='ltr' id='par_1_17' title="bbox 514 1836 3754 1917">
     <span class='ocr_line' id='line_1_17' title="bbox 514 1836 3754 1917; baseline 0.001 -29"><span class='ocrx_word' id='word_1_256' title='bbox 514 1837 615 1917; x_wconf 78' lang='lat' dir='ltr'><strong>hoc</strong></span> <span class='ocrx_word' id='word_1_257' title='bbox 652 1854 684 1890; x_wconf 91' lang='lat' dir='ltr'><strong>a</strong></span> <span class='ocrx_word' id='word_1_258' title='bbox 715 1837 972 1906; x_wconf 82' lang='lat' dir='ltr'><strong>partibus.</strong></span> <span class='ocrx_word' id='word_1_259' title='bbox 1002 1836 1204 1909; x_wconf 79' lang='lat' dir='ltr'><strong>Rogavi</strong></span> <span class='ocrx_word' id='word_1_260' title='bbox 1234 1836 1437 1903; x_wconf 87' lang='lat' dir='ltr'><strong>Titum,</strong></span> <span class='ocrx_word' id='word_1_261' title='bbox 1466 1845 1519 1891; x_wconf 89' lang='lat' dir='ltr'><strong>et</strong></span> <span class='ocrx_word' id='word_1_262' title='bbox 1557 1837 1676 1892; x_wconf 90' lang='lat' dir='ltr'><strong>misi</strong></span> <span class='ocrx_word' id='word_1_263' title='bbox 1713 1853 1835 1892; x_wconf 91' lang='lat' dir='ltr'><strong>cum</strong></span> <span class='ocrx_word' id='word_1_264' title='bbox 1877 1836 1966 1891; x_wconf 89' lang='lat' dir='ltr'><strong>illo</strong></span> <span class='ocrx_word' id='word_1_265' title='bbox 2001 1836 2224 1893; x_wconf 79' lang='lat' dir='ltr'><strong>fratrem</strong></span> <span class='ocrx_word' id='word_1_266' title='bbox 2254 1837 2574 1905; x_wconf 85' lang='lat' dir='ltr'><strong>Barnabam.</strong></span> <span class='ocrx_word' id='word_1_267' title='bbox 2609 1838 2858 1909; x_wconf 82' lang='lat' dir='ltr'><strong>Nunquid</strong></span> <span class='ocrx_word' id='word_1_268' title='bbox 2893 1840 3047 1895; x_wconf 87' lang='lat' dir='ltr'><strong>Titus</strong></span> <span class='ocrx_word' id='word_1_269' title='bbox 3075 1855 3170 1897; x_wconf 87' lang='lat' dir='ltr'><strong>vos</strong></span> <span class='ocrx_word' id='word_1_270' title='bbox 3211 1838 3613 1895; x_wconf 73' lang='lat' dir='ltr'><strong>circumvenit?</strong></span> <span class='ocrx_word' id='word_1_271' title='bbox 3640 1836 3754 1892; x_wconf 74' lang='lat' dir='ltr'><strong>Non.</strong></span> 
     </span>
    </p>
   </div>
   <div class='ocr_carea' id='block_1_18' title="bbox 515 1924 3758 2003">
    <p class='ocr_par' dir='ltr' id='par_1_18' title="bbox 515 1924 3758 2003">
     <span class='ocr_line' id='line_1_18' title="bbox 515 1924 3758 2003; baseline 0.001 -25"><span class='ocrx_word' id='word_1_272' title='bbox 515 1924 707 2003; x_wconf 87' lang='lat' dir='ltr'><strong>Nonne</strong></span> <span class='ocrx_word' id='word_1_273' title='bbox 738 1924 927 1981; x_wconf 85' lang='lat' dir='ltr'><strong>eodem</strong></span> <span class='ocrx_word' id='word_1_274' title='bbox 951 1927 1168 1996; x_wconf 83' lang='lat' dir='ltr'><strong>spiritu,</strong></span> <span class='ocrx_word' id='word_1_275' title='bbox 1200 1929 1379 1983; x_wconf 89' lang='lat' dir='ltr'><strong>eadem</strong></span> <span class='ocrx_word' id='word_1_276' title='bbox 1403 1928 1689 1994; x_wconf 82' lang='lat' dir='ltr'><strong>voluntate,</strong></span> <span class='ocrx_word' id='word_1_277' title='bbox 1725 1924 1862 1999; x_wconf 73' lang='lat' dir='ltr'><strong>quad</strong></span> <span class='ocrx_word' id='word_1_278' title='bbox 1894 1946 1993 1981; x_wconf 83' lang='lat' dir='ltr'><strong>non</strong></span> <span class='ocrx_word' id='word_1_279' title='bbox 2021 1927 2222 1996; x_wconf 80' lang='lat' dir='ltr'><strong>faciunt</strong></span> <span class='ocrx_word' id='word_1_280' title='bbox 2256 1929 2574 1999; x_wconf 78' lang='lat' dir='ltr'><strong>deceptores,</strong></span> <span class='ocrx_word' id='word_1_281' title='bbox 2604 1930 3039 1985; x_wconf 82' lang='lat' dir='ltr'><strong>ambulavimus?</strong></span> <span class='ocrx_word' id='word_1_282' title='bbox 3065 1945 3250 1997; x_wconf 84' lang='lat' dir='ltr'><strong>nonne</strong></span> <span class='ocrx_word' id='word_1_283' title='bbox 3295 1926 3758 2001; x_wconf 74' lang='lat' dir='ltr'><strong>iisdent.vestigiis?</strong></span> 
     </span>
    </p>
   </div>
   <div class='ocr_carea' id='block_1_19' title="bbox 515 2004 3757 2091">
    <p class='ocr_par' dir='ltr' id='par_1_19' title="bbox 515 2004 3757 2091">
     <span class='ocr_line' id='line_1_19' title="bbox 515 2004 3757 2091; baseline 0.001 -24"><span class='ocrx_word' id='word_1_284' title='bbox 515 2015 777 2083; x_wconf 76' lang='lat' dir='ltr'><strong>operibus.</strong></span> <span class='ocrx_word' id='word_1_285' title='bbox 808 2015 949 2069; x_wconf 90' lang='lat' dir='ltr'><strong>()lim</strong></span> <span class='ocrx_word' id='word_1_286' title='bbox 989 2018 1189 2085; x_wconf 82' lang='lat' dir='ltr'><strong>putatis</strong></span> <span class='ocrx_word' id='word_1_287' title='bbox 1226 2018 1367 2086; x_wconf 86' lang='lat' dir='ltr'><strong>quod</strong></span> <span class='ocrx_word' id='word_1_288' title='bbox 1407 2032 1729 2089; x_wconf 76' lang='lat' dir='ltr'><strong>excusemus</strong></span> <span class='ocrx_word' id='word_1_289' title='bbox 1777 2034 1875 2071; x_wconf 90' lang='lat' dir='ltr'><strong>nos</strong></span> <span class='ocrx_word' id='word_1_290' title='bbox 1913 2018 2053 2087; x_wconf 85' lang='lat' dir='ltr'><strong>apud</strong></span> <span class='ocrx_word' id='word_1_291' title='bbox 2080 2019 2207 2072; x_wconf 84' lang='lat' dir='ltr'><strong>vos?</strong></span> <span class='ocrx_word' id='word_1_292' title='bbox 2251 2019 2314 2072; x_wconf 88' lang='lat' dir='ltr'><strong>de</strong></span> <span class='ocrx_word' id='word_1_293' title='bbox 2342 2019 2437 2072; x_wconf 80' lang='lat' dir='ltr'><strong>ltoc</strong></span> <span class='ocrx_word' id='word_1_294' title='bbox 2464 2019 2602 2089; x_wconf 89' lang='lat' dir='ltr'><strong>quod</strong></span> <span class='ocrx_word' id='word_1_295' title='bbox 2637 2019 2753 2088; x_wconf 86' lang='lat' dir='ltr'><strong>jam</strong></span> <span class='ocrx_word' id='word_1_296' title='bbox 2784 2004 3136 2089; x_wconf 78' lang='lat' dir='ltr'><strong>deceperimus</strong></span> <span class='ocrx_word' id='word_1_297' title='bbox 3162 2038 3282 2080; x_wconf 80' lang='lat' dir='ltr'><strong>ros.</strong></span> <span class='ocrx_word' id='word_1_298' title='bbox 3318 2021 3574 2091; x_wconf 82' lang='lat' dir='ltr'><strong>capiendo</strong></span> <span class='ocrx_word' id='word_1_299' title='bbox 3601 2029 3757 2079; x_wconf 77' lang='lat' dir='ltr'><strong>vestra.</strong></span> 
     </span>
    </p>
   </div>
   <div class='ocr_carea' id='block_1_20' title="bbox 514 2092 3754 2187">
    <p class='ocr_par' dir='ltr' id='par_1_20' title="bbox 514 2092 3754 2187">
     <span class='ocr_line' id='line_1_20' title="bbox 514 2092 3754 2187; baseline 0.002 -28"><span class='ocrx_word' id='word_1_300' title='bbox 514 2106 593 2159; x_wconf 91' lang='lat' dir='ltr'><strong>vel</strong></span> <span class='ocrx_word' id='word_1_301' title='bbox 617 2108 681 2163; x_wconf 87' lang='lat' dir='ltr'><strong>de</strong></span> <span class='ocrx_word' id='word_1_302' title='bbox 703 2107 879 2178; x_wconf 86' lang='lat' dir='ltr'><strong>aliqua</strong></span> <span class='ocrx_word' id='word_1_303' title='bbox 902 2109 1141 2162; x_wconf 83' lang='lat' dir='ltr'><strong>crimine.</strong></span> <span class='ocrx_word' id='word_1_304' title='bbox 1170 2109 1383 2171; x_wconf 85' lang='lat' dir='ltr'><strong>Coram,</strong></span> <span class='ocrx_word' id='word_1_305' title='bbox 1425 2118 1551 2165; x_wconf 84' lang='lat' dir='ltr'><strong>teste</strong></span> <span class='ocrx_word' id='word_1_306' title='bbox 1583 2109 1712 2172; x_wconf 86' lang='lat' dir='ltr'><strong>Deo,</strong></span> <span class='ocrx_word' id='word_1_307' title='bbox 1746 2108 1796 2161; x_wconf 93' lang='lat' dir='ltr'><strong>in</strong></span> <span class='ocrx_word' id='word_1_308' title='bbox 1823 2108 2061 2173; x_wconf 88' lang='lat' dir='ltr'><strong>Christo,</strong></span> <span class='ocrx_word' id='word_1_309' title='bbox 2093 2109 2146 2162; x_wconf 87' lang='lat' dir='ltr'><strong>id</strong></span> <span class='ocrx_word' id='word_1_310' title='bbox 2175 2120 2270 2175; x_wconf 78' lang='lat' dir='ltr'><strong>est,</strong></span> <span class='ocrx_word' id='word_1_311' title='bbox 2300 2110 2353 2162; x_wconf 88' lang='lat' dir='ltr'><strong>in</strong></span> <span class='ocrx_word' id='word_1_312' title='bbox 2385 2102 2619 2175; x_wconf 73' lang='lat' dir='ltr'><strong>ueritate,</strong></span> <span class='ocrx_word' id='word_1_313' title='bbox 2650 2110 2950 2187; x_wconf 80' lang='lat' dir='ltr'><strong>loquimur;</strong></span> <span class='ocrx_word' id='word_1_314' title='bbox 2994 2112 3174 2167; x_wconf 89' lang='lat' dir='ltr'><strong>omnia</strong></span> <span class='ocrx_word' id='word_1_315' title='bbox 3210 2092 3431 2183; x_wconf 83' lang='lat' dir='ltr'><strong>autem,</strong></span> <span class='ocrx_word' id='word_1_316' title='bbox 3454 2108 3754 2181; x_wconf 81' lang='lat' dir='ltr'><strong>.charissimi,</strong></span> 
     </span>
    </p>
   </div>
   <div class='ocr_carea' id='block_1_21' title="bbox 513 2190 3754 2277">
    <p class='ocr_par' dir='ltr' id='par_1_21' title="bbox 513 2190 3754 2277">
     <span class='ocr_line' id='line_1_21' title="bbox 513 2190 3754 2277; baseline 0 -22"><span class='ocrx_word' id='word_1_317' title='bbox 513 2219 632 2270; x_wconf 75' lang='lat' dir='ltr'><strong>qua:</strong></span> <span class='ocrx_word' id='word_1_318' title='bbox 660 2202 909 2272; x_wconf 75' lang='lat' dir='ltr'><strong>facimus,</strong></span> <span class='ocrx_word' id='word_1_319' title='bbox 938 2204 993 2277; x_wconf 89' lang='lat' dir='ltr'><strong>id</strong></span> <span class='ocrx_word' id='word_1_320' title='bbox 1012 2213 1109 2265; x_wconf 85' lang='lat' dir='ltr'><strong>est,</strong></span> <span class='ocrx_word' id='word_1_321' title='bbox 1138 2204 1276 2273; x_wconf 88' lang='lat' dir='ltr'><strong>quod</strong></span> <span class='ocrx_word' id='word_1_322' title='bbox 1303 2212 1468 2261; x_wconf 79' lang='lat' dir='ltr'><strong>vestra</strong></span> <span class='ocrx_word' id='word_1_323' title='bbox 1499 2219 1601 2256; x_wconf 87' lang='lat' dir='ltr'><strong>non</strong></span> <span class='ocrx_word' id='word_1_324' title='bbox 1629 2202 1943 2270; x_wconf 82' lang='lat' dir='ltr'><strong>accepimus,</strong></span> <span class='ocrx_word' id='word_1_325' title='bbox 1977 2212 2022 2257; x_wconf 87' lang='lat' dir='ltr'><strong>et</strong></span> <span class='ocrx_word' id='word_1_326' title='bbox 2050 2202 2178 2263; x_wconf 85' lang='lat' dir='ltr'><strong>alia,</strong></span> <span class='ocrx_word' id='word_1_327' title='bbox 2212 2212 2433 2273; x_wconf 84' lang='lat' dir='ltr'><strong>propter</strong></span> <span class='ocrx_word' id='word_1_328' title='bbox 2462 2190 2878 2258; x_wconf 74' lang='lat' dir='ltr'><strong>:mliiicationetn</strong></span> <span class='ocrx_word' id='word_1_329' title='bbox 2900 2212 3158 2258; x_wconf 86' lang='lat' dir='ltr'><strong>vestram.</strong></span> <span class='ocrx_word' id='word_1_330' title='bbox 3190 2204 3287 2258; x_wconf 75' lang='lat'><strong>23.</strong></span> <span class='ocrx_word' id='word_1_331' title='bbox 3322 2203 3519 2275; x_wconf 84' lang='lat' dir='ltr'><strong>Timeo</strong></span> <span class='ocrx_word' id='word_1_332' title='bbox 3541 2202 3682 2271; x_wconf 20' lang='lat' dir='ltr'><strong>“enim</strong></span> <span class='ocrx_word' id='word_1_333' title='bbox 3704 2215 3754 2254; x_wconf 81' lang='lat' dir='ltr'><strong>ne</strong></span> 
     </span>
    </p>
   </div>
   <div class='ocr_carea' id='block_1_22' title="bbox 514 2288 3767 2369">
    <p class='ocr_par' dir='ltr' id='par_1_22' title="bbox 514 2288 3767 2369">
     <span class='ocr_line' id='line_1_22' title="bbox 514 2288 3767 2369; baseline -0.002 -22"><span class='ocrx_word' id='word_1_334' title='bbox 514 2294 678 2361; x_wconf 84' lang='lat' dir='ltr'><strong>forte,</strong></span> <span class='ocrx_word' id='word_1_335' title='bbox 710 2310 832 2350; x_wconf 90' lang='lat' dir='ltr'><strong>cum</strong></span> <span class='ocrx_word' id='word_1_336' title='bbox 862 2310 1082 2359; x_wconf 88' lang='lat' dir='ltr'><strong>venero,</strong></span> <span class='ocrx_word' id='word_1_337' title='bbox 1114 2312 1221 2349; x_wconf 89' lang='lat' dir='ltr'><strong>non</strong></span> <span class='ocrx_word' id='word_1_338' title='bbox 1252 2294 1459 2364; x_wconf 75' lang='lat' dir='ltr'><strong>quales,</strong></span> <span class='ocrx_word' id='word_1_339' title='bbox 1485 2305 1770 2363; x_wconf 87' lang='lat' dir='ltr'><strong>correptos,</strong></span> <span class='ocrx_word' id='word_1_340' title='bbox 1800 2294 1942 2359; x_wconf 91' lang='lat' dir='ltr'><strong>volo,</strong></span> <span class='ocrx_word' id='word_1_341' title='bbox 1984 2293 2255 2349; x_wconf 79' lang='lat' dir='ltr'><strong>inveniam</strong></span> <span class='ocrx_word' id='word_1_342' title='bbox 2286 2309 2413 2359; x_wconf 87' lang='lat' dir='ltr'><strong>vos;</strong></span> <span class='ocrx_word' id='word_1_343' title='bbox 2452 2301 2505 2347; x_wconf 90' lang='lat' dir='ltr'><strong>et</strong></span> <span class='ocrx_word' id='word_1_344' title='bbox 2528 2308 2627 2361; x_wconf 85' lang='lat' dir='ltr'><strong>ego</strong></span> <span class='ocrx_word' id='word_1_345' title='bbox 2666 2292 2914 2346; x_wconf 87' lang='lat' dir='ltr'><strong>inveniar</strong></span> <span class='ocrx_word' id='word_1_346' title='bbox 2938 2307 2967 2345; x_wconf 89' lang='lat' dir='ltr'><strong>a</strong></span> <span class='ocrx_word' id='word_1_347' title='bbox 3004 2292 3175 2357; x_wconf 81' lang='lat' dir='ltr'><strong>vobis,</strong></span> <span class='ocrx_word' id='word_1_348' title='bbox 3208 2292 3442 2369; x_wconf 1' lang='lat' dir='ltr'><strong>qualem,</strong></span> <span class='ocrx_word' id='word_1_349' title='bbox 3478 2288 3767 2363; x_wconf 42' lang='lat' dir='ltr'><strong>nonvultis,</strong></span> 
     </span>
    </p>
   </div>
   <div class='ocr_carea' id='block_1_23' title="bbox 514 2376 3750 2461">
    <p class='ocr_par' dir='ltr' id='par_1_23' title="bbox 514 2376 3750 2461">
     <span class='ocr_line' id='line_1_23' title="bbox 514 2376 3750 2461; baseline -0.004 -21"><span class='ocrx_word' id='word_1_350' title='bbox 514 2402 781 2454; x_wconf 71' lang='lat' dir='ltr'><strong>asperum,</strong></span> <span class='ocrx_word' id='word_1_351' title='bbox 812 2404 914 2440; x_wconf 86' lang='lat' dir='ltr'><strong>non</strong></span> <span class='ocrx_word' id='word_1_352' title='bbox 949 2397 1284 2456; x_wconf 82' lang='lat' dir='ltr'><strong>parcentem;</strong></span> <span class='ocrx_word' id='word_1_353' title='bbox 1321 2385 1478 2441; x_wconf 83' lang='lat' dir='ltr'><strong>timeo</strong></span> <span class='ocrx_word' id='word_1_354' title='bbox 1518 2403 1583 2441; x_wconf 90' lang='lat' dir='ltr'><strong>ne</strong></span> <span class='ocrx_word' id='word_1_355' title='bbox 1607 2386 1745 2441; x_wconf 87' lang='lat' dir='ltr'><strong>forte</strong></span> <span class='ocrx_word' id='word_1_356' title='bbox 1771 2385 2165 2461; x_wconf 71' lang='lat' dir='ltr'><strong>contentiones,</strong></span> <span class='ocrx_word' id='word_1_357' title='bbox 2200 2385 2595 2450; x_wconf 81' lang='lat' dir='ltr'><strong>:cmnlationes,</strong></span> <span class='ocrx_word' id='word_1_358' title='bbox 2630 2384 3028 2449; x_wconf 82' lang='lat' dir='ltr'><strong>animositates,</strong></span> <span class='ocrx_word' id='word_1_359' title='bbox 3061 2380 3469 2449; x_wconf 81' lang='lat' dir='ltr'><strong>dissensiones,</strong></span> <span class='ocrx_word' id='word_1_360' title='bbox 3501 2376 3750 2435; x_wconf 41' lang='lat' dir='ltr'><strong>detractio.</strong></span> 
     </span>
    </p>
   </div>
   <div class='ocr_carea' id='block_1_24' title="bbox 517 2466 3751 2548">
    <p class='ocr_par' dir='ltr' id='par_1_24' title="bbox 517 2466 3751 2548">
     <span class='ocr_line' id='line_1_24' title="bbox 517 2466 3751 2548; baseline -0.002 -15"><span class='ocrx_word' id='word_1_361' title='bbox 517 2493 636 2540; x_wconf 85' lang='lat' dir='ltr'><strong>nes,</strong></span> <span class='ocrx_word' id='word_1_362' title='bbox 668 2479 868 2547; x_wconf 82' lang='lat' dir='ltr'><strong>palam,</strong></span> <span class='ocrx_word' id='word_1_363' title='bbox 893 2480 1317 2542; x_wconf 84' lang='lat' dir='ltr'><strong>susurrationes,</strong></span> <span class='ocrx_word' id='word_1_364' title='bbox 1348 2478 1503 2547; x_wconf 86' lang='lat' dir='ltr'><strong>clam,</strong></span> <span class='ocrx_word' id='word_1_365' title='bbox 1541 2478 1865 2544; x_wconf 75' lang='lat' dir='ltr'><strong>inﬂationes,</strong></span> <span class='ocrx_word' id='word_1_366' title='bbox 1894 2478 2208 2542; x_wconf 80' lang='lat' dir='ltr'><strong>seditiones,</strong></span> <span class='ocrx_word' id='word_1_367' title='bbox 2243 2478 2349 2532; x_wconf 89' lang='lat' dir='ltr'><strong>sint</strong></span> <span class='ocrx_word' id='word_1_368' title='bbox 2375 2478 2518 2537; x_wconf 82' lang='lat' dir='ltr'><strong>inter</strong></span> <span class='ocrx_word' id='word_1_369' title='bbox 2542 2494 2664 2542; x_wconf 87' lang='lat' dir='ltr'><strong>vos;</strong></span> <span class='ocrx_word' id='word_1_370' title='bbox 2703 2478 2859 2548; x_wconf 77' lang='lat'><strong>117</strong></span> <span class='ocrx_word' id='word_1_371' title='bbox 2885 2466 2989 2531; x_wconf 72' lang='grc'><strong>21.</strong></span> <span class='ocrx_word' id='word_1_372' title='bbox 3009 2493 3075 2531; x_wconf 87' lang='lat' dir='ltr'><strong>ne</strong></span> <span class='ocrx_word' id='word_1_373' title='bbox 3099 2477 3305 2543; x_wconf 84' lang='lat' dir='ltr'><strong>iterum</strong></span> <span class='ocrx_word' id='word_1_374' title='bbox 3338 2490 3467 2531; x_wconf 88' lang='lat' dir='ltr'><strong>cum</strong></span> <span class='ocrx_word' id='word_1_375' title='bbox 3492 2485 3691 2534; x_wconf 81' lang='lat' dir='ltr'><strong>venero.</strong></span> <span class='ocrx_word' id='word_1_376' title='bbox 3710 2479 3751 2520; x_wconf 71' lang='grc' dir='ltr'><strong>ιιι</strong></span> 
     </span>
    </p>
   </div>
   <div class='ocr_carea' id='block_1_25' title="bbox 517 2554 3749 2647">
    <p class='ocr_par' dir='ltr' id='par_1_25' title="bbox 517 2554 3749 2647">
     <span class='ocr_line' id='line_1_25' title="bbox 517 2554 3749 2647; baseline -0.002 -24"><span class='ocrx_word' id='word_1_377' title='bbox 517 2570 669 2639; x_wconf 85' lang='lat' dir='ltr'><strong>prius</strong></span> <span class='ocrx_word' id='word_1_378' title='bbox 706 2571 897 2637; x_wconf 88' lang='lat' dir='ltr'><strong>audito</strong></span> <span class='ocrx_word' id='word_1_379' title='bbox 914 2572 1129 2635; x_wconf 82' lang='lat' dir='ltr'><strong>crimine</strong></span> <span class='ocrx_word' id='word_1_380' title='bbox 1150 2588 1350 2638; x_wconf 87' lang='lat' dir='ltr'><strong>eorum,</strong></span> <span class='ocrx_word' id='word_1_381' title='bbox 1380 2570 1645 2645; x_wconf 71' lang='lat' dir='ltr'><strong>lnuniliet,</strong></span> <span class='ocrx_word' id='word_1_382' title='bbox 1687 2571 1953 2624; x_wconf 81' lang='lat' dir='ltr'><strong>contristet</strong></span> <span class='ocrx_word' id='word_1_383' title='bbox 1977 2584 2062 2623; x_wconf 88' lang='lat' dir='ltr'><strong>me</strong></span> <span class='ocrx_word' id='word_1_384' title='bbox 2091 2556 2252 2633; x_wconf 86' lang='lat' dir='ltr'><strong>Deus,</strong></span> <span class='ocrx_word' id='word_1_385' title='bbox 2278 2568 2417 2640; x_wconf 85' lang='lat' dir='ltr'><strong>apud</strong></span> <span class='ocrx_word' id='word_1_386' title='bbox 2444 2584 2571 2636; x_wconf 89' lang='lat' dir='ltr'><strong>vos;</strong></span> <span class='ocrx_word' id='word_1_387' title='bbox 2600 2554 2991 2640; x_wconf 79' lang='lat' dir='ltr'><strong>(ltumiliaretnr</strong></span> <span class='ocrx_word' id='word_1_388' title='bbox 3013 2567 3325 2647; x_wconf 78' lang='lat' dir='ltr'><strong>Apostolus,</strong></span> <span class='ocrx_word' id='word_1_389' title='bbox 3362 2567 3409 2621; x_wconf 87' lang='lat' dir='ltr'><strong>si</strong></span> <span class='ocrx_word' id='word_1_390' title='bbox 3432 2582 3551 2621; x_wconf 77' lang='lat' dir='ltr'><strong>cum</strong></span> <span class='ocrx_word' id='word_1_391' title='bbox 3574 2562 3749 2629; x_wconf 73' lang='lat' dir='ltr'><strong>veniret,</strong></span> 
     </span>
    </p>
   </div>
   <div class='ocr_carea' id='block_1_26' title="bbox 1858 2764 2422 2825">
    <p class='ocr_par' dir='ltr' id='par_1_26' title="bbox 1858 2764 2422 2825">
     <span class='ocr_line' id='line_1_26' title="bbox 1858 2764 2422 2825; baseline -0.004 -2"><span class='ocrx_word' id='word_1_392' title='bbox 1858 2764 2422 2825; x_wconf 65' lang='lat' dir='ltr'><strong>COMHENTARIUS.</strong></span> 
     </span>
    </p>
   </div>
   <div class='ocr_carea' id='block_1_27' title="bbox 528 2906 3747 2994">
    <p class='ocr_par' dir='ltr' id='par_1_27' title="bbox 528 2906 3747 2994">
     <span class='ocr_line' id='line_1_27' title="bbox 528 2906 3747 2994; baseline -0.004 -17"><span class='ocrx_word' id='word_1_393' title='bbox 528 2926 652 2994; x_wconf 84' lang='lat' dir='ltr'><strong>quia</strong></span> <span class='ocrx_word' id='word_1_394' title='bbox 696 2934 823 2979; x_wconf 87' lang='lat' dir='ltr'><strong>tunc</strong></span> <span class='ocrx_word' id='word_1_395' title='bbox 868 2924 1037 2979; x_wconf 89' lang='lat' dir='ltr'><strong>vincit</strong></span> <span class='ocrx_word' id='word_1_396' title='bbox 1087 2923 1443 2985; x_wconf 86' lang='lat' dir='ltr'><strong>Christianus,</strong></span> <span class='ocrx_word' id='word_1_397' title='bbox 1496 2939 1618 2977; x_wconf 91' lang='lat' dir='ltr'><strong>cum</strong></span> <span class='ocrx_word' id='word_1_398' title='bbox 1669 2922 1894 2990; x_wconf 87' lang='lat' dir='ltr'><strong>perdere</strong></span> <span class='ocrx_word' id='word_1_399' title='bbox 1939 2933 2092 2992; x_wconf 83' lang='lat' dir='ltr'><strong>puta-</strong></span> <span class='ocrx_word' id='word_1_400' title='bbox 2124 2925 2170 2981; x_wconf 79' lang='grc' dir='ltr'><strong>Α</strong></span> <span class='ocrx_word' id='word_1_401' title='bbox 2270 2922 2354 2976; x_wconf 90' lang='grc'><strong>17.</strong></span> <span class='ocrx_word' id='word_1_402' title='bbox 2396 2922 2597 2976; x_wconf 69' lang='lat' dir='ltr'><strong>Lssrn.</strong></span> <span class='ocrx_word' id='word_1_403' title='bbox 2634 2916 3204 2992; x_wconf 34' lang='lat' dir='ltr'><strong>Ecce‘tertioparatus</strong></span> <span class='ocrx_word' id='word_1_404' title='bbox 3236 2906 3381 2975; x_wconf 77' lang='lat' dir='ltr'><strong>sunt.</strong></span> <span class='ocrx_word' id='word_1_405' title='bbox 3414 2917 3585 2974; x_wconf 89' lang='lat' dir='ltr'><strong>Semel</strong></span> <span class='ocrx_word' id='word_1_406' title='bbox 3619 2910 3747 2967; x_wconf 83' lang='lat' dir='ltr'><strong>vene-</strong></span> 
     </span>
    </p>
   </div>
   <div class='ocr_carea' id='block_1_28' title="bbox 523 3003 3747 3087">
    <p class='ocr_par' dir='ltr' id='par_1_28' title="bbox 523 3003 3747 3087">
     <span class='ocr_line' id='line_1_28' title="bbox 523 3003 3747 3087; baseline -0.003 -16"><span class='ocrx_word' id='word_1_407' title='bbox 523 3028 630 3081; x_wconf 61' lang='grc' dir='ltr'><strong>ηυγ,</strong></span> <span class='ocrx_word' id='word_1_408' title='bbox 670 3026 729 3072; x_wconf 89' lang='lat' dir='ltr'><strong>et</strong></span> <span class='ocrx_word' id='word_1_409' title='bbox 764 3027 890 3071; x_wconf 88' lang='lat' dir='ltr'><strong>tunc</strong></span> <span class='ocrx_word' id='word_1_410' title='bbox 932 3016 1109 3087; x_wconf 85' lang='lat' dir='ltr'><strong>perdit</strong></span> <span class='ocrx_word' id='word_1_411' title='bbox 1147 3014 1392 3086; x_wconf 84' lang='lat' dir='ltr'><strong>perﬁdia,</strong></span> <span class='ocrx_word' id='word_1_412' title='bbox 1422 3030 1545 3069; x_wconf 89' lang='lat' dir='ltr'><strong>cum</strong></span> <span class='ocrx_word' id='word_1_413' title='bbox 1583 3028 1641 3069; x_wconf 88' lang='lat' dir='ltr'><strong>se</strong></span> <span class='ocrx_word' id='word_1_414' title='bbox 1674 3015 1871 3069; x_wconf 84' lang='lat' dir='ltr'><strong>vicisse</strong></span> <span class='ocrx_word' id='word_1_415' title='bbox 1914 3025 2100 3086; x_wconf 84' lang='lat' dir='ltr'><strong>gratu—</strong></span> <span class='ocrx_word' id='word_1_416' title='bbox 2210 3022 2293 3067; x_wconf 87' lang='lat' dir='ltr'><strong>rat</strong></span> <span class='ocrx_word' id='word_1_417' title='bbox 2320 3014 2386 3068; x_wconf 88' lang='lat' dir='ltr'><strong>ad</strong></span> <span class='ocrx_word' id='word_1_418' title='bbox 2418 3030 2531 3080; x_wconf 88' lang='lat' dir='ltr'><strong>eos,</strong></span> <span class='ocrx_word' id='word_1_419' title='bbox 2574 3022 2629 3068; x_wconf 91' lang='lat' dir='ltr'><strong>et</strong></span> <span class='ocrx_word' id='word_1_420' title='bbox 2654 3013 2755 3068; x_wconf 87' lang='lat' dir='ltr'><strong>alia</strong></span> <span class='ocrx_word' id='word_1_421' title='bbox 2800 3013 2915 3067; x_wconf 89' lang='lat' dir='ltr'><strong>vice</strong></span> <span class='ocrx_word' id='word_1_422' title='bbox 2944 3026 3163 3083; x_wconf 88' lang='lat' dir='ltr'><strong>paratus</strong></span> <span class='ocrx_word' id='word_1_423' title='bbox 3192 3012 3319 3075; x_wconf 87' lang='lat' dir='ltr'><strong>fuit,</strong></span> <span class='ocrx_word' id='word_1_424' title='bbox 3360 3012 3454 3066; x_wconf 88' lang='lat' dir='ltr'><strong>sed</strong></span> <span class='ocrx_word' id='word_1_425' title='bbox 3492 3024 3590 3063; x_wconf 91' lang='lat' dir='ltr'><strong>non</strong></span> <span class='ocrx_word' id='word_1_426' title='bbox 3618 3003 3747 3061; x_wconf 77' lang='lat' dir='ltr'><strong>venit.</strong></span> 
     </span>
    </p>
   </div>
   <div class='ocr_carea' id='block_1_29' title="bbox 520 3090 3746 3179">
    <p class='ocr_par' dir='ltr' id='par_1_29' title="bbox 520 3090 3746 3179">
     <span class='ocr_line' id='line_1_29' title="bbox 520 3090 3746 3179; baseline -0.006 -9"><span class='ocrx_word' id='word_1_427' title='bbox 520 3108 688 3161; x_wconf 65' lang='lat' dir='ltr'><strong>liilur-</strong></span> <span class='ocrx_word' id='word_1_428' title='bbox 2206 3100 2262 3158; x_wconf 77' lang='lat' dir='ltr'><strong>et</strong></span> <span class='ocrx_word' id='word_1_429' title='bbox 2294 3092 2420 3160; x_wconf 5' lang='lat' dir='ltr'><strong>Thuc</strong></span> <span class='ocrx_word' id='word_1_430' title='bbox 2476 3114 2560 3159; x_wconf 90' lang='lat' dir='ltr'><strong>est</strong></span> <span class='ocrx_word' id='word_1_431' title='bbox 2624 3105 2802 3170; x_wconf 90' lang='lat' dir='ltr'><strong>tertio,</strong></span> <span class='ocrx_word' id='word_1_432' title='bbox 2856 3120 2963 3174; x_wconf 89' lang='lat' dir='ltr'><strong>quo</strong></span> <span class='ocrx_word' id='word_1_433' title='bbox 2999 3103 3065 3179; x_wconf 89' lang='lat' dir='ltr'><strong>ad</strong></span> <span class='ocrx_word' id='word_1_434' title='bbox 3103 3118 3196 3157; x_wconf 91' lang='lat' dir='ltr'><strong>eos</strong></span> <span class='ocrx_word' id='word_1_435' title='bbox 3246 3090 3513 3177; x_wconf 82' lang='lat' dir='ltr'><strong>paratum</strong></span> <span class='ocrx_word' id='word_1_436' title='bbox 3556 3112 3608 3152; x_wconf 89' lang='lat' dir='ltr'><strong>sc</strong></span> <span class='ocrx_word' id='word_1_437' title='bbox 3651 3092 3746 3146; x_wconf 72' lang='lat' dir='ltr'><strong>dicit</strong></span> 
     </span>
    </p>
   </div>
   <div class='ocr_carea' id='block_1_30' title="bbox 594 3186 3657 3275">
    <p class='ocr_par' dir='ltr' id='par_1_30' title="bbox 594 3186 3657 3275">
     <span class='ocr_line' id='line_1_30' title="bbox 594 3186 3657 3275; baseline 0 -22"><span class='ocrx_word' id='word_1_438' title='bbox 594 3200 679 3253; x_wconf 75' lang='grc'><strong>12.</strong></span> <span class='ocrx_word' id='word_1_439' title='bbox 724 3198 877 3253; x_wconf 85' lang='lat' dir='ltr'><strong>Nihil</strong></span> <span class='ocrx_word' id='word_1_440' title='bbox 905 3200 1041 3253; x_wconf 85' lang='lat' dir='ltr'><strong>enim</strong></span> <span class='ocrx_word' id='word_1_441' title='bbox 1087 3186 1278 3253; x_wconf 83' lang='lat' dir='ltr'><strong>minus.</strong></span> <span class='ocrx_word' id='word_1_442' title='bbox 1313 3198 1487 3271; x_wconf 87' lang='lat' dir='ltr'><strong>Supra</strong></span> <span class='ocrx_word' id='word_1_443' title='bbox 1520 3197 1737 3252; x_wconf 88' lang='lat' dir='ltr'><strong>modum</strong></span> <span class='ocrx_word' id='word_1_444' title='bbox 1782 3197 1933 3261; x_wconf 83' lang='lat' dir='ltr'><strong>dicit,</strong></span> <span class='ocrx_word' id='word_1_445' title='bbox 1967 3197 2106 3253; x_wconf 86' lang='lat' dir='ltr'><strong>sicut</strong></span> <span class='ocrx_word' id='word_1_446' title='bbox 2209 3199 2414 3256; x_wconf 88' lang='lat' dir='ltr'><strong>venire.</strong></span> <span class='ocrx_word' id='word_1_447' title='bbox 3370 3190 3371 3193; x_wconf 35' lang='grc'><em>“</em></span> <span class='ocrx_word' id='word_1_448' title='bbox 3654 3274 3657 3275; x_wconf 14' lang='grc' dir='ltr'><em>ν</em></span> 
     </span>
    </p>
   </div>
   <div class='ocr_carea' id='block_1_31' title="bbox 517 3276 3747 3368">
    <p class='ocr_par' dir='ltr' id='par_1_31' title="bbox 517 3276 3747 3368">
     <span class='ocr_line' id='line_1_31' title="bbox 517 3276 3747 3368; baseline -0.006 -22"><span class='ocrx_word' id='word_1_449' title='bbox 517 3288 845 3362; x_wconf 81' lang='lat' dir='ltr'><strong>quibusdam</strong></span> <span class='ocrx_word' id='word_1_450' title='bbox 891 3288 1196 3349; x_wconf 81' lang='lat' dir='ltr'><strong>videbatur.</strong></span> <span class='ocrx_word' id='word_1_451' title='bbox 1230 3289 1373 3347; x_wconf 77' lang='lat' dir='ltr'><strong>Nam</strong></span> <span class='ocrx_word' id='word_1_452' title='bbox 1413 3298 1466 3346; x_wconf 88' lang='lat' dir='ltr'><strong>et</strong></span> <span class='ocrx_word' id='word_1_453' title='bbox 1507 3291 1610 3345; x_wconf 90' lang='lat' dir='ltr'><strong>boc</strong></span> <span class='ocrx_word' id='word_1_454' title='bbox 1653 3298 1830 3357; x_wconf 86' lang='lat' dir='ltr'><strong>erant,</strong></span> <span class='ocrx_word' id='word_1_455' title='bbox 1870 3291 2013 3361; x_wconf 90' lang='lat' dir='ltr'><strong>quod</strong></span> <span class='ocrx_word' id='word_1_456' title='bbox 2052 3284 2108 3343; x_wconf 81' lang='lat' dir='ltr'><strong>et</strong></span> <span class='ocrx_word' id='word_1_457' title='bbox 2166 3284 2169 3285; x_wconf 49' lang='grc'><strong><em>⁷</em></strong></span> <span class='ocrx_word' id='word_1_458' title='bbox 2284 3292 2369 3346; x_wconf 91' lang='grc'><strong>18.</strong></span> <span class='ocrx_word' id='word_1_459' title='bbox 2410 3289 2532 3344; x_wconf 83' lang='lat' dir='ltr'><strong>Non</strong></span> <span class='ocrx_word' id='word_1_460' title='bbox 2559 3307 2647 3345; x_wconf 91' lang='lat' dir='ltr'><strong>ero</strong></span> <span class='ocrx_word' id='word_1_461' title='bbox 2683 3282 2854 3361; x_wconf 84' lang='lat' dir='ltr'><strong>gravis</strong></span> <span class='ocrx_word' id='word_1_462' title='bbox 2894 3290 3055 3344; x_wconf 80' lang='lat' dir='ltr'><strong>vobis.</strong></span> <span class='ocrx_word' id='word_1_463' title='bbox 3087 3287 3161 3342; x_wconf 86' lang='lat' dir='ltr'><strong>Ne</strong></span> <span class='ocrx_word' id='word_1_464' title='bbox 3195 3276 3747 3368; x_wconf 25' lang='lat' dir='ltr'><strong>(liceretur‘idcon-utic</strong></span> 
     </span>
    </p>
   </div>
   <div class='ocr_carea' id='block_1_32' title="bbox 519 3362 3747 3453">
    <p class='ocr_par' dir='ltr' id='par_1_32' title="bbox 519 3362 3747 3453">
     <span class='ocr_line' id='line_1_32' title="bbox 519 3362 3747 3453; baseline -0.012 -1"><span class='ocrx_word' id='word_1_465' title='bbox 519 3383 797 3452; x_wconf 61' lang='grc' dir='ltr'><strong>διιοειοειις</strong></span> <span class='ocrx_word' id='word_1_466' title='bbox 818 3380 1039 3437; x_wconf 85' lang='lat' dir='ltr'><strong>Paulus.</strong></span> <span class='ocrx_word' id='word_1_467' title='bbox 2210 3378 2416 3448; x_wconf 86' lang='lat' dir='ltr'><strong>venire,</strong></span> <span class='ocrx_word' id='word_1_468' title='bbox 2447 3394 2506 3438; x_wconf 92' lang='lat' dir='ltr'><strong>ut</strong></span> <span class='ocrx_word' id='word_1_469' title='bbox 2534 3366 2792 3453; x_wconf 88' lang='lat' dir='ltr'><strong>quidquid</strong></span> <span class='ocrx_word' id='word_1_470' title='bbox 2820 3383 2947 3437; x_wconf 92' lang='lat' dir='ltr'><strong>olim</strong></span> <span class='ocrx_word' id='word_1_471' title='bbox 2974 3382 3051 3436; x_wconf 91' lang='lat' dir='ltr'><strong>eis</strong></span> <span class='ocrx_word' id='word_1_472' title='bbox 3075 3366 3399 3450; x_wconf 86' lang='lat' dir='ltr'><strong>pepercerat</strong></span> <span class='ocrx_word' id='word_1_473' title='bbox 3430 3364 3580 3430; x_wconf 80' lang='lat' dir='ltr'><strong>mede</strong></span> <span class='ocrx_word' id='word_1_474' title='bbox 3608 3362 3747 3422; x_wconf 86' lang='lat' dir='ltr'><strong>subri-</strong></span> 
     </span>
    </p>
   </div>
   <div class='ocr_carea' id='block_1_33' title="bbox 591 3462 3747 3545">
    <p class='ocr_par' dir='ltr' id='par_1_33' title="bbox 591 3462 3747 3545">
     <span class='ocr_line' id='line_1_33' title="bbox 591 3462 3747 3545; baseline -0.004 -14"><span class='ocrx_word' id='word_1_475' title='bbox 591 3476 682 3531; x_wconf 77' lang='grc'><strong>13.</strong></span> <span class='ocrx_word' id='word_1_476' title='bbox 725 3474 928 3530; x_wconf 65' lang='lat' dir='ltr'><strong>Lssru.</strong></span> <span class='ocrx_word' id='word_1_477' title='bbox 962 3476 1187 3531; x_wconf 85' lang='lat' dir='ltr'><strong>Tametsi</strong></span> <span class='ocrx_word' id='word_1_478' title='bbox 1211 3476 1341 3530; x_wconf 81' lang='lat' dir='ltr'><strong>nihil</strong></span> <span class='ocrx_word' id='word_1_479' title='bbox 1361 3494 1497 3531; x_wconf 80' lang='lat' dir='ltr'><strong>sum.</strong></span> <span class='ocrx_word' id='word_1_480' title='bbox 1523 3475 1781 3545; x_wconf 80' lang='lat' dir='ltr'><strong>Quamvis</strong></span> <span class='ocrx_word' id='word_1_481' title='bbox 1809 3475 2106 3529; x_wconf 88' lang='lat' dir='ltr'><strong>secundum</strong></span> <span class='ocrx_word' id='word_1_482' title='bbox 2169 3462 2175 3470; x_wconf 71' lang='grc'>’</span> <span class='ocrx_word' id='word_1_483' title='bbox 2212 3485 2382 3545; x_wconf 85' lang='lat' dir='ltr'><strong>peret,</strong></span> <span class='ocrx_word' id='word_1_484' title='bbox 2407 3474 2537 3529; x_wconf 85' lang='lat' dir='ltr'><strong>dicit</strong></span> <span class='ocrx_word' id='word_1_485' title='bbox 2575 3473 2727 3537; x_wconf 79' lang='lat' dir='ltr'><strong>:Non</strong></span> <span class='ocrx_word' id='word_1_486' title='bbox 2751 3473 3067 3543; x_wconf 74' lang='lat' dir='ltr'><strong>erogravis</strong></span> <span class='ocrx_word' id='word_1_487' title='bbox 3105 3473 3281 3536; x_wconf 80' lang='lat' dir='ltr'><strong>vobis,</strong></span> <span class='ocrx_word' id='word_1_488' title='bbox 3315 3470 3444 3539; x_wconf 91' lang='lat' dir='ltr'><strong>quia</strong></span> <span class='ocrx_word' id='word_1_489' title='bbox 3482 3480 3582 3520; x_wconf 91' lang='lat' dir='ltr'><strong>non</strong></span> <span class='ocrx_word' id='word_1_490' title='bbox 3606 3469 3747 3543; x_wconf 68' lang='lat' dir='ltr'><strong>qua?!&quot;</strong></span> 
     </span>
    </p>
   </div>
   <div class='ocr_carea' id='block_1_34' title="bbox 521 3550 3505 3637">
    <p class='ocr_par' dir='ltr' id='par_1_34' title="bbox 521 3550 3505 3637">
     <span class='ocr_line' id='line_1_34' title="bbox 521 3550 3505 3637; baseline -0.001 -21"><span class='ocrx_word' id='word_1_491' title='bbox 521 3567 883 3637; x_wconf 76' lang='lat' dir='ltr'><strong>quorumdam</strong></span> <span class='ocrx_word' id='word_1_492' title='bbox 926 3566 1210 3620; x_wconf 86' lang='lat' dir='ltr'><strong>stultorum</strong></span> <span class='ocrx_word' id='word_1_493' title='bbox 1265 3567 1594 3635; x_wconf 84' lang='lat' dir='ltr'><strong>opinionem,</strong></span> <span class='ocrx_word' id='word_1_494' title='bbox 1651 3564 1785 3617; x_wconf 87' lang='lat' dir='ltr'><strong>nihil</strong></span> <span class='ocrx_word' id='word_1_495' title='bbox 1844 3579 1988 3625; x_wconf 90' lang='lat' dir='ltr'><strong>sum,</strong></span> <span class='ocrx_word' id='word_1_496' title='bbox 2045 3577 2106 3616; x_wconf 85' lang='lat' dir='ltr'><strong>ea</strong></span> <span class='ocrx_word' id='word_1_497' title='bbox 2211 3576 2411 3630; x_wconf 78' lang='lat' dir='ltr'><strong>vestra,</strong></span> <span class='ocrx_word' id='word_1_498' title='bbox 2440 3574 2494 3621; x_wconf 87' lang='lat' dir='ltr'><strong>et</strong></span> <span class='ocrx_word' id='word_1_499' title='bbox 2523 3566 2626 3620; x_wconf 88' lang='lat' dir='ltr'><strong>hoc</strong></span> <span class='ocrx_word' id='word_1_500' title='bbox 2650 3572 2752 3630; x_wconf 89' lang='lat' dir='ltr'><strong>est,</strong></span> <span class='ocrx_word' id='word_1_501' title='bbox 2782 3580 2884 3629; x_wconf 84' lang='lat' dir='ltr'><strong>non</strong></span> <span class='ocrx_word' id='word_1_502' title='bbox 2909 3556 3143 3634; x_wconf 78' lang='lat' dir='ltr'><strong>gravalin</strong></span> <span class='ocrx_word' id='word_1_503' title='bbox 3170 3558 3291 3616; x_wconf 72' lang='lat' dir='ltr'><strong>vos.</strong></span> <span class='ocrx_word' id='word_1_504' title='bbox 3368 3550 3369 3557; x_wconf 46' lang='grc'><em>“</em></span> <span class='ocrx_word' id='word_1_505' title='bbox 3502 3554 3505 3555; x_wconf 50' lang='grc'><strong><em>⁷</em></strong></span> 
     </span>
    </p>
   </div>
   <div class='ocr_carea' id='block_1_35' title="bbox 526 3652 2167 3727">
    <p class='ocr_par' dir='ltr' id='par_1_35' title="bbox 526 3652 2167 3727">
     <span class='ocr_line' id='line_1_35' title="bbox 526 3652 2167 3727; baseline -0.003 -18"><span class='ocrx_word' id='word_1_506' title='bbox 526 3666 707 3711; x_wconf 84' lang='lat' dir='ltr'><strong>tamen</strong></span> <span class='ocrx_word' id='word_1_507' title='bbox 759 3655 859 3710; x_wconf 86' lang='lat' dir='ltr'><strong>feci</strong></span> <span class='ocrx_word' id='word_1_508' title='bbox 908 3672 1071 3727; x_wconf 90' lang='lat' dir='ltr'><strong>super</strong></span> <span class='ocrx_word' id='word_1_509' title='bbox 1112 3672 1208 3710; x_wconf 87' lang='lat' dir='ltr'><strong>vos</strong></span> <span class='ocrx_word' id='word_1_510' title='bbox 1251 3672 1370 3724; x_wconf 65' lang='lat' dir='ltr'><strong>quae</strong></span> <span class='ocrx_word' id='word_1_511' title='bbox 1405 3656 1579 3709; x_wconf 87' lang='lat' dir='ltr'><strong>sulcnt</strong></span> <span class='ocrx_word' id='word_1_512' title='bbox 1624 3655 1928 3723; x_wconf 88' lang='lat' dir='ltr'><strong>apostolum</strong></span> <span class='ocrx_word' id='word_1_513' title='bbox 1971 3654 2111 3707; x_wconf 86' lang='lat' dir='ltr'><strong>desi-</strong></span> <span class='ocrx_word' id='word_1_514' title='bbox 2166 3652 2167 3655; x_wconf 60' lang='grc'><em>“</em></span> 
     </span>
    </p>
   </div>
   <div class='ocr_carea' id='block_1_36' title="bbox 526 3745 2113 3817">
    <p class='ocr_par' dir='ltr' id='par_1_36' title="bbox 526 3745 2113 3817">
     <span class='ocr_line' id='line_1_36' title="bbox 526 3745 2113 3817; baseline 0 -20"><span class='ocrx_word' id='word_1_515' title='bbox 526 3760 730 3815; x_wconf 48' lang='lat' dir='ltr'><strong>gnaros</strong></span> <span class='ocrx_word' id='word_1_516' title='bbox 749 3746 973 3802; x_wconf 89' lang='lat' dir='ltr'><strong>Omnem</strong></span> <span class='ocrx_word' id='word_1_517' title='bbox 1008 3747 1327 3817; x_wconf 86' lang='lat' dir='ltr'><strong>patientiam</strong></span> <span class='ocrx_word' id='word_1_518' title='bbox 1358 3748 1497 3802; x_wconf 87' lang='lat' dir='ltr'><strong>inter</strong></span> <span class='ocrx_word' id='word_1_519' title='bbox 1526 3761 1621 3801; x_wconf 88' lang='lat' dir='ltr'><strong>vos</strong></span> <span class='ocrx_word' id='word_1_520' title='bbox 1658 3745 1844 3809; x_wconf 86' lang='lat' dir='ltr'><strong>habui,</strong></span> <span class='ocrx_word' id='word_1_521' title='bbox 1874 3745 2025 3813; x_wconf 85' lang='lat' dir='ltr'><strong>signa</strong></span> <span class='ocrx_word' id='word_1_522' title='bbox 2057 3753 2113 3798; x_wconf 89' lang='lat' dir='ltr'><strong>et</strong></span> 
     </span>
    </p>
   </div>
   <div class='ocr_carea' id='block_1_37' title="bbox 528 3834 2111 3911">
    <p class='ocr_par' dir='ltr' id='par_1_37' title="bbox 528 3834 2111 3911">
     <span class='ocr_line' id='line_1_37' title="bbox 528 3834 2111 3911; baseline -0.001 -22"><span class='ocrx_word' id='word_1_523' title='bbox 528 3836 777 3906; x_wconf 86' lang='lat' dir='ltr'><strong>prodigia</strong></span> <span class='ocrx_word' id='word_1_524' title='bbox 823 3845 877 3891; x_wconf 86' lang='lat' dir='ltr'><strong>et</strong></span> <span class='ocrx_word' id='word_1_525' title='bbox 915 3846 1140 3891; x_wconf 72' lang='lat' dir='ltr'><strong>czcteras</strong></span> <span class='ocrx_word' id='word_1_526' title='bbox 1175 3837 1425 3901; x_wconf 86' lang='lat' dir='ltr'><strong>virtutes,</strong></span> <span class='ocrx_word' id='word_1_527' title='bbox 1472 3852 1593 3911; x_wconf 89' lang='lat' dir='ltr'><strong>cum</strong></span> <span class='ocrx_word' id='word_1_528' title='bbox 1640 3850 1774 3905; x_wconf 78' lang='lat' dir='ltr'><strong>Opus</strong></span> <span class='ocrx_word' id='word_1_529' title='bbox 1823 3836 1940 3911; x_wconf 83' lang='lat' dir='ltr'><strong>fuit,</strong></span> <span class='ocrx_word' id='word_1_530' title='bbox 1986 3834 2111 3889; x_wconf 87' lang='lat' dir='ltr'><strong>feci.</strong></span> 
     </span>
    </p>
   </div>
   <div class='ocr_carea' id='block_1_38' title="bbox 531 3928 2115 4001">
    <p class='ocr_par' dir='ltr' id='par_1_38' title="bbox 531 3928 2115 4001">
     <span class='ocr_line' id='line_1_38' title="bbox 531 3928 2115 4001; baseline -0.003 -19"><span class='ocrx_word' id='word_1_531' title='bbox 531 3930 708 3984; x_wconf 83' lang='lat' dir='ltr'><strong>Distat</strong></span> <span class='ocrx_word' id='word_1_532' title='bbox 751 3940 929 3993; x_wconf 79' lang='lat' dir='ltr'><strong>autem</strong></span> <span class='ocrx_word' id='word_1_533' title='bbox 964 3931 1103 3984; x_wconf 88' lang='lat' dir='ltr'><strong>inter</strong></span> <span class='ocrx_word' id='word_1_534' title='bbox 1132 3929 1368 4001; x_wconf 80' lang='lat' dir='ltr'><strong>signum,</strong></span> <span class='ocrx_word' id='word_1_535' title='bbox 1412 3938 1467 3983; x_wconf 89' lang='lat' dir='ltr'><strong>et</strong></span> <span class='ocrx_word' id='word_1_536' title='bbox 1508 3929 1815 3999; x_wconf 82' lang='lat' dir='ltr'><strong>prodigium</strong></span> <span class='ocrx_word' id='word_1_537' title='bbox 1860 3937 1916 3982; x_wconf 89' lang='lat' dir='ltr'><strong>et</strong></span> <span class='ocrx_word' id='word_1_538' title='bbox 1944 3928 2115 3983; x_wconf 86' lang='lat' dir='ltr'><strong>virtu-</strong></span> 
     </span>
    </p>
   </div>
   <div class='ocr_carea' id='block_1_39' title="bbox 532 4018 2165 4095">
    <p class='ocr_par' dir='ltr' id='par_1_39' title="bbox 532 4018 2165 4095">
     <span class='ocr_line' id='line_1_39' title="bbox 532 4018 2165 4095; baseline 0 -20"><span class='ocrx_word' id='word_1_539' title='bbox 532 4031 662 4083; x_wconf 83' lang='lat' dir='ltr'><strong>tem.</strong></span> <span class='ocrx_word' id='word_1_540' title='bbox 702 4023 924 4093; x_wconf 87' lang='lat' dir='ltr'><strong>Signum</strong></span> <span class='ocrx_word' id='word_1_541' title='bbox 965 4037 1135 4093; x_wconf 85' lang='lat' dir='ltr'><strong>genus</strong></span> <span class='ocrx_word' id='word_1_542' title='bbox 1180 4031 1265 4077; x_wconf 91' lang='lat' dir='ltr'><strong>est</strong></span> <span class='ocrx_word' id='word_1_543' title='bbox 1310 4023 1562 4093; x_wconf 83' lang='lat' dir='ltr'><strong>prodigii.</strong></span> <span class='ocrx_word' id='word_1_544' title='bbox 1606 4024 1789 4079; x_wconf 82' lang='lat' dir='ltr'><strong>Virtus</strong></span> <span class='ocrx_word' id='word_1_545' title='bbox 1829 4038 1999 4095; x_wconf 85' lang='lat' dir='ltr'><strong>genus</strong></span> <span class='ocrx_word' id='word_1_546' title='bbox 2032 4031 2117 4077; x_wconf 78' lang='lat' dir='ltr'><strong>est</strong></span> <span class='ocrx_word' id='word_1_547' title='bbox 2161 4018 2165 4023; x_wconf 74' lang='grc'><em>’</em></span> 
     </span>
    </p>
   </div>
   <div class='ocr_carea' id='block_1_40' title="bbox 529 4113 2111 4185">
    <p class='ocr_par' dir='ltr' id='par_1_40' title="bbox 529 4113 2111 4185">
     <span class='ocr_line' id='line_1_40' title="bbox 529 4113 2111 4185; baseline -0.002 -16"><span class='ocrx_word' id='word_1_548' title='bbox 529 4117 835 4185; x_wconf 84' lang='lat' dir='ltr'><strong>utriusque.</strong></span> <span class='ocrx_word' id='word_1_549' title='bbox 878 4113 1063 4170; x_wconf 84' lang='lat' dir='ltr'><strong>Virtus</strong></span> <span class='ocrx_word' id='word_1_550' title='bbox 1105 4122 1284 4184; x_wconf 88' lang='lat' dir='ltr'><strong>potest</strong></span> <span class='ocrx_word' id='word_1_551' title='bbox 1326 4116 1508 4169; x_wconf 85' lang='lat' dir='ltr'><strong>vocari</strong></span> <span class='ocrx_word' id='word_1_552' title='bbox 1556 4130 1716 4170; x_wconf 89' lang='lat' dir='ltr'><strong>omne</strong></span> <span class='ocrx_word' id='word_1_553' title='bbox 1760 4115 2111 4179; x_wconf 80' lang='lat' dir='ltr'><strong>miraculum;</strong></span> 
     </span>
    </p>
   </div>
   <div class='ocr_carea' id='block_1_41' title="bbox 531 4206 2117 4280">
    <p class='ocr_par' dir='ltr' id='par_1_41' title="bbox 531 4206 2117 4280">
     <span class='ocr_line' id='line_1_41' title="bbox 531 4206 2117 4280; baseline -0.003 -17"><span class='ocrx_word' id='word_1_554' title='bbox 531 4210 745 4280; x_wconf 80' lang='lat' dir='ltr'><strong>signum</strong></span> <span class='ocrx_word' id='word_1_555' title='bbox 787 4209 916 4263; x_wconf 89' lang='lat' dir='ltr'><strong>illud</strong></span> <span class='ocrx_word' id='word_1_556' title='bbox 966 4217 1174 4263; x_wconf 87' lang='lat' dir='ltr'><strong>tantum</strong></span> <span class='ocrx_word' id='word_1_557' title='bbox 1217 4207 1362 4276; x_wconf 89' lang='lat' dir='ltr'><strong>quod</strong></span> <span class='ocrx_word' id='word_1_558' title='bbox 1410 4206 1463 4260; x_wconf 91' lang='lat' dir='ltr'><strong>in</strong></span> <span class='ocrx_word' id='word_1_559' title='bbox 1503 4221 1827 4278; x_wconf 90' lang='lat' dir='ltr'><strong>quocunque</strong></span> <span class='ocrx_word' id='word_1_560' title='bbox 1875 4217 2117 4275; x_wconf 90' lang='lat' dir='ltr'><strong>tempore</strong></span> 
     </span>
    </p>
   </div>
   <div class='ocr_carea' id='block_1_42' title="bbox 2286 3644 3748 3734">
    <p class='ocr_par' dir='ltr' id='par_1_42' title="bbox 2286 3644 3748 3734">
     <span class='ocr_line' id='line_1_42' title="bbox 2286 3644 3748 3734; baseline -0.011 -23"><span class='ocrx_word' id='word_1_561' title='bbox 2286 3646 2374 3711; x_wconf 81' lang='grc'><strong>19.</strong></span> <span class='ocrx_word' id='word_1_562' title='bbox 2414 3656 2652 3712; x_wconf 81' lang='lat' dir='ltr'><strong>Aunuos.</strong></span> <span class='ocrx_word' id='word_1_563' title='bbox 2710 3655 2820 3710; x_wconf 87' lang='lat' dir='ltr'><strong>Nec</strong></span> <span class='ocrx_word' id='word_1_564' title='bbox 2870 3657 3004 3709; x_wconf 83' lang='lat' dir='ltr'><strong>enim</strong></span> <span class='ocrx_word' id='word_1_565' title='bbox 3057 3654 3240 3709; x_wconf 86' lang='lat' dir='ltr'><strong>debent</strong></span> <span class='ocrx_word' id='word_1_566' title='bbox 3298 3644 3424 3723; x_wconf 75' lang='lat' dir='ltr'><strong>ﬁlii.</strong></span> <span class='ocrx_word' id='word_1_567' title='bbox 3471 3649 3664 3723; x_wconf 80' lang='lat' dir='ltr'><strong>Patrem</strong></span> <span class='ocrx_word' id='word_1_568' title='bbox 3706 3650 3748 3734; x_wconf 60' lang='lat' dir='ltr'><strong>Si!</strong></span> 
     </span>
    </p>
   </div>
   <div class='ocr_carea' id='block_1_43' title="bbox 2215 3738 3744 3819">
    <p class='ocr_par' dir='ltr' id='par_1_43' title="bbox 2215 3738 3744 3819">
     <span class='ocr_line' id='line_1_43' title="bbox 2215 3738 3744 3819; baseline -0.005 -14"><span class='ocrx_word' id='word_1_569' title='bbox 2215 3764 2402 3805; x_wconf 88' lang='lat' dir='ltr'><strong>eorum</strong></span> <span class='ocrx_word' id='word_1_570' title='bbox 2450 3748 2735 3819; x_wconf 83' lang='lat' dir='ltr'><strong>signiﬁcat.</strong></span> <span class='ocrx_word' id='word_1_571' title='bbox 2783 3746 3041 3803; x_wconf 86' lang='lat' dir='ltr'><strong>Carnales</strong></span> <span class='ocrx_word' id='word_1_572' title='bbox 3082 3738 3264 3801; x_wconf 85' lang='lat' dir='ltr'><strong>tamen</strong></span> <span class='ocrx_word' id='word_1_573' title='bbox 3314 3754 3502 3816; x_wconf 85' lang='lat' dir='ltr'><strong>patres</strong></span> <span class='ocrx_word' id='word_1_574' title='bbox 3534 3743 3642 3792; x_wconf 85' lang='lat' dir='ltr'><strong>sum</strong></span> <span class='ocrx_word' id='word_1_575' title='bbox 3678 3742 3744 3798; x_wconf 74' lang='grc'><strong>(1⁸⁸⁵</strong></span> 
     </span>
    </p>
   </div>
   <div class='ocr_carea' id='block_1_44' title="bbox 2219 3827 3747 3906">
    <p class='ocr_par' dir='ltr' id='par_1_44' title="bbox 2219 3827 3747 3906">
     <span class='ocr_line' id='line_1_44' title="bbox 2219 3827 3747 3906; baseline -0.015 -13"><span class='ocrx_word' id='word_1_576' title='bbox 2219 3840 2342 3893; x_wconf 78' lang='lat' dir='ltr'><strong>filiis</strong></span> <span class='ocrx_word' id='word_1_577' title='bbox 2374 3839 2759 3894; x_wconf 75' lang='lat' dir='ltr'><strong>tlicsaurizant.</strong></span> <span class='ocrx_word' id='word_1_578' title='bbox 2797 3837 2929 3892; x_wconf 88' lang='lat' dir='ltr'><strong>Nam</strong></span> <span class='ocrx_word' id='word_1_579' title='bbox 2968 3835 3276 3906; x_wconf 87' lang='lat' dir='ltr'><strong>spirituales</strong></span> <span class='ocrx_word' id='word_1_580' title='bbox 3305 3828 3522 3905; x_wconf 83' lang='lat' dir='ltr'><strong>dignum</strong></span> <span class='ocrx_word' id='word_1_581' title='bbox 3552 3834 3623 3882; x_wconf 83' lang='lat' dir='ltr'><strong>est</strong></span> <span class='ocrx_word' id='word_1_582' title='bbox 3652 3827 3696 3872; x_wconf 84' lang='lat' dir='ltr'><strong>ut</strong></span> <span class='ocrx_word' id='word_1_583' title='bbox 3727 3830 3747 3865; x_wconf 68' lang='grc' dir='ltr'><strong><em>ιι</em></strong></span> 
     </span>
    </p>
   </div>
   <div class='ocr_carea' id='block_1_45' title="bbox 2218 3916 3745 4004">
    <p class='ocr_par' dir='ltr' id='par_1_45' title="bbox 2218 3916 3745 4004">
     <span class='ocr_line' id='line_1_45' title="bbox 2218 3916 3745 4004; baseline -0.012 -19"><span class='ocrx_word' id='word_1_584' title='bbox 2218 3931 2343 3985; x_wconf 83' lang='lat' dir='ltr'><strong>ﬁliis</strong></span> <span class='ocrx_word' id='word_1_585' title='bbox 2388 3916 2653 4000; x_wconf 88' lang='lat' dir='ltr'><strong>accipiant</strong></span> <span class='ocrx_word' id='word_1_586' title='bbox 2682 3938 2945 3999; x_wconf 89' lang='lat' dir='ltr'><strong>sumptus.</strong></span> <span class='ocrx_word' id='word_1_587' title='bbox 3000 3928 3095 3980; x_wconf 90' lang='lat' dir='ltr'><strong>llic</strong></span> <span class='ocrx_word' id='word_1_588' title='bbox 3144 3936 3325 3980; x_wconf 86' lang='lat' dir='ltr'><strong>autem</strong></span> <span class='ocrx_word' id='word_1_589' title='bbox 3379 3924 3430 3978; x_wconf 89' lang='lat' dir='ltr'><strong>in</strong></span> <span class='ocrx_word' id='word_1_590' title='bbox 3482 3920 3745 4004; x_wconf 84' lang='lat' dir='ltr'><strong>tantum</strong></span> 
     </span>
    </p>
   </div>
   <div class='ocr_carea' id='block_1_46' title="bbox 2218 3996 3748 4091">
    <p class='ocr_par' dir='ltr' id='par_1_46' title="bbox 2218 3996 3748 4091">
     <span class='ocr_line' id='line_1_46' title="bbox 2218 3996 3748 4091; baseline -0.015 -18"><span class='ocrx_word' id='word_1_591' title='bbox 2218 4021 2409 4091; x_wconf 87' lang='lat' dir='ltr'><strong>probat</strong></span> <span class='ocrx_word' id='word_1_592' title='bbox 2439 4020 2577 4074; x_wconf 89' lang='lat' dir='ltr'><strong>nolle</strong></span> <span class='ocrx_word' id='word_1_593' title='bbox 2607 4019 2854 4088; x_wconf 86' lang='lat' dir='ltr'><strong>accipere</strong></span> <span class='ocrx_word' id='word_1_594' title='bbox 2892 4026 2951 4071; x_wconf 90' lang='lat' dir='ltr'><strong>ut</strong></span> <span class='ocrx_word' id='word_1_595' title='bbox 2984 4010 3279 4072; x_wconf 78' lang='lat' dir='ltr'><strong>transferat</strong></span> <span class='ocrx_word' id='word_1_596' title='bbox 3310 4024 3527 4070; x_wconf 85' lang='lat' dir='ltr'><strong>causam</strong></span> <span class='ocrx_word' id='word_1_597' title='bbox 3562 3996 3748 4058; x_wconf 83' lang='lat' dir='ltr'><strong>carnalis</strong></span> 
     </span>
    </p>
   </div>
   <div class='ocr_carea' id='block_1_47' title="bbox 2219 4108 2875 4179">
    <p class='ocr_par' dir='ltr' id='par_1_47' title="bbox 2219 4108 2875 4179">
     <span class='ocr_line' id='line_1_47' title="bbox 2219 4108 2875 4179; baseline -0.003 -16"><span class='ocrx_word' id='word_1_598' title='bbox 2219 4110 2388 4179; x_wconf 88' lang='lat' dir='ltr'><strong>patris</strong></span> <span class='ocrx_word' id='word_1_599' title='bbox 2422 4110 2488 4163; x_wconf 87' lang='lat' dir='ltr'><strong>ad</strong></span> <span class='ocrx_word' id='word_1_600' title='bbox 2519 4108 2875 4179; x_wconf 87' lang='lat' dir='ltr'><strong>spiritualem.</strong></span> 
     </span>
    </p>
   </div>
   <div class='ocr_carea' id='block_1_48' title="bbox 2288 4178 3745 4271">
    <p class='ocr_par' dir='ltr' id='par_1_48' title="bbox 2288 4178 3745 4271">
     <span class='ocr_line' id='line_1_48' title="bbox 2288 4178 3745 4271; baseline -0.021 -16"><span class='ocrx_word' id='word_1_601' title='bbox 2288 4201 2381 4255; x_wconf 76' lang='grc'><strong>20.</strong></span> <span class='ocrx_word' id='word_1_602' title='bbox 2422 4178 2559 4271; x_wconf 11' lang='lat' dir='ltr'><strong>Ego,</strong></span> <span class='ocrx_word' id='word_1_603' title='bbox 2603 4211 2776 4254; x_wconf 83' lang='lat' dir='ltr'><strong>autent</strong></span> <span class='ocrx_word' id='word_1_604' title='bbox 2829 4190 3180 4254; x_wconf 79' lang='lat' dir='ltr'><strong>libentissime.</strong></span> <span class='ocrx_word' id='word_1_605' title='bbox 3245 4192 3403 4250; x_wconf 80' lang='lat' dir='ltr'><strong>Dicit</strong></span> <span class='ocrx_word' id='word_1_606' title='bbox 3451 4204 3550 4245; x_wconf 91' lang='lat' dir='ltr'><strong>non</strong></span> <span class='ocrx_word' id='word_1_607' title='bbox 3598 4178 3745 4271; x_wconf 69' lang='lat' dir='ltr'><strong>solum</strong></span> 
     </span>
    </p>
   </div>
   <div class='ocr_carea' id='block_1_49' title="bbox 535 4273 3742 4374">
    <p class='ocr_par' dir='ltr' id='par_1_49' title="bbox 535 4273 3742 4374">
     <span class='ocr_line' id='line_1_49' title="bbox 535 4273 3742 4374; baseline -0.01 -18"><span class='ocrx_word' id='word_1_608' title='bbox 535 4273 739 4373; x_wconf 74' lang='lat' dir='ltr'><strong>aliquid</strong></span> <span class='ocrx_word' id='word_1_609' title='bbox 820 4302 1092 4374; x_wconf 69' lang='lat' dir='ltr'><strong>significat</strong></span> <span class='ocrx_word' id='word_1_610' title='bbox 1129 4317 1145 4368; x_wconf 89' lang='lat'><strong>;</strong></span> <span class='ocrx_word' id='word_1_611' title='bbox 1222 4273 1537 4370; x_wconf 46' lang='lat' dir='ltr'><strong>prodigium-</strong></span> <span class='ocrx_word' id='word_1_612' title='bbox 1596 4273 1750 4370; x_wconf 77' lang='lat' dir='ltr'><strong>quod</strong></span> <span class='ocrx_word' id='word_1_613' title='bbox 1813 4298 1869 4354; x_wconf 89' lang='lat' dir='ltr'><strong>in</strong></span> <span class='ocrx_word' id='word_1_614' title='bbox 1934 4273 2114 4352; x_wconf 79' lang='lat' dir='ltr'><strong>futuro</strong></span> <span class='ocrx_word' id='word_1_615' title='bbox 2147 4273 2189 4329; x_wconf 72' lang='grc' dir='ltr'><strong>Β</strong></span> <span class='ocrx_word' id='word_1_616' title='bbox 2219 4311 2316 4350; x_wconf 91' lang='lat' dir='ltr'><strong>sua</strong></span> <span class='ocrx_word' id='word_1_617' title='bbox 2343 4311 2440 4366; x_wconf 87' lang='lat' dir='ltr'><strong>pro</strong></span> <span class='ocrx_word' id='word_1_618' title='bbox 2472 4294 2645 4349; x_wconf 85' lang='lat' dir='ltr'><strong>salute</strong></span> <span class='ocrx_word' id='word_1_619' title='bbox 2677 4310 2863 4349; x_wconf 88' lang='lat' dir='ltr'><strong>eorum</strong></span> <span class='ocrx_word' id='word_1_620' title='bbox 2896 4278 3233 4373; x_wconf 84' lang='lat' dir='ltr'><strong>impendere,</strong></span> <span class='ocrx_word' id='word_1_621' title='bbox 3266 4291 3362 4345; x_wconf 88' lang='lat' dir='ltr'><strong>sed</strong></span> <span class='ocrx_word' id='word_1_622' title='bbox 3386 4300 3443 4341; x_wconf 87' lang='lat' dir='ltr'><strong>se</strong></span> <span class='ocrx_word' id='word_1_623' title='bbox 3466 4281 3613 4373; x_wconf 85' lang='lat' dir='ltr'><strong>etiam</strong></span> <span class='ocrx_word' id='word_1_624' title='bbox 3640 4273 3742 4324; x_wconf 83' lang='lat' dir='ltr'><strong>mori</strong></span> 
     </span>
    </p>
   </div>
   <div class='ocr_carea' id='block_1_50' title="bbox 535 4404 764 4448">
    <p class='ocr_par' dir='ltr' id='par_1_50' title="bbox 535 4404 764 4448">
     <span class='ocr_line' id='line_1_50' title="bbox 535 4404 764 4448; baseline 0.009 -2"><span class='ocrx_word' id='word_1_625' title='bbox 535 4404 764 4448; x_wconf 80' lang='lat' dir='ltr'><strong>tantum.</strong></span> 
     </span>
    </p>
   </div>
   <div class='ocr_carea' id='block_1_51' title="bbox 611 4483 2113 4553">
    <p class='ocr_par' dir='ltr' id='par_1_51' title="bbox 611 4483 2113 4553">
     <span class='ocr_line' id='line_1_51' title="bbox 611 4483 2113 4553; baseline -0.001 -14"><span class='ocrx_word' id='word_1_626' title='bbox 611 4483 696 4540; x_wconf 67' lang='grc'><strong>11.</strong></span> <span class='ocrx_word' id='word_1_627' title='bbox 738 4484 878 4548; x_wconf 83' lang='lat' dir='ltr'><strong>Quid</strong></span> <span class='ocrx_word' id='word_1_628' title='bbox 900 4495 973 4538; x_wconf 79' lang='lat' dir='ltr'><strong>est</strong></span> <span class='ocrx_word' id='word_1_629' title='bbox 992 4486 1150 4539; x_wconf 91' lang='lat' dir='ltr'><strong>enim.</strong></span> <span class='ocrx_word' id='word_1_630' title='bbox 1179 4483 1530 4553; x_wconf 81' lang='lat' dir='ltr'><strong>Superiorem</strong></span> <span class='ocrx_word' id='word_1_631' title='bbox 1553 4484 1877 4538; x_wconf 84' lang='lat' dir='ltr'><strong>sententiam</strong></span> <span class='ocrx_word' id='word_1_632' title='bbox 1902 4484 2113 4551; x_wconf 80' lang='lat' dir='ltr'><strong>probat.</strong></span> 
     </span>
    </p>
   </div>
   <div class='ocr_carea' id='block_1_52' title="bbox 539 4570 2119 4644">
    <p class='ocr_par' dir='ltr' id='par_1_52' title="bbox 539 4570 2119 4644">
     <span class='ocr_line' id='line_1_52' title="bbox 539 4570 2119 4644; baseline -0.001 -17"><span class='ocrx_word' id='word_1_633' title='bbox 539 4570 690 4627; x_wconf 81' lang='lat' dir='ltr'><strong>Nihil</strong></span> <span class='ocrx_word' id='word_1_634' title='bbox 719 4575 889 4627; x_wconf 80' lang='lat' dir='ltr'><strong>minus</strong></span> <span class='ocrx_word' id='word_1_635' title='bbox 920 4575 1038 4642; x_wconf 81' lang='lat' dir='ltr'><strong>feci,</strong></span> <span class='ocrx_word' id='word_1_636' title='bbox 1071 4583 1175 4629; x_wconf 89' lang='lat' dir='ltr'><strong>etc.</strong></span> <span class='ocrx_word' id='word_1_637' title='bbox 1209 4575 1375 4641; x_wconf 77' lang='lat' dir='ltr'><strong>Quasi</strong></span> <span class='ocrx_word' id='word_1_638' title='bbox 1403 4576 1582 4628; x_wconf 87' lang='lat' dir='ltr'><strong>dicere</strong></span> <span class='ocrx_word' id='word_1_639' title='bbox 1613 4573 1677 4644; x_wconf 79' lang='grc' dir='ltr'><strong>[Ῑ.</strong></span> <span class='ocrx_word' id='word_1_640' title='bbox 1707 4571 1935 4643; x_wconf 87' lang='lat' dir='ltr'><strong>diceret]</strong></span> <span class='ocrx_word' id='word_1_641' title='bbox 1967 4589 1978 4624; x_wconf 95' lang='lat'>:</span> <span class='ocrx_word' id='word_1_642' title='bbox 2013 4571 2119 4631; x_wconf 83' lang='lat' dir='ltr'><strong>Per</strong></span> 
     </span>
    </p>
   </div>
   <div class='ocr_carea' id='block_1_53' title="bbox 538 4663 2117 4733">
    <p class='ocr_par' dir='ltr' id='par_1_53' title="bbox 538 4663 2117 4733">
     <span class='ocr_line' id='line_1_53' title="bbox 538 4663 2117 4733; baseline -0.002 -15"><span class='ocrx_word' id='word_1_643' title='bbox 538 4665 643 4719; x_wconf 87' lang='lat' dir='ltr'><strong>hoc</strong></span> <span class='ocrx_word' id='word_1_644' title='bbox 662 4666 825 4733; x_wconf 89' lang='lat' dir='ltr'><strong>liquet</strong></span> <span class='ocrx_word' id='word_1_645' title='bbox 858 4679 942 4719; x_wconf 87' lang='lat' dir='ltr'><strong>me</strong></span> <span class='ocrx_word' id='word_1_646' title='bbox 968 4667 1099 4720; x_wconf 90' lang='lat' dir='ltr'><strong>nihil</strong></span> <span class='ocrx_word' id='word_1_647' title='bbox 1127 4668 1303 4721; x_wconf 89' lang='lat' dir='ltr'><strong>minus</strong></span> <span class='ocrx_word' id='word_1_648' title='bbox 1328 4665 1520 4721; x_wconf 84' lang='lat' dir='ltr'><strong>fecisse</strong></span> <span class='ocrx_word' id='word_1_649' title='bbox 1545 4665 1665 4719; x_wconf 88' lang='lat' dir='ltr'><strong>aliis</strong></span> <span class='ocrx_word' id='word_1_650' title='bbox 1686 4663 1968 4733; x_wconf 89' lang='lat' dir='ltr'><strong>apostolis,</strong></span> <span class='ocrx_word' id='word_1_651' title='bbox 1992 4663 2117 4733; x_wconf 87' lang='lat' dir='ltr'><strong>quia</strong></span> 
     </span>
    </p>
   </div>
   <div class='ocr_carea' id='block_1_54' title="bbox 540 4756 2122 4829">
    <p class='ocr_par' dir='ltr' id='par_1_54' title="bbox 540 4756 2122 4829">
     <span class='ocr_line' id='line_1_54' title="bbox 540 4756 2122 4829; baseline -0.002 -18"><span class='ocrx_word' id='word_1_652' title='bbox 540 4774 638 4813; x_wconf 87' lang='lat' dir='ltr'><strong>vos</strong></span> <span class='ocrx_word' id='word_1_653' title='bbox 684 4758 816 4812; x_wconf 86' lang='lat' dir='ltr'><strong>nihil</strong></span> <span class='ocrx_word' id='word_1_654' title='bbox 873 4759 1049 4813; x_wconf 85' lang='lat' dir='ltr'><strong>minus</strong></span> <span class='ocrx_word' id='word_1_655' title='bbox 1098 4759 1308 4814; x_wconf 84' lang='lat' dir='ltr'><strong>habetis</strong></span> <span class='ocrx_word' id='word_1_656' title='bbox 1351 4774 1514 4829; x_wconf 87' lang='lat' dir='ltr'><strong>quam</strong></span> <span class='ocrx_word' id='word_1_657' title='bbox 1561 4757 1678 4811; x_wconf 67' lang='lat' dir='ltr'><strong>aliae</strong></span> <span class='ocrx_word' id='word_1_658' title='bbox 1720 4756 1973 4821; x_wconf 68' lang='lat' dir='ltr'><strong>Ecclesiae</strong></span> <span class='ocrx_word' id='word_1_659' title='bbox 2004 4770 2122 4823; x_wconf 74' lang='lat' dir='ltr'><strong>qua:</strong></span> 
     </span>
    </p>
   </div>
   <div class='ocr_carea' id='block_1_55' title="bbox 540 4845 2119 4920">
    <p class='ocr_par' dir='ltr' id='par_1_55' title="bbox 540 4845 2119 4920">
     <span class='ocr_line' id='line_1_55' title="bbox 540 4845 2119 4920; baseline -0.003 -15"><span class='ocrx_word' id='word_1_660' title='bbox 540 4852 819 4905; x_wconf 64' lang='lat' dir='ltr'><strong>instructae</strong></span> <span class='ocrx_word' id='word_1_661' title='bbox 851 4860 975 4904; x_wconf 90' lang='lat' dir='ltr'><strong>sunt</strong></span> <span class='ocrx_word' id='word_1_662' title='bbox 1020 4851 1087 4905; x_wconf 89' lang='lat' dir='ltr'><strong>ab</strong></span> <span class='ocrx_word' id='word_1_663' title='bbox 1122 4852 1255 4915; x_wconf 83' lang='lat' dir='ltr'><strong>illis;</strong></span> <span class='ocrx_word' id='word_1_664' title='bbox 1297 4845 1484 4920; x_wconf 79' lang='lat' dir='ltr'><strong>quales</strong></span> <span class='ocrx_word' id='word_1_665' title='bbox 1520 4852 1661 4904; x_wconf 87' lang='lat' dir='ltr'><strong>enim</strong></span> <span class='ocrx_word' id='word_1_666' title='bbox 1698 4850 1808 4903; x_wconf 87' lang='lat' dir='ltr'><strong>sint</strong></span> <span class='ocrx_word' id='word_1_667' title='bbox 1852 4848 2119 4916; x_wconf 80' lang='lat' dir='ltr'><strong>magistri,</strong></span> 
     </span>
    </p>
   </div>
   <div class='ocr_carea' id='block_1_56' title="bbox 539 4941 2117 5013">
    <p class='ocr_par' dir='ltr' id='par_1_56' title="bbox 539 4941 2117 5013">
     <span class='ocr_line' id='line_1_56' title="bbox 539 4941 2117 5013; baseline -0.005 -15"><span class='ocrx_word' id='word_1_668' title='bbox 539 4945 770 5013; x_wconf 88' lang='lat' dir='ltr'><strong>probant</strong></span> <span class='ocrx_word' id='word_1_669' title='bbox 799 4943 1242 5012; x_wconf 23' lang='lat' dir='ltr'><strong>discipuli,,sicut</strong></span> <span class='ocrx_word' id='word_1_670' title='bbox 1268 4944 1447 4999; x_wconf 86' lang='lat' dir='ltr'><strong>Omnia</strong></span> <span class='ocrx_word' id='word_1_671' title='bbox 1475 4958 1594 5013; x_wconf 70' lang='lat' dir='ltr'><strong>qua:</strong></span> <span class='ocrx_word' id='word_1_672' title='bbox 1628 4941 1743 4995; x_wconf 85' lang='lat' dir='ltr'><strong>sine</strong></span> <span class='ocrx_word' id='word_1_673' title='bbox 1776 4956 1834 4994; x_wconf 86' lang='lat' dir='ltr'><strong>se</strong></span> <span class='ocrx_word' id='word_1_674' title='bbox 1863 4954 1981 4994; x_wconf 87' lang='lat' dir='ltr'><strong>esse</strong></span> <span class='ocrx_word' id='word_1_675' title='bbox 2008 4952 2117 4991; x_wconf 89' lang='lat' dir='ltr'><strong>non</strong></span> 
     </span>
    </p>
   </div>
   <div class='ocr_carea' id='block_1_57' title="bbox 541 5046 782 5106">
    <p class='ocr_par' dir='ltr' id='par_1_57' title="bbox 541 5046 782 5106">
     <span class='ocr_line' id='line_1_57' title="bbox 541 5046 782 5106; baseline 0.017 -18"><span class='ocrx_word' id='word_1_676' title='bbox 541 5046 782 5106; x_wconf 85' lang='lat' dir='ltr'><strong>possunt.</strong></span> 
     </span>
    </p>
   </div>
   <div class='ocr_carea' id='block_1_58' title="bbox 612 5122 2124 5195">
    <p class='ocr_par' dir='ltr' id='par_1_58' title="bbox 612 5122 2124 5195">
     <span class='ocr_line' id='line_1_58' title="bbox 612 5122 2124 5195; baseline -0.005 -11"><span class='ocrx_word' id='word_1_677' title='bbox 612 5131 699 5185; x_wconf 81' lang='grc'><strong>15.</strong></span> <span class='ocrx_word' id='word_1_678' title='bbox 741 5132 977 5185; x_wconf 78' lang='lat' dir='ltr'><strong>Aunnos.</strong></span> <span class='ocrx_word' id='word_1_679' title='bbox 1022 5128 1161 5195; x_wconf 84' lang='lat' dir='ltr'><strong>Quid</strong></span> <span class='ocrx_word' id='word_1_680' title='bbox 1196 5138 1270 5183; x_wconf 85' lang='lat' dir='ltr'><strong>est</strong></span> <span class='ocrx_word' id='word_1_681' title='bbox 1313 5129 1470 5183; x_wconf 83' lang='lat' dir='ltr'><strong>enim.</strong></span> <span class='ocrx_word' id='word_1_682' title='bbox 1516 5126 1764 5180; x_wconf 87' lang='lat' dir='ltr'><strong>Ostendit</strong></span> <span class='ocrx_word' id='word_1_683' title='bbox 1796 5140 1901 5179; x_wconf 92' lang='lat' dir='ltr'><strong>non</strong></span> <span class='ocrx_word' id='word_1_684' title='bbox 1947 5122 2124 5177; x_wconf 87' lang='lat' dir='ltr'><strong>minus</strong></span> 
     </span>
    </p>
   </div>
   <div class='ocr_carea' id='block_1_59' title="bbox 543 5214 2120 5294">
    <p class='ocr_par' dir='ltr' id='par_1_59' title="bbox 543 5214 2120 5294">
     <span class='ocr_line' id='line_1_59' title="bbox 543 5214 2120 5294; baseline -0.004 -19"><span class='ocrx_word' id='word_1_685' title='bbox 543 5214 684 5287; x_wconf 74' lang='lat' dir='ltr'><strong>illos,</strong></span> <span class='ocrx_word' id='word_1_686' title='bbox 736 5225 829 5278; x_wconf 90' lang='lat' dir='ltr'><strong>sed</strong></span> <span class='ocrx_word' id='word_1_687' title='bbox 881 5222 1134 5294; x_wconf 71' lang='lat' dir='ltr'><strong>amplius,</strong></span> <span class='ocrx_word' id='word_1_688' title='bbox 1189 5224 1332 5293; x_wconf 85' lang='lat' dir='ltr'><strong>quod</strong></span> <span class='ocrx_word' id='word_1_689' title='bbox 1392 5222 1560 5292; x_wconf 82' lang='lat' dir='ltr'><strong>gratis</strong></span> <span class='ocrx_word' id='word_1_690' title='bbox 1610 5220 1716 5273; x_wconf 87' lang='lat' dir='ltr'><strong>illis</strong></span> <span class='ocrx_word' id='word_1_691' title='bbox 1770 5217 2120 5285; x_wconf 77' lang='lat' dir='ltr'><strong>Evangelitru</strong></span> 
     </span>
    </p>
   </div>
   <div class='ocr_carea' id='block_1_60' title="bbox 544 5311 2123 5384">
    <p class='ocr_par' dir='ltr' id='par_1_60' title="bbox 544 5311 2123 5384">
     <span class='ocr_line' id='line_1_60' title="bbox 544 5311 2123 5384; baseline -0.004 -19"><span class='ocrx_word' id='word_1_692' title='bbox 544 5316 919 5384; x_wconf 62' lang='lat' dir='ltr'><strong>prmdicaverit</strong></span> <span class='ocrx_word' id='word_1_693' title='bbox 971 5315 1114 5384; x_wconf 89' lang='lat' dir='ltr'><strong>quod</strong></span> <span class='ocrx_word' id='word_1_694' title='bbox 1167 5312 1438 5367; x_wconf 87' lang='lat' dir='ltr'><strong>nonnullis</strong></span> <span class='ocrx_word' id='word_1_695' title='bbox 1489 5311 1747 5366; x_wconf 85' lang='lat' dir='ltr'><strong>Ecclesiis</strong></span> <span class='ocrx_word' id='word_1_696' title='bbox 1800 5322 2123 5362; x_wconf 85' lang='lat' dir='ltr'><strong>concessqu</strong></span> 
     </span>
    </p>
   </div>
   <div class='ocr_carea' id='block_1_61' title="bbox 547 5397 2127 5473">
    <p class='ocr_par' dir='ltr' id='par_1_61' title="bbox 547 5397 2127 5473">
     <span class='ocr_line' id='line_1_61' title="bbox 547 5397 2127 5473; baseline -0.004 -18"><span class='ocrx_word' id='word_1_697' title='bbox 547 5413 657 5465; x_wconf 77' lang='grc' dir='ltr'><strong>ρει,</strong></span> <span class='ocrx_word' id='word_1_698' title='bbox 683 5404 897 5458; x_wconf 84' lang='lat' dir='ltr'><strong>dicente</strong></span> <span class='ocrx_word' id='word_1_699' title='bbox 942 5404 1169 5459; x_wconf 85' lang='lat' dir='ltr'><strong>Domino</strong></span> <span class='ocrx_word' id='word_1_700' title='bbox 1206 5422 1218 5457; x_wconf 93' lang='lat'><strong>:</strong></span> <span class='ocrx_word' id='word_1_701' title='bbox 1253 5402 1455 5473; x_wconf 84' lang='lat' dir='ltr'><strong>Dignus</strong></span> <span class='ocrx_word' id='word_1_702' title='bbox 1486 5411 1559 5455; x_wconf 88' lang='lat' dir='ltr'><strong>est</strong></span> <span class='ocrx_word' id='word_1_703' title='bbox 1598 5401 1866 5470; x_wconf 81' lang='lat' dir='ltr'><strong>operarius</strong></span> <span class='ocrx_word' id='word_1_704' title='bbox 1894 5397 2127 5453; x_wconf 83' lang='lat' dir='ltr'><strong>mercede</strong></span> 
     </span>
    </p>
   </div>
   <div class='ocr_carea' id='block_1_62' title="bbox 551 5510 671 5546">
    <p class='ocr_par' dir='ltr' id='par_1_62' title="bbox 551 5510 671 5546">
     <span class='ocr_line' id='line_1_62' title="bbox 551 5510 671 5546; baseline -0.017 0"><span class='ocrx_word' id='word_1_705' title='bbox 551 5510 671 5546; x_wconf 80' lang='lat' dir='ltr'><strong>sua.</strong></span> 
     </span>
    </p>
   </div>
   <div class='ocr_carea' id='block_1_63' title="bbox 622 5582 2126 5643">
    <p class='ocr_par' dir='ltr' id='par_1_63' title="bbox 622 5582 2126 5643">
     <span class='ocr_line' id='line_1_63' title="bbox 622 5582 2126 5643; baseline -0.001 -6"><span class='ocrx_word' id='word_1_706' title='bbox 622 5584 689 5638; x_wconf 78' lang='grc'><strong>16</strong></span> <span class='ocrx_word' id='word_1_707' title='bbox 752 5584 953 5642; x_wconf 88' lang='lat' dir='ltr'><strong>Donate</strong></span> <span class='ocrx_word' id='word_1_708' title='bbox 1004 5591 1131 5643; x_wconf 82' lang='lat' dir='ltr'><strong>mihi</strong></span> <span class='ocrx_word' id='word_1_709' title='bbox 1177 5592 1331 5643; x_wconf 71' lang='lat' dir='ltr'><strong>hanc.</strong></span> <span class='ocrx_word' id='word_1_710' title='bbox 1385 5586 1573 5643; x_wconf 88' lang='lat' dir='ltr'><strong>Omnis</strong></span> <span class='ocrx_word' id='word_1_711' title='bbox 1623 5584 1817 5640; x_wconf 70' lang='lat' dir='ltr'><strong>Stultus</strong></span> <span class='ocrx_word' id='word_1_712' title='bbox 1866 5582 1993 5637; x_wconf 85' lang='lat' dir='ltr'><strong>boni</strong></span> <span class='ocrx_word' id='word_1_713' title='bbox 2043 5588 2126 5636; x_wconf 85' lang='lat' dir='ltr'><strong>est</strong></span> 
     </span>
    </p>
   </div>
   <div class='ocr_carea' id='block_1_64' title="bbox 551 5676 2120 5753">
    <p class='ocr_par' dir='ltr' id='par_1_64' title="bbox 551 5676 2120 5753">
     <span class='ocr_line' id='line_1_64' title="bbox 551 5676 2120 5753; baseline -0.002 -20"><span class='ocrx_word' id='word_1_714' title='bbox 551 5687 853 5735; x_wconf 86' lang='lat' dir='ltr'><strong>accusator.</strong></span> <span class='ocrx_word' id='word_1_715' title='bbox 892 5680 959 5735; x_wconf 89' lang='lat' dir='ltr'><strong>Ut</strong></span> <span class='ocrx_word' id='word_1_716' title='bbox 1002 5681 1099 5735; x_wconf 89' lang='lat' dir='ltr'><strong>hos</strong></span> <span class='ocrx_word' id='word_1_717' title='bbox 1126 5698 1253 5753; x_wconf 85' lang='lat' dir='ltr'><strong>ergo</strong></span> <span class='ocrx_word' id='word_1_718' title='bbox 1296 5682 1573 5753; x_wconf 88' lang='lat' dir='ltr'><strong>imperitos</strong></span> <span class='ocrx_word' id='word_1_719' title='bbox 1602 5676 1874 5740; x_wconf 85' lang='lat' dir='ltr'><strong>ostendat,</strong></span> <span class='ocrx_word' id='word_1_720' title='bbox 1908 5676 2120 5731; x_wconf 88' lang='lat' dir='ltr'><strong>veniam</strong></span> 
     </span>
    </p>
   </div>
   <div class='ocr_carea' id='block_1_65' title="bbox 554 5768 2049 5844">
    <p class='ocr_par' dir='ltr' id='par_1_65' title="bbox 554 5768 2049 5844">
     <span class='ocr_line' id='line_1_65' title="bbox 554 5768 2049 5844; baseline -0.004 -17"><span class='ocrx_word' id='word_1_721' title='bbox 554 5774 623 5827; x_wconf 87' lang='lat' dir='ltr'><strong>ab</strong></span> <span class='ocrx_word' id='word_1_722' title='bbox 648 5774 725 5828; x_wconf 84' lang='lat' dir='ltr'><strong>eis</strong></span> <span class='ocrx_word' id='word_1_723' title='bbox 753 5774 987 5844; x_wconf 87' lang='lat' dir='ltr'><strong>postulat</strong></span> <span class='ocrx_word' id='word_1_724' title='bbox 1016 5773 1129 5844; x_wconf 68' lang='lat' dir='ltr'><strong>rjus</strong></span> <span class='ocrx_word' id='word_1_725' title='bbox 1161 5774 1285 5829; x_wconf 76' lang='lat' dir='ltr'><strong>furti</strong></span> <span class='ocrx_word' id='word_1_726' title='bbox 1316 5775 1380 5829; x_wconf 88' lang='lat' dir='ltr'><strong>de</strong></span> <span class='ocrx_word' id='word_1_727' title='bbox 1409 5788 1515 5844; x_wconf 83' lang='lat' dir='ltr'><strong>quo</strong></span> <span class='ocrx_word' id='word_1_728' title='bbox 1543 5771 1701 5827; x_wconf 86' lang='lat' dir='ltr'><strong>laude</strong></span> <span class='ocrx_word' id='word_1_729' title='bbox 1731 5768 1921 5842; x_wconf 81' lang='lat' dir='ltr'><strong>dignus</strong></span> <span class='ocrx_word' id='word_1_730' title='bbox 1948 5776 2049 5825; x_wconf 86' lang='lat' dir='ltr'><strong>cst.</strong></span> 
     </span>
    </p>
   </div>
   <div class='ocr_carea' id='block_1_66' title="bbox 2221 4395 2490 4457">
    <p class='ocr_par' dir='ltr' id='par_1_66' title="bbox 2221 4395 2490 4457">
     <span class='ocr_line' id='line_1_66' title="bbox 2221 4395 2490 4457; baseline 0 -18"><span class='ocrx_word' id='word_1_731' title='bbox 2221 4395 2490 4457; x_wconf 77' lang='lat' dir='ltr'><strong>paratum.</strong></span> 
     </span>
    </p>
   </div>
   <div class='ocr_carea' id='block_1_67' title="bbox 2288 4460 3740 4549">
    <p class='ocr_par' dir='ltr' id='par_1_67' title="bbox 2288 4460 3740 4549">
     <span class='ocr_line' id='line_1_67' title="bbox 2288 4460 3740 4549; baseline -0.017 -12"><span class='ocrx_word' id='word_1_732' title='bbox 2288 4483 2377 4537; x_wconf 71' lang='grc'><strong>21.</strong></span> <span class='ocrx_word' id='word_1_733' title='bbox 2419 4482 2617 4535; x_wconf 63' lang='lat' dir='ltr'><strong>Lauta.</strong></span> <span class='ocrx_word' id='word_1_734' title='bbox 2653 4480 2907 4549; x_wconf 84' lang='lat' dir='ltr'><strong>Nunquid</strong></span> <span class='ocrx_word' id='word_1_735' title='bbox 2944 4496 3033 4549; x_wconf 84' lang='lat' dir='ltr'><strong>per</strong></span> <span class='ocrx_word' id='word_1_736' title='bbox 3058 4476 3305 4549; x_wconf 87' lang='lat' dir='ltr'><strong>aliquem.</strong></span> <span class='ocrx_word' id='word_1_737' title='bbox 3336 4473 3415 4529; x_wconf 85' lang='lat' dir='ltr'><strong>Ne</strong></span> <span class='ocrx_word' id='word_1_738' title='bbox 3459 4467 3571 4535; x_wconf 85' lang='lat' dir='ltr'><strong>quis</strong></span> <span class='ocrx_word' id='word_1_739' title='bbox 3594 4460 3740 4514; x_wconf 54' lang='lat' dir='ltr'><strong>dicit“</strong></span> 
     </span>
    </p>
   </div>
   <div class='ocr_carea' id='block_1_68' title="bbox 2221 4548 3745 4641">
    <p class='ocr_par' dir='ltr' id='par_1_68' title="bbox 2221 4548 3745 4641">
     <span class='ocr_line' id='line_1_68' title="bbox 2221 4548 3745 4641; baseline -0.018 -15"><span class='ocrx_word' id='word_1_740' title='bbox 2221 4572 2299 4626; x_wconf 87' lang='lat' dir='ltr'><strong>Tu</strong></span> <span class='ocrx_word' id='word_1_741' title='bbox 2331 4570 2546 4641; x_wconf 89' lang='lat' dir='ltr'><strong>quidem</strong></span> <span class='ocrx_word' id='word_1_742' title='bbox 2589 4576 2755 4638; x_wconf 88' lang='lat' dir='ltr'><strong>perte</strong></span> <span class='ocrx_word' id='word_1_743' title='bbox 2789 4548 2892 4621; x_wconf 86' lang='lat' dir='ltr'><strong>non</strong></span> <span class='ocrx_word' id='word_1_744' title='bbox 2923 4548 3159 4636; x_wconf 71' lang='lat' dir='ltr'><strong>gravasti</strong></span> <span class='ocrx_word' id='word_1_745' title='bbox 3202 4578 3323 4629; x_wconf 82' lang='lat' dir='ltr'><strong>nos,</strong></span> <span class='ocrx_word' id='word_1_746' title='bbox 3357 4558 3448 4614; x_wconf 89' lang='lat' dir='ltr'><strong>sed</strong></span> <span class='ocrx_word' id='word_1_747' title='bbox 3478 4548 3649 4609; x_wconf 79' lang='lat' dir='ltr'><strong>callide</strong></span> <span class='ocrx_word' id='word_1_748' title='bbox 3677 4551 3745 4610; x_wconf 59' lang='lat' dir='ltr'><strong>p9?</strong></span> 
     </span>
    </p>
   </div>
   <div class='ocr_carea' id='block_1_69' title="bbox 2226 4659 2804 4725">
    <p class='ocr_par' dir='ltr' id='par_1_69' title="bbox 2226 4659 2804 4725">
     <span class='ocr_line' id='line_1_69' title="bbox 2226 4659 2804 4725; baseline -0.005 -10"><span class='ocrx_word' id='word_1_749' title='bbox 2226 4672 2367 4725; x_wconf 86' lang='lat' dir='ltr'><strong>tuos,</strong></span> <span class='ocrx_word' id='word_1_750' title='bbox 2411 4659 2513 4713; x_wconf 92' lang='lat' dir='ltr'><strong>hoc</strong></span> <span class='ocrx_word' id='word_1_751' title='bbox 2545 4667 2804 4713; x_wconf 79' lang='lat' dir='ltr'><strong>removet.</strong></span> 
     </span>
    </p>
   </div>
   <div class='ocr_carea' id='block_1_70' title="bbox 2290 4713 3743 4820">
    <p class='ocr_par' dir='ltr' id='par_1_70' title="bbox 2290 4713 3743 4820">
     <span class='ocr_line' id='line_1_70' title="bbox 2290 4713 3743 4820; baseline -0.03 1"><span class='ocrx_word' id='word_1_752' title='bbox 2290 4713 2381 4805; x_wconf 46' lang='lat'><strong>22&#39;-</strong></span> <span class='ocrx_word' id='word_1_753' title='bbox 2424 4750 2564 4816; x_wconf 75' lang='lat' dir='ltr'><strong>Quos</strong></span> <span class='ocrx_word' id='word_1_754' title='bbox 2590 4750 2709 4802; x_wconf 85' lang='lat' dir='ltr'><strong>misi</strong></span> <span class='ocrx_word' id='word_1_755' title='bbox 2734 4749 2804 4801; x_wconf 85' lang='lat' dir='ltr'><strong>ad</strong></span> <span class='ocrx_word' id='word_1_756' title='bbox 2830 4764 2935 4803; x_wconf 84' lang='lat' dir='ltr'><strong>vos.</strong></span> <span class='ocrx_word' id='word_1_757' title='bbox 2965 4745 3064 4799; x_wconf 85' lang='lat' dir='ltr'><strong>Per</strong></span> <span class='ocrx_word' id='word_1_758' title='bbox 3097 4742 3326 4806; x_wconf 88' lang='lat' dir='ltr'><strong>nullum,</strong></span> <span class='ocrx_word' id='word_1_759' title='bbox 3354 4736 3539 4807; x_wconf 84' lang='lat' dir='ltr'><strong>inquit,</strong></span> <span class='ocrx_word' id='word_1_760' title='bbox 3562 4736 3675 4820; x_wconf 60' lang='lat' dir='ltr'><strong>quos</strong></span> <span class='ocrx_word' id='word_1_761' title='bbox 3698 4713 3743 4767; x_wconf 58' lang='grc' dir='ltr'><strong>Μ</strong></span> 
     </span>
    </p>
   </div>
   <div class='ocr_carea' id='block_1_71' title="bbox 2224 4814 3741 4913">
    <p class='ocr_par' dir='ltr' id='par_1_71' title="bbox 2224 4814 3741 4913">
     <span class='ocr_line' id='line_1_71' title="bbox 2224 4814 3741 4913; baseline -0.017 -18"><span class='ocrx_word' id='word_1_762' title='bbox 2224 4856 2320 4894; x_wconf 87' lang='lat' dir='ltr'><strong>vos</strong></span> <span class='ocrx_word' id='word_1_763' title='bbox 2372 4839 2606 4893; x_wconf 74' lang='lat' dir='ltr'><strong>miserim</strong></span> <span class='ocrx_word' id='word_1_764' title='bbox 2657 4838 2842 4907; x_wconf 66' lang='grc' dir='ltr'><strong>(ἔθουῃὶ</strong></span> <span class='ocrx_word' id='word_1_765' title='bbox 2892 4851 3014 4896; x_wconf 85' lang='lat' dir='ltr'><strong>vos;</strong></span> <span class='ocrx_word' id='word_1_766' title='bbox 3068 4833 3193 4901; x_wconf 89' lang='lat' dir='ltr'><strong>quia</strong></span> <span class='ocrx_word' id='word_1_767' title='bbox 3249 4844 3421 4897; x_wconf 72' lang='lat' dir='ltr'><strong>ncque</strong></span> <span class='ocrx_word' id='word_1_768' title='bbox 3456 4837 3546 4893; x_wconf 83' lang='lat' dir='ltr'><strong>per</strong></span> <span class='ocrx_word' id='word_1_769' title='bbox 3585 4814 3741 4913; x_wconf 61' lang='lat' dir='ltr'><strong>Ttitlnlv</strong></span> 
     </span>
    </p>
   </div>
   <div class='ocr_carea' id='block_1_72' title="bbox 2225 4903 3741 5003">
    <p class='ocr_par' dir='ltr' id='par_1_72' title="bbox 2225 4903 3741 5003">
     <span class='ocr_line' id='line_1_72' title="bbox 2225 4903 3741 5003; baseline -0.027 -15"><span class='ocrx_word' id='word_1_770' title='bbox 2225 4948 2399 5003; x_wconf 87' lang='lat' dir='ltr'><strong>neque</strong></span> <span class='ocrx_word' id='word_1_771' title='bbox 2442 4948 2537 5002; x_wconf 83' lang='lat' dir='ltr'><strong>per</strong></span> <span class='ocrx_word' id='word_1_772' title='bbox 2572 4903 2897 4993; x_wconf 73' lang='lat' dir='ltr'><strong>Barnaham,</strong></span> <span class='ocrx_word' id='word_1_773' title='bbox 2946 4944 3123 4997; x_wconf 66' lang='lat' dir='ltr'><strong>neque</strong></span> <span class='ocrx_word' id='word_1_774' title='bbox 3169 4942 3268 4999; x_wconf 81' lang='lat' dir='ltr'><strong>per</strong></span> <span class='ocrx_word' id='word_1_775' title='bbox 3307 4918 3585 4996; x_wconf 85' lang='lat' dir='ltr'><strong>quemlibet</strong></span> <span class='ocrx_word' id='word_1_776' title='bbox 3617 4903 3741 5003; x_wconf 59' lang='lat' dir='ltr'><strong>alinnt</strong></span> 
     </span>
    </p>
   </div>
   <div class='ocr_carea' id='block_1_73' title="bbox 2226 4985 3742 5093">
    <p class='ocr_par' dir='ltr' id='par_1_73' title="bbox 2226 4985 3742 5093">
     <span class='ocr_line' id='line_1_73' title="bbox 2226 4985 3742 5093; baseline -0.011 -15"><span class='ocrx_word' id='word_1_777' title='bbox 2226 5025 2410 5093; x_wconf 80' lang='lat' dir='ltr'><strong>decepi</strong></span> <span class='ocrx_word' id='word_1_778' title='bbox 2442 5039 2556 5088; x_wconf 83' lang='lat' dir='ltr'><strong>vos,</strong></span> <span class='ocrx_word' id='word_1_779' title='bbox 2603 5029 2725 5076; x_wconf 78' lang='lat' dir='ltr'><strong>nam</strong></span> <span class='ocrx_word' id='word_1_780' title='bbox 2760 5037 2972 5091; x_wconf 87' lang='lat' dir='ltr'><strong>semper</strong></span> <span class='ocrx_word' id='word_1_781' title='bbox 3010 5022 3148 5073; x_wconf 77' lang='lat' dir='ltr'><strong>idem</strong></span> <span class='ocrx_word' id='word_1_782' title='bbox 3190 5017 3289 5083; x_wconf 89' lang='lat' dir='ltr'><strong>fui,</strong></span> <span class='ocrx_word' id='word_1_783' title='bbox 3321 5028 3373 5070; x_wconf 87' lang='lat' dir='ltr'><strong>et</strong></span> <span class='ocrx_word' id='word_1_784' title='bbox 3408 5013 3505 5068; x_wconf 84' lang='lat' dir='ltr'><strong>hoc</strong></span> <span class='ocrx_word' id='word_1_785' title='bbox 3544 5008 3615 5057; x_wconf 84' lang='lat' dir='ltr'><strong>est</strong></span> <span class='ocrx_word' id='word_1_786' title='bbox 3637 4985 3742 5063; x_wconf 63' lang='lat' dir='ltr'><strong>qm&quot;</strong></span> 
     </span>
    </p>
   </div>
   <div class='ocr_carea' id='block_1_74' title="bbox 2224 5096 3575 5185">
    <p class='ocr_par' dir='ltr' id='par_1_74' title="bbox 2224 5096 3575 5185">
     <span class='ocr_line' id='line_1_74' title="bbox 2224 5096 3575 5185; baseline -0.012 -11"><span class='ocrx_word' id='word_1_787' title='bbox 2224 5122 2371 5182; x_wconf 87' lang='lat' dir='ltr'><strong>dicit,</strong></span> <span class='ocrx_word' id='word_1_788' title='bbox 2403 5118 2587 5184; x_wconf 78' lang='lat' dir='ltr'><strong>Nonne</strong></span> <span class='ocrx_word' id='word_1_789' title='bbox 2609 5118 2794 5171; x_wconf 86' lang='lat' dir='ltr'><strong>eodem</strong></span> <span class='ocrx_word' id='word_1_790' title='bbox 2826 5113 3052 5185; x_wconf 81' lang='lat' dir='ltr'><strong>Spiritu?</strong></span> <span class='ocrx_word' id='word_1_791' title='bbox 3078 5122 3185 5165; x_wconf 82' lang='lat' dir='ltr'><strong>etc.</strong></span> <span class='ocrx_word' id='word_1_792' title='bbox 3572 5096 3575 5099; x_wconf 25' lang='grc' dir='ltr'><strong>λ</strong></span> 
     </span>
    </p>
   </div>
   <div class='ocr_carea' id='block_1_75' title="bbox 2298 5162 3739 5274">
    <p class='ocr_par' dir='ltr' id='par_1_75' title="bbox 2298 5162 3739 5274">
     <span class='ocr_line' id='line_1_75' title="bbox 2298 5162 3586 5193; baseline -0.029 -17"><span class='ocrx_word' id='word_1_793' title='bbox 2298 5162 2371 5182; x_wconf 83' lang='grc'><strong>...,</strong></span> <span class='ocrx_word' id='word_1_794' title='bbox 2611 5162 2794 5171; x_wconf 49' lang='lat' dir='ltr'><strong>ww,&quot;</strong></span> <span class='ocrx_word' id='word_1_795' title='bbox 2826 5162 3045 5185; x_wconf 18' lang='lat' dir='ltr'>_r____,__</span> <span class='ocrx_word' id='word_1_796' title='bbox 3576 5182 3586 5193; x_wconf 43' lang='lat'><strong>.</strong></span> 
     </span>
     <span class='ocr_line' id='line_1_76' title="bbox 2298 5162 3739 5274; baseline -0.028 -8"><span class='ocrx_word' id='word_1_797' title='bbox 2298 5211 2389 5266; x_wconf 73' lang='lat'><strong>‘25.</strong></span> <span class='ocrx_word' id='word_1_798' title='bbox 2445 5209 2621 5262; x_wconf 86' lang='lat' dir='ltr'><strong>Timeo</strong></span> <span class='ocrx_word' id='word_1_799' title='bbox 2678 5208 2814 5261; x_wconf 89' lang='lat' dir='ltr'><strong>enim</strong></span> <span class='ocrx_word' id='word_1_800' title='bbox 2872 5222 2934 5259; x_wconf 91' lang='lat' dir='ltr'><strong>ne</strong></span> <span class='ocrx_word' id='word_1_801' title='bbox 3003 5204 3154 5274; x_wconf 76' lang='lat' dir='ltr'><strong>forte.</strong></span> <span class='ocrx_word' id='word_1_802' title='bbox 3223 5199 3451 5254; x_wconf 83' lang='lat' dir='ltr'><strong>Facilius</strong></span> <span class='ocrx_word' id='word_1_803' title='bbox 3512 5194 3635 5274; x_wconf 51' lang='lat' dir='ltr'><strong>enim</strong></span> <span class='ocrx_word' id='word_1_804' title='bbox 3693 5162 3739 5274; x_wconf 33' lang='grc' dir='ltr'><strong>δέ)</strong></span> 
     </span>
    </p>
   </div>
   <div class='ocr_carea' id='block_1_76' title="bbox 2231 5263 3738 5367">
    <p class='ocr_par' dir='ltr' id='par_1_76' title="bbox 2231 5263 3738 5367">
     <span class='ocr_line' id='line_1_77' title="bbox 2231 5263 3738 5367; baseline -0.012 -13"><span class='ocrx_word' id='word_1_805' title='bbox 2231 5300 2388 5355; x_wconf 80' lang='lat' dir='ltr'><strong>ﬁdem</strong></span> <span class='ocrx_word' id='word_1_806' title='bbox 2430 5300 2740 5362; x_wconf 87' lang='lat' dir='ltr'><strong>veniebant,</strong></span> <span class='ocrx_word' id='word_1_807' title='bbox 2787 5296 2928 5367; x_wconf 85' lang='lat' dir='ltr'><strong>quod</strong></span> <span class='ocrx_word' id='word_1_808' title='bbox 2974 5297 3042 5347; x_wconf 88' lang='lat' dir='ltr'><strong>ab</strong></span> <span class='ocrx_word' id='word_1_809' title='bbox 3084 5295 3163 5347; x_wconf 88' lang='lat' dir='ltr'><strong>eis</strong></span> <span class='ocrx_word' id='word_1_810' title='bbox 3202 5290 3349 5347; x_wconf 87' lang='lat' dir='ltr'><strong>nihil</strong></span> <span class='ocrx_word' id='word_1_811' title='bbox 3390 5263 3738 5367; x_wconf 42' lang='lat' dir='ltr'><strong>accipielﬂl&#39;f‘:</strong></span> 
     </span>
    </p>
   </div>
   <div class='ocr_carea' id='block_1_77' title="bbox 2228 5355 3739 5462">
    <p class='ocr_par' dir='ltr' id='par_1_77' title="bbox 2228 5355 3739 5462">
     <span class='ocr_line' id='line_1_78' title="bbox 2228 5355 3739 5462; baseline -0.022 -13"><span class='ocrx_word' id='word_1_812' title='bbox 2228 5394 2272 5448; x_wconf 86' lang='lat' dir='ltr'><strong>si</strong></span> <span class='ocrx_word' id='word_1_813' title='bbox 2305 5393 2575 5462; x_wconf 87' lang='lat' dir='ltr'><strong>acciperet</strong></span> <span class='ocrx_word' id='word_1_814' title='bbox 2610 5390 2777 5444; x_wconf 86' lang='lat' dir='ltr'><strong>tutius</strong></span> <span class='ocrx_word' id='word_1_815' title='bbox 2807 5355 3123 5459; x_wconf 47' lang='lat' dir='ltr'><strong>&#39;pcccarcnt,</strong></span> <span class='ocrx_word' id='word_1_816' title='bbox 3154 5392 3210 5439; x_wconf 87' lang='lat' dir='ltr'><strong>et</strong></span> <span class='ocrx_word' id='word_1_817' title='bbox 3239 5384 3356 5437; x_wconf 88' lang='lat' dir='ltr'><strong>ideo</strong></span> <span class='ocrx_word' id='word_1_818' title='bbox 3386 5374 3508 5432; x_wconf 84' lang='lat' dir='ltr'><strong>dicit</strong></span> <span class='ocrx_word' id='word_1_819' title='bbox 3542 5382 3554 5419; x_wconf 90' lang='lat'><strong>:</strong></span> <span class='ocrx_word' id='word_1_820' title='bbox 3590 5355 3739 5414; x_wconf 70' lang='grc' dir='ltr'><strong>Τιιιιεθ</strong></span> 
     </span>
    </p>
   </div>
   <div class='ocr_carea' id='block_1_78' title="bbox 2230 5484 2538 5548">
    <p class='ocr_par' dir='ltr' id='par_1_78' title="bbox 2230 5484 2538 5548">
     <span class='ocr_line' id='line_1_79' title="bbox 2230 5484 2538 5548; baseline -0.006 -11"><span class='ocrx_word' id='word_1_821' title='bbox 2230 5484 2399 5548; x_wconf 87' lang='lat' dir='ltr'><strong>enim,</strong></span> <span class='ocrx_word' id='word_1_822' title='bbox 2432 5490 2538 5536; x_wconf 88' lang='lat' dir='ltr'><strong>etc.</strong></span> 
     </span>
    </p>
   </div>
   <div class='ocr_carea' id='block_1_79' title="bbox 2299 5539 3736 5659">
    <p class='ocr_par' dir='ltr' id='par_1_79' title="bbox 2299 5539 3736 5659">
     <span class='ocr_line' id='line_1_80' title="bbox 2299 5539 3736 5659; baseline -0.012 -33"><span class='ocrx_word' id='word_1_823' title='bbox 2299 5574 2388 5627; x_wconf 74' lang='grc'><strong>21.</strong></span> <span class='ocrx_word' id='word_1_824' title='bbox 2438 5573 2675 5627; x_wconf 72' lang='lat' dir='ltr'><strong>Annos.</strong></span> <span class='ocrx_word' id='word_1_825' title='bbox 2712 5570 2790 5626; x_wconf 82' lang='lat' dir='ltr'><strong>Ne</strong></span> <span class='ocrx_word' id='word_1_826' title='bbox 2820 5571 3004 5624; x_wconf 70' lang='lat' dir='ltr'><strong>iterum</strong></span> <span class='ocrx_word' id='word_1_827' title='bbox 3036 5584 3150 5621; x_wconf 89' lang='lat' dir='ltr'><strong>cum</strong></span> <span class='ocrx_word' id='word_1_828' title='bbox 3191 5578 3390 5618; x_wconf 85' lang='lat' dir='ltr'><strong>venero.</strong></span> <span class='ocrx_word' id='word_1_829' title='bbox 3421 5554 3518 5610; x_wconf 85' lang='lat' dir='ltr'><strong>lllts</strong></span> <span class='ocrx_word' id='word_1_830' title='bbox 3555 5539 3736 5659; x_wconf 40' lang='lat' dir='ltr'><strong>penita;</strong></span> 
     </span>
    </p>
   </div>
   <div class='ocr_carea' id='block_1_80' title="bbox 2229 5629 3719 5731">
    <p class='ocr_par' dir='ltr' id='par_1_80' title="bbox 2229 5629 3719 5731">
     <span class='ocr_line' id='line_1_81' title="bbox 2229 5629 3719 5731; baseline -0.023 -10"><span class='ocrx_word' id='word_1_831' title='bbox 2229 5666 2372 5721; x_wconf 87' lang='lat' dir='ltr'><strong>tibus</strong></span> <span class='ocrx_word' id='word_1_832' title='bbox 2398 5681 2456 5720; x_wconf 87' lang='lat' dir='ltr'><strong>se</strong></span> <span class='ocrx_word' id='word_1_833' title='bbox 2482 5665 2752 5720; x_wconf 77' lang='lat' dir='ltr'><strong>humiliari</strong></span> <span class='ocrx_word' id='word_1_834' title='bbox 2799 5664 2951 5727; x_wconf 83' lang='lat' dir='ltr'><strong>dicit,</strong></span> <span class='ocrx_word' id='word_1_835' title='bbox 2989 5661 3113 5731; x_wconf 84' lang='lat' dir='ltr'><strong>quia</strong></span> <span class='ocrx_word' id='word_1_836' title='bbox 3165 5665 3233 5729; x_wconf 83' lang='lat' dir='ltr'><strong>ut</strong></span> <span class='ocrx_word' id='word_1_837' title='bbox 3264 5656 3381 5727; x_wconf 81' lang='lat' dir='ltr'><strong>pius</strong></span> <span class='ocrx_word' id='word_1_838' title='bbox 3423 5652 3559 5718; x_wconf 81' lang='lat' dir='ltr'><strong>pater</strong></span> <span class='ocrx_word' id='word_1_839' title='bbox 3591 5629 3719 5682; x_wconf 68' lang='lat' dir='ltr'><strong>Com&quot;</strong></span> 
     </span>
    </p>
   </div>
   <div class='ocr_carea' id='block_1_81' title="bbox 2235 5756 2626 5831">
    <p class='ocr_par' dir='ltr' id='par_1_81' title="bbox 2235 5756 2626 5831">
     <span class='ocr_line' id='line_1_82' title="bbox 2235 5756 2626 5831; baseline -0.005 -17"><span class='ocrx_word' id='word_1_840' title='bbox 2235 5767 2453 5831; x_wconf 80' lang='lat' dir='ltr'><strong>peccato</strong></span> <span class='ocrx_word' id='word_1_841' title='bbox 2478 5756 2626 5813; x_wconf 82' lang='lat' dir='ltr'><strong>dcﬂcl</strong></span> 
     </span>
    </p>
   </div>
  </div>
