3880 6306
501 261 606 318 259
1453 259 1515 314 B.
1554 257 1944 345 LANFBANCI
1976 258 2349 336 CARTUAR,
2374 259 2717 329 ARCHJZP.
2784 272 2789 279 ‘
2989 272 2995 281 '
3652 252 3745 313 εδδ

498 373 733 453 agendo.
773 371 886 427 Hoc
920 380 974 427 et
1019 373 1177 427 etiam
1205 386 1422 428 oramus
1443 413 1457 439 ,
1484 382 1722 428 vestram
1764 373 2306 453 consummationem,
2337 374 2737 449 perfectionem.
2763 374 2887 431 ideo
2920 375 3036 431 haec
3079 374 3277 431 absens
3303 376 3511 441 scribo,
3559 374 3631 429 ut
3656 390 3745 428 non

496 452 734 541 prarsens
762 452 949 527 durius
977 486 1156 542 agam,
1184 468 1477 525 secundum
1493 479 1815 539 potestatem
1844 470 2188 541 apostolatus,
2216 484 2376 539 quam
2407 469 2839 547 Dominusdedit
2865 470 2995 525 mibi
3024 471 3077 525 in
3102 471 3544 537 :edificationem,
3570 479 3629 525 et
3652 485 3747 526 non

502 567 559 619 in
591 565 1035 621 destructionem.
1068 565 1144 621 De
1175 574 1391 631 caetero,
1419 566 1636 632 fratres,
1664 566 1910 636 gaudete,
1936 564 2160 638 perfecti
2187 573 2382 633 estote,
2425 566 2810 631 exhortamini,
2857 566 2995 621 idem
3025 567 3221 638 sapite,
3253 582 3443 638 pacem
3471 565 3686 630 habete,
3705 575 3750 620 et

499 660 645 716 Deus
672 660 822 732 pacis
845 670 900 716 et
924 661 1232 716 dilectionis
1257 661 1362 716 erit
1390 662 1686 717 vobiscum.
1711 660 1955 735 Salutate
1991 661 2222 718 invicem
2258 660 2315 714 in
2343 660 2528 717 osculo
2567 670 2781 717 sancto.
2808 659 3057 716 Salutant
3099 675 3195 717 vos
3219 658 3409 717 omnes
3439 658 3643 716 sancti.
3672 658 3749 713 16.

497 756 707 822 Gratia,
757 758 1057 826 redemptio,
1098 756 1308 812 Domini
1352 757 1526 812 nostri
1554 755 1679 811 Jesu
1706 755 1930 821 Christi,
1953 766 2009 812 et
2034 755 2273 823 Charitas
2299 754 2420 823 Dei,
2449 756 2660 811 dilectio
2688 754 2787 811 Dei
2814 754 3018 822 Patris,
3061 757 3150 825 qui
3173 756 3316 810 misit
3347 753 3499 808 nobis
3527 750 3752 806 Salvato-

499 869 629 922 rem,
659 862 715 910 et
736 853 1158 909 communicatio
1184 852 1359 907 sancti
1387 852 1620 923 Spiritus
1649 854 1720 908 sit
1744 867 1866 908 cum
1894 852 2342 915 omnibusvobis.
3392 847 3398 853 ’

1266 944 1267 947 “
1849 944 2421 1003 COMMENTARIUS.

574 1060 661 1115 16.
701 1058 881 1115 Gratia
910 1060 1121 1115 Domini
1144 1060 1329 1139 nostri.
1362 1058 1587 1115 Dilectio
1621 1058 1717 1114 Dei
1740 1058 1887 1114 misit
1914 1060 2072 1114 nobis
2099 1050 2148 1110 Α
2178 1058 2430 1130 Spiritus.
2476 1058 2600 1114 Haec
2626 1058 2747 1132 [al.,
2780 1058 2900 1132 Hic]
2926 1059 3068 1115 enim
3097 1057 3325 1114 dilectos
3358 1072 3389 1111 a
3422 1055 3563 1120 Deo,
3591 1061 3647 1110 et
3667 1054 3759 1109 sal-

503 1148 839 1204 Salvatorem
866 1149 1072 1215 Iesum,
1109 1150 1262 1219 cujus
1290 1150 1465 1219 gratia
1492 1149 1682 1204 salvati
1706 1164 1912 1213 sumus,
1936 1160 1991 1206 et
2014 1160 2075 1206 ut
2177 1160 2330 1205 vatos
2376 1166 2406 1205 a
2442 1151 2616 1221 gratia
2650 1150 2854 1207 Christi
2908 1159 3115 1216 tuetur,
3161 1159 3222 1203 ut
3263 1150 3427 1204 trium
3477 1146 3755 1219 perfectii,

500 1239 871 1309 possideamus
920 1239 1061 1294 hanc
1103 1232 1329 1309 gratiam
1379 1237 1513 1295 facit
1563 1239 1980 1296 communicatio
2010 1240 2070 1297 S.
2179 1243 2574 1299 consummatio
2607 1243 2679 1298 sit
2714 1242 2950 1298 hominis
2983 1243 3039 1298 in
3067 1242 3318 1298 salutem.

514 1426 3729 1458 Μ

807 1532 1393 1720 ΕΡΙΞΤΟιΑ
1454 1595 1560 1680 B.
1635 1593 1989 1684 PAULI
2063 1570 2645 1715 APOSTOLI
2729 1594 2880 1682 AD
2952 1594 3469 1685 GALATAS

1168 1783 1350 1846 CUM
1378 1784 1938 1849 INTERIECTIS
1978 1788 2053 1849 B.
2113 1787 2593 1853 LANFRANCI
2629 1790 2700 1886 Gl

1563 1785 1938 1849 ERIECTIS
1978 1788 2053 1849 B.
2113 1787 2593 1853 LANFRANCI
2629 1788 3095 1886 GLOSSULIS.

1927 1955 2246 1973 -ᾟ

587 2030 743 2101 119
768 2032 1397 2098 incensurumcalatze,
1448 2043 1574 2109 sunt
1619 2029 1814 2089 δεῖσθαί.
1856 2034 1919 2091 Hi
1963 2051 2085 2091 ver-
2188 2046 2249 2092 ut
2288 2036 2342 2096 in
2389 2035 2585 2106 Legem
2634 2044 2692 2091 et
2752 2034 3214 2091 circumcisionem
3254 2042 3618 2091 verterentur.
3666 2029 3758 2086 Hos

508 2123 635 2178 bum
670 2124 912 2179 veritatis
936 2126 1167 2193 primum
1199 2128 1266 2179 ab
1291 2126 1547 2196 Apostolo
1599 2135 1946 2195 acceperunt,
1990 2128 2085 2182 sed
2194 2128 2482 2199 Apostolus
2512 2136 2729 2184 revocat
2771 2128 2839 2183 ad
2874 2127 3035 2183 fidem
3082 2127 3346 2193 veritatis,
3393 2127 3640 2182 scribens
3690 2124 3759 2175 eis

509 2224 631 2283 post
675 2214 972 2269 discessum
1021 2215 1157 2299 ejus,
1189 2217 1372 2270 tentati
1404 2226 1530 2272 sunt
1572 2231 1602 2271 a
1637 2215 1785 2272 falsis
1836 2219 2091 2288 apostolis
2198 2222 2267 2275 ab
2302 2219 2532 2290 Epheso.

1862 2411 2092 2469 CAPUT
2130 2410 2424 2469 PRIMUM.

586 2527 637 2581 ι.
655 2524 856 2581 Paulus
881 2523 1168 2595 Apostolus
1195 2523 1252 2589 2,
1278 2523 1336 2590 5,
1366 2523 1422 2579 ι.
1451 2538 1554 2580 non
1585 2526 1654 2580 ab
1693 2526 2025 2593 hominibus,
2049 2526 2113 2581 ab
2140 2526 2261 2581 aliis
2290 2524 2537 2598 apostolis
2566 2526 2777 2593 eiectus,
2803 2539 3085 2597 nequeper
3106 2524 3404 2593 hominem,
3415 2541 3512 2596 per
3534 2527 3627 2579 hos
3645 2522 3754 2577 stis-

510 2636 602 2677 sus
629 2618 704 2674 vel
750 2620 1035 2682 Aminiam,
1076 2618 1154 2672 vel
1199 2618 1466 2673 Christum
1498 2619 1758 2674 hominem
1792 2632 2021 2687 tantum,
2048 2621 2142 2676 sed
2186 2636 2283 2693 per
2306 2621 2490 2678 Jesum
2519 2622 2815 2687 Christum,
2846 2632 2901 2676 et
2931 2621 3099 2676 Deum
3129 2606 3383 2688 Patrem,
3415 2622 3513 2691 qui
3546 2619 3754 2677 suscita—

512 2714 591 2779 vit
618 2728 741 2769 eum
771 2729 802 2768 a
830 2714 1084 2778 mortuis;
1115 2720 1171 2766 et
1193 2714 1283 2779 qui
1315 2728 1532 2767 mecum
1556 2723 1684 2768 sunt
1713 2730 1902 2770 omnes
1928 2715 2143 2779 fratres,
2172 2716 2427 2773 Ecclesiis
2449 2716 2694 2772 Galatize.
2717 2717 2773 2772 5.
2798 2715 2985 2772 Gratia
3016 2716 3166 2772 vobis
3186 2724 3243 2771 et
3266 2732 3373 2786 pax
3408 2732 3439 2770 a
3455 2716 3568 2773 Deo
3589 2715 3751 2776 Patre.

512 2820 568 2864 et
598 2808 825 2864 Domino
856 2818 1042 2863 nostro
1092 2807 1221 2863 Jesu
1265 2807 1506 2874 Christo,
1539 2809 1631 2879 qui
1664 2809 1812 2864 dedit
1856 2812 2205 2881 semetipsum
2236 2812 2585 2882 (commendat
2630 2811 2918 2881 Christum)
2964 2825 3065 2881 pro
3094 2811 3337 2881 peccatis
3372 2810 3599 2876 nostris,
3624 2806 3675 2860 ε.
3698 2813 3751 2857 at

514 2906 755 2975 eriperet
778 2919 875 2958 nos
904 2904 955 2957 7.
984 2904 1051 2959 de
1093 2902 1347 2972 praesenti
1380 2903 1577 2959 saeculo
1606 2920 1860 2975 nequam,
1911 2906 2091 2961 saeculi
2136 2908 2388 2977 nequitia,
2436 2908 2732 2964 secundum
2760 2906 3093 2965 voluntatem
3137 2902 3259 2968 Dei,
3287 2912 3345 2959 et
3372 2903 3557 2959 Patris
3579 2895 3751 2957 nostri.

516 3002 605 3057 cui
626 3009 710 3056 est
738 2999 905 3070 gloria
940 2999 993 3053 in
1044 2997 1242 3053 sazeula
1285 2999 1624 3070 saeculorum,
1674 3003 1867 3057 Amen.
1895 3002 1949 3058 8.
1989 3002 2155 3059 Miror
2191 3003 2349 3074 120
2375 3004 2519 3075 quod
2566 3004 2645 3060 sic
2675 3012 2783 3058 tam
2812 3003 2926 3059 cito
2950 3001 3006 3070 9,
3038 3001 3124 3055 i0.
3150 2994 3554 3054 transferimini
3586 2993 3669 3047 it.
3694 2988 3753 3041 ab

1857 3181 2426 3240 COMMENTARIUS.

593 3348 744 3407 CAP.
793 3350 831 3404 Ι.
878 3381 945 3391 ——-
990 3352 1040 3405 1.
1089 3351 1289 3406 Lassa.
1318 3349 1522 3423 Paulus
1556 3367 1657 3405 non
1689 3351 1752 3404 ab
1775 3351 2095 3417 hominibus,
2129 3346 2172 3422 Β
2202 3354 2331 3409 Deo.
2359 3353 2470 3408 Pax
2494 3362 2673 3410 autem
2699 3368 2807 3426 qua
2839 3349 3255 3408 reconciliantur
3280 3345 3418 3400 Deo.

520 3450 628 3493 etc.
682 3439 738 3494 In
774 3440 897 3493 aliis
934 3439 1188 3509 Epistolis
1236 3441 1359 3495 data
1388 3440 1604 3506 salute,
1631 3440 1812 3494 statim
1852 3441 2038 3510 incipit
2066 3457 2097 3495 a
2272 3446 2326 3501 6.
2366 3450 2606 3502 Annos.
2651 3444 2720 3500 Ut
2755 3446 2997 3516 eriperet.
3039 3434 3314 3497 Liberavit
3355 3451 3456 3491 nos
3476 3431 3752 3489 Christus:

521 3533 819 3601 gratiarum
845 3533 1084 3600 actione;
1118 3533 1205 3588 hic
1225 3542 1405 3589 autem
1441 3547 1572 3600 non,
1598 3547 1774 3602 neque
1797 3530 1940 3589 enim
1967 3532 2100 3589 tales
2202 3538 2484 3607 praesentis
2520 3535 2701 3592 saeculi
2738 3536 2873 3604 vita,
2900 3522 2954 3587 in
2983 3548 3089 3601 qua
3112 3529 3279 3585 multa
3306 3529 3373 3582 de
3404 3526 3512 3580 illis
3532 3538 3643 3593 qum
3666 3533 3753 3573 non

520 3633 699 3691 erant,
731 3620 871 3679 unde
897 3624 1162 3680 redderet.
2202 3627 2615 3692 conveniebant,
2649 3626 2870 3681 fiebant.
2918 3620 3311 3689 Constituitque
3362 3616 3417 3671 in
3466 3630 3561 3684 spe
3590 3611 3756 3666 futura

592 3716 648 3769 2.
689 3717 929 3771 Aunusr.
964 3716 1223 3787 (Exposil.
1266 3717 1451 3789 capitis
1498 3717 1654 3787 primi
1716 3717 1772 3772 in
1819 3715 1994 3786 Epist.
2020 3717 2101 3769 ‘ad
2207 3721 2352 3785 vitae,
2378 3720 2520 3789 quod
2556 3719 2701 3773 nullo
2730 3717 2889 3773 modo
2918 3724 3174 3787 praestare
3197 3710 3354 3767 nobis
3381 3707 3471 3763 lex
3496 3705 3674 3759 valuit.

527 3806 733 3871 Gatat.,
761 3816 893 3861 tom.
913 3808 1024 3878 ιγ).
1054 3806 1177 3862 Non
1207 3809 1269 3861 ab
1300 3809 1616 3863 hominibus.
1649 3808 1751 3876 Qui
1774 3809 1841 3863 ab
1867 3808 2101 3864 homini~
2277 3812 2329 3867 7.
2372 3812 2608 3867 Aucusr.
2642 3811 2844 3882 (ibid.).
2889 3807 2966 3862 De
2996 3804 3236 3877 prwscnti
3279 3800 3496 3856 sa’culo.
3522 3794 3755 3882 Saeculum

528 3902 628 3954 bus
682 3900 937 3965 mittitur,
977 3901 1205 3955 mendax
1236 3910 1347 3966 est;
1381 3901 1471 3970 qui
1512 3916 1607 3972 per
1649 3901 1922 3957 hominem
1954 3900 2133 3973 [add.'
2207 3918 2447 3971 praesens
2477 3903 2770 3973 malignum
2803 3881 3038 3970 propter
3084 3895 3347 3964 malignos
3394 3890 3656 3950 homines,
3683 3881 3757 3953 qui

530 3987 786 4060 mittitur]
810 3984 984 4045 verax
1019 4003 1141 4045 esse
1170 3999 1345 4060 potest
1377 4006 1390 4043 :
1425 3992 1551 4059 quia
1584 3992 1722 4046 Deus
1744 4006 1907 4045 verax
1931 3999 2109 4061 poteSt
2211 3997 2263 4049 in
2294 4009 2358 4048 eo
2396 4002 2545 4059 sunt,
2591 4001 2764 4047 vocat.
2795 3989 2947 4045 Sicut
2987 3986 3275 4056 malignam
3302 3982 3524 4037 domum
3571 3983 3760 4047 propter

530 4099 627 4154 per
676 4083 950 4138 hominem
997 4083 1230 4138 mittere.
1276 4081 1505 4137 Priores
1533 4097 1661 4152 ergo
1693 4084 1916 4153 apostoli
1947 4099 1975 4136 a
2002 4082 2108 4137 Deo
2211 4088 2476 4159 malignos
2506 4087 2873 4141 inhabitantes
2900 4080 3152 4135 dicimus.
3652 4158 3664 4164 _
3730 4154 3740 4164 .

530 4193 627 4249 per
655 4176 927 4230 hominem
961 4175 1111 4230 missi
1157 4185 1302 4241 sunt,
1354 4189 1451 4244 per
1478 4172 1662 4229 Jesum
1698 4174 1907 4231 scilicet
1934 4175 2110 4229 adhuc
2281 4158 2359 4232 8.7
2389 4180 2625 4233 Ansnos.
2672 4174 2840 4227 Miror
2877 4171 3015 4242 quod
3063 4170 3159 4223 sic.
3201 4164 3543 4221 Conveniens
3590 4158 3762 4249 princi-

531 4247 834 4324 mortalem.
876 4264 1210 4324 Novissimus
1253 4267 1542 4339 Apostolus
1566 4283 1661 4337 per
1688 4267 1982 4332 Christum,
1997 4270 2110 4336 jam
2216 4268 2364 4332 pium
2415 4264 2637 4320 novitati
2701 4262 2987 4317 factorum.
3026 4258 3118 4313 Sic
3164 4255 3307 4310 enim
3355 4247 3761 4339 posuitpiniret‘.

530 4369 699 4414 totum
740 4362 924 4424 Deum,
964 4360 1016 4414 id
1040 4370 1144 4424 est,
1176 4333 1321 4414 omni
1349 4372 1413 4413 ex
1441 4333 1590 4429 parte
1612 4333 2114 4412 imuiortalemdSit
2216 4358 2368 4428 quasi
2400 4358 2524 4426 quia
2548 4366 2603 4411 et
2626 4369 2712 4409 res
2742 4352 2960 4415 accidit,
3007 4363 3126 4419 qua:
3151 4358 3427 4414 nunquam
3454 4339 3568 4396 ﬂeri
3604 4333 3765 4391 crede“

533 4467 661 4521 ergo
686 4453 801 4521 ejus
822 4453 1045 4522 aequalis
1067 4454 1363 4507 auctoritas
1388 4451 1440 4505 in
1469 4451 1621 4520 cujus
1646 4451 1906 4505 honorem
1930 4449 2116 4519 implet
2216 4452 2397 4505 batur.
2568 4462 2573 4465 ‘
2812 4460 2813 4463 ‘
2998 4460 3001 4461 '

534 4517 849 4595 clarificatio
891 4517 1145 4607 Domini;
1177 4542 1220 4595 si
1266 4540 1394 4610 quid
1435 4517 1630 4595 haheat
1658 4540 1793 4594 ordo
1830 4517 2112 4607 temporis,
2289 4542 2344 4595 9.
2383 4540 2584 4594 Laure.
2618 4534 3037 4603 Transferimini.
3079 4530 3284 4587 Galatae
3316 4528 3428 4592 isti,
3457 4540 3581 4597 pars
3605 4536 3663 4577 ex
3685 4517 3737 4573 ιιι

536 4632 715 4686 minus
761 4632 898 4696 ideo,
944 4648 1065 4687 cum
1114 4633 1340 4688 dixisset
1389 4642 1435 4686 et
1488 4632 1657 4686 Deum
1683 4671 1698 4699 ,
1746 4630 1952 4686 addidit
1986 4648 1998 4684 :
2030 4624 2118 4703 qui
2221 4636 2370 4700 datis,
2399 4648 2525 4705 pars
2550 4648 2615 4687 ex
2642 4632 2890 4702 gentibus
2921 4630 2988 4683 ad
3016 4627 3174 4681 fidem
3202 4624 3406 4679 Christi
3433 4623 3504 4676 ab
3546 4613 3767 4690 Apostolo

537 4723 804 4776 suscitavit
836 4722 1009 4776 illum.
2141 4722 2186 4785 C
2216 4726 2432 4781 fuerant
2457 4723 2701 4779 conversi
2728 4739 2742 4786 ;
2793 4721 2884 4776 sed
2912 4728 3033 4790 post
3056 4718 3352 4773 discessum
3383 4713 3501 4783 ejus
3540 4710 3768 4766 venerunt

608 4814 662 4868 5.
706 4813 945 4867 Αιωιιοε.
999 4810 1122 4866 Non
1176 4813 1238 4865 ab
1280 4812 1591 4866 hominibus.
1648 4810 1882 4880 ldipsum
1932 4810 2115 4865 dicens
2223 4816 2827 4890 pseudopmdicatores,
2867 4813 2957 4881 qni
2982 4826 3076 4865 eos
3104 4810 3195 4879 qui
3226 4825 3291 4865 ex
3315 4805 3519 4861 iudicis
3551 4798 3764 4859 conversi

540 4903 771 4970 dividit,
821 4912 879 4959 ut
908 4904 1156 4958 ostendat
1200 4903 1314 4973 ipsa
1368 4902 1711 4958 multitudine
1765 4899 2115 4962 narrationis,
2225 4909 2462 4974 fueram,
2498 4904 3054 4977 cogeljantjndaizare
3090 4918 3104 4955 ε
3134 4916 3226 4956 cos
3254 4914 3384 4954 vero
3416 4899 3509 4967 qui
3538 4911 3602 4952 cx
3625 4893 3767 4963 genti-

540 4995 685 5050 nullo
713 4995 870 5050 modo
902 4994 1021 5049 illos
1046 5010 1230 5049 verum
1254 4994 1479 5050 dicere.
2225 5000 2327 5053 hus
2378 4998 2443 5052 ad
2485 4997 2641 5052 ﬁdem
2672 5005 2952 5059 venerant,
3001 4994 3268 5047 elementa
3323 4988 3512 5045 mundi
3558 4986 3766 5040 adorare,

610 5088 663 5141 4.
697 5086 897 5142 Lsurn.
945 5083 1067 5140 Non
1116 5085 1177 5139 ab
1222 5084 1538 5140 hominibus.
1583 5084 1812 5152 Quidam
1859 5085 2119 5156 putabant
2228 5093 2343 5146 dies
2372 5100 2426 5145 υι
2453 5105 2623 5145 annos
2645 5090 2954 5144 observare.

541 5176 689 5230 illum
712 5190 817 5230 non
849 5190 969 5230 esse
994 5173 1306 5244 Apostolum
1336 5172 1560 5228 missum
1590 5189 1619 5227 a
1646 5173 1878 5240 Christo,
1927 5174 2021 5228 sed
2050 5187 2073 5226 a

2299 5183 2386 5236 10.
2422 5181 2663 5235 Αιωιοε.
2708 5176 3130 5246 Transferimini.
3162 5173 3276 5228 Non
3319 5171 3469 5235 dicit,
3503 5161 3769 5223 transduci-

541 5266 660 5320 aliis
687 5264 962 5337 apostolis,
992 5274 1085 5319 aut
1127 5265 1193 5319 ab
1221 5264 1466 5330 Anania;
1511 5264 1611 5319 hoc
1641 5265 1891 5334 abnegat,
1921 5274 1978 5317 ut
2005 5258 2118 5318 ma-
2226 5270 2381 5334 mini,
2424 5274 2517 5326 seu
2567 5268 2976 5331 lransl‘erimini,
3003 5265 3156 5333 quasi
3184 5262 3464 5319 exanimes
3493 5259 3709 5330 aliquos,
3729 5259 3769 5304 ει

537 5356 671 5424 joris
691 5356 1032 5435 auctoritatis
1069 5356 1140 5410 sit
1186 5355 1324 5426 apud
1364 5369 1481 5419 eos,
1518 5356 1715 5425 quibus
1766 5356 1987 5410 verbum
2023 5354 2114 5409 Dei
2225 5362 2317 5432 qui
2345 5362 2510 5416 animi
2541 5369 2745 5416 motum
2767 5374 2873 5414 non
2898 5358 3151 5412 habeant.

544 5449 890 5516 praedicabat.
2296 5454 2380 5506 il.
2411 5452 2485 5505 Ab
2532 5469 2591 5506 eo
2635 5451 2724 5521 qui
2765 5465 2873 5504 vos.
2912 5446 2982 5503 Ut
3028 5463 3133 5502 non
3160 5445 3473 5502 viderentur
3527 5457 3559 5498 a
3586 5438 3770 5498 Cbris|0

617 5539 667 5591 5.
695 5541 926 5595 Ancusr.
957 5538 1152 5612 (ibid).
1184 5538 1365 5593 Gratia
1396 5538 1535 5592 vobis
1566 5548 1611 5591 et
1646 5555 1770 5608 pax.
1804 5536 1985 5591 Gratia
2021 5536 2114 5591 Dei
2225 5551 2436 5597 tantum
2462 5536 2760 5607 discedere,
2792 5538 2988 5609 adjecit
3010 5554 3039 5592 a
3072 5538 3195 5592 Deo.

547 5639 649 5694 cst,
677 5646 780 5701 qua
830 5634 981 5689 nobis
1010 5634 1280 5689 donantur
1317 5640 1562 5703 peccata,
1598 5639 1655 5685 ut
1708 5630 2113 5686 reconcilientur
