3880 6306
162 269 248 325 261
859 264 926 320 ΙΝ
957 265 1019 320 D.
1052 265 1256 323 PAULI
1283 265 1501 322 EPIST.
1531 264 1885 323 COMMENT.
1917 265 2220 321 F—EPIST.
2252 264 2343 322 A‘D
2368 260 2615 323 GALXT.
3253 274 3358 331 ea»;

158 400 229 448 eo,
248 382 331 453 qui
364 394 451 436 vos
473 379 682 434 vocavit
724 379 777 434 in
814 380 1045 451 gratiam
1071 378 1292 444 Christi,
1320 382 1376 434 in
1408 380 1499 444 l2,
1542 380 1630 444 l3,
1666 378 1750 432 14.
1792 378 1937 434 aliud
1987 374 2368 449 Evangelium;
2415 377 2556 448 quod
2613 370 2725 432 non
2767 386 2849 433 est
2879 380 3044 447 aliud,
3077 382 3177 437 nisi
3227 397 3352 439 sunt

158 479 318 550 aliqui,
342 478 561 532 dicentes
587 475 729 531 aliud
759 492 869 531 esse
899 476 1268 547 Evangelium,
1305 477 1387 531 l5.
1413 478 1504 547 qui
1533 493 1627 532 vos
1646 474 1989 543 conturbant,
2029 477 2106 531 vel
2129 477 2193 532 de
2222 475 2524 531 carnalibus
2554 477 2913 541 obseruantiis,
2944 492 3060 545 quia
3091 494 3192 530 non
3229 489 3352 532 sunt

157 574 280 629 aliud
314 571 644 643 spiritualiter
670 572 962 639 intellectis,
994 582 1050 629 et
1095 572 1283 627 volunt
1323 582 1642 629 convertere
1675 572 2022 642 Evangelium
2067 572 2292 627 Christi.
2332 570 2421 627 16.
2452 570 2559 627 Sed
2587 571 2714 627 licet
2751 587 2867 636 nos,
2902 571 2988 626 1⁸7.
3012 581 3104 625 aut
3132 572 3355 642 angelus

156 670 212 737 (si
240 683 317 722 eos
341 668 547 722 dixisset
566 677 789 731 tantum,
826 669 1041 722 invidia:
1086 685 1246 723 causa
1274 669 1534 723 diceretur
1560 669 1775 740 dixisse)
1816 669 1885 724 de
1923 668 2062 724 ccelo
2088 669 2419 741 evangelizet
2445 669 2596 725 vobis
2621 657 2996 739 praeterquam
3023 656 3167 737 quod
3192 683 3357 722 evan-

155 764 466 835 gelizavimus
511 762 684 826 vobis,
716 764 1002 818 anathema
1032 763 1123 818 sit.
1162 763 1316 818 Sicut
1361 765 1731 833 praediximus,
1780 772 1836 819 et
1864 779 2009 818 nunc
2045 764 2243 820 iterum
2273 764 2392 819 dico
2422 781 2435 818 :
2480 764 2536 819 Si
2568 765 2689 835 quis
2720 762 3363 835 vobis'evattgeliZat'erit

155 869 323 931 preter
348 858 399 914 id
435 858 579 928 quod
604 859 912 928 accepistis,
949 861 1238 916 anathema
1278 862 1369 917 sit.
1422 859 1705 916 Prwmittit
1752 861 2355 927 anathematizationem,
2392 872 2450 915 ut
2489 861 2697 931 {acilius
2732 862 2995 916 credatur.
3027 860 3116 925 18,
3151 861 3237 927 19,
3266 861 3363 916 20.

153 952 285 1010 Medo
320 955 457 1010 enim
504 938 603 1009 21.
638 954 947 1009 hominibus
975 956 1196 1023 suadeo,
1228 971 1299 1011 an
1333 955 1476 1011 Deo?
1511 957 1593 1011 An
1620 971 1802 1027 quaero
1832 955 2139 1011 hominibus
2175 955 2421 1024 placere?
2448 964 2521 1033 (ut
2561 956 2779 1026 pseudo,
2815 966 2905 1010 aut
2948 974 3273 1028 persequens,
3304 967 3359 1011 ut

149 1053 306 1119 prius;
328 1049 413 1104 sed
450 1064 577 1115 non,
612 1059 660 1105 et
681 1050 857 1104 subdit
891 1066 1006 1103 cur.
1038 1040 1096 1106 Si
1126 1051 1303 1107 adhuc
1326 1037 1635 1108 hominibus
1659 1051 1944 1121 placerem,
1978 1049 2180 1106 Christi
2206 1064 2397 1106 servus
2421 1064 2527 1104 non
2555 1062 2753 1104 essem.
2779 1050 2868 1103 22.
2890 1048 3082 1104 Notum
3104 1051 3245 1105 enim
3271 1049 3361 1122 [ad

150 1148 230 1200 liae
248 1145 374 1215 quod
398 1145 555 1211 dixit,
581 1160 684 1198 non
714 1145 778 1198 ab
815 1146 1134 1217 hominibus]
1160 1148 1313 1204 vobis
1333 1146 1498 1213 facio,
1525 1147 1746 1212 fratres,
1776 1145 2143 1216 Evangelium,
2171 1145 2315 1215 quod
2343 1146 2771 1214 evangelizatum
2801 1155 2883 1199 est
2910 1161 2941 1199 a
2968 1161 3072 1210 me,
3096 1147 3220 1216 quia
3249 1162 3354 1199 non

150 1242 511 1296 estsecundum
537 1242 827 1308 hominem,
854 1244 1142 1297 humanam
1169 1236 1463 1299 doctrinam
1484 1258 1504 1299 :
1529 1243 1621 1298 25.
1666 1258 1842 1314 neque
1871 1243 2017 1299 enim
2042 1256 2144 1314 ego
2172 1241 2241 1296 ab
2277 1241 2495 1297 homine
2534 1240 2686 1311 quasi
2714 1240 2962 1309 scriptum
2992 1241 3172 1310 accepi
3204 1240 3356 1305 illud,

147 1351 297 1404 neque
345 1336 527 1403 didici,
578 1338 675 1394 sed
726 1354 823 1407 per
866 1339 1249 1395 revelationem
1306 1339 1433 1396 Jesu
1472 1339 1697 1395 Christi.
1734 1339 1826 1405 2-1,
1865 1337 1957 1392 25.
2006 1337 2252 1393 Audistis
2303 1337 2447 1392 enim
2480 1334 2945 1391 conversationem
2996 1334 3149 1404 121
3181 1349 3355 1388 meam

144 1428 399 1500 aliquando
426 1430 483 1486 in
502 1430 775 1501 judaismo
794 1474 810 1499 ,
864 1436 1116 1505 quoniam
1143 1452 1305 1507 supra
1338 1436 1557 1491 modum
1607 1422 1971 1506 persequebar
2001 1434 2300 1490 Ecclesiam
2328 1433 2447 1498 Dei,
2473 1440 2527 1487 et
2552 1432 2925 1503 expugnabam
2957 1428 3125 1494 illam,
3154 1438 3207 1482 et
3235 1443 3364 1499 pro-

145 1529 357 1586 ﬁciebam
386 1532 438 1586 in
469 1523 741 1603 judaismo
780 1531 870 1588 26.
899 1550 1063 1605 supra
1092 1535 1287 1591 multos
1309 1545 1617 1591 comtaueos
1646 1549 1815 1600 meos,
1840 1535 2020 1589 eadem
2050 1541 2220 1595 mtate,
2243 1531 2298 1586 in
2329 1544 2526 1601 genere
2548 1543 2688 1594 meo,
2716 1528 3051 1592 Judmorum,
3084 1527 3362 1582 abundan-

146 1625 231 1680 tius
252 1625 332 1680 27.
358 1616 639 1685 aemulator
666 1633 908 1687 existens
954 1643 1303 1703 paternarum
1345 1634 1586 1687 mearum
1628 1632 1994 1688 traditionum.
2025 1630 2127 1696 28,
2156 1628 2247 1683 29.
2292 1628 2426 1683 Cum
2464 1626 2653 1681 autem
2692 1625 2892 1697 placuit
2921 1624 2969 1677 ei
3010 1623 3100 1695 qui
3145 1637 3231 1677 me
3276 1637 3361 1678 se-

142 1723 347 1791 gregavit
386 1738 451 1778 ex
488 1735 644 1780 utero
677 1728 867 1782 matris
896 1744 1065 1796 mere,
1109 1729 1173 1783 ab
1220 1729 1528 1800 inﬁdelitate
1576 1744 1851 1799 synagoga:
1877 1769 1892 1794 ,
1925 1726 2001 1781 vel
2035 1726 2239 1781 carnali
2281 1720 2574 1795 parentela,
2626 1734 2681 1778 et
2734 1722 2945 1778 vocavit
2992 1736 3089 1790 per
3125 1722 3353 1790 gratiam

143 1830 286 1881 suam,
315 1827 370 1873 ut
396 1820 665 1877 revelaret
688 1822 884 1877 Filium
933 1824 1089 1878 suum
1118 1826 1171 1879 in
1217 1816 1325 1889 me,
1358 1834 1417 1879 ut
1448 1824 1875 1894 evangelizarem
1907 1821 2058 1876 illum
2109 1820 2162 1875 in
2198 1820 2470 1891 gentibus,
2506 1817 2766 1900 continuo
2808 1817 2898 1872 50.
2928 1818 3345 1887 ‘non‘acquievi

142 1912 262 1967 carni
286 1925 333 1968 et
352 1918 619 1987 sanguini,
646 1918 722 1973 vel
744 1920 1042 1989 parentibus
1072 1922 1221 1986 meis,
1246 1937 1423 1991 neque
1453 1923 1575 1976 veni
1608 1908 2036 1990 Hierosolymam
2064 1917 2132 1972 ad
2162 1925 2537 1971 antecessores
2586 1929 2736 1970 meos
2772 1914 3078 1986 apostolos,
3116 1914 3209 1970 sed
3252 1914 3359 1969 abii

144 2007 187 2063 in
209 2009 463 2081 Arabiam,
518 2024 577 2071 et
612 2015 809 2071 iterum
842 2031 1092 2074 reversus
1118 2033 1239 2073 sum
1281 2017 1627 2074 Damascum.
1658 2015 1864 2071 Deinde
1903 2022 2027 2085 post
2077 2008 2249 2069 annos
2277 2020 2387 2067 tres
2413 2009 2537 2066 veni
2578 2008 3008 2095 Hierosolymam
3038 2010 3221 2066 videre
3252 2009 3358 2065 Pe-

1444 2109 2015 2216 conneNnutos.

199 2245 272 2299 l2.
305 2244 499 2302 Lamia.
538 2246 611 2302 In
643 2248 790 2304 aliud
818 2248 1178 2321 Evangelium.
1219 2248 1565 2319 Evangelium
1596 2259 1679 2303 est
1707 2274 1754 2330 Α
1778 2259 1900 2300 esse
1927 2241 2264 2313 participem,
2290 2239 2387 2330 vel
2405 2254 2779 2309 persuasorem
2802 2241 3255 2319 circumcisiouis,
3289 2253 3350 2299 ut

143 2335 255 2391 bona
286 2341 647 2421 annuntiatio;
678 2342 991 2410 prmdicatio
1012 2356 1143 2412 ergo
1193 2341 1403 2395 illorum
1431 2356 1537 2409 non
1562 2349 1681 2394 erat
1708 2328 1753 2330 vi
1781 2329 2235 2401 pseudoapostoli.
2281 2328 2377 2385 Vel
2423 2330 2545 2405 ideo
2592 2330 3016 2396 analhematizo,
3073 2332 3199 2401 quia
3249 2349 3358 2389 nou

146 2419 475 2497 Evangelium,
506 2429 637 2499 quia
666 2432 807 2484 bona
836 2431 1305 2485 annuntiationon
1334 2437 1473 2483 erat.
1499 2428 1681 2483 Potest
1779 2423 2002 2488 suadeo,
2056 2431 2115 2476 ut
2168 2420 2481 2476 hominibus
2519 2419 2676 2476 velim
2722 2420 2976 2490 placere:
3011 2431 3066 2476 et
3114 2424 3218 2479 hoc
3257 2427 3359 2479 sub

146 2520 280 2574 etiam
316 2521 536 2591 intelligi
579 2522 726 2577 aliud
770 2522 1141 2593 Evangelium,
1175 2521 1482 2576 observatio
1499 2518 1681 2591 judai-
1780 2512 2201 2582 interrogatione
2229 2513 2342 2565 ita:
2373 2510 2452 2564 An
2481 2527 2659 2580 quwro
2685 2510 2982 2564 hominibus
3006 2511 3265 2585 placere}
3360 2548 3364 2553 λ

144 2610 363 2683 relegit,
393 2628 512 2682 quae
558 2613 629 2668 ab
668 2613 959 2684 Evangelia
1000 2613 1200 2668 Christi
1234 2629 1340 2668 non
1384 2613 1676 2677 discordat,
1847 2604 1937 2673 22.
1979 2602 2179 2657 Notum
2227 2608 2365 2658 enim
2414 2602 2576 2656 vobis.
2617 2604 2698 2657 Ad
2728 2603 2832 2657 hoc
2870 2606 3178 2673 respondet,
3211 2607 3357 2676 quod

142 2701 176 2753 si
198 2700 523 2769 spiritualiter
556 2704 914 2774 intelligatur;
968 2704 1072 2757 hoc
1099 2712 1178 2758 est
1207 2705 1351 2757 enim
1388 2705 1530 2771 quod
1560 2702 1674 2757 ait:
1778 2696 2028 2775 superius
2074 2696 2210 2750 dixit
2239 2711 2253 2750 :
2285 2694 2411 2781 Non
2456 2693 2521 2781 ab
2554 2694 2872 2761 Ιιυηιὶηἱθιιδι
2929 2712 3092 2766 neque
3136 2714 3230 2767 Per
3265 2699 3363 2753 Ιιο-

144 2789 244 2844 Nan
270 2793 361 2847 sint
387 2793 575 2863 aliqui,
602 2794 655 2849 id
682 2802 785 2859 est,
816 2810 923 2850 non
944 2794 1137 2849 desunt
1162 2792 1237 2849 illi
1258 2794 1348 2863 qui
1387 2793 1681 2849 carnaliter
1778 2790 1989 2861 minem.
2340 2778 2341 2783 ‘

141 2890 184 2934 et
211 2884 441 2952 perverse
467 2900 593 2941 eam
622 2885 946 2956 intelligunt.
1032 2926 1039 2933 .
1100 2922 1101 2925 η
1682 2918 1689 2933 .
1848 2880 1937 2934 23.
1980 2878 2163 2950 Neque
2206 2880 2346 2934 enim
2397 2895 2512 2949 ego.
2568 2878 2731 2945 Quasi
2774 2880 3023 2936 diceret:
3054 2880 3227 2937 llomo
3270 2898 3359 2939 me

197 2974 268 3028 13.
298 2978 447 3031 Aliud
492 2977 860 3049 Evangelium.
894 2978 1238 3047 Evangelium
1264 2993 1371 3033 non
1394 2980 1477 3033 est
1498 2979 1685 3034 diver-.
1777 2988 1887 3028 non
1918 2973 2120 3036 docuit.
2146 2971 2271 3040 quia
2300 2986 2400 3042 ego
2426 2987 2533 3027 non
2552 2971 2714 3027 didici
2735 2973 2803 3028 ab
2838 2973 3076 3029 homine.

140 3079 235 3119 sunt
260 3069 350 3122 nisi
376 3070 458 3124 his
479 3070 577 3140 qui
629 3054 983 3139 Spiritualiter
1014 3070 1311 3141 intelligere
1340 3071 1543 3126 nolunt.
1580 3071 1675 3126 Vel
1846 3064 1935 3118 24.
1977 3064 2213 3117 Audistis
2263 3065 2419 3117 enim.
2463 3063 2697 3133 Exponit
2741 3065 2976 3135 qualiter
3015 3066 3360 3138 Evangeliunt

141 3156 243 3213 illud
258 3174 355 3216 non
376 3172 456 3217 est
476 3162 853 3231 Evangeliuut,
886 3162 987 3217 nisi
1020 3163 1122 3220 illis
1144 3164 1233 3232 qui
1265 3179 1357 3218 vos
1377 3164 1674 3234 decipiunt,
1777 3157 2051 3226 acceperit
2081 3172 2177 3225 per
2200 3156 2582 3211 revelationem
2612 3156 2739 3213 Jesu
2769 3158 2997 3214 Christi.
3052 3200 3053 3207 η

140 3258 183 3300 et
218 3250 283 3304 illi
322 3253 450 3309 tales
477 3255 1092 3310 anathematizarenlur,
1140 3256 1207 3309 Ει
1248 3257 1352 3311 hoc
1384 3273 1491 3312 non
1520 3258 1671 3321 dicit,
1843 3246 1933 3302 ‘25.
1964 3246 2206 3301 Aunnos.
2221 3248 2451 3300 Audistis
2472 3249 2627 3302 enim.
2653 3248 2887 3305 Dicenda
2907 3253 2974 3306 de
2994 3251 3112 3322 leae
3133 3253 3365 3323 qualiter

139 3342 215 3396 θεά
242 3353 292 3399 ut
318 3356 628 3418 exaggerat,
668 3349 906 3418 apponit.
1776 3340 2158 3411 desudaverat,
2194 3340 2431 3395 ostendit
2457 3342 2711 3409 quoniam
2765 3342 2939 3411 legem
2975 3360 3082 3400 non
3115 3350 3357 3416 sprevit,

194 3435 268 3489 11.
298 3438 529 3495 Ancusr.
569 3441 767 3512 (ibid).
813 3439 881 3495 lu
920 3440 1067 3494 aliud
1094 3439 1455 3509 Evangelium.
1505 3440 1675 3496 Evau-
1775 3435 1869 3490 sed
1898 3435 2040 3503 quod
2070 3434 2261 3488 melius
2284 3443 2366 3489 est
2396 3435 2649 3506 cognovit
2671 3444 2725 3490 et
2748 3435 2930 3506 elegit.
2974 3483 2978 3487 .

140 3526 302 3594 getiam
329 3532 372 3585 si
399 3541 480 3587 est
518 3533 668 3588 aliud
713 3543 909 3603 praeter
936 3533 987 3587 id
1014 3535 1154 3603 quod
1183 3535 1295 3588 sive
1327 3549 1421 3604 per
1449 3532 1527 3597 se,
1557 3535 1673 3589 sive
1806 3568 1811 3571 -
1844 3530 1937 3583 26.
1979 3528 2156 3596 Supra
2194 3526 2455 3599 .multos.‘
2484 3528 2628 3581 Bene
2674 3536 2999 3583 coaetaneos.
3053 3529 3167 3584 lloc
3213 3530 3357 3586 enim

142 3630 217 3682 per
237 3619 355 3699 alios
375 3622 640 3679 Dominus
684 3625 850 3689 dedit,
876 3623 989 3693 jam
1017 3640 1117 3695 nec
1146 3635 1293 3691 recte
1322 3626 1671 3697 Evangelium
1705 3622 1750 3683 Β
1779 3623 1955 3694 majus
1980 3622 2024 3678 si
2048 3621 2340 3692 juvenibus
2379 3621 2750 3675 vehementior
2779 3621 3081 3678 videbatur.
3138 3656 3139 3659 η

142 3707 222 3764 dici
245 3723 420 3782 potest.
1802 3748 1809 3753 -
1842 3714 1932 3768 27.
1970 3715 2206 3769 AUGUST.
2252 3711 2448 3783 (ibid).
2479 3710 2786 3765 Aimulator
2834 3714 3058 3767 existens
3084 3754 3099 3781 ,
3133 3714 3185 3768 id
3232 3723 3355 3782 est,

195 3803 266 3860 l5.
293 3808 520 3865 Aacusr.
569 3809 764 3881 (ibid).
792 3808 896 3876 Qui
945 3825 1031 3864 vos
1070 3810 1399 3864 conturbant.
1428 3810 1562 3865 Cant
1594 3811 1674 3865 dl-
1772 3808 2012 3864 imitator
2033 3806 2403 3871 traditionum,
2429 3818 2549 3877 qua:
2574 3812 2733 3859 erant
2758 3806 3043 3861 contrarie
3074 3805 3352 3862 Ecclesim.

141 3899 280 3956 sisset
316 3908 643 3961 conturbant
670 3920 787 3969 vos,
835 3921 939 3961 non
987 3906 1167 3960 dixit:
1213 3913 1269 3959 et
1311 3913 1666 3970 convertunt;
1772 3902 1881 3957 Lex
1911 3884 2391 3971 enim’spirituali's
2434 3903 2755 3969 est;_multa
2785 3913 2966 3959 autem
3012 3904 3355 3960 tradiderant

140 3988 233 4053 sed,
259 3992 427 4047 volunt
455 4004 777 4051 convertere
826 3995 1205 4065 Evangelium:
1232 3996 1327 4049 sed
1358 4002 1543 4049 manet
1580 3996 1673 4047 lir-
1772 3994 2127 4050 dissolventes
2174 3996 2421 4050 mandata
2466 3995 2557 4050 Dei
2593 4008 2812 4067 propter
2841 4000 3160 4053 traditiones
3204 4014 3354 4053 suas.

142 4079 421 4151 missimum,
461 4094 642 4141 etnon
669 4101 1010 4141 conversum.
1080 4126 1085 4134 .
1302 4130 1305 4131 ν
1478 4122 1485 4129 η
1536 4123 1542 4129 ι
1598 4124 1603 4127 ι
1839 4086 1928 4143 28.
1969 4085 2168 4141 Ltnrn.
2201 4086 2329 4140 Cum
2373 4099 2542 4141 autem
2589 4090 2804 4158 placuit.
2840 4090 3038 4144 Probat
3065 4092 3190 4159 quia
3240 4108 3347 4145 non

198 4170 272 4224 16.
304 4171 536 4230 Alanos.
594 4174 699 4229 Sed
747 4175 864 4229 licet
895 4191 1007 4230 nos.
1037 4174 1443 4246 Ostenditquod
1472 4190 1578 4232 non
1612 4191 1671 4230 se
1770 4178 1981 4246 accepit
2006 4177 2354 4248 Evangelium
2402 4180 2469 4232 ab
2522 4179 2786 4246 homine;
2830 4196 2955 4233 nam
3002 4196 3178 4249 neque
3228 4192 3349 4249 post

143 4255 225 4314 illis
244 4275 530 4341 prreponat;
561 4266 655 4321 sed
681 4275 739 4320 ut
760 4267 1042 4320 veritatem
1071 4254 1328 4322 vindicat.
1486 4286 1489 4309 :
1770 4270 2199 4335 conversionem,
2232 4284 2329 4324 nec
2355 4280 2482 4325 ante
2505 4272 2933 4326 conversionem.
2968 4273 3106 4326 Ante
3127 4289 3353 4327 conver-

198 4353 270 4406 l'l.
306 4358 400 4410 Aut
451 4359 689 4429 angelus.
746 4357 860 4414 lloc
914 4357 1130 4424 adiecit,
1171 4362 1313 4429 quod
1361 4375 1535 4430 neque
1565 4359 1667 4415 loci
1771 4363 1977 4416 sionem
2008 4377 2113 4416 non
2162 4362 2342 4429 accepi
2394 4362 2461 4415 ab
2504 4361 2722 4416 homine
2755 4404 2769 4429 ,
2803 4364 2926 4432 quia
2974 4364 3351 4435 impugnabant

142 4440 353 4512 dignitas,
383 4464 557 4519 neque
586 4464 829 4517 persona:
863 4450 1077 4504 veritati
1106 4450 1497 4519 equuaremr.
1554 4488 1561 4495 ι
1771 4457 1899 4511 illud
1929 4457 2070 4525 quod
2102 4455 2349 4509 audisus.
2387 4455 2515 4509 Post
2535 4456 2965 4511 conversionem
2994 4473 3100 4510 non
3140 4461 3350 4528 accepi,

195 4533 268 4589 l8.
305 4536 453 4593 blade
501 4541 661 4594 enim.
714 4538 828 4593 Hoc
870 4540 1020 4603 dicit,
1050 4549 1108 4593 ut
1131 4540 1437 4593 ostenderet
1466 4553 1544 4601 se,
1577 4537 1665 4605 qui

1834 4546 1892 4600 lia
1920 4561 2094 4615 neque
2119 4546 2322 4611 statim,
2352 4547 2494 4615 quod
2524 4556 2644 4601 est:
2685 4563 2789 4602 non
2818 4550 3073 4619 acquievi,
3102 4565 3203 4604 nec
3230 4552 3366 4621 post

141 4634 218 4687 1)το
240 4627 447 4688 veritate
488 4627 808 4697 huiusmodi
841 4630 1005 4684 verba
1062 4626 1421 4697 deprompsit,
1471 4627 1685 4683 nullius.
1769 4650 1870 4693 tres
1894 4654 2080 4703 annos,
2112 4651 2212 4692 nec
2250 4644 2372 4707 post
2394 4638 2828 4707 quatuordecim;
2865 4649 2987 4709 post
3020 4640 3163 4695 aliud
3209 4650 3365 4695 tem-‘

142 4717 357 4769 ¹¹³⁰¹¹¹θ¹¹¹ί
382 4732 474 4775 ⁸0⁵
500 4719 596 4789 (Illi
623 4718 725 4774 Sibi
748 4719 1136 4789 deI‘OSaVel'alll
1169 4718 1504 4783 οιὶειὶωιιηειο
1770 4746 1869 4800 pus
1899 4737 2134 4785 constat.
2169 4728 2429 4784 Removet
2458 4728 2577 4784 illas
2602 4741 2787 4801 partes
2822 4732 2887 4786 de
2926 4732 3121 4803 quibus
3166 4735 3345 4802 suspi-

195 4804 267 4860 l9.
280 4808 514 4866 Accusa.
548 4809 749 4881 (ibid).
774 4809 934 4881 Modo
959 4810 1094 4865 enim
1124 4809 1436 4864 hominibus.
1467 4808 1671 4863 Sensus
1768 4823 2014 4878 cabatur.
2200 4813 2206 4817 ’

143 4892 224 4952 iste
250 4909 325 4955 e,t
355 4902 714 4963 :Homiuibus
759 4902 981 4967 suadeo,
1012 4910 1191 4956 etnon
1222 4900 1350 4956 Deo.
1380 4901 1489 4956 Deo
1521 4901 1687 4955 enim.
1711 4984 1734 4987 ξ
1837 4914 1927 4969 29.
1966 4915 2203 4970 Auensr.
2241 4913 2439 4985 (ibid).
2469 4912 2600 4968 Cum
2628 4924 2797 4970 autem
2834 4914 3051 4984 placuit.
3088 4914 3350 4987 Segrega-

142 4990 430 5050 manil‘estati
456 5010 664 5059 smnus,
686 5004 742 5050 et
770 4995 897 5064 quia
917 4993 1222 5050 hominibus
1241 4992 1460 5061 suadeo,
1476 5007 1668 5061 quaero

1815 5022 1862 5061 is
1885 5006 1950 5060 de
1987 5014 2143 5060 utero
2182 5005 2369 5060 matris
2422 5005 2818 5075 quodammodo
2846 5007 3094 5077 quisquis
3146 5023 3175 5060 a
3229 5023 3347 5060 car-

142 5078 687 5161 hominibusplacere?
735 5087 781 5142 si
830 5086 1138 5142 hominibus
1165 5086 1458 5154 placerem,
1482 5086 1534 5139 id
1562 5096 1667 5150 est,

1830 5098 1975 5151 ilium
2044 5107 2325 5166 parentum
2400 5100 2785 5153 consuetudine
2843 5114 2983 5153 cmca
3041 5100 3362 5166 separatur.’

141 5169 315 5233 Placere
345 5192 657 5246 quaererem,
679 5176 879 5237 Christi
900 5192 1103 5235 servus
1132 5191 1235 5232 non
1259 5191 1454 5232 essent.
1538 5226 1541 5227 ,
1664 5218 1671 5223 μ

1828 5190 2085 5259 cquiescit
2114 5198 2293 5243 autem
2322 5190 2472 5244 carni
2511 5199 2567 5245 et
2612 5190 2856 5260 sanguini
2885 5191 3133 5260 quisquis
3155 5205 3360 5245 carna-'

196 5262 274 5318 30.
305 5265 494 5325 hara.
527 5270 686 5325 Modo
707 5271 844 5326 enim
877 5270 1189 5324 hominibus.
1229 5268 1393 5336 Quasi
1424 5271 1623 5324 diceret
1650 5283 1665 5322 :

1774 5281 1912 5336 libus
1957 5280 2273 5350 propinquis
2300 5281 2591 5336 carnaliter
2616 5281 2963 5336 suadentibus
2993 5282 3306 5335 assentitur.

142 5347 235 5407 Non
262 5358 512 5416 adulando
558 5363 773 5432 loquor,
803 5370 863 5417 ut
905 5359 1146 5430 placeam
1172 5361 1346 5427 vobis,
1363 5362 1455 5417 sed
1487 5362 1665 5415 incre-

1842 5369 1932 5425 30.
1958 5347 2202 5425 animos.
2240 5369 2362 5424 Non
2412 5371 2662 5439 acquievi.
2690 5360 2815 5423 ’Νοιι
2847 5370 2976 5424 dicit
3019 5371 3365 5439 Apostolusz'

142 5449 854 5537 pmdo‘le‘illalem'“suam:
884 5466 941 5512 ιιι
969 5457 1208 5527 Placeam
1233 5456 1365 5510 θεο·
1602 5502 1609 5503 κ
1771 5462 1865 5516 sed
1913 5475 2089 5529 neque
2135 5461 2464 5524 hominibus,
2495 5462 2632 5515 sed:
2671 5460 2819 5513 carni
2867 5471 2921 5513 et
2966 5461 3243 5530 sanguini;
3289 5473 3344 5516 et

195 5540 270 5609 2t.
312 5545 609 5611 Hominibus
635 5552 829 5606 suadeo
861 5568 929 5604 au
955 5549 1059 5603 Deo
1083 5550 1108 5602 ί)
1135 5549 1343 5603 Diceret
1370 5548 1524 5616 quis:
1557 5550 1665 5602 Cur
1772 5552 1909 5607 dixit
1944 5572 1955 5606 :
2004 5553 2186 5609 statim
2219 5568 2324 5608 non
2353 5552 2613 5623 exposui;
2666 5551 2914 5619 exposuit
2964 5553 3106 5607 enim
3158 5562 3345 5623 postea

141 5624 198 5683 ita
224 5636 623 5715 auatltematizas
645 5640 666 5694 ἵε
691 5640 833 5706 Ideo,
868 5640 1062 5710 inquit,
1093 5649 1149 5695 ut
1170 5640 1424 5695 suadeam
1451 5654 1536 5694 me
1562 5656 1669 5694 non
1772 5642 1896 5699 illis.
