3880 6306
103 404 194 457 265
649 430 653 435 υ
724 405 789 461 lN
829 407 890 462 D.
933 406 1133 464 PAULI
1173 405 1389 462 EPIST.
1431 406 1669 462 COMBIE

1819 438 1889 445 —
1930 406 2143 464 EPiST.
2181 408 2272 463 AD
2312 409 2561 466 G.\L.\T.
3245 416 3355 471 266

120 517 422 571 ridebantur
452 531 581 574 esse
611 517 834 589 aliquid,
859 519 1069 589 (quales
1096 519 1273 591 [εει-υἱ,
1317 534 1589 588 pauperes,
1644 516 1961 589 peccatores]
1999 517 2285 588 aliquando
2313 520 2533 580 fuerim.
2566 521 2696 575 nihil
2737 521 2906 577 dicere
2950 538 3067 577 mea
3125 526 3350 583 interest

106 609 365 679 123.“.
397 608 549 665 Deus
573 609 713 664 enim
746 596 1033 680 persona'nt
1064 609 1302 665 hominis
1322 623 1427 661 non
1458 608 1684 677 accipit;
1711 608 1801 661 sed
1835 624 1900 661 ea:
1927 608 2166 663 omnibus
2198 611 2386 680 accipit
2415 610 2707 679 credentes)
2753 612 2883 666 mihi
2916 614 3081 677 enim,
3109 615 3197 669 15.
3249 615 3346 685 qui

104 699 404 754 videbantur
427 715 561 757 esse
589 702 813 771 aliqutd,
844 703 977 757 nihil
1008 702 1375 765 contulerunt,
1397 701 1731 771 profuerunt.
1774 701 1864 755 16.
1902 700 2009 756 Sed
2034 710 2257 756 econtra
2303 718 2426 757 cum
2470 703 2735 758 vidissent
2782 706 2926 774 quod
2977 708 3241 762 creditum
3269 718 3357 763 est

102 792 585 861 mihiEvangelium
614 793 886 864 prteputii,
924 794 1176 864 gentium,
1200 792 1342 846 sicut
1371 784 1537 845 Peiro
1562 790 2015 851 circumcisionis,
2058 790 2172 861 (qui
2203 792 2348 846 enim
2397 801 2659 861 operatus
2704 802 2787 848 est
2817 794 2980 849 Petro
3008 796 3058 850 in
3083 798 3375 885 apostolas

103 891 198 936 tum
218 882 676 951 circumeisionis,
706 885 1042 950 Judazorum,
1070 892 1329 953 operatus
1353 890 1438 937 est
1461 890 1517 935 et
1548 881 1681 935 mihi
1714 880 1856 934 inter
1874 883 2088 951 gentes)
2117 890 2171 936 et
2198 898 2320 937 cum
2350 884 2731 953 cognovissent
2760 885 3013 956 gratiam,
3057 902 3176 954 qua:
3225 890 3349 943 data

101 985 169 1030 cst
195 975 341 1034 mihi.
365 974 631 1040 Iacobus,
656 985 712 1031 et
732 976 965 1047 Cepltas,
993 985 1050 1031 et
1074 974 1335 1037 Joannes,
1366 973 1456 1043 qui
1485 971 1811 1026 videbantur
1838 971 2103 1027 columna:
2132 988 2251 1027 esse
2276 974 2361 1028 17.
2394 975 2617 1030 dextras
2648 977 2915 1031 dederunt
2947 978 3099 1040 mihi,
3138 989 3189 1033 ct
3222 979 3359 1033 Bar—

102 1068 231 1124 naba:
253 1069 332 1124 18.
362 1068 677 1128 societatis.
697 1068 903 1139 signum
939 1067 1229 1135 societatis,
1260 1064 1336 1121 re!
1365 1064 1660 1119 concordia:
1706 1062 2063 1133 evangelicae:
2104 1071 2165 1117 ut
2216 1079 2314 1118 nos
2363 1064 2414 1118 in
2443 1074 2631 1135 gentes
2681 1067 2895 1131 iremus,
2942 1068 3043 1135 ipsi
3073 1078 3255 1124 autem
3306 1072 3361 1126 itt

99 1160 583 1223 circumcisionem,
613 1158 897 1221 Juda’am;
927 1166 1135 1212 tantum
1186 1157 1285 1210 hoc
1331 1154 1649 1208 addiderunt
1681 1161 1743 1207 ttt
1787 1168 2083 1221 pauperum
2116 1164 2349 1207 euntium
2399 1154 2730 1209 Hierusalem
2771 1171 3044 1213 memores
3091 1175 3361 1227 essemus,

101 1252 221 1322 quod
242 1250 404 1306 etiam
434 1249 708 1305 sollicitus
732 1247 836 1311 ftti,
865 1266 985 1302 cum
1009 1250 1155 1318 prius
1187 1246 1402 1316 fuissem
1436 1244 1714 1308 sollicitus,
1747 1243 1851 1299 hoc
1898 1244 2071 1312 ipsum
2109 1244 2305 1298 facere.
2344 1244 2462 1297 Alia
2503 1248 2906 1302 commendauo.
2965 1249 3056 1315 19,
3100 1251 3189 1306 20.
3225 1252 3360 1309 Cum

101 1342 522 1398 autetnvenisset
548 1341 764 1411 Cephas
784 1340 1153 1404 Antiochiam,
1186 1339 1279 1392 21.
1325 1340 1379 1392 in
1431 1337 1646 1402 faciem,
1691 1339 1889 1405 palam,
1922 1336 1971 1390 ei
2006 1336 2202 1399 restiti,
2255 1337 2381 1404 quia
2427 1339 2873 1407 reprehensibilis
2916 1351 3053 1395 erat.
3116 1342 3357 1398 Ostendit

102 1450 188 1488 non
209 1447 314 1486 esse
336 1434 437 1484 sibi
469 1432 941 1499 magistrum,cum
961 1429 1169 1483 restitit.
1194 1427 1352 1482 Prius
1373 1426 1521 1481 enim
1546 1426 1782 1495 (exponit
1818 1426 1954 1479 unde
1986 1426 2423 1495 rept'eltensibilis,
2461 1430 2585 1498 quia
2618 1431 2827 1500 cogebat
2857 1443 3032 1501 gentes
3064 1433 3362 1499 iudaizare,

101 1526 145 1576 in
164 1539 217 1578 eo
234 1521 367 1591 quod
394 1521 569 1591 magis
619 1519 908 1573 inlucrebat
935 1517 1164 1589 Judwis)
1210 1534 1372 1587 quam
1422 1516 1673 1572 venitent
1701 1518 1917 1585 quidam
1965 1533 2031 1569 ea:
2070 1517 2283 1572 Judtcis
2340 1520 2600 1573 conrersis
2630 1536 2658 1574 a
2690 1520 2913 1588 Jacobo,
2945 1540 3068 1579 cum
3118 1529 3368 1597 gentibus

102 1614 333 1668 conversis
361 1613 569 1667 edebat
588 1610 807 1666 Petrus.
831 1610 965 1666 Cum
990 1620 1169 1665 autem
1194 1610 1429 1664 conuersi
1448 1626 1479 1663 a
1506 1608 1709 1662 Jacobo
1735 1609 2013 1663 Venissent
2057 1609 2413 1671 Antiochiam.
2466 1611 2841 1680 subtrahebat,
2868 1624 2917 1670 et
2953 1618 3275 1688 segregabat
3305 1637 3364 1677 se

106 1704 264 1756 l’ttrus
294 1720 324 1756 a
352 1702 619 1772 gentibus,
652 1702 850 1755 timens
880 1715 995 1763 eos,
1023 1701 1111 1769 qui
1133 1716 1201 1755 ex
1227 1699 1646 1754 circumcisione
1669 1709 1848 1754 erant.
1877 1700 2025 1771 (Non
2056 1703 2194 1756 enim
2221 1704 2295 1757 ita
2325 1705 2566 1758 credebat
2597 1704 2918 1774 faciendum,
2943 1711 3001 1763 id
3026 1723 3120 1775 cst,
3142 1731 3369 1769 ctrcum-

102 1794 209 1855 cidi,
234 1792 319 1847 sed
344 1807 407 1845 ne
435 1791 590 1858 ﬁeret
619 1791 672 1843 in
696 1789 935 1844 Ecclesia
961 1790 1273 1848 discordia.)
1304 1789 1370 1844 Et
1393 1788 1724 1844 simulationi
1760 1787 1878 1857 ejus
1902 1791 2209 1859 (simulabat
2259 1793 2397 1848 enim
2462 1793 2651 1850 Petrus
2696 1814 2797 1851 non
2851 1816 2962 1853 esse
2991 1806 3368 1860 comedendum

104 1901 201 1937 cum
221 1881 483 1953 gentibus)
515 1889 915 1947 consenserunt
947 1880 1131 1936 caeteri
1162 1878 1358 1943 Judtci,
1390 1881 1463 1934 ita
1487 1889 1546 1933 ιιι
1569 1888 1624 1934 et
1657 1880 1938 1935 Barnabas
1973 1882 2282 1949 duceretur,
2315 1887 2655 1953 consentiret,
2708 1891 2777 1944 ab
2803 1890 2883 1947 eis
2912 1892 2965 1947 in
3018 1894 3163 1949 illam
3198 1899 3369 1953 simu-

104 1972 349 2040 lationem,
396 1984 451 2027 ut
493 1972 695 2027 nollent
722 1973 1108 2027 communicare
1138 1989 1255 2026 cum
1278 1972 1538 2042 gentibus.
1587 1971 1693 2025 Sed
1720 1986 1841 2025 cum
1887 1973 2140 2028 vidissent
2174 1977 2318 2045 quod
2365 1993 2471 2033 non
2506 1988 2654 2035 recte
2700 1981 3043 2041 ambularent
3070 1989 3135 2041 ad
3168 1992 3367 2045 vetita-

111 2079 195 2120 tetu
222 2065 523 2137 Evangelii,
557 2065 667 2120 dixi
711 2064 907 2135 Cephtc
937 2063 1096 2136 124
1122 2079 1307 2119 coram
1346 2063 1620 2117 omnibus.
1677 2060 1768 2116 22.
1830 2059 1887 2115 Si
1922 2071 2003 2128 tu,
2056 2079 2178 2119 cum
2235 2064 2454 2123 Judaeus
2490 2070 2587 2133 sis,
2620 2071 2898 2142 gentiliter
2948 2078 3107 2143 vivis,
3149 2088 3205 2134 et
3257 2098 3365 2138 non

105 2156 317 2219 iudaice,
347 2154 627 2224 quomodo
655 2164 843 2225 gentes
890 2154 981 2208 23.
1019 2155 1166 2224 cogis
1197 2153 1512 2223 judaizare?
1555 2152 1866 2221 assumptio.
1918 2151 2025 2208 Nos
2065 2164 2257 2210 natura
2287 2156 2481 2233 Judtei,
2528 2170 2608 2229 tu,
2655 2171 2704 2215 et
2748 2180 2862 2234 ego,
2905 2166 2997 2222 21.
3043 2178 3098 2223 et
3150 2186 3254 2226 tton
3296 2190 3365 2230 ex

109 2251 326 2319 gt‘tillblls
352 2249 584 2321 (scilicet
614 2263 817 2312 smnus,
844 2255 889 2301 et
918 2246 1181 2317 gentiliter
1207 2245 1464 2309 vivimus;
1494 2243 1634 2315 quod
1658 2251 1753 2303 est,
1785 2253 1947 2298 eruas
1988 2245 2042 2300 in
2072 2244 2281 2303 Christo
2319 2251 2603 2322 credimus)
2638 2252 2728 2307 25.
2764 2268 3099 2327 peccatores,
3127 2265 3216 2332 qui
3238 2282 3359 2333 μσς-

1360 2328 1935 2389 COMMENTARIUS.

1360 2335 1935 2389 COMMENTARIUS.

110 2428 172 2482 Ad
194 2430 288 2484 hoc
320 2428 643 2500 respondet,
686 2444 790 2484 non
822 2443 889 2484 ex
937 2427 1158 2494 invidia,
1188 2428 1284 2483 sed
1312 2435 1373 2481 ιιι
1420 2438 1481 2479 se
1523 2437 1671 2478 cont-
1700 2423 1747 2478 A
1772 2423 2064 2491 geltantur,
2088 2427 2371 2495 arguebat.
2392 2428 2508 2486 Non
2531 2431 2601 2487 ob
2616 2432 2761 2489 aliud
2788 2436 2890 2493 nisi
2916 2440 3039 2509 quia
3065 2442 3150 2496 illa
3177 2449 3363 2502 omnia

111 2522 318 2589 mandet,
364 2522 416 2576 id
457 2530 584 2585 est,
624 2535 778 2576 suam
812 2518 1264 2590 predicationcm,
1311 2512 1667 2584 dicitqtte;ab

111 2613 174 2667 Itis
206 2628 364 2669 autem
386 2622 479 2684 qut
509 2612 825 2668 videbantur
849 2628 958 2666 esse
1003 2611 1224 2682 aliquid,
1252 2611 1303 2666 id
1330 2618 1435 2676 est,
1489 2611 1543 2665 hi
1577 2610 1671 2680 qui

116 2705 399 2760 ridebantur
423 2720 553 2761 esse
589 2703 816 2773 aliquid,
854 2702 981 2758 licet
1017 2718 1231 2773 possem
1254 2712 1433 2757 dicere
1458 2701 1669 2772 quales,

111 2797 287 2853 scilicet
324 2798 474 2863 viles,
501 2805 586 2861 et,
616 2807 674 2851 ut
702 2810 825 2869 ego,
849 2804 1167 2866 peccatores
1198 2802 1403 2861 essent,
1435 2793 1568 2849 nihil
1593 2803 1671 2848 ta-

114 2906 211 2944 nzen
233 2890 355 2945 mihi
381 2890 756 2946 contulerunt.
884 2954 885 2957 η

168 2980 242 3036 11.
291 2982 422 3038 Deus
443 2998 731 3054 personam
759 2980 987 3036 hominis
1018 2996 1126 3036 non
1150 2980 1361 3049 accipit.
1400 2979 1515 3037 Iloc
1543 2980 1665 3037 ideo

120 3072 245 3138 dicit,
286 3075 408 3144 quia
453 3072 960 3145 reprehendebatur
994 3071 1139 3142 quod
1166 3072 1317 3142 prius
1346 3082 1665 3143 persecutus

120 3160 609 3232 lueratEcclesiam,
641 3162 797 3234 quasi
846 3162 900 3220 hi
944 3178 1037 3233 qm
1075 3162 1237 3218 modo
1281 3160 1578 3231 suntjusti,
1616 3173 1672 3220 et

118 3257 263 3310 sancti
285 3267 336 3311 et
364 3258 550 3328 magni
584 3257 723 3326 apud
753 3270 961 3318 omnes,
994 3270 1100 3309 non
1128 3254 1353 3319 fuerint,
1382 3256 1521 3310 sicut
1547 3271 1667 3327 ego,

122 3356 425 3411 peccatores.
450 3348 512 3402 Et
548 3348 652 3401 hoc
681 3346 828 3406 inde.
850 3345 978 3416 quia
1001 3346 1145 3401 Deus
1168 3362 1276 3400 non
1306 3358 1390 3401 est
1415 3357 1672 3417 acceptor

116 3452 450 3503 persmarunt.
485 3436 757 3493 Similiter
778 3453 902 3507 ego,
927 3438 1176 3507 quamvis
1219 3450 1534 3508 persecuntur
1560 3439 1674 3495 fue-

119 3527 215 3589 rint.
242 3547 340 3587 non
368 3532 545 3588 debeo
572 3547 600 3586 a
623 3530 777 3585 vobis
805 3530 1080 3600 vilipendi.

175 3622 489 3679 I5.Aucusr.
527 3622 751 3692 (Expos.
780 3622 850 3677 ad
880 3620 1025 3693 Gal.)
1064 3620 1168 3687 Qui
1205 3622 1531 3677 videbantur.
1566 3624 1670 3679 Pc-

120 3719 211 3764 trus
230 3721 278 3766 et
300 3710 847 3768 Jacobusetloannes
862 3710 1235 3765 honoratiores
1255 3712 1469 3766 caeteris
1491 3723 1666 3777 erant,

1774 2512 1855 2569 sic
1889 2515 2228 2572 sintulatoria
2270 2521 2616 2591 gerebantur,
2670 2534 2925 2598 tanquant
2978 2546 3162 2589 verum
3219 2550 3367 2594 esset

1772 2606 1916 2674 quod
1944 2606 2198 2663 dicebant
2239 2609 2315 2665 illi
2344 2613 2436 2682 qtti
2482 2615 2601 2670 sine
2645 2618 3064 2681 circumcisione
3092 2634 3363 2699 pra'putii,

1773 2703 1938 2763 atque
1967 2695 2086 2752 aliis
2109 2699 2589 2761 observationibus
2616 2709 2821 2765 umbra:
2845 2695 3170 2784 futurorum,
3204 2695 3365 2790 puta;

1776 2784 1909 2838 bant
1930 2785 2217 2843 credentes
2238 2790 2415 2847 salvos
2449 2809 2569 2851 esse
2591 2813 2698 2851 non
2726 2814 2902 2868 posse.

1843 2873 1934 2927 20.
1973 2873 2175 2931 Laure.
2219 2878 2349 2934 Cum
2372 2895 2545 2938 autent
2587 2890 2827 2957 venisset,
2859 2905 2963 2949 etc.
3017 2897 3148 2954 Item
3173 2902 3368 2971 probat

1774 2964 1901 3033 quia
1956 2982 2057 3021 nec
2088 2967 2394 3027 Antiochia:
2444 2989 2473 3028 a
2529 2974 2691 3032 Petro
2734 2980 3086 3056 Evangelium
3133 2964 3365 3065 accepit,

1774 3054 1896 3123 quia
1924 3055 2127 3111 restitit
2151 3059 2234 3125 ei;
2258 3071 2379 3117 erat
2401 3063 2545 3118 enim
2571 3054 3033 3137 repreltettst‘bilis.

1846 3142 1936 3198 21.
1962 3143 2028 3199 In
2052 3147 2243 3216 facient
2266 3150 2313 3204 ei
2334 3154 2520 3208 restiti.
2547 3154 2691 3214 Utile
2717 3176 2822 3214 non
2847 3176 2995 3220 esset
3020 3172 3163 3238 quod
3184 3175 3364 3242 palam

1776 3239 2007 3295 nocebat
2031 3243 2231 3313 corrigi
2256 3243 2311 3299 in
2346 3248 2598 3317 occulto;
2644 3260 3080 3321 praisumendum
3129 3239 3364 3337 namque

1774 3338 1893 3384 erat
1949 3331 2017 3387 de
2068 3333 2350 3391 charitatis
2403 3338 2719 3397 infirmitate
2755 3344 2841 3416 [f.,
2900 3348 3177 3426 ﬁrmitate]
3228 3331 3365 3416 tanti

1777 3420 2028 3489 apostoli.
2062 3423 2156 3479 Vel
2189 3426 2308 3480 ideo
2352 3430 2494 3498 quod
2523 3433 2741 3500 quidam
2785 3440 3096 3497 sttbtnducti
3144 3420 3369 3504 insidia-

1784 3510 2006 3577 bantur,
2035 3514 2125 3584 qtti
2160 3513 2423 3573 referrent
2456 3519 2681 3576 Paulum
2732 3542 2837 3580 non
2888 3544 3010 3583 esse
3062 3548 3250 3589 ausum
3280 3556 3371 3591 ar-

1776 3613 1941 3671 guere
1963 3601 2182 3658 Petrum
2208 3621 2220 3669 ;
2249 3615 2301 3660 et
2326 3607 2866 3669 circnmciderentur.

1846 3690 1937 3745 22.
1980 3690 2042 3747 Si
2070 3702 2124 3746 tu
2176 3710 2297 3748 cum
2337 3694 2583 3754 Judwus.
2630 3699 2924 3760 Genlilitcr
2959 3708 3197 3779 virtbat;
3242 3719 3369 3784 quia

119 3803 216 3869 quia
255 3804 376 3874 ipsis
418 3822 478 3862 se.
522 3805 578 3860 itt
603 3812 783 3859 monte
812 3803 1075 3858 Dominus
1095 3804 1350 3867 ostendit,
1373 3804 1427 3857 itt
1458 3804 1667 3874 signifi-

1799 3783 2072 3841 ndiserele
2097 3801 2221 3843 cum
2244 3789 2729 3858 ontnibusedebat,
2755 3807 2809 3851 et
2838 3802 3110 3858 neminem
3132 3806 3365 3865 immun-

118 3896 297 3951 catione
323 3900 469 3969 regni
512 3896 600 3957 sui
643 3911 766 3951 cunt
793 3904 919 3949 ante
946 3910 1042 3950 sex
1082 3895 1197 3950 dies
1221 3895 1456 3951 dixisset
1489 3895 1678 3959 :_Sunt

118 3987 300 4054 quidam
341 3992 404 4046 de
431 3992 520 4048 his
554 3988 823 4044 stantibus
853 3988 942 4057 qui
972 4002 1078 4042 non
1106 3989 1401 4057 gustabunt
1443 3998 1675 4045 mortem

119 4081 261 4134 donec
294 4082 504 4137 videant
539 4080 735 4135 Filium
774 4078 1009 4136 hominis
1056 4079 1111 4133 in
1158 4093 1325 4150 regno
1362 4077 1545 4134 Patris
1590 4080 1674 4136 sui

125 4167 309 4235 (llattlt.
340 4174 472 4243 ιιι).

178 4259 254 4314 16.
288 4263 454 4334 (ibid.)
488 4262 597 4317 Sed
626 4272 836 4316 econtra
867 4277 984 4314 cum
1011 4261 1278 4328 vidissent,
1305 4262 1358 4316 id
1384 4271 1486 4326 est,
1511 4279 1675 4319 econ-

122 4350 265 4405 trario
279 4368 368 4421 pro
396 4351 887 4425 reprehensoribus
908 4352 1297 4420 approbatorcs
1322 4351 1674 4421 perfectionis

121 4434 328 4496 luerunt.
347 4442 538 4501 Potest
565 4452 622 4497 et
652 4443 731 4496 sic
774 4456 895 4495 esse
922 4442 1082 4507 ordo,
1110 4441 1204 4497 sed
1236 4450 1457 4498 econtra
1486 4453 1545 4497 ut
1574 4459 1674 4499 nos

121 4532 301 4597 quidem
330 4536 381 4590 in
430 4546 628 4609 gentes
668 4535 894 4599 iremus,
923 4549 1045 4604 quae
1096 4543 1227 4588 sunt
1252 4538 1539 4593 contrariae
1568 4536 1676 4593 cir-

122 4626 429 4683 cumcisioni.

179 4715 253 4769 I'l.
298 4718 457 4790 (apud
512 4719 674 4790 Bed.)
734 4718 958 4774 Dextras
1014 4720 1270 4774 dederunt
1327 4722 1475 4776 milii.
1532 4724 1673 4780 Dicit

123 4804 306 4862 venisse
329 4825 385 4865 se
412 4811 868 4882 Hierosolymam,
899 4819 955 4865 et
994 4812 1344 4883 Evangelium
1392 4829 1514 4869 cum
1542 4831 1671 4885 apo-

126 4894 252 4951 stolis
294 4902 603 4965 contulisse,
642 4901 866 4956 dextras
916 4901 1018 4957 sibi
1063 4902 1218 4958 datas
1258 4902 1447 4971 fuisse,
1485 4906 1537 4960 id
1565 4915 1669 4971 est,

126 4990 389 5045 concordiae
414 4994 627 5064 signum
654 4993 1046 5059 consonantia),
1082 4993 1222 5064 quod
1238 4996 1305 5049 ab
1328 4996 1406 5051 eis
1431 5013 1552 5067 qua:
1567 4998 1669 5055 sibi

127 5073 408 5147 didicerant,
446 5084 499 5139 in
530 5084 702 5140 nihilo
732 5084 1098 5154 discrepabat.

1780 3878 1909 3931 dum
1938 3880 2184 3947 putabat.
2218 3878 2416 3936 Probat
2443 3893 2626 3940 autem
2682 3889 2809 3959 quia
2840 3907 2962 3946 tum
3012 3895 3081 3950 sit
3129 3896 3367 3971 Judtetts,

1778 3976 1833 4022 et
1863 3977 2043 4025 tamen
2088 3971 2366 4041 gentiliter
2404 3975 2573 4044 vivat,
2626 3995 2732 4033 non
2786 3980 2944 4038 debet
2973 3999 3166 4055 gentes
3191 3993 3373 4062 atlju.

1779 4059 2045 4116 daismum
2101 4080 2313 4135 cogere.
2363 4067 2459 4122 Est
2506 4079 2687 4127 autem
2727 4073 2779 4129 in
2834 4075 2973 4133 libro
3024 4090 3168 4139 totus
3207 4059 3371 4157 syllo-

1777 4151 1992 4220 gismus
2018 4162 2217 4223 praeter
2241 4156 2672 4215 conclusionem.

1846 4243 1936 4299 25.
1960 4243 2115 4315 Cogis
2134 4246 2439 4315 judaizare.
2467 4251 2727 4323 Exemplo
2752 4271 2851 4312 suo
2881 4271 3070 4329 gentes
3088 4265 3370 4334 judaizare

1780 4334 2011 4404 cogebat
2040 4333 2253 4402 Petrus,
2286 4348 2339 4393 et
2376 4340 2541 4395 ritum
2584 4343 2891 4403 Judmoratn
2946 4358 3118 4424 sequi,
3152 4364 3370 4427 quando

1778 4422 1893 4492 ipse
1922 4422 1975 4477 in
2008 4428 2356 4493 praesentiant
2398 4445 2588 4485 corum
2644 4436 2734 4503 qui
2774 4451 2840 4491 ex
2888 4422 3089 4502 Judaeis
3125 4422 3216 4505 tre
3258 4450 3371 4506 ide-

1778 4521 1918 4574 rant,
1952 4530 1979 4567 a
2007 4517 2284 4573 consortio
2315 4521 2600 4589 gentilium
2647 4542 2797 4585 more
2827 4529 3049 4591 Jut'aieo
3073 4553 3131 4593 se
3155 4542 3370 4597 sublm-

1777 4605 1960 4661 hebat.

1846 4695 1936 4751 21.
1976 4699 2220 4757 AUGUST.
2261 4703 2526 4775 (Erposit.
2578 4710 2631 4763 in
2656 4710 2825 4781 Epist.
2855 4717 2924 4770 ad
2948 4716 3153 4788 Galat.,
3186 4741 3234 4780 c.
3270 4736 3360 4799 tt.)

1777 4786 1844 4840 Et
1884 4804 1987 4842 non
2029 4806 2096 4844 ea:
2145 4795 2402 4862 gentibus.
2436 4795 2789 4857 Peccatorttnt
2847 4822 3043 4865 nomen
3103 4786 3358 4885 gentibus

1779 4876 2367 4948 imposueruntJudcei,
2406 4883 2519 4953 jam
2572 4899 2779 4947 vetusta
2809 4899 3043 4964 quadam
3075 4876 3354 4972 superbia.

1784 4978 2038 5040 tanquam
2066 4972 2314 5043 ipsijusti
2348 4990 2551 5044 essent,
2572 4983 2817 5040 videntes
2846 4990 3098 5060 stipulam
3124 4996 3175 5050 in
3195 5002 3353 5055 oculo

1776 5058 1969 5124 alieno,
2001 5072 2056 5116 et
2088 5079 2195 5119 non
2233 5067 2438 5123 trabem
2472 5070 2525 5124 itt
2576 5089 2706 5141 suo;
2747 5077 2889 5134 sicut
2920 5058 3169 5139 “interest
3217 5088 3362 5146 inter

186 5167 261 5223 ,8.
296 5141 495 5231 [μη.
531 5174 796 5231 Humum
822 5141 1105 5231 ωεξεωηε.
1138 5176 1243 5231 Per
1288 5178 1392 5235 hoc
1433 5179 1670 5234 ostendi,
1696 5141 1738 5197 C
1783 5150 2071 5210 irridentes
2104 5167 2158 5211 et
2201 5157 2483 5227 irrisores,
2512 5164 2653 5220 inter
2686 5184 3190 5238 murtnurantcs,ct
3220 5197 3365 5235 mur-

130 5268 176 5307 se
196 5258 559 5331 discipulorum
588 5265 791 5321 Christi
819 5281 925 5321 non
977 5265 1143 5323 fuisse
1167 5267 1518 5338 discipulum;
1545 5268 1678 5325 alio-

133 5347 237 5413 quin
259 5368 355 5408 non
376 5372 431 5411 se
450 5359 652 5413 socium
678 5367 920 5414 vocaret.

188 5438 258 5494 19.
298 5443 523 5502 Aususr.
561 5448 742 5519 (epist.
776 5449 844 5503 10
868 5448 939 5502 ad
965 5447 1212 5514 llieron.,
1239 5458 1371 5503 tom.
1409 5449 1509 5520 ll).
1543 5450 1674 5505 Cum

137 5543 322 5589 venisset
348 5538 562 5611 Cephas.
589 5540 775 5609 Neque
797 5540 943 5594 enim
972 5555 1231 5609 negamus
1262 5543 1313 5595 itt
1342 5541 1443 5596 hac
1462 5549 1678 5598 senten-

141 5620 198 5674 tia
229 5624 380 5685 l‘uisse
416 5630 524 5700 iant
577 5631 821 5695 Petrttm,
850 5632 903 5685 in
933 5646 1040 5701 qua
1072 5640 1127 5686 et
1168 5630 1370 5687 Paulus
1406 5632 1532 5697 fuit;
1566 5648 1673 5689 non

145 5710 295 5784 itaque
319 5729 435 5778 tunc
459 5740 580 5779 eum
610 5724 737 5794 quid
766 5725 816 5778 itt
840 5738 905 5779 ca
937 5739 994 5780 re
1017 5738 1203 5779 verum
1235 5733 1400 5788 esset,
1424 5724 1670 5787 docebat,

146 5804 342 5877 salsius
365 5814 859 5876 dissimulationem,
909 5830 1015 5885 qua
1056 5823 1249 5887 gentes
1274 5813 1554 5884 jttdaizare
1582 5830 1672 5870 co-

457 5910 718 5970 ΡΑτιιοι..
773 5909 849 5949 Γπ

1785 5258 2120 5312 muratores,
2153 5250 2292 5304 inter
2313 5255 2611 5313 scribentes
2641 5270 2696 5314 et
2732 5262 3050 5333 scriptores,
3082 5277 3137 5322 et
3167 5283 3363 5333 etetera

1726 5400 1727 5403 η
1785 5340 2012 5410 similia;
2063 5344 2137 5400 ita
2199 5345 2481 5418 Scr‘ptura
2539 5365 2854 5423 peccatores
2904 5361 3178 5429 appellare
3231 5383 3365 5423 con-

1782 5436 1960 5491 suevit
1997 5438 2150 5493 valde
2189 5441 2425 5512 iniquos,
2474 5454 2530 5500 et
2581 5460 2927 5516 peccatorum
2965 5458 3197 5516 sarcinis
3231 5479 3363 5520 one-

1781 5537 1949 5583 ratos.

1853 5622 1944 5677 25.
1987 5623 2185 5680 Ιηιιςικιι.
2227 5627 2555 5688 Peccatores.
2580 5634 2833 5693 Genetali
2882 5645 3141 5702 vocabulo
3171 5663 3363 5719 pecca-

1778 5721 1922 5770 tores
1950 5726 2104 5772 t'ocat
2126 5718 2473 5776 idololatras.
