3964 6290
495 384 595 436 267
1525 381 1584 436 Β.
1627 379 2019 437 ΙΑΝΕΒΑΝΕΙ
2059 380 2081 434 ί

2210 377 2428 434 TUAR."
2447 378 2764 433 ABCIIIEP.
2858 432 2861 435 .
3656 372 3751 428 953

492 506 693 550 autores
724 497 1060 551 vocabantur.
1092 498 1341 554 Scientes
1370 506 1549 551 autem
1577 497 1720 565 quod
1750 512 1853 549 non
1877 493 2206 563 iustiﬁcetur
2242 492 2402 546 homo
2426 491 2516 545 26.
2539 507 2605 545 ex
2636 491 2891 560 operibus
2912 490 3070 561 legis,
3100 489 3204 545 nisi
3239 504 3335 560 per
3364 487 3529 542 ﬁdem
3559 494 3751 539 tantum

490 587 616 642 Jesu
643 587 877 653 Christi;
912 598 964 644 et
996 606 1094 644 nos
1118 591 1171 643 in
1197 589 1413 644 Christo
1439 587 1564 641 Jcsu
1592 588 1883 649 credimus,
1917 594 1973 637 ιιι
1999 584 2364 650 jnstilicemur
2412 598 2476 636 ev
2529 583 2631 635 li'le
2657 568 2900 644 Christi;
2917 591 2972 637 et
3010 597 3118 636 non
3171 596 3235 636 ex
3284 578 3546 659 operibus
3603 576 3756 647 legis;

491 686 713 747 propter
736 680 879 748 quod
909 680 1053 750 (quia
1080 682 1260 749 exﬁde
1282 679 1477 733 Christi
1517 676 1745 741 tantum)
1774 693 1837 730 ea
1868 676 2119 745 operibus
2148 675 2279 743 legis
2309 690 2413 727 non
2437 674 2824 742 justiﬁcahitnr
2852 676 3026 728 omnis
3078 689 3227 729 caro.
3272 672 3390 725 Huc
3424 685 3589 736 usque
3613 670 3761 721 inter.

487 772 773 840 positio.et
818 773 973 826 verba
1003 773 1236 835 Apostoli
1268 773 1336 825 ad
1374 771 1612 825 Petrum.
1643 770 1737 834 27,
1793 768 1885 822 28.
1929 768 2082 826 Ouod
2118 768 2164 820 si
2214 776 2522 835 qnterentes
2567 767 2852 836 iustiﬁcari
2910 768 2962 821 in
3007 766 3229 821 Christo
3285 775 3513 827 tantum,
3572 761 3762 815 inventi

490 880 679 919 sumus
698 874 754 918 et
778 866 878 934 ipsi
903 876 1235 935 peccatores,
1262 864 1350 917 29.
1387 860 1629 929 nunquid
1653 859 1903 914 Christus
1946 856 2152 926 peccati
2190 857 2440 909 minister
2467 855 2581 909 est?
2615 854 2706 909 Est
2746 854 2941 925 utique,
2993 854 3042 907 si
3071 854 3135 907 sit
3167 851 3323 905 illud.
3349 850 3511 905 Absit
3544 859 3597 902 ut
3625 847 3764 901 Chri-

490 964 601 1007 stus
632 955 867 1007 minister
894 959 958 1008 sit
980 956 1215 1023 percuti!
1239 954 1327 1017 50,
1356 952 1443 1006 51.
1475 950 1531 1005 Si
1565 950 1710 1004 enim
1742 964 1863 1018 quae
1891 947 2154 1011 destruxi,
2187 948 2240 999 in
2291 946 2400 1015 lege
2425 963 2533 999 esse
2567 945 3022 1014 justiﬁcationem,
3058 946 3251 998 iterum
3301 943 3417 997 haec
3467 938 3761 1003 rcmdilico;

492 1046 969 1113 praevaricatorem
1001 1060 1086 1097 me
1118 1044 1419 1107 constituo,
1452 1059 1554 1095 non
1577 1042 1793 1095 credens
1821 1040 1960 1110 quod
1986 1040 2121 1101 dico,
2154 1040 2208 1091 id
2236 1049 2330 1103 est,
2364 1055 2455 1107 per
2503 1037 2665 1106 legem
2706 1037 3015 1107 justiﬁcari.
3061 1035 3214 1090 Unde
3250 1035 3397 1089 hoc?
3432 1032 3762 1103 Respondet:

493 1136 616 1193 cur!
639 1138 762 1205 quia
794 1153 911 1204 qua:
939 1135 1203 1197 destruxi,
1235 1133 1516 1187 constituo.
1559 1132 1648 1194 52,
1674 1129 1762 1195 55,
1797 1130 1886 1184 54.
1938 1130 2051 1199 Ego
2072 1131 2213 1183 enim
2247 1144 2342 1198 per
2365 1128 2535 1195 legem
2573 1126 2925 1197 spiritualem,
2966 1125 3069 1194 legi
3122 1134 3368 1177 mortuus
3400 1137 3546 1186 sum,
3576 1130 3635 1175 ut
3664 1121 3775 1176 Deo.

493 1227 697 1288 vivam;
731 1225 820 1278 55.
854 1223 1094 1285 Christo,
1124 1221 1384 1290 sequendo
1409 1222 1523 1288 eius
1554 1220 1785 1289 vestigia,
1821 1219 2065 1272 conlisus
2104 1234 2221 1272 sum
2249 1217 2417 1270 cruci.
2448 1216 2535 1269 56.
2593 1214 2725 1269 Vivo
2775 1224 2978 1278 autem,
3002 1214 3116 1287 jam
3147 1227 3251 1268 non
3282 1228 3383 1282 ego
3412 1224 3465 1266 ut
3493 1214 3663 1280 prius,
3691 1214 3763 1268 vel

489 1318 579 1384 qui
608 1317 685 1384 lui
718 1331 737 1368 :
761 1314 852 1377 57,
880 1312 968 1367 58.
997 1313 1128 1366 vivit
1154 1328 1283 1366 vero
1311 1312 1361 1364 in
1396 1327 1479 1364 me
1505 1310 1776 1373 Christus,
1810 1312 2056 1379 quoniam
2090 1309 2243 1362 vitam
2287 1308 2428 1360 illius
2472 1305 2817 1360 immortalem
2859 1317 3053 1374 sperat.
3102 1305 3350 1375 Exponit.
3405 1306 3562 1371 Quod
3592 1315 3760 1362 autent

492 1422 633 1457 nunc
663 1405 787 1457 vivo
814 1403 866 1456 in
898 1417 1085 1465 carne,
1113 1401 1165 1454 in
1203 1401 1305 1455 ﬁde
1337 1401 1458 1455 vivo
1488 1399 1607 1452 Filii
1639 1398 1753 1462 Dci,
1788 1399 1878 1467 qni
1912 1398 2098 1451 dilexit
2120 1412 2226 1461 me,
2252 1396 2619 1466 (commendat)
2648 1404 2703 1449 ct
2733 1395 2951 1449 tradidit
2976 1396 3327 1465 semetipsum
3355 1410 3453 1466 pro
3486 1412 3592 1450 me.
3618 1395 3756 1453 Ideo.

490 1496 579 1553 59.
619 1496 707 1548 40.
748 1494 860 1550 Non
893 1493 1087 1561 abjicio
1111 1492 1340 1562 gratiam
1373 1492 1487 1546 Dei.
1522 1491 1614 1557 4|,
1646 1491 1734 1544 42.
1762 1490 1821 1546 Si
1851 1490 1995 1546 enim
2025 1505 2119 1559 per
2146 1488 2317 1559 legem
2341 1486 2573 1557 iustitia,
2599 1503 2699 1541 non
2727 1503 2819 1557 per
2841 1497 3058 1541 mortem
3083 1486 3302 1550 Christi,
3325 1501 3457 1555 ergo
3485 1484 3571 1539 45.
3602 1487 3763 1555 gratis

490 1590 741 1645 Christus
773 1595 1018 1642 mortuus
1047 1595 1151 1639 est.

1880 1669 2350 1729 MMENTARIUS.

804 1714 807 1715 ν
1880 1677 1904 1729 .i
2003 1673 2072 1727 tN
2126 1673 2350 1727 ARIUS.
2476 1712 2477 1715 η
3418 1688 3421 1689 ν

472 1780 483 1784 ”
559 1774 649 1827 26.
691 1771 771 1825 Ex
793 1769 1032 1840 operibus
1058 1768 1203 1839 tegis.
1234 1767 1311 1822 Ex
1332 1768 1587 1836 operibus
1612 1767 1764 1837 legis,
1785 1673 2152 1831 ἓιῖιζῦἶιξηιτιι
2183 1764 2301 1833 lege
2327 1762 2675 1831 prmdicatum
2705 1760 2884 1815 iuveni
2916 1757 3224 1827 Christum,
3252 1760 3338 1816 cui
3362 1762 3611 1828 credens,
3631 1776 3761 1818 mor-

493 1868 537 1922 si
568 1870 668 1921 hoc
698 1872 863 1926 esset,
883 1878 986 1915 non
1015 1862 1066 1915 in
1100 1860 1317 1914 Christo
1348 1867 1555 1912 tantum
1584 1855 2077 1925 essetjustiﬁcalio,

494 1962 586 2017 sed
613 1961 663 2012 in
695 1957 911 2012 Christo
931 1963 1136 2009 tantmn
1168 1962 1270 2007 cst.
1305 1952 1359 2007 Si
1394 1952 1446 2005 in
1480 1952 1702 2006 Christo
1736 1958 1941 2004 tantmn
1976 1963 2081 2002 non

498 2060 583 2104 est
625 2046 970 2118 justiﬁcatio,
1030 2057 1321 2113 peccamus
1377 2042 1492 2111 qni,
1528 2042 1838 2095 deserentes
1890 2039 2082 2109 legem,

494 2141 791 2209 ipnerimus
820 2144 1028 2189 tantum
1053 2134 1104 2185 in
1135 2132 1355 2187 Christo
1377 2133 1703 2203 justilicari;
1735 2132 1827 2185 sed
1856 2131 1955 2184 hoc
1978 2146 2082 2182 nun

492 2239 606 2293 e;t;
640 2243 762 2280 nam
790 2226 835 2278 si
865 2226 969 2278 hoc
996 2232 1165 2287 esset,
1196 2223 1338 2291 quod
1391 2237 1746 2292 peccaremus
1784 2227 2087 2288 quaerentes

494 2315 1013 2385 tantumjustilicari
1050 2330 1144 2383 per
1174 2313 1477 2377 Christum,
1531 2312 1779 2367 Christus
1833 2310 2085 2363 minister

493 2419 638 2463 eset
666 2406 907 2477 peccati;
943 2405 1035 2459 sed
1064 2405 1164 2457 hoe
1195 2404 1335 2457 absit
1367 2412 1424 2457 ut
1464 2402 1716 2456 Chrisuts
1741 2402 1810 2454 sit
1838 2401 2085 2453 minister

495 2496 732 2567 peccati!
765 2509 895 2563 ergo
940 2509 1047 2545 non
1103 2507 1391 2560 peccamus
1445 2498 1749 2556 qttazrcntes
1790 2488 1839 2540 in
1869 2488 2085 2541 Chriszo

495 2602 702 2643 tantum
732 2585 1047 2655 iustiﬁcari.
1082 2583 1234 2650 Quod
1289 2583 1331 2636 si
1360 2596 1544 2634 verum
1578 2589 1681 2644 est,
1710 2594 1838 2649 ergo
1866 2596 1928 2633 ex
1958 2593 2087 2648 ope-

491 2683 642 2736 rihns
664 2679 799 2750 legis
826 2693 929 2732 non
949 2676 1005 2744 ju
1026 2676 1343 2729 .tilieabitur
1368 2675 1550 2727 ontuis
1573 2689 1732 2738 caro;
1763 2690 1888 2727 nam
1912 2673 1957 2726 si
1978 2674 2083 2726 hoc

500 2774 712 2836 dixero,
739 2770 1214 2841 prtevaricatorcm
1242 2781 1327 2821 me
1350 2768 1639 2830 constituo,
1670 2768 1759 2835 qui
1794 2766 1962 2833 legem
1991 2765 2085 2817 de-

496 2865 788 2927 scruerim,
813 2878 975 2931 quam
992 2863 1071 2930 ju~
1090 2860 1386 2915 tilicantem
1419 2859 1677 2914 concedo.

559 2957 649 3010 27.
694 2956 933 3009 Auauos.
978 2951 1131 3016 Quod
1186 2952 1229 3004 si
1269 2961 1582 3020 qumrentes.
1631 2950 1725 3003 Est
1750 2949 2082 3004 obscuritate

492 3047 764 3102 involutus
818 3042 1143 3098 intellectus.
1180 3042 1305 3096 Vult
1351 3051 1531 3095 autem
1579 3042 1782 3106 dicere,
1815 3042 1958 3110 quod
1992 3056 2077 3095 se-

2191 1863 2314 1907 tuus
2341 1870 2457 1907 sum
2486 1853 2610 1923 legi.

2259 1946 2347 2000 55.
2386 1945 2821 2015 Aecusr.(ibid.)
2843 1944 2950 2014 Ego
2971 1946 3106 1998 enim
3126 1961 3218 2015 per
3238 1944 3422 2014 legem.
3452 1943 3587 2011 Quia
3618 1945 3762 2016 125

2188 2037 2405 2093 Judmus
2434 2038 2627 2105 fuerat,
2658 2046 2711 2093 et
2740 2047 2995 2105 tanquam
3039 2038 3387 2107 predagogunt
3419 2036 3588 2104 legem
3622 2053 3767 2092 acce-

2188 2139 2361 2200 perat.
2389 2131 2501 2184 lloe
2524 2140 2704 2185 autem
2728 2141 2915 2200 agitur
2944 2144 3040 2198 per
3086 2130 3461 2199 pmdagognm,
3491 2141 3547 2181 ut
3569 2143 3669 2181 non
3700 2129 3775 2183 sit

2188 2237 2322 2291 Opus
2350 2223 2650 2292 paedagogo
2690 2240 2703 2276 :
2756 2222 2896 2276 sicut
2944 2236 3040 2291 per
3084 2224 3248 2275 ubera
3306 2222 3548 2275 nutritur
3577 2219 3763 2287 iulans,

2189 2320 2245 2364 ιιι
2263 2310 2373 2379 jam
2406 2311 2664 2365 uberibus
2686 2328 2790 2365 non
2817 2312 3073 2380 indigeat.

2257 2400 2345 2453 52.
2387 2400 2583 2453 Lmen.
2637 2399 2746 2469 Ego
2801 2402 2937 2453 enim
2971 2416 3064 2468 per
3118 2399 3304 2469 legent.
3361 2400 3446 2455 Ad
3496 2401 3763 2469 superiora

2187 2493 2465 2561 probanda
2510 2494 2669 2547 redit.
2738 2492 2883 2546 Dixit
2932 2508 3182 2562 superius
3231 2496 3373 2562 quod
3413 2510 3482 2548 ex
3522 2495 3766 2564 operibus

2187 2601 2293 2639 non
2318 2584 2646 2652 jnstiﬁcatnr
2693 2586 2871 2639 omnis
2915 2601 3042 2639 caro
3073 2602 3087 2652 ;
3116 2596 3172 2641 ct
3203 2588 3302 2641 hoc
3334 2589 3532 2657 probat
3589 2588 3764 2642 dicens

2186 2692 2245 2730 se
2269 2687 2536 2730 mortumn
2565 2676 2666 2746 legi
2689 2693 2799 2731 sua:
2822 2692 2919 2745 per
2942 2677 3108 2747 legem
3127 2678 3350 2741 Christi,
3386 2690 3443 2733 ιιι
3467 2680 3576 2733 Deo
3599 2680 3759 2745 vivat;

2186 2771 2384 2825 frustra
2431 2770 2577 2824 enim
2635 2779 2936 2824 moreretur
2962 2770 3063 2840 legi
3095 2786 3205 2825 sum
3235 2780 3291 2823 ιιι
3331 2771 3440 2825 Deo
3472 2774 3694 2835 viveret,
3723 2774 3763 2826 si

2188 2876 2281 2931 per
2310 2876 2428 2913 eam
2461 2858 2746 2929 jttstiﬁcari
2773 2869 2974 2929 posset,
3016 2876 3137 2914 cum
3171 2861 3304 2915 nihil
3357 2862 3432 2915 sit
3482 2862 3626 2916 aliud
3668 2863 3766 2915 Deo

2184 2952 2363 3005 vivere
2390 2966 2549 3019 quam
2581 2950 2633 3002 in
2667 2960 2959 3019 conspectu
2990 2953 3080 3005 Dei
3099 2950 3305 3019 justum
3335 2967 3477 3007 esse.

2254 3041 2345 3094 55.
2379 3038 2588 3093 Christo
2615 3040 2875 3108 conﬁxus,
2912 3042 2961 3095 id
3011 3051 3115 3105 cst,
3140 3059 3260 3096 ctum
3312 3044 3532 3097 Christo
3562 3045 3765 3099 cruciﬁ-

493 3139 728 3194 cundum
786 3135 963 3205 legem
1023 3149 1129 3188 non
1180 3133 1573 3203 justiﬁcemur;
1634 3134 1962 3187 accessimus
2014 3132 2078 3185 ad
2115 3144 2284 3201 ans
2319 3145 2436 3183 smn
2497 3130 2637 3184 sicut
2689 3130 2775 3183 ille
2807 3146 2988 3192 carne,
3040 3132 3111 3185 ita
3147 3147 3246 3202 ego
3300 3132 3448 3187 vitiis
3490 3141 3764 3188 ctconcu-

494 3232 772 3287 Christum
796 3227 949 3296 quasi
981 3241 1076 3296 per
1109 3241 1232 3280 eum
1259 3225 1613 3295 justiﬁeandi.
1646 3225 1702 3281 Si
1750 3236 1929 3281 autem
1974 3226 2083 3285 hac

492 3338 589 3393 spe
647 3321 700 3375 in
741 3334 863 3374 eum
907 3317 1190 3372 credentes
1226 3316 1527 3371 invenimur
1575 3326 1912 3385 peccatores,
1951 3317 2077 3384 quia

492 3412 671 3481 legem
700 3424 804 3464 non
825 3407 1186 3474 custodimus,
1219 3406 1431 3461 videtur
1458 3406 1691 3461 adventu
1741 3421 1840 3461 suo
1863 3405 2078 3477 peccati

496 3500 772 3560 exstitisse
797 3497 1067 3568 provisor.

563 3594 653 3647 28.
690 3594 932 3645 Accusr.
989 3586 1212 3659 (Expos.
1272 3588 1328 3643 iu
1370 3587 1541 3656 Epist.
1596 3589 1666 3642 ad
1725 3585 1844 3641 Gal.
1902 3604 1953 3643 c.
1996 3587 2081 3656 ιι.)

497 3688 649 3754 Quod
730 3687 775 3738 si
848 3694 1159 3754 quwrentes.
1224 3683 1308 3737 An
1350 3683 1488 3738 forte
1550 3683 1677 3752 quia
1741 3683 1795 3737 in
1868 3682 2085 3737 Christo

494 3777 782 3831 voluerunt
827 3774 1146 3841 jnstilicari,
1213 3773 1607 3843 peccaverunt?
1669 3773 1802 3838 Quia
1861 3773 1907 3827 si
1950 3772 2083 3840 justi

496 3876 654 3921 erant
688 3908 701 3928 ,
754 3866 938 3934 utique
986 3865 1128 3919 aliud
1181 3867 1470 3935 quaerendo
1519 3874 1899 3933 peccaverunt.
1973 3864 2083 3919 Sed

498 3959 543 4012 si
576 3958 647 4011 ita
688 3964 788 4019 est,
830 3972 959 4027 ergo
995 3954 1246 4011 Christus
1291 3956 1537 4010 minister
1574 3966 1654 4009 est
1679 3958 1905 4024 peccati.

522 4106 525 4109 _
566 4048 654 4103 29.
693 4047 891 4102 Latii-1t.
936 4047 1190 4118 Nunquid
1242 4048 1505 4104 Christus.
1547 4049 1621 4101 Ev
1665 4064 1894 4118 persona
1938 4050 2087 4105 inlir-

504 4158 715 4197 morum
755 4144 857 4197 hoc
903 4142 1004 4196 sibi
1057 4143 1208 4197 dicit.
1241 4143 1386 4196 Dixit
1434 4139 1647 4196 Judzeos
1681 4143 1936 4211 superius
1982 4159 2087 4199 non

507 4250 629 4289 esse
688 4242 1039 4304 peccatores;
1076 4244 1131 4286 et
1180 4240 1365 4301 postea
1415 4232 1700 4285 subintulit
1746 4235 1886 4303 quod
1924 4236 2088 4290 etiam

502 4324 991 4395 ipsijustiﬁcanlur
1012 4340 1076 4378 ex
1106 4322 1209 4375 ﬁde
1235 4319 1362 4375 Jesu
1389 4322 1623 4387 Christi;
1660 4323 1756 4377 sed
1797 4326 1975 4378 omnis
1998 4324 2089 4392 qui

497 4415 845 4481 justilicatur,
876 4414 929 4467 in
982 4422 1206 4482 peccato
1258 4411 1376 4466 fuit.
1432 4413 1725 4468 Videbatur
1772 4430 1901 4486 ergo
1948 4416 2087 4471 male

2181 3224 2483 3294 pisccntiis.

2254 3317 2342 3371 56.
2393 3316 2633 3368 Asianos.
2702 3314 2823 3368 l'iro
2881 3325 3078 3382 autem,
3157 3318 3281 3387 quia
3346 3318 3399 3374 in
3451 3319 3768 3389 baptismate

2205 3424 2234 3458 ιι
2259 3405 2391 3458 ortis
2444 3413 2495 3459 cl
2547 3404 2956 3459 resurrectiOnis
3014 3404 3185 3459 forma
3232 3408 3504 3477 impletur.
3556 3410 3628 3462 Ea
3659 3425 3769 3479 qut:

2189 3499 2303 3567 ipsa
2330 3514 2385 3550 re
2411 3497 2585 3549 futura
2614 3506 2758 3561 sunt,
2787 3496 3053 3564 factajam
3084 3499 3233 3564 dicit,
3267 3502 3393 3569 quia
3433 3516 3622 3555 eorum
3675 3505 3763 3554 ha-

2185 3590 2273 3643 bet
2303 3604 2470 3659 Spem.

2257 3684 2347 3736 57.
2414 3681 2546 3735 Vivit
2600 3698 2715 3737 rero
2760 3683 2813 3736 in
2860 3699 2954 3737 me.
2993 3681 3258 3747 Christus,
3315 3684 3575 3753 quoniam
3633 3684 3765 3738 illius

2189 3775 2353 3826 vitam
2382 3774 2666 3828 mortalem
2694 3790 2788 3843 spe
2816 3775 2967 3827 vivit.

2257 3866 2347 3920 58.
2402 3866 2644 3920 Accus'r.
2681 3866 2859 3936 (ibid.)
2917 3865 3050 3919 Vivit
3116 3882 3233 3919 t-ero
3282 3867 3342 3925 in
3387 3884 3468 3920 me
3515 3866 3764 3921 Christus.

2192 3956 2335 4011 Vivit
2382 3971 2512 4010 vero
2564 3956 2616 4010 in
2674 3973 2758 4011 me
2809 3957 3076 4021 Christus,
3136 3959 3263 4027 quid
3304 3960 3479 4027 ergo?
3513 3959 3656 4030 Naga
3699 3968 3769 4021 te,

2192 4048 2297 4104 noli
2330 4058 2383 4102 tu
2418 4050 2531 4119 ipse
2556 4050 2737 4103 vivere
2779 4052 2829 4103 in
2865 4058 2936 4103 te.
2966 4050 3103 4115 Quid
3155 4060 3238 4104 est
3287 4051 3396 4105 noli
3426 4060 3482 4105 tu
3517 4052 3693 4106 vivere
3719 4051 3766 4104 iu

2193 4150 2264 4203 te,
2297 4141 2398 4194 nisi
2434 4140 2612 4196 facere
2644 4141 2974 4196 voluntatem
3004 4152 3178 4207 tuam,
3216 4143 3310 4197 sed
3344 4143 3490 4198 illius
3512 4144 3599 4213 qui
3627 4143 3770 4197 habi-

2194 4240 2271 4286 tat
2297 4233 2349 4285 in
2380 4241 2429 4284 te
2462 4231 2483 4284 ?

2262 4321 2349 4376 59.
2378 4322 2553 4391 (ibid)
2587 4319 2709 4375 Non
2757 4321 2974 4390 ubjicio.
3010 4322 3066 4376 Si
3097 4338 3227 4393 ergo
3265 4339 3352 4377 me
3412 4323 3658 4378 Christus
3695 4324 3768 4376 di-

2197 4412 2349 4476 Iexit,
2376 4421 2431 4465 et
2458 4413 2677 4467 tradidit
2707 4413 3056 4480 semetipsum
3117 4429 3212 4482 pro
3263 4429 3369 4477 me,
3401 4429 3508 4467 non
3567 4415 3766 4467 irritam

499 4504 817 4574 intelligenti
866 4504 956 4576 1L,
991 4501 1263 4573 intelligi],
1296 4513 1355 4556 ut
1394 4504 1645 4559 Christus
1672 4517 1890 4574 peccata
1928 4507 2078 4576 prius
2110 4493 2150 4549 Ο
2186 4503 2325 4558 lacio
2348 4505 2576 4571 gratiam
2613 4505 2800 4566 Dei,ut
2832 4506 3004 4557 dicam
3030 4521 3125 4572 per
3154 4505 3324 4574 legem
3348 4521 3469 4559 esse
3490 4504 3767 4572 justitiam.

500 4597 849 4661 ministraret,
897 4606 949 4649 ιιι
1003 4610 1100 4664 per
1151 4593 1310 4647 ﬁdem
1342 4603 1396 4649 et
1437 4596 1668 4663 gratiam
1709 4613 1858 4651 suam
1893 4609 2077 4667 postea

497 4687 813 4741 viviﬁcarct.

572 4778 661 4829 50.
705 4776 764 4830 Si
795 4776 928 4829 enim
979 4791 1095 4843 qum
1126 4774 1380 4828 destruxi.
1423 4775 1586 4841 Quasi
1648 4776 1852 4832 diceret
1887 4797 1898 4830 :
1929 4778 2079 4833 Hanc

498 4872 857 4941 qmestionent
886 4883 1025 4936 swpe
1051 4868 1179 4920 mihi
1206 4868 1506 4937 oppositam
1545 4869 1819 4935 destruxi;
1844 4885 2002 4939 quam
2033 4873 2075 4925 si

504 4964 697 5016 iterum
756 4960 985 5024 :euilico,
1028 4959 1337 5013 ntemlaccm
1386 4968 1441 5013 ct
1493 4960 1959 5029 praevaricatorem
1993 4979 2078 5017 me

497 5053 787 5107 C0nstituo.

564 5142 652 5195 5|.
672 5141 914 5195 Avcesr.
937 5138 1109 5208 (ibid.)
1134 5137 1191 5193 Si
1212 5139 1346 5192 enim
1368 5156 1485 5210 qua:
1515 5141 1769 5195 destruxi.
1799 5142 2078 5198 Dcstruxit

503 5240 685 5284 autem
719 5226 1026 5297 superbiant
1066 5227 1386 5296 gloriantem
1429 5231 1494 5284 de
1520 5230 1774 5299 operibus
1804 5230 1934 5301 legis
1961 5248 2080 5301 qum

502 5319 711 5374 destrui
738 5326 794 5371 et
820 5316 1037 5371 deberet
1066 5326 1119 5371 et
1151 5326 1350 5387 posset,
1404 5333 1468 5372 ne
1499 5322 1671 5389 gratia
1703 5320 1822 5375 ﬁdei
1870 5322 2078 5378 videre—

497 5422 588 5466 tur
617 5427 721 5465 non
752 5409 1088 5476 necessaria;
1119 5420 1173 5465 ct
1203 5410 1321 5464 ideo
1353 5412 1737 5480 praevaricator
1757 5422 1858 5475 est,
1887 5430 1931 5467 ει
1961 5430 2080 5467 rur-

497 5518 589 5557 sus
627 5502 712 5556 illa
741 5499 989 5563 aediﬁcat,
1024 5501 1208 5555 dicens
1236 5502 1378 5571 quod
1404 5517 1564 5572 opera
1607 5503 1767 5556 etiam
1803 5504 1937 5573 legis
1964 5504 2079 5559 sine

500 5596 672 5663 gratia
703 5593 1025 5666 justiﬁeant,
1069 5602 1125 5648 ιιι
1186 5591 1439 5648 Christus
1477 5594 1683 5663 peccati
1724 5593 1972 5647 minister
2000 5594 2077 5647 in-

496 5684 764 5737 veniatur.

492 5842 495 5845 _
567 5773 656 5828 52.
699 5773 934 5831 Asianos.
972 5778 1080 5847 Ego
1112 5780 1249 5833 enim
1300 5794 1391 5837 per
1437 5775 1621 5847 legem.
1670 5773 1726 5834 In
1779 5775 1886 5834 ipsa
1931 5777 2072 5831 enim

2250 4596 2342 4650 40.
2382 4596 2583 4650 Laxrn.
2614 4593 2734 4649 Non
2765 4596 2973 4665 ubjicio.
3006 4598 3288 4661 Quamvis,
3329 4598 3527 4666 inquit,
3565 4598 3770 4650 Judzcus

2187 4689 2311 4751 sint,
2344 4697 2398 4741 et
2447 4687 2790 4741 observantia
2846 4688 2982 4756 legis
3035 4688 3221 4741 videar
3270 4704 3392 4743 esse
3438 4689 3634 4756 justus,
3668 4706 3762 4742 non

2188 4786 2367 4830 tamen
2400 4774 2596 4843 abjicio
2626 4778 2852 4844 gratiam
2888 4776 3001 4840 Dei,
3036 4777 3084 4829 id
3116 4787 3221 4840 est,
3253 4779 3625 4833 remissionem
3653 4795 3766 4848 pee-

2176 4877 2434 4922 catorum
2464 4882 2558 4935 per
2585 4867 2742 4921 ﬁdem
2787 4867 3010 4921 Christi.

2248 4957 2339 5011 41.
2368 4955 2428 5011 Si
2462 4960 2598 5010 enim
2625 4957 2921 5026 perlegam.
2953 4958 3035 5011 Ad
3064 4959 3352 5028 superiora
3389 4962 3519 5015 item
3551 4962 3768 5031 proban-

2181 5053 2243 5106 da
2273 5050 2433 5114 redit,
2466 5051 2588 5120 quin
2613 5068 2675 5103 ea:
2704 5053 2940 5118 operibus
2971 5052 3097 5121 legis
3127 5071 3229 5106 non
3253 5055 3583 5123 justi/iratur
3602 5062 3761 5107 omnis

2181 5159 2327 5206 curo,
2350 5150 2456 5194 etc.
2487 5142 2826 5194 Contrariam
2859 5151 3063 5209 partem
3092 5144 3158 5197 ad
3190 5145 3576 5199 inconveniens
3605 5146 3764 5198 dutit.

2254 5235 2341 5288 42.
2382 5234 2439 5289 Si
2463 5235 2597 5288 enim
2628 5251 2720 5303 per
2750 5234 2908 5303 legent
2938 5234 3171 5303 justitin,
3197 5246 3302 5290 etc.
3341 5239 3533 5292 Adhuc.
3579 5239 3767 5307 prohat

2185 5339 2283 5393 per
2322 5324 2492 5393 legem
2520 5339 2623 5377 non
2657 5339 2776 5377 esse
2812 5322 3121 5391 justitiam;
3175 5340 3300 5378 nam
3352 5327 3397 5379 si
3441 5329 3544 5381 hoc
3603 5334 3765 5386 esset,

2187 5430 2291 5469 non
2319 5423 2464 5468 esset
2510 5429 2605 5482 per
2644 5414 2920 5468 Christum
2951 5431 2965 5479 ;
2995 5417 3097 5469 etsi
3146 5432 3252 5469 non
3305 5428 3454 5472 esset
3486 5434 3578 5487 per
3606 5416 3762 5471 Chri—

2187 5514 2351 5568 stum,
2400 5520 2545 5558 mors
2584 5504 2783 5559 Christi
2836 5506 3007 5573 gratis
3038 5504 3161 5567 fuit,
3193 5507 3242 5559 id
3287 5516 3393 5570 est,
3445 5523 3617 5570 cassa,
3646 5520 3765 5561 cum

2180 5595 2382 5648 nullum
2413 5597 2645 5650 fructum
2678 5596 2940 5651 attulerit.
2973 5598 3115 5654 Inter
3144 5597 3519 5655 dillinitiouem
3543 5608 3595 5654 et
3620 5596 3753 5652 ditii-

2183 5687 2373 5742 nilum.

2250 5777 2338 5831 45.
2367 5776 2605 5832 Christus
2629 5780 2792 5847 gratis
2841 5789 3073 5834 mortuus
3103 5790 3199 5835 est.
3254 5780 3334 5837 Ad
3388 5781 3491 5838 hoc
3518 5779 3759 5837 Christus
