3880 6306
836 439 901 493 IN
939 441 999 493 ι).
1039 436 1244 494 PAULI
1284 435 1497 492 EPIST.
1542 435 1895 492 COMMENT.
1919 465 1987 472 —
2013 434 2227 491 EPIST.
2270 426 2360 489 AD
2396 436 2646 491 GALAT.
3282 424 3390 493 επ)

1566 569 1793 626 CAPUT
1833 568 1915 622 Ill.

189 680 235 732 1.
266 678 309 733 Ο
339 679 603 733 insensati
628 678 861 743 Calatte,
888 679 1010 747 quis
1033 694 1127 732 vos
1152 680 1405 734 facinavit
1429 682 1641 751 (tenera:
1668 699 1747 737 res
1779 694 1824 735 et
1849 672 2126 733 imbecilles
2150 679 2398 730 dicuntur
2425 673 2699 744 fascinari)
2728 692 2832 731 non
2880 677 3119 732 obetlirc'
3142 679 3384 747 veritati,

123 772 325 835 ιλιι,
377 782 509 827 ante
537 787 768 841 quorum
826 772 1010 827 oculos
1052 774 1106 826 5.
1160 772 1318 827 Jcsns
1376 774 1628 830 Christus

1815 774 2035 843 teriptus
2081 779 2185 835 est,
2214 769 2497 821 damnatus
2530 776 2625 832 est,
2680 765 2805 818 dum
2838 781 2923 817 ros
2958 765 3242 829 ha’reditas
3286 785 3386 821 sua

122 861 482 914 subtrahintini
510 862 627 923 sibi,
663 862 715 917 in
748 864 899 917 vobis
923 866 1252 920 cruciﬁms?
1289 877 1336 918 et
1364 867 1472 936 ipse
1496 869 1907 921 exha'redttatur
1930 864 2213 932 crucifixus
2259 876 2354 931 pro
2407 860 2566 923 robis,
2622 856 2704 912 rel
2733 856 2977 915 lt'tbettles
3026 864 3079 915 in
3130 859 3387 919 memoria

122 951 275 1015 ipsum
304 965 415 1001 esse
450 967 665 1017 passum
693 968 788 1019 pro
820 953 977 1006 vobis.
1005 953 1055 1007 6.
1093 954 1203 1008 Iloc
1230 955 1406 1009 solum
1430 971 1461 1009 a
1492 956 1642 1010 vobis
1672 956 1794 1011 volo
1829 954 2059 1010 discere.
2097 953 2147 1005 7.
2175 952 2253 1006 Ex
2300 950 2556 1024 operibus
2601 948 2655 1007 8.
2688 952 2821 1022 legis
2872 955 3120 1023 spiritum
3177 950 3392 1026 accepir

120 1040 226 1100 Stis,
259 1055 324 1091 an
354 1055 422 1093 ex
456 1042 643 1094 auditu
674 1041 827 1095 ﬁdei?
857 1036 941 1097 Ea:
970 1046 1065 1098 hoc
1094 1047 1289 1115 utique.
1324 1045 1415 1101 Sic
1446 1047 1594 1101 stulti
1632 1036 1765 1102 estis
1825 1048 1878 1102 9.
1939 1057 1997 1100 ut
2026 1062 2148 1101 cum
2186 1047 2377 1117 spiritu
2409 1046 2690 1115 cmperitis
2713 1084 2727 1111 ,
2758 1061 2897 1100 nunc
2934 1062 3096 1101 carne
3132 1063 3392 1102 consum-

120 1132 755 1200 mentini?Spiritualiter
783 1135 946 1189 vivere
975 1138 1277 1206 inctepistis,
1308 1140 1376 1192 ad
1415 1139 1655 1193 carnales
1707 1140 2063 1193 observantlas
2113 1138 2359 1192 redeatis.
2418 1136 2559 1206 Ergo
2599 1135 2722 1206 quia
2772 1134 2930 1201 ﬁdem
2983 1152 3085 1189 non
3142 1138 3341 1190 habetis
3380 1177 3395 1199 ,

120 1219 275 1273 Tanta
315 1224 462 1291 passi
483 1224 616 1277 estis
644 1225 725 1277 10.
765 1225 879 1281 sine
898 1212 1159 1282 causa?si
1187 1238 1367 1283 tamen
1395 1231 1511 1284 sine
1535 1245 1698 1285 causa
1730 1230 1932 1300 (repetit
1960 1247 2076 1300 qua:
2105 1220 2236 1283 dixit
2254 1269 2271 1295 ,
2301 1246 2366 1282 c1:
2394 1229 2635 1297 opertbus
2682 1229 2808 1296 .egis
2855 1228 3095 1295 spiritum
3140 1246 3243 1282 non
3291 1229 3390 1305 hag-

119 1313 242 1380 bere,
280 1319 372 1371 sed
392 1335 461 1371 ea:
481 1319 605 1385 ﬁde,
645 1321 767 1389 quia
798 1319 1089 1384 Abraham,
1114 1321 1246 1385 etc.)
1278 1318 1382 1387 Qui
1414 1336 1543 1388 ergo
1576 1322 1766 1377 tribuit
1794 1320 1948 1375 vobis
1976 1321 2248 1391 spiritum,
2286 1330 2335 1374 et
2363 1329 2619 1388 operatur
2641 1319 2868 1373 virtutes
2896 1320 2948 1375 in
2978 1321 3149 1383 vobis,
3173 1336 3237 1375 ex
3260 1338 3390 1393 ope-

120 1408 271 1483 ribus,
302 1420 525 1476 propter
554 1426 731 1478 opera,
760 1408 916 1480 legis,
946 1426 1013 1463 an
1050 1426 1114 1465 ex
1140 1412 1346 1486 auditur,
1383 1422 1593 1482 propter
1615 1412 1876 1477 auditum,
1904 1413 2026 1467 ﬁdei
2053 1413 2234 1466 tribuit
2262 1412 2398 1465 hoc."
2450 1412 2603 1466 Sicut
2647 1410 2905 1478 scriptum
2936 1419 3017 1464 est
3051 1429 3063 1463 :
3092 1412 3295 1480 (probat
3339 1415 3390 1486 si

119 1490 367 1552 Abraham
397 1517 496 1569 per
523 1500 703 1571 ﬁdem)
728 1485 1264 1555 Abraham'credidit
1293 1502 1425 1566 Deo,
1454 1503 1507 1555 id
1542 1512 1634 1568 est,
1663 1503 1822 1571 ﬁdem
1849 1502 2053 1566 habuit,
2074 1511 2122 1556 et
2148 1518 2213 1556 ea:
2240 1519 2299 1554 ca
2320 1502 2605 1570 justitiam,
2655 1510 2711 1555 et
2740 1510 3041 1569 rcputatum
3072 1512 3156 1555 est
3187 1502 3259 1555 illi
3318 1485 3390 1557 ad

112 1585 386 1651 justitiam.
420 1590 509 1645 Il.
544 1588 865 1661 Cognoscitc
891 1607 1019 1660 ergo
1050 1591 1173 1659 quia
1206 1592 1295 1659 qui
1327 1608 1392 1645 ex
1422 1591 1526 1646 ﬁde
1553 1601 1699 1656 sunt,
1736 1592 1770 1644 ii
1802 1601 1927 1645 sunt
1980 1591 2074 1644 ﬁlii
2121 1590 2373 1645 Abrahzc.
2403 1590 2703 1644 Providens
2733 1598 2915 1643 autem
2964 1590 3269 1659 Scriptura,
3318 1609 3385 1646 ca:

116 1678 356 1747 ﬁdejusli
381 1692 529 1745 sunt,
559 1700 679 1735 nam
709 1680 983 1752 Scriptura
1006 1683 1154 1747 dicit;
1187 1681 1443 1737 Geneseos
1477 1700 1575 1750 xu,
1603 1685 1727 1755 quia
1760 1699 1825 1738 ex
1857 1682 2241 1751 ﬁdejustiﬁcat
2271 1694 2459 1754 gentes
2493 1684 2654 1749 Deus,
2716 1683 3098 1751 pratnuntiavit
3145 1684 3385 1738 Abraha:

116 1770 225 1836 quia
257 1788 269 1823 :
300 1772 385 1824 l-Z.
426 1773 816 1827 benedicentur
848 1774 900 1827 in
931 1782 1001 1837 te,
1024 1776 1076 1827 in
1115 1784 1220 1827 tute
1246 1774 1371 1843 ﬁdei
1405 1776 1737 1838 imitatione;
1768 1774 1842 1828 vel
1873 1775 1924 1827 in
1952 1791 2032 1839 eo,
2058 1775 2149 1842 qui
2176 1783 2423 1828 nascetur
2450 1789 2514 1827 ea:
2558 1783 2626 1836 te,
2675 1773 2728 1825 id
2760 1782 2858 1835 est,
2916 1771 3142 1836 Christo,
3193 1788 3385 1828 omnes

116 1872 304 1927 gentes.
329 1863 526 1934 igitur,
558 1868 683 1935 quia
712 1866 988 1933 Scriptura
1021 1862 1263 1930 testatur,
1297 1868 1386 1935 qui
1422 1883 1488 1922 ex
1519 1869 1623 1919 title
1656 1877 1782 1922 sunt
1814 1867 2225 1930 benedicentur,
2254 1866 2307 1919 id
2334 1876 2430 1930 est,
2454 1864 2914 1935 justiﬁcabuntur,
2948 1879 3069 1918 cutn
3103 1865 3244 1920 ﬁdeli
3273 1866 3383 1919 sic-

116 1962 166 2005 ut
194 1954 361 2009 ﬁdelis
389 1955 685 2010 Abraham.
723 1956 807 2010 15.
841 1952 1159 2024 Quicunque
1180 1952 1325 2009 enim
1352 1972 1418 2010 ex
1444 1956 1695 2024 operibus
1722 1956 1852 2026 legis
1880 1964 2022 2018 sunt,
2062 1956 2162 2010 sub
2184 1953 2470 2009 maledicto
2499 1964 2641 2010 sunt.
2676 1955 2947 2025 Scriptum
2974 1965 3057 2011 est
3087 1957 3231 2011 enim
3263 1997 3279 2021 ,
3326 1958 3384 2011 in

118 2038 508 2098 Deuterouomio
549 2060 695 2099 xxvii
741 2064 753 2098 :
798 2045 1006 2115 (hujus
1038 2048 1408 2116 prepositionis
1447 2048 1719 2116 prtvmissa
1758 2057 1832 2101 est
1867 2048 1932 2101 ab
1971 2046 2332 2114 auctoritate)
2389 2045 2473 2099 H.
2540 2045 2854 2101 Maledictus
2916 2048 3094 2101 omnis
3139 2048 3230 2116 qui
3271 2062 3381 2104 non

118 2134 461 2198 permanserit
503 2134 554 2188 in
577 2135 831 2190 omnibus
866 2135 1197 2205 (assumptio,
1221 2146 1269 2190 ct
1295 2137 1582 2208 conclusio)
1610 2153 1729 2208 qua:
1749 2138 1954 2208 scripta
1994 2145 2120 2192 sunt
2152 2137 2205 2190 in
2249 2135 2386 2191 libro
2408 2137 2588 2207 Legis,
2614 2146 2673 2192 ut
2717 2138 2881 2192 iaciat
2924 2154 2987 2194 ea
3034 2140 3383 2210 126-127

118 2218 239 2290 Ergo
287 2227 358 2293 (et
400 2226 585 2293 repetit
637 2225 809 2279 locum
867 2244 899 2279 a
948 2229 1259 2297 contrario.)
1312 2228 1578 2294 Quoniam
1608 2222 1786 2283 autem
1840 2230 1891 2282 in
1920 2229 2039 2299 lege
2074 2244 2232 2283 nemo
2252 2228 2585 2301 justiﬁcatur
2612 2231 2753 2300 apud
2794 2232 2994 2296 Deum,
3035 2232 3383 2286 manifestum

115 2322 205 2374 σει,
229 2315 347 2381 quia
372 2314 558 2384 justus
586 2315 669 2368 15.
706 2330 769 2369 ex
798 2316 900 2371 ﬁde
927 2318 1074 2371 vivit.
1112 2317 1311 2372 Diceret
1338 2320 1528 2390 aliquis
1551 2334 1570 2373 :
1601 2318 1705 2373 Lex
1730 2329 1803 2372 est
1836 2318 1990 2388 ﬁdes,
2021 2328 2068 2372 et
2098 2320 2171 2372 sic
2185 2319 2400 2388 justitia
2419 2336 2483 2373 ex
2511 2319 2638 2388 lege.
2674 2322 2757 2374 16.
2790 2321 2899 2376 Lex
2929 2333 3111 2389 autem
3155 2339 3261 2378 non
3295 2328 3385 2377 est

130 440 226 494 269

1414 2496 1978 2553 COMMENTARIUS.

120 2637 344 2685 mortuus
380 2638 467 2685 est
498 2638 558 2703 ut
586 2629 871 2685 credentes
896 2631 950 2684 in
977 2646 1037 2686 se
1071 2629 1249 2699 justos
1277 2629 1501 2686 faceret.
1551 2630 1686 2686 Gra-
1715 2634 1760 2689 Α
1786 2638 1839 2687 et
1864 2630 1987 2684 ideo
2007 2628 2141 2683 dicit
2169 2645 2181 2682 :
2208 2627 2349 2699 Ergo
2370 2629 2599 2685 virtutes
2629 2629 2923 2686 habetisex
2953 2633 3075 2687 lide.
3111 2650 3230 2704 qme
3254 2650 3379 2692 sunt

121 2719 176 2772 tis
201 2736 323 2792 ergo
364 2730 618 2777 mortuus
644 2730 748 2787 est,
779 2722 826 2776 si
874 2721 1062 2794 legalis
1117 2722 1463 2778 observantia
1506 2724 1685 2793 justos

120 2806 277 2866 facere
304 2812 511 2882 posset.

176 2912 313 2970 CAP.
347 2916 434 2971 ΙΙΙ.
458 2946 528 2956 -
556 2917 608 2971 1.
648 2917 889 2973 Attenes.
936 2918 980 2973 0
1026 2920 1279 2974 intensati
1328 2916 1564 2975 Calatis!
1600 2922 1684 2977 ln-

120 3003 379 3071 terjectunt
417 3016 524 3068 est,
551 3008 620 3064 ab
645 3022 712 3064 eo
735 3009 873 3077 loco,
908 3025 1077 3079 usque
1125 3010 1193 3065 ad
1248 3011 1414 3077 hunc,
1454 3011 1621 3067 solum
1651 3029 1683 3067 a

120 3096 240 3151 vobis
260 3101 394 3161 volo,
419 3110 524 3156 etc.
552 3100 771 3158 Poterat
791 3101 936 3157 enim
961 3103 1141 3158 dicere
1167 3117 1181 3157 :
1217 3102 1330 3159 lloc
1359 3104 1533 3159 solum
1564 3104 1683 3159 volo

120 3199 144 3237 a
164 3189 299 3245 vobis
318 3192 553 3247 discere.

176 3299 227 3354 2.
256 3302 387 3357 Ante
410 3319 634 3373 quorum
663 3304 861 3361 oculos.
891 3304 1249 3376 Praescriptus
1269 3317 1352 3363 est
1374 3316 1427 3364 et
1451 3309 1503 3362 in
1531 3308 1683 3363 vobis

122 3395 428 3462 cruciﬁxus;
467 3395 583 3450 vult
609 3396 826 3466 quidem
883 3399 1066 3454 dicere
1115 3399 1281 3470 quod,
1338 3414 1463 3454 cum
1512 3399 1683 3455 multo

123 3480 289 3539 altectu
350 3487 516 3542 verba
556 3486 738 3542 crucis
793 3487 1048 3553 audistis,
1095 3488 1171 3542 ita
1218 3496 1278 3541 ut
1320 3496 1449 3543 ante
1495 3487 1684 3543 oculos

123 3589 310 3637 nostros
332 3584 696 3655 depingeretis
725 3585 900 3655 ipsam
935 3599 1177 3649 crucem,
1218 3583 1377 3652 paulo
1428 3582 1606 3637 minus
1628 3589 1684 3636 et

126 3670 195 3724 illa
221 3688 336 3743 qua:
366 3690 429 3731 eo
460 3684 705 3746 tempore
738 3674 883 3731 facta
944 3683 1091 3731 sunt.
1134 3676 1251 3743 Qua
1290 3689 1423 3745 ergo
1449 3673 1683 3728 fascina-

128 3761 249 3819 tionc
276 3776 484 3821 tantum
535 3765 809 3835 abjecistis
849 3764 1120 3829 aﬂ‘ectum.
1156 3780 1317 3836 quem
1354 3779 1482 3834 erga
1524 3763 1709 3819 Chrir

126 3858 244 3906 stum
268 3856 469 3911 habere
498 3855 822 3911 videbamini
851 3854 875 3907 ?

180 3964 228 4020 5.
250 3970 485 4025 Αυουετ.
502 3967 595 4039 (In
622 3968 841 4037 erposit.
872 3967 926 4021 in
952 3964 1204 4037 Epist.ad
1227 3962 1430 4026 Galat.,
1450 3978 1570 4032 cap.
1590 3977 1680 4037 tn,

127 4064 242 4113 tom.
274 4060 384 4129 IV.)
417 4060 551 4115 Ante
576 4075 822 4131 quorum,
852 4065 954 4113 hoc
978 4069 1083 4123 est,
1130 4055 1328 4127 quibus
1375 4054 1682 4109 videntibus

125 4148 348 4206 Christus
376 4151 535 4207 Jesus
576 4152 945 4207 hzereditatem
979 4165 1131 4205 suam
1170 4147 1681 4222 possessionemque

127 4243 284 4297 amisit
314 4262 329 4303 :
356 4246 439 4299 his
466 4245 654 4311 utique
711 4243 1086 4298 aulerentibus
1113 4256 1258 4302 eam.
1283 4240 1705 4308 Dominumque

128 4331 228 4389 inde
282 4337 713 4407 expetlentibus,
770 4336 837 4389 ad
885 4335 1018 4404 legis
1068 4348 1232 4403 opera
1281 4346 1377 4386 eos
1420 4332 1511 4399 qui
1566 4344 1686 4383 crc-

128 4422 350 4484 diderant
392 4428 716 4492 revocando,
738 4435 794 4507 et
832 4425 1123 4480 auferendo
1169 4423 1244 4477 illi
1289 4421 1685 4492 possessionem

128 4528 280 4580 Sltattl,
303 4519 352 4573 id
375 4527 479 4583 est,
500 4533 597 4573 eos
627 4517 679 4573 itt
710 4517 905 4587 quibus
927 4515 1099 4586 gratia
1126 4514 1366 4583 ﬁdesque
1393 4510 1684 4565 inhabitat.

154 4654 155 4657 η
184 4608 229 4663 4.
263 4610 454 4665 Laure.
484 4612 618 4665 Ante
660 4624 881 4679 quarunt
916 4606 1112 4662 oculos.
1145 4605 1288 4659 Ante
1323 4602 1509 4659 oculos
1533 4615 1700 4655 men--

133 4697 185 4752 tis
225 4718 405 4759 eorum
450 4702 609 4758 Jesus
656 4701 903 4756 Christus
957 4698 1289 4769 proscriptus
1342 4703 1445 4761 est,
1480 4694 1531 4748 id
1576 4702 1685 4753 est,

131 4788 386 4851 damnatus
437 4805 491 4850 ct
539 4794 827 4850 cruciﬁxus
871 4801 1016 4856 erat,
1080 4790 1132 4845 id
1198 4800 1316 4850 est.
1360 4785 1688 4854 contemptui

132 4881 337 4952 habitus,
363 4887 672 4957 pnlantibtts
692 4887 771 4941 eis
798 4900 894 4955 per
914 4884 1071 4938 ﬁdem
1096 4884 1264 4954 ipsius
1285 4897 1388 4936 non
1405 4879 1688 4950 iustiﬁcari

131 4973 388 5043 hominem,
406 4979 503 5036 sed
529 4993 625 5049 per
647 4977 1043 5033 observantiam
1073 4975 1225 5045 legis.

184 5068 230 5120 5.
280 5074 513 5127 Aucusr.
565 5070 741 5140 (ibid.)
797 5068 953 5123 Iesus
1009 5066 1247 5121 Christus
1322 5073 1683 5135 pratscrtptus.

133 5153 274 5214 Aliter
316 5161 471 5218 Jesus
509 5162 759 5218 Christus
811 5161 1159 5232 praiscriptus
1198 5168 1281 5213 est
1343 5158 1677 5221 cruciﬁxus;

134 5250 332 5317 addidit,
385 5253 689 5322 cruciﬁxus,
726 5261 784 5306 ut
832 5252 959 5307 hinc
1000 5266 1094 5305 eos
1150 5250 1385 5315 maxime
1433 5257 1679 5303 moneret

136 5333 236 5413 [al.,
261 5341 517 5414 moveret]
546 5383 559 5404 ,
594 5358 717 5395 eum
746 5341 1154 5396 considerarent
1184 5356 1293 5408 quo
1339 5338 1513 5408 pretio
1536 5350 1681 5392 eme-

138 5429 191 5482 rit
220 5435 624 5505 possessioncm,
655 5447 816 5501 quam
850 5432 903 5485 in
928 5432 1009 5485 eis
1038 5430 1343 5485 amittebat.

193 5523 237 5577 6.
267 5527 433 5595 (ibid.)
472 5524 583 5579 Hoc
615 5526 782 5578 soluat
808 5542 839 5577 α
872 5523 1030 5577 vobis.
1064 5522 1204 5576 ilinc
1254 5518 1684 5590 incipitdemon—

140 5621 286 5670 strare
306 5618 552 5687 gratiam,
575 5615 1029 5686 quemadmodum
1076 5613 1248 5684 gratia
1303 5611 1425 5666 ﬁdei
1454 5608 1686 5666 suﬁiciat

141 5705 192 5758 ad
211 5704 600 5772 justiﬁeandum
622 5708 740 5762 sine
764 5705 1019 5775 Operibus
1051 5705 1205 5775 legis.

194 5795 240 5849 Ἰ.
268 5796 463 5853 Laure.
498 5795 583 5852 Ea:
636 5797 879 5867 operibus
927 5796 1055 5866 legis
1103 5796 1342 5865 spiritum
1390 5796 1682 5867 accepistis.

145 5882 189 5938 Si
212 5889 442 5959 spiritum
467 5878 775 5945 habetisiex
815 5887 938 5953 ﬁde,
980 5888 1121 5957 quod
1171 5887 1281 5958 jam
1340 5889 1684 5958 probaverat,

1711 5379 1751 5434 (ἶ

1791 2718 2211 2789 causajustitite,
2241 2720 2292 2774 id
2316 2721 2604 2788 est,ipsam
2622 2721 2887 2789 justitiam
2906 2724 3117 2779 habetis
3139 2742 3204 2781 ex
3233 2728 3335 2783 ﬁde
3360 2748 3374 2791 ;

1787 2812 1881 2866 sed
1912 2811 2015 2867 hoc
2040 2820 2141 2876 est,
2171 2826 2301 2881 ergo
2359 2812 2508 2866 illud.
2561 2813 2672 2867 Illis
2727 2824 2852 2868 sunt
2905 2814 3130 2871 virtutes
3156 2834 3221 2872 ex
3250 2819 3397 2884 ﬁde,

1786 2908 1911 2975 quia
1934 2907 2147 2976 justitia
2170 2906 2271 2961 fuit
2299 2906 2530 2962 Abrahae
2550 2924 2616 2963 ex
2645 2908 2750 2963 ﬁde
2782 2925 2795 2962 :
2827 2925 2948 2963 nam
2981 2914 3242 2979 scriptum
3271 2926 3378 2978 est.

1786 3007 1893 3051 etc.
1927 2997 2100 3052 Habet
2130 3008 2309 3053 autem
2340 3014 2438 3069 pro
2462 3000 2683 3069 paribus
2707 3000 2933 3055 virtutes
2965 3010 3019 3055 et
3063 3002 3332 3071 justitiam
3360 3049 3376 3072 ,

1786 3105 2015 3159 quorum
2044 3090 2272 3144 alterum
2312 3090 2535 3145 alterius
2567 3107 2731 3147 causa
2763 3101 2857 3147 cst.
3013 3081 3021 3088 ’

1857 3182 1910 3237 8.
1937 3181 2193 3251 Spiritum
2238 3184 2529 3253 accepistis.
2584 3184 2909 3254 Spiritualcs
2957 3188 3165 3256 gratias
3216 3207 3377 3248 acce-

1786 3284 1982 3341 perunt
2007 3274 2321 3338 credentes,
2352 3290 2457 3328 non
2481 3290 2645 3343 opera
2680 3276 2814 3345 legis
2854 3276 3138 3334 facientes.

1857 3366 1909 3419 9.
1944 3364 2009 3417 Ut
2042 3382 2157 3417 cum
2190 3367 2379 3433 spiritu
2423 3367 2696 3436 cmperitis.
2740 3369 2873 3422 Cum
2926 3371 3118 3437 spiritu
3150 3377 3382 3443 emperi-

1787 3455 1854 3509 tis
1868 3456 2011 3508 velut
2034 3455 2122 3526 [[2,
2151 3456 2378 3527 vivere],
2405 3457 2781 3525 spiritualiter,
2808 3458 2888 3513 vel
2920 3459 3093 3527 legem
3122 3464 3399 3532 spiritua-‘

1786 3548 1909 3600 liter
1955 3548 2257 3617 intelligere
2312 3562 2456 3601 nunc
2514 3563 2702 3614 carne,
2762 3549 2814 3604 id
2854 3561 2958 3615 est,
2996 3554 3204 3609 carnali
3242 3558 3375 3619 vita,

1786 3638 1869 3691 vel
1912 3637 2028 3707 lege
2074 3637 2369 3693 carnaliter
2419 3638 2711 3693 intellecta.
2762 3639 3189 3709 Consutnantini,
3249 3663 3383 3702 con-

1779 3729 2085 3798 junctivum
2115 3746 2145 3783 a
2176 3746 2479 3798 consumar,
2513 3734 2856 3797 consumeris,
2890 3735 2941 3788 id
2972 3746 3078 3801 est,
3118 3740 3375 3807 pereatis.

1785 3821 2269 3887 Consutnmantini,
2313 3822 2665 3878 indicativum
2696 3840 2725 3878 a
2750 3839 3102 3894 consuntmor,
3132 3840 3401 3885 consum-'

1787 3914 1948 3966 maris
1972 3929 1990 3966 :
2023 3913 2076 3968 id
2108 3922 2210 3980 est,
2250 3915 2419 3970 vitam
2479 3914 2687 3980 ﬁnitis;
2720 3924 2950 3987 utraque
2988 3920 3134 3975 enim
3183 3922 3237 3976 in
3270 3923 3375 3979 hoc

1716 4029 1757 4086 Β
1786 4003 1905 4058 loco
1928 4005 2207 4076 Scriptura
2245 4008 2533 4062 reneritur

1865 4114 1947 4169 10.
1968 4111 2103 4170 ἐἰπε
2136 4134 2320 4171 causa.
2356 4118 2486 4173 Sine
2509 4135 2696 4183 causa,
2738 4118 2790 4172 id
2814 4130 2915 4183 est,
2951 4121 3216 4177 inutiliter
3242 4127 3378 4193 pati-

1794 4216 1882 4260 tur
1911 4206 2001 4276 qni
2032 4208 2188 4262 ﬁdem
2213 4209 2413 4264 Christi
2439 4225 2544 4263 non
2574 4210 2755 4266 habet.
3396 4212 3399 4215 ⁷

1826 4292 1829 4293 ν
1864 4298 1951 4352 ll.
1974 4295 2278 4367 Cognoscite
2304 4316 2446 4366 ergo.
2475 4299 2608 4366 Quia
2638 4300 2912 4353 Abraham
2942 4316 3007 4354 ex
3034 4301 3330 4370 ﬁtlejnstus
3356 4323 3371 4369 ;

1791 4398 1845 4443 et
1872 4406 2059 4443 omnes
2087 4408 2151 4443 ex
2189 4395 2290 4443 title
2324 4401 2530 4444 tantum
2563 4390 2717 4457 justi,
2741 4392 2880 4460 quod
2907 4402 2989 4446 cst
3026 4394 3377 4463 (etpripoliens

1793 4481 1847 4534 lti
1878 4492 2004 4534 sunt
2036 4481 2125 4533 lilii
2159 4482 2411 4535 Ahraluc.
3390 4474 3393 4483 ’

1866 4575 1950 4629 12.
1975 4576 2208 4628 Animos.
2239 4573 2620 4628 Benedicentur
2642 4577 2695 4628 in
2721 4586 2790 4630 te.
2834 4575 2947 4632 Hoc
2976 4586 3058 4631 est
3095 4586 3296 4645 tecum,
3324 4592 3380 4635 et

1794 4663 2275 4719 comtnunicatntnt
2302 4664 2393 4718 tibi
2420 4664 2870 4719 benedictionem.
3392 4660 3395 4665 λ

1873 4755 1954 4807 15.
1988 4752 2187 4807 Ιλλκιτιι.
2222 4752 2528 4824 Quicunque
2556 4754 2711 4807 enint.
2732 4755 2896 4821 Quasi
2922 4756 3129 4810 diceret
3157 4777 3171 4811 :
3197 4768 3287 4813 aut
3310 4776 3376 4814 ex

1795 4846 1898 4899 ﬁde
1928 4855 2009 4899 est
2032 4844 2354 4906 benedictio,
2385 4854 2473 4896 aut
2501 4860 2567 4898 ex
2600 4844 2881 4912 Operibus;
2913 4846 3005 4899 sed
3036 4860 3094 4898 es
3123 4836 3397 4917 operibus

1794 4953 1899 4992 non
1928 4946 2009 4991 est
2059 4945 2146 5006 (ex
2180 4934 2265 4988 illa
2296 4934 2437 4988 enim
2472 4934 2795 5003 benedictio)
2824 4949 2890 4989 ex
2916 4936 3008 4989 litit:
3052 4936 3232 4999 igitur.

1870 5041 1953 5097 id.
1983 5043 2219 5096 Alanos.
2254 5040 2563 5094 .‘laledictus
2587 5041 2773 5094 omnis.
2832 5039 2940 5094 Lex
2994 5055 3231 5106 omnem,
3283 5042 3395 5111 qui.

1796 5149 1957 5203 super
1980 5134 2180 5203 lignum
2213 5133 2427 5201 pendet,
2456 5124 2733 5187 existimat
2756 5132 3128 5197 maledictum;
3150 5147 3215 5185 eo
3230 5134 3375 5201 quod

1798 5226 2101 5296 huiusmodi
2158 5240 2314 5295 pinna
2370 5225 2472 5277 illis
2506 5233 2707 5277 statuta
2746 5226 2836 5293 qui
2876 5225 3057 5277 multis
3113 5223 3187 5277 rei
3223 5222 3400 5302 inve-5

1792 5316 2034 5369 niuntur.
3184 5372 3195 5375 μ
3240 5366 3249 5370 -

1860 5404 1945 5458 15.
1974 5404 2271 5459 ιΑπωΕπ
2296 5407 2397 5473 [ide
2425 5406 2561 5460 vivit.
2589 5404 2644 5458 Si
2667 5404 2874 5475 justitia
2898 5417 3003 5455 non
3031 5411 3194 5457 estex
3220 5402 3366 5475 lege,
3394 5464 3397 5471 λ

1792 5488 1876 5552 est
1900 5514 1966 5552 ex
1990 5498 2101 5551 sola
2132 5498 2251 5551 ﬁde.

1866 5611 1950 5666 16.
1982 5610 2283 5665 chautent
2307 5619 2526 5673 nonest,
2586 5608 2635 5662 id
2684 5617 2788 5669 cst.
2832 5606 2965 5660 ﬁdes
3013 5607 3215 5665 Christi
3263 5584 3399 5663 non)

1706 5762 1707 5765 η
1793 5703 2058 5772 permittit
2086 5702 2254 5771 legem
2282 5700 2588 5755 Iudaeorum
2618 5699 2851 5762 servari,
2900 5700 2982 5753 vel
3032 5700 3117 5754 lex
3149 5710 3206 5754 et
3237 5699 3394 5754 ﬁdes,

1795 5810 1901 5849 non
1929 5794 2279 5851 concordant.
2314 5793 2419 5847 Sed
2446 5792 2529 5846 lex
2551 5792 2718 5846 dicit:
2746 5790 2845 5859 Qui
2880 5790 3102 5859 fecerit;
3137 5808 3240 5846 non
3283 5793 3369 5847 di-

1793 5886 1865 5941 cit
1893 5904 1905 5939 :
1934 5885 2031 5952 Qui
2058 5882 2364 5938 crediderit.
