3880 6306
519 395 613 452 271
1542 400 1601 456 Β.
1643 402 2032 460 LANFRANCI
2061 406 2079 460 (

2194 405 2408 461 TUAR.
2443 408 2764 465 AIKCIIIEP.
3626 419 3713 473 ετξ

515 528 580 567 ex
603 513 727 578 ﬁde,
768 514 821 567 id
855 522 954 581 est,
985 514 1069 569 lex
1093 531 1195 569 non
1220 515 1456 586 ,irrrrcipit
1487 518 1717 582 credere,
1751 520 1841 572 sed
1870 521 2075 589 facere;
2100 523 2192 577 sed
2216 523 2301 592 (ex
2329 523 2404 593 re)
2437 525 2526 592 qui
2552 525 2741 581 fecerit
2767 542 2851 590 ea,
2881 545 2999 598 qua:
3026 539 3144 583 sunt
3176 531 3231 584 in
3253 529 3384 601 lege,
3407 532 3537 587 vivet
3561 533 3718 589 inillis.

520 604 587 657 17
637 604 885 661 Christus
914 622 1016 661 nos
1041 606 1272 663 redemit
1302 608 1368 662 de
1391 608 1677 663 maledicto
1708 610 1861 675 legis,
1906 611 1991 664 18.
2027 611 2201 667 lactus
2223 628 2319 682 pro
2343 613 2496 668 nobis
2517 614 2889 682 maledictum,
2932 618 2987 671 ill
3026 629 3125 686 est,
3155 620 3460 674 uta/edictus
3483 639 3513 674 a
3538 621 3729 685 Induis,

514 693 598 748 vel
618 694 790 763 factus
813 696 1050 751 mortalis
1078 712 1092 750 :
1121 708 1168 751 et
1193 700 1336 768 ponit
1365 717 1579 754 causam
1609 718 1706 769 pro
1733 702 1943 770 θίγω-ιη.
1975 703 2123 772 (quia
2147 705 2411 773 scriptum
2438 716 2521 761 est
2560 724 2575 759 :
2623 707 2832 777 (probat
2874 707 3140 764 Christum
3198 711 3364 779 fuisse
3412 712 3725 782 maledictum;

514 802 635 839 nam
660 789 827 842 omnis
848 790 938 859 qui
958 790 1141 860 pendet
1169 792 1223 845 in
1246 792 1411 860 ligno,
1444 793 1539 845 hoc
1561 809 1663 845 non
1685 794 1935 861 scriptum
1984 795 2080 863 est)
2138 795 2453 852 Maledictus
2494 798 2691 863 omnis,
2726 800 2816 868 qui
2853 802 3051 870 pendet
3088 804 3139 856 iu
3166 804 3354 874 ligno,)
3404 805 3470 857 ad
3515 807 3601 859 hoc
3645 807 3725 875 fuit

513 875 754 931 Christus
792 878 1125 932 maledictum
1152 889 1203 933 ut
1236 880 1290 934 in
1316 880 1579 935 Gentibus
1604 881 1689 934 19.
1720 880 2048 955 benedictio,
2083 884 2420 953 justiﬁcatio,
2455 885 2689 941 Abrabte
2718 904 2812 957 per
2841 888 3003 956 ﬁdem
3043 891 3194 946 ﬁeret
3224 892 3277 946 in
3305 892 3514 948 Chr'sto
3539 894 3663 959 Jcsu,
3685 908 3728 950 ut

510 966 603 1021 20.
632 967 1075 1036 pollicitationem
1110 969 1365 1038 Spiritus,
1398 970 1452 1022 id
1482 970 2038 1039 est,justiﬁcationem
2090 990 2121 1025 a
2170 972 2376 1043 Spiritu
2424 976 2759 1045 promissam,
2807 978 3135 1048 accipiamus
3185 996 3283 1050 per
3330 981 3501 1035 ﬁdem.
3552 982 3729 1039 Fratres

521 1057 821 1112 secundum
852 1058 1126 1112 hominem
1161 1057 1308 1129 dico)
1339 1068 1517 1114 tamen
1549 1059 1601 1129 (a
1624 1060 1804 1128 simili)
1832 1060 2064 1117 hominis
2088 1063 2180 1117 21.
2230 1064 2609 1120 conﬁrmatum
2638 1067 2784 1135 prius
2827 1077 3204 1124 testamentum
3239 1087 3397 1126 nemo
3425 1075 3629 1143 spernit,
3652 1076 3723 1130 dc-

512 1147 704 1209 slruit,
729 1155 822 1200 aut
847 1147 1226 1216 srperordinat
1256 1147 1422 1201 aliud.
1452 1148 1544 1201 Est
1566 1151 1927 1219 tunc‘aliquod
1958 1160 2320 1207 testamentum
2341 1154 2502 1209 alicui
2530 1174 2564 1210 α
2595 1156 2702 1211 Deo
2742 1160 3149 1227 confirmatum?
3190 1173 3287 1227 est,
3320 1165 3500 1235 inquit,
3526 1168 3726 1231 Aluntur,

516 1246 566 1290 et
594 1235 781 1290 semini
805 1236 941 1305 ejus.
970 1236 1202 1291 Abrahae
1229 1238 1390 1291 dicta:
1409 1247 1534 1291 sunt
1559 1238 1967 1307 promissioncs,
1994 1251 2048 1295 et
2093 1243 2285 1297 semini
2311 1243 2447 1312 ejus.
2477 1244 2565 1300 22.
2599 1246 2716 1303 Non
2748 1248 2879 1304 dicit
2907 1268 2920 1303 :
2962 1261 3015 1306 et
3047 1253 3353 1309 seminibus
3376 1258 3522 1326 quasi
3555 1259 3599 1312 in
3624 1261 3730 1313 mal-

514 1328 605 1392 tis,
634 1327 773 1397 quod
805 1328 929 1381 dicit
968 1328 1154 1381 semini
1184 1338 1231 1381 et
1264 1345 1367 1382 non
1398 1330 1703 1397 seminibus,
1734 1342 1877 1385 notat
1911 1337 2163 1388 unitatem
2195 1335 2470 1401 Ecclesiae,
2502 1340 2588 1393 cui
2607 1342 2885 1409 promissio
2910 1343 3052 1413 facta
3078 1356 3185 1412 est;
3215 1359 3263 1401 et
3292 1349 3395 1403 hoc
3415 1352 3533 1404 dicit
3556 1365 3731 1423 propter

508 1433 596 1471 eos
620 1417 710 1487 qui
740 1417 1021 1471 schismata
1049 1418 1333 1487 faciebant,
1361 1420 1452 1473 sed
1480 1422 1633 1489 quasi
1659 1422 1711 1475 iu
1744 1438 1872 1487 uno,
1901 1424 1991 1488 9.3,
2025 1425 2114 1479 24.
2148 1427 2232 1492 Et,
2284 1429 2502 1496 scilicet,
2538 1433 2732 1487 semini
2784 1443 2902 1501 tuo,
2944 1437 3035 1505 qui
3084 1448 3167 1493 est
3196 1440 3471 1506 Christus,
3519 1417 3598 1498 23.
3638 1417 3727 1503 lloc

507 1516 717 1574 autem,
748 1509 925 1577 ﬁdem,
956 1509 1032 1564 vel
1056 1510 1226 1579 ipsam
1250 1513 1669 1580 promissionem,
1703 1515 1864 1585 128
1889 1517 2027 1579 dico,
2060 1527 2442 1576 testamentum
2463 1524 2846 1580 conﬁrmatum
2875 1543 2906 1581 a
2934 1529 3068 1592 Deo,
3120 1531 3233 1598 ipsa
3292 1531 3386 1586 Dei
3428 1535 3719 1590 immutabili-

509 1611 657 1664 tate;
682 1613 794 1670 post
824 1602 1019 1671 {uetant
1042 1602 1196 1656 aDeo
1221 1605 1641 1672 promissionem,
1658 1622 1814 1676 quant
1834 1608 2116 1677 dicilprius
2138 1620 2505 1667 testamentum
2525 1633 2545 1680 ;
2572 1631 2692 1685 quae
2709 1630 2833 1686 post
2846 1620 3337 1692 quatlriugeutoset
3367 1625 3571 1695 triginta
3598 1643 3731 1683 annos

507 1692 653 1746 facta
681 1700 765 1746 est
790 1691 897 1755 lex,
927 1708 1033 1746 non
1080 1693 1299 1748 irritum
1330 1695 1459 1747 facit
1481 1695 1547 1748 ad
1574 1698 1941 1751 cvacuandam
1973 1701 2410 1767 promissionem,
2445 1713 2500 1757 ut
2521 1721 2802 1761 evaeuesur
2819 1710 2949 1777 ﬁdei
2978 1691 3368 1779 testamentum,
3395 1691 3525 1787 quod
3554 1722 3728 1781 esset,si

508 1780 792 1833 ha'reditas
814 1779 996 1849 glorite
1019 1796 1122 1834 non
1150 1792 1279 1835 esset
1308 1781 1361 1836 in
1394 1782 1647 1836 charitate
1690 1784 1779 1838 9.6.
1829 1785 1962 1839 Nam
1994 1788 2221 1859 (probat)
2248 1790 2292 1843 si
2324 1806 2388 1844 ex
2418 1791 2532 1859 lege
2563 1794 2873 1852 hazreditas.
2908 1798 2997 1854 ‘27.
3027 1799 3138 1869 jam
3189 1820 3295 1857 non
3332 1779 3417 1859 ex.
3430 1779 3731 1876 promissione

508 1872 839 1945 (assumptio)
852 1872 1087 1927 Abrahte
1109 1881 1286 1928 autem
1300 1888 1397 1943 per
1413 1874 1905 1943 repromissiouem,
1919 1894 2011 1947 per
2028 1877 2207 1945 ﬁdem,
2223 1879 2442 1936 donavit
2458 1883 2618 1949 Deus,
2632 1884 2827 1940 scilicet
2846 1887 3225 1945 ltwreditatem.
3244 1872 3494 1964 Objectio.
3514 1897 3589 1951 9.8.
3605 1898 3729 1963 Quid.

1856 2028 2409 2089 COMMENTARIUS

580 2140 664 2194 17.
698 2138 937 2192 Christus
980 2153 1071 2191 nos
1095 2137 1309 2191 redemit
1336 2137 1399 2192 de
1426 2137 1722 2193 maledicto.
1777 2138 1929 2193 lticis
1966 2139 2090 2209 quia
2121 2150 2167 2208 Α
2196 2141 2429 2196 certius?
2465 2142 2604 2210 Quid
2635 2148 2925 2217 apertius?

503 2228 682 2284 omnis
708 2229 798 2298 qui
833 2244 937 2283 non
965 2227 1328 2298 permanserit
1358 2228 1411 2282 in
1440 2228 1527 2283 his
1549 2244 1669 2298 qua:
1708 2238 1836 2285 sunt
1887 2231 2091 2299 scripta

502 2323 556 2377 in
584 2320 721 2376 libro
752 2320 933 2391 Legis,
959 2330 1043 2375 est
1073 2319 1424 2386 maledictus;
1459 2320 1532 2375 ita
1565 2330 1619 2376 et
1654 2331 1706 2376 tu
1754 2322 1845 2392 qui
1882 2338 2086 2377 manes.

499 2413 581 2466 Ad
613 2413 715 2466 hoc
746 2412 1034 2480 respondet
1069 2427 1082 2463 :
1120 2410 1362 2465 Christus
1386 2428 1479 2465 nos
1511 2412 1751 2476 redemit,
1779 2422 1893 2467 etc.

571 2501 656 2557 18.
694 2501 934 2557 Αυςυετ.
997 2501 1219 2571 (Expos.
1272 2504 1327 2557 in
1378 2500 1549 2573 Epist.
1584 2505 1651 2557 ad
1704 2501 1827 2558 Gal.
1876 2520 1927 2561 c.
1984 2505 2090 2577 tu.)

499 2591 702 2647 Factus
749 2608 844 2661 pro
889 2592 1059 2646 nobis.
1115 2592 1192 2646 Ea
1242 2601 1395 2663 parte
1450 2594 1668 2649 mortali
1730 2596 1985 2666 pependit
2036 2598 2090 2651 iu

498 2685 665 2755 l’guo.
698 2683 997 2739 Mortalitas
1031 2695 1214 2738 autem
1255 2686 1397 2740 unde
1432 2686 1502 2740 sit
1536 2694 1722 2741 uotum
1753 2697 1836 2742 est
1866 2688 2093 2743 creden-

497 2775 541 2830 ti
566 2764 665 2829 ius.
699 2775 773 2829 Ex
807 2788 965 2844 poena
1002 2775 1204 2845 quippe
1248 2784 1351 2842 est,
1382 2785 1439 2830 et
1466 2776 1846 2833 maledictioue
1881 2780 2089 2849 peccati

495 2868 656 2937 primi
695 2868 949 2933 hominis,
992 2881 1155 2937 quam
1200 2866 1459 2923 Dominus
1481 2869 1737 2939 suscepit,
1769 2879 1825 2925 et
1868 2880 2089 2940 peccata

498 2969 683 3014 nostra
716 2958 936 3028 pertulit
964 2958 1017 3012 in
1047 2973 1273 3028 corpore
1314 2974 1415 3015 suo
1458 2975 1621 3029 super
1651 2960 1874 3029 lignum.

572 3052 657 3107 l9.
692 3050 893 3105 Lassa.
929 3050 1231 3106 Benedictio
1267 3052 1492 3106 Abrahae
1516 3054 1684 3121 ﬁeret.
1713 3053 1910 3108 Probat
1963 3055 2091 3125 quia

497 3143 657 3207 tiles,
688 3155 793 3194 non
824 3139 930 3207 lex‘,
987 3140 1083 3195 dat
1117 3139 1408 3208 justitiam.
1442 3139 1573 3196 Nam
1617 3142 1660 3197 si
1694 3142 1779 3197 lex
1822 3142 2091 3212 justitiam

498 3234 683 3296 daret,
724 3247 784 3283 ea
815 3240 1193 3286 tesmmentum
1233 3232 1355 3286 ﬁdei
1384 3232 1619 3287 Abrahae
1659 3236 1724 3286 ad
1759 3249 1859 3288 nos
1885 3233 2086 3290 l‘actmn

498 3325 822 3378 destrueret.
847 3322 950 3377 Sed
974 3321 1059 3375 lex
1090 3321 1220 3375 illud
1240 3322 1520 3377 destruere
1548 3339 1654 3377 non
1688 3323 1853 3388 valet;
1883 3325 2086 3378 nullum

496 3417 643 3471 enim
676 3416 946 3487 posterius
988 3422 1367 3470 testamentum
1416 3415 1649 3470 destruit
1676 3416 1945 3486 primum;
1993 3418 2087 3473 sed

499 3519 891 3566 testamentum
920 3508 1038 3563 ﬁdei
1076 3517 1159 3563 est
1182 3510 1348 3579 prius.
1399 3508 1485 3563 lex
1515 3510 1806 3579 posterius.
1842 3509 1967 3566 Haec
1995 3526 2082 3566 as-
2119 3493 2160 3550 Ιῖ

498 3603 738 3674 sumptio
759 3612 841 3657 est
869 3601 922 3655 in
953 3601 1091 3656 libro
1124 3600 1197 3656 ita
1222 3618 1235 3655 :
1266 3600 1378 3655 lloc
1408 3613 1584 3655 autem
1631 3602 1750 3655 dico
1802 3612 2085 3658 testamen-

499 3705 612 3745 tum
634 3691 1003 3760 conﬁrmatum
1025 3708 1056 3743 a
1089 3690 1218 3755 Deo,
1242 3700 1346 3744 etc.
1381 3690 1634 3745 Probata
1675 3691 1836 3745 simili
1861 3692 2085 3748 in-libro
2156 3728 2165 3734 -

497 3782 627 3852 quia
650 3781 850 3835 nullum
874 3781 1145 3850 posterius
1162 3789 1544 3835 testamentum
1568 3782 1797 3837 destruit
1824 3784 2079 3853 primmn,

496 3874 627 3945 quia
654 3872 706 3928 in
741 3872 974 3927 luunana
1015 3872 1403 3926 consuetudine
1433 3872 1503 3925 ita
1526 3880 1609 3926 est
1639 3874 1780 3942 quod
1815 3875 2089 3942 posterius

499 3972 886 4018 testamentum
918 3976 1023 4015 non
1054 3959 1285 4015 destruit
1318 3960 1571 4028 primum,
1626 3969 1841 4016 mortuo
1890 3977 1956 4018 eo
1989 3963 2081 4032 qui

496 4051 725 4117 fecerit;
760 4060 816 4105 et
845 4051 949 4105 hoc
968 4058 1073 4115 est,
1106 4050 1401 4104 secundum
1430 4049 1702 4104 hominem
1744 4050 1881 4106 dico.
1929 4051 2082 4119 Quod

496 4155 678 4199 autem
710 4142 1036 4213 interponit,
1078 4140 1304 4196 Abrahte
1343 4142 1497 4196 dicta?
1526 4152 1644 4197 sunt
1690 4144 2080 4212 promissiones,

497 4236 566 4290 ad
595 4236 695 4290 hoc
723 4234 1011 4305 respondet
1030 4232 1173 4303 quod
1201 4241 1485 4302 quazreret,
1519 4233 1563 4288 si
1587 4233 1735 4303 quod
1785 4241 2081 4288 testamen-

501 4338 613 4380 tum
648 4343 678 4379 a
704 4326 813 4381 Deo
840 4326 909 4381 sit
940 4324 1100 4380 alicui
1132 4323 1534 4391 conﬁrmatum,
1561 4326 1747 4382 dicens
1774 4328 1877 4383 hoc
1911 4329 2083 4382 Abra-

500 4419 584 4471 lue
613 4415 815 4469 factum
841 4430 963 4470 esse
993 4426 1048 4471 et
1079 4416 1274 4471 semini
1306 4414 1441 4483 ejus,
1471 4415 1563 4486 qui
1586 4426 1669 4471 est
1693 4418 1960 4473 Christus.

570 4508 659 4560 20.
696 4505 1140 4560 Pollicitationem
1170 4506 1419 4576 Spiritus,
1449 4508 1498 4561 id
1523 4516 1630 4571 est,
1670 4509 2081 4577 promissionem

501 4597 757 4667 Spiritus,
792 4612 950 4665 quem
1005 4611 1064 4651 se
1113 4599 1362 4651 daturum
1410 4598 1655 4667 promisit
1706 4600 2078 4667 credentibus;

497 4689 585 4741 vel
616 4685 1086 4756 jnstiﬁcationem,
1111 4702 1273 4756 quam
1307 4687 1542 4757 Spiritus
1589 4698 1810 4745 sanctus
1850 4692 2079 4745 creden-

501 4777 645 4829 tibus
672 4773 938 4844 pollicitus
961 4783 1063 4837 est,
1092 4775 1277 4830 dicens
1308 4792 1320 4828 :
1352 4774 1417 4829 In
1443 4778 1636 4830 semine
1660 4788 1770 4843 tuo,
1799 4788 1903 4834 etc.

2262 2255 2350 2310 24.
2383 2259 2619 2314 Aucusr.
2661 2258 2771 2333 (Ea:
2806 2261 3038 2320 Tractat.
3077 2267 3285 2342 Evang.
3314 2275 3584 2331 secundum
3603 2274 3729 2332 Iona.

2194 2343 2307 2416 59.)
2330 2345 2395 2399 In
2422 2349 2614 2404 semine
2640 2362 2751 2405 tuo.
2784 2353 2849 2408 Et
2877 2356 3001 2424 quia
3032 2369 3088 2413 et
3126 2375 3227 2416 nos
3252 2363 3320 2417 ad
3352 2364 3403 2417 id
3432 2366 3729 2434 pertinemus,

2194 2436 2336 2504 quod
2367 2444 2451 2492 est
2505 2438 2752 2496 Christus
2799 2445 2956 2500 nobis
3003 2449 3163 2502 simul
3201 2450 3557 2523 incorporatis
3595 2467 3642 2512 et
3670 2456 3724 2510 illi

2194 2526 2357 2595 capiti
2412 2529 2835 2599 coluerentibus,
2893 2550 3035 2592 unus
3062 2550 3145 2593 est
3175 2540 3446 2611 Christus,
3480 2558 3530 2601 et
3563 2546 3663 2615 quia
3687 2556 3727 2599 et

2195 2618 2352 2674 nobis
2386 2618 2566 2675 dicit:
2611 2622 2753 2694 Ergo
2803 2625 3032 2683 Abraha:
3087 2647 3265 2687 semen
3315 2638 3454 2699 estis,
3497 2637 3723 2691 secundum

2192 2711 2588 2779 promissionem
2631 2714 2879 2770 ltwredes.
2933 2718 2989 2773 Si
3046 2721 3192 2775 enim
3244 2740 3411 2780 uuntn
3468 2739 3543 2781 est
3586 2743 3727 2782 semen

2191 2800 2447 2865 Abrahae,
2474 2812 2528 2856 et
2556 2802 2687 2858 illud
2718 2821 2881 2860 unum
2917 2822 3101 2863 semen
3132 2812 3389 2878 Abrahte,
3431 2832 3529 2870 non
3574 2817 3720 2870 intelli-

2192 2893 2339 2961 gitur
2363 2895 2465 2948 nisi
2502 2894 2781 2963 Christus;
2816 2899 2917 2954 hoc
2954 2916 3139 2957 semen
3162 2903 3401 2960 Abraha:
3429 2925 3597 2962 smnus
3621 2924 3722 2971 nos;

2192 2982 2295 3037 hoc
2329 2999 2459 3054 ergo
2497 2994 2687 3053 totum,
2718 2987 2773 3043 id
2812 2998 2919 3056 est,
2956 3000 3116 3061 caput
3142 3003 3193 3048 et
3225 3010 3442 3066 corpus,
3494 3015 3631 3053 unum
3665 3011 3724 3053 est

2191 3076 2464 3133 Christus.

2259 3187 2351 3241 25.
2382 3188 2585 3244 Lause.
2618 3190 2736 3246 Hoc
2759 3203 2933 3248 autem
2961 3195 3096 3249 dico.
3124 3196 3272 3253 Ordo
3300 3218 3313 3254 :
3345 3201 3464 3257 dico
3488 3211 3639 3257 autem
3675 3217 3721 3255 ex

2190 3291 2310 3347 Qua:
2333 3289 2455 3349 post
2488 3283 2916 3353 quadringentos
2951 3296 3007 3339 et
3035 3287 3260 3356 triginta
3294 3305 3463 3347 annos
3489 3294 3610 3346 facta
3644 3302 3721 3351 est,

2190 3386 2297 3426 non
2325 3371 2457 3427 facit
2476 3373 2689 3429 irritum
2719 3375 2821 3431 hoc
2847 3385 3263 3436 testamentum.
3292 3382 3348 3437 Si
3376 3384 3513 3437 enim
3549 3383 3631 3436 soli
3652 3381 3723 3434 ob-

2190 3472 2469 3519 servantes
2486 3462 2791 3521 Judzorum
2815 3467 2988 3539 legem
3017 3469 3069 3523 iu
3092 3472 3303 3527 semine
3333 3474 3554 3529 Abrahte
3599 3473 3722 3527 licue-

2187 3550 2520 3622 dicerentur,
2551 3569 2616 3609 ex
2655 3557 2887 3625 quadam
2918 3568 3077 3628 parte
3118 3560 3339 3618 irritum
3389 3566 3574 3621 factum
3615 3570 3721 3617 esset

2186 3651 2570 3700 testamentum
2600 3646 2716 3712 Dei,
2739 3656 2795 3702 et
2841 3658 3103 3705 evacuata
3152 3656 3448 3720 promissio
3497 3657 3719 3725 ejus.qu

2185 3749 2375 3790 omnes
2402 3746 2588 3805 gentes
2612 3737 2666 3792 in
2706 3740 2913 3794 semine
2941 3740 3176 3797 Abrahae
3216 3746 3597 3802 benedicendas
3628 3759 3717 3799 esse

2185 3828 2455 3895 promisit.

2254 3940 2346 3995 26.
2379 3940 2532 4013 Nam.
2549 3943 2595 3997 si
2623 3959 2688 3997 ex
2721 3944 2832 4016 lege
2861 3946 3163 4004 hatredites.
3208 3950 3518 4009 Benedictio
3543 3952 3613 4007 vel
3638 3952 3718 4005 ha:-

2186 4033 2387 4088 reditas
2417 4048 2514 4103 per
2535 4034 2692 4090 ﬁdem
2736 4045 2944 4092 tantum
2973 4042 3275 4112 accipitur;
3335 4062 3440 4102 non
3490 4046 3613 4100 enim
3648 4057 3719 4113 per

2185 4122 2382 4195 legem,
2420 4126 2545 4195 quia
2573 4127 2660 4182 lex
2703 4137 3088 4188 testamentum
3136 4136 3262 4191 ﬁdei
3295 4154 3323 4192 a
3360 4141 3465 4195 Deo
3504 4139 3564 4192 ad
3587 4135 3717 4191 Abra-

2185 4213 2311 4268 ham
2343 4215 2493 4284 prius
2525 4217 2908 4275 conﬁrmatum
2953 4238 3058 4278 non
3109 4225 3363 4283 destruit.
3404 4230 3534 4298 Ergo
3574 4227 3611 4281 si
3657 4228 3716 4278 ὀι

2184 4321 2291 4361 non
2320 4309 2550 4364 destruit
2579 4318 2964 4369 testamentum
3027 4317 3172 4381 ﬁdei,
3202 4337 3310 4377 non
3336 4324 3424 4377 dat
3451 4317 3716 4376 benedictio-

2186 4413 2330 4462 nem,
2367 4399 2449 4451 vel
2483 4401 2878 4458 lnereditatem.
2936 4407 3042 4461 Sed
3096 4424 3203 4465 non
3254 4414 3482 4468 destruit
3530 4408 3715 4467 heminis

2185 4494 2573 4545 testamentum
2604 4492 3002 4559 conﬁrmatum,
3038 4498 3183 4555 aliud
3235 4512 3598 4558 testamentum
3643 4512 3715 4567 pr

2184 4581 2383 4635 sterius
2418 4581 2641 4649 factum,
2673 4601 2701 4639 a
2733 4586 2916 4653 simili,
2944 4589 3046 4645 hoc
3077 4593 3253 4649 simile
3285 4597 3714 4666 praemittiturpm-

2184 4674 2436 4742 positioni
2465 4677 2770 4745 probandae,
2800 4683 2943 4749 quod
2968 4682 3047 4736 lex
3078 4701 3184 4740 non
3215 4688 3443 4743 destruit
3467 4696 3710 4742 testamen—

2190 4772 2322 4830 tum,
2346 4768 2488 4835 quod
2518 4769 2589 4821 ita
2623 4780 2707 4824 est
2740 4770 2791 4824 in
2843 4772 2981 4827 libro
3009 4792 3024 4828 :
3080 4775 3195 4831 Hoc
3243 4790 3414 4834 autem
3459 4781 3565 4832 dico
3593 4783 3711 4828 testa-

567 4867 657 4919 ‘2l.
697 4865 1078 4933 Con/innatum
1107 4875 1490 4922 testamentum.
1528 4868 1952 4936 Testamentum,
1996 4875 2077 4927 in-

2194 4869 2413 4911 mentum
2443 4860 2809 4928 conﬁrmatum
2836 4879 2869 4916 a
2899 4863 3030 4930 Deo,
3060 4875 3166 4922 etc.

438 4966 443 4969 ‘
499 4959 633 5025 quit,
667 4956 902 5010 hominis
922 4955 988 5009 de
1021 4956 1178 5011 rebus
1208 4958 1319 5013 suis
1348 4973 1503 5014 nemo
1529 4962 1756 5031 spernit,
1789 4962 1955 5018 multo
1982 4965 2080 5033 igi-

497 5058 587 5100 tur
608 5045 789 5099 tninus
819 5052 1199 5100 testamentum
1225 5046 1340 5113 Dei,
1373 5064 1468 5118 per
1502 5052 1643 5120 quod
1673 5066 1865 5107 omnes
1891 5065 2080 5124 gentes

496 5141 550 5193 in
582 5137 786 5193 semine
817 5137 1044 5193 Abrahae
1088 5136 1480 5193 benediceudas
1524 5155 1645 5196 esse
1700 5150 1928 5198 testatus
1974 5154 2072 5209 est,

493 5230 857 5301 spernendum
884 5239 989 5286 est.

563 5321 653 5374 22.
684 5317 809 5375 Non
836 5319 964 5375 dicit
987 5330 1034 5375 et
1081 5320 1384 5374 seminibus.
1447 5320 1505 5375 lu
1558 5324 1921 5391 promittendo
1975 5341 2078 5381 non

497 5412 629 5469 dicit
660 5412 845 5468 Deus:
890 5410 950 5466 In
999 5411 1298 5468 seminibus
1346 5414 1452 5469 tuis
1500 5415 1862 5471 benedicentur
1902 5434 2076 5474 omnes

493 5510 688 5570 gentes,
716 5501 810 5555 sed
832 5502 887 5554 in
912 5501 1109 5555 semine
1135 5510 1246 5555 tuo.

567 5591 918 5648 25.Aucus'r.
956 5593 1024 5648 Et
1056 5595 1242 5649 semini
1268 5604 1379 5649 tuo.
1410 5595 1485 5649 Dc
1514 5598 1710 5667 populo
1744 5599 1904 5655 Israel
1950 5614 2076 5658 nata

501 5691 587 5739 est
616 5681 796 5753 Virgo,
827 5693 880 5740 et
904 5686 1113 5757 peperit
1139 5686 1455 5743 Christum:
1490 5689 1557 5744 Et
1583 5707 1709 5747 ecce
1763 5693 1816 5748 iu
1863 5694 2083 5752 Christo

496 5775 897 5831 benedicuntur
949 5792 1139 5835 omnes
1196 5788 1403 5851 gentes.
1454 5781 1595 5849 Quid
1653 5784 1878 5841 verius?
1936 5788 2079 5854 Quid

2257 4969 2346 5022 ‘27.
2370 4969 2494 5023 Jam
2528 4987 2629 5024 non
2658 4988 2722 5026 ex
2742 4975 3106 5044 promissione,
3142 4977 3194 5032 id
3220 4986 3323 5046 est,
3354 4980 3396 5033 si
3425 4979 3476 5033 hi
3514 4976 3598 5031 soli
3640 4967 3709 5039 tl"i

2188 5059 2359 5129 legem
2381 5060 2689 5118 Judteorum
2720 5065 3031 5133 observant,
3059 5069 3300 5124 hmredes
3334 5081 3478 5133 sunt,
3499 5071 3598 5138 jam
3628 5076 3706 5117 non

2185 5153 2346 5206 datur
2392 5155 2678 5212 htereditas
2726 5159 3020 5214 secundum
3051 5161 3459 5230 prou'tissiouem
3495 5160 3592 5224 Dei,
3618 5166 3707 5223 (μω

2185 5243 2254 5297 de
2278 5244 2527 5299 omnibus
2549 5246 2698 5300 dicit.

2256 5331 2345 5387 28.
2385 5334 2624 5390 Aucusr.
2664 5339 2751 5405 (ea:
2773 5354 2928 5392 serm.
2965 5338 3033 5393 l5
3059 5340 3124 5394 de
3172 5342 3308 5396 verb.
3354 5342 3543 5411 Aposl..
3584 5348 3622 5386 ε.
3660 5327 3700 5386 ιο

2185 5432 2316 5479 tom.
2345 5424 2437 5494 X).
2474 5425 2615 5492 Quid
2661 5431 2824 5499 igitur
2857 5431 2985 5486 lex?
3030 5433 3167 5501 Quid
3200 5434 3362 5504 igitur
3399 5430 3518 5486 lex?
3556 5419 3701 5491 Quasi,

2183 5532 2304 5587 qua:
2337 5519 2542 5574 utilitas
2574 5520 2742 5593 legis?
2763 5528 3221 5592 przevaricationis
3253 5529 3416 5600 gratia
3446 5521 3593 5594 posita
3613 5522 3698 5573 est;

2184 5607 2287 5663 hoc
2313 5619 2394 5663 est
2422 5613 2564 5679 quod
2596 5612 2721 5669 alibi
2754 5616 2952 5671 dicitur
2983 5637 2996 5673 :
3038 5619 3121 5674 lex
3151 5622 3292 5674 enim
3321 5612 3629 5674 subintravit.
3656 5609 3701 5656 ut

2184 5700 2486 5756 abundaret
2538 5704 2813 5771 delictum,
2863 5712 3322 5777 praevaricationis
3356 5706 3510 5780 gratia
3559 5695 3695 5769 βοείη*

2183 5799 2286 5843 est.
2322 5788 2472 5846 Unde
2503 5791 2881 5851 lmmiliaretur
2918 5799 3099 5854 cervix
3131 5800 3471 5871 superborum
3512 5785 3697 5845 muli"In
