3880 6306
125 357 218 410 273
847 360 914 417 IN
954 361 1018 417 Ι).
1058 363 1262 419 PAL'LI
1302 365 1517 420 EPIS'I‘.
1555 365 1691 422 (ὶοΜ

1816 367 1911 423 NT.
1955 400 2021 410 —
2046 369 2262 428 EPIST.
2301 374 2393 428 AD
2429 374 2671 431 GALAT.
3260 374 3369 432 274

129 466 190 525 ad
227 469 388 541 quid,
452 472 616 540 igitur
672 474 756 529 lex
820 487 895 530 est
950 481 1163 548 posita?
1211 480 1518 550 Responsio.
1565 482 1655 539 ‘29.
1707 482 1937 556 Propter
1996 490 2481 555 transgressionem
2537 488 2622 561 (ne
2671 490 2785 561 quis
2832 491 3025 561 faceret
3060 490 3201 546 ultra
3230 488 3369 560 quod

131 565 406 628 faciendth
449 566 602 635 esset)
658 568 829 636 posita
879 577 985 637 est,
1036 572 1232 627 scilicet
1284 572 1390 639 les,
1443 572 1533 628 50.
1590 574 1761 630 donec
1814 577 2022 632 veniret
2076 578 2165 634 51.
2224 594 2434 643 semen,
2495 580 2581 635 cui
2625 580 2973 649 promiserat.
3030 581 3170 635 Deus
3199 580 3370 650 justi-

130 657 261 719 tiam,
286 654 365 707 vel
385 656 813 723 benedictionem,
843 662 1092 716 ordinata
1120 662 1204 716 lea:
1227 678 1325 733 per
1355 664 1573 734 angelos
1605 664 1656 718 in
1695 681 1853 720 manu
1876 676 2129 735 potestate
2148 668 2478 735 Mediatoris,
2506 666 2723 736 Christi,
2746 668 2836 724 52.
2868 668 3132 725 Mediator
3160 679 3368 736 autem,

129 759 186 795 ne
205 743 300 796 duo
327 744 759 814 intelligerentur,
789 747 984 815 subdit,
1014 750 1177 805 unius
1205 768 1311 805 non
1340 761 1456 816 est;
1487 751 1576 805 55.
1605 751 1744 807 Deus
1776 764 1953 807 autem
1986 770 2125 809 unus
2151 763 2254 810 est.
2275 755 2369 821 5t,
2397 740 2629 811 55.'Lex
2652 770 2783 824 ergo
2812 756 3072 811 adversus
3100 757 3370 827 promissa

131 833 244 886 Dei!
274 835 453 888 Absit!
493 835 581 889 56.
608 837 664 891 Si
697 838 843 893 enim
867 840 991 894 data
1019 850 1165 896 esset
1194 842 1298 906 lex,
1321 857 1440 911 quae
1462 852 1643 911 posset
1664 843 1959 911 viviﬁcare,
1990 846 2151 918 129
2177 862 2304 903 vere
2327 862 2395 902 ex
2443 848 2559 919 lege
2593 856 2738 905 esset
2760 847 2996 919 justitia.
3027 848 3118 912 37,
3148 847 3237 903 58.
3264 844 3371 902 Sed

134 926 383 981 conclusit
408 926 692 998 Scriptura
716 932 899 986 omnia
922 933 1023 988 sub
1048 943 1294 1003 peccato,
1324 942 1383 989 ut
1405 935 1690 1005 promissio
1739 951 1802 991 ex
1837 936 1942 991 ﬁde
1984 937 2110 993 Jesu
2154 936 2353 994 Christi
2409 939 2631 995 daretur
2682 941 3049 997 credentibus.
3100 938 3372 1008 Objectio:

128 1020 267 1071 alicui
288 1036 406 1090 ergo
430 1021 564 1075 data
584 1034 658 1077 est
686 1023 809 1079 lex?
836 1025 994 1082 Prius
1021 1036 1200 1082 autem
1232 1043 1394 1098 quam
1427 1028 1633 1082 veniret
1663 1027 1816 1095 ﬁdes,
1849 1039 1971 1084 ante
2012 1028 2209 1085 Christi
2240 1032 2491 1099 natalem,
2541 1034 2640 1088 sub
2670 1033 2786 1105 lege
2812 1032 3256 1089 custodiebamur
3282 1029 3373 1083 59.

127 1110 367 1176 conclusi,
395 1115 485 1183 (ne
509 1114 651 1169 ultra
674 1134 833 1187 quam
865 1118 1008 1173 decet
1036 1120 1346 1191 faceremus)
1386 1138 1477 1174 nos
1498 1120 1625 1173 ituri
1650 1120 1703 1173 in
1732 1135 1852 1175 eam
1881 1122 2038 1176 ﬁdem
2069 1138 2189 1194 qua:
2228 1122 2516 1178 revelauda
2548 1132 2687 1179 erat.
2742 1123 2926 1193 Itaque
2972 1122 3077 1184 lex,
3120 1120 3375 1190 predago-

127 1215 216 1269 gos
241 1211 419 1256 uoster
447 1202 596 1271 (quia
619 1203 673 1257 in
700 1205 812 1275 ipsa
832 1207 1278 1274 custodiebantur,
1307 1211 1446 1278 quod
1476 1217 1552 1261 est
1588 1207 1811 1277 ofﬁciunt
1846 1210 2142 1280 ptedagogi)
2187 1210 2287 1265 fuit
2315 1211 2366 1265 in
2419 1212 2653 1278 Christo,
2684 1218 2743 1264 ut
2771 1226 2837 1265 ex
2866 1208 2969 1265 ﬁde
2989 1207 3374 1278 justilicemur.

132 1299 190 1349 At
211 1295 310 1352 ubi.
342 1306 468 1350 nato
491 1296 724 1364 Christo,
754 1300 901 1354 venit
925 1301 1076 1366 fides,
1106 1301 1218 1372 jam
1247 1317 1352 1357 non
1374 1317 1560 1356 sumus
1584 1302 1850 1355 constricti
1900 1303 1999 1357 sub
2029 1304 2338 1373 paedagogo,
2396 1312 2451 1356 ut
2501 1303 2653 1357 servi.
2712 1301 2803 1368 40,
2830 1302 2919 1356 Η.
2975 1299 3177 1356 Omnes
3228 1299 3375 1355 enim

128 1390 212 1443 lilii
239 1391 322 1444 Dei
352 1391 486 1444 estis
521 1407 619 1460 per
644 1381 978 1461 ﬁdem,'qute
998 1402 1085 1448 est
1115 1393 1168 1446 in
1198 1392 1416 1448 Christo
1436 1392 1586 1447 Iesu.
1613 1392 1851 1446 Ostendit
1874 1409 1970 1446 cur
1993 1392 2172 1462 ﬁdeles
2198 1394 2298 1462 ﬁlii
2329 1392 2423 1447 Dei
2453 1394 2577 1447 sint.
2610 1391 2927 1461 Quicunque
2947 1392 3091 1446 enim
3123 1391 3176 1444 in
3200 1389 3364 1445 Chri-

131 1492 205 1538 sto
230 1484 481 1552 baptizati
514 1484 671 1549 estis,
695 1485 971 1540 Christum
999 1484 1267 1542 induistis.
1297 1486 1387 1541 ΑΞ.
1416 1485 1530 1539 Non
1559 1494 1645 1541 est
1669 1484 1905 1548 Iudaeus,
1933 1500 2109 1556 neque
2133 1486 2352 1542 Graecus
2378 1503 2392 1540 :
2435 1487 2559 1557 (non
2590 1495 2665 1539 est
2704 1484 3000 1554 diﬂ'erenlia
3050 1483 3235 1555 gentis)
3269 1499 3378 1539 non

128 1585 200 1631 est
220 1590 422 1642 servos,
463 1592 644 1645 neque
671 1576 839 1642 liber;
868 1577 966 1648 (vel
990 1578 1367 1649 conditionis);
1412 1593 1517 1633 non
1547 1587 1632 1633 est
1662 1578 1953 1644 masculus,
2002 1594 2177 1649 neque
2206 1578 2429 1635 femina.
2473 1578 2574 1651 [vel
2625 1578 2801 1652 sexus]
2853 1578 2943 1635 45.
2979 1578 3181 1635 Omnes
3229 1581 3377 1636 enim

134 1682 215 1721 vos
233 1683 389 1721 unum
424 1668 563 1722 estis
594 1667 647 1721 in
682 1666 901 1723 Christo
930 1667 1057 1724 Jesu
1083 1669 1173 1723 44.
1209 1668 1266 1723 Si
1298 1678 1477 1725 autent
1507 1683 1603 1722 vos
1630 1668 1870 1734 Christi;
1920 1670 1965 1722 si
1994 1670 2048 1723 in
2089 1669 2380 1735 Christum,
2402 1670 2593 1741 inquit,
2625 1669 2873 1733 credatis,
2906 1669 3187 1740 spirituale
3202 1687 3378 1725 semen

136 1757 333 1811 Abraha:
368 1759 517 1824 estis,
548 1759 806 1819 imitando
829 1777 972 1825 eum,
1003 1760 1058 1830 (a
1080 1760 1221 1831 pari)
1248 1760 1341 1827 45,
1382 1760 1473 1815 46.
1507 1775 1639 1831 ergo
1666 1775 1854 1816 semen
1892 1760 2127 1817 Abrahae
2152 1763 2305 1829 estis,
2352 1762 2609 1818 credendo
2659 1762 2797 1816 sicut
2838 1762 2947 1833 ipse
2993 1761 3049 1832 (α
3092 1762 3232 1837 pari)
3256 1778 3380 1834 ergo

134 1851 407 1905 seruolum
438 1851 857 1920 promissionem
888 1850 1151 1906 lueredcs.

1539 1943 2011 2000 MIENTARIUS.

1539 1944 1563 1999 δ
1691 1943 1730 1997 ‘l
1998 1985 2011 2000 .

132 2033 217 2087 sibi
238 2032 610 2099 tribuentium,
643 2040 703 2087 ut
736 2033 963 2089 liberum
990 2033 1275 2090 arbitrium
1306 2035 1407 2091 sibi
1432 1942 2220 2106 Eu?alr:nliL:A[;l¥.SAuauos.
2260 2034 2367 2091 Sed
2398 2033 2673 2089 conclusit.
2697 2032 2988 2089 Conclusio
3022 2048 3208 2089 eorum
3241 2046 3377 2095 erat.

132 2139 266 2195 posse
284 2122 525 2180 suﬁicere
546 2124 619 2179 ad
642 2124 935 2195 justitiam.

187 2213 267 2267 ΞΕ).
302 2214 541 2268 Asianos.
586 2212 814 2284 Propter
839 2216 1299 2285 transgressiones.
1344 2216 1690 2286 Superbienti

130 2304 303 2374 popqu
324 2306 405 2359 lex
431 2306 615 2375 posita
645 2313 749 2370 est,
781 2314 843 2361 ut
869 2309 1122 2376 quoniam
1137 2304 1382 2379 "gratiam
1411 2307 1693 2362 charitatis

132 2396 543 2451 oisihumiliatus
593 2396 844 2467 accipere
868 2413 973 2453 non
1007 2410 1208 2469 posset,
1261 2399 1693 2467 transgressione

137 2487 501 2554 huutiliaretur,
536 2499 596 2542 ut
623 2496 892 2557 quareret
914 2490 1166 2560 gratiam.

188 2578 269 2633 30.
298 2576 497 2634 Lassa.
539 2580 720 2633 Donec
742 2580 931 2634 veniret
962 2598 1134 2635 semen
1186 2582 1289 2635 cui.
1348 2583 1487 2637 Deus
1534 2581 1695 2636 Pater

141 2669 476 2725 hereditatem
504 2672 673 2726 totius
699 2672 884 2727 mundi
923 2673 1248 2743 promiserat
1273 2673 1507 2738 Christo,
1554 2674 1697 2728 sicut

141 2758 183 2814 in
203 2761 389 2831 psalmo
415 2781 431 2819 :
474 2762 698 2819 l’ostnla
737 2782 769 2819 α
799 2780 903 2829 me,
949 2773 997 2818 et
1021 2764 1157 2819 dabo
1184 2765 1275 2819 tibi
1303 2774 1500 2835 gentes,
1530 2773 1639 2819 etc.

198 2855 526 2913 5|.Aucusr.
590 2854 823 2927 (Expos.
866 2853 1039 2926 Epist.
1086 2854 1400 2919 ad.Calat.,
1458 2870 1575 2925 cap.
1607 2872 1694 2918 Ill,

146 2951 253 2997 tom.
286 2944 390 3015 IV.)
410 2944 604 3001 Semen
631 2946 717 2999 cui
743 2946 1001 3016 promisit.
1034 2944 1228 3002 Semen
1262 2944 1347 3000 cui
1373 2946 1701 3015 promissum.

144 3044 210 3085 est
231 3035 468 3104 populum
496 3036 775 3106 signiﬁcat
802 3037 1160 3091 credentium.

199 3125 280 3180 32.
304 3127 537 3185 Aunaos.
569 3127 837 3182 Mediator
858 3136 1052 3182 autem.
1077 3128 1133 3182 Si
1161 3126 1324 3181 Filius
1349 3126 1441 3182 Dei
1465 3125 1693 3181 naturali

144 3216 416 3282 :equalitate
451 3233 681 3274 insuere
716 3218 890 3282 vellet,
937 3233 1003 3271 ne
1034 3233 1091 3273 se
1112 3218 1423 3272 exinanirct
1462 3215 1692 3270 formam

148 3308 264 3358 servi
285 3309 570 3377 accipiens,
600 3324 708 3362 non
729 3316 871 3363 esset
903 3308 1165 3363 Mediatnr
1188 3309 1278 3363 Dei
1305 3318 1360 3363 et
1383 3308 1690 3371 hominum;

1793 2130 1958 2179 timor
1982 2126 2142 2180 unius
2172 2124 2287 2179 Dei.

1863 2217 1951 2272 58.
1984 2216 2187 2271 Laure.
2219 2214 2321 2270 Sed
2347 2215 2602 2269 conclusit
2626 2214 2926 2284 Scriptura.
2982 2214 3262 2271 Conclusit
3294 2216 3382 2272 lex

1790 2308 1972 2364 omnia
1996 2308 2096 2362 sub
2123 2316 2368 2377 peccato,
2394 2306 2477 2362 vel
2506 2306 2633 2376 quia
2655 2306 2896 2376 perfecte
2948 2306 3151 2361 nullum
3179 2308 3385 2364 malum

1793 2398 2042 2453 liberavit
2064 2414 2094 2451 a
2119 2406 2359 2467 peccato.
2397 2396 2479 2452 vel
2509 2397 2635 2467 quia
2665 2406 2841 2452 tamen
2874 2395 3104 2453 difficilis
3127 2400 3250 2454 data
3274 2408 3382 2465 est,

1798 2500 2000 2548 Itcum
2034 2490 2247 2561 impleri
2292 2505 2398 2545 non
2449 2499 2648 2561 posset,
2704 2490 3148 2561 prtevaricatores
3191 2504 3383 2546 omnes

1793 2583 2164 2637 constitueret.

1865 2674 1951 2729 59.
1980 2668 2228 2728 Codclusi
2259 2673 2310 2725 in
2333 2687 2446 2727 eam
2468 2670 2646 2740 ﬁdens.
2676 2670 2951 2736 Couclusi,
2992 2670 3044 2725 id
3090 2679 3199 2736 est,
3244 2684 3386 2726 con-

1795 2766 1967 2822 stricti
1992 2766 2184 2820 timore
2217 2764 2363 2819 velut
2414 2764 2554 2819 servi
2600 2777 2840 2828 eramus,
2900 2762 2953 2817 in
3005 2761 3384 2831 expectatione

1796 2857 1912 2927 cjns
1936 2856 2078 2921 fidei,
2111 2870 2231 2925 quae
2263 2855 2546 2910 revelanda
2571 2861 2689 2909 erat
2716 2852 2769 2906 in
2804 2852 3037 2907 adventu
3080 2850 3306 2906 Christi.

1867 2946 1957 3001 40.
1997 2946 2188 3001 Omnes
2219 2946 2356 3001 enim
2384 2945 2483 3014 ﬁlii
2523 2944 2640 2999 Dei.
2679 2942 2882 2999 Probat
2907 2943 3029 3012 quia
3057 2958 3163 2996 non
3195 2958 3384 2998 sumus

1802 3036 1942 3092 servi
1973 3036 2072 3091 sub
2106 3036 2399 3107 pzedagogo
2445 3034 2595 3103 lege;
2636 3047 2759 3087 nam
2800 3032 2980 3097 liberi,
3040 3032 3091 3087 id
3129 3041 3234 3096 est,
3289 3032 3384 3086 ﬁlii

1798 3128 1948 3191 estis,
1987 3124 2114 3195 quia
2139 3123 2416 3180 Christum
2440 3122 2717 3185 induistis.
2743 3121 2795 3177 id
2824 3129 2907 3176 est
2936 3119 3054 3190 ejus
3091 3136 3255 3193 opera
3312 3122 3386 3175 fa.

1795 3216 1943 3272 citis.
1976 3217 2174 3272 Omnes
2202 3214 2346 3271 enim
2374 3213 2634 3283 baptizati
2662 3212 2938 3268 Christum
2990 3212 3042 3267 in
3067 3214 3245 3279 luunt;
3288 3216 3384 3270 sel

1800 3324 1895 3363 vos
1922 3308 2055 3363 estis
2081 3305 2359 3374 baptizati.
2413 3304 2552 3374 Ergo
2583 3302 2857 3358 Christum
2897 3302 3167 3356 induistis.
3224 3303 3379 3369 ltcm,

145 3394 249 3458 quia
270 3397 373 3465 ipsa
401 3398 646 3453 Trinitas
675 3414 812 3453 unus
836 3408 919 3453 est
948 3400 1109 3453 Deus.
1142 3398 1234 3453 Sic
1286 3399 1467 3468 itaque
1504 3398 1696 3453 unicus
1728 3390 1770 3447 Β
1800 3395 1940 3465 quod
2002 3409 2193 3449 omnes
2232 3393 2491 3464 baptizati
2550 3391 2823 3446 Christum
2878 3390 3109 3444 induunt
3144 3406 3158 3454 ;
3206 3392 3386 3447 nullus

150 3487 287 3543 Filius
323 3491 408 3545 Dei
437 3493 704 3547 Mediator
729 3492 822 3546 Dei
855 3500 906 3547 et
932 3491 1209 3547 hominum
1239 3489 1416 3545 factus
1441 3498 1547 3555 est,
1569 3505 1691 3544 cum

151 3576 351 3636 Verbum
386 3582 474 3637 Dei
506 3585 653 3640 Deus
702 3584 843 3654 apud
887 3583 1051 3637 Deum
1080 3591 1136 3637 et
1165 3580 1498 3650 maiestatem
1540 3596 1691 3635 suam

150 3677 373 3742 usquead
396 3677 691 3730 humanam
722 3676 994 3745 deposuit,
1032 3684 1086 3729 et
1109 3673 1474 3730 humilitatem
1509 3674 1695 3727 huma-

152 3776 252 3815 nam
285 3781 442 3836 usque
467 3769 533 3822 ad
556 3768 799 3822 divinam
838 3767 1091 3821 subvexit
1158 3774 1216 3820 ut
1244 3764 1508 3823 Mcdiator
1552 3765 1693 3819 inter

152 3850 289 3909 Deum
307 3868 356 3912 et
374 3860 623 3915 homines
644 3860 826 3915 homo.

207 3946 282 4002 55.
303 3948 491 4006 Lassa.
526 3952 671 4006 Deus
706 3962 879 4005 autent
919 3966 1057 4005 unus
1102 3958 1197 4004 est.
1229 3948 1368 4016 Quia
1418 3948 1694 4003 Christum

150 4035 262 4092 dixit
285 4040 437 4114 [sup.,
465 4043 845 4114 Mediatorem]
876 4043 967 4098 Dei
1000 4042 1250 4098 videlicet
1307 4052 1364 4097 et
1389 4056 1692 4104 nominum,

151 4129 431 4189 etChristus
452 4147 555 4203 est,
591 4136 916 4191 videbantur
944 4149 1064 4188 esse
1090 4134 1197 4187 duo
1228 4133 1320 4196 dii,
1369 4132 1477 4187 sed-
1518 4131 1690 4189 absit!

154 4215 276 4275 Unus
290 4226 419 4279 cnim
436 4229 596 4291 Deus,
613 4226 795 4291 Pater,
818 4234 874 4281 et
892 4225 931 4280 F
939 4226 1084 4290 ilius,
1110 4232 1165 4279 et
1186 4223 1425 4293 Spiritus
1450 4232 1691 4278 sanctus.

208 4313 284 4369 54.
310 4315 411 4372 Lex
432 4336 555 4391 ergo
581 4319 834 4373 adversus
864 4318 1123 4389 promissa
1158 4316 1277 4369 Dei.
1316 4315 1472 4382 Item,
1500 4314 1696 4384 probat.

154 4406 268 4469 quod
296 4407 368 4462 lcx
418 4425 519 4465 non
566 4409 661 4465 dat
690 4408 1087 4472 hmreditatcm,
1122 4406 1208 4462 vel
1258 4406 1692 4476 promissionem,

156 4494 222 4547 vel
249 4497 691 4567 benedictionem;
734 4516 859 4556 nam
886 4500 930 4556 si
962 4499 1047 4555 lex
1075 4500 1247 4565 daret,
1294 4498 1605 4570 promissio,
1638 4498 1692 4552 id

156 4594 225 4640 est
249 4588 393 4659 ﬁdes,
432 4610 534 4649 non
580 4596 777 4658 daret;
819 4593 915 4648 sed
954 4593 1242 4662 promissio
1293 4601 1499 4647 tantum
1546 4592 1694 4646 dedit

158 4676 348 4737 Abrahze
386 4685 776 4742 hmreditatcm.
825 4686 966 4756 Ergo
1021 4686 1105 4740 lex
1133 4701 1239 4739 non
1266 4682 1359 4739 dat
1409 4682 1695 4738 hznredita-

160 4776 410 4845 lim,quod
440 4789 544 4846 est,
573 4781 656 4834 (ea:
683 4796 806 4851 ergo
841 4780 1087 4834 adversus
1115 4779 1372 4850 promissu
1400 4776 1531 4830 Dei?

214 4864 288 4920 35.
324 4871 552 4930 Aucusr.
610 4873 716 4927 Leo;
743 4890 864 4944 ergo
899 4873 1167 4927 adversus.
1228 4870 1475 4942 Replicat
1524 4870 1693 4941 ipsam

162 4961 489 5023 qttzestioncut.

216 5047 289 5103 εδ.
318 5051 504 5112 Lnrn.
538 5058 599 5113 Si
646 5057 783 5111 enim
814 5056 936 5108 data
960 5063 1088 5109 esset
1134 5054 1239 5108 lex.
1293 5054 1423 5108 Item
1480 5055 1690 5123 prohat.

165 5136 252 5195 Lex
284 5160 376 5200 non
404 5149 493 5202 dat
523 5147 912 5208 hmrctiitatem,
938 5145 1062 5215 quia
1093 5160 1196 5219 non
1223 5145 1315 5199 dat
1342 5144 1527 5211 vitam,
1570 5145 1696 5213 quia

164 5230 197 5281 si
219 5230 288 5286 lex
322 5236 464 5293 daret
510 5241 698 5304 \i.atn,
731 5238 885 5292 daret
932 5244 987 5290 et
1028 5234 1296 5304 justitiam
1327 5238 1379 5305 (a
1410 5235 1573 5304 pari),
1605 5232 1698 5289 sed

169 5336 252 5376 non
288 5327 369 5381 dat
402 5330 683 5399 justitiam,
738 5328 865 5401 quia
918 5327 1099 5383 omnia
1155 5333 1282 5381 sunt
1324 5326 1425 5382 sub
1475 5332 1698 5395 peccato

170 5412 281 5477 apud
319 5417 539 5487 ludtcos,
576 5423 703 5493 quia
753 5419 1040 5490 Scriptura
1082 5418 1251 5474 dicit:
1292 5419 1433 5489 Ergo
1451 5417 1538 5473 lex
1590 5434 1696 5473 non

172 5499 493 5573 ddljustitiam
529 5515 581 5580 (a
610 5512 918 5582 relatione).
942 5510 1083 5579 Ergo
1130 5524 1229 5565 nec
1260 5509 1424 5564 vitam
1458 5509 1512 5579 (a
1559 5508 1698 5578 pari)

173 5588 286 5663 Ergo
318 5615 407 5656 nec
429 5602 787 5660 [nereditatem
819 5603 913 5659 dat
946 5602 1048 5656 lex.
1077 5601 1217 5671 Ergo
1262 5615 1358 5670 per
1386 5600 1544 5655 ﬁdem
1570 5609 1692 5652 tan-

176 5688 265 5732 tum
284 5687 424 5743 datur
456 5693 761 5758 hmreditas,
797 5693 880 5749 vel
909 5692 1215 5763 promissio,
1246 5691 1324 5745 vel
1358 5690 1689 5755 benedictio,

181 5772 377 5846 “3m”.
406 5787 641 5843 ontnibus
674 5788 754 5841 his
785 5786 983 5841 ctenim
1012 5786 1179 5840 utitur
1206 5792 1260 5838 ut
1292 5782 1528 5852 paribus.
1570 5858 1571 5861 η

1793 3487 1938 3542 enim
1963 3485 2254 3555 excipitur,
2279 3494 2340 3540 et
2370 3484 2474 3539 hoc.
2501 3492 2608 3549 est,
2636 3499 2739 3537 non
2764 3482 3011 3543 Iudicas,
3034 3481 3243 3537 scilicet
3285 3499 3382 3538 ex-

1791 3589 2000 3649 ceptus,
2042 3595 2202 3649 neque
2231 3578 2468 3642 Crcecus,
2499 3584 2605 3631 etc.
2657 3575 2799 3643 Ergo
2820 3575 2913 3645 qui
2940 3574 3199 3644 baptizati
3223 3576 3378 3639 estis,

1794 3671 2064 3725 Christum
2090 3667 2358 3731 iudnistis,
2374 3668 2475 3722 hoc
2504 3673 2605 3728 est,
2620 3680 2795 3719 omnes
2808 3665 2943 3718 enim
2964 3680 3049 3719 ros
3064 3681 3223 3718 unum
3235 3665 3381 3719 estis.

1863 3760 1953 3814 4|.
1980 3761 2218 3815 Aucusr.
2249 3756 2422 3829 (ibid.)
2454 3757 2645 3810 Omnes
2670 3754 2808 3809 enim
2835 3754 2956 3823 ﬁlii.
2989 3753 3142 3821 Quod
3197 3765 3380 3808 autem

1795 3855 1927 3911 dicit
1961 3854 2052 3910 Dei
2094 3851 2231 3908 ﬁlios
2252 3837 2371 3906 esse
2399 3866 2497 3921 per
2539 3848 2719 3914 fidem,
2754 3848 2880 3917 quia
2913 3847 3202 3901 induerunt
3224 3845 3383 3901 Chri-

1794 3958 1936 4005 stum
1966 3945 2274 4018 quicunque
2302 3942 2355 3997 in
2391 3941 2612 3998 Christo
2658 3938 2921 4010 baptizati
2952 3945 3102 4003 sunt,
3158 3936 3226 3991 ad
3281 3936 3385 3991 hoc

1798 4041 1939 4096 valet
1967 4055 2035 4096 ne
2058 4046 2245 4110 gentes
2267 4036 2335 4091 de
2362 4050 2423 4091 se
2452 4034 2828 4105 desperarent,
2854 4030 2944 4103 qui
2972 4045 3078 4086 non
3109 4029 3384 4086 custodie-

1800 4136 1999 4191 bantur
2023 4130 2124 4188 sub
2143 4129 2452 4201 pa‘dagogo.

1866 4225 1956 4280 42.
1999 4224 2235 4277 Asianos.
2271 4220 2393 4274 Non
2419 4227 2493 4273 est
2513 4216 2759 4272 Indicus.
2814 4213 3127 4270 Diﬁ'erentia
3157 4214 3259 4267 ista
3291 4212 3375 4295 vel

1798 4316 2059 4389 gentium,
2086 4311 2169 4366 vel
2195 4308 2543 4371 conditionis,
2571 4306 2655 4361 vel
2683 4302 2995 4372 sexus,jam
3023 4301 3240 4372 quidem
3279 4302 3378 4355 ab-

1799 4408 1905 4462 lata
1932 4412 2017 4459 est
2040 4403 2108 4459 ab
2137 4402 2341 4456 unitate
2364 4398 2508 4465 ﬁdei,
2540 4397 2635 4452 sed
2664 4402 2846 4451 manet
2872 4394 2924 4450 in
2958 4393 3380 4449 conversatione

1797 4495 2009 4555 morali.

1865 4591 1955 4646 45.
1980 4591 2216 4645 Ancusr.
2244 4583 2417 4657 (ibid.)
2444 4582 2636 4637 Omnes
2673 4580 2813 4636 enim
2867 4595 2971 4634 ros.
3016 4577 3087 4633 ln‘
3122 4586 3385 4647 quantum

1797 4682 1941 4738 enim
1971 4660 2153 4735 ﬁdeles
2182 4683 2308 4731 sunt
2334 4686 2541 4738 omne=,
2568 4685 2734 4725 unum
2760 4677 2883 4723 sunt
2922 4668 2973 4721 in
2996 4666 3213 4722 Christo
3232 4664 3383 4721 Jcsn.

1802 4775 1914 4830 Etsi
1941 4774 2043 4828 hoc
2074 4771 2206 4825 ﬁdes
2228 4767 2378 4829 facit,
2404 4780 2499 4835 per
2526 4778 2687 4833 quam
2713 4762 2765 4815 in
2794 4761 2895 4825 hac
2925 4760 3037 4813 vita
3087 4759 3231 4830 juste
3268 4774 3383 4812 am-

1802 4864 2038 4930 bulatur,
2071 4868 2273 4931 quanto
2300 4857 2592 4928 perfectius
2620 4862 2782 4924 atque
2814 4850 3140 4907 etunulalius
3180 4851 3230 4904 id
3259 4863 3384 4919 spes

1804 4957 1915 5026 ipsa
1942 4954 2147 5008 factura
2178 4958 2282 5014 est,
2307 4963 2432 5004 cum
2464 4945 2766 5001 videbimus
2791 4942 2929 4998 facie
2955 4940 3023 4995 ad
3054 4939 3267 4996 faciem.

1874 5045 1963 5099 44.
1999 5041 2171 5114 (ibid.)
2204 5040 2264 5096 Si
2290 5048 2464 5093 autem
2490 5054 2575 5091 ros
2613 5035 2828 5090 Christi.
2888 5032 2946 5088 Si
2978 5040 3158 5087 autem
3200 5039 3260 5085 ut
3297 5030 3386 5084 hic

1804 5134 2310 5203 subdistinguatur,
2368 5137 2425 5183 et
2460 5125 2859 5183 subaudiatur;
2904 5123 3005 5178 Vos
3053 5136 3215 5176 unum
3261 5123 3385 5175 estis

1807 5228 1859 5281 in
1891 5225 2097 5279 Christo
2121 5223 2279 5287 Jesu;
2303 5236 2365 5276 ac
2386 5218 2576 5275 deinde
2622 5216 2885 5272 inferatur
2928 5232 2940 5268 :
2974 5213 3112 5283 Ergo
3158 5210 3409 5267 Abrahte.

1805 5333 1980 5373 semen
2008 5317 2149 5369 estis.

1879 5409 1967 5464 45.
1997 5408 2172 5480 (ibid.)
2206 5408 2343 5478 Ergo
2368 5407 2590 5460 Abrahae
2618 5421 2815 5459 semen.
2842 5400 2938 5455 Hic
2960 5395 3192 5453 ostendit
3216 5412 3381 5452 unum

1803 5515 1988 5557 semen
2015 5499 2314 5563 Christum,
2346 5512 2447 5550 non
2484 5502 2690 5547 tantum
2714 5492 2888 5561 ipsum
2923 5486 3268 5543 Mcdiatorctn
3295 5488 3374 5540 in-

1810 5592 2155 5662 lclligeudum
2196 5604 2347 5653 esse,
2398 5586 2490 5641 sed
2524 5583 2686 5639 etiam
2742 5580 3063 5636 Ecclesium.
3109 5576 3262 5648 cujus
3294 5578 3384 5634 ille

1803 5685 2045 5755 corporis
2074 5690 2235 5752 caput
2250 5691 2350 5735 est.
3142 5746 3146 5751 ἡ

1874 5783 2219 5836 tti.:\unuos.
2277 5778 2412 5845 I'Irgo
2474 5788 2664 5828 sctnen.
2727 5773 2781 5825 Si
2838 5786 3000 5825 unum
3060 5776 3138 5825 cst
3198 5781 3380 5823 setucn
