3964 6290
372 369 478 424 275
1079 401 1086 409 -
1413 365 1472 418 Β.
1519 364 1908 420 LANFRANCI
1948 366 2295 426 CANTUAﬂ.
2333 369 2656 426 AliCll‘lEP.

1137 519 1140 521 -
1274 493 1276 495 ’
1722 483 1879 554 130
1911 482 2140 540 CAPUT
2179 485 2268 540 IV.
3339 541 3347 545 _

445 573 498 626 1.
520 570 672 627 'cho
708 582 888 626 autem
920 572 1012 637 εἳ,
1036 573 1088 627 5.
1115 572 1330 640 Quanto
1353 581 1592 644 tempore
1626 574 1800 628 haeres
1823 575 2080 644 parvulus
2111 588 2216 643 est,
2251 579 2384 632 nihil
2407 577 2588 634 differt
2617 594 2646 633 a
2680 594 2862 646 servo,
2911 595 3033 636 cum
3087 579 3158 635 sit
3208 579 3480 638 Dominus
3547 589 3712 634 oni-

372 668 523 722 nium
556 667 644 722 τι.
682 669 776 724 sed
793 669 893 724 sub
923 655 1188 724 tutoribus
1217 679 1271 724 et
1292 669 1563 724 actoribus
1593 678 1678 725 est
1731 670 2035 739 plucitand‘o
2066 687 2238 742 usque
2265 674 2333 728 ad
2360 675 2691 743 praeﬁnitum
2742 683 2952 744 tempus
2978 689 3008 729 a
3033 686 3212 746 patre,
3244 674 3300 730 5.
3337 674 3415 729 ita
3440 682 3502 729 et
3541 685 3705 736 nos,

372 765 676 833 (interponit
701 779 777 826 se,
813 773 976 817 totum
1003 781 1098 832 pro
1125 765 1296 836 parte)
1325 770 1446 819 cum
1473 779 1720 821 essemus
1752 767 1963 836 parvuli
1994 784 2172 834 sensu,
2223 779 2343 823 ante
2371 770 2553 838 ﬁdem,
2579 770 2678 826 sub
2709 769 2992 848 elementis
3028 770 3234 837 mundi,
3277 771 3412 826 sicut
3441 771 3549 824 ille
3582 767 3714 824 sub

371 859 652 926 tutoribus,
677 875 894 916 eramus
923 861 1240 916 servientes.
1270 861 1341 914 At
1373 862 1460 918 tibi
1491 863 1639 916 venit
1668 862 1944 932 plenitudo
1979 864 2254 932 temporis,
2291 864 2440 919 misit
2490 865 2631 920 Deus
2652 863 2850 919 Filium
2876 880 3057 930 suum,
3084 863 3136 920 6.
3183 865 3395 920 factum.
3438 880 3513 920 ex
3553 877 3711 919 mtt-

373 955 527 1021 ticre,
561 954 613 1008 7.
645 953 849 1009 lactant
880 955 979 1010 sub
1005 955 1144 1025 lege,
1185 956 1414 1026 (singula
1444 957 1665 1026 singulis
1697 959 2030 1027 respondent)
2059 967 2118 1014 ut
2144 973 2260 1025 eos,
2289 959 2382 1030 qui
2421 961 2486 1016 8.·
2502 961 2604 1016 sub
2631 961 2747 1031 lege
2795 970 2968 1026 erant,
3000 961 3312 1032 redimeret,
3343 962 3398 1018 9.
3459 971 3530 1016 ut
3589 959 3712 1014 ad-

371 1043 648 1130 optionem
682 1050 912 1105 ﬁliorum
941 1053 1328 1120 reciperemus,
1358 1061 1413 1104 ut
1450 1069 1676 1105 essemus
1705 1053 1934 1121 adoptit't'
1953 1053 2074 1120 filii.
2103 1052 2372 1120 Quouiaut
2417 1063 2596 1110 autem
2631 1056 2766 1111 estis
2821 1057 2942 1124 ﬁlii,
2994 1056 3145 1112 misit
3189 1058 3332 1114 Deus
3385 1058 3709 1130 Spiritum

371 1145 494 1198 Filii
533 1127 626 1199 sui
658 1146 710 1200 in
744 1146 904 1200 corda
933 1155 1134 1212 vestra,
1174 1146 1258 1201 10.
1296 1147 1642 1211 clamantem,
1693 1149 1923 1202 clamare
1953 1166 2046 1204 nos
2072 1150 2370 1219 facientem,
2397 1151 2572 1219 Abba,
2599 1151 2777 1207 Pater.
2811 1150 2877 1206 Id
2901 1153 3027 1208 dicit
3071 1153 3308 1224 Syriace,
3357 1164 3404 1208 et
3431 1127 3706 1207 ⁷Ιιιιιὶιιεο

376 1237 463 1294 ll.
496 1243 702 1312 Itaque,
725 1243 848 1312 quia
876 1243 1041 1312 ﬁlius,
1066 1242 1179 1312 jam
1210 1259 1316 1299 non
1341 1253 1425 1299 est
1451 1260 1639 1300 servus
1665 1247 1780 1315 quis
1809 1257 2056 1313 vestrum,
2091 1247 2184 1302 sed
2217 1247 2378 1309 ﬁlius.
2418 1247 2573 1316 Quod
2603 1250 2647 1304 si
2695 1249 2842 1304 [ilius
2891 1268 2903 1303 :
2953 1251 3008 1321 (a
3035 1250 3194 1321 pari)
3246 1259 3302 1304 et
3346 1250 3539 1304 haeres
3589 1261 3713 1317 per

376 1337 568 1403 Deum,
595 1357 690 1408 per
715 1341 943 1409 gratiam
975 1327 1108 1394 Dei.
1134 1341 1240 1397 Sed
1273 1350 1400 1396 tunc
1423 1341 1642 1413 quidem
1693 1345 2006 1413 ignorantes
2041 1344 2197 1416 131
2240 1345 2430 1411 Deum,
2474 1363 2588 1400 cum
2624 1346 2920 1420 serviebatis
2947 1346 3232 1411 elementis,
3255 1347 3435 1401 minus
3487 1345 3716 1413 culpm-

378 1433 524 1501 biles,
558 1435 641 1498 iis,
675 1423 765 1507 qui
799 1447 990 1492 natura
1021 1454 1128 1493 noti
1167 1448 1292 1494 sunt
1320 1441 1420 1504 dii,
1456 1441 1547 1495 sed
1572 1441 1838 1496 voluntate
1865 1443 2154 1507 hominum,
2191 1445 2530 1501 serviebatis.
2558 1445 2711 1500 Nunc
2738 1454 2919 1501 autem
2945 1460 3066 1500 cum
3097 1443 3470 1510 cognoverit's
3498 1438 3714 1492 Deum

378 1534 467 1591 1‘2.
500 1534 608 1588 imo
638 1534 837 1603 cogniti
863 1535 984 1588 sitis
1007 1551 1034 1588 a
1064 1535 1198 1600 Deo,
1231 1537 1316 1591 15.
1347 1538 1620 1606 quomodo
1651 1537 1741 1593 M.
1772 1539 2158 1594 convertimini
2186 1542 2382 1596 iterum
2415 1541 2502 1598 15.
2537 1544 2600 1595 ad
2629 1541 2839 1597 inﬁrma
2868 1551 2924 1596 et
2955 1540 3037 1595 16.
3055 1543 3253 1610 egena,
3281 1554 3384 1592 non
3410 1534 3714 1590 habentia

376 1629 514 1708 unde
541 1632 734 1696 vivant,
761 1630 846 1684 17.
888 1629 1156 1684 elementa
1181 1629 1425 1697 colenda,
1453 1631 1653 1702 quibus
1686 1635 1864 1688 denuo
1893 1634 2100 1690 servire
2121 1635 2324 1690 vultis?
2353 1635 2440 1691 18.
2473 1636 2596 1692 Dies
2622 1635 2982 1691 Sabbatoruinv
2994 1635 3314 1698 observatis,
3337 1643 3392 1688 et
3421 1644 3713 1695 menses,

378 1729 698 1798 ueomeuias,
731 1737 785 1782 et
819 1737 1060 1796 tempora
1091 1744 1371 1796 annorum,
1406 1737 1460 1784 et
1483 1745 1673 1796 annos,
1703 1729 2008 1794 labi/trum,
2041 1742 2088 1784 et
2107 1734 2197 1803 qui
2227 1731 2356 1786 nihil
2385 1743 2650 1802 operatur.
2695 1729 2762 1784 Et
2783 1733 2907 1804 quia
2943 1731 3096 1788 vultis
3125 1733 3314 1787 iterum
3340 1729 3714 1796 Judaiznre,

1727 1821 1814 1877 C0
1825 1822 2299 1879 MMENTARlUS.
2483 1830 2506 1852 '
3304 1869 3308 1874 .
3689 1823 3700 1836 ‘

379 1908 634 1975 Abralim,
679 1917 733 1964 et
789 1910 918 1964 illud
963 1927 1068 1965 non
1111 1911 1432 1983 intelligitur
1481 1911 1586 1967 nisi
1627 1912 1678 1967 in
1722 1912 1962 1967 Christo.
1995 1917 2039 1972 Λ
2066 1912 2305 1984 sublege
2331 1930 2438 1970 non
2475 1923 2660 1977 erant;
2701 1915 2794 1970 sed
2823 1914 2888 1970 de
2915 1915 3000 1970 liis
3026 1923 3236 1986 poterat
3261 1929 3386 1970 esse
3435 1911 3716 1968 dubita-—

3563 362 3702 425 276

383 1999 1130 2068 llocautemsemeuAbi-alne
1160 2017 1258 2058 nos
1281 2017 1503 2068 sumus;
1530 2005 1633 2060 hoc
1657 2015 1740 2059 est
1770 2013 1966 2070 totum,

382 2094 433 2146 id
463 2101 566 2154 est,
621 2103 783 2164 caput
809 2103 862 2148 et
893 2110 1114 2163 corpus,
1148 2113 1284 2150 unus
1305 2105 1386 2150 cst
1409 2095 1679 2154 Christus.

451 2182 608 2237 CAP.
643 2183 874 2238 lV.-—-t.
903 2185 1106 2240 LASPR.
1146 2185 1275 2240 Dico
1303 2197 1498 2242 autem.
1549 2189 1762 2245 Diceret
1801 2191 1924 2261 quis
1953 2212 1964 2246 :

382 2274 538 2328 Servi
565 2273 784 2346 luimus,
819 2283 877 2329 ut
900 2276 1059 2341 diuis,
1082 2287 1136 2331 et
1172 2280 1331 2333 modo
1382 2280 1552 2336 dicis:
1581 2280 1834 2336 lituredes
1862 2283 1970 2336 eri—

380 2383 520 2431 mus,
554 2385 658 2422 non
687 2379 862 2438 potest
887 2386 1029 2425 esse.
1069 2371 1222 2438 Quo-.l
1270 2373 1462 2442 probat
1513 2390 1609 2446 per
1662 2375 1970 2430 similitudi-

377 2477 498 2522 nem
531 2462 864 2530 prmitiissam
897 2463 962 2516 de
984 2463 1067 2518 liis
1097 2465 1186 2534 qui
1209 2467 1310 2522 sub
1339 2469 1582 2523 custodia
1606 2471 1758 2523 sunt.

444 2549 502 2603 2.
538 2551 769 2607 Arcusr.
794 2551 1016 2624 (Expos.
1049 2553 1218 2624 Epist.
1243 2557 1312 2610 ad
1343 2556 1544 2621 Galat.,
1569 2559 1733 2628 c.1v).
1759 2559 1968 2626 Quanto

376 2651 624 2708 tempore.
663 2641 797 2695 Cum
828 2643 1080 2712 superius
1131 2645 1300 2715 legem
1359 2647 1710 2718 paedagogum
1754 2649 1966 2715 fecerit,

377 2732 477 2786 sub
506 2748 614 2802 quo
637 2742 757 2787 erat
780 2734 1008 2804 populus
1036 2735 1376 2804 Judteorum;
1415 2755 1560 2794 nunc
1588 2751 1970 2808 procuratores

375 2823 510 2888 dicit
539 2823 827 2888 elementa,
865 2827 965 2880 sub
990 2825 1190 2895 quibus
1217 2828 1534 2883 serviebant
1554 2840 1767 2901 gentes,
1789 2839 1849 2886 ut
1873 2848 1969 2903 po-

379 2914 536 2983 pulus
571 2915 746 2969 ﬁdelis
768 2917 963 2986 partim
998 2919 1098 2974 sub
1128 2919 1242 2991 lege
1273 2921 1586 2992 pmdagbgo,
1618 2923 1818 2992 partim
1869 2926 1969 2980 sub

378 3003 665 3060 elementis
695 3014 936 3077 tempore
961 3024 1072 3063 sua:
1098 3011 1346 3079 pueritiae
1369 3013 1557 3067 fuerit.
1582 3015 1661 3068 Ad
1694 3015 1796 3069 hoc
1826 3015 1969 3084 quod

378 3093 595 3149 dixerat
623 3095 676 3149 iit
707 3096 999 3152 adventum
1049 3099 1170 3155 ﬁdei
1223 3105 1478 3172 tauquam
1521 3104 1622 3158 sub
1679 3107 1970 3178 paedagogo

379 3185 643 3241 custodiri
671 3189 929 3257 populum
959 3205 1131 3260 usque
1161 3193 1227 3245 ad
1250 3196 1428 3248 relatis
1481 3197 1965 3265 opportunitatem,

379 3295 484 3349 qua
525 3281 575 3333 iu
599 3280 906 3335 libertatem
941 3283 1168 3338 vocandi
1197 3294 1376 3350 erant,
1401 3284 1682 3354 adjunxit:
1717 3287 1849 3342 Dico
1877 3304 1974 3342 au-
2006 3279 2052 3338 Β

381 3381 484 3423 tem
512 3384 530 3421 :
557 3370 770 3436 Quanto
805 3381 1032 3442 tempore
1051 3374 1218 3428 [iteres
1245 3376 1498 3444 parvulus
1519 3387 1617 3432 est.

453 3462 507 3515 '5.
536 3461 737 3517 LAM‘R.
775 3463 985 3529 Quanto
1038 3475 1287 3537 tempore.
1341 3467 1811 3538 Cortmarationem
1837 3471 1978 3525 hanc

383 3562 594 3620 tantum
618 3555 684 3608 ad
709 3569 805 3610 eos
823 3555 920 3625 qui
953 3571 1020 3611 ex
1052 3558 1309 3628 gentibus
1338 3561 1709 3617 crediderunt.
1765 3561 1972 3626 Haares,

387 3644 667 3714 parvulus,
713 3656 771 3701 et
801 3663 1014 3712 servus,
1057 3649 1132 3703 ita
1188 3650 1567 3724 intelliguntur
1614 3655 1753 3709 sicut
1797 3654 1980 3710 multi-

384 3735 514 3790 tudo
547 3737 849 3802 hominum,
878 3753 1107 3807 quorum
1133 3741 1223 3796 alii
1248 3744 1508 3798 credituri
1539 3755 1694 3812 sunt,
1719 3747 1811 3801 alii
1843 3761 1972 3802 neu.

455 3828 510 3882 4.
554 3827 661 3883 Sub
692 3831 974 3909 tutoribus,
1003 3831 1054 3886 id
1079 3842 1184 3897 est,
1215 3845 1342 3889 sunt
1367 3845 1573 3893 tutores
1620 3848 1675 3892 et
1725 3848 1980 3894 auctores

383 3917 488 3992 [vel
515 3918 790 4000 actores];
821 3921 914 3975 sed
937 3936 1038 3992 pro
1075 3923 1394 3980 diversitate
1443 3942 1732 3983 causarum
1764 3929 1978 3984 diversa

387 4013 612 4068 nomina
647 4014 972 4069 sortiuntur.
1017 4017 1255 4074 't‘utores
1293 4019 1567 4088 dicuntur,
1627 4022 1752 4092 quia
1790 4038 1980 4093 perso-

387 4120 513 4159 nam
542 4105 750 4175 pupilli,
779 4116 836 4161 et
864 4121 950 4162 res
980 4109 1096 4179 ejus
1131 4120 1321 4164 contra
1383 4111 1686 4168 calumnias
1737 4122 1980 4169 tuentur.

390 4198 666 4254 Auetores
687 4200 778 4268 qui
824 4197 1050 4270 injuriis.
1072 4200 1278 4271 pupillo
1308 4201 1392 4256 vel
1446 4203 1608 4258 rebus
1655 4203 1775 4275 ejus
1821 4204 1985 4261 illatis

391 4299 580 4362 agunt.
1689 4307 1691 4310 '

465 4385 519 4439 5.
554 4384 642 4439 Ita
663 4397 710 4439 et
739 4404 850 4440 nos.
885 4387 1079 4442 Totum
1118 4402 1216 4457 pro
1240 4395 1398 4456 parte
1441 4389 1616 4458 ponit,
1657 4389 1795 4445 sicut
1847 4407 1988 4461 saepe

391 4485 604 4546 partem
636 4493 734 4547 pro
763 4487 892 4532 toto.
936 4478 1052 4533 Non
1109 4480 1258 4534 enim
1290 4496 1526 4548 unquam
1577 4481 1679 4535 sub
1713 4483 1816 4536 diis
1855 4499 1988 4553 gen.

395 4567 554 4630 tium,
581 4582 718 4637 quos
746 4568 1120 4623 hic-elementa
1150 4581 1330 4633 vocat,
1361 4569 1530 4624 solem
1561 4570 1732 4640 enim,
1778 4571 1984 4638 lunam,

392 4674 600 4724 aerem,
648 4675 819 4730 aquas
873 4661 1190 4716 adorabaut.
1246 4662 1475 4728 Quidam
1525 4661 1832 4732 intelligunt
1877 4642 2061 4718 cle-C

395 4759 603 4817 menta,
626 4751 877 4806 carnales
903 4751 1308 4818 observantius;
1337 4752 1429 4806 sed
1459 4767 1691 4822 sequens
1718 4755 1988 4809 senteniia

394 4858 501 4900 non
527 4844 638 4898 vult
669 4860 682 4898 :
714 4843 820 4899 Sed
842 4855 965 4898 tunc
985 4845 1211 4914 quidem,
1237 4855 1342 4899 etc.

468 4936 521 4989 6.
550 4937 788 4992 Aucesr.
825 4937 1001 5007 (ibid.)
1047 4935 1279 5002 Factum
1335 4953 1400 4991 ex
1458 4935 1692 4990 muliere.
1763 4937 1987 4992 Factum

395 5029 624 5100 propter
645 5029 1045 5098 susceptionem
1071 5039 1358 5082 creaturis.

415 5172 418 5174 .
468 5123 523 5174 7.
554 5121 732 5193 (ibiL)
771 5119 1001 5174 I'actum
1026 5121 1120 5174 sub
1148 5120 1275 5190 lege.
1300 5122 1524 5177 Factum
1549 5133 1727 5177 autem
1751 5123 1852 5178 sub
1874 5122 1990 5194 lege

396 5215 554 5279 dixit,
581 5215 704 5284 quia
741 5222 794 5269 et
818 5213 1176 5268 circumcisus
1198 5222 1302 5276 est,
1337 5220 1391 5266 et
1420 5211 1598 5266 hostia
1623 5212 1862 5283 legitima
1887 5230 1986 5283 pro

399 5321 467 5362 eo
491 5309 671 5364 oblata
700 5316 802 5361 est.
836 5305 945 5359 Nec
967 5305 1162 5358 mirttm
1189 5304 1234 5358 si
1271 5304 1406 5374 legis
1433 5319 1594 5374 opera
1623 5305 1902 5370 sustinuit,
1923 5321 1990 5360 ex

402 5397 900 5467 quibusliberarel,
931 5395 1020 5466 qui
1070 5395 1151 5449 eis
1182 5395 1458 5450 serviliter
1507 5395 1832 5452 tenebantur
1858 5415 1869 5450 :
1898 5398 1989 5466 qui

401 5492 568 5546 etiam
594 5499 821 5545 mortem
873 5490 1153 5553 sustinuit,
1211 5499 1270 5542 ut
1325 5505 1388 5543 ex
1445 5487 1530 5542 illa
1589 5487 1844 5542 liberaret
1897 5503 1990 5543 eos

403 5584 496 5654 qui
520 5583 850 5638 mortalitate
883 5582 1226 5637 tenebantur.

476 5678 531 5730 8.
565 5674 766 5730 Laure.
791 5673 898 5729 Sub
921 5672 1030 5743 lege
1052 5682 1220 5726 erant.
1249 5672 1494 5728 Redemit
1517 5674 1677 5728 etiam
1727 5687 1840 5738 eos,
1898 5671 1986 5741 qui

478 5789 589 5864 (55)
623 5790 712 5846 Est
736 5792 872 5864 Aug.
904 5792 956 5848 in
984 5807 1105 5862 cap.
1135 5806 1195 5846 ιιι
1216 5791 1276 5846 ad
1303 5789 1592 5856 Gal.,tom.
1617 5788 1704 5843 IV.

2071 2004 2166 2068 tio,
2185 2005 2302 2059 sine
2337 2020 2501 2060 causa
2526 2005 2630 2060 non
2661 2005 2874 2062 deserui
2909 2006 3001 2079 υἱ,
3031 1995 3277 2078 deseri].

2141 2095 2195 2149 9.
2220 2095 2460 2150 Annuus.
2495 2097 2609 2167 (53)
2643 2095 2708 2150 Ut
2751 2097 3104 2167 adoptionem.
3143 2086 3512 2167 Adoptionem
3563 2110 3719 2164 pm—

2069 2198 2252 2257 pterea
2282 2189 2436 2253 tlicit,
2469 2199 2527 2243 ut
2552 2190 2813 2245 distincte
2833 2190 3198 2261 intelligamus
3230 2192 3454 2244 unicum
3477 2189 3718 2243 Filium

2067 2280 2185 2335 Dei.
2218 2280 2327 2335 Nos
2347 2282 2491 2335 enim
2521 2281 2786 2336 beneﬁcio
2809 2291 2864 2337 et
2914 2281 3230 2353 dignatione
3269 2281 3722 2336 misericordia?

2069 2371 2184 2441 ejus
2213 2372 2304 2426 ﬁlii
2335 2375 2424 2428 Dei
2457 2389 2662 2430 sumus.
2703 2373 2816 2428 Non
2848 2374 3008 2439 dixit,
3056 2374 3414 2444 accipiamus,
3483 2382 3559 2428 ut.
3623 2373 3718 2426 si-

2071 2465 2356 2534 gniﬁcaret
2388 2466 2489 2520 hoc
2525 2481 2623 2521 nos
2645 2466 2894 2522 amisisse
2922 2467 2975 2521 in
3003 2465 3197 2532 Adam,
3233 2481 3300 2520 ex
3352 2483 3468 2536 quo
3533 2479 3724 2521 mor-

2073 2565 2206 2620 tales
2234 2581 2440 2620 sumus.
2888 2639 2892 2642 _

2073 2644 2076 2647 ’
2146 2658 2230 2712 10.
2266 2659 2504 2714 Αιτοιιετ.
2534 2659 2608 2729 (in
2640 2658 2809 2727 Epist.
2841 2659 2912 2713 ad
2943 2656 3472 2730 Gal.)Clamantem,
3503 2656 3724 2722 Abba,

2073 2747 2257 2805 Pater.
2321 2751 2610 2820 Eleganter
2657 2749 2978 2821 intelligitur
3025 2766 3133 2806 non
3183 2744 3383 2805 frustra
3439 2747 3724 2804 duarum

2071 2840 2577 2911 linguarum-verba
2623 2841 2870 2910 posuisse
2919 2840 3058 2896 idem
3115 2840 3510 2909 signiﬁcantia,
3570 2854 3725 2910 pro-

2070 2941 2192 3003 pter
2215 2931 2528 2986 universum
2556 2931 2810 3001 populum
2843 2931 2959 3002 qui,
2987 2931 3055 2986 de
3080 2929 3283 2986 Iudaeis
3311 2939 3366 2985 et
3389 2931 3721 3001 gentibus,

2076 3022 2128 3078 in
2156 3023 2415 3076 unitatem
2454 3021 2576 3076 ﬁdei
2601 3033 2825 3078 vocatus
2855 3031 2962 3088 est,
2990 3030 3051 3076 ut
3106 3021 3391 3077 Hebraeum
3439 3022 3722 3094 verbum

2071 3111 2137 3168 ad
2165 3111 2420 3166 Hebraeos
2447 3111 2542 3184 [aL
2572 3111 2812 3183 ludam]
2836 3152 2849 3175 ,
2881 3110 3130 3166 Gratcum
3161 3111 3228 3164 ad
3259 3109 3491 3164 Graecos
3531 3097 3727 3182 ’,ξαιη

2070 3203 2302 3276 gentes].
2337 3203 2631 3273 Utriusque
2654 3212 2832 3258 tamen
2861 3201 3006 3256 verbi
3039 3202 3230 3257 eadem
3255 3200 3623 3270 signiﬁcatio
3646 3197 3734 3257 ad

2079 3295 2321 3366 ejusdem
2351 3295 2472 3350 ﬁdei
2498 3297 2831 3366 spiritusque
2857 3295 3125 3350 unitatem
3157 3295 3457 3365 pertineat.

2151 3386 2238 3440 11.
2277 3386 2452 3458 (ibid.)
2485 3385 2674 3458 Itaque
2695 3388 2814 3457 jam
2843 3403 2944 3440 non
2975 3396 3070 3439 est.
3100 3385 3330 3454 Propter
3361 3386 3470 3440 hoc
3525 3385 3720 3455 quod

2079 3477 2322 3532 dixerat:
2352 3476 2501 3532 Nihil
2531 3478 2704 3548 cli/fert
2735 3497 2765 3530 ιι
2794 3494 2961 3532 servo.

2155 3567 2239 3622 12.
2281 3566 2520 3623 ΑιιΒιιοε.
2565 3567 2682 3621 Ιιιιο
2725 3568 2936 3638 cogniti.
2989 3567 3102 3622 Non
3155 3569 3299 3623 enim
3356 3568 3715 3625 scientibus

2079 3657 2254 3722 vobis,
2287 3669 2377 3711 aut
2431 3658 2759 3723 videntibus,
2787 3658 2969 3713 divina
3023 3659 3178 3714 vobis
3231 3659 3477 3729 quodam
3522 3663 3729 3718 modo

2083 3748 2260 3802 illuxit
2292 3750 2540 3803 scientia.
2593 3817 2596 3820 ἠ
3711 3749 3718 3758 '

2156 3841 2244 3895 15.
2286 3842 2527 3896 AuoUS'r.
2571 3841 2844 3906 Quomodo
2892 3842 3256 3896 convertimini
3309 3842 3554 3903 iterum.
3597 3853 3726 3899 etc.

2083 3929 2201 4001 Ipsa
2233 3941 2414 3987 tamen
2441 3934 2694 3988 uolebant
2723 3933 2901 3987 redi-re
2947 3934 3012 3986 ad
3035 3934 3427 4004 gentilitatem,
3489 3937 3614 3990 sed
3652 3937 3731 3990 ad

2083 4023 2574 4078 circumcisiouem.
2612 4023 2716 4078 Sed
2746 4038 2844 4092 pro
2865 4024 3052 4078 eodem
3077 4025 3330 4092 deputat;
3366 4025 3497 4079 ideo
3524 4026 3730 4093 dicit;

2085 4112 2280 4168 iterum
2297 4125 2382 4170 ἐι
2430 4115 2636 4182 denuo,
2681 4115 2807 4184 quia
2857 4114 2998 4170 idem
3030 4123 3114 4170 est
3147 4116 3446 4186 iugenere,
3483 4116 3548 4170 in
3592 4133 3736 4174 ser-

2089 4204 2253 4259 vitio.

2159 4296 2247 4350 M.
2288 4296 2528 4353 Attenes.
2582 4297 2957 4357 Convertimini
3000 4300 3212 4353 iterum.
3268 4297 3408 4365 Quid
3460 4301 3738 4369 prodest

2090 4401 2186 4442 vos
2223 4388 2468 4444 evasisse
2495 4393 2836 4455 servitutem,
2867 4406 2972 4460 qua
2998 4391 3323 4445 teuebamini
3345 4431 3359 4456 ,
3403 4406 3543 4446 cum
3591 4410 3738 4449 ser-

2071 4481 2280 4544 .viretis
2301 4481 2587 4537 elementis
2622 4484 2830 4550 mundi,
2867 4484 3085 4556 quando
3134 4499 3321 4539 rursus
3371 4483 3484 4539 alia
3523 4484 3612 4560 [Ῑ.
3655 4489 3736 4544 ad

2093 4569 2180 4624 illa
2206 4572 2280 4625 vel
2311 4573 2379 4628 ad
2408 4572 2536 4644 alia]
2568 4575 2775 4630 retlitis.
3727 4593 3730 4598 '

2167 4683 2253 4737 15.
2294 4666 2530 4740 Aunusr.
2567 4686 2745 4756 (ibitL)
2793 4687 2874 4740 Ad
2905 4686 3302 4754 inﬁruta.Qaia
3356 4685 3609 4744 inﬁrma
3674 4702 3741 4748 et

2096 4776 2341 4844 instabili,
2367 4780 2548 4848 specie
2573 4781 2873 4834 variantur.
3511 4803 3514 4806 '
3723 4789 3730 4798 '

2168 4891 2252 4944 ιδ.
2295 4892 2469 4962 (ibid)
2520 4892 2720 4962 agenti,
2763 4895 2892 4964 quia
2936 4893 3116 4949 stabili
3172 4879 3354 4965 specie
3416 4907 3743 4956 creaturae

2094 4993 2272 5052 egent.

2169 5095 2254 5148 17.
2290 5097 2530 5150 Animos.
2572 5097 2863 5161 Elementa,
2896 5083 3076 5164 idest,
3106 5099 3444 5170 temporibus
3511 5109 3733 5160 servis

2097 5188 2246 5241 tutis.
2289 5187 2633 5244 Manifestum
2663 5199 2748 5245 est
2773 5191 2924 5246 enim
2947 5192 3580 5262 voluminatemporum
3621 5213 3738 5267 per

2095 5279 2360 5334 elementa
2391 5282 2596 5342 mutuli,
2625 5282 2728 5336 hoc
2752 5292 2836 5338 est
2859 5282 3054 5338 malum
3083 5293 3136 5337 et
3165 5293 3388 5347 terram,
3417 5292 3478 5338 et
3513 5298 3738 5349 illotus

2098 5384 2260 5444 atque
2287 5375 2536 5430 ordinem
2577 5375 2816 5430 siderum
2847 5377 3242 5431 administrari.

2170 5489 2255 5542 18.
2299 5488 2499 5541 Lnrn.
2543 5487 2666 5542 Dies
2689 5488 2988 5544 observatis.
3022 5489 3164 5550 Dies,
3197 5490 3382 5544 suasio
3435 5498 3738 5560 quietiam

2096 5590 2209 5646 est;
2243 5596 2346 5636 non
2377 5581 2519 5636 cuitu
2546 5581 2660 5636 dies
2685 5579 3065 5651 observabant,
3090 5582 3188 5637 nisi
3212 5582 3417 5651 gratias
3441 5598 3736 5658 agentes,

2099 5681 2154 5728 ιιι
2178 5688 2293 5727 1105.
