3880 6306
142 397 234 454 απ
808 393 871 448 ΙΝ
916 393 978 448 D.
1019 388 1223 449 PAULI
1256 390 1473 447 EPIST.
1515 390 1873 449 COMMENT.
1900 422 1969 432 —
1993 390 2210 447 EPIST.
2250 393 2339 448 AD
2374 392 2612 449 CALAT.
3252 389 3371 445 278⁷

124 513 304 568 'Timeo
336 524 446 566 vos.
473 525 541 564 ne
574 507 709 562 forte
730 508 847 563 sine
875 522 1063 575 causa,
1094 508 1371 573 inutiliter,
1403 506 1760 561 laboraverim
1791 506 1843 560 in
1882 506 2075 561 vobis?
2100 508 2237 577 quod
2268 524 2329 560 ne
2363 508 2476 576 ﬁat.
2502 505 2588 561 l9.
2619 504 2707 560 20.
2736 503 2924 558 Estote
2953 498 3186 554 conversi
3218 500 3358 555 sicut

132 616 240 676 ego,
271 604 412 657 modo
434 617 731 664 conversus,
758 600 848 655 21.
876 602 1001 670 quia
1030 610 1085 657 et
1107 616 1207 671 ego
1237 602 1377 656 sicut
1408 617 1499 656 vos
1530 598 1609 670 fui
1655 600 1812 664 olim,
1856 600 2073 666 fratres,
2125 618 2186 655 ne
2228 602 2537 671 judaizetis,
2582 601 2806 654 obsecro
2834 615 2948 654 vos.
2977 598 3066 653 22.
3099 598 3239 652 Nihil
3275 614 3360 652 me

132 698 345 761 ‘ltrsistis,
368 699 469 752 imo
490 695 783 766 profuistis,
809 697 941 751 sicut
968 697 1211 765 angelum
1243 697 1337 750 Dei
1361 699 1717 766 suscipientes.
1744 697 1908 751 Scitis
1935 710 2114 751 autem
2136 699 2259 767 quia
2287 698 2377 752 25.
2408 712 2503 765 per
2526 696 2893 751 inﬁrmitatem
2916 698 3094 750 carnis
3120 696 3357 765 afflictus,

130 798 462 864 retin/armas,
489 794 856 863 evangelizavi
887 796 1169 865 vobisjam
1198 795 1438 864 pridem;
1473 803 1526 849 et
1552 774 1642 859 24,
1672 795 1763 849 25.
1806 794 2159 848 tentationem
2206 804 2464 857 vestram,
2516 810 2609 861 pro
2662 792 2801 845 robis
2847 792 3062 860 factam,
3113 791 3164 843 in
3195 805 3360 845 carne

137 908 237 948 mea
261 890 343 944 26.
366 904 472 944 non
505 891 809 958 sprevistis,
838 906 1011 959 neque
1043 891 1345 959 respuistis,
1375 890 1469 943 sed
1494 890 1633 944 sicut
1660 889 1908 960 angelum
1941 889 2034 942 Dei
2064 888 2352 959 cxcepistis
2376 903 2480 950 me,
2506 887 2645 941 sicut
2684 885 3059 953 (exaggeratio)
3086 884 3358 939 Christum

129 985 314 1047 desum,
341 994 387 1036 et
409 983 482 1035 ita
520 995 644 1037 tunc
668 984 807 1037 beati
829 1002 934 1038 eos.
968 984 1068 1040 Ubi
1090 994 1169 1039 est
1197 985 1288 1039 27.
1326 999 1478 1055 ergo,
1510 1001 1648 1039 nunc
1676 995 1852 1038 autem
1872 1024 1887 1049 ,
1917 986 2003 1037 ubi
2030 985 2304 1038 beatitudo
2346 992 2524 1036 vestra
2553 983 2773 1051 pristina
2798 982 2823 1033 .9
2852 996 2954 1032 non
2985 995 3064 1030 me
3113 978 3359 1031 la’sistis:

138 1076 200 1130 rel
226 1076 397 1128 bonum
425 1076 549 1128 mihi
580 1075 1196 1143 fecistis.'l'estimonium
1215 1080 1359 1133 enim
1386 1079 1643 1147 perhibeo
1669 1079 1821 1135 vobis
1842 1081 1989 1148 quia,
2015 1080 2059 1134 si
2090 1079 2205 1133 ﬁeri
2228 1088 2428 1149 posset,
2448 1077 2839 1148 (benevolentia,
2865 1085 2918 1127 ut
2954 1074 3052 1127 sibi
3076 1074 3360 1145 obedinnti)

138 1172 511 1225 oculosvestros
541 1172 907 1237 cruissetis,et
931 1172 1217 1228 dedissetis
1241 1174 1393 1228 mihi.
1413 1175 1555 1244 Ergo
1578 1174 1828 1229 inimicus
1847 1175 1999 1228 vobis
2022 1173 2195 1228 factus
2222 1190 2360 1236 sum,
2392 1171 2648 1242 13228.
2667 1186 2851 1225 verum
2870 1171 3052 1225 dicens
3067 1169 3248 1223 vobis?
3273 1169 3361 1227 Illi

138 1269 209 1338 qui
230 1266 525 1336 persuadent
548 1283 632 1321 me
653 1268 919 1321 inimicum
946 1270 1087 1323 vobis
1112 1285 1221 1323 esse
1241 1309 1255 1334 ,
1286 1269 1361 1323 vel
1395 1286 1480 1323 vos
1520 1269 1823 1339 judaizare.
1866 1269 1955 1323 29.
1983 1268 2330 1323 ,ιΕιηυιιιηιυτ
2359 1283 2453 1321 vus
2484 1282 2588 1320 non
2620 1250 2755 1319 bene
2781 1283 2793 1318 :
2834 1265 2926 1319 sed
2956 1263 3242 1317 excludere
3269 1277 3363 1317 vos

137 1361 313 1424 volunt,
338 1378 369 1413 a
395 1360 523 1429 ﬁde,
546 1360 678 1415 vela
699 1379 814 1416 mea
834 1363 1133 1430 dilectione,
1155 1372 1214 1417 ut
1234 1363 1353 1418 illos
1378 1363 1727 1428 temulemini,
1768 1363 2063 1417 imitemini.
2092 1361 2297 1417 Bonum
2327 1370 2505 1416 autem
2535 1362 2589 1415 in
2620 1359 2761 1425 illos,
2782 1358 3105 1414 temulamin't
3139 1360 3191 1412 in
3222 1359 3362 1413 bono

130 1471 333 1527 semper,
364 1466 552 1511 etnon
593 1464 800 1511 tantum
835 1472 955 1511 cum
986 1472 1225 1527 praesens
1262 1474 1381 1513 sum
1411 1460 1550 1529 apud
1578 1473 1697 1514 vos.
1723 1458 1814 1514 50.
1846 1458 2020 1513 Filioli
2057 1458 2183 1524 mei,
2220 1474 2357 1529 quos
2390 1458 2585 1513 iterum
2616 1459 2703 1513 51.
2747 1466 3012 1527 parturto,
3045 1472 3163 1509 cum
3184 1454 3362 1508 labore

139 1568 308 1614 revoco,
338 1551 425 1605 52.
449 1552 627 1607 donec
649 1550 913 1607 formetur
935 1551 1182 1607 Christus
1207 1553 1261 1608 in
1287 1554 1439 1609 vobis
1482 1555 1918 1624 resipiscentibus.
1948 1554 2147 1608 Vellem
2176 1563 2354 1608 autem
2399 1567 2518 1609 esse
2561 1553 2700 1623 apud
2733 1567 2827 1606 vos
2875 1552 3052 1613 modo,
3079 1567 3206 1618 quos
3238 1566 3377 1603 coco

136 1645 269 1714 ﬁlios,
305 1660 532 1699 uocarem
551 1646 827 1715 pessimos,
857 1646 937 1701 uel
957 1663 1088 1717 quos
1118 1649 1375 1703 admoneo
1400 1649 1733 1715 blandiendo,
1762 1658 1816 1704 et
1838 1648 1928 1703 55.
1956 1658 2165 1703 mutare
2195 1663 2379 1703 vocem
2409 1662 2606 1710 meam,
2635 1647 3004 1701 comminarem
3035 1642 3358 1713 imperando,

136 1741 355 1809 quoniam
384 1741 689 1798 confundor
708 1742 761 1797 in
795 1744 965 1798 vobis.
995 1743 1085 1798 54.
1116 1744 1286 1800 Dicite
1313 1746 1466 1810 mihi,
1522 1746 1611 1814 qui
1642 1746 1742 1800 sub
1776 1745 1891 1815 lege
1921 1745 2085 1799 vultis
2109 1759 2257 1808 esse,
2312 1743 2482 1814 legem
2515 1758 2617 1796 non
2652 1742 2896 1813 legistis?
2953 1741 3225 1810 Scriptum
3278 1748 3363 1792 est

136 1837 253 1891 enim
280 1857 295 1893 :
329 1838 413 1893 55.
444 1837 713 1904 Quoniam
734 1836 1008 1891 Abraham
1040 1837 1174 1892 duos
1201 1838 1339 1893 ﬁlios
1368 1839 1553 1894 habuit
1586 1858 1599 1895 :
1628 1854 1792 1893 unum
1832 1838 2027 1892 lsmael
2069 1840 2135 1892 de
2165 1838 2355 1892 ancilla
2388 1838 2550 1907 Agar,
2597 1846 2651 1892 et
2682 1853 2846 1890 unum
2892 1835 3047 1889 Isaac
3077 1835 3143 1889 de.
3190 1835 3359 1888 libera

136 1931 268 1986 Sara.
297 1932 399 1988 Sed
426 1934 520 2003 qui
549 1933 619 1988 de
646 1940 865 1998 ancuta,
890 1930 980 1988 56.
1008 1933 1302 1989 secundum
1337 1949 1555 1989 carnem
1585 1945 1741 1989 natus
1772 1943 1888 1999 est;
1935 1935 2024 2004 qui
2058 1943 2236 1989 autem
2265 1933 2332 1987 dc
2382 1932 2547 1987 libera
2604 1942 2757 1987 natus
2801 1942 2896 1997 est,
2930 1947 3027 2002 per
3066 1930 3375 2000 repromis-.

1434 2033 1626 2089 COM'M
1637 2032 1887 2087 ENTARI
1902 2032 1936 2088 ι]
1947 2033 2006 2087 S.

193 2115 266 2171 l9.
289 2114 521 2173 Annos.
546 2119 732 2174 Estote
756 2122 890 2175 sicut
915 2138 1029 2192 ego.
1057 2122 1239 2185 Eram,
1273 2122 1467 2191 inquit,
1497 2132 1550 2178 et
1574 2139 1673 2192 ego
1706 2135 1753 2190 Α
1848 2122 1938 2176 29.
1983 2121 2153 2192 (tbitl.)
2193 2120 2562 2187 .Emulantur,
2621 2121 2673 2174 id
2722 2128 2825 2185 est,
2876 2120 3117 2174 invident
3167 2119 3317 2174 vobis
3342 2157 3360 2183 ,

137 2205 217 2260 sub
246 2207 389 2277 lege;
422 2210 517 2264 sed
552 2218 677 2279 post
700 2211 835 2283 elegi
857 2222 1015 2266 extra
1039 2212 1208 2283 legem
1235 2214 1437 2277 vivere,
1463 2214 1598 2287 sicut
1623 2225 1680 2269 et

138 2310 214 2349 vos
241 2312 328 2366 per
365 2313 480 2353 eam
521 2316 646 2371 qua:
675 2302 728 2355 in
792 2300 1010 2358 Christo
1056 2313 1139 2357 est
1183 2302 1341 2356 ﬁdem
1389 2303 1675 2358 vivebatis.

137 2386 383 2443 lmitamini
410 2406 539 2462 ergo
562 2402 622 2447 et
646 2407 743 2447 vos
766 2409 850 2447 me
876 2409 997 2447 cum
1023 2393 1113 2448 illa
1141 2409 1258 2463 qua:
1283 2394 1335 2447 in
1362 2392 1576 2449 Christo
1598 2403 1680 2448 est

141 2476 241 2542 ﬁde,
260 2494 286 2532 a
315 2482 725 2536 conversatione
748 2482 984 2553 legitima
1013 2483 1370 2555 vosmetipsos
1392 2491 1678 2538 extraneos

143 2566 382 2625 facientes.

194 2659 272 2713 20.
303 2659 496 2716 Laure.
539 2661 725 2717 Estote
753 2664 884 2718 sicut
912 2681 1027 2735 ego,
1056 2664 1107 2721 id
1134 2674 1238 2732 est,
1269 2666 1677 2722 conformamini

143 2749 251 2803 meis
278 2753 524 2821 moribus,
551 2755 682 2824 quia
707 2770 807 2825 ego
837 2756 1147 2811 conformor
1168 2756 1489 2812 vestris.\lcl
1507 2765 1680 2813 estote

148 2839 323 2911 ﬁdeles,
348 2846 481 2902 sicut
509 2864 614 2920 ego
644 2865 784 2916 sum,
809 2849 936 2918 quia
976 2865 1077 2919 ego
1102 2849 1330 2905 inﬁdelis
1357 2848 1431 2904 fui
1456 2850 1597 2905 sicut
1623 2859 1678 2905 et

145 2947 253 3002 vos;
290 2952 346 2992 ac
369 2954 460 3008 per
483 2939 590 2996 hoc
620 2956 705 2996 me
752 2941 1063 3008 imitamini,
1115 2942 1239 3010 quia
1291 2956 1391 3011 ego
1438 2943 1676 3010 priorem

147 3023 277 3080 ﬁdem
301 3043 397 3083 non
425 3030 542 3085 sine
569 3046 738 3086 causa
771 3031 1006 3086 deserui.
1597 3091 1600 3094 .

199 3115 275 3170 21.
310 3119 437 3184 Quia
466 3132 512 3176 et
543 3139 641 3192 ego
668 3122 801 3176 sicut
828 3139 933 3176 vos.
962 3122 1177 3176 Diceret
1205 3122 1325 3192 quis
1359 3140 1371 3177 :
1400 3122 1677 3190 Quomodo

147 3217 386 3271 possumus
437 3224 555 3266 esse
614 3221 673 3264 ιιι
721 3211 820 3264 tu?
851 3210 1199 3281 Respondet:
1245 3202 1677 3283 Potestis,iquia

147 3295 261 3350 sicut
285 3314 457 3357 sumus
488 3304 632 3358 idem
665 3304 717 3357 in
740 3303 1077 3358 substantiali
1104 3306 1363 3372 essentia,
1393 3321 1678 3376 possumus

148 3388 305 3441 essein
332 3393 667 3459 accidentali,
702 3393 872 3458 idest,
905 3395 957 3448 iu
982 3395 1288 3449 sanctitate.

1783 2214 1874 2282 qui
1904 2228 1999 2267 vos
2028 2212 2273 2267 carnales
2302 2212 2364 2266 de
2389 2210 2756 2281 spiritualibus
2792 2209 2977 2264 volunt
3008 2209 3221 2274 facere;
3253 2210 3356 2264 hoc

1784 2313 1865 2359 est
1892 2303 2217 2357 tumulantur
2251 2317 2355 2355 non
2390 2302 2545 2355 bene.

1840 2394 1929 2447 50.
1971 2393 2145 2462 (ibid)
2190 2390 2369 2445 Filioli
2434 2392 2554 2445 mei.
2598 2390 3018 2446 Parturitionem
3068 2394 3206 2447 hanc
3256 2408 3358 2464 pro

1782 2500 2033 2540 curarum
2064 2484 2354 2555 angoribus
2393 2483 2619 2553 positam
2648 2483 3027 2554 intelligamus.

1851 2574 1940 2628 5L
1985 2572 2182 2627 LANFB.
2227 2572 2495 2625 Parturio.
2528 2570 2649 2625 Nati
2703 2582 2754 2626 et
2791 2572 2939 2649 parti
2985 2582 3139 2626 erant
3168 2574 3219 2626 in
3251 2573 3355 2626 ﬁde

1781 2666 2014 2735 Christi;
2049 2667 2141 2721 sed
2164 2665 2286 2734 quia
2312 2664 2532 2734 quidam
2566 2664 2776 2719 illorttm
2810 2665 2968 2718 ﬁdem
3026 2666 3349 2720 dimiserant

1782 2757 2022 2828 pariendi
2050 2756 2248 2811 iterum
2277 2756 2343 2809 ab
2370 2755 2625 2824 Apostolo
2661 2766 2838 2827 erant,
2868 2757 3008 2827 quod
3036 2772 3205 2826 usque
3235 2756 3344 2811 lor-

1780 2858 2027 2903 maretur
2053 2847 2302 2903 Christus
2327 2846 2381 2901 in
2404 2846 2506 2901 eis.

1854 2940 1944 2995 52.
1983 2940 2223 2995 Aucosr.
2281 2938 2457 3009 (ibid.)
2522 2937 2699 2993 Donec
2744 2939 3019 3005 formetur.
3068 2938 3357 2993 Formatur

1781 3026 2031 3087 Christus
2058 3032 2108 3084 in
2146 3047 2234 3095 eo,
2260 3046 2380 3085 cum
2406 3030 2636 3085 formam
2658 3028 2859 3085 Christi
2889 3031 3104 3099 accipit.

1848 3124 1937 3178 55.
1981 3122 2154 3191 (ibid.)
2197 3121 2406 3175 Mutare
2434 3138 2628 3176 vocem.
2663 3121 2799 3188 Quid
2832 3122 2973 3176 aliud
2996 3124 3222 3185 dicatur,
3252 3122 3354 3176 nisi

1780 3213 1903 3283 quia
1930 3211 2069 3267 ﬁlios
2095 3227 2223 3266 suos
2248 3212 2460 3265 dixerat
2479 3226 2621 3275 esse,
2649 3226 2878 3281 parcens
2897 3212 2974 3264 eis
2997 3227 3089 3278 per
3119 3211 3347 3272 litteras,

1780 3320 1868 3377 ne,
1902 3303 2178 3357 severiore
2202 3303 2546 3373 ohjugatione
2595 3303 2883 3368 commoti,
2937 3303 3096 3358 facile
3151 3305 3201 3357 in
3234 3304 3353 3372 ejus

1780 3394 1960 3449 odium
1989 3395 2421 3448 traducerentur.
2450 3393 2652 3447 Vellem
2684 3410 2833 3464 ergo,
2865 3396 3057 3465 inquit,
3092 3412 3233 3450 nunc
3258 3398 3349 3448 ad-

204 3474 275 3527 22.
316 3477 455 3533 Nilnl
482 3498 562 3535 me
606 3481 834 3536 (resistis.
886 3481 958 3537 Ne
985 3483 1105 3552 quis
1131 3484 1334 3538 diceret
1362 3484 1676 3554 Apostolum
1710 3473 1752 3531 Β
1780 3499 1898 3538 esse
1928 3483 2065 3552 apud
2088 3499 2183 3536 vos
2207 3491 2495 3536 etvmutarc
2521 3498 2704 3537 vocem
2732 3500 2923 3543 meum,
2954 3485 3002 3537 id
3032 3493 3133 3551 est,
3157 3502 3354 3553 negare

149 3580 200 3619 cx
226 3568 398 3624 invidia
421 3589 510 3629 eos
541 3589 797 3644 arguere,
832 3583 1071 3630 removet
1098 3566 1181 3629 sic
1212 3594 1225 3628 :
1259 3575 1374 3629 Non
1404 3593 1486 3629 me
1518 3577 1680 3633 lzesis-

152 3658 222 3723 tis,
253 3662 377 3729 quod
403 3665 623 3721 debeam
653 3665 894 3721 invidere
927 3667 1118 3736 vobis;
1162 3668 1256 3722 sed
1302 3668 1481 3721 Olllllia
1533 3668 1672 3723 bona

144 3748 254 3815 mihi
279 3750 488 3820 fecistis,
520 3756 652 3826 quia
677 3757 883 3811 amicus
912 3756 1104 3812 factus.
1133 3757 1246 3812 Hoc
1277 3759 1471 3828 loquor
1504 3760 1676 3825 vobis,

150 3837 247 3906 quia
270 3845 459 3901 amicus
488 3864 612 3903 sum
637 3849 808 3914 vobis,
834 3838 887 3903 et
912 3849 1035 3919 quia
1064 3865 1250 3905 verum
1274 3861 1376 3906 est.

204 3930 277 3987 25.
320 3935 411 3990 Per
440 3940 819 4009 inﬁrmitatem,
851 3942 899 3994 id
928 3950 1031 4010 cst,
1083 3944 1134 3996 in
1173 3943 1502 4006 inﬁrmitate,
1539 3944 1680 3998 sicut

152 4025 194 4070 el
218 4035 295 4089 per
325 4023 445 4080 illud
473 4038 707 4098 tempus,
742 4028 793 4082 id
818 4037 919 4090 est,
950 4030 1003 4082 in
1035 4030 1125 4082 illo
1166 4040 1424 4099 tempore.

205 4108 278 4163 24.
314 4111 866 4173 Tentationem.Tanta
895 4118 995 4172 fuit
1049 4120 1337 4175 inﬁrmitas
1395 4122 1576 4176 carnis
1624 4122 1677 4176 in

153 4195 384 4269 Apostolo,
428 4216 481 4261 ut
528 4210 807 4264 auditores
861 4210 1058 4266 tentari
1108 4223 1359 4281 posset”.
1406 4225 1459 4269 ει
1490 4224 1679 4285 limare

155 4289 268 4353 quod
288 4293 557 4364 Apostolus
594 4299 795 4355 Christi
825 4317 929 4356 non
967 4312 1131 4371 esset,
1181 4305 1272 4373 qui
1307 4304 1384 4359 ita
1413 4318 1679 4377 aegrotare

152 4384 457 4445 permitteret.

150 4466 158 4545 ί
206 4469 278 4527 25.
304 4475 526 4535 Aocosr.
556 4481 634 4551 (in
667 4482 836 4552 Epist.
863 4484 932 4537 ad
964 4483 1111 4555 Gal.)
1139 4484 1513 4542 Tentationem.
1540 4488 1679 4543 Ten-

156 4561 228 4613 lati
254 4577 391 4633 Slllll,
432 4587 550 4626 cum
585 4576 1013 4641 persecutionem
1041 4585 1322 4645 pateretur
1345 4578 1673 4649 Apostolus;

154 4657 295 4707 Utrum
316 4658 493 4716 timore
515 4664 830 4719 desererent
850 4681 992 4730 cum,
1010 4682 1076 4721 an
1103 4667 1369 4722 charitate
1390 4671 1678 4740 amplecte-

154 4750 317 4797 rentur.

1783 3590 1879 3628 vos
1907 3574 2045 3629 ﬁlios
2070 3588 2241 3637 meos,
2271 3574 2392 3641 quia
2420 3572 2719 3627 confundor
2745 3574 2798 3628 in
2828 3575 2999 3628 vobis.

1850 3665 1938 3719 54.
1980 3664 2179 3719 Laure.
2220 3664 2386 3717 Dicite
2440 3664 2589 3728 mihi,
2639 3665 2729 3733 qui
2786 3665 2878 3718 sub
2909 3664 3015 3733 lege
3040 3664 3192 3741 uultis
3221 3682 3352 3718 esse.

1781 3755 1897 3811 Non
1924 3757 2133 3811 debetis
2158 3755 2290 3810 velle
2320 3756 2420 3809 sub
2447 3754 2563 3825 lege
2594 3768 2734 3820 esse,
2752 3755 2843 3810 sed
2862 3756 2960 3809 sub
2984 3755 3351 3810 ecclesiastica

1781 3850 1990 3921 gratia;
2023 3848 2104 3901 lex
2132 3848 2279 3901 enim
2336 3862 2523 3901 servos
2557 3856 2797 3917 generat,
2842 3848 3082 3903 Ecclesia
3108 3848 3307 3903 liberos
3336 3868 3348 3903 :

1781 3940 1934 4007 Quod
1963 3940 2259 4009 Scripturte
2288 3940 2611 3995 auctoritate
2636 3941 2710 3994 sic
2740 3940 2951 4009 probat,
2976 3941 3161 3994 dicens
3186 3941 3356 3994 ancil-

1784 4032 1889 4085 lam
1912 4033 2058 4103 Agar
2082 4033 2312 4087 Abrahae
2335 4048 2547 4088 servum
2572 4034 2843 4103 genuisse,
2894 4033 3085 4086 Suram
3119 4049 3245 4088 vero
3292 4035 3353 4086 li-

1779 4125 1965 4180 beram
1992 4125 2218 4179 liberum
2236 4126 2673 4180 ﬁliumedidisse.
2695 4124 2757 4178 Et
2782 4140 2846 4178 ne
2870 4126 3018 4179 dicas
3044 4126 3185 4193 quod
3217 4125 3351 4178 Sara

1783 4224 1838 4271 et
1870 4216 2014 4285 Agar
2038 4216 2103 4269 ad
2141 4214 2310 4280 legem
2351 4225 2403 4271 et
2432 4215 2731 4270 Ecclesium
2764 4214 2898 4286 (sup.
2936 4214 3250 4285 pertinent],
3302 4226 3357 4268 et

1779 4308 1920 4377 quod
1950 4321 2137 4359 earum
2167 4300 2282 4369 ﬁlii,
2313 4307 2378 4359 ad
2410 4315 2697 4375 utrumque
2724 4305 2997 4374 populum.
3030 4304 3093 4357 Et
3123 4320 3352 4373 respou-

1779 4398 1869 4453 det
1899 4398 2191 4467 Apostolus
2219 4398 2361 4467 quod
2402 4397 2601 4452 dictum
2626 4406 2708 4450 est
2738 4397 2801 4449 de
2836 4394 3042 4449 duabus
3090 4396 3356 4449 matribus

1779 4499 1834 4542 et
1870 4503 2056 4541 earum
2097 4486 2243 4554 ﬁliis,
2269 4502 2363 4557 per
2394 4486 2728 4556 allegoriam,
2756 4487 2820 4539 de
2842 4485 2955 4555 lege
2978 4496 3030 4541 ct
3056 4488 3226 4556 gratia
3249 4488 3347 4540 de-

1781 4579 1907 4632 bere
1937 4577 2184 4647 intelligi.
2214 4576 2363 4645 Quod
2394 4577 2605 4648 plenius
2636 4577 2876 4632 invcuics
2904 4577 2972 4631 ibi
3004 4595 3015 4631 :
3048 4576 3151 4631 Sed
3179 4579 3265 4648 qui
3291 4580 3353 4632 tle

1777 4667 1991 4732 ancilla,
2024 4675 2129 4721 etc.

1848 4759 1935 4814 55.
1978 4758 2239 4824 Quoniam
2268 4759 2555 4812 Abraham.
2582 4756 2878 4813 Ostendere
2926 4757 3037 4811 vult
3073 4758 3353 4812 honestius

204 4834 277 4888 ‘26.
315 4839 498 4899 ΕΔΜ-ιι.
542 4845 670 4901 Νυη
696 4848 976 4914 sprevistis,
1001 4858 1104 4903 etc.
1137 4849 1444 4905 l‘otuissent
1468 4852 1564 4917 illi,
1592 4853 1669 4907 vi-
1698 4837 1738 4895 (ἶ
1773 4851 1872 4906 sub
1904 4851 2077 4918 gratia
2112 4849 2243 4903 Novi
2280 4849 2613 4904 'l'estamcnti
2646 4863 2764 4904 esse
2798 4864 2959 4918 quam
2990 4851 3089 4903 sub
3113 4850 3225 4919 lege
3254 4849 3351 4903 Ju-

156 4919 307 4980 dentes
342 4930 645 5001 Apostolum
695 4934 877 5007 alﬁigi,
931 4953 1188 5006 spernere
1230 4940 1667 5009 prrcdicationctn

153 5009 257 5079 ejus,
270 5026 352 5075 sed
379 5041 475 5079 non
494 5040 837 5097 spreverunt,
860 5039 914 5084 et
937 5040 1125 5099 putare
1150 5031 1315 5085 Deum
1348 5050 1452 5086 non
1476 5050 1669 5089 curare

156 5099 272 5159 illum
297 5113 376 5179 qui
402 5116 476 5171 sic
498 5118 853 5187 allligebatur.

206 5193 278 5249 27.
313 5200 441 5272 Ergo
488 5208 751 5262 beatitudo
802 5219 990 5263 vestra.
1043 5210 1327 5264 Bcatitudo
1388 5211 1492 5265 illis
1551 5221 1668 5265 crat

157 5279 671 5371 Apostolumdiligere,
687 5309 737 5353 et
767 5301 1049 5371 prmceptis
1070 5300 1248 5370 cjusin
1271 5304 1520 5356 omnibus
1540 5303 1669 5356 obe-

158 5369 273 5461 *θῖνες
303 5383 386 5435 sed
415 5386 550 5442 hanc
575 5369 966 5444 beatitudinem
1003 5369 1219 5461 quidam
1252 5390 1461 5444 illorum
1493 5391 1670 5461 perdi-

159 5459 328 5563 derant,
355 5478 435 5544 qui
466 5481 528 5534 ad
556 5482 821 5536 culturam
846 5482 1144 5537 daemonum
1173 5484 1349 5538 redire
1377 5492 1429 5538 ct
1454 5485 1532 5538 eis
1558 5486 1685 5537 scr;

161 5562 251 5610 Vite
269 5562 510 5625 volebant.

213 5642 285 5701 98.
321 5653 535 5715 Accusr.
578 5664 726 5733 (ibid.
758 5662 843 5736 Β.)
893 5663 1081 5718 Verum
1133 5666 1326 5719 dicens.
1387 5666 1492 5720 Sed
1540 5667 1665 5735 quid

167 5746 314 5793 mm”
342 5753 641 5821 l’l'mdicaus,
678 5755 776 5811 uisi
808 5769 862 5812 ttt
896 5775 995 5812 non
1022 5759 1575 5815 circutncidcrcntur?

1776 4944 2033 4997 dmorum.
2087 4942 2385 5007 Abraham,
2432 4942 2574 4995 Deus
2621 4940 2783 4995 Pater
2831 4940 3190 5009 intelligitur;
3242 4942 3347 4993 duo

1777 5033 1897 5099 ﬁlii,
1921 5033 2070 5103 plebs
2103 5031 2409 5087 Iudaeorum
2438 5041 2492 5085 et
2526 5031 2750 5102 populus
2784 5033 3062 5102 gentium;
3126 5032 3341 5094 ancilla,

1779 5124 1857 5178 lex
1888 5139 2007 5191 quae
2031 5138 2214 5177 servos
2241 5122 2512 5192 gignebat,
2536 5122 2728 5176 timore
2754 5137 2953 5192 cogens
2980 5136 3091 5184 eos,
3124 5121 3307 5175 dicens
3331 5140 3343 5174 :

1776 5210 1832 5266 Si
1865 5213 1986 5283 quis
2009 5213 2108 5265 hoc
2130 5210 2213 5263 vel
2241 5209 2370 5263 illud
2397 5210 2605 5274 fecerit,
2639 5218 2810 5265 morte
2835 5211 3129 5275 moriatur;
3155 5208 3344 5275 libera,

1776 5301 2088 5369 praedicatio
2112 5299 2244 5353 Novi
2298 5297 2653 5366 Testamenti,
2705 5315 2823 5369 qum
2863 5299 3061 5353 liberos
3098 5309 3340 5369 generat,

1774 5402 2001 5462 paterna
2026 5392 2314 5446 dilectione
2344 5392 2642 5446 admonens
2673 5406 2765 5445 eos
2790 5391 2973 5445 dicens
3007 5406 3021 5445 :
3079 5389 3251 5443 Venite
3273 5394 3340 5445 ad

1773 5498 1872 5547 me,
1903 5498 2077 5535 omnes
2108 5484 2195 5551 qui
2245 5481 2520 5548 laboratis,
2571 5492 2618 5536 et
2653 5482 2853 5535 onerati
2880 5484 3023 5540 estis.
3067 5492 3113 5536 et
3137 5501 3227 5553 ego
3258 5501 3342 5539 res

1774 5574 2085 5644 requiescere
2106 5574 2324 5643 faciam;
2350 5575 2541 5643 jugum
2575 5574 2711 5628 enim
2744 5589 2912 5627 meum
2958 5592 3113 5631 suave
3156 5590 3250 5645 est,
3298 5594 3341 5632 et

1772 5688 1900 5724 onus
1929 5687 2093 5722 meum
2120 5669 2222 5721 lere
2242 5679 2313 5721 est
2341 5666 2559 5737 (Matth.
2589 5665 2684 5736 χι).

1842 5762 1926 5815 56.
1971 5762 2261 5815 Serum/nm
2288 5775 2517 5826 carnem,
2552 5760 2599 5813 id
2625 5769 2723 5826 csl,
2759 5762 3028 5817 carnalem
3058 5774 3341 5818 consonu-
