  <div class='ocr_page' id='page_1' title='image "/cluster/home/n/w/nwhite01/storage/ocr_20150623/150/hvd.32044015473788/145.png"; bbox 0 0 3964 6290; ppageno 0'>
   <div class='ocr_carea' id='block_1_1' title="bbox 410 340 3741 421">
    <p class='ocr_par' dir='ltr' id='par_1_1' title="bbox 410 340 3741 421">
     <span class='ocr_line' id='line_1_1' title="bbox 410 340 3741 421; baseline 0.008 -34"><span class='ocrx_word' id='word_1_1' title='bbox 410 353 516 407; x_wconf 59' lang='lat'><strong>379</strong></span> <span class='ocrx_word' id='word_1_2' title='bbox 1423 346 1481 399; x_wconf 76' lang='grc' dir='ltr'><strong>ις.</strong></span> <span class='ocrx_word' id='word_1_3' title='bbox 1523 343 1913 400; x_wconf 76' lang='lat' dir='ltr'><strong>L.\NFR.~\NCI</strong></span> <span class='ocrx_word' id='word_1_4' title='bbox 1953 340 2301 399; x_wconf 63' lang='lat' dir='ltr'><strong>caurum.</strong></span> <span class='ocrx_word' id='word_1_5' title='bbox 2343 344 2663 402; x_wconf 70' lang='lat' dir='ltr'><strong>AltCllli-Zl‘.</strong></span> <span class='ocrx_word' id='word_1_6' title='bbox 3604 345 3741 421; x_wconf 77' lang='lat'><strong>280</strong></span> 
     </span>
    </p>
   </div>
   <div class='ocr_carea' id='block_1_2' title="bbox 407 458 3764 531">
    <p class='ocr_par' dir='ltr' id='par_1_2' title="bbox 407 458 3764 531">
     <span class='ocr_line' id='line_1_2' title="bbox 407 458 3764 531; baseline -0.001 -11"><span class='ocrx_word' id='word_1_7' title='bbox 407 469 616 520; x_wconf 89' lang='lat' dir='ltr'><strong>sionem</strong></span> <span class='ocrx_word' id='word_1_8' title='bbox 649 481 661 516; x_wconf 87' lang='lat'><strong>:</strong></span> <span class='ocrx_word' id='word_1_9' title='bbox 685 477 804 530; x_wconf 76' lang='lat' dir='ltr'><strong>qua:</strong></span> <span class='ocrx_word' id='word_1_10' title='bbox 832 463 1084 530; x_wconf 76' lang='lat' dir='ltr'><strong>prwdicto</strong></span> <span class='ocrx_word' id='word_1_11' title='bbox 1109 462 1262 516; x_wconf 88' lang='lat' dir='ltr'><strong>modo</strong></span> <span class='ocrx_word' id='word_1_12' title='bbox 1294 471 1419 516; x_wconf 88' lang='lat' dir='ltr'><strong>sunt</strong></span> <span class='ocrx_word' id='word_1_13' title='bbox 1450 476 1547 531; x_wconf 88' lang='lat' dir='ltr'><strong>per</strong></span> <span class='ocrx_word' id='word_1_14' title='bbox 1574 460 1889 531; x_wconf 79' lang='lat' dir='ltr'><strong>allegoriam</strong></span> <span class='ocrx_word' id='word_1_15' title='bbox 1914 458 2081 513; x_wconf 79' lang='lat' dir='ltr'><strong>dicta.</strong></span> <span class='ocrx_word' id='word_1_16' title='bbox 2110 458 2248 523; x_wconf 81' lang='lat' dir='ltr'><strong>Quid</strong></span> <span class='ocrx_word' id='word_1_17' title='bbox 2274 459 2384 512; x_wconf 73' lang='lat' dir='ltr'><strong>lucc</strong></span> <span class='ocrx_word' id='word_1_18' title='bbox 2413 460 2482 513; x_wconf 88' lang='lat' dir='ltr'><strong>ad</strong></span> <span class='ocrx_word' id='word_1_19' title='bbox 2508 462 2710 531; x_wconf 81' lang='lat' dir='ltr'><strong>legem?</strong></span> <span class='ocrx_word' id='word_1_20' title='bbox 2735 460 2858 517; x_wconf 66' lang='lat' dir='ltr'><strong>Ilaec</strong></span> <span class='ocrx_word' id='word_1_21' title='bbox 2878 460 3021 516; x_wconf 55' lang='lat' dir='ltr'><strong>enirn</strong></span> <span class='ocrx_word' id='word_1_22' title='bbox 3055 469 3180 516; x_wconf 86' lang='lat' dir='ltr'><strong>sunt</strong></span> <span class='ocrx_word' id='word_1_23' title='bbox 3208 462 3315 518; x_wconf 88' lang='lat' dir='ltr'><strong>duo</strong></span> <span class='ocrx_word' id='word_1_24' title='bbox 3337 469 3764 527; x_wconf 49' lang='lat' dir='ltr'><strong>testamenta;</strong></span> 
     </span>
    </p>
   </div>
   <div class='ocr_carea' id='block_1_3' title="bbox 403 555 3751 629">
    <p class='ocr_par' dir='ltr' id='par_1_3' title="bbox 403 555 3751 629">
     <span class='ocr_line' id='line_1_3' title="bbox 403 555 3751 629; baseline -0 -16"><span class='ocrx_word' id='word_1_25' title='bbox 403 575 529 613; x_wconf 72' lang='lat' dir='ltr'><strong>nam</strong></span> <span class='ocrx_word' id='word_1_26' title='bbox 555 557 701 610; x_wconf 83' lang='lat' dir='ltr'><strong>aliud</strong></span> <span class='ocrx_word' id='word_1_27' title='bbox 727 557 929 621; x_wconf 85' lang='lat' dir='ltr'><strong>dicunt,</strong></span> <span class='ocrx_word' id='word_1_28' title='bbox 956 568 1002 611; x_wconf 91' lang='lat' dir='ltr'><strong>et</strong></span> <span class='ocrx_word' id='word_1_29' title='bbox 1036 557 1183 611; x_wconf 82' lang='lat' dir='ltr'><strong>aliud</strong></span> <span class='ocrx_word' id='word_1_30' title='bbox 1212 559 1458 627; x_wconf 79' lang='lat' dir='ltr'><strong>signant;</strong></span> <span class='ocrx_word' id='word_1_31' title='bbox 1487 557 1613 626; x_wconf 86' lang='lat' dir='ltr'><strong>quia</strong></span> <span class='ocrx_word' id='word_1_32' title='bbox 1644 556 1824 609; x_wconf 87' lang='lat' dir='ltr'><strong>dicunt</strong></span> <span class='ocrx_word' id='word_1_33' title='bbox 1842 555 2001 623; x_wconf 80' lang='lat' dir='ltr'><strong>ﬁlios,</strong></span> <span class='ocrx_word' id='word_1_34' title='bbox 2032 565 2079 608; x_wconf 86' lang='lat' dir='ltr'><strong>et</strong></span> <span class='ocrx_word' id='word_1_35' title='bbox 2105 555 2312 623; x_wconf 82' lang='lat' dir='ltr'><strong>signant</strong></span> <span class='ocrx_word' id='word_1_36' title='bbox 2334 556 2440 608; x_wconf 87' lang='lat' dir='ltr'><strong>duo</strong></span> <span class='ocrx_word' id='word_1_37' title='bbox 2464 566 2793 611; x_wconf 80' lang='lat' dir='ltr'><strong>testamenta.</strong></span> <span class='ocrx_word' id='word_1_38' title='bbox 2841 557 2932 612; x_wconf 80' lang='lat'><strong>57.</strong></span> <span class='ocrx_word' id='word_1_39' title='bbox 2968 556 3141 612; x_wconf 81' lang='lat' dir='ltr'><strong>L&#39;uum</strong></span> <span class='ocrx_word' id='word_1_40' title='bbox 3171 560 3390 629; x_wconf 88' lang='lat' dir='ltr'><strong>quidem</strong></span> <span class='ocrx_word' id='word_1_41' title='bbox 3418 559 3637 611; x_wconf 83' lang='lat' dir='ltr'><strong>datum</strong></span> <span class='ocrx_word' id='word_1_42' title='bbox 3675 555 3751 612; x_wconf 81' lang='lat' dir='ltr'><strong>in</strong></span> 
     </span>
    </p>
   </div>
   <div class='ocr_carea' id='block_1_4' title="bbox 402 650 3745 726">
    <p class='ocr_par' dir='ltr' id='par_1_4' title="bbox 402 650 3745 726">
     <span class='ocr_line' id='line_1_4' title="bbox 402 650 3745 726; baseline -0.001 -15"><span class='ocrx_word' id='word_1_43' title='bbox 402 665 592 712; x_wconf 88' lang='lat' dir='ltr'><strong>mcnte</strong></span> <span class='ocrx_word' id='word_1_44' title='bbox 623 657 777 719; x_wconf 82' lang='lat' dir='ltr'><strong>Sina,</strong></span> <span class='ocrx_word' id='word_1_45' title='bbox 812 655 863 708; x_wconf 93' lang='lat' dir='ltr'><strong>in</strong></span> <span class='ocrx_word' id='word_1_46' title='bbox 906 653 1225 707; x_wconf 84' lang='lat' dir='ltr'><strong>servitutem</strong></span> <span class='ocrx_word' id='word_1_47' title='bbox 1264 665 1557 721; x_wconf 78' lang='lat' dir='ltr'><strong>generans,</strong></span> <span class='ocrx_word' id='word_1_48' title='bbox 1590 651 1682 705; x_wconf 81' lang='lat'><strong>58.</strong></span> <span class='ocrx_word' id='word_1_49' title='bbox 1709 666 1831 719; x_wconf 78' lang='lat' dir='ltr'><strong>qua:</strong></span> <span class='ocrx_word' id='word_1_50' title='bbox 1866 659 1948 703; x_wconf 89' lang='lat' dir='ltr'><strong>est</strong></span> <span class='ocrx_word' id='word_1_51' title='bbox 1982 650 2149 719; x_wconf 79' lang='lat' dir='ltr'><strong>Agar,</strong></span> <span class='ocrx_word' id='word_1_52' title='bbox 2179 666 2297 717; x_wconf 78' lang='lat' dir='ltr'><strong>qua:</strong></span> <span class='ocrx_word' id='word_1_53' title='bbox 2349 651 2521 720; x_wconf 69' lang='lat' dir='ltr'><strong>signal</strong></span> <span class='ocrx_word' id='word_1_54' title='bbox 2573 653 2716 721; x_wconf 64' lang='lat' dir='ltr'><strong>Agar</strong></span> <span class='ocrx_word' id='word_1_55' title='bbox 2744 668 2763 718; x_wconf 79' lang='lat'><strong>,°</strong></span> <span class='ocrx_word' id='word_1_56' title='bbox 2803 653 3208 724; x_wconf 72' lang='lat' dir='ltr'><strong>(parenthesis)</strong></span> <span class='ocrx_word' id='word_1_57' title='bbox 3251 654 3411 726; x_wconf 78' lang='lat'><strong>133</strong></span> <span class='ocrx_word' id='word_1_58' title='bbox 3439 652 3545 711; x_wconf 76' lang='lat'><strong>39.</strong></span> <span class='ocrx_word' id='word_1_59' title='bbox 3584 651 3745 709; x_wconf 69' lang='lat' dir='ltr'><strong>Sina</strong></span> 
     </span>
    </p>
   </div>
   <div class='ocr_carea' id='block_1_5' title="bbox 405 746 3743 821">
    <p class='ocr_par' dir='ltr' id='par_1_5' title="bbox 405 746 3743 821">
     <span class='ocr_line' id='line_1_5' title="bbox 405 746 3743 821; baseline -0.001 -15"><span class='ocrx_word' id='word_1_60' title='bbox 405 750 572 814; x_wconf 84' lang='lat' dir='ltr'><strong>enim,</strong></span> <span class='ocrx_word' id='word_1_61' title='bbox 607 750 839 821; x_wconf 75' lang='lat' dir='ltr'><strong>(exponit</strong></span> <span class='ocrx_word' id='word_1_62' title='bbox 865 749 991 819; x_wconf 87' lang='lat' dir='ltr'><strong>quid</strong></span> <span class='ocrx_word' id='word_1_63' title='bbox 1018 747 1171 813; x_wconf 81' lang='lat' dir='ltr'><strong>Sina)</strong></span> <span class='ocrx_word' id='word_1_64' title='bbox 1207 762 1362 801; x_wconf 89' lang='lat' dir='ltr'><strong>mons</strong></span> <span class='ocrx_word' id='word_1_65' title='bbox 1388 756 1469 801; x_wconf 86' lang='lat' dir='ltr'><strong>est</strong></span> <span class='ocrx_word' id='word_1_66' title='bbox 1500 746 1552 799; x_wconf 93' lang='lat' dir='ltr'><strong>in</strong></span> <span class='ocrx_word' id='word_1_67' title='bbox 1591 746 1813 810; x_wconf 86' lang='lat' dir='ltr'><strong>Arabia,</strong></span> <span class='ocrx_word' id='word_1_68' title='bbox 1845 746 1935 799; x_wconf 70' lang='grc'><strong>40.</strong></span> <span class='ocrx_word' id='word_1_69' title='bbox 1961 746 2059 815; x_wconf 85' lang='lat' dir='ltr'><strong>qui</strong></span> <span class='ocrx_word' id='word_1_70' title='bbox 2096 755 2418 814; x_wconf 74' lang='lat' dir='ltr'><strong>conjunctus</strong></span> <span class='ocrx_word' id='word_1_71' title='bbox 2468 756 2553 801; x_wconf 91' lang='lat' dir='ltr'><strong>est</strong></span> <span class='ocrx_word' id='word_1_72' title='bbox 2581 749 2630 801; x_wconf 89' lang='lat' dir='ltr'><strong>ei</strong></span> <span class='ocrx_word' id='word_1_73' title='bbox 2669 763 2791 817; x_wconf 72' lang='lat' dir='ltr'><strong>qua:</strong></span> <span class='ocrx_word' id='word_1_74' title='bbox 2835 763 2980 803; x_wconf 90' lang='lat' dir='ltr'><strong>nunc</strong></span> <span class='ocrx_word' id='word_1_75' title='bbox 3007 759 3091 805; x_wconf 86' lang='lat' dir='ltr'><strong>est</strong></span> <span class='ocrx_word' id='word_1_76' title='bbox 3117 749 3488 815; x_wconf 82' lang='lat' dir='ltr'><strong>Hierusalem,</strong></span> <span class='ocrx_word' id='word_1_77' title='bbox 3520 758 3595 805; x_wconf 88' lang='lat' dir='ltr'><strong>et</strong></span> <span class='ocrx_word' id='word_1_78' title='bbox 3626 748 3743 803; x_wconf 68' lang='grc'><strong>41.</strong></span> 
     </span>
    </p>
   </div>
   <div class='ocr_carea' id='block_1_6' title="bbox 406 840 3749 914">
    <p class='ocr_par' dir='ltr' id='par_1_6' title="bbox 406 840 3749 914">
     <span class='ocr_line' id='line_1_6' title="bbox 406 840 3749 914; baseline -0.001 -13"><span class='ocrx_word' id='word_1_79' title='bbox 406 848 575 902; x_wconf 87' lang='lat' dir='ltr'><strong>servit</strong></span> <span class='ocrx_word' id='word_1_80' title='bbox 600 863 722 901; x_wconf 91' lang='lat' dir='ltr'><strong>cum</strong></span> <span class='ocrx_word' id='word_1_81' title='bbox 754 844 895 909; x_wconf 91' lang='lat' dir='ltr'><strong>ﬁliis,</strong></span> <span class='ocrx_word' id='word_1_82' title='bbox 930 845 1138 907; x_wconf 84' lang='lat' dir='ltr'><strong>incolis,</strong></span> <span class='ocrx_word' id='word_1_83' title='bbox 1167 842 1300 897; x_wconf 89' lang='lat' dir='ltr'><strong>suis.</strong></span> <span class='ocrx_word' id='word_1_84' title='bbox 1330 842 1421 896; x_wconf 72' lang='lat'><strong>42.</strong></span> <span class='ocrx_word' id='word_1_85' title='bbox 1452 840 1542 895; x_wconf 90' lang='lat' dir='ltr'><strong>Illa</strong></span> <span class='ocrx_word' id='word_1_86' title='bbox 1574 850 1778 907; x_wconf 89' lang='lat' dir='ltr'><strong>autem,</strong></span> <span class='ocrx_word' id='word_1_87' title='bbox 1811 856 1932 910; x_wconf 73' lang='lat' dir='ltr'><strong>qua:</strong></span> <span class='ocrx_word' id='word_1_88' title='bbox 1961 855 2178 895; x_wconf 87' lang='lat' dir='ltr'><strong>sursum</strong></span> <span class='ocrx_word' id='word_1_89' title='bbox 2208 849 2292 894; x_wconf 89' lang='lat' dir='ltr'><strong>est</strong></span> <span class='ocrx_word' id='word_1_90' title='bbox 2320 840 2658 897; x_wconf 86' lang='lat' dir='ltr'><strong>Hierusalem</strong></span> <span class='ocrx_word' id='word_1_91' title='bbox 2680 882 2695 909; x_wconf 95' lang='lat'><strong>,</strong></span> <span class='ocrx_word' id='word_1_92' title='bbox 2719 842 2811 897; x_wconf 76' lang='grc'><strong>45.</strong></span> <span class='ocrx_word' id='word_1_93' title='bbox 2862 841 3034 898; x_wconf 87' lang='lat' dir='ltr'><strong>libera</strong></span> <span class='ocrx_word' id='word_1_94' title='bbox 3065 851 3168 908; x_wconf 87' lang='lat' dir='ltr'><strong>est,</strong></span> <span class='ocrx_word' id='word_1_95' title='bbox 3222 858 3344 914; x_wconf 78' lang='lat' dir='ltr'><strong>qua:</strong></span> <span class='ocrx_word' id='word_1_96' title='bbox 3397 855 3492 901; x_wconf 88' lang='lat' dir='ltr'><strong>est</strong></span> <span class='ocrx_word' id='word_1_97' title='bbox 3532 851 3749 898; x_wconf 80' lang='lat' dir='ltr'><strong>mater</strong></span> 
     </span>
    </p>
   </div>
   <div class='ocr_carea' id='block_1_7' title="bbox 411 935 3744 1010">
    <p class='ocr_par' dir='ltr' id='par_1_7' title="bbox 411 935 3744 1010">
     <span class='ocr_line' id='line_1_7' title="bbox 411 935 3744 1010; baseline -0.002 -12"><span class='ocrx_word' id='word_1_98' title='bbox 411 954 626 998; x_wconf 84' lang='lat' dir='ltr'><strong>nostra.</strong></span> <span class='ocrx_word' id='word_1_99' title='bbox 655 941 743 995; x_wconf 67' lang='lat'><strong>44.</strong></span> <span class='ocrx_word' id='word_1_100' title='bbox 782 940 1056 1009; x_wconf 75' lang='lat' dir='ltr'><strong>Scriptum</strong></span> <span class='ocrx_word' id='word_1_101' title='bbox 1094 947 1178 993; x_wconf 88' lang='lat' dir='ltr'><strong>est</strong></span> <span class='ocrx_word' id='word_1_102' title='bbox 1204 938 1351 992; x_wconf 90' lang='lat' dir='ltr'><strong>enim</strong></span> <span class='ocrx_word' id='word_1_103' title='bbox 1384 936 1512 991; x_wconf 72' lang='lat'><strong>:45.</strong></span> <span class='ocrx_word' id='word_1_104' title='bbox 1546 936 1780 1001; x_wconf 68' lang='lat' dir='ltr'><strong>Laetare,</strong></span> <span class='ocrx_word' id='word_1_105' title='bbox 1813 935 2036 992; x_wconf 80' lang='lat' dir='ltr'><strong>sterilis!</strong></span> <span class='ocrx_word' id='word_1_106' title='bbox 2070 951 2190 1006; x_wconf 85' lang='lat' dir='ltr'><strong>quae</strong></span> <span class='ocrx_word' id='word_1_107' title='bbox 2216 951 2323 991; x_wconf 91' lang='lat' dir='ltr'><strong>non</strong></span> <span class='ocrx_word' id='word_1_108' title='bbox 2353 937 2498 1007; x_wconf 89' lang='lat' dir='ltr'><strong>paris</strong></span> <span class='ocrx_word' id='word_1_109' title='bbox 2524 954 2538 1003; x_wconf 91' lang='lat'><strong>;</strong></span> <span class='ocrx_word' id='word_1_110' title='bbox 2567 953 2793 1009; x_wconf 84' lang='lat' dir='ltr'><strong>erumpe</strong></span> <span class='ocrx_word' id='word_1_111' title='bbox 2821 949 2876 994; x_wconf 89' lang='lat' dir='ltr'><strong>et</strong></span> <span class='ocrx_word' id='word_1_112' title='bbox 2905 939 3101 1004; x_wconf 89' lang='lat' dir='ltr'><strong>clama,</strong></span> <span class='ocrx_word' id='word_1_113' title='bbox 3126 955 3246 1009; x_wconf 71' lang='lat' dir='ltr'><strong>qua:</strong></span> <span class='ocrx_word' id='word_1_114' title='bbox 3268 955 3375 996; x_wconf 92' lang='lat' dir='ltr'><strong>non</strong></span> <span class='ocrx_word' id='word_1_115' title='bbox 3430 938 3744 1010; x_wconf 86' lang='lat' dir='ltr'><strong>parturis,</strong></span> 
     </span>
    </p>
   </div>
   <div class='ocr_carea' id='block_1_8' title="bbox 402 1031 3747 1117">
    <p class='ocr_par' dir='ltr' id='par_1_8' title="bbox 402 1031 3747 1117">
     <span class='ocr_line' id='line_1_8' title="bbox 402 1031 3747 1117; baseline -0.001 -25"><span class='ocrx_word' id='word_1_116' title='bbox 402 1041 527 1109; x_wconf 89' lang='lat' dir='ltr'><strong>quia</strong></span> <span class='ocrx_word' id='word_1_117' title='bbox 557 1038 645 1092; x_wconf 75' lang='grc'><strong>46.</strong></span> <span class='ocrx_word' id='word_1_118' title='bbox 675 1036 828 1091; x_wconf 91' lang='lat' dir='ltr'><strong>multi</strong></span> <span class='ocrx_word' id='word_1_119' title='bbox 856 1035 948 1088; x_wconf 89' lang='lat' dir='ltr'><strong>ﬁlii</strong></span> <span class='ocrx_word' id='word_1_120' title='bbox 982 1035 1212 1089; x_wconf 72' lang='lat' dir='ltr'><strong>deserta:</strong></span> <span class='ocrx_word' id='word_1_121' title='bbox 1243 1032 1494 1087; x_wconf 76' lang='lat' dir='ltr'><strong>Ecclesiw</strong></span> <span class='ocrx_word' id='word_1_122' title='bbox 1544 1033 1613 1086; x_wconf 89' lang='lat' dir='ltr'><strong>ad</strong></span> <span class='ocrx_word' id='word_1_123' title='bbox 1646 1043 1871 1097; x_wconf 84' lang='lat' dir='ltr'><strong>temous,</strong></span> <span class='ocrx_word' id='word_1_124' title='bbox 1905 1032 2032 1085; x_wconf 90' lang='lat' dir='ltr'><strong>dum</strong></span> <span class='ocrx_word' id='word_1_125' title='bbox 2065 1032 2164 1102; x_wconf 82' lang='lat' dir='ltr'><strong>fuit</strong></span> <span class='ocrx_word' id='word_1_126' title='bbox 2198 1031 2296 1087; x_wconf 75' lang='lat' dir='ltr'><strong>lex.</strong></span> <span class='ocrx_word' id='word_1_127' title='bbox 2335 1034 2510 1105; x_wconf 85' lang='lat' dir='ltr'><strong>magis</strong></span> <span class='ocrx_word' id='word_1_128' title='bbox 2538 1050 2699 1099; x_wconf 85' lang='lat' dir='ltr'><strong>quam</strong></span> <span class='ocrx_word' id='word_1_129' title='bbox 2730 1035 2883 1103; x_wconf 83' lang='lat' dir='ltr'><strong>ejus,</strong></span> <span class='ocrx_word' id='word_1_130' title='bbox 2912 1035 3231 1107; x_wconf 71' lang='lat' dir='ltr'><strong>Synagogw,</strong></span> <span class='ocrx_word' id='word_1_131' title='bbox 3258 1037 3351 1091; x_wconf 72' lang='grc'><strong>47.</strong></span> <span class='ocrx_word' id='word_1_132' title='bbox 3378 1052 3513 1107; x_wconf 74' lang='lat' dir='ltr'><strong>qua:</strong></span> <span class='ocrx_word' id='word_1_133' title='bbox 3548 1035 3747 1117; x_wconf 70' lang='lat' dir='ltr'><strong>habet</strong></span> 
     </span>
    </p>
   </div>
   <div class='ocr_carea' id='block_1_9' title="bbox 408 1122 3747 1214">
    <p class='ocr_par' dir='ltr' id='par_1_9' title="bbox 408 1122 3747 1214">
     <span class='ocr_line' id='line_1_9' title="bbox 408 1122 3747 1214; baseline -0.001 -26"><span class='ocrx_word' id='word_1_134' title='bbox 408 1138 598 1190; x_wconf 62' lang='lat' dir='ltr'><strong>.‘irtnn.</strong></span> <span class='ocrx_word' id='word_1_135' title='bbox 628 1133 834 1186; x_wconf 82' lang='lat' dir='ltr'><strong>Diceret</strong></span> <span class='ocrx_word' id='word_1_136' title='bbox 862 1131 1013 1201; x_wconf 89' lang='lat' dir='ltr'><strong>quis;</strong></span> <span class='ocrx_word' id='word_1_137' title='bbox 1039 1130 1179 1194; x_wconf 83' lang='lat' dir='ltr'><strong>Quid</strong></span> <span class='ocrx_word' id='word_1_138' title='bbox 1205 1128 1275 1183; x_wconf 88' lang='lat' dir='ltr'><strong>ad</strong></span> <span class='ocrx_word' id='word_1_139' title='bbox 1292 1144 1386 1183; x_wconf 87' lang='lat' dir='ltr'><strong>nos</strong></span> <span class='ocrx_word' id='word_1_140' title='bbox 1412 1143 1531 1199; x_wconf 82' lang='lat' dir='ltr'><strong>qua:</strong></span> <span class='ocrx_word' id='word_1_141' title='bbox 1555 1128 1709 1181; x_wconf 87' lang='lat' dir='ltr'><strong>modo</strong></span> <span class='ocrx_word' id='word_1_142' title='bbox 1746 1127 1926 1181; x_wconf 75' lang='lat' dir='ltr'><strong>dixisti</strong></span> <span class='ocrx_word' id='word_1_143' title='bbox 1950 1127 1975 1181; x_wconf 84' lang='lat'><strong><em>?</em></strong></span> <span class='ocrx_word' id='word_1_144' title='bbox 2010 1125 2121 1182; x_wconf 81' lang='lat' dir='ltr'><strong>Nos</strong></span> <span class='ocrx_word' id='word_1_145' title='bbox 2150 1137 2356 1193; x_wconf 87' lang='lat' dir='ltr'><strong>autem,</strong></span> <span class='ocrx_word' id='word_1_146' title='bbox 2388 1127 2620 1194; x_wconf 77' lang='lat' dir='ltr'><strong>fratres,</strong></span> <span class='ocrx_word' id='word_1_147' title='bbox 2663 1131 2961 1186; x_wconf 88' lang='lat' dir='ltr'><strong>secundum</strong></span> <span class='ocrx_word' id='word_1_148' title='bbox 3009 1131 3160 1186; x_wconf 86' lang='lat' dir='ltr'><strong>lsaac</strong></span> <span class='ocrx_word' id='word_1_149' title='bbox 3182 1135 3593 1205; x_wconf 84' lang='lat' dir='ltr'><strong>promissionis</strong></span> <span class='ocrx_word' id='word_1_150' title='bbox 3630 1122 3747 1214; x_wconf 53' lang='lat' dir='ltr'><strong>liii:</strong></span> 
     </span>
    </p>
   </div>
   <div class='ocr_carea' id='block_1_10' title="bbox 376 1216 3724 1307">
    <p class='ocr_par' dir='ltr' id='par_1_10' title="bbox 376 1216 3724 1307">
     <span class='ocr_line' id='line_1_10' title="bbox 376 1216 3724 1307; baseline 0 -25"><span class='ocrx_word' id='word_1_151' title='bbox 431 1216 609 1286; x_wconf 78' lang='lat' dir='ltr'><strong>unius.</strong></span> <span class='ocrx_word' id='word_1_152' title='bbox 636 1229 778 1299; x_wconf 82' lang='lat' dir='ltr'><strong>Ergo</strong></span> <span class='ocrx_word' id='word_1_153' title='bbox 805 1226 974 1280; x_wconf 83' lang='lat' dir='ltr'><strong>liberi.</strong></span> <span class='ocrx_word' id='word_1_154' title='bbox 1012 1224 1213 1278; x_wconf 80' lang='lat' dir='ltr'><strong>Diceret</strong></span> <span class='ocrx_word' id='word_1_155' title='bbox 1239 1224 1396 1295; x_wconf 84' lang='lat' dir='ltr'><strong>quis:</strong></span> <span class='ocrx_word' id='word_1_156' title='bbox 1429 1221 1542 1278; x_wconf 86' lang='lat' dir='ltr'><strong>Nos</strong></span> <span class='ocrx_word' id='word_1_157' title='bbox 1568 1224 1707 1277; x_wconf 83' lang='lat' dir='ltr'><strong>dicis</strong></span> <span class='ocrx_word' id='word_1_158' title='bbox 1732 1223 1943 1289; x_wconf 87' lang='lat' dir='ltr'><strong>liberos,</strong></span> <span class='ocrx_word' id='word_1_159' title='bbox 1976 1224 2068 1293; x_wconf 90' lang='lat' dir='ltr'><strong>qui</strong></span> <span class='ocrx_word' id='word_1_160' title='bbox 2104 1224 2342 1293; x_wconf 85' lang='lat' dir='ltr'><strong>quotidie</strong></span> <span class='ocrx_word' id='word_1_161' title='bbox 2370 1226 2670 1297; x_wconf 78' lang='lat' dir='ltr'><strong>aﬁligimur.</strong></span> <span class='ocrx_word' id='word_1_162' title='bbox 2713 1227 2819 1283; x_wconf 85' lang='lat' dir='ltr'><strong>Sed</strong></span> <span class='ocrx_word' id='word_1_163' title='bbox 2851 1228 3123 1297; x_wconf 88' lang='lat' dir='ltr'><strong>quomodo</strong></span> <span class='ocrx_word' id='word_1_164' title='bbox 3156 1237 3282 1286; x_wconf 90' lang='lat' dir='ltr'><strong>tunc</strong></span> <span class='ocrx_word' id='word_1_165' title='bbox 3316 1233 3364 1287; x_wconf 90' lang='lat' dir='ltr'><strong>is</strong></span> <span class='ocrx_word' id='word_1_166' title='bbox 3386 1231 3487 1301; x_wconf 90' lang='lat' dir='ltr'><strong>qui</strong></span> <span class='ocrx_word' id='word_1_167' title='bbox 3520 1245 3724 1285; x_wconf 66' lang='lat' dir='ltr'><strong>secus:</strong></span> 
     </span>
    </p>
   </div>
   <div class='ocr_carea' id='block_1_11' title="bbox 418 1320 3747 1396">
    <p class='ocr_par' dir='ltr' id='par_1_11' title="bbox 418 1320 3747 1396">
     <span class='ocr_line' id='line_1_11' title="bbox 418 1320 3747 1396; baseline -0.001 -15"><span class='ocrx_word' id='word_1_168' title='bbox 418 1331 525 1381; x_wconf 81' lang='lat' dir='ltr'><strong>lunt</strong></span> <span class='ocrx_word' id='word_1_169' title='bbox 552 1327 799 1396; x_wconf 80' lang='lat' dir='ltr'><strong>spiritum</strong></span> <span class='ocrx_word' id='word_1_170' title='bbox 832 1322 1057 1393; x_wconf 83' lang='lat' dir='ltr'><strong>(Isaac),</strong></span> <span class='ocrx_word' id='word_1_171' title='bbox 1094 1322 1167 1376; x_wconf 87' lang='lat' dir='ltr'><strong>ita</strong></span> <span class='ocrx_word' id='word_1_172' title='bbox 1191 1328 1245 1375; x_wconf 87' lang='lat' dir='ltr'><strong>et</strong></span> <span class='ocrx_word' id='word_1_173' title='bbox 1284 1337 1445 1375; x_wconf 80' lang='lat' dir='ltr'><strong>ituuc.</strong></span> <span class='ocrx_word' id='word_1_174' title='bbox 1478 1321 1585 1376; x_wconf 82' lang='lat' dir='ltr'><strong>Sed</strong></span> <span class='ocrx_word' id='word_1_175' title='bbox 1612 1321 1739 1392; x_wconf 85' lang='lat' dir='ltr'><strong>quid</strong></span> <span class='ocrx_word' id='word_1_176' title='bbox 1765 1321 1899 1375; x_wconf 89' lang='lat' dir='ltr'><strong>dicit</strong></span> <span class='ocrx_word' id='word_1_177' title='bbox 1926 1320 2205 1390; x_wconf 82' lang='lat' dir='ltr'><strong>Scriptura</strong></span> <span class='ocrx_word' id='word_1_178' title='bbox 2231 1322 2254 1373; x_wconf 92' lang='lat'><strong>?</strong></span> <span class='ocrx_word' id='word_1_179' title='bbox 2278 1321 2425 1391; x_wconf 84' lang='lat' dir='ltr'><strong>Ejice</strong></span> <span class='ocrx_word' id='word_1_180' title='bbox 2451 1324 2727 1391; x_wconf 90' lang='lat' dir='ltr'><strong>ancillam,</strong></span> <span class='ocrx_word' id='word_1_181' title='bbox 2752 1334 2807 1381; x_wconf 92' lang='lat' dir='ltr'><strong>et</strong></span> <span class='ocrx_word' id='word_1_182' title='bbox 2833 1325 3002 1380; x_wconf 90' lang='lat' dir='ltr'><strong>ﬁlium</strong></span> <span class='ocrx_word' id='word_1_183' title='bbox 3029 1325 3185 1396; x_wconf 87' lang='lat' dir='ltr'><strong>ejus;</strong></span> <span class='ocrx_word' id='word_1_184' title='bbox 3213 1343 3321 1381; x_wconf 91' lang='lat' dir='ltr'><strong>non</strong></span> <span class='ocrx_word' id='word_1_185' title='bbox 3350 1328 3513 1383; x_wconf 86' lang='lat' dir='ltr'><strong>enim</strong></span> <span class='ocrx_word' id='word_1_186' title='bbox 3539 1329 3747 1381; x_wconf 65' lang='lat' dir='ltr'><strong>haeres</strong></span> 
     </span>
    </p>
   </div>
   <div class='ocr_carea' id='block_1_12' title="bbox 398 1417 3753 1492">
    <p class='ocr_par' dir='ltr' id='par_1_12' title="bbox 398 1417 3753 1492">
     <span class='ocr_line' id='line_1_12' title="bbox 398 1417 3753 1492; baseline 0 -17"><span class='ocrx_word' id='word_1_187' title='bbox 398 1424 503 1476; x_wconf 90' lang='lat' dir='ltr'><strong>erit</strong></span> <span class='ocrx_word' id='word_1_188' title='bbox 530 1422 669 1476; x_wconf 89' lang='lat' dir='ltr'><strong>lilius</strong></span> <span class='ocrx_word' id='word_1_189' title='bbox 705 1420 914 1475; x_wconf 60' lang='lat' dir='ltr'><strong>ancillae</strong></span> <span class='ocrx_word' id='word_1_190' title='bbox 940 1436 1061 1476; x_wconf 88' lang='lat' dir='ltr'><strong>cum</strong></span> <span class='ocrx_word' id='word_1_191' title='bbox 1097 1418 1206 1473; x_wconf 89' lang='lat' dir='ltr'><strong>ﬁlio</strong></span> <span class='ocrx_word' id='word_1_192' title='bbox 1234 1418 1437 1473; x_wconf 78' lang='lat' dir='ltr'><strong>liberae.</strong></span> <span class='ocrx_word' id='word_1_193' title='bbox 1467 1419 1683 1488; x_wconf 87' lang='lat' dir='ltr'><strong>Itaque,</strong></span> <span class='ocrx_word' id='word_1_194' title='bbox 1725 1417 1953 1485; x_wconf 78' lang='lat' dir='ltr'><strong>fratres,</strong></span> <span class='ocrx_word' id='word_1_195' title='bbox 1984 1432 2089 1473; x_wconf 91' lang='lat' dir='ltr'><strong>non</strong></span> <span class='ocrx_word' id='word_1_196' title='bbox 2115 1432 2303 1473; x_wconf 89' lang='lat' dir='ltr'><strong>sumus</strong></span> <span class='ocrx_word' id='word_1_197' title='bbox 2332 1418 2540 1474; x_wconf 76' lang='lat' dir='ltr'><strong>ancilla:</strong></span> <span class='ocrx_word' id='word_1_198' title='bbox 2571 1419 2688 1485; x_wconf 79' lang='lat' dir='ltr'><strong>lilii,</strong></span> <span class='ocrx_word' id='word_1_199' title='bbox 2733 1422 2828 1476; x_wconf 90' lang='lat' dir='ltr'><strong>sed</strong></span> <span class='ocrx_word' id='word_1_200' title='bbox 2858 1421 3070 1488; x_wconf 55' lang='lat' dir='ltr'><strong>liberae;</strong></span> <span class='ocrx_word' id='word_1_201' title='bbox 3107 1423 3206 1491; x_wconf 58' lang='lat' dir='ltr'><strong>ipsi</strong></span> <span class='ocrx_word' id='word_1_202' title='bbox 3249 1424 3571 1492; x_wconf 81' lang='lat' dir='ltr'><strong>ejicieutur,</strong></span> <span class='ocrx_word' id='word_1_203' title='bbox 3637 1436 3753 1475; x_wconf 77' lang='lat' dir='ltr'><strong>nos</strong></span> 
     </span>
    </p>
   </div>
   <div class='ocr_carea' id='block_1_13' title="bbox 399 1512 3318 1585">
    <p class='ocr_par' dir='ltr' id='par_1_13' title="bbox 399 1512 3318 1585">
     <span class='ocr_line' id='line_1_13' title="bbox 399 1512 3318 1585; baseline 0 -12"><span class='ocrx_word' id='word_1_204' title='bbox 399 1528 571 1573; x_wconf 85' lang='lat' dir='ltr'><strong>autem</strong></span> <span class='ocrx_word' id='word_1_205' title='bbox 593 1517 1046 1581; x_wconf 80' lang='lat' dir='ltr'><strong>luereditubimus,</strong></span> <span class='ocrx_word' id='word_1_206' title='bbox 1077 1516 1202 1585; x_wconf 81' lang='lat' dir='ltr'><strong>quia</strong></span> <span class='ocrx_word' id='word_1_207' title='bbox 1232 1532 1333 1569; x_wconf 84' lang='lat' dir='ltr'><strong>nou</strong></span> <span class='ocrx_word' id='word_1_208' title='bbox 1362 1531 1542 1568; x_wconf 86' lang='lat' dir='ltr'><strong>sumus</strong></span> <span class='ocrx_word' id='word_1_209' title='bbox 1566 1515 1717 1579; x_wconf 91' lang='lat' dir='ltr'><strong>servi,</strong></span> <span class='ocrx_word' id='word_1_210' title='bbox 1752 1516 1842 1569; x_wconf 85' lang='lat' dir='ltr'><strong>sed</strong></span> <span class='ocrx_word' id='word_1_211' title='bbox 1865 1514 2051 1579; x_wconf 81' lang='lat' dir='ltr'><strong>liberi,</strong></span> <span class='ocrx_word' id='word_1_212' title='bbox 2080 1512 2170 1569; x_wconf 69' lang='grc'><strong>48.</strong></span> <span class='ocrx_word' id='word_1_213' title='bbox 2200 1528 2307 1585; x_wconf 91' lang='lat' dir='ltr'><strong>qua</strong></span> <span class='ocrx_word' id='word_1_214' title='bbox 2359 1514 2609 1573; x_wconf 76' lang='lat' dir='ltr'><strong>libertate</strong></span> <span class='ocrx_word' id='word_1_215' title='bbox 2645 1516 2897 1573; x_wconf 70' lang='lat' dir='ltr'><strong>(&#39;ibristus</strong></span> <span class='ocrx_word' id='word_1_216' title='bbox 2921 1534 3019 1573; x_wconf 90' lang='lat' dir='ltr'><strong>nos</strong></span> <span class='ocrx_word' id='word_1_217' title='bbox 3043 1518 3318 1574; x_wconf 76' lang='lat' dir='ltr'><strong>liberavit.</strong></span> 
     </span>
    </p>
   </div>
   <div class='ocr_carea' id='block_1_14' title="bbox 1797 1677 2339 1750">
    <p class='ocr_par' dir='ltr' id='par_1_14' title="bbox 1797 1677 2339 1750">
     <span class='ocr_line' id='line_1_14' title="bbox 1797 1677 2339 1750; baseline 0.002 -17"><span class='ocrx_word' id='word_1_218' title='bbox 1797 1677 1961 1750; x_wconf 64' lang='lat'><strong>134</strong></span> <span class='ocrx_word' id='word_1_219' title='bbox 2008 1678 2234 1735; x_wconf 70' lang='lat' dir='ltr'><strong>carur</strong></span> <span class='ocrx_word' id='word_1_220' title='bbox 2277 1679 2339 1734; x_wconf 87' lang='lat' dir='ltr'><strong>v.</strong></span> 
     </span>
    </p>
   </div>
   <div class='ocr_carea' id='block_1_15' title="bbox 480 1811 3743 1890">
    <p class='ocr_par' dir='ltr' id='par_1_15' title="bbox 480 1811 3743 1890">
     <span class='ocr_line' id='line_1_15' title="bbox 480 1811 3743 1890; baseline -0.001 -15"><span class='ocrx_word' id='word_1_221' title='bbox 480 1820 619 1889; x_wconf 75' lang='lat' dir='ltr'><strong>Ergo</strong></span> <span class='ocrx_word' id='word_1_222' title='bbox 643 1820 769 1889; x_wconf 86' lang='lat' dir='ltr'><strong>quia</strong></span> <span class='ocrx_word' id='word_1_223' title='bbox 808 1817 958 1871; x_wconf 84' lang='lat' dir='ltr'><strong>liberi</strong></span> <span class='ocrx_word' id='word_1_224' title='bbox 990 1816 1162 1882; x_wconf 83' lang='lat' dir='ltr'><strong>State,</strong></span> <span class='ocrx_word' id='word_1_225' title='bbox 1190 1823 1241 1868; x_wconf 90' lang='lat' dir='ltr'><strong>et</strong></span> <span class='ocrx_word' id='word_1_226' title='bbox 1268 1816 1319 1878; x_wconf 76' lang='grc' dir='ltr'>Ι,</span> <span class='ocrx_word' id='word_1_227' title='bbox 1347 1813 1401 1868; x_wconf 73' lang='lat'><strong>9..</strong></span> <span class='ocrx_word' id='word_1_228' title='bbox 1443 1812 1609 1868; x_wconf 87' lang='lat' dir='ltr'><strong>nolite</strong></span> <span class='ocrx_word' id='word_1_229' title='bbox 1657 1811 1997 1882; x_wconf 77' lang='lat' dir='ltr'><strong>iterumjugo</strong></span> <span class='ocrx_word' id='word_1_230' title='bbox 2025 1813 2324 1878; x_wconf 85' lang='lat' dir='ltr'><strong>servitutis,</strong></span> <span class='ocrx_word' id='word_1_231' title='bbox 2366 1814 2786 1868; x_wconf 72' lang='lat' dir='ltr'><strong>circumcidenda</strong></span> <span class='ocrx_word' id='word_1_232' title='bbox 2837 1831 2949 1879; x_wconf 78' lang='lat' dir='ltr'><strong>vos,</strong></span> <span class='ocrx_word' id='word_1_233' title='bbox 2997 1816 3325 1884; x_wconf 56' lang='lat' dir='ltr'><strong>continuari,</strong></span> <span class='ocrx_word' id='word_1_234' title='bbox 3363 1819 3743 1890; x_wconf 70' lang='lat' dir='ltr'><strong>supradictis</strong></span> 
     </span>
    </p>
   </div>
   <div class='ocr_carea' id='block_1_16' title="bbox 402 1900 3748 1980">
    <p class='ocr_par' dir='ltr' id='par_1_16' title="bbox 402 1900 3748 1980">
     <span class='ocr_line' id='line_1_16' title="bbox 402 1900 3748 1980; baseline 0.001 -17"><span class='ocrx_word' id='word_1_235' title='bbox 402 1912 613 1973; x_wconf 71' lang='lat' dir='ltr'><strong>terruit,</strong></span> <span class='ocrx_word' id='word_1_236' title='bbox 640 1925 777 1962; x_wconf 84' lang='lat' dir='ltr'><strong>nunc</strong></span> <span class='ocrx_word' id='word_1_237' title='bbox 808 1922 901 1975; x_wconf 83' lang='lat' dir='ltr'><strong>per</strong></span> <span class='ocrx_word' id='word_1_238' title='bbox 936 1922 989 1959; x_wconf 87' lang='lat' dir='ltr'><strong>se</strong></span> <span class='ocrx_word' id='word_1_239' title='bbox 1030 1904 1319 1966; x_wconf 82' lang='lat' dir='ltr'><strong>dissuadet,</strong></span> <span class='ocrx_word' id='word_1_240' title='bbox 1346 1918 1409 1956; x_wconf 84' lang='lat' dir='ltr'><strong>ne</strong></span> <span class='ocrx_word' id='word_1_241' title='bbox 1438 1900 1903 1955; x_wconf 81' lang='lat' dir='ltr'><strong>circumciduntur.</strong></span> <span class='ocrx_word' id='word_1_242' title='bbox 1927 1900 2066 1955; x_wconf 81' lang='lat' dir='ltr'><strong>Ecce</strong></span> <span class='ocrx_word' id='word_1_243' title='bbox 2082 1916 2181 1972; x_wconf 82' lang='lat' dir='ltr'><strong>ego</strong></span> <span class='ocrx_word' id='word_1_244' title='bbox 2203 1900 2424 1966; x_wconf 81' lang='lat' dir='ltr'><strong>Paulus,</strong></span> <span class='ocrx_word' id='word_1_245' title='bbox 2445 1904 2533 1972; x_wconf 86' lang='lat' dir='ltr'><strong>qui</strong></span> <span class='ocrx_word' id='word_1_246' title='bbox 2562 1902 2639 1972; x_wconf 77' lang='lat' dir='ltr'><strong>[ui</strong></span> <span class='ocrx_word' id='word_1_247' title='bbox 2664 1905 3030 1971; x_wconf 80' lang='lat' dir='ltr'><strong>circumcisus,</strong></span> <span class='ocrx_word' id='word_1_248' title='bbox 3053 1908 3175 1963; x_wconf 87' lang='lat' dir='ltr'><strong>dico</strong></span> <span class='ocrx_word' id='word_1_249' title='bbox 3192 1910 3348 1966; x_wconf 85' lang='lat' dir='ltr'><strong>vobis</strong></span> <span class='ocrx_word' id='word_1_250' title='bbox 3372 1912 3667 1980; x_wconf 80' lang='lat' dir='ltr'><strong>quoniam</strong></span> <span class='ocrx_word' id='word_1_251' title='bbox 3692 1910 3748 1967; x_wconf 80' lang='lat' dir='ltr'><strong>si</strong></span> 
     </span>
    </p>
   </div>
   <div class='ocr_carea' id='block_1_17' title="bbox 411 1992 3741 2071">
    <p class='ocr_par' dir='ltr' id='par_1_17' title="bbox 411 1992 3741 2071">
     <span class='ocr_line' id='line_1_17' title="bbox 411 1992 3741 2071; baseline 0 -13"><span class='ocrx_word' id='word_1_252' title='bbox 411 1999 909 2064; x_wconf 75' lang='lat' dir='ltr'><strong>circuutcidamini,</strong></span> <span class='ocrx_word' id='word_1_253' title='bbox 933 1997 1183 2052; x_wconf 85' lang='lat' dir='ltr'><strong>Christus</strong></span> <span class='ocrx_word' id='word_1_254' title='bbox 1238 2011 1375 2048; x_wconf 88' lang='lat' dir='ltr'><strong>mors</strong></span> <span class='ocrx_word' id='word_1_255' title='bbox 1407 1992 1631 2060; x_wconf 75' lang='lat' dir='ltr'><strong>Clu-isti,</strong></span> <span class='ocrx_word' id='word_1_256' title='bbox 1662 1992 1817 2047; x_wconf 87' lang='lat' dir='ltr'><strong>vobis</strong></span> <span class='ocrx_word' id='word_1_257' title='bbox 1845 1992 1918 2045; x_wconf 92' lang='lat' dir='ltr'><strong>nil</strong></span> <span class='ocrx_word' id='word_1_258' title='bbox 1946 1993 2208 2063; x_wconf 88' lang='lat' dir='ltr'><strong>proderit,</strong></span> <span class='ocrx_word' id='word_1_259' title='bbox 2239 1995 2363 2063; x_wconf 82' lang='lat' dir='ltr'><strong>quin</strong></span> <span class='ocrx_word' id='word_1_260' title='bbox 2387 1994 2503 2049; x_wconf 85' lang='lat' dir='ltr'><strong>sitis</strong></span> <span class='ocrx_word' id='word_1_261' title='bbox 2521 1996 2674 2049; x_wconf 77' lang='lat' dir='ltr'><strong>servi.</strong></span> <span class='ocrx_word' id='word_1_262' title='bbox 2702 1994 2832 2065; x_wconf 88' lang='lat' dir='ltr'><strong>(alia</strong></span> <span class='ocrx_word' id='word_1_263' title='bbox 2853 1997 3163 2071; x_wconf 83' lang='lat' dir='ltr'><strong>dissuasio.)</strong></span> <span class='ocrx_word' id='word_1_264' title='bbox 3188 2000 3487 2058; x_wconf 84' lang='lat' dir='ltr'><strong>Testiﬁeor</strong></span> <span class='ocrx_word' id='word_1_265' title='bbox 3516 2013 3741 2059; x_wconf 77' lang='lat' dir='ltr'><strong>autem</strong></span> 
     </span>
    </p>
   </div>
   <div class='ocr_carea' id='block_1_18' title="bbox 1748 2150 2323 2210">
    <p class='ocr_par' dir='ltr' id='par_1_18' title="bbox 1748 2150 2323 2210">
     <span class='ocr_line' id='line_1_18' title="bbox 1748 2150 2323 2210; baseline 0.009 -5"><span class='ocrx_word' id='word_1_266' title='bbox 1748 2150 2323 2210; x_wconf 65' lang='lat' dir='ltr'><strong>COMMENTARIUS.</strong></span> 
     </span>
    </p>
   </div>
   <div class='ocr_carea' id='block_1_19' title="bbox 400 2312 3749 2393">
    <p class='ocr_par' dir='ltr' id='par_1_19' title="bbox 400 2312 3749 2393">
     <span class='ocr_line' id='line_1_19' title="bbox 400 2312 3749 2393; baseline 0.001 -16"><span class='ocrx_word' id='word_1_267' title='bbox 400 2324 603 2385; x_wconf 86' lang='lat' dir='ltr'><strong>dinem,</strong></span> <span class='ocrx_word' id='word_1_268' title='bbox 656 2321 779 2388; x_wconf 84' lang='lat' dir='ltr'><strong>quia</strong></span> <span class='ocrx_word' id='word_1_269' title='bbox 822 2317 1043 2388; x_wconf 77' lang='lat' dir='ltr'><strong>juvenis</strong></span> <span class='ocrx_word' id='word_1_270' title='bbox 1066 2317 1261 2376; x_wconf 82' lang='lat' dir='ltr'><strong>mulier</strong></span> <span class='ocrx_word' id='word_1_271' title='bbox 1299 2331 1371 2372; x_wconf 66' lang='lat' dir='ltr'><strong>ex</strong></span> <span class='ocrx_word' id='word_1_272' title='bbox 1417 2329 1545 2369; x_wconf 86' lang='lat' dir='ltr'><strong>sene</strong></span> <span class='ocrx_word' id='word_1_273' title='bbox 1600 2313 1816 2367; x_wconf 84' lang='lat' dir='ltr'><strong>lunnine</strong></span> <span class='ocrx_word' id='word_1_274' title='bbox 1843 2312 1979 2366; x_wconf 87' lang='lat' dir='ltr'><strong>solet</strong></span> <span class='ocrx_word' id='word_1_275' title='bbox 2009 2324 2057 2382; x_wconf 65' lang='grc' dir='ltr'><strong>Α</strong></span> <span class='ocrx_word' id='word_1_276' title='bbox 2087 2327 2261 2370; x_wconf 88' lang='lat' dir='ltr'><strong>mater</strong></span> <span class='ocrx_word' id='word_1_277' title='bbox 2284 2327 2471 2373; x_wconf 83' lang='lat' dir='ltr'><strong>nostra</strong></span> <span class='ocrx_word' id='word_1_278' title='bbox 2507 2322 2809 2377; x_wconf 87' lang='lat' dir='ltr'><strong>secundum</strong></span> <span class='ocrx_word' id='word_1_279' title='bbox 2868 2332 3103 2393; x_wconf 82' lang='lat' dir='ltr'><strong>partem,</strong></span> <span class='ocrx_word' id='word_1_280' title='bbox 3141 2322 3197 2379; x_wconf 89' lang='lat' dir='ltr'><strong>id</strong></span> <span class='ocrx_word' id='word_1_281' title='bbox 3222 2332 3330 2389; x_wconf 87' lang='lat' dir='ltr'><strong>est,</strong></span> <span class='ocrx_word' id='word_1_282' title='bbox 3392 2325 3749 2380; x_wconf 82' lang='lat' dir='ltr'><strong>secundum</strong></span> 
     </span>
    </p>
   </div>
   <div class='ocr_carea' id='block_1_20' title="bbox 400 2406 3725 2486">
    <p class='ocr_par' dir='ltr' id='par_1_20' title="bbox 400 2406 3725 2486">
     <span class='ocr_line' id='line_1_20' title="bbox 400 2406 3725 2486; baseline 0.001 -20"><span class='ocrx_word' id='word_1_283' title='bbox 400 2414 708 2483; x_wconf 81' lang='lat' dir='ltr'><strong>concipere.</strong></span> <span class='ocrx_word' id='word_1_284' title='bbox 2097 2406 2239 2461; x_wconf 87' lang='lat' dir='ltr'><strong>hanc</strong></span> <span class='ocrx_word' id='word_1_285' title='bbox 2267 2419 2596 2478; x_wconf 67' lang='lat' dir='ltr'><strong>praesentem</strong></span> <span class='ocrx_word' id='word_1_286' title='bbox 2642 2412 2938 2468; x_wconf 78' lang='lat' dir='ltr'><strong>Ecclesiam</strong></span> <span class='ocrx_word' id='word_1_287' title='bbox 2958 2453 2974 2480; x_wconf 92' lang='lat'><strong>,</strong></span> <span class='ocrx_word' id='word_1_288' title='bbox 3006 2428 3124 2484; x_wconf 69' lang='lat' dir='ltr'><strong>quze</strong></span> <span class='ocrx_word' id='word_1_289' title='bbox 3152 2423 3376 2486; x_wconf 71' lang='lat' dir='ltr'><strong>generat</strong></span> <span class='ocrx_word' id='word_1_290' title='bbox 3401 2416 3583 2470; x_wconf 87' lang='lat' dir='ltr'><strong>nobis</strong></span> <span class='ocrx_word' id='word_1_291' title='bbox 3614 2416 3725 2469; x_wconf 87' lang='lat' dir='ltr'><strong>Dei</strong></span> 
     </span>
    </p>
   </div>
   <div class='ocr_carea' id='block_1_21' title="bbox 470 2491 3751 2576">
    <p class='ocr_par' dir='ltr' id='par_1_21' title="bbox 470 2491 3751 2576">
     <span class='ocr_line' id='line_1_21' title="bbox 470 2491 3751 2576; baseline -0.001 -15"><span class='ocrx_word' id='word_1_292' title='bbox 470 2505 910 2576; x_wconf 72' lang='lat' dir='ltr'><strong>57.Aueusr.(iu</strong></span> <span class='ocrx_word' id='word_1_293' title='bbox 946 2497 1118 2571; x_wconf 84' lang='lat' dir='ltr'><strong>Epist.</strong></span> <span class='ocrx_word' id='word_1_294' title='bbox 1144 2491 1211 2556; x_wconf 82' lang='lat' dir='ltr'><strong>ad</strong></span> <span class='ocrx_word' id='word_1_295' title='bbox 1235 2498 1383 2572; x_wconf 77' lang='lat' dir='ltr'><strong>Gal.)</strong></span> <span class='ocrx_word' id='word_1_296' title='bbox 1408 2496 1584 2554; x_wconf 82' lang='lat' dir='ltr'><strong>Unum</strong></span> <span class='ocrx_word' id='word_1_297' title='bbox 1605 2498 1993 2570; x_wconf 80' lang='lat' dir='ltr'><strong>quidem.Agar</strong></span> <span class='ocrx_word' id='word_1_298' title='bbox 2096 2496 2256 2553; x_wconf 87' lang='lat' dir='ltr'><strong>lilios.</strong></span> <span class='ocrx_word' id='word_1_299' title='bbox 2279 2499 2347 2553; x_wconf 80' lang='lat' dir='ltr'><strong>Et</strong></span> <span class='ocrx_word' id='word_1_300' title='bbox 2373 2502 2707 2573; x_wconf 87' lang='lat' dir='ltr'><strong>probatquia</strong></span> <span class='ocrx_word' id='word_1_301' title='bbox 2732 2504 2898 2558; x_wconf 86' lang='lat' dir='ltr'><strong>libera</strong></span> <span class='ocrx_word' id='word_1_302' title='bbox 2912 2503 3410 2571; x_wconf 82' lang='lat' dir='ltr'><strong>est,namla:tatur;</strong></span> <span class='ocrx_word' id='word_1_303' title='bbox 3427 2505 3751 2575; x_wconf 74' lang='lat' dir='ltr'><strong>(eﬂ&#39;ectus)</strong></span> 
     </span>
    </p>
   </div>
   <div class='ocr_carea' id='block_1_22' title="bbox 398 2588 3739 2669">
    <p class='ocr_par' dir='ltr' id='par_1_22' title="bbox 398 2588 3739 2669">
     <span class='ocr_line' id='line_1_22' title="bbox 398 2588 3739 2669; baseline 0.001 -20"><span class='ocrx_word' id='word_1_304' title='bbox 398 2597 655 2668; x_wconf 83' lang='lat' dir='ltr'><strong>populum</strong></span> <span class='ocrx_word' id='word_1_305' title='bbox 679 2594 891 2651; x_wconf 85' lang='lat' dir='ltr'><strong>Veteris</strong></span> <span class='ocrx_word' id='word_1_306' title='bbox 922 2591 1256 2648; x_wconf 86' lang='lat' dir='ltr'><strong>Testamenti</strong></span> <span class='ocrx_word' id='word_1_307' title='bbox 1278 2599 1499 2662; x_wconf 88' lang='lat' dir='ltr'><strong>propter</strong></span> <span class='ocrx_word' id='word_1_308' title='bbox 1514 2588 1704 2661; x_wconf 78' lang='lat' dir='ltr'><strong>jugum</strong></span> <span class='ocrx_word' id='word_1_309' title='bbox 1730 2589 1990 2643; x_wconf 88' lang='lat' dir='ltr'><strong>observa-</strong></span> <span class='ocrx_word' id='word_1_310' title='bbox 2094 2590 2290 2657; x_wconf 87' lang='lat' dir='ltr'><strong>probat</strong></span> <span class='ocrx_word' id='word_1_311' title='bbox 2312 2594 2439 2661; x_wconf 85' lang='lat' dir='ltr'><strong>quia</strong></span> <span class='ocrx_word' id='word_1_312' title='bbox 2470 2604 2643 2650; x_wconf 88' lang='lat' dir='ltr'><strong>mater</strong></span> <span class='ocrx_word' id='word_1_313' title='bbox 2664 2604 2767 2661; x_wconf 89' lang='lat' dir='ltr'><strong>est,</strong></span> <span class='ocrx_word' id='word_1_314' title='bbox 2799 2612 2922 2651; x_wconf 87' lang='lat' dir='ltr'><strong>nam</strong></span> <span class='ocrx_word' id='word_1_315' title='bbox 2950 2598 3092 2666; x_wconf 84' lang='lat' dir='ltr'><strong>parit</strong></span> <span class='ocrx_word' id='word_1_316' title='bbox 3131 2598 3627 2669; x_wconf 69' lang='lat' dir='ltr'><strong>ﬁbos:Scriptum</strong></span> <span class='ocrx_word' id='word_1_317' title='bbox 3654 2612 3739 2654; x_wconf 83' lang='lat' dir='ltr'><strong>est</strong></span> 
     </span>
    </p>
   </div>
   <div class='ocr_carea' id='block_1_23' title="bbox 401 2679 2385 2752">
    <p class='ocr_par' dir='ltr' id='par_1_23' title="bbox 401 2679 2385 2752">
     <span class='ocr_line' id='line_1_23' title="bbox 401 2679 2385 2752; baseline -0.006 -9"><span class='ocrx_word' id='word_1_318' title='bbox 401 2692 628 2751; x_wconf 85' lang='lat' dir='ltr'><strong>tionmn,</strong></span> <span class='ocrx_word' id='word_1_319' title='bbox 672 2687 823 2741; x_wconf 88' lang='lat' dir='ltr'><strong>Isaae</strong></span> <span class='ocrx_word' id='word_1_320' title='bbox 875 2694 1037 2740; x_wconf 85' lang='lat' dir='ltr'><strong>natus</strong></span> <span class='ocrx_word' id='word_1_321' title='bbox 1063 2683 1325 2739; x_wconf 88' lang='lat' dir='ltr'><strong>delibera</strong></span> <span class='ocrx_word' id='word_1_322' title='bbox 1369 2697 1467 2752; x_wconf 86' lang='lat' dir='ltr'><strong>per</strong></span> <span class='ocrx_word' id='word_1_323' title='bbox 1515 2679 1991 2751; x_wconf 83' lang='lat' dir='ltr'><strong>repromissionem</strong></span> <span class='ocrx_word' id='word_1_324' title='bbox 2094 2680 2385 2745; x_wconf 85' lang='lat' dir='ltr'><strong>euim,clc.</strong></span> 
     </span>
    </p>
   </div>
   <div class='ocr_carea' id='block_1_24' title="bbox 399 2772 3745 2855">
    <p class='ocr_par' dir='ltr' id='par_1_24' title="bbox 399 2772 3745 2855">
     <span class='ocr_line' id='line_1_24' title="bbox 399 2772 3745 2855; baseline -0.001 -19"><span class='ocrx_word' id='word_1_325' title='bbox 399 2783 654 2855; x_wconf 86' lang='lat' dir='ltr'><strong>populum</strong></span> <span class='ocrx_word' id='word_1_326' title='bbox 686 2779 818 2834; x_wconf 81' lang='lat' dir='ltr'><strong>Novi</strong></span> <span class='ocrx_word' id='word_1_327' title='bbox 846 2776 1177 2854; x_wconf 72' lang='lat' dir='ltr'><strong>&#39;l&#39;estamenti</strong></span> <span class='ocrx_word' id='word_1_328' title='bbox 1210 2775 1502 2846; x_wconf 77' lang='lat' dir='ltr'><strong>signiﬁcat.</strong></span> <span class='ocrx_word' id='word_1_329' title='bbox 1526 2773 1789 2829; x_wconf 86' lang='lat' dir='ltr'><strong>Senectus</strong></span> <span class='ocrx_word' id='word_1_330' title='bbox 1811 2781 1993 2826; x_wconf 87' lang='lat' dir='ltr'><strong>autem</strong></span> <span class='ocrx_word' id='word_1_331' title='bbox 2165 2772 2255 2826; x_wconf 74' lang='grc'><strong>45.</strong></span> <span class='ocrx_word' id='word_1_332' title='bbox 2281 2772 2469 2829; x_wconf 87' lang='lat' dir='ltr'><strong>Libera</strong></span> <span class='ocrx_word' id='word_1_333' title='bbox 2505 2787 2602 2831; x_wconf 89' lang='lat' dir='ltr'><strong>est.</strong></span> <span class='ocrx_word' id='word_1_334' title='bbox 2631 2777 2826 2833; x_wconf 87' lang='lat' dir='ltr'><strong>Libera</strong></span> <span class='ocrx_word' id='word_1_335' title='bbox 2850 2787 2934 2834; x_wconf 91' lang='lat' dir='ltr'><strong>cst</strong></span> <span class='ocrx_word' id='word_1_336' title='bbox 2956 2780 3079 2848; x_wconf 86' lang='lat' dir='ltr'><strong>quia</strong></span> <span class='ocrx_word' id='word_1_337' title='bbox 3112 2776 3298 2834; x_wconf 64' lang='lat' dir='ltr'><strong>liberm</strong></span> <span class='ocrx_word' id='word_1_338' title='bbox 3330 2780 3493 2849; x_wconf 67' lang='lat' dir='ltr'><strong>ﬁlim,</strong></span> <span class='ocrx_word' id='word_1_339' title='bbox 3519 2781 3580 2835; x_wconf 92' lang='lat' dir='ltr'><strong>id</strong></span> <span class='ocrx_word' id='word_1_340' title='bbox 3615 2791 3745 2845; x_wconf 74' lang='lat' dir='ltr'><strong>est,</strong></span> 
     </span>
    </p>
   </div>
   <div class='ocr_carea' id='block_1_25' title="bbox 400 2863 3738 2945">
    <p class='ocr_par' dir='ltr' id='par_1_25' title="bbox 400 2863 3738 2945">
     <span class='ocr_line' id='line_1_25' title="bbox 400 2863 3738 2945; baseline -0.002 -16"><span class='ocrx_word' id='word_1_341' title='bbox 400 2884 685 2945; x_wconf 81' lang='lat' dir='ltr'><strong>parentum</strong></span> <span class='ocrx_word' id='word_1_342' title='bbox 714 2872 865 2925; x_wconf 87' lang='lat' dir='ltr'><strong>Isaac</strong></span> <span class='ocrx_word' id='word_1_343' title='bbox 894 2868 959 2922; x_wconf 88' lang='lat' dir='ltr'><strong>ad</strong></span> <span class='ocrx_word' id='word_1_344' title='bbox 989 2865 1655 2937; x_wconf 81' lang='lat' dir='ltr'><strong>eademsigniﬁcationem</strong></span> <span class='ocrx_word' id='word_1_345' title='bbox 1682 2863 1990 2931; x_wconf 79' lang='lat' dir='ltr'><strong>valet,quo~</strong></span> <span class='ocrx_word' id='word_1_346' title='bbox 2095 2865 2283 2936; x_wconf 67' lang='lat' dir='ltr'><strong>gratia:</strong></span> <span class='ocrx_word' id='word_1_347' title='bbox 2338 2865 2470 2921; x_wconf 78' lang='lat' dir='ltr'><strong>Novi</strong></span> <span class='ocrx_word' id='word_1_348' title='bbox 2518 2867 2878 2935; x_wconf 87' lang='lat' dir='ltr'><strong>Testamenti,</strong></span> <span class='ocrx_word' id='word_1_349' title='bbox 2926 2879 2983 2926; x_wconf 93' lang='lat' dir='ltr'><strong>ct</strong></span> <span class='ocrx_word' id='word_1_350' title='bbox 3035 2871 3439 2940; x_wconf 69' lang='lat' dir='ltr'><strong>praediCaIEonis</strong></span> <span class='ocrx_word' id='word_1_351' title='bbox 3475 2872 3738 2939; x_wconf 84' lang='lat' dir='ltr'><strong>Christi,</strong></span> 
     </span>
    </p>
   </div>
   <div class='ocr_carea' id='block_1_26' title="bbox 400 2959 3743 3037">
    <p class='ocr_par' dir='ltr' id='par_1_26' title="bbox 400 2959 3743 3037">
     <span class='ocr_line' id='line_1_26' title="bbox 400 2959 3743 3037; baseline -0.002 -13"><span class='ocrx_word' id='word_1_352' title='bbox 400 2970 546 3024; x_wconf 90' lang='lat' dir='ltr'><strong>uiam</strong></span> <span class='ocrx_word' id='word_1_353' title='bbox 580 2966 809 3037; x_wconf 87' lang='lat' dir='ltr'><strong>populus</strong></span> <span class='ocrx_word' id='word_1_354' title='bbox 859 2964 993 3018; x_wconf 83' lang='lat' dir='ltr'><strong>Novi</strong></span> <span class='ocrx_word' id='word_1_355' title='bbox 1019 2960 1652 3029; x_wconf 87' lang='lat' dir='ltr'><strong>Testamenti,quamvis</strong></span> <span class='ocrx_word' id='word_1_356' title='bbox 1678 2959 1749 3012; x_wconf 89' lang='lat' dir='ltr'><strong>sit</strong></span> <span class='ocrx_word' id='word_1_357' title='bbox 1795 2973 1989 3022; x_wconf 84' lang='lat' dir='ltr'><strong>novus,</strong></span> <span class='ocrx_word' id='word_1_358' title='bbox 2095 2973 2215 3027; x_wconf 77' lang='lat' dir='ltr'><strong>qua:</strong></span> <span class='ocrx_word' id='word_1_359' title='bbox 2235 2965 2322 3012; x_wconf 92' lang='lat' dir='ltr'><strong>est</strong></span> <span class='ocrx_word' id='word_1_360' title='bbox 2351 2966 2526 3012; x_wconf 81' lang='lat' dir='ltr'><strong>inater</strong></span> <span class='ocrx_word' id='word_1_361' title='bbox 2555 2967 2765 3025; x_wconf 87' lang='lat' dir='ltr'><strong>nostra,</strong></span> <span class='ocrx_word' id='word_1_362' title='bbox 2800 2960 2927 3030; x_wconf 88' lang='lat' dir='ltr'><strong>quia</strong></span> <span class='ocrx_word' id='word_1_363' title='bbox 2968 2962 3358 3031; x_wconf 72' lang='lat' dir='ltr'><strong>prmdicatores</strong></span> <span class='ocrx_word' id='word_1_364' title='bbox 3407 2963 3492 3017; x_wconf 87' lang='lat' dir='ltr'><strong>ibi</strong></span> <span class='ocrx_word' id='word_1_365' title='bbox 3560 2974 3743 3028; x_wconf 77' lang='lat' dir='ltr'><strong>sunt,</strong></span> 
     </span>
    </p>
   </div>
   <div class='ocr_carea' id='block_1_27' title="bbox 401 3048 3162 3131">
    <p class='ocr_par' dir='ltr' id='par_1_27' title="bbox 401 3048 3162 3131">
     <span class='ocr_line' id='line_1_27' title="bbox 401 3048 3162 3131; baseline -0.003 -18"><span class='ocrx_word' id='word_1_366' title='bbox 401 3058 813 3131; x_wconf 71' lang='lat' dir='ltr'><strong>praalestinatio</strong></span> <span class='ocrx_word' id='word_1_367' title='bbox 838 3066 1017 3111; x_wconf 88' lang='lat' dir='ltr'><strong>tamen</strong></span> <span class='ocrx_word' id='word_1_368' title='bbox 1045 3056 1163 3126; x_wconf 80' lang='lat' dir='ltr'><strong>ejus</strong></span> <span class='ocrx_word' id='word_1_369' title='bbox 1187 3054 1327 3125; x_wconf 88' lang='lat' dir='ltr'><strong>apud</strong></span> <span class='ocrx_word' id='word_1_370' title='bbox 1361 3055 1550 3118; x_wconf 88' lang='lat' dir='ltr'><strong>Deum,</strong></span> <span class='ocrx_word' id='word_1_371' title='bbox 1581 3062 1637 3107; x_wconf 92' lang='lat' dir='ltr'><strong>ct</strong></span> <span class='ocrx_word' id='word_1_372' title='bbox 1678 3052 1792 3122; x_wconf 88' lang='lat' dir='ltr'><strong>ipsa</strong></span> <span class='ocrx_word' id='word_1_373' title='bbox 1842 3050 1993 3107; x_wconf 83' lang='lat' dir='ltr'><strong>Jeru-</strong></span> <span class='ocrx_word' id='word_1_374' title='bbox 2095 3049 2185 3118; x_wconf 89' lang='lat' dir='ltr'><strong>qui</strong></span> <span class='ocrx_word' id='word_1_375' title='bbox 2213 3063 2314 3102; x_wconf 89' lang='lat' dir='ltr'><strong>nos</strong></span> <span class='ocrx_word' id='word_1_376' title='bbox 2333 3064 2431 3118; x_wconf 89' lang='lat' dir='ltr'><strong>per</strong></span> <span class='ocrx_word' id='word_1_377' title='bbox 2459 3048 2807 3119; x_wconf 82' lang='lat' dir='ltr'><strong>Erangelium</strong></span> <span class='ocrx_word' id='word_1_378' title='bbox 2838 3058 3162 3120; x_wconf 82' lang='lat' dir='ltr'><strong>genuerunt.</strong></span> 
     </span>
    </p>
   </div>
   <div class='ocr_carea' id='block_1_28' title="bbox 398 3140 3743 3218">
    <p class='ocr_par' dir='ltr' id='par_1_28' title="bbox 398 3140 3743 3218">
     <span class='ocr_line' id='line_1_28' title="bbox 398 3140 3743 3218; baseline -0.002 -11"><span class='ocrx_word' id='word_1_379' title='bbox 398 3153 565 3208; x_wconf 76' lang='lat' dir='ltr'><strong>salem</strong></span> <span class='ocrx_word' id='word_1_380' title='bbox 596 3148 833 3206; x_wconf 68' lang='lat' dir='ltr'><strong>cielestis</strong></span> <span class='ocrx_word' id='word_1_381' title='bbox 855 3149 1080 3218; x_wconf 86' lang='lat' dir='ltr'><strong>antiqua</strong></span> <span class='ocrx_word' id='word_1_382' title='bbox 1111 3156 1215 3203; x_wconf 88' lang='lat' dir='ltr'><strong>est.</strong></span> <span class='ocrx_word' id='word_1_383' title='bbox 2164 3140 2263 3197; x_wconf 68' lang='lat'><strong>44.</strong></span> <span class='ocrx_word' id='word_1_384' title='bbox 2296 3141 2563 3211; x_wconf 83' lang='lat' dir='ltr'><strong>Scriptum</strong></span> <span class='ocrx_word' id='word_1_385' title='bbox 2591 3152 2665 3195; x_wconf 82' lang='lat' dir='ltr'><strong>est</strong></span> <span class='ocrx_word' id='word_1_386' title='bbox 2714 3143 2875 3196; x_wconf 84' lang='lat' dir='ltr'><strong>cnim.</strong></span> <span class='ocrx_word' id='word_1_387' title='bbox 2929 3142 3043 3199; x_wconf 88' lang='lat' dir='ltr'><strong>lloc</strong></span> <span class='ocrx_word' id='word_1_388' title='bbox 3088 3143 3280 3214; x_wconf 88' lang='lat' dir='ltr'><strong>probat</strong></span> <span class='ocrx_word' id='word_1_389' title='bbox 3311 3145 3440 3213; x_wconf 88' lang='lat' dir='ltr'><strong>quia</strong></span> <span class='ocrx_word' id='word_1_390' title='bbox 3486 3144 3686 3199; x_wconf 82' lang='lat' dir='ltr'><strong>libera</strong></span> <span class='ocrx_word' id='word_1_391' title='bbox 3718 3163 3743 3212; x_wconf 69' lang='grc' dir='ltr'>ς</span> 
     </span>
    </p>
   </div>
   <div class='ocr_carea' id='block_1_29' title="bbox 471 3232 3655 3309">
    <p class='ocr_par' dir='ltr' id='par_1_29' title="bbox 471 3232 3655 3309">
     <span class='ocr_line' id='line_1_29' title="bbox 471 3232 3655 3309; baseline -0.003 -12"><span class='ocrx_word' id='word_1_392' title='bbox 471 3243 561 3299; x_wconf 76' lang='grc'><strong>58.</strong></span> <span class='ocrx_word' id='word_1_393' title='bbox 600 3243 845 3295; x_wconf 73' lang='lat' dir='ltr'><strong>Asianos.</strong></span> <span class='ocrx_word' id='word_1_394' title='bbox 882 3238 1013 3305; x_wconf 75' lang='lat' dir='ltr'><strong>Qua:</strong></span> <span class='ocrx_word' id='word_1_395' title='bbox 1036 3247 1110 3292; x_wconf 90' lang='lat' dir='ltr'><strong>est</strong></span> <span class='ocrx_word' id='word_1_396' title='bbox 1156 3238 1316 3309; x_wconf 78' lang='lat' dir='ltr'><strong>Agar.</strong></span> <span class='ocrx_word' id='word_1_397' title='bbox 1358 3238 1503 3306; x_wconf 82' lang='lat' dir='ltr'><strong>Agar</strong></span> <span class='ocrx_word' id='word_1_398' title='bbox 1528 3235 1745 3300; x_wconf 81' lang='lat' dir='ltr'><strong>aneilla,</strong></span> <span class='ocrx_word' id='word_1_399' title='bbox 1775 3235 1991 3305; x_wconf 87' lang='lat' dir='ltr'><strong>pariens</strong></span> <span class='ocrx_word' id='word_1_400' title='bbox 2094 3232 2387 3287; x_wconf 83' lang='lat' dir='ltr'><strong>liberorum</strong></span> <span class='ocrx_word' id='word_1_401' title='bbox 2416 3232 2561 3286; x_wconf 90' lang='lat' dir='ltr'><strong>enim</strong></span> <span class='ocrx_word' id='word_1_402' title='bbox 2592 3242 2674 3287; x_wconf 88' lang='lat' dir='ltr'><strong>est</strong></span> <span class='ocrx_word' id='word_1_403' title='bbox 2704 3232 2894 3297; x_wconf 69' lang='grc' dir='ltr'>Ιιιξιεινί,</span> <span class='ocrx_word' id='word_1_404' title='bbox 2927 3250 3211 3289; x_wconf 89' lang='lat' dir='ltr'><strong>servorum</strong></span> <span class='ocrx_word' id='word_1_405' title='bbox 3240 3250 3370 3289; x_wconf 84' lang='lat' dir='ltr'><strong>vero</strong></span> <span class='ocrx_word' id='word_1_406' title='bbox 3404 3234 3655 3291; x_wconf 87' lang='lat' dir='ltr'><strong>timere.</strong></span> 
     </span>
    </p>
   </div>
   <div class='ocr_carea' id='block_1_30' title="bbox 403 3321 1968 3398">
    <p class='ocr_par' dir='ltr' id='par_1_30' title="bbox 403 3327 1968 3398">
     <span class='ocr_line' id='line_1_30' title="bbox 403 3327 1968 3398; baseline -0.005 -9"><span class='ocrx_word' id='word_1_407' title='bbox 403 3333 705 3391; x_wconf 83' lang='lat' dir='ltr'><strong>secundum</strong></span> <span class='ocrx_word' id='word_1_408' title='bbox 730 3346 885 3386; x_wconf 89' lang='lat' dir='ltr'><strong>usum</strong></span> <span class='ocrx_word' id='word_1_409' title='bbox 928 3339 1159 3393; x_wconf 58' lang='lat' dir='ltr'><strong>natura},</strong></span> <span class='ocrx_word' id='word_1_410' title='bbox 1190 3328 1465 3398; x_wconf 80' lang='lat' dir='ltr'><strong>signiﬁcat</strong></span> <span class='ocrx_word' id='word_1_411' title='bbox 1491 3327 1685 3398; x_wconf 79' lang='lat' dir='ltr'><strong>legem,</strong></span> <span class='ocrx_word' id='word_1_412' title='bbox 1714 3342 1877 3397; x_wconf 90' lang='lat' dir='ltr'><strong>quam</strong></span> <span class='ocrx_word' id='word_1_413' title='bbox 1908 3334 1968 3381; x_wconf 89' lang='lat' dir='ltr'><strong>te-</strong></span> 
     </span>
    </p>
   </div>
   <div class='ocr_carea' id='block_1_31' title="bbox 2172 3321 3737 3398">
    <p class='ocr_par' dir='ltr' id='par_1_31' title="bbox 2172 3321 3737 3394">
     <span class='ocr_line' id='line_1_31' title="bbox 2172 3321 3737 3394; baseline 0.003 -19"><span class='ocrx_word' id='word_1_414' title='bbox 2172 3321 2257 3375; x_wconf 71' lang='lat'><strong>45.</strong></span> <span class='ocrx_word' id='word_1_415' title='bbox 2290 3322 2532 3378; x_wconf 78' lang='lat' dir='ltr'><strong>Aueusr.</strong></span> <span class='ocrx_word' id='word_1_416' title='bbox 2563 3322 2739 3394; x_wconf 82' lang='lat' dir='ltr'><strong>(ibid.)</strong></span> <span class='ocrx_word' id='word_1_417' title='bbox 2773 3323 2998 3388; x_wconf 69' lang='lat' dir='ltr'><strong>Lmurc,</strong></span> <span class='ocrx_word' id='word_1_418' title='bbox 3036 3326 3250 3380; x_wconf 84' lang='lat' dir='ltr'><strong>sterilis.</strong></span> <span class='ocrx_word' id='word_1_419' title='bbox 3277 3324 3595 3381; x_wconf 80' lang='lat' dir='ltr'><strong>C(elestcm</strong></span> <span class='ocrx_word' id='word_1_420' title='bbox 3632 3325 3737 3380; x_wconf 87' lang='lat' dir='ltr'><strong>Je-</strong></span> 
     </span>
    </p>
   </div>
   <div class='ocr_carea' id='block_1_32' title="bbox 401 3410 3738 3492">
    <p class='ocr_par' dir='ltr' id='par_1_32' title="bbox 401 3410 3738 3492">
     <span class='ocr_line' id='line_1_32' title="bbox 401 3410 3738 3492; baseline -0 -12"><span class='ocrx_word' id='word_1_421' title='bbox 401 3443 531 3480; x_wconf 83' lang='lat' dir='ltr'><strong>uere</strong></span> <span class='ocrx_word' id='word_1_422' title='bbox 555 3425 756 3478; x_wconf 85' lang='lat' dir='ltr'><strong>habent</strong></span> <span class='ocrx_word' id='word_1_423' title='bbox 778 3422 866 3492; x_wconf 75' lang='grc' dir='ltr'>,ιιιι</span> <span class='ocrx_word' id='word_1_424' title='bbox 900 3421 953 3475; x_wconf 91' lang='lat' dir='ltr'><strong>in</strong></span> <span class='ocrx_word' id='word_1_425' title='bbox 980 3420 1081 3474; x_wconf 89' lang='lat' dir='ltr'><strong>bac</strong></span> <span class='ocrx_word' id='word_1_426' title='bbox 1112 3420 1221 3473; x_wconf 83' lang='lat' dir='ltr'><strong>vita</strong></span> <span class='ocrx_word' id='word_1_427' title='bbox 1255 3426 1552 3473; x_wconf 86' lang='lat' dir='ltr'><strong>nascuntur</strong></span> <span class='ocrx_word' id='word_1_428' title='bbox 1576 3418 1872 3472; x_wconf 88' lang='lat' dir='ltr'><strong>secundum</strong></span> <span class='ocrx_word' id='word_1_429' title='bbox 1899 3430 1988 3473; x_wconf 79' lang='lat' dir='ltr'><strong>se-</strong></span> <span class='ocrx_word' id='word_1_430' title='bbox 2095 3410 2328 3465; x_wconf 82' lang='lat' dir='ltr'><strong>rusalem</strong></span> <span class='ocrx_word' id='word_1_431' title='bbox 2373 3411 2619 3466; x_wconf 80' lang='lat' dir='ltr'><strong>sterilem</strong></span> <span class='ocrx_word' id='word_1_432' title='bbox 2656 3422 2815 3467; x_wconf 76' lang='lat' dir='ltr'><strong>vocat</strong></span> <span class='ocrx_word' id='word_1_433' title='bbox 2855 3412 3160 3482; x_wconf 78' lang='lat' dir='ltr'><strong>Scriptura.</strong></span> <span class='ocrx_word' id='word_1_434' title='bbox 3190 3415 3431 3484; x_wconf 82' lang='lat' dir='ltr'><strong>quandiu</strong></span> <span class='ocrx_word' id='word_1_435' title='bbox 3471 3414 3638 3469; x_wconf 80' lang='lat' dir='ltr'><strong>tilios</strong></span> <span class='ocrx_word' id='word_1_436' title='bbox 3674 3414 3738 3471; x_wconf 85' lang='lat' dir='ltr'><strong>in</strong></span> 
     </span>
    </p>
   </div>
   <div class='ocr_carea' id='block_1_33' title="bbox 400 3503 3740 3585">
    <p class='ocr_par' dir='ltr' id='par_1_33' title="bbox 400 3503 3740 3585">
     <span class='ocr_line' id='line_1_33' title="bbox 400 3503 3740 3585; baseline -0.001 -16"><span class='ocrx_word' id='word_1_437' title='bbox 400 3516 683 3585; x_wconf 81' lang='lat' dir='ltr'><strong>quentiam</strong></span> <span class='ocrx_word' id='word_1_438' title='bbox 716 3522 946 3576; x_wconf 68' lang='lat' dir='ltr'><strong>naturm,</strong></span> <span class='ocrx_word' id='word_1_439' title='bbox 970 3511 1061 3580; x_wconf 90' lang='lat' dir='ltr'><strong>qui</strong></span> <span class='ocrx_word' id='word_1_440' title='bbox 1085 3509 1250 3565; x_wconf 87' lang='lat' dir='ltr'><strong>etiam</strong></span> <span class='ocrx_word' id='word_1_441' title='bbox 1278 3510 1377 3566; x_wconf 91' lang='lat' dir='ltr'><strong>sub</strong></span> <span class='ocrx_word' id='word_1_442' title='bbox 1407 3508 1524 3580; x_wconf 78' lang='lat' dir='ltr'><strong>lege</strong></span> <span class='ocrx_word' id='word_1_443' title='bbox 1544 3509 1904 3564; x_wconf 88' lang='lat' dir='ltr'><strong>versabantur</strong></span> <span class='ocrx_word' id='word_1_444' title='bbox 1930 3507 1985 3562; x_wconf 94' lang='lat' dir='ltr'><strong>in</strong></span> <span class='ocrx_word' id='word_1_445' title='bbox 2096 3510 2239 3557; x_wconf 83' lang='lat' dir='ltr'><strong>terra</strong></span> <span class='ocrx_word' id='word_1_446' title='bbox 2270 3517 2376 3557; x_wconf 91' lang='lat' dir='ltr'><strong>non</strong></span> <span class='ocrx_word' id='word_1_447' title='bbox 2399 3503 2609 3573; x_wconf 81' lang='lat' dir='ltr'><strong>genuit,</strong></span> <span class='ocrx_word' id='word_1_448' title='bbox 2642 3520 2762 3575; x_wconf 76' lang='lat' dir='ltr'><strong>qua:</strong></span> <span class='ocrx_word' id='word_1_449' title='bbox 2786 3505 3002 3559; x_wconf 88' lang='lat' dir='ltr'><strong>deserta</strong></span> <span class='ocrx_word' id='word_1_450' title='bbox 3052 3505 3217 3560; x_wconf 89' lang='lat' dir='ltr'><strong>etiam</strong></span> <span class='ocrx_word' id='word_1_451' title='bbox 3270 3508 3415 3561; x_wconf 87' lang='lat' dir='ltr'><strong>dicta</strong></span> <span class='ocrx_word' id='word_1_452' title='bbox 3453 3517 3577 3573; x_wconf 87' lang='lat' dir='ltr'><strong>est,</strong></span> <span class='ocrx_word' id='word_1_453' title='bbox 3611 3524 3740 3563; x_wconf 65' lang='lat' dir='ltr'><strong>cas-</strong></span> 
     </span>
    </p>
   </div>
   <div class='ocr_carea' id='block_1_34' title="bbox 399 3589 3739 3670">
    <p class='ocr_par' dir='ltr' id='par_1_34' title="bbox 399 3589 3739 3670">
     <span class='ocr_line' id='line_1_34' title="bbox 399 3589 3739 3670; baseline 0 -19"><span class='ocrx_word' id='word_1_454' title='bbox 399 3606 591 3659; x_wconf 67' lang='lat' dir='ltr'><strong>ordine</strong></span> <span class='ocrx_word' id='word_1_455' title='bbox 617 3618 934 3666; x_wconf 75' lang='lat' dir='ltr'><strong>servorum;</strong></span> <span class='ocrx_word' id='word_1_456' title='bbox 978 3600 1114 3655; x_wconf 87' lang='lat' dir='ltr'><strong>Sara</strong></span> <span class='ocrx_word' id='word_1_457' title='bbox 1138 3608 1338 3660; x_wconf 86' lang='lat' dir='ltr'><strong>autem,</strong></span> <span class='ocrx_word' id='word_1_458' title='bbox 1366 3614 1487 3669; x_wconf 80' lang='lat' dir='ltr'><strong>quae</strong></span> <span class='ocrx_word' id='word_1_459' title='bbox 1515 3614 1613 3669; x_wconf 89' lang='lat' dir='ltr'><strong>per</strong></span> <span class='ocrx_word' id='word_1_460' title='bbox 1642 3598 1870 3670; x_wconf 80' lang='lat' dir='ltr'><strong>gratiam</strong></span> <span class='ocrx_word' id='word_1_461' title='bbox 1898 3610 1991 3665; x_wconf 83' lang='lat' dir='ltr'><strong>pe-</strong></span> <span class='ocrx_word' id='word_1_462' title='bbox 2024 3663 2058 3670; x_wconf 75' lang='lat'><strong>__</strong></span> <span class='ocrx_word' id='word_1_463' title='bbox 2092 3590 2280 3645; x_wconf 87' lang='lat' dir='ltr'><strong>lestem</strong></span> <span class='ocrx_word' id='word_1_464' title='bbox 2320 3589 2589 3659; x_wconf 89' lang='lat' dir='ltr'><strong>justitiam</strong></span> <span class='ocrx_word' id='word_1_465' title='bbox 2650 3592 3025 3649; x_wconf 76' lang='lat' dir='ltr'><strong>deserentibus</strong></span> <span class='ocrx_word' id='word_1_466' title='bbox 3071 3593 3407 3662; x_wconf 84' lang='lat' dir='ltr'><strong>hominibus,</strong></span> <span class='ocrx_word' id='word_1_467' title='bbox 3482 3606 3739 3654; x_wconf 77' lang='lat' dir='ltr'><strong>terrena</strong></span> 
     </span>
    </p>
   </div>
   <div class='ocr_carea' id='block_1_35' title="bbox 405 3663 2444 3766">
    <p class='ocr_par' dir='ltr' id='par_1_35' title="bbox 405 3663 2444 3766">
     <span class='ocr_line' id='line_1_35' title="bbox 405 3663 2444 3766; baseline -0.008 -18"><span class='ocrx_word' id='word_1_468' title='bbox 405 3696 566 3766; x_wconf 80' lang='lat' dir='ltr'><strong>perit,</strong></span> <span class='ocrx_word' id='word_1_469' title='bbox 592 3694 712 3748; x_wconf 88' lang='lat' dir='ltr'><strong>illos</strong></span> <span class='ocrx_word' id='word_1_470' title='bbox 734 3692 825 3763; x_wconf 89' lang='lat' dir='ltr'><strong>qui</strong></span> <span class='ocrx_word' id='word_1_471' title='bbox 854 3693 906 3745; x_wconf 92' lang='lat' dir='ltr'><strong>in</strong></span> <span class='ocrx_word' id='word_1_472' title='bbox 936 3691 1157 3747; x_wconf 85' lang='lat' dir='ltr'><strong>Christo</strong></span> <span class='ocrx_word' id='word_1_473' title='bbox 1199 3690 1569 3746; x_wconf 78' lang='lat' dir='ltr'><strong>resurrexisse</strong></span> <span class='ocrx_word' id='word_1_474' title='bbox 1595 3690 1845 3745; x_wconf 87' lang='lat' dir='ltr'><strong>videntur</strong></span> <span class='ocrx_word' id='word_1_475' title='bbox 1895 3704 1991 3758; x_wconf 89' lang='lat' dir='ltr'><strong>per</strong></span> <span class='ocrx_word' id='word_1_476' title='bbox 2023 3663 2067 3723; x_wconf 72' lang='grc' dir='ltr'><strong>Β</strong></span> <span class='ocrx_word' id='word_1_477' title='bbox 2094 3682 2444 3736; x_wconf 86' lang='lat' dir='ltr'><strong>sectantibus.</strong></span> 
     </span>
    </p>
   </div>
   <div class='ocr_carea' id='block_1_36' title="bbox 411 3770 3744 3855">
    <p class='ocr_par' dir='ltr' id='par_1_36' title="bbox 411 3770 3744 3855">
     <span class='ocr_line' id='line_1_36' title="bbox 411 3770 3744 3855; baseline -0.001 -17"><span class='ocrx_word' id='word_1_478' title='bbox 411 3788 665 3855; x_wconf 63' lang='lat' dir='ltr'><strong>gratiam,</strong></span> <span class='ocrx_word' id='word_1_479' title='bbox 698 3785 790 3853; x_wconf 91' lang='lat' dir='ltr'><strong>qui</strong></span> <span class='ocrx_word' id='word_1_480' title='bbox 830 3785 995 3837; x_wconf 86' lang='lat' dir='ltr'><strong>etiam</strong></span> <span class='ocrx_word' id='word_1_481' title='bbox 1030 3791 1231 3852; x_wconf 58' lang='lat' dir='ltr'><strong>praeter</strong></span> <span class='ocrx_word' id='word_1_482' title='bbox 1266 3797 1415 3852; x_wconf 87' lang='lat' dir='ltr'><strong>spem</strong></span> <span class='ocrx_word' id='word_1_483' title='bbox 1459 3789 1667 3836; x_wconf 76' lang='lat' dir='ltr'><strong>natura:</strong></span> <span class='ocrx_word' id='word_1_484' title='bbox 1696 3780 1989 3835; x_wconf 79' lang='lat' dir='ltr'><strong>secundum</strong></span> <span class='ocrx_word' id='word_1_485' title='bbox 2162 3770 2253 3824; x_wconf 67' lang='grc'><strong>46.</strong></span> <span class='ocrx_word' id='word_1_486' title='bbox 2316 3771 2556 3826; x_wconf 66' lang='lat' dir='ltr'><strong>Annuus.</strong></span> <span class='ocrx_word' id='word_1_487' title='bbox 2619 3771 2779 3826; x_wconf 77' lang='lat' dir='ltr'><strong>Multi</strong></span> <span class='ocrx_word' id='word_1_488' title='bbox 2806 3773 2925 3842; x_wconf 81' lang='lat' dir='ltr'><strong>ﬁlii.</strong></span> <span class='ocrx_word' id='word_1_489' title='bbox 2994 3774 3105 3831; x_wconf 83' lang='lat' dir='ltr'><strong>Iloc</strong></span> <span class='ocrx_word' id='word_1_490' title='bbox 3152 3778 3218 3831; x_wconf 92' lang='lat' dir='ltr'><strong>de</strong></span> <span class='ocrx_word' id='word_1_491' title='bbox 3284 3778 3744 3836; x_wconf 77' lang='lat' dir='ltr'><strong>resurrectione</strong></span> 
     </span>
    </p>
   </div>
   <div class='ocr_carea' id='block_1_37' title="bbox 405 3860 3747 3947">
    <p class='ocr_par' dir='ltr' id='par_1_37' title="bbox 405 3860 3747 3947">
     <span class='ocr_line' id='line_1_37' title="bbox 405 3860 3747 3947; baseline 0.002 -28"><span class='ocrx_word' id='word_1_492' title='bbox 405 3886 728 3947; x_wconf 58' lang='grc' dir='ltr'><strong>ελςρεςιωη</strong></span> <span class='ocrx_word' id='word_1_493' title='bbox 764 3875 1129 3940; x_wconf 56' lang='lat' dir='ltr'><strong>nativitatem,</strong></span> <span class='ocrx_word' id='word_1_494' title='bbox 1170 3874 1367 3944; x_wconf 79' lang='lat' dir='ltr'><strong>quibus</strong></span> <span class='ocrx_word' id='word_1_495' title='bbox 1391 3872 1501 3943; x_wconf 75' lang='lat' dir='ltr'><strong>jam</strong></span> <span class='ocrx_word' id='word_1_496' title='bbox 1526 3874 1891 3939; x_wconf 57' lang='lat' dir='ltr'><strong>circumcisio,</strong></span> <span class='ocrx_word' id='word_1_497' title='bbox 1938 3880 1995 3927; x_wconf 74' lang='grc' dir='ltr'>οι</span> <span class='ocrx_word' id='word_1_498' title='bbox 2094 3860 2295 3915; x_wconf 87' lang='lat' dir='ltr'><strong>dictum</strong></span> <span class='ocrx_word' id='word_1_499' title='bbox 2334 3868 2440 3915; x_wconf 91' lang='lat' dir='ltr'><strong>est.</strong></span> <span class='ocrx_word' id='word_1_500' title='bbox 2466 3860 2575 3916; x_wconf 81' lang='grc' dir='ltr'><strong>Νοε</strong></span> <span class='ocrx_word' id='word_1_501' title='bbox 2597 3871 2681 3917; x_wconf 74' lang='grc'><strong>881.</strong></span> <span class='ocrx_word' id='word_1_502' title='bbox 2710 3863 2856 3917; x_wconf 82' lang='grc' dir='ltr'>ειιίιιι</span> <span class='ocrx_word' id='word_1_503' title='bbox 2890 3866 2979 3934; x_wconf 87' lang='lat' dir='ltr'><strong>qui</strong></span> <span class='ocrx_word' id='word_1_504' title='bbox 3031 3864 3500 3922; x_wconf 70' lang='lat' dir='ltr'><strong>resurrectionem</strong></span> <span class='ocrx_word' id='word_1_505' title='bbox 3559 3887 3747 3925; x_wconf 43' lang='lat'><strong>{1580‘</strong></span> 
     </span>
    </p>
   </div>
   <div class='ocr_carea' id='block_1_38' title="bbox 407 3948 1972 4034">
    <p class='ocr_par' dir='ltr' id='par_1_38' title="bbox 407 3964 1523 4034">
     <span class='ocr_line' id='line_1_38' title="bbox 407 3964 1523 4034; baseline -0.004 -13"><span class='ocrx_word' id='word_1_506' title='bbox 407 3965 609 4021; x_wconf 75' lang='lat' dir='ltr'><strong>oblatio</strong></span> <span class='ocrx_word' id='word_1_507' title='bbox 632 3964 1025 4020; x_wconf 83' lang='lat' dir='ltr'><strong>sacriﬁciorum</strong></span> <span class='ocrx_word' id='word_1_508' title='bbox 1055 3979 1390 4034; x_wconf 89' lang='lat' dir='ltr'><strong>supervacua</strong></span> <span class='ocrx_word' id='word_1_509' title='bbox 1421 3972 1523 4019; x_wconf 89' lang='lat' dir='ltr'><strong>est.</strong></span> 
     </span>
    </p>
   </div>
   <div class='ocr_carea' id='block_1_39' title="bbox 2175 3948 3740 4034">
    <p class='ocr_par' dir='ltr' id='par_1_39' title="bbox 2175 3948 3740 4033">
     <span class='ocr_line' id='line_1_39' title="bbox 2175 3948 3740 4033; baseline 0.01 -31"><span class='ocrx_word' id='word_1_510' title='bbox 2175 3948 2319 4015; x_wconf 73' lang='lat' dir='ltr'><strong>ti,ex</strong></span> <span class='ocrx_word' id='word_1_511' title='bbox 2343 3951 2492 4006; x_wconf 68' lang='lat' dir='ltr'><strong>oriiui</strong></span> <span class='ocrx_word' id='word_1_512' title='bbox 2523 3961 2683 4022; x_wconf 80' lang='lat' dir='ltr'><strong>gente</strong></span> <span class='ocrx_word' id='word_1_513' title='bbox 2720 3967 2929 4021; x_wconf 88' lang='lat' dir='ltr'><strong>sumus,</strong></span> <span class='ocrx_word' id='word_1_514' title='bbox 2983 3953 3058 4010; x_wconf 91' lang='lat' dir='ltr'><strong>illi</strong></span> <span class='ocrx_word' id='word_1_515' title='bbox 3111 3972 3239 4012; x_wconf 80' lang='lat' dir='ltr'><strong>vero</strong></span> <span class='ocrx_word' id='word_1_516' title='bbox 3282 3958 3374 4028; x_wconf 91' lang='lat' dir='ltr'><strong>qui</strong></span> <span class='ocrx_word' id='word_1_517' title='bbox 3426 3960 3544 4013; x_wconf 86' lang='lat' dir='ltr'><strong>sub</strong></span> <span class='ocrx_word' id='word_1_518' title='bbox 3598 3960 3740 4033; x_wconf 78' lang='lat' dir='ltr'><strong>lege</strong></span> 
     </span>
    </p>
   </div>
   <div class='ocr_carea' id='block_1_40' title="bbox 476 4048 2041 4127">
    <p class='ocr_par' dir='ltr' id='par_1_40' title="bbox 476 4055 1989 4127">
     <span class='ocr_line' id='line_1_40' title="bbox 476 4055 1989 4127; baseline 0.001 -18"><span class='ocrx_word' id='word_1_519' title='bbox 476 4057 565 4111; x_wconf 81' lang='lat'><strong>59.</strong></span> <span class='ocrx_word' id='word_1_520' title='bbox 606 4056 738 4111; x_wconf 82' lang='lat' dir='ltr'><strong>Sina</strong></span> <span class='ocrx_word' id='word_1_521' title='bbox 768 4058 907 4110; x_wconf 82' lang='lat' dir='ltr'><strong>enim</strong></span> <span class='ocrx_word' id='word_1_522' title='bbox 936 4072 1083 4110; x_wconf 83' lang='lat' dir='ltr'><strong>mons</strong></span> <span class='ocrx_word' id='word_1_523' title='bbox 1116 4065 1213 4112; x_wconf 86' lang='lat' dir='ltr'><strong>est.</strong></span> <span class='ocrx_word' id='word_1_524' title='bbox 1258 4056 1465 4110; x_wconf 77' lang='lat' dir='ltr'><strong>Arabia</strong></span> <span class='ocrx_word' id='word_1_525' title='bbox 1488 4055 1731 4124; x_wconf 86' lang='lat' dir='ltr'><strong>antiquis</strong></span> <span class='ocrx_word' id='word_1_526' title='bbox 1778 4064 1989 4127; x_wconf 86' lang='lat' dir='ltr'><strong>tempo-</strong></span> 
     </span>
    </p>
   </div>
   <div class='ocr_carea' id='block_1_41' title="bbox 1102 4048 2667 4127">
    <p class='ocr_par' dir='ltr' id='par_1_41' title="bbox 1116 4048 2667 4127">
     <span class='ocr_line' id='line_1_41' title="bbox 1116 4048 2667 4127; baseline -0.006 -16"><span class='ocrx_word' id='word_1_527' title='bbox 1116 4065 1213 4112; x_wconf 86' lang='lat' dir='ltr'><strong>est.</strong></span> <span class='ocrx_word' id='word_1_528' title='bbox 1258 4056 1465 4110; x_wconf 77' lang='lat' dir='ltr'><strong>Arabia</strong></span> <span class='ocrx_word' id='word_1_529' title='bbox 1488 4055 1731 4124; x_wconf 88' lang='lat' dir='ltr'><strong>antiquis</strong></span> <span class='ocrx_word' id='word_1_530' title='bbox 1778 4064 1989 4127; x_wconf 83' lang='lat' dir='ltr'><strong>tempo-</strong></span> <span class='ocrx_word' id='word_1_531' title='bbox 2093 4048 2239 4106; x_wconf 65' lang='grc' dir='ltr'><strong>δυηῑ,</strong></span> <span class='ocrx_word' id='word_1_532' title='bbox 2272 4058 2379 4097; x_wconf 72' lang='lat' dir='ltr'><strong>una</strong></span> <span class='ocrx_word' id='word_1_533' title='bbox 2406 4059 2538 4113; x_wconf 79' lang='lat' dir='ltr'><strong>getts</strong></span> <span class='ocrx_word' id='word_1_534' title='bbox 2565 4055 2667 4098; x_wconf 84' lang='lat' dir='ltr'><strong>ost.</strong></span> 
     </span>
    </p>
   </div>
   <div class='ocr_carea' id='block_1_42' title="bbox 406 4133 1971 4218">
    <p class='ocr_par' dir='ltr' id='par_1_42' title="bbox 406 4145 1971 4217">
     <span class='ocr_line' id='line_1_42' title="bbox 406 4145 1971 4217; baseline 0 -16"><span class='ocrx_word' id='word_1_535' title='bbox 406 4148 579 4211; x_wconf 81' lang='lat' dir='ltr'><strong>ribus,</strong></span> <span class='ocrx_word' id='word_1_536' title='bbox 598 4164 702 4201; x_wconf 91' lang='lat' dir='ltr'><strong>non</strong></span> <span class='ocrx_word' id='word_1_537' title='bbox 733 4146 821 4201; x_wconf 87' lang='lat' dir='ltr'><strong>illa</strong></span> <span class='ocrx_word' id='word_1_538' title='bbox 853 4163 972 4217; x_wconf 74' lang='lat' dir='ltr'><strong>qu:e</strong></span> <span class='ocrx_word' id='word_1_539' title='bbox 998 4161 1142 4201; x_wconf 90' lang='lat' dir='ltr'><strong>nunc</strong></span> <span class='ocrx_word' id='word_1_540' title='bbox 1198 4146 1531 4210; x_wconf 86' lang='lat' dir='ltr'><strong>nominatur,</strong></span> <span class='ocrx_word' id='word_1_541' title='bbox 1562 4145 1677 4200; x_wconf 83' lang='lat' dir='ltr'><strong>sola</strong></span> <span class='ocrx_word' id='word_1_542' title='bbox 1708 4155 1863 4212; x_wconf 85' lang='lat' dir='ltr'><strong>erat;</strong></span> <span class='ocrx_word' id='word_1_543' title='bbox 1897 4162 1971 4201; x_wconf 79' lang='lat' dir='ltr'><strong>set</strong></span> 
     </span>
    </p>
   </div>
   <div class='ocr_carea' id='block_1_43' title="bbox 2175 4133 3740 4218">
    <p class='ocr_par' dir='ltr' id='par_1_43' title="bbox 2175 4133 3740 4218">
     <span class='ocr_line' id='line_1_43' title="bbox 2175 4133 3740 4218; baseline 0.01 -33"><span class='ocrx_word' id='word_1_544' title='bbox 2175 4133 2252 4187; x_wconf 83' lang='grc' dir='ltr'><strong>Π.</strong></span> <span class='ocrx_word' id='word_1_545' title='bbox 2282 4134 2522 4190; x_wconf 71' lang='grc' dir='ltr'><strong>Αυειτετ.</strong></span> <span class='ocrx_word' id='word_1_546' title='bbox 2553 4137 2727 4208; x_wconf 86' lang='lat' dir='ltr'><strong>(ibid.)</strong></span> <span class='ocrx_word' id='word_1_547' title='bbox 2760 4137 2891 4203; x_wconf 80' lang='lat' dir='ltr'><strong>Qua:</strong></span> <span class='ocrx_word' id='word_1_548' title='bbox 2913 4139 3063 4193; x_wconf 80' lang='lat' dir='ltr'><strong>liabet</strong></span> <span class='ocrx_word' id='word_1_549' title='bbox 3105 4140 3297 4206; x_wconf 83' lang='lat' dir='ltr'><strong>virum,</strong></span> <span class='ocrx_word' id='word_1_550' title='bbox 3335 4141 3382 4196; x_wconf 69' lang='lat' dir='ltr'><strong>ii&#39;</strong></span> <span class='ocrx_word' id='word_1_551' title='bbox 3414 4156 3533 4210; x_wconf 88' lang='lat' dir='ltr'><strong>est,</strong></span> <span class='ocrx_word' id='word_1_552' title='bbox 3608 4158 3740 4218; x_wconf 42' lang='lat' dir='ltr'><strong>ter?</strong></span> 
     </span>
    </p>
   </div>
   <div class='ocr_carea' id='block_1_44' title="bbox 406 4224 3734 4307">
    <p class='ocr_par' dir='ltr' id='par_1_44' title="bbox 406 4224 3734 4307">
     <span class='ocr_line' id='line_1_44' title="bbox 406 4224 3734 4307; baseline 0.005 -30"><span class='ocrx_word' id='word_1_553' title='bbox 406 4247 457 4292; x_wconf 55' lang='grc' dir='ltr'>τι</span> <span class='ocrx_word' id='word_1_554' title='bbox 510 4238 747 4293; x_wconf 50' lang='lat' dir='ltr'><strong>solitudo</strong></span> <span class='ocrx_word' id='word_1_555' title='bbox 802 4248 857 4291; x_wconf 62' lang='grc' dir='ltr'><strong>ει</strong></span> <span class='ocrx_word' id='word_1_556' title='bbox 908 4252 1043 4307; x_wconf 61' lang='lat' dir='ltr'><strong>pars</strong></span> <span class='ocrx_word' id='word_1_557' title='bbox 1088 4252 1193 4291; x_wconf 79' lang='grc' dir='ltr'>ηοη</span> <span class='ocrx_word' id='word_1_558' title='bbox 1235 4236 1444 4290; x_wconf 73' lang='lat' dir='ltr'><strong>modica</strong></span> <span class='ocrx_word' id='word_1_559' title='bbox 1483 4234 1730 4307; x_wconf 53' lang='lat' dir='ltr'><strong>[Egypt],</strong></span> <span class='ocrx_word' id='word_1_560' title='bbox 1782 4237 1871 4290; x_wconf 74' lang='lat' dir='ltr'><strong>ubi</strong></span> <span class='ocrx_word' id='word_1_561' title='bbox 1907 4245 1992 4291; x_wconf 71' lang='grc' dir='ltr'><strong>εει</strong></span> <span class='ocrx_word' id='word_1_562' title='bbox 2094 4240 2222 4279; x_wconf 82' lang='lat' dir='ltr'><strong>rena</strong></span> <span class='ocrx_word' id='word_1_563' title='bbox 2251 4224 2546 4283; x_wconf 78' lang='lat' dir='ltr'><strong>Jerusalem</strong></span> <span class='ocrx_word' id='word_1_564' title='bbox 2572 4244 2691 4298; x_wconf 73' lang='lat' dir='ltr'><strong>qua:</strong></span> <span class='ocrx_word' id='word_1_565' title='bbox 2726 4230 2897 4302; x_wconf 77' lang='lat' dir='ltr'><strong>legem</strong></span> <span class='ocrx_word' id='word_1_566' title='bbox 2942 4243 3257 4303; x_wconf 87' lang='lat' dir='ltr'><strong>acceperat;</strong></span> <span class='ocrx_word' id='word_1_567' title='bbox 3327 4245 3382 4289; x_wconf 87' lang='lat' dir='ltr'><strong>et</strong></span> <span class='ocrx_word' id='word_1_568' title='bbox 3430 4236 3569 4293; x_wconf 82' lang='lat' dir='ltr'><strong>ideo</strong></span> <span class='ocrx_word' id='word_1_569' title='bbox 3600 4254 3734 4293; x_wconf 74' lang='lat' dir='ltr'><strong>ca:-</strong></span> 
     </span>
    </p>
   </div>
   <div class='ocr_carea' id='block_1_45' title="bbox 406 4314 3734 4399">
    <p class='ocr_par' dir='ltr' id='par_1_45' title="bbox 406 4314 3734 4399">
     <span class='ocr_line' id='line_1_45' title="bbox 406 4314 3734 4399; baseline 0.006 -32"><span class='ocrx_word' id='word_1_570' title='bbox 406 4348 560 4386; x_wconf 63' lang='lat' dir='ltr'><strong>mons</strong></span> <span class='ocrx_word' id='word_1_571' title='bbox 613 4330 767 4395; x_wconf 56' lang='lat' dir='ltr'><strong>Sina,</strong></span> <span class='ocrx_word' id='word_1_572' title='bbox 816 4330 875 4384; x_wconf 70' lang='lat' dir='ltr'><strong>in</strong></span> <span class='ocrx_word' id='word_1_573' title='bbox 922 4344 1030 4399; x_wconf 72' lang='lat' dir='ltr'><strong>quo</strong></span> <span class='ocrx_word' id='word_1_574' title='bbox 1083 4329 1207 4383; x_wconf 52' lang='lat' dir='ltr'><strong>dum</strong></span> <span class='ocrx_word' id='word_1_575' title='bbox 1237 4337 1325 4383; x_wconf 69' lang='grc' dir='ltr'><strong>εει</strong></span> <span class='ocrx_word' id='word_1_576' title='bbox 1362 4327 1469 4382; x_wconf 60' lang='lat' dir='ltr'><strong>lex,</strong></span> <span class='ocrx_word' id='word_1_577' title='bbox 1506 4327 1659 4384; x_wconf 70' lang='lat' dir='ltr'><strong>unde</strong></span> <span class='ocrx_word' id='word_1_578' title='bbox 1712 4337 1768 4383; x_wconf 68' lang='grc' dir='ltr'><strong>ει</strong></span> <span class='ocrx_word' id='word_1_579' title='bbox 1810 4327 1992 4383; x_wconf 52' lang='lat' dir='ltr'><strong>fuerat</strong></span> <span class='ocrx_word' id='word_1_580' title='bbox 2092 4314 2280 4370; x_wconf 77' lang='lat' dir='ltr'><strong>testem</strong></span> <span class='ocrx_word' id='word_1_581' title='bbox 2340 4317 2639 4375; x_wconf 87' lang='lat' dir='ltr'><strong>Jerusalem</strong></span> <span class='ocrx_word' id='word_1_582' title='bbox 2672 4322 2804 4376; x_wconf 88' lang='lat' dir='ltr'><strong>Sara</strong></span> <span class='ocrx_word' id='word_1_583' title='bbox 2837 4322 3128 4393; x_wconf 80' lang='lat' dir='ltr'><strong>signiﬁcat,</strong></span> <span class='ocrx_word' id='word_1_584' title='bbox 3168 4341 3289 4395; x_wconf 74' lang='lat' dir='ltr'><strong>qua:</strong></span> <span class='ocrx_word' id='word_1_585' title='bbox 3332 4327 3426 4382; x_wconf 89' lang='lat' dir='ltr'><strong>diu</strong></span> <span class='ocrx_word' id='word_1_586' title='bbox 3482 4331 3734 4389; x_wconf 81' lang='lat' dir='ltr'><strong>deserta</strong></span> 
     </span>
    </p>
   </div>
   <div class='ocr_carea' id='block_1_46' title="bbox 400 4411 3735 4492">
    <p class='ocr_par' dir='ltr' id='par_1_46' title="bbox 400 4411 3735 4492">
     <span class='ocr_line' id='line_1_46' title="bbox 400 4411 3735 4492; baseline 0.006 -32"><span class='ocrx_word' id='word_1_587' title='bbox 400 4426 569 4492; x_wconf 53' lang='lat' dir='ltr'><strong>Agar,</strong></span> <span class='ocrx_word' id='word_1_588' title='bbox 589 4436 709 4492; x_wconf 48' lang='lat' dir='ltr'><strong>qua,</strong></span> <span class='ocrx_word' id='word_1_589' title='bbox 732 4420 1001 4491; x_wconf 56' lang='lat' dir='ltr'><strong>signiﬁca;</strong></span> <span class='ocrx_word' id='word_1_590' title='bbox 1034 4420 1197 4475; x_wconf 59' lang='lat' dir='ltr'><strong>verus</strong></span> <span class='ocrx_word' id='word_1_591' title='bbox 1218 4420 1651 4488; x_wconf 58' lang='lat' dir='ltr'><strong>Teslamemum,</strong></span> <span class='ocrx_word' id='word_1_592' title='bbox 1689 4435 1810 4491; x_wconf 54' lang='lat' dir='ltr'><strong>qua;</strong></span> <span class='ocrx_word' id='word_1_593' title='bbox 1830 4435 1994 4492; x_wconf 70' lang='lat' dir='ltr'><strong>gene-</strong></span> <span class='ocrx_word' id='word_1_594' title='bbox 2092 4416 2176 4462; x_wconf 87' lang='lat' dir='ltr'><strong>est</strong></span> <span class='ocrx_word' id='word_1_595' title='bbox 2202 4423 2230 4463; x_wconf 89' lang='lat' dir='ltr'><strong>a</strong></span> <span class='ocrx_word' id='word_1_596' title='bbox 2257 4411 2541 4466; x_wconf 83' lang='lat' dir='ltr'><strong>concubitu</strong></span> <span class='ocrx_word' id='word_1_597' title='bbox 2572 4414 2672 4467; x_wconf 78' lang='lat' dir='ltr'><strong>viri</strong></span> <span class='ocrx_word' id='word_1_598' title='bbox 2704 4453 2718 4477; x_wconf 91' lang='lat'><strong>,</strong></span> <span class='ocrx_word' id='word_1_599' title='bbox 2748 4426 2971 4485; x_wconf 88' lang='lat' dir='ltr'><strong>propter</strong></span> <span class='ocrx_word' id='word_1_600' title='bbox 2999 4418 3273 4488; x_wconf 76' lang='lat' dir='ltr'><strong>cognitam</strong></span> <span class='ocrx_word' id='word_1_601' title='bbox 3318 4421 3735 4482; x_wconf 79' lang='lat' dir='ltr'><strong>sterilitatem.</strong></span> 
     </span>
    </p>
   </div>
   <div class='ocr_carea' id='block_1_47' title="bbox 404 4499 3735 4583">
    <p class='ocr_par' dir='ltr' id='par_1_47' title="bbox 404 4499 3735 4583">
     <span class='ocr_line' id='line_1_47' title="bbox 404 4499 3735 4583; baseline 0.001 -16"><span class='ocrx_word' id='word_1_602' title='bbox 404 4524 488 4567; x_wconf 85' lang='lat' dir='ltr'><strong>rat</strong></span> <span class='ocrx_word' id='word_1_603' title='bbox 518 4514 570 4567; x_wconf 90' lang='lat' dir='ltr'><strong>in</strong></span> <span class='ocrx_word' id='word_1_604' title='bbox 594 4514 935 4579; x_wconf 83' lang='lat' dir='ltr'><strong>servitutem,</strong></span> <span class='ocrx_word' id='word_1_605' title='bbox 970 4528 1091 4582; x_wconf 72' lang='lat' dir='ltr'><strong>quze</strong></span> <span class='ocrx_word' id='word_1_606' title='bbox 1123 4512 1287 4567; x_wconf 88' lang='lat' dir='ltr'><strong>etiam</strong></span> <span class='ocrx_word' id='word_1_607' title='bbox 1316 4511 1663 4582; x_wconf 80' lang='lat' dir='ltr'><strong>conjungitur</strong></span> <span class='ocrx_word' id='word_1_608' title='bbox 1699 4529 1796 4583; x_wconf 89' lang='lat' dir='ltr'><strong>per</strong></span> <span class='ocrx_word' id='word_1_609' title='bbox 1819 4513 1990 4583; x_wconf 77' lang='lat' dir='ltr'><strong>signi-</strong></span> <span class='ocrx_word' id='word_1_610' title='bbox 2166 4499 2257 4556; x_wconf 68' lang='grc'><strong>48-</strong></span> <span class='ocrx_word' id='word_1_611' title='bbox 2285 4500 2484 4556; x_wconf 65' lang='lat' dir='ltr'><strong>LANFR-</strong></span> <span class='ocrx_word' id='word_1_612' title='bbox 2519 4502 2636 4569; x_wconf 72' lang='lat' dir='ltr'><strong>Qua</strong></span> <span class='ocrx_word' id='word_1_613' title='bbox 2662 4503 2899 4560; x_wconf 69' lang='grc' dir='ltr'>ιέῦειίαιε</span> <span class='ocrx_word' id='word_1_614' title='bbox 2941 4505 3181 4562; x_wconf 64' lang='lat' dir='ltr'><strong>Christus</strong></span> <span class='ocrx_word' id='word_1_615' title='bbox 3212 4524 3306 4564; x_wconf 70' lang='lat'><strong>&quot;08</strong></span> <span class='ocrx_word' id='word_1_616' title='bbox 3332 4508 3613 4569; x_wconf 76' lang='lat' dir='ltr'><strong>liberavit.</strong></span> <span class='ocrx_word' id='word_1_617' title='bbox 3641 4515 3735 4572; x_wconf 73' lang='lat' dir='ltr'><strong>Ne</strong></span> 
     </span>
    </p>
   </div>
   <div class='ocr_carea' id='block_1_48' title="bbox 404 4597 3733 4672">
    <p class='ocr_par' dir='ltr' id='par_1_48' title="bbox 404 4597 3733 4672">
     <span class='ocr_line' id='line_1_48' title="bbox 404 4597 3733 4672; baseline 0.007 -30"><span class='ocrx_word' id='word_1_618' title='bbox 404 4605 708 4657; x_wconf 59' lang='lat' dir='ltr'><strong>“unione”;</strong></span> <span class='ocrx_word' id='word_1_619' title='bbox 736 4603 784 4657; x_wconf 71' lang='lat' dir='ltr'><strong>ei</strong></span> <span class='ocrx_word' id='word_1_620' title='bbox 809 4601 1111 4658; x_wconf 67' lang='lat' dir='ltr'><strong>Jerusalenl</strong></span> <span class='ocrx_word' id='word_1_621' title='bbox 1156 4618 1276 4672; x_wconf 58' lang='lat' dir='ltr'><strong>qua}</strong></span> <span class='ocrx_word' id='word_1_622' title='bbox 1329 4612 1411 4658; x_wconf 68' lang='grc' dir='ltr'><strong>εει</strong></span> <span class='ocrx_word' id='word_1_623' title='bbox 1436 4603 1489 4659; x_wconf 73' lang='lat' dir='ltr'><strong>in</strong></span> <span class='ocrx_word' id='word_1_624' title='bbox 1528 4604 1629 4659; x_wconf 78' lang='lat' dir='ltr'><strong>hoc</strong></span> <span class='ocrx_word' id='word_1_625' title='bbox 1659 4605 1883 4671; x_wconf 61' lang='grc' dir='ltr'>δωριιιο,</span> <span class='ocrx_word' id='word_1_626' title='bbox 1936 4604 1990 4659; x_wconf 79' lang='lat' dir='ltr'><strong>in</strong></span> <span class='ocrx_word' id='word_1_627' title='bbox 2094 4600 2413 4661; x_wconf 86' lang='lat' dir='ltr'><strong>putaremus</strong></span> <span class='ocrx_word' id='word_1_628' title='bbox 2440 4610 2539 4651; x_wconf 75' lang='lat' dir='ltr'><strong>nos</strong></span> <span class='ocrx_word' id='word_1_629' title='bbox 2596 4597 2922 4653; x_wconf 86' lang='lat' dir='ltr'><strong>naturaliter</strong></span> <span class='ocrx_word' id='word_1_630' title='bbox 2953 4599 3153 4655; x_wconf 73' lang='lat' dir='ltr'><strong>iiiiCI‘US</strong></span> <span class='ocrx_word' id='word_1_631' title='bbox 3192 4615 3333 4667; x_wconf 80' lang='lat' dir='ltr'><strong>CSSC,</strong></span> <span class='ocrx_word' id='word_1_632' title='bbox 3364 4604 3733 4666; x_wconf 68' lang='lat' dir='ltr'><strong>determinat</strong></span> 
     </span>
    </p>
   </div>
   <div class='ocr_carea' id='block_1_49' title="bbox 401 4685 3210 4764">
    <p class='ocr_par' dir='ltr' id='par_1_49' title="bbox 401 4685 3210 4764">
     <span class='ocr_line' id='line_1_49' title="bbox 401 4685 3210 4764; baseline 0.001 -22"><span class='ocrx_word' id='word_1_633' title='bbox 401 4708 506 4760; x_wconf 78' lang='lat' dir='ltr'><strong>qua</strong></span> <span class='ocrx_word' id='word_1_634' title='bbox 525 4692 831 4746; x_wconf 86' lang='lat' dir='ltr'><strong>testamenti</strong></span> <span class='ocrx_word' id='word_1_635' title='bbox 857 4691 1097 4764; x_wconf 78' lang='lat' dir='ltr'><strong>legitima</strong></span> <span class='ocrx_word' id='word_1_636' title='bbox 1130 4690 1417 4760; x_wconf 79' lang='lat' dir='ltr'><strong>impletur.</strong></span> <span class='ocrx_word' id='word_1_637' title='bbox 2093 4685 2265 4755; x_wconf 83' lang='lat' dir='ltr'><strong>ipsam</strong></span> <span class='ocrx_word' id='word_1_638' title='bbox 2301 4686 2607 4743; x_wconf 87' lang='lat' dir='ltr'><strong>libertatem</strong></span> <span class='ocrx_word' id='word_1_639' title='bbox 2640 4707 2652 4742; x_wconf 95' lang='lat'>:</span> <span class='ocrx_word' id='word_1_640' title='bbox 2685 4707 2789 4757; x_wconf 81' lang='lat' dir='ltr'><strong>qua</strong></span> <span class='ocrx_word' id='word_1_641' title='bbox 2818 4689 3076 4757; x_wconf 81' lang='lat' dir='ltr'><strong>libertate,</strong></span> <span class='ocrx_word' id='word_1_642' title='bbox 3106 4703 3210 4749; x_wconf 84' lang='lat' dir='ltr'><strong>etc.</strong></span> 
     </span>
    </p>
   </div>
   <div class='ocr_carea' id='block_1_50' title="bbox 469 4776 3731 4857">
    <p class='ocr_par' dir='ltr' id='par_1_50' title="bbox 469 4776 3731 4857">
     <span class='ocr_line' id='line_1_50' title="bbox 469 4776 3731 4857; baseline 0.004 -20"><span class='ocrx_word' id='word_1_643' title='bbox 469 4783 558 4837; x_wconf 82' lang='grc'><strong>40.</strong></span> <span class='ocrx_word' id='word_1_644' title='bbox 591 4782 790 4837; x_wconf 65' lang='lat' dir='ltr'><strong>Lauru.</strong></span> <span class='ocrx_word' id='word_1_645' title='bbox 819 4783 922 4849; x_wconf 86' lang='lat' dir='ltr'><strong>Qui</strong></span> <span class='ocrx_word' id='word_1_646' title='bbox 959 4784 1271 4853; x_wconf 85' lang='lat' dir='ltr'><strong>conjunctus</strong></span> <span class='ocrx_word' id='word_1_647' title='bbox 1307 4789 1381 4836; x_wconf 88' lang='lat' dir='ltr'><strong>est</strong></span> <span class='ocrx_word' id='word_1_648' title='bbox 1416 4782 1489 4848; x_wconf 84' lang='lat' dir='ltr'><strong>ei,</strong></span> <span class='ocrx_word' id='word_1_649' title='bbox 1512 4782 1564 4836; x_wconf 85' lang='lat' dir='ltr'><strong>id</strong></span> <span class='ocrx_word' id='word_1_650' title='bbox 1588 4790 1694 4847; x_wconf 89' lang='lat' dir='ltr'><strong>est,</strong></span> <span class='ocrx_word' id='word_1_651' title='bbox 1726 4797 1793 4837; x_wconf 80' lang='lat' dir='ltr'><strong>ex</strong></span> <span class='ocrx_word' id='word_1_652' title='bbox 1819 4783 1991 4837; x_wconf 87' lang='lat' dir='ltr'><strong>bono-</strong></span> <span class='ocrx_word' id='word_1_653' title='bbox 2163 4776 2315 4832; x_wconf 83' lang='lat' dir='ltr'><strong>CAP.</strong></span> <span class='ocrx_word' id='word_1_654' title='bbox 2344 4778 2404 4833; x_wconf 88' lang='lat' dir='ltr'><strong>V.</strong></span> <span class='ocrx_word' id='word_1_655' title='bbox 2430 4807 2497 4818; x_wconf 93' lang='lat'><strong>-—</strong></span> <span class='ocrx_word' id='word_1_656' title='bbox 2526 4779 2575 4833; x_wconf 85' lang='lat' dir='ltr'><strong>l.</strong></span> <span class='ocrx_word' id='word_1_657' title='bbox 2597 4778 2801 4834; x_wconf 68' lang='lat' dir='ltr'><strong>Laure.</strong></span> <span class='ocrx_word' id='word_1_658' title='bbox 2836 4779 3016 4839; x_wconf 81' lang='lat' dir='ltr'><strong>Nolite</strong></span> <span class='ocrx_word' id='word_1_659' title='bbox 3046 4786 3235 4838; x_wconf 88' lang='lat' dir='ltr'><strong>iterum</strong></span> <span class='ocrx_word' id='word_1_660' title='bbox 3258 4789 3394 4857; x_wconf 87' lang='lat' dir='ltr'><strong>jugo</strong></span> <span class='ocrx_word' id='word_1_661' title='bbox 3422 4791 3731 4849; x_wconf 83' lang='lat' dir='ltr'><strong>servitutis</strong></span> 
     </span>
    </p>
   </div>
   <div class='ocr_carea' id='block_1_51' title="bbox 404 4868 3734 4955">
    <p class='ocr_par' dir='ltr' id='par_1_51' title="bbox 404 4868 3734 4955">
     <span class='ocr_line' id='line_1_51' title="bbox 404 4868 3734 4955; baseline 0.004 -30"><span class='ocrx_word' id='word_1_662' title='bbox 404 4892 460 4930; x_wconf 85' lang='lat' dir='ltr'><strong>re</strong></span> <span class='ocrx_word' id='word_1_663' title='bbox 481 4876 600 4946; x_wconf 84' lang='lat' dir='ltr'><strong>ejus</strong></span> <span class='ocrx_word' id='word_1_664' title='bbox 626 4886 726 4931; x_wconf 83' lang='lat' dir='ltr'><strong>est.</strong></span> <span class='ocrx_word' id='word_1_665' title='bbox 772 4875 869 4931; x_wconf 75' lang='lat' dir='ltr'><strong>Vel</strong></span> <span class='ocrx_word' id='word_1_666' title='bbox 924 4890 1045 4945; x_wconf 75' lang='lat' dir='ltr'><strong>qua:</strong></span> <span class='ocrx_word' id='word_1_667' title='bbox 1098 4873 1247 4945; x_wconf 78' lang='lat' dir='ltr'><strong>Agar</strong></span> <span class='ocrx_word' id='word_1_668' title='bbox 1300 4871 1593 4941; x_wconf 87' lang='lat' dir='ltr'><strong>conjuncta</strong></span> <span class='ocrx_word' id='word_1_669' title='bbox 1644 4883 1751 4938; x_wconf 89' lang='lat' dir='ltr'><strong>est,</strong></span> <span class='ocrx_word' id='word_1_670' title='bbox 1785 4874 1840 4929; x_wconf 89' lang='lat' dir='ltr'><strong>id</strong></span> <span class='ocrx_word' id='word_1_671' title='bbox 1884 4883 1990 4942; x_wconf 83' lang='lat' dir='ltr'><strong>est,</strong></span> <span class='ocrx_word' id='word_1_672' title='bbox 2093 4868 2366 4922; x_wconf 85' lang='lat' dir='ltr'><strong>contineri.</strong></span> <span class='ocrx_word' id='word_1_673' title='bbox 2422 4868 2559 4937; x_wconf 89' lang='lat' dir='ltr'><strong>Quia</strong></span> <span class='ocrx_word' id='word_1_674' title='bbox 2598 4873 3032 4940; x_wconf 82' lang='lat' dir='ltr'><strong>continebimini,</strong></span> <span class='ocrx_word' id='word_1_675' title='bbox 3082 4876 3127 4931; x_wconf 81' lang='lat' dir='ltr'><strong>Si</strong></span> <span class='ocrx_word' id='word_1_676' title='bbox 3174 4877 3734 4955; x_wconf 79' lang='lat' dir='ltr'><strong>circumcidamini;</strong></span> 
     </span>
    </p>
   </div>
   <div class='ocr_carea' id='block_1_52' title="bbox 409 4961 3727 5067">
    <p class='ocr_par' dir='ltr' id='par_1_52' title="bbox 409 4961 3727 5067">
     <span class='ocr_line' id='line_1_52' title="bbox 409 4961 3727 5067; baseline 0.003 -42"><span class='ocrx_word' id='word_1_677' title='bbox 409 4972 573 5027; x_wconf 66' lang='lat' dir='ltr'><strong>‘ictus</strong></span> <span class='ocrx_word' id='word_1_678' title='bbox 629 4969 1036 5026; x_wconf 81' lang='lat' dir='ltr'><strong>Testameutmn</strong></span> <span class='ocrx_word' id='word_1_679' title='bbox 1090 4966 1439 5039; x_wconf 70' lang='lat' dir='ltr'><strong>coniungitur</strong></span> <span class='ocrx_word' id='word_1_680' title='bbox 1484 4965 1656 5034; x_wconf 87' lang='lat' dir='ltr'><strong>Novo,</strong></span> <span class='ocrx_word' id='word_1_681' title='bbox 1706 4978 1762 5022; x_wconf 89' lang='lat' dir='ltr'><strong>et</strong></span> <span class='ocrx_word' id='word_1_682' title='bbox 1798 4968 1987 5034; x_wconf 69' lang='lat' dir='ltr'><strong>sei-iit,</strong></span> <span class='ocrx_word' id='word_1_683' title='bbox 2018 5004 2063 5067; x_wconf 68' lang='grc' dir='ltr'><strong>Ο</strong></span> <span class='ocrx_word' id='word_1_684' title='bbox 2096 4961 2297 5016; x_wconf 89' lang='lat' dir='ltr'><strong>dictum</strong></span> <span class='ocrx_word' id='word_1_685' title='bbox 2322 4972 2404 5019; x_wconf 88' lang='lat' dir='ltr'><strong>est</strong></span> <span class='ocrx_word' id='word_1_686' title='bbox 2429 4964 2594 5019; x_wconf 89' lang='lat' dir='ltr'><strong>enim.</strong></span> <span class='ocrx_word' id='word_1_687' title='bbox 2629 4966 2764 5034; x_wconf 87' lang='lat' dir='ltr'><strong>Quia</strong></span> <span class='ocrx_word' id='word_1_688' title='bbox 2790 4967 2969 5022; x_wconf 91' lang='lat' dir='ltr'><strong>omnis</strong></span> <span class='ocrx_word' id='word_1_689' title='bbox 3015 4970 3106 5039; x_wconf 89' lang='lat' dir='ltr'><strong>qui</strong></span> <span class='ocrx_word' id='word_1_690' title='bbox 3133 4971 3232 5023; x_wconf 89' lang='lat' dir='ltr'><strong>sub</strong></span> <span class='ocrx_word' id='word_1_691' title='bbox 3268 4971 3385 5041; x_wconf 77' lang='lat' dir='ltr'><strong>lege</strong></span> <span class='ocrx_word' id='word_1_692' title='bbox 3432 4985 3551 5043; x_wconf 89' lang='grc' dir='ltr'>εει,</span> <span class='ocrx_word' id='word_1_693' title='bbox 3582 4994 3727 5034; x_wconf 85' lang='lat' dir='ltr'><strong>ser-</strong></span> 
     </span>
    </p>
   </div>
   <div class='ocr_carea' id='block_1_53' title="bbox 404 5056 3515 5135">
    <p class='ocr_par' dir='ltr' id='par_1_53' title="bbox 404 5056 3515 5135">
     <span class='ocr_line' id='line_1_53' title="bbox 404 5056 3515 5135; baseline 0.003 -23"><span class='ocrx_word' id='word_1_694' title='bbox 404 5062 529 5131; x_wconf 86' lang='lat' dir='ltr'><strong>quia</strong></span> <span class='ocrx_word' id='word_1_695' title='bbox 563 5063 615 5115; x_wconf 93' lang='lat' dir='ltr'><strong>in</strong></span> <span class='ocrx_word' id='word_1_696' title='bbox 644 5063 745 5115; x_wconf 88' lang='lat' dir='ltr'><strong>bac</strong></span> <span class='ocrx_word' id='word_1_697' title='bbox 770 5061 1023 5132; x_wconf 77' lang='lat' dir='ltr'><strong>praesenti</strong></span> <span class='ocrx_word' id='word_1_698' title='bbox 1049 5060 1158 5113; x_wconf 88' lang='lat' dir='ltr'><strong>vita</strong></span> <span class='ocrx_word' id='word_1_699' title='bbox 1194 5059 1363 5114; x_wconf 88' lang='lat' dir='ltr'><strong>servit</strong></span> <span class='ocrx_word' id='word_1_700' title='bbox 1389 5058 1657 5114; x_wconf 81' lang='lat' dir='ltr'><strong>Ecclesia.</strong></span> <span class='ocrx_word' id='word_1_701' title='bbox 1692 5057 1788 5114; x_wconf 79' lang='lat' dir='ltr'><strong>Vel</strong></span> <span class='ocrx_word' id='word_1_702' title='bbox 1817 5059 1991 5114; x_wconf 86' lang='lat' dir='ltr'><strong>servit</strong></span> <span class='ocrx_word' id='word_1_703' title='bbox 2024 5056 2063 5067; x_wconf 82' lang='grc'><strong>“’</strong></span> <span class='ocrx_word' id='word_1_704' title='bbox 2096 5070 2221 5120; x_wconf 83' lang='grc' dir='ltr'>νιιε;</span> <span class='ocrx_word' id='word_1_705' title='bbox 2254 5056 2347 5126; x_wconf 89' lang='lat' dir='ltr'><strong>qui</strong></span> <span class='ocrx_word' id='word_1_706' title='bbox 2374 5067 2551 5112; x_wconf 87' lang='lat' dir='ltr'><strong>autem</strong></span> <span class='ocrx_word' id='word_1_707' title='bbox 2584 5059 3067 5126; x_wconf 75' lang='lat' dir='ltr'><strong>circumciduntur,</strong></span> <span class='ocrx_word' id='word_1_708' title='bbox 3096 5065 3195 5117; x_wconf 88' lang='lat' dir='ltr'><strong>sub</strong></span> <span class='ocrx_word' id='word_1_709' title='bbox 3221 5063 3335 5135; x_wconf 75' lang='lat' dir='ltr'><strong>lege</strong></span> <span class='ocrx_word' id='word_1_710' title='bbox 3358 5079 3515 5121; x_wconf 87' lang='lat' dir='ltr'><strong>sunt.</strong></span> 
     </span>
    </p>
   </div>
   <div class='ocr_carea' id='block_1_54' title="bbox 403 5147 1968 5225">
    <p class='ocr_par' dir='ltr' id='par_1_54' title="bbox 403 5150 1968 5225">
     <span class='ocr_line' id='line_1_54' title="bbox 403 5150 1968 5225; baseline -0.001 -19"><span class='ocrx_word' id='word_1_711' title='bbox 403 5153 689 5225; x_wconf 81' lang='lat' dir='ltr'><strong>conjuncta</strong></span> <span class='ocrx_word' id='word_1_712' title='bbox 719 5154 769 5207; x_wconf 89' lang='lat' dir='ltr'><strong>ci</strong></span> <span class='ocrx_word' id='word_1_713' title='bbox 818 5169 939 5222; x_wconf 79' lang='lat' dir='ltr'><strong>qua:</strong></span> <span class='ocrx_word' id='word_1_714' title='bbox 982 5168 1125 5206; x_wconf 89' lang='lat' dir='ltr'><strong>nuuc</strong></span> <span class='ocrx_word' id='word_1_715' title='bbox 1163 5160 1248 5205; x_wconf 90' lang='lat' dir='ltr'><strong>est</strong></span> <span class='ocrx_word' id='word_1_716' title='bbox 1274 5150 1595 5214; x_wconf 81' lang='lat' dir='ltr'><strong>Jerusalem,</strong></span> <span class='ocrx_word' id='word_1_717' title='bbox 1625 5151 1676 5206; x_wconf 90' lang='lat' dir='ltr'><strong>id</strong></span> <span class='ocrx_word' id='word_1_718' title='bbox 1706 5160 1811 5216; x_wconf 87' lang='lat' dir='ltr'><strong>est,</strong></span> <span class='ocrx_word' id='word_1_719' title='bbox 1854 5151 1968 5223; x_wconf 80' lang='lat' dir='ltr'><strong>legi:</strong></span> 
     </span>
    </p>
   </div>
   <div class='ocr_carea' id='block_1_55' title="bbox 2161 5147 3726 5225">
    <p class='ocr_par' dir='ltr' id='par_1_55' title="bbox 2164 5147 3726 5225">
     <span class='ocr_line' id='line_1_55' title="bbox 2164 5147 3726 5225; baseline 0.011 -26"><span class='ocrx_word' id='word_1_720' title='bbox 2164 5147 2219 5200; x_wconf 71' lang='grc'><strong>2.</strong></span> <span class='ocrx_word' id='word_1_721' title='bbox 2252 5148 2490 5205; x_wconf 59' lang='lat' dir='ltr'><strong>Accusa“.</strong></span> <span class='ocrx_word' id='word_1_722' title='bbox 2549 5149 2637 5219; x_wconf 85' lang='lat' dir='ltr'><strong>(In</strong></span> <span class='ocrx_word' id='word_1_723' title='bbox 2692 5167 2808 5222; x_wconf 82' lang='lat' dir='ltr'><strong>cap.</strong></span> <span class='ocrx_word' id='word_1_724' title='bbox 2867 5166 2898 5205; x_wconf 90' lang='lat' dir='ltr'><strong>v</strong></span> <span class='ocrx_word' id='word_1_725' title='bbox 2946 5153 3016 5205; x_wconf 89' lang='lat' dir='ltr'><strong>ad</strong></span> <span class='ocrx_word' id='word_1_726' title='bbox 3069 5151 3218 5225; x_wconf 57' lang='lat' dir='ltr'><strong>Cal.)</strong></span> <span class='ocrx_word' id='word_1_727' title='bbox 3257 5153 3438 5209; x_wconf 68' lang='lat' dir='ltr'><strong>Nolite</strong></span> <span class='ocrx_word' id='word_1_728' title='bbox 3473 5158 3726 5216; x_wconf 78' lang='lat' dir='ltr'><strong>iterum.</strong></span> 
     </span>
    </p>
   </div>
   <div class='ocr_carea' id='block_1_56' title="bbox 402 5238 3721 5315">
    <p class='ocr_par' dir='ltr' id='par_1_56' title="bbox 402 5238 3721 5315">
     <span class='ocr_line' id='line_1_56' title="bbox 402 5238 3721 5315; baseline 0.006 -19"><span class='ocrx_word' id='word_1_729' title='bbox 402 5246 638 5299; x_wconf 76' lang='lat' dir='ltr'><strong>t&#39;ttrttaliu</strong></span> <span class='ocrx_word' id='word_1_730' title='bbox 668 5254 856 5298; x_wconf 86' lang='lat' dir='ltr'><strong>tenens</strong></span> <span class='ocrx_word' id='word_1_731' title='bbox 907 5244 960 5298; x_wconf 93' lang='lat' dir='ltr'><strong>in</strong></span> <span class='ocrx_word' id='word_1_732' title='bbox 1018 5242 1339 5297; x_wconf 85' lang='lat' dir='ltr'><strong>Jerusalem.</strong></span> <span class='ocrx_word' id='word_1_733' title='bbox 1379 5242 1477 5297; x_wconf 70' lang='lat' dir='ltr'><strong>Vel</strong></span> <span class='ocrx_word' id='word_1_734' title='bbox 1517 5243 1679 5299; x_wconf 87' lang='lat' dir='ltr'><strong>modo</strong></span> <span class='ocrx_word' id='word_1_735' title='bbox 1732 5251 1816 5298; x_wconf 89' lang='lat' dir='ltr'><strong>est</strong></span> <span class='ocrx_word' id='word_1_736' title='bbox 1852 5259 1989 5300; x_wconf 62' lang='lat' dir='ltr'><strong>cono</strong></span> <span class='ocrx_word' id='word_1_737' title='bbox 2095 5238 2376 5307; x_wconf 79' lang='lat' dir='ltr'><strong>Quomodo</strong></span> <span class='ocrx_word' id='word_1_738' title='bbox 2426 5244 2699 5312; x_wconf 68' lang='lat' dir='ltr'><strong>accepturi</strong></span> <span class='ocrx_word' id='word_1_739' title='bbox 2760 5258 2948 5299; x_wconf 74' lang='lat' dir='ltr'><strong>sumus</strong></span> <span class='ocrx_word' id='word_1_740' title='bbox 3006 5246 3149 5315; x_wconf 80' lang='lat' dir='ltr'><strong>quod</strong></span> <span class='ocrx_word' id='word_1_741' title='bbox 3192 5246 3363 5312; x_wconf 61' lang='lat' dir='ltr'><strong>dic“;</strong></span> <span class='ocrx_word' id='word_1_742' title='bbox 3391 5263 3461 5302; x_wconf 75' lang='lat' dir='ltr'><strong>lle</strong></span> <span class='ocrx_word' id='word_1_743' title='bbox 3489 5250 3721 5308; x_wconf 74' lang='lat' dir='ltr'><strong>ilerltm</strong></span> 
     </span>
    </p>
   </div>
   <div class='ocr_carea' id='block_1_57' title="bbox 396 5333 3719 5416">
    <p class='ocr_par' dir='ltr' id='par_1_57' title="bbox 396 5333 3719 5416">
     <span class='ocr_line' id='line_1_57' title="bbox 396 5333 3719 5416; baseline 0.002 -27"><span class='ocrx_word' id='word_1_744' title='bbox 396 5341 584 5409; x_wconf 71' lang='lat' dir='ltr'><strong>juncta</strong></span> <span class='ocrx_word' id='word_1_745' title='bbox 624 5336 901 5401; x_wconf 80' lang='lat' dir='ltr'><strong>Ecclesiae,</strong></span> <span class='ocrx_word' id='word_1_746' title='bbox 942 5347 995 5389; x_wconf 88' lang='lat' dir='ltr'><strong>et</strong></span> <span class='ocrx_word' id='word_1_747' title='bbox 1019 5335 1170 5405; x_wconf 81' lang='lat' dir='ltr'><strong>prius</strong></span> <span class='ocrx_word' id='word_1_748' title='bbox 1196 5335 1386 5388; x_wconf 80' lang='lat' dir='ltr'><strong>sei-viil</strong></span> <span class='ocrx_word' id='word_1_749' title='bbox 1411 5336 1512 5390; x_wconf 86' lang='lat' dir='ltr'><strong>sub</strong></span> <span class='ocrx_word' id='word_1_750' title='bbox 1532 5334 1668 5405; x_wconf 78' lang='lat' dir='ltr'><strong>lege.</strong></span> <span class='ocrx_word' id='word_1_751' title='bbox 2087 5333 2217 5403; x_wconf 79' lang='lat' dir='ltr'><strong>jugo</strong></span> <span class='ocrx_word' id='word_1_752' title='bbox 2257 5334 2535 5389; x_wconf 76' lang='lat' dir='ltr'><strong>servitutis</strong></span> <span class='ocrx_word' id='word_1_753' title='bbox 2574 5335 2935 5401; x_wconf 89' lang='lat' dir='ltr'><strong>attiucamini,</strong></span> <span class='ocrx_word' id='word_1_754' title='bbox 2980 5352 3102 5392; x_wconf 91' lang='lat' dir='ltr'><strong>cum</strong></span> <span class='ocrx_word' id='word_1_755' title='bbox 3131 5339 3197 5393; x_wconf 92' lang='lat' dir='ltr'><strong>ad</strong></span> <span class='ocrx_word' id='word_1_756' title='bbox 3225 5354 3322 5394; x_wconf 91' lang='lat' dir='ltr'><strong>cos</strong></span> <span class='ocrx_word' id='word_1_757' title='bbox 3342 5340 3558 5397; x_wconf 88' lang='lat' dir='ltr'><strong>scribat</strong></span> <span class='ocrx_word' id='word_1_758' title='bbox 3607 5346 3719 5416; x_wconf 81' lang='lat' dir='ltr'><strong>qui</strong></span> 
     </span>
    </p>
   </div>
   <div class='ocr_carea' id='block_1_58' title="bbox 468 5424 3719 5495">
    <p class='ocr_par' dir='ltr' id='par_1_58' title="bbox 468 5424 3719 5495">
     <span class='ocr_line' id='line_1_58' title="bbox 468 5424 3719 5495; baseline 0.003 -10"><span class='ocrx_word' id='word_1_759' title='bbox 468 5432 560 5486; x_wconf 69' lang='lat'><strong>4|.</strong></span> <span class='ocrx_word' id='word_1_760' title='bbox 597 5429 761 5484; x_wconf 78' lang='lat' dir='ltr'><strong>Scrrit</strong></span> <span class='ocrx_word' id='word_1_761' title='bbox 793 5444 910 5481; x_wconf 89' lang='lat' dir='ltr'><strong>cum</strong></span> <span class='ocrx_word' id='word_1_762' title='bbox 945 5428 1091 5495; x_wconf 71' lang='lat' dir='ltr'><strong>filiis.</strong></span> <span class='ocrx_word' id='word_1_763' title='bbox 1122 5427 1340 5482; x_wconf 71' lang='lat' dir='ltr'><strong>Servire</strong></span> <span class='ocrx_word' id='word_1_764' title='bbox 1373 5428 1506 5482; x_wconf 89' lang='lat' dir='ltr'><strong>dicit</strong></span> <span class='ocrx_word' id='word_1_765' title='bbox 1535 5438 1803 5484; x_wconf 87' lang='lat' dir='ltr'><strong>terrenam</strong></span> <span class='ocrx_word' id='word_1_766' title='bbox 1829 5428 1980 5484; x_wconf 87' lang='lat' dir='ltr'><strong>Jeru-</strong></span> <span class='ocrx_word' id='word_1_767' title='bbox 2090 5424 2257 5481; x_wconf 75' lang='lat' dir='ltr'><strong>Judzei</strong></span> <span class='ocrx_word' id='word_1_768' title='bbox 2283 5441 2554 5495; x_wconf 89' lang='lat' dir='ltr'><strong>nunquam</strong></span> <span class='ocrx_word' id='word_1_769' title='bbox 2585 5426 2840 5483; x_wconf 82' lang='lat' dir='ltr'><strong>fuerant?</strong></span> <span class='ocrx_word' id='word_1_770' title='bbox 2866 5428 3006 5495; x_wconf 79' lang='lat' dir='ltr'><strong>Quid</strong></span> <span class='ocrx_word' id='word_1_771' title='bbox 3035 5429 3180 5484; x_wconf 85' lang='lat' dir='ltr'><strong>aliud</strong></span> <span class='ocrx_word' id='word_1_772' title='bbox 3210 5432 3313 5486; x_wconf 88' lang='lat' dir='ltr'><strong>hoc</strong></span> <span class='ocrx_word' id='word_1_773' title='bbox 3358 5431 3485 5488; x_wconf 87' lang='lat' dir='ltr'><strong>loco</strong></span> <span class='ocrx_word' id='word_1_774' title='bbox 3538 5436 3719 5495; x_wconf 83' lang='lat' dir='ltr'><strong>dicat</strong></span> 
     </span>
    </p>
   </div>
   <div class='ocr_carea' id='block_1_59' title="bbox 400 5518 3713 5597">
    <p class='ocr_par' dir='ltr' id='par_1_59' title="bbox 400 5518 3713 5597">
     <span class='ocr_line' id='line_1_59' title="bbox 400 5518 3713 5597; baseline 0 -20"><span class='ocrx_word' id='word_1_775' title='bbox 400 5524 600 5586; x_wconf 68' lang='lat' dir='ltr'><strong>salem,</strong></span> <span class='ocrx_word' id='word_1_776' title='bbox 648 5520 728 5575; x_wconf 76' lang='lat' dir='ltr'><strong>vel</strong></span> <span class='ocrx_word' id='word_1_777' title='bbox 780 5522 879 5574; x_wconf 90' lang='lat' dir='ltr'><strong>sub</strong></span> <span class='ocrx_word' id='word_1_778' title='bbox 926 5521 1131 5575; x_wconf 88' lang='lat' dir='ltr'><strong>carnali</strong></span> <span class='ocrx_word' id='word_1_779' title='bbox 1188 5521 1327 5590; x_wconf 78' lang='lat' dir='ltr'><strong>lege,</strong></span> <span class='ocrx_word' id='word_1_780' title='bbox 1362 5538 1482 5591; x_wconf 63' lang='lat' dir='ltr'><strong>quae</strong></span> <span class='ocrx_word' id='word_1_781' title='bbox 1548 5523 1742 5578; x_wconf 86' lang='lat' dir='ltr'><strong>timore</strong></span> <span class='ocrx_word' id='word_1_782' title='bbox 1793 5525 1986 5578; x_wconf 87' lang='lat' dir='ltr'><strong>mortis</strong></span> <span class='ocrx_word' id='word_1_783' title='bbox 2090 5518 2340 5597; x_wconf 54' lang='lat' dir='ltr'><strong>gentibus</strong></span> <span class='ocrx_word' id='word_1_784' title='bbox 2372 5533 2477 5572; x_wconf 87' lang='lat' dir='ltr'><strong>ltou</strong></span> <span class='ocrx_word' id='word_1_785' title='bbox 2513 5519 2748 5583; x_wconf 83' lang='lat' dir='ltr'><strong>itt\’etti0.</strong></span> <span class='ocrx_word' id='word_1_786' title='bbox 2798 5521 2900 5575; x_wconf 88' lang='lat' dir='ltr'><strong>nisi</strong></span> <span class='ocrx_word' id='word_1_787' title='bbox 2937 5531 2996 5575; x_wconf 87' lang='grc' dir='ltr'><strong>ιιι</strong></span> <span class='ocrx_word' id='word_1_788' title='bbox 3018 5524 3189 5592; x_wconf 87' lang='lat' dir='ltr'><strong>prosit</strong></span> <span class='ocrx_word' id='word_1_789' title='bbox 3250 5523 3381 5588; x_wconf 86' lang='lat' dir='ltr'><strong>illis,</strong></span> <span class='ocrx_word' id='word_1_790' title='bbox 3445 5529 3607 5596; x_wconf 87' lang='lat' dir='ltr'><strong>quod</strong></span> <span class='ocrx_word' id='word_1_791' title='bbox 3674 5547 3713 5587; x_wconf 67' lang='lat' dir='ltr'><strong>a</strong></span> 
     </span>
    </p>
   </div>
   <div class='ocr_carea' id='block_1_60' title="bbox 403 5610 3712 5685">
    <p class='ocr_par' dir='ltr' id='par_1_60' title="bbox 403 5610 3712 5685">
     <span class='ocr_line' id='line_1_60' title="bbox 403 5610 3712 5685; baseline 0.003 -19"><span class='ocrx_word' id='word_1_792' title='bbox 403 5613 629 5683; x_wconf 84' lang='lat' dir='ltr'><strong>cogebat</strong></span> <span class='ocrx_word' id='word_1_793' title='bbox 664 5610 744 5662; x_wconf 77' lang='lat' dir='ltr'><strong>vel</strong></span> <span class='ocrx_word' id='word_1_794' title='bbox 776 5611 875 5662; x_wconf 86' lang='lat' dir='ltr'><strong>sub</strong></span> <span class='ocrx_word' id='word_1_795' title='bbox 899 5612 1027 5681; x_wconf 78' lang='lat' dir='ltr'><strong>jugo</strong></span> <span class='ocrx_word' id='word_1_796' title='bbox 1057 5613 1287 5668; x_wconf 71' lang='lat' dir='ltr'><strong>Romani</strong></span> <span class='ocrx_word' id='word_1_797' title='bbox 1323 5614 1557 5684; x_wconf 89' lang='lat' dir='ltr'><strong>imperii.</strong></span> <span class='ocrx_word' id='word_1_798' title='bbox 2089 5610 2351 5665; x_wconf 84' lang='lat' dir='ltr'><strong>servitute</strong></span> <span class='ocrx_word' id='word_1_799' title='bbox 2377 5611 2775 5681; x_wconf 87' lang='lat' dir='ltr'><strong>superstitionis</strong></span> <span class='ocrx_word' id='word_1_800' title='bbox 2804 5628 2932 5675; x_wconf 70' lang='lat' dir='ltr'><strong>suae,</strong></span> <span class='ocrx_word' id='word_1_801' title='bbox 2988 5628 3084 5685; x_wconf 88' lang='lat' dir='ltr'><strong>per</strong></span> <span class='ocrx_word' id='word_1_802' title='bbox 3111 5614 3270 5669; x_wconf 85' lang='lat' dir='ltr'><strong>ﬁdem</strong></span> <span class='ocrx_word' id='word_1_803' title='bbox 3296 5612 3504 5673; x_wconf 80' lang='lat' dir='ltr'><strong>Cb&#39;risti</strong></span> <span class='ocrx_word' id='word_1_804' title='bbox 3546 5620 3712 5677; x_wconf 78' lang='lat' dir='ltr'><strong>[ibe-</strong></span> 
     </span>
    </p>
   </div>
   <div class='ocr_carea' id='block_1_61' title="bbox 472 5697 3704 5773">
    <p class='ocr_par' dir='ltr' id='par_1_61' title="bbox 472 5697 3704 5773">
     <span class='ocr_line' id='line_1_61' title="bbox 472 5697 3704 5773; baseline 0.004 -20"><span class='ocrx_word' id='word_1_805' title='bbox 472 5701 564 5755; x_wconf 69' lang='grc'><strong>42.</strong></span> <span class='ocrx_word' id='word_1_806' title='bbox 597 5697 699 5750; x_wconf 84' lang='lat' dir='ltr'><strong>Illa</strong></span> <span class='ocrx_word' id='word_1_807' title='bbox 731 5712 903 5751; x_wconf 81' lang='lat' dir='ltr'><strong>autem</strong></span> <span class='ocrx_word' id='word_1_808' title='bbox 931 5719 1047 5771; x_wconf 80' lang='lat' dir='ltr'><strong>qua:</strong></span> <span class='ocrx_word' id='word_1_809' title='bbox 1084 5721 1292 5757; x_wconf 83' lang='lat' dir='ltr'><strong>sursum</strong></span> <span class='ocrx_word' id='word_1_810' title='bbox 1341 5716 1414 5759; x_wconf 85' lang='lat' dir='ltr'><strong>est</strong></span> <span class='ocrx_word' id='word_1_811' title='bbox 1469 5705 1765 5759; x_wconf 77' lang='lat' dir='ltr'><strong>Jerusalem</strong></span> <span class='ocrx_word' id='word_1_812' title='bbox 1822 5705 1984 5759; x_wconf 87' lang='lat' dir='ltr'><strong>libera</strong></span> <span class='ocrx_word' id='word_1_813' title='bbox 2093 5702 2194 5757; x_wconf 86' lang='lat' dir='ltr'><strong>rati</strong></span> <span class='ocrx_word' id='word_1_814' title='bbox 2218 5711 2368 5767; x_wconf 86' lang='lat' dir='ltr'><strong>sunt,</strong></span> <span class='ocrx_word' id='word_1_815' title='bbox 2398 5718 2464 5758; x_wconf 90' lang='lat' dir='ltr'><strong>ne</strong></span> <span class='ocrx_word' id='word_1_816' title='bbox 2494 5704 2687 5759; x_wconf 88' lang='lat' dir='ltr'><strong>itermn</strong></span> <span class='ocrx_word' id='word_1_817' title='bbox 2740 5706 3026 5760; x_wconf 85' lang='lat' dir='ltr'><strong>scrvicsse</strong></span> <span class='ocrx_word' id='word_1_818' title='bbox 3060 5706 3225 5763; x_wconf 73' lang='lat' dir='ltr'><strong>velint</strong></span> <span class='ocrx_word' id='word_1_819' title='bbox 3274 5709 3374 5765; x_wconf 83' lang='lat' dir='ltr'><strong>sub</strong></span> <span class='ocrx_word' id='word_1_820' title='bbox 3420 5710 3704 5773; x_wconf 64' lang='lat' dir='ltr'><strong>observa</strong></span> 
     </span>
    </p>
   </div>
   <div class='ocr_carea' id='block_1_62' title="bbox 403 5792 3059 5869">
    <p class='ocr_par' dir='ltr' id='par_1_62' title="bbox 403 5792 3059 5869">
     <span class='ocr_line' id='line_1_62' title="bbox 403 5792 3059 5869; baseline 0.001 -18"><span class='ocrx_word' id='word_1_821' title='bbox 403 5806 504 5864; x_wconf 80' lang='lat' dir='ltr'><strong>est,</strong></span> <span class='ocrx_word' id='word_1_822' title='bbox 526 5792 582 5849; x_wconf 86' lang='lat' dir='ltr'><strong>id</strong></span> <span class='ocrx_word' id='word_1_823' title='bbox 602 5802 703 5859; x_wconf 85' lang='lat' dir='ltr'><strong>est,</strong></span> <span class='ocrx_word' id='word_1_824' title='bbox 735 5793 868 5848; x_wconf 75' lang='lat' dir='ltr'><strong>Sara</strong></span> <span class='ocrx_word' id='word_1_825' title='bbox 898 5796 1076 5867; x_wconf 74' lang='lat' dir='ltr'><strong>signat</strong></span> <span class='ocrx_word' id='word_1_826' title='bbox 1098 5794 1394 5855; x_wconf 76' lang='lat' dir='ltr'><strong>Jerusalem</strong></span> <span class='ocrx_word' id='word_1_827' title='bbox 1424 5797 1722 5864; x_wconf 72' lang='lat' dir='ltr'><strong>uelestcm,</strong></span> <span class='ocrx_word' id='word_1_828' title='bbox 1755 5813 1873 5869; x_wconf 83' lang='lat' dir='ltr'><strong>qua:</strong></span> <span class='ocrx_word' id='word_1_829' title='bbox 1904 5807 1986 5854; x_wconf 77' lang='lat' dir='ltr'><strong>est</strong></span> <span class='ocrx_word' id='word_1_830' title='bbox 2092 5796 2237 5853; x_wconf 85' lang='lat' dir='ltr'><strong>tione</strong></span> <span class='ocrx_word' id='word_1_831' title='bbox 2263 5795 2560 5852; x_wconf 80' lang='lat' dir='ltr'><strong>carnalium</strong></span> <span class='ocrx_word' id='word_1_832' title='bbox 2592 5796 3059 5855; x_wconf 78' lang='lat' dir='ltr'><strong>observationem.</strong></span> 
     </span>
    </p>
   </div>
  </div>
