3880 6306
124 319 204 375 ssi
826 320 893 376 IN
931 322 992 377 ι).
1026 322 1232 379 mnu
1276 306 1495 377 arisi.
1533 305 1888 399 conamur.
1927 357 1994 365 —
2022 326 2240 383 EPIST.
2271 329 2364 384 AD
2406 329 2655 387 GALAT.
2756 314 2761 319 ’
3246 335 3355 389 ess

127 448 289 486 rursus
321 432 461 486 omni
503 430 799 497 homin‘,3.
824 434 1084 488 circumci
1108 434 1233 490 lenti
1268 450 1349 502 se,
1384 435 1639 505 quoniam
1679 436 1893 492 debitor
1918 446 2005 515 cst
2028 440 2297 511 universae
2342 440 2474 509 legis
2524 442 2806 498 faciendae.
2854 443 2913 498 Si
2956 444 3101 500 debet
3129 446 3357 501 circum-

126 525 230 590 cidi,
265 524 499 579 similiter
520 535 590 579 est
618 524 872 578 obnoxius
894 522 1145 580 universis
1163 526 1436 597 legalibus.
1483 527 1740 583 Evacuati
1776 530 1908 584 estis
1938 545 1968 583 a
1994 528 2235 597 Christo,
2266 532 2380 587 sine
2416 531 2626 587 Christo
2663 535 2817 599 estis,
2842 536 2932 602 qui
2968 536 3016 589 in
3043 536 3159 606 lege
3196 537 3356 605 justi-

127 617 351 679 ﬁcamiai,
375 616 934 684 iustiﬁcari-creditis;
966 618 1014 671 si
1051 626 1223 671 autem
1254 618 1366 673 sine
1391 618 1621 684 Christo,
1650 634 1680 673 a
1703 619 1881 690 gratia
1914 620 2218 676 excidistis.
2254 621 2368 692 (per
2393 625 2768 695 contrarium.)
2809 624 2918 680 Nos
2955 629 3097 682 enim
3149 639 3355 685 tantum

125 709 307 775 stiritu,
338 719 563 776 sumpto,
587 721 652 761 ex
697 708 820 773 lide,
863 723 1012 778 spem
1040 707 1283 778 justititc,
1314 710 1471 763 vitam
1495 719 1766 775 wternam,
1796 726 1953 781 quam
1980 710 2171 765 habent
2209 712 2365 781 justi,
2401 721 2802 783 exspectamus.
2846 715 2958 786 (per
2990 720 3358 792 contrarium.)

123 804 167 857 4.
193 801 314 857 Nam
351 804 400 856 in
439 803 658 859 Christo
687 803 839 869 .lcsu,
868 820 1044 876 neque
1074 804 1419 859 circumcisio
1459 804 1661 874 aliquid
1695 803 1858 869 valet,
1895 820 2072 875 neque
2113 806 2471 877 prmputium;
2500 807 2593 863 sed
2624 808 2678 864 5.
2709 807 2859 872 ﬁdes,
2891 826 3011 880 qua:
3037 827 3133 882 per
3156 814 3355 870 chari-

124 905 281 961 tatcm,
304 912 401 949 non
429 895 485 948 in
511 895 788 965 hypocrisi,
814 906 1087 965 operatur,
1117 894 1435 950 Currebatis
1463 895 1621 949 bene.
1648 892 1781 961 Quis
1817 909 1914 949 vos
1939 895 2221 965 impedivit
2245 897 2457 952 veritati
2491 912 2596 952 non
2622 898 2889 954 obedire?
2929 898 3217 957 Persuasio
3246 905 3361 961 lucc

122 989 238 1042 vobis
262 987 397 1057 facta
438 1003 545 1041 non
575 995 661 1041 est
691 1001 756 1040 ex
783 1001 871 1053 eo,
897 986 1028 1051 Deo,
1062 986 1155 1057 qui
1195 996 1356 1041 vocat
1385 1001 1499 1053 vos,
1530 1002 1561 1039 a
1584 1002 1744 1040 causa
1772 995 1818 1040 et
1843 1003 1873 1040 a
1902 986 2084 1041 simili.
2119 988 2173 1053 6,
2204 986 2257 1043 7.
2306 987 2576 1043 Modicum
2627 988 2955 1044 fermentum
3004 1001 3172 1047 totam
3216 1010 3361 1052 mas—

121 1096 213 1135 sam
239 1078 549 1147 corrumpit.
573 1077 686 1146 Ego
710 1086 883 1131 tanien
913 1077 1126 1132 conﬁdo
1177 1076 1523 1147 (consolatur)
1580 1076 1657 1143 in,
1698 1078 1781 1143 de,
1824 1077 1977 1133 vobis
2027 1078 2082 1133 in
2126 1079 2375 1145 Domino,
2429 1081 2573 1150 quod
2620 1081 2753 1137 nihil
2806 1083 2974 1149 aliud,
3006 1061 3165 1155 quam
3192 1088 3360 1155 decet,
3404 1108 3405 1111 η

122 1172 334 1242 sapietis;
373 1169 465 1240 qui
498 1177 682 1223 autem
701 1170 973 1224 suadendo
998 1169 1446 1224 circumcisionem
1469 1168 1760 1224 conturbat
1804 1184 1920 1236 vos,
1962 1171 2509 1243 portabitjudicium,
2540 1173 2854 1244 quicunque
2886 1185 2970 1231 est
2992 1176 3099 1243 ille,
3136 1180 3240 1236 sive
3264 1197 3360 1250 po-

121 1278 211 1319 tens
237 1264 286 1320 8.
307 1263 359 1319 9.
382 1263 496 1331 Ego
530 1271 732 1329 autem,
765 1261 984 1326 fratres,
1017 1263 1060 1317 si
1093 1262 1564 1317 circumcisionem
1597 1262 1758 1332 (quod
1788 1262 2078 1335 dicebatur)
2105 1263 2281 1320 adhuc
2307 1266 2704 1336 pranlico,quid
2732 1268 2909 1323 adhuc
2931 1272 3362 1338 persecutionem

121 1359 305 1427 patior?
329 1355 413 1411 l0.
439 1354 607 1425 Ergo,
633 1355 681 1409 si
703 1354 1154 1410 circumcisionem
1184 1354 1435 1424 prtedico,
1468 1364 1523 1407 ut
1567 1354 1783 1420 dicitur,
1811 1365 2133 1410 cvacuatum
2170 1366 2276 1422 est,
2322 1374 2435 1412 esse
2490 1358 2660 1423 debet,
2695 1359 2781 1415 ll.
2817 1362 3132 1417 scandalum
3162 1364 3359 1431 crucis,

121 1461 297 1523 propter
321 1463 526 1503 crucem
561 1446 965 1517 135il'atum.
1004 1446 1085 1503 l2.
1123 1446 1336 1502 Utinam
1358 1457 1411 1502 et
1455 1463 1487 1500 a
1523 1457 1690 1501 vestro
1723 1449 1992 1503 consortio
2025 1448 2109 1504 15.
2147 1450 2534 1505 abscindantur
2561 1452 2654 1522 qui
2701 1471 2733 1506 a
2771 1452 3007 1509 libertate
3041 1457 3096 1511 in
3142 1458 3367 1514 circum.-

123 1550 337 1603 cisioncm
378 1561 476 1601 vos
515 1544 871 1601 conturbant!
918 1544 1004 1600 M.
1038 1543 1147 1600 Vos
1183 1545 1327 1599 enim
1369 1542 1617 1616 [ostendit
1656 1561 1688 1597 a
1724 1561 1828 1615 quo
1868 1543 2024 1600 velint
2071 1562 2159 1601 eos
2196 1547 2526 1620 conturbari]
2559 1548 2613 1602 in
2645 1548 2951 1605 libertatem
2990 1554 3167 1608 vocati
3196 1555 3361 1621 estis,

124 1639 314 1703 fratres,
344 1648 552 1695 tantum
583 1643 708 1712 (nisi
733 1644 929 1712 putetis
957 1660 1072 1697 eam
1098 1641 1391 1697 libertatem
1416 1659 1449 1695 a
1475 1641 1585 1712 lege
1616 1641 1820 1710 haberi)
1847 1642 1935 1698 15.
1961 1658 2029 1698 ne
2054 1642 2359 1699 libertatem
2384 1644 2439 1699 in
2467 1645 2811 1700 occasionem
2842 1645 2981 1703 detis
3008 1650 3190 1705 carnis
3209 1691 3224 1715 ,
3247 1669 3367 1706 car-

123 1738 233 1790 nalis
255 1740 631 1806 obseruantia;
658 1741 750 1796 sed
780 1725 867 1795 16.
898 1754 996 1809 per
1023 1740 1350 1795 charitatem
1386 1739 1612 1809 Spiritus
1639 1739 1840 1794 servile
1873 1739 2105 1795 invicem
2126 1780 2141 1807 ,
2175 1742 2314 1812 qu'od
2343 1740 2507 1796 deret.
2540 1742 2628 1796 17.
2669 1741 2857 1799 Omnis
2895 1746 3037 1799 enim
3066 1746 3148 1801 lex
3178 1747 3230 1801 in
3259 1763 3369 1803 uno

122 1836 355 1891 dictitatis
375 1851 636 1891 sermone
665 1836 944 1905 impletur,
969 1835 1067 1889 isto
1099 1834 1295 1890 scilicet
1319 1852 1338 1889 :
1365 1834 1565 1905 Diliges
1595 1834 1903 1903 proximum
1931 1843 2082 1889 tuum
2109 1836 2251 1890 sicut
2282 1835 2536 1906 teipsum.
2564 1835 2716 1904 Quod
2751 1836 2793 1891 si
2819 1836 3050 1894 invicem
3077 1842 3366 1910 mordctis,

48 1968 51 1971 λ
122 1932 403 1986 detrahendo
422 1972 440 1998 ,
470 1940 525 1987 et
556 1932 848 1987 comeditis
868 1972 883 1996 ,
914 1930 1077 1987 nolite
1102 1932 1340 1986 mordere
1365 1928 1677 1984 alterutrum
1699 1969 1713 1995 ,
1742 1930 1867 2000 quia
1904 1929 1951 1984 si
1987 1929 2086 1985 hoc
2118 1929 2323 2000 facitis,
2352 1930 2697 1984 destruemini
2720 1943 2739 1983 .'
2767 1930 2905 2001 quod
2942 1948 3004 1985 ne
3032 1932 3157 2001 ﬁat,
3189 1933 3369 1990 videte

124 2042 176 2081 ne
196 2028 255 2082 ab
276 2028 505 2084 invicem
531 2028 969 2095 consumamini,
1004 2028 1376 2083 destruamini.
1401 2026 1533 2083 Dico
1559 2035 1743 2082 autem
1769 2026 1824 2081 in
1846 2024 2055 2081 Christo
2084 2027 2212 2084 :18.
2243 2026 2451 2098 Spiritu
2477 2028 2781 2093 ambulate,
2812 2036 2866 2082 et
2890 2028 3157 2085 desideria
3184 2031 3365 2086 carnis

122 2142 204 2181 itan
233 2129 536 2198 perﬁcietis.
576 2129 660 2185 l9.
702 2128 792 2184 20.
825 2128 966 2186 Caro
998 2128 1152 2185 terrim
1191 2127 1527 2200 concupiscit
1565 2126 1828 2182 adversus
1863 2126 2146 2198 spiritum;
2191 2127 2416 2200 Spiritus
2453 2138 2634 2185 autem
2676 2130 2937 2184 adversus
2966 2142 3207 2182 carnem.
3238 2124 3366 2182 llrcc

1429 2217 2003 2276 COMMENTARIUS.
2246 2240 2249 2245 ί
3098 2210 3103 2215 ’

173 2311 219 2365 5.
263 2310 355 2379 (In
401 2328 518 2382 cap.
576 2329 608 2367 ν
655 2313 726 2367 ad
773 2311 931 2384 Gal.)
989 2311 1395 2368 Circumcidenti
1435 2328 1508 2375 se,
1557 2320 1670 2366 etc.
1702 2314 1752 2371 Α
1779 2310 2008 2377 ctionis,
2048 2310 2245 2379 adjecit
2269 2312 2724 2368 benedictionem.
2755 2310 2871 2366 Non
2896 2320 3132 2375 tantum,
3161 2310 3369 2379 inquit,

121 2402 244 2469 Quod
272 2403 386 2459 ideo
412 2404 573 2471 dicit,
618 2415 675 2460 ut
709 2404 795 2460 vel
828 2413 1037 2461 terrore
1062 2414 1168 2460 tam
1200 2402 1676 2460 innumerabilium
1782 2401 2281 2471 circumcidantur,
2322 2403 2414 2459 sed
2458 2404 2878 2471 abscinduntur;
2927 2404 3007 2459 sic
3044 2404 3187 2459 enim
3234 2403 3369 2458 ﬁunt

121 2497 523 2553 obscrvationum
559 2497 896 2553 abstinerent
933 2513 993 2554 se
1020 2498 1089 2554 ab
1134 2497 1221 2554 his
1248 2496 1446 2568 quibus
1472 2510 1566 2551 eos
1592 2493 1679 2550 isti
1780 2496 2050 2565 spadones
2068 2505 2294 2567 prepter
2315 2511 2540 2569 regnum
2560 2496 2848 2564 cmlorum,
2872 2504 2928 2552 ct
2950 2496 3187 2552 carnalia
3212 2496 3371 2551 semi-

125 2587 375 2659 subjugare
422 2590 744 2659 cupiebant.
1182 2640 1187 2647 ,
1781 2602 1912 2643 nare
1930 2588 2245 2644 cessabunt.

174 2677 220 2733 4.
246 2679 435 2735 ιΑΜ-ῐι.
467 2681 619 2735 Nam
653 2683 709 2736 in
749 2682 960 2737 Christo
984 2681 1113 2736 Jesu
1138 2698 1302 2753 neque
1330 2679 1678 2735 circumcisio.
1852 2681 1939 2736 15.
1970 2681 2174 2737 Laure.
2201 2682 2613 2749 Abscindantur,
2648 2681 2699 2737 id
2725 2691 2808 2738 est
2827 2722 2841 2749 ,
2871 2680 3302 2737 eunuchizentur
3329 2695 3361 2734 a

122 2771 183 2827 Ex
206 2774 299 2830 title
330 2784 543 2830 tantum
568 2775 918 2846 justilicatur,
937 2774 1063 2845 quia
1094 2788 1199 2830 non
1224 2789 1322 2845 per
1346 2772 1516 2836 aliud;
1551 2786 1676 2826 nam
1780 2773 1940 2830 malis
1966 2775 2241 2841 moribus,
2269 2789 2339 2831 ne
2368 2774 2599 2845 amplius
2628 2784 2889 2845 generant
2915 2773 2969 2828 in
2999 2771 3231 2837 malum;
3262 2785 3371 2826 non

122 2881 265 2941 neque
289 2881 377 2935 per
398 2865 898 2932 circuitu-isionein,
933 2879 1108 2935 neque
1136 2879 1234 2936 per
1255 2863 1601 2935 praeputium.
1780 2866 1926 2921 enim
1951 2875 2149 2923 vocant
2188 2882 2286 2922 vos
2313 2864 2379 2921 ad
2408 2867 2462 2923 id
2496 2868 2565 2921 ad
2592 2867 2735 2936 quod
2769 2865 2948 2922 vocati
2977 2864 3137 2931 estis,
3172 2863 3223 2919 id
3251 2872 3333 2918 est
3352 2902 3368 2929 ,

175 2958 221 3015 5.
248 2959 398 3018 Fides
424 2977 553 3034 quin
575 2977 668 3032 per
690 2960 1039 3015 dilectionem.
1065 2958 1134 3014 Et
1184 2958 1275 3014 hic
1320 2957 1449 3013 illud
1480 2956 1675 3028 tetigit,
1780 2955 1847 3011 ad
1876 2957 2186 3014 libertatem
2203 2999 2217 3025 ,
2243 2958 2336 3014 sed
2358 2957 2425 3013 ad
2447 2958 2787 3013 servitutem.

123 3048 192 3116 qui
217 3047 322 3121 [al.,
352 3049 499 3123 quia]
528 3051 637 3107 sub
661 3051 779 3122 lege
822 3049 1104 3107 servitutis
1137 3047 1266 3121 [al.,
1295 3046 1552 3119 servitus]
1582 3060 1678 3117 per
1853 3050 1945 3105 14.
2006 3046 2107 3104 Vos
2145 3049 2284 3104 enim
2323 3048 2642 3111 libertatem,
2686 3048 2812 3119 quia
2855 3062 2957 3103 nec
2993 3045 3368 3113 circumcisio,

123 3140 330 3195 umorem
354 3151 637 3212 operatur.
1784 3154 1885 3196 nec
1914 3139 2033 3225 aliae
2056 3138 2257 3208 legales
2286 3140 2697 3196 observationes
2721 3149 2999 3195 curantur.

178 3231 222 3284 6.
243 3232 496 3288 Modicum
522 3233 865 3304 fermentum,
890 3240 996 3287 etc.
1022 3231 1355 3289 Nediccrent
1380 3246 1394 3286 :
1425 3231 1671 3287 Circum-
1853 3218 1940 3285 15⁷.
1964 3231 2211 3287 Ancusr.
2241 3230 2419 3304 (ibid.)
2446 3231 2530 3286 Ne
2554 3232 2869 3296 libertatem,
2888 3231 2939 3285 id
2958 3239 3072 3293 est,
3097 3218 3374 3284 nevaudito

123 3321 209 3375 citi
234 3334 423 3379 tantum
448 3339 746 3393 possumus
766 3339 885 3379 nos.
923 3323 1015 3380 Vel
1039 3324 1258 3395 quidam
1285 3323 1500 3379 illorum
1528 3323 1679 3379 vole-
1783 3323 2004 3378 nomine
2064 3322 2332 3378 libertatis
2379 3324 2535 3379 vobis
2589 3324 2808 3394 impune
2861 3323 3194 3394 peccandum
3248 3336 3375 3377 esse

124 3408 229 3464 bant
252 3412 311 3466 ci.
328 3413 588 3479 Cdlllcldl,
614 3412 667 3467 id
695 3422 802 3481 est,
828 3413 1124 3470 modicum.
1783 3414 2146 3471 arbitremini.

180 3501 465 3559 7.Aucusr.
492 3502 679 3574 (ibid.)
714 3502 983 3558 Modicum
1007 3502 1339 3573 fermentum.
1363 3502 1470 3559 Eos
1500 3510 1680 3559 autem
1856 3508 1943 3563 16.
1995 3507 2196 3561 Laure.
2244 3505 2352 3563 Per
2391 3507 2721 3562 charitatem.
2752 3506 2916 3573 Quasi
2961 3503 3169 3559 diceret
3203 3520 3218 3558 ;
3258 3503 3373 3560 sola

126 3604 310 3658 parcis,
340 3594 426 3662 qui
469 3593 543 3647 ad
584 3591 705 3647 illos
730 3593 1054 3657 veniebant,
1084 3601 1139 3649 et
1160 3592 1248 3648 isti
1283 3590 1403 3664 [al.,
1445 3601 1504 3646 ut.
1548 3592 1678 3665 ista]

1809 3601 2027 3657 :haritas
2051 3611 2232 3673 potest
2261 3614 2359 3654 nos
2384 3598 2629 3664 salvare,
2658 3606 2840 3668 spreta
2879 3595 3085 3652 carnali
3113 3595 3371 3651 observa-

127 3684 396 3752 suadercnt,
437 3687 576 3758 quia
606 3686 991 3755 cooperatione
1040 3685 1160 3759 [al.,
1191 3686 1246 3742 in
1274 3686 1682 3756 comparatione
1715 3668 1758 3723 Β
1789 3692 1964 3759 tione;
2021 3668 2076 3748 et
2134 3691 2312 3748 reddit
2360 3705 2580 3745 causam
2628 3689 2814 3745 dicens
2855 3706 2869 3744 :
2910 3688 3035 3760 quia
3074 3689 3248 3745 omnis
3286 3687 3371 3743 lex

128 3775 473 3851 multitudinis]
544 3777 862 3833 Galatarum
914 3777 1252 3834 credentium
1303 3777 1484 3850 exigui
1542 3776 1678 3851 [al.,

127 3866 237 3937 exigi
258 3868 309 3939 ο]
349 3885 585 3927 numero
610 3880 787 3935 erant,
818 3870 1143 3927 fermentum
1175 3869 1430 3941 appellat.

179 3956 225 4015 8.
266 3960 431 4032 (ibid.)
487 3961 611 4030 Ego
661 3970 857 4016 autem.
910 3960 1323 4034 Intelligendum
1383 3969 1469 4021 est
1513 3959 1683 4016 fuisse

126 4053 349 4119 quosdam
372 4056 460 4126 qui
484 4054 742 4111 dicerent
788 4053 953 4108 etiam
1009 4053 1183 4124 ipsum
1217 4052 1443 4109 Paulum
1482 4052 1533 4108 id
1559 4068 1685 4109 sen-

129 4150 225 4197 lll'tf.

184 4233 229 4289 9.
256 4234 445 4292 Laure.
494 4236 615 4308 Ego
638 4245 833 4292 autem.
888 4236 1180 4293 Dicebatur
1224 4235 1432 4293 Calatis
1464 4252 1494 4291 a
1534 4237 1685 4294 falsis

128 4329 569 4395 prardicatoribus,
598 4329 744 4397 quod
794 4327 995 4384 Paulus
1044 4329 1209 4385 etiam
1259 4329 1553 4399 Apostolus
1580 4330 1687 4384 cir-

130 4419 475 4474 cumcisionem
507 4418 855 4490 praedicaret,
898 4426 953 4474 ct
992 4419 1135 4474 hanc
1175 4418 1537 4489 suspicionem
1575 4434 1686 4474 ase

130 4509 367 4577 removet;
394 4509 516 4565 ideo
544 4506 690 4563 enim
730 4524 760 4562 a
791 4505 990 4563 Jndaais
1041 4507 1473 4578 persecutionem
1523 4508 1687 4563 susti-

133 4597 287 4664 nebat,
312 4601 435 4671 quia
456 4598 933 4657 circumcisionem
952 4597 1311 4669 improbabat,
1334 4605 1390 4653 et
1417 4612 1514 4669 per
1527 4597 1685 4653 ﬁdem

132 4693 585 4765 crucisjnstiﬁcari
613 4694 889 4751 hominem
919 4695 1217 4749 asserebat.
1262 4692 1417 4749 Unde
1440 4692 1687 4749 etludmi

134 4781 358 4841 adversus
409 4803 536 4842 cum
587 4785 1125 4853 scandalizabantur;
1181 4787 1324 4856 quod
1374 4787 1687 4843 scandalum

134 4883 416 4930 etaetiatum
448 4884 617 4943 esset,
655 4876 701 4932 si
752 4876 1068 4933 circumcidi
1116 4876 1314 4933 debere
1344 4878 1528 4935 ﬁdeles
1554 4895 1689 4952 prae-

136 4961 329 5019 dicaret.

194 5053 537 5114 lﬁAucusr.
586 5058 761 5129 (ibid.)
824 5057 964 5130 Ergo
988 5071 1299 5116 evacuatum
1346 5072 1441 5128 est,
1486 5062 1542 5117 id
1582 5071 1690 5131 est,

136 5146 233 5203 sine
254 5166 410 5206 causa
442 5153 745 5217 Christum,
786 5169 908 5209 cum
936 5154 1040 5209 ista
1067 5163 1460 5220 contemneret,
1523 5169 1687 5216 scan-

138 5236 321 5296 dalizati
345 5242 517 5299 .luda:i
541 5245 931 5300 crnciﬁxerunt
964 5246 1011 5300 si
1037 5245 1217 5301 adhuc
1244 5246 1344 5311 cis,
1374 5262 1472 5317 pro
1498 5246 1693 5318 quibus

140 5334 399 5391 cruciﬁxus
428 5347 536 5403 est,
570 5336 694 5390 talia
722 5338 1040 5392 suadentur.

200 5419 274 5475 ll.
297 5422 492 5480 Lsxrn.
527 5425 853 5482 Scandalum
884 5427 1075 5482 crucis.
1131 5426 1285 5493 Quod
1335 5439 1554 5501 propter
1597 5447 1694 5489 vos

143 5516 629 5581 partulittjhristus.
662 5522 793 5578 nihil
820 5523 1038 5593 prodest
1061 5522 1233 5588 vobis,
1280 5524 1325 5579 si
1381 5525 1695 5584 circumcidi

144 5601 316 5662 velitis.

208 5696 287 5754 η.
320 5701 554 5761 Αυουετ.
607 5706 780 5778 (ibid.)
826 5709 1026 5763 utinam
1060 5721 1107 5764 et
1142 5711 1535 5767 abscinduntur.
1579 5712 1699 5769 Ele-

150 5791 441 5855 gantissirua
492 5798 866 5871 ambiguitate,
909 5802 1061 5872 quasi
1112 5804 1211 5859 sub
1252 5806 1431 5876 specie
1474 5802 1694 5861 Inaledi-

1718 5012 1765 5074 C

1785 3787 2075 3843 dilectione
2108 3786 2390 3857 impletur;
2426 3792 2481 3838 et
2508 3784 2611 3838 hac
2632 3782 2918 3839 occasione
2950 3782 3185 3836 breviter
3206 3796 3372 3851 espo-

1786 3879 1866 3934 nit
1902 3894 2024 3950 quae
2064 3879 2237 3934 vitare
2273 3886 2329 3933 et
2368 3892 2489 3947 qua:
2535 3890 2761 3932 servare
2801 3876 3033 3931 debeant
3072 3873 3372 3929 Christiani

1785 3986 1880 4041 pro
1903 3971 2169 4026 servanda
2199 3970 2484 4025 charitate.
2514 3968 2722 4036 Quibus
2750 3966 3000 4037 expletis,
3035 3964 3101 4020 ad
3129 3966 3374 4033 superio-

1788 4078 1902 4118 rem
1926 4062 2361 4119 circumcisionis
2388 4061 2529 4117 redit
2559 4069 2870 4115 tractatum.

1859 4153 1945 4208 i7.
1976 4154 2219 4210 Auccsr.
2248 4152 2424 4224 (ibid.)
2450 4150 2635 4206 Omnis
2658 4150 2760 4205 lex.
2785 4149 3011 4205 Omnem
3033 4147 3203 4219 legem
3231 4164 3375 4204 nunc

1786 4248 1919 4303 dicit
1940 4262 2004 4302 ex
2048 4246 2132 4301 his
2160 4246 2415 4316 operibus
2443 4260 2564 4313 quae
2588 4246 2654 4298 ad
2680 4242 2851 4297 bonos
2880 4256 3059 4297 mores
3081 4242 3374 4312 pertinent.

1863 4337 1949 4393 18.
1993 4336 2196 4390 Laure.
2237 4334 2439 4403 Spiritu
2470 4331 2754 4386 ambulate.
2792 4330 2859 4384 Et
2888 4330 3012 4400 quia
3040 4344 3145 4383 non
3181 4329 3377 4383 suﬁicit

1788 4432 2066 4488 abstinuere
2095 4444 2125 4484 a
2164 4427 2339 4493 malo,
2371 4426 2477 4481 nisi
2516 4426 2611 4480 ﬁat
2648 4425 2881 4489 bonum,
2915 4423 3161 4493 sequitur
3186 4422 3375 4492 spiritu

1788 4520 2080 4587 ambulate,
2104 4528 2159 4575 et
2181 4517 2449 4574 habebitis
2472 4518 2574 4571 hoc
2597 4515 2893 4587 proﬁcuum
2911 4513 3085 4585 ,quod
3107 4512 3377 4569 desideria

1790 4611 1972 4668 carnis
2012 4625 2118 4667 non
2160 4608 2474 4681 perﬁcietis.
2518 4608 2584 4663 Et
2609 4606 2791 4661 subdit
2819 4623 2916 4661 cur
2969 4606 3241 4661 contraria
3272 4620 3378 4659 nor.

1791 4713 1939 4771 sunt,
1969 4712 2023 4759 ct
2052 4703 2204 4774 ponit
2236 4700 2665 4769 designationem
2695 4699 2747 4752 in
2776 4698 2941 4759 libro;
2979 4699 3078 4753 hoc
3097 4697 3240 4752 enim
3273 4694 3379 4750 sibi

1792 4796 2022 4854 invicem
2049 4810 2063 4848 :
2089 4804 2142 4850 et
2170 4794 2399 4865 probat,
2423 4791 2548 4861 quia
2572 4791 2962 4860 concupiscunt
2990 4788 3276 4844 adversum
3298 4801 3385 4852 se,

1794 4903 1823 4943 a
1852 4886 2054 4957 specie.

1867 4978 1953 5033 ‘19.
1983 4977 2223 5032 Accusr.
2254 4973 2354 5047 (De
2378 4972 2567 5029 Genesi
2589 4973 2657 5026 ad
2680 4971 3064 5041 litteram,cap.
3092 4970 3205 5041 12.)
3247 4969 3389 5024 Caro

1801 5068 2136 5138 concupiscit.
2161 5065 2392 5123 Carnem
2423 5053 2607 5135 itaque
2627 5064 3102 5135 concupiscentem
3126 5062 3390 5114 adversus

1801 5158 2049 5227 spiritum
2104 5158 2238 5213 dicit
2284 5156 2610 5229 Apostolus;
2655 5155 2927 5211 carnalem
2970 5151 3388 5224 proculdubio

1803 5249 2255 5318 delectationem,
2283 5265 2447 5320 quam
2476 5250 2544 5305 de
2565 5263 2729 5303 carne
2749 5258 2802 5304 et
2831 5264 2953 5303 cum
2973 5260 3144 5301 carne
3165 5244 3389 5315 Spiritus

1811 5344 1977 5401 habet
2009 5346 2269 5402 adversus
2304 5346 2752 5411 delectationem,
2794 5358 2957 5412 quam
2998 5340 3144 5395 solus
3190 5337 3389 5407 habet;

1804 5438 1953 5495 solus
1978 5437 2178 5507 quippe
2204 5435 2397 5502 habet,
2438 5437 2491 5491 ni
2532 5436 2707 5499 fallor,
2751 5434 2889 5488 illud‘
2916 5431 3242 5487 desiderium
3280 5446 3388 5485 nun

1802 5542 1926 5584 cum
1954 5526 2139 5583 carnis
2171 5524 2478 5595 voluptate,
2510 5523 2593 5579 vel
2623 5523 2921 5577 carnalium
2964 5535 3144 5575 rerum
3175 5520 3388 5589 cupidi-

1805 5627 1915 5674 tate
1939 5617 2318 5684 commistnm;
2344 5618 2486 5688 quod
2516 5615 2786 5670 desiderat
2810 5614 2985 5667 anima
3005 5652 3019 5679 ,
3044 5619 3099 5667 et
3118 5612 3392 5668 desiderat

1805 5711 1861 5768 in
1890 5712 2026 5768 atria
2057 5711 2289 5767 Domini.

1881 5806 1969 5861 20.
2005 5806 2201 5863 Lassa.
2239 5803 2376 5860 Caro
2413 5800 2755 5873 concupiscit.
2796 5799 2961 5868 Quasi
2997 5800 3236 5856 diceret:
3267 5796 3394 5853 Ideo
