3964 6290
523 357 629 413 ’ἰεό

1515 347 1577 400 Β.
1614 342 2009 401 LANFRANCI
2048 339 2399 398 CANTUAR.
2438 341 2755 397 ARCHIEP.

3674 345 3778 402 εει

523 470 667 526 enim
717 465 819 521 sibi
860 464 1090 518 invicem
1129 461 1485 516 adversantur
1518 459 1610 513 2i.
1641 467 1830 513 utnon
1859 470 2213 526 quascumque
2255 454 2449 521 vultis,
2481 454 2569 508 illa
2610 454 2823 509 faciatis
2857 454 2947 508 22.
2989 453 3142 520 Quod
3180 455 3225 509 si
3259 454 3452 525 spiritu
3481 456 3777 523 ducitnini,

525 565 668 631 (item
699 561 847 615 aliud
890 559 1213 628 proﬁcuum,
1244 559 1288 611 si
1318 557 1504 627 spiritu
1542 554 1831 624 ambulem)
1862 570 2015 623 ergo,
2056 553 2144 607 23.
2180 566 2284 605 non
2320 552 2451 607 estis
2474 552 2574 606 sub
2603 552 2749 621 lege,
2790 553 2941 605 servi.
2979 551 3069 607 ει.
3105 551 3386 607 Manifesta
3427 562 3551 608 sunt
3592 563 3778 609 autem

516 670 720 726 Opera,
748 654 1009 707 desideria
1027 693 1040 717 ,
1075 652 1257 706 carnis
1285 648 1514 721 (probat)
1538 664 1657 718 qua:
1680 657 1838 713 sunt,
1870 646 2162 702 fornicatio
2189 656 2372 701 contra
2400 656 2675 712 naturam,
2710 647 3047 701 itnmunditia
3067 688 3082 712 ,
3112 649 3165 701 in
3200 650 3615 717 consanguineos
3637 692 3652 714 ,
3686 650 3782 703 im-

522 750 780 821 pudicitia
799 791 812 815 ,
842 749 1050 802 luxuria
1071 788 1087 814 ,
1117 749 1168 801 in
1196 747 1538 818 quibuslibet,
1566 745 1831 799 idolorum
1866 745 2127 809 servitus,
2158 744 2419 798 veneﬁcia
2440 786 2455 810 ,
2486 744 2808 809 inimicitiae,
2834 746 3238 809 contentiones,
3261 745 3353 799 25.
3379 745 3779 809 aemulationes,

525 845 653 911 iras,
689 845 851 909 rixae,
888 843 1048 913 136
1070 843 1465 906 dissentiones,
1495 844 1547 893 in
1576 840 1716 907 ﬁde,
1749 849 1943 905 sectae,
1986 839 2076 894 26.
2112 839 2363 905 invidiae,
2395 839 2715 905 homicidia,
2752 840 3077 905 ebrietates,
3119 841 3575 903 comessationes,
3610 848 3670 896 et
3701 841 3783 896 his

523 940 756 1003 similia,
784 954 901 1008 qua:
944 938 1179 1007 praedico
1218 937 1372 992 vobis
1403 954 1506 991 non
1542 953 1652 990 esse
1678 936 1956 1006 facienda,
1999 937 2139 990 sicut
2178 935 2436 1005 praedixi,
2471 936 2727 1006 quoniam
2756 936 2845 1005 qui
2889 935 3015 991 talia
3052 946 3250 1007 agunt,
3289 952 3517 1006 regnum
3550 937 3644 991 Dei
3679 952 3780 992 non

523 1045 944 1106 consequentur.
988 1034 1077 1088 27.
1122 1034 1383 1099 Fructus,
1432 1032 1628 1104 opera,
1669 1042 1850 1088 autem
1880 1033 2105 1102 spiritus
2136 1042 2250 1098 est,
2290 1032 2560 1096 cbaritas,
2601 1032 2890 1101 gaudium,
2929 1047 3063 1102 pax,
3104 1032 3402 1101 patientia,
3445 1028 3781 1097 benignitas,

522 1131 763 1190 bonitas.
797 1131 1211 1201 longanimitas,
1242 1133 1631 1200 mansuetudo,
1666 1133 1826 1195 ﬁdes,
1857 1132 2122 1186 modestia
2143 1171 2157 1192 .
2186 1132 2550 1197 continentia,
2587 1132 2829 1188 castitas.
2864 1131 2962 1186 hoc
2987 1131 3181 1185 debetis
3206 1132 3410 1200 facere,
3439 1131 3564 1200 quia
3592 1130 3785 1183 adver-

523 1238 616 1279 sus
646 1226 950 1295 lutjusmodi
987 1240 1091 1280 non
1117 1234 1200 1280 est
1227 1226 1335 1281 lex.
1364 1226 1721 1298 (assumptio.)
1753 1226 1853 1294 Qui
1878 1236 2057 1280 autem
2085 1235 2212 1280 sunt
2241 1226 2471 1293 Christi,
2496 1226 2587 1283 28.
2616 1242 2835 1281 carnem
2862 1242 3012 1281 suam
3040 1227 3308 1289 vitiosam,
3340 1235 3386 1279 et
3417 1224 3786 1292 concupiscen—

524 1324 625 1368 tem
654 1317 1046 1373 cruciﬁxerunt
1073 1336 1195 1375 cum
1220 1320 1367 1376 vitiis
1401 1331 1456 1376 et
1492 1322 1967 1391 concupiscentiis.
1994 1320 2251 1375 Debemus
2278 1322 2461 1391 spiritu
2493 1321 2786 1387 ambulare,
2817 1322 2906 1387 29,
2936 1322 3024 1377 50.
3058 1321 3113 1375 Si
3139 1322 3283 1375 enim
3308 1321 3502 1391 spiritu
3531 1320 3783 1382 vivimus,

526 1412 715 1480 spiritu
740 1425 944 1484 sumpto
974 1418 1028 1469 in
1057 1417 1313 1487 baptismo
1350 1427 1405 1474 et
1434 1420 1808 1485 ambulemus,
1833 1417 2106 1473 ambulare
2129 1418 2394 1474 debemus.
2436 1417 2554 1474 Non
2587 1417 2885 1475 eﬁiciamur
2914 1418 3091 1475 inanis
3116 1417 3299 1490 gloria:
3320 1418 3533 1487 cupidi,
3557 1416 3784 1470 invicem

523 1517 912 1576 provocantes,
942 1509 1171 1570 invicem
1197 1515 1515 1572 invidentes.

1959 1646 2188 1706 CAPUT
2237 1646 2324 1703 Vi.

598 1793 849 1862 Fratres,
878 1807 933 1852 et
974 1800 1023 1853 l.
1064 1801 1107 1855 si
1151 1811 1558 1872 praeoccupatus
1595 1804 1758 1860 fuerit
1790 1806 1950 1861 homo
1989 1806 2160 1875 (aliud
2198 1815 2515 1877 praeeptuns
2550 1806 2769 1877 morale)
2798 1806 2851 1860 in
2889 1805 3071 1875 aliquo
3106 1805 3335 1871 delicto,
3369 1819 3468 1860 vos
3498 1805 3586 1875 qui
3631 1804 3790 1874 spiri-

531 1887 704 1943 tuales
728 1890 889 1957 estis,
914 1893 1219 1961 huiusmodi
1252 1898 1504 1955 iustruite
1529 1900 1581 1954 in
1606 1899 1797 1970 spiritu
1828 1902 2066 1958 lenitatis
2085 1944 2101 1969 ,
2131 1920 2234 1958 non
2254 1905 2468 1968 acriter,
2491 1904 2842 1958 considerans
2862 1943 2878 1962 .
2909 1913 2966 1957 tu
2997 1904 3295 1967 instruens,
3325 1913 3376 1958 te
3402 1902 3572 1972 ipsum
3596 1942 3614 1967 ,
3647 1918 3716 1956 ne
3736 1911 3787 1955 et

525 1986 837 2057 quandoque
867 1990 1114 2046 similiter
1137 2003 1192 2048 tu
1225 1996 1468 2052 teuteris.
1498 1997 1554 2064 2,
1585 1998 1637 2052 5.
1662 1999 1817 2054 Alter
1847 2000 2073 2055 alterius
2104 2015 2268 2055 onera
2309 2009 2555 2071 portate,
2585 2009 2640 2055 et
2666 2000 2745 2055 sic
2774 1999 3137 2069 adimplehitis
3163 2000 3216 2055 ι.
3249 2000 3420 2072 legem
3452 1998 3678 2054 Christi.
3710 1998 3787 2051 Ad

530 2080 629 2135 hoc
664 2086 803 2154 quod
836 2087 968 2141 dixit
998 2091 1333 2147 considerans
1360 2103 1407 2147 te
1431 2094 1621 2164 ipsum.
1652 2095 1785 2150 Nam
1827 2097 1870 2152 si
1900 2097 2023 2167 quis
2051 2098 2326 2154 existimat
2351 2114 2411 2153 se
2439 2097 2643 2168 aliquid
2682 2111 2832 2163 esse,
2867 2097 2920 2150 id
2956 2106 3030 2152 est
3050 2138 3065 2162 ,
3097 2098 3141 2152 si
3171 2099 3288 2170 quis
3313 2096 3515 2151 extollit
3545 2112 3627 2157 se,
3667 2111 3788 2150 cum

527 2174 636 2242 ipse
666 2178 799 2233 nihil
827 2181 927 2249 sit,
972 2184 1028 2249 5,
1067 2183 1121 2251 6,
1158 2186 1272 2255 ipse
1302 2202 1360 2242 se
1392 2189 1619 2245 seducit.
1653 2191 1704 2243 7.
1742 2190 1889 2262 Opus
1929 2200 2108 2248 autem
2148 2208 2303 2249 suum
2334 2194 2554 2262 probet,
2597 2194 2871 2263 probatum
2912 2193 3106 2263 faciat,
3145 2194 3547 2263 unusquisque,
3586 2200 3645 2246 et
3680 2190 3784 2255 sic,

532 2269 665 2321 nulli
691 2273 810 2341 plus
839 2277 1052 2334 credens
1077 2281 1141 2335 de
1173 2298 1226 2336 se
1251 2300 1407 2354 quant
1429 2286 1555 2351 sibi,
1588 2286 1640 2341 itt
1668 2289 1959 2361 semetipso
2000 2297 2204 2345 tantum
2236 2290 2460 2360 gloriam
2488 2289 2737 2355 habebit,
2766 2299 2822 2344 et
2859 2305 2967 2344 non
2996 2292 3049 2346 in
3081 2291 3279 2356 altero,
3312 2292 3367 2344 in
3399 2291 3621 2344 alterius
3651 2288 3786 2359 falsa

528 2363 722 2433 ίαιιάεὶ
758 2387 887 2441 opus
916 2375 1119 2443 probet,
1149 2376 1530 2450 Unusquisque
1543 2384 1687 2437 enim
1713 2384 1869 2455 137
1886 2400 2043 2450 onus,
2072 2385 2341 2451 meritum,
2366 2399 2523 2440 suum
2545 2385 3070 2456 portabit,quidquid
3100 2387 3239 2439 dicat
3267 2386 3605 2441 adutator.8.
3625 2385 3787 2440 Com-

512 2464 765 2551 qtnunicet
812 2472 1069 2541 autetngis
1113 2473 1203 2543 qui
1252 2477 1622 2533 calccltizatur
1660 2480 1841 2547 verbo,
1886 2482 2259 2552 prtedicatione
2301 2483 2667 2552 conﬁrmatur,
2693 2482 2740 2536 ei
2764 2482 3120 2553 pradicatori,
3152 2484 3246 2553 qui
3280 2500 3341 2540 se
3365 2485 3710 2549 catechizat,
3737 2484 3797 2538 in

1864 2637 2427 2715 COMMENTARIUS.

524 2759 807 2831 utriusque
833 2764 1100 2820 desideria
1134 2782 1239 2823 non
1269 2771 1495 2837 potestis
1523 2772 1784 2842 perﬁcere
1816 2775 1940 2843 quia
1969 2790 2102 2830 con-
2135 2783 2182 2839 Α
2284 2776 2373 2831 50.
2415 2776 2657 2831 Accusr.
2698 2775 2757 2831 Si
2791 2778 2979 2847 spiritu
3017 2778 3261 2845 vivimus,
3295 2780 3346 2834 id
3382 2790 3466 2835 cst
3500 2782 3545 2835 si
3586 2781 3787 2852 Spiritu

524 2853 691 2941 traria
719 2853 863 2909 inter
886 2872 945 2910 se
969 2867 1112 2911 sunt.
1140 2858 1205 2913 Et
1231 2861 1332 2915 hoc
1358 2872 1483 2931 apte
1509 2864 1703 2935 repetit
1730 2865 2062 2936 subsequens
2086 2884 2100 2920 :

523 2942 636 2995 [nec
666 2946 801 2998 enim
833 2948 931 2999 sibi
960 2948 1175 3003 invicem
1196 2951 1559 3018 adversantur,
1592 2964 1695 3010 etc.

597 3031 690 3086 2t.
722 3034 960 3091 Aucusr.
988 3037 1066 3107 (ut
1088 3056 1203 3110 sup.
1226 3042 1296 3094 ad
1323 3041 1524 3116 Galat.)
1555 3043 1619 3099 Ut
1642 3064 1744 3101 non
1769 3065 2106 3120 (laterumque

526 3124 707 3178 vultis.
739 3125 815 3181 De
847 3127 930 3182 Itis
951 3129 1153 3185 dictum
1178 3141 1263 3188 est
1288 3135 1379 3204 qui
1401 3138 1629 3207 gratiam
1657 3140 1775 3194 ﬁdei
1802 3151 2103 3213 susceptam

531 3224 719 3272 tenere
758 3218 966 3275 nolunt.
1005 3221 1197 3278 Volunt
1239 3228 1382 3281 enim
1410 3243 1571 3298 opera
1605 3229 1832 3298 justitia‘
1858 3235 2102 3304 operari.

526 3308 621 3362 sed
649 3310 934 3366 vincuntur
962 3319 1399 3386 concupiscentia
1440 3323 1642 3375 carnis.

598 3400 687 3455 22.
733 3403 932 3459 ΒΑΜ-η.
970 3406 1123 3472 Quod
1167 3412 1214 3463 si
1249 3413 1435 3473 spiritu
1476 3414 1762 3479 ducimini,
1807 3415 1857 3469 id
1895 3426 2007 3481 est,
2057 3418 2103 3473 si

532 3489 771 3569 (Spiritus
798 3505 1019 3552 sanctus
1050 3503 1361 3555 moderatur
1388 3504 1568 3569 vobis,
1608 3505 1776 3574 legem
1816 3506 2108 3563 carnaliter

528 3594 635 3651 non
683 3584 1008 3641 Oi.SCl'\.'|liS.
1046 3589 1138 3644 Vel
1185 3591 1475 3661 legem.....
1525 3594 1627 3649 nisi
1678 3595 1794 3664 plus
1845 3596 2105 3653 facientes

527 3686 689 3743 (γαίη
718 3674 804 3728 les
827 3674 1037 3742 juhcat.

599 3761 688 3815 25.
715 3763 952 3820 Aucus'r.
979 3768 1155 3839 (ibid)
1180 3770 1303 3825 Non
1325 3772 1446 3827 estis
1471 3773 1566 3826 sub
1588 3773 1715 3845 lege.
1741 3774 2106 3846 lutelligamus

532 3868 628 3908 eos
678 3870 798 3910 esse
835 3860 936 3913 sub
976 3861 1094 3931 lege
1127 3877 1356 3931 quorum
1399 3866 1621 3935 spiritus
1665 3868 1735 3921 ita
1775 3869 2108 3937 concupiscit

528 3945 787 4003 adversus
807 3964 1026 4007 carnem
1055 3964 1109 4008 ut
1132 3970 1239 4009 non
1264 3971 1324 4010 ea
1348 3972 1468 4027 quae
1492 3959 1674 4014 volunt
1705 3960 1925 4016 faciant.

599 4037 688 4092 ει.
733 4039 935 4095 LANl-‘R.
973 4042 1255 4114 Manifesta
1304 4057 1479 4101 autem
1526 4059 1646 4103 sunt
1697 4068 1854 4120 opera
1905 4052 2102 4105 carnis.

2215 2875 2405 2919 saneto
2432 2868 2763 2932 scrvianms,
2794 2868 3155 2937 spiritualiter
3180 2872 3503 2924 serviamus.

2279 2957 2428 3013 CAP.
2451 2957 2535 3012 Vl.
2558 2988 2627 2998 —
2654 2959 2699 3011 l.
2726 2957 2926 3011 [ΑΜ-ιι.
2953 2958 3014 3013 Si
3036 2971 3411 3029 preoceupatus
3436 2962 3582 3015 hom:
3611 2963 3791 3031 fuerit.

2209 3047 2286 3103 Ita
2327 3050 2531 3103 instrue
2567 3063 2635 3103 ne
2673 3058 2893 3119 prapter
2926 3050 3338 3105 instructionem
3389 3053 3701 3117 extollaris,
3738 3042 3797 3107 et.

2208 3140 2373 3195 cadas
2403 3141 2455 3193 in
2496 3140 2709 3195 vitium.
2750 3140 2877 3207 Vel,
2918 3141 3113 3197 leniter
3148 3143 3384 3207 instrue,
3420 3144 3548 3213 quia
3592 3156 3649 3199 tu
3680 3145 3773 3200 for.

2210 3245 2354 3291 tasse
2382 3238 2543 3290 cades
2571 3235 2623 3289 in
2654 3235 2863 3290 vitium.

2226 3346 2229 3347 ν
2281 3326 2333 3379 2.
2368 3326 2512 3379 Alter
2535 3326 2753 3379 alterius
2781 3342 2939 3378 onera
2977 3335 3198 3395 portate.
3241 3325 3296 3380 Si
3339 3327 3541 3381 videris
3574 3327 3785 3381 fratrem

2212 3419 2263 3473 in
2292 3418 2473 3487 aliquo
2501 3417 2699 3477 tlelicto
2720 3460 2732 3483 ,
2768 3418 2963 3471 leniter
3000 3418 3213 3487 corripe
3246 3418 3425 3485 illum,
3457 3418 3540 3473 vel
3570 3438 3666 3473 ora
3700 3436 3787 3491 pro

2208 3509 2299 3563 illo
2321 3550 2334 3571 ,
2368 3519 2421 3563 et
2449 3511 2526 3563 sic
2558 3510 2759 3564 levabis
2781 3526 2916 3562 onus
2944 3509 3079 3578 ejus.

2278 3602 2331 3655 5.
2356 3601 2812 3671 Ancusr.(Traet.
2838 3602 2892 3655 5.
2917 3602 2971 3654 in
2994 3601 3127 3669 psal.
3155 3604 3532 3672 cxt.ttt.).tltcr
3551 3601 3767 3658 alterius

2207 3692 2307 3758 Qui
2332 3701 2549 3762 portant
2576 3693 2806 3746 invicem
2836 3707 2999 3746 onera
3034 3707 3128 3747 sua
3149 3734 3162 3756 ,
3191 3694 3290 3747 nisi
3317 3694 3406 3763 qui
3435 3694 3642 3749 habent
3669 3695 3775 3749 cha-

2207 3785 2457 3838 ritatem?
2479 3784 2578 3850 Qui
2607 3798 2711 3837 non
2738 3784 2936 3837 habent
2958 3774 3277 3838 cltaritatem
3304 3801 3496 3855 graves
3520 3795 3648 3839 sunt
3672 3786 3785 3840 sibi.

2207 3876 2305 3941 Qui
2338 3885 2517 3929 autem
2561 3876 2761 3929 habent
2798 3875 3118 3928 charitatem
3159 3884 3376 3945 portant
3418 3891 3495 3929 se.
3538 3875 3707 3930 Lmsit
3744 3884 3787 3930 te

2208 3968 2438 4036 aliquis,
2478 3968 2613 4037 petit
2651 3969 2898 4031 veniam;
2932 3968 2974 4021 si
3022 3982 3125 4025 non
3156 3968 3418 4030 dimittis.
3462 3985 3568 4023 non
3608 3979 3788 4039 portas

2208 4076 2347 4115 onus
2378 4062 2563 4116 fratris
2588 4061 2683 4115 ttti.
2718 4060 2773 4115 Si
2809 4061 3066 4128 dimittis,
3101 4068 3284 4131 portas
3316 4063 3612 4119 inﬁrmum.
3649 4065 3713 4119 Et
3738 4076 3786 4118 tn

522 4126 722 4229 Probat
749 4135 872 4203 quia
904 4152 1010 4191 non
1046 4140 1326 4208 perﬁcient
1352 4157 1518 4212 opera
1545 4144 1759 4209 carnis,
1798 4146 1923 4214 quia
1957 4147 2094 4209 isla.
2128 4132 2176 4192 Β
2205 4154 2247 4209 si
2295 4153 2433 4209 forte
2477 4155 2529 4207 in
2575 4154 2809 4224 aliquam
2864 4154 3232 4209 inﬁrmitatem
3275 4157 3542 4211 cecideris
3565 4199 3579 4221 .
3635 4160 3787 4229 quasi

524 4233 581 4275 et
610 4222 712 4277 ista
740 4235 864 4280 sunt
887 4242 1050 4298 Opera
1076 4231 1283 4298 carnis;
1319 4234 1414 4287 sed
1437 4234 1540 4289 hoc
1565 4250 1673 4290 non
1703 4236 2004 4305 perﬁcient.
2035 4237 2100 4291 Et

520 4316 625 4400 hoc
649 4327 733 4372 est
758 4322 901 4388 quod
930 4322 1059 4376 dicit
1084 4340 1097 4376 :
1120 4325 1211 4393 qui
1241 4336 1413 4380 autem
1441 4337 1561 4381 sunt
1590 4326 1817 4393 Christi,
1850 4337 1955 4384 etc.

591 4409 683 4464 25.
726 4411 966 4467 Aucusr.
1011 4414 1187 4484 (ibid.)
1232 4415 1640 4472 /Entulationes.
1680 4417 1979 4475 Emulatio
2016 4427 2102 4475 est

522 4501 674 4557 dolor
702 4506 867 4561 annui
903 4521 1025 4560 cum
1054 4506 1192 4563 alius
1230 4509 1480 4578 pervenit
1513 4511 1580 4565 ad
1618 4527 1731 4566 rem
1771 4527 1934 4580 quam
1989 4512 2098 4567 duo

517 4592 771 4662 pluresve
814 4597 1174 4666 appetebant,
1225 4607 1279 4655 et
1323 4600 1425 4655 nisi
1477 4600 1547 4655 ab
1594 4618 1699 4657 uno
1746 4602 1934 4658 haberi
1989 4619 2095 4657 non

514 4694 709 4754 potest.

586 4778 673 4832 26.
708 4780 881 4852 (ibid.)
920 4782 1165 4838 Invidia.
1211 4783 1413 4840 Invidia
1452 4795 1534 4841 est
1572 4787 1729 4842 dolor
1767 4787 1931 4842 animi
1971 4803 2093 4842 cum

517 4870 771 4943 indignus
799 4875 1001 4944 aliquid
1030 4876 1242 4931 videtur
1268 4877 1517 4946 assequi,
1547 4878 1712 4932 etiam
1737 4878 1876 4947 quod
1902 4888 1957 4934 tu
1989 4894 2093 4934 non

513 4966 824 5033 appetebas.

586 5058 677 5114 27.
703 5060 905 5116 Laure.
930 5059 1159 5116 Fructus
1179 5072 1351 5116 autem
1374 5062 1606 5131 spiritus.
1628 5062 1749 5119 Etsi
1773 5063 1963 5133 spiritu
1987 5078 2095 5118 am-

515 5151 702 5211 bulent
721 5192 737 5217 ,
760 5168 924 5223 opera
948 5153 1172 5223 spiritus
1196 5152 1426 5219 facient,
1451 5155 1572 5223 quia
1606 5154 1928 5209 charitatem
1947 5195 1961 5220 ,
1984 5163 2089 5209 (te.

2210 4243 2403 4309 homo,
2435 4252 2649 4313 oportet
2688 4252 2746 4297 ιιι
2774 4243 2851 4297 sic
2883 4251 2934 4297 te
2965 4252 3143 4313 portet
3175 4244 3291 4310 ille,
3331 4246 3787 4315 quemadmodum

2203 4341 2257 4387 ct
2286 4342 2363 4386 ttt.

2272 4424 2326 4478 4.
2362 4423 2562 4478 LANFR.
2594 4422 2778 4493 Legem
2811 4423 3035 4492 Christi,
3070 4424 3120 4479 id
3152 4434 3234 4478 est
3264 4424 3631 4481 dilectionem.
3675 4444 3786 4497 ipse

2201 4516 2344 4572 enim
2372 4510 2543 4571 dixit:
2575 4515 2888 4570 Mandatum
2921 4534 3107 4571 novum
3146 4517 3213 4571 do
3249 4518 3391 4570 vobis
3412 4558 3427 4584 ,
3460 4529 3516 4572 ut
3550 4519 3785 4591 diligatis

2202 4607 2421 4660 invicem
2442 4646 2456 4671 ,
2480 4607 2612 4660 sicut
2649 4605 2810 4659 dilexi
2840 4622 2947 4659 ros.
3806 4604 3807 4607 “

2276 4699 2331 4754 5.
2363 4701 2600 4754 Aucusr.
2623 4697 2886 4769 (Exposit.
2929 4700 2983 4753 in
3026 4698 3195 4768 Epist.
3230 4702 3299 4754 ad
3335 4699 3538 4771 Calat.)
3584 4702 3706 4772 Ipse
3737 4719 3788 4756 se

2204 4791 2424 4846 seducit.
2467 4789 2585 4845 Non
2621 4789 2766 4844 enim
2802 4805 2925 4845 eum
2963 4795 3230 4845 seducunt
3279 4791 3593 4848 laudatores
3639 4810 3783 4863 epis,

2204 4882 2299 4935 sed
2329 4880 2446 4950 ipse
2482 4879 2692 4949 potius,
2727 4880 2851 4948 quia
2893 4896 3014 4935 cum
3074 4880 3171 4935 sibi
3206 4881 3275 4935 sit
3316 4882 3429 4951 ipse
3469 4884 3786 4952 praesentior

2202 4986 2364 5043 quam
2391 4971 2501 5037 illi,
2531 4971 2735 5025 mavult
2763 4986 2823 5026 se
2849 4971 2902 5025 in
2930 4971 3034 5025 illis
3055 4987 3298 5041 qtuerere
3321 4988 3483 5041 quam
3508 4973 3561 5027 in
3587 4968 3811 5044 seipse;

2272 5063 2322 5118 6.
2355 5063 2557 5117 [ΛΜ-ιι.
2584 5061 2707 5131 Ipse
2734 5078 2788 5116 se
2818 5061 3037 5115 seducit.
3082 5061 3244 5116 Ratio
3274 5078 3373 5116 cur
3394 5077 3529 5133 opus
3562 5065 3781 5133 probari

2200 5164 2466 5227 oporteat.

540 5302 545 5307 ,
577 5244 672 5302 9.8.
696 5245 922 5300 Carnem
948 5263 1098 5301 suam
1129 5247 1526 5315 cruciﬁxcrunt.
1558 5248 1647 5303 llle
1672 5248 1940 5320 cruciﬁgit
1965 5265 2090 5303 car-
2120 5286 2169 5351 ο
2271 5248 2323 5303 7.
2364 5245 2509 5317 Opus
2540 5255 2716 5299 autem
2772 5260 2924 5298 suum
2963 5245 3158 5313 probet.
3193 5244 3639 5317 Pseudoapostoli
3675 5251 3783 5304 lau-

513 5352 637 5392 nem
666 5353 821 5393 suam
862 5353 985 5391 cum
1024 5338 1205 5404 vitiis,
1248 5338 1339 5408 qui
1383 5339 1675 5397 immobilis
1711 5351 1769 5397 et
1802 5341 2092 5398 cruciﬁxus

512 5429 675 5484 nullis
707 5427 1009 5482 declinatur
1045 5428 1207 5483 vitiis.

579 5524 672 5580 29.
712 5524 951 5577 Auuuos.
991 5520 1048 5577 Si
1086 5524 1273 5593 spiritu
1312 5525 1545 5579 vivimus.
1586 5526 1852 5581 Convenit
1891 5540 1987 5580 nos
2037 5525 2087 5579 in

503 5615 597 5675 illa
632 5614 741 5668 vita
762 5651 778 5677 ,
810 5611 863 5665 in
893 5626 997 5680 qua
1019 5620 1117 5683 per
1141 5615 1389 5683 Spiritum
1422 5632 1606 5672 sumus
1636 5615 1933 5687 rcgcttcrati
1953 5656 1967 5683 ,
2004 5614 2088 5669 illa

508 5725 632 5779 qua:
653 5713 1020 5765 consentanea
1054 5718 1176 5763 sunt
1206 5708 1345 5765 illius
1376 5709 1494 5765 vita:
1523 5725 1700 5782 agere.

2198 5340 2401 5394 dabant
2423 5353 2545 5401 eos,
2572 5338 2691 5391 ideo
2714 5336 2844 5391 dicit
2867 5354 2879 5390 :
2907 5336 3051 5405 Opus
3074 5352 3227 5391 suum
3251 5340 3463 5408 probet,
3489 5356 3556 5394 ne
3579 5349 3783 5411 qumrat

2201 5429 2425 5499 gloriam
2458 5428 2512 5482 in
2541 5426 2744 5491 altero,
2774 5424 2825 5478 id
2849 5434 2930 5479 est
2949 5465 2963 5488 ,
2990 5425 3041 5478 in
3065 5425 3286 5481 alterius
3306 5428 3481 5493 dicto,
3509 5432 3604 5484 sed
3629 5432 3681 5484 in
3707 5445 3779 5484 se.

2269 5521 2324 5575 8.
2359 5516 2733 5572 Communicet.
2767 5514 2889 5581 Qui,
2924 5515 3118 5584 inquit,
3147 5518 3311 5571 verbo
3347 5517 3436 5572 Dei
3470 5521 3778 5585 instruitur,

2203 5612 2250 5665 ei
2280 5594 2381 5679 qui.
2402 5624 2459 5664 sc
2486 5607 2709 5663 instruit
2727 5606 3087 5660 communicet
3117 5606 3166 5659 in
3197 5608 3448 5663 omnibus
3471 5610 3631 5667 hortis
3652 5612 3776 5667 suis.

2198 5703 2389 5772 Arguit
2411 5716 2504 5756 eos
2532 5699 2841 5756 tenacitatis
2871 5698 2923 5754 in
2952 5699 3333 5768 prmtlicatores
3356 5717 3503 5756 suos.
3728 5708 3737 5715 °
