3880 6306
75 374 173 435 285
813 371 878 427 ιχ
917 374 976 427 ι).
1016 370 1220 427 rsum
1263 368 1478 423 hPlST.
1517 363 1872 421 COMMENT.
1901 395 1964 402 -
2005 363 2222 419 EPIST.
2256 364 2349 417 AD
2387 362 2642 419 GALAT.
3244 346 3351 421 ssc

76 489 324 547 outnilus
380 486 562 543 bonis.
616 486 669 540 9.
720 484 894 540 Nolite
920 500 1148 541 errare:
1193 483 1454 545 dicentes,
1512 496 1616 533 non
1662 478 1853 533 habere
1898 478 2024 548 quid
2065 479 2140 531 eis
2182 479 2625 534 connuumcetis:
2677 479 2764 533 10.
2823 479 2960 534 Deus
3010 494 3114 535 non
3162 481 3352 537 irridet-

78 597 187 648 tur;
214 586 303 639 11.
338 582 722 646 Communicet,
753 581 920 650 inquit
950 621 965 644 ,
998 594 1118 649 qua:
1148 578 1292 632 enim
1323 575 1671 631 seminaverit
1702 574 1864 629 homo
1895 574 1949 627 in
1979 575 2077 627 hoc
2107 573 2325 640 strculo,
2362 575 2475 629 hazc
2503 585 2555 627 et
2584 575 2638 628 in
2666 574 2845 644 futuro
2878 585 3061 639 metet,
3090 576 3178 630 12.
3210 577 3356 644 Quo-

75 683 206 738 niam
231 680 325 750 qui
354 680 593 735 semimt
623 676 712 730 l5.
737 677 790 730 in
821 691 985 729 carne
1008 690 1130 741 sua,
1162 673 1299 726 male
1331 671 1620 750 operando,
1647 670 1715 723 de
1749 684 1915 724 carne
1944 678 2001 724 et
2029 678 2191 724 metet
2230 669 2666 739 corruptionem;
2693 671 2785 738 qui
2826 680 3004 726 autem
3041 674 3272 728 seminat
3300 675 3351 729 in

75 778 289 847 spiritu,
334 776 407 829 de
446 775 640 844 spiritu
682 783 849 828 metet
886 774 1055 831 vitam
1096 780 1377 825 arternam.
1410 746 1616 822 Bonitm
1671 776 1852 821 autem
1896 767 2179 830 facientes,
2233 782 2343 831 non
2376 766 2729 832 deficiamus;
2771 776 3011 837 tempore.
3042 772 3194 825 enim
3230 787 3350 838 suo,

75 882 379 940 opportuno,
413 877 702 933 metemus,
753 850 857 922 non
885 868 1216 922 deficientes.
1254 865 1392 931 Quia
1426 876 1675 917 metemus
1717 863 2078 930 indeﬁcienter
2119 848 2276 931 Ergo,
2321 864 2447 916 dum
2492 872 2704 932 tempus
2747 864 3033 929 habemtts,
3066 881 3355 934 operemur

76 969 260 1020 bonum
296 966 370 1019 ad
402 980 617 1028 omnes,
658 964 892 1017 maxime
922 973 1102 1015 autem
1141 961 1228 1014 11.
1263 961 1328 1013 ad
1369 959 1698 1015 doztgesticos
1739 957 1883 1019 fidei,
1912 956 2264 1011 Christianos.
2300 957 2491 1013 Videte
2532 960 2619 1031 (ne
2666 960 2939 1022 epistolam
2988 962 3206 1015 alterius
3246 981 3355 1018 esse

74 1062 270 1133 putetis)
306 1061 564 1132 qualibus
594 1059 1012 1130 litterisseripsi
1045 1059 1201 1112 vobis
1247 1072 1362 1111 mea
1403 1072 1564 1110 manu
1615 1055 1700 1108 15.
1750 1054 2071 1124 Quicunque
2111 1056 2253 1109 enim
2287 1055 2474 1109 volunt
2502 1056 2718 1126 placere
2757 1058 2807 1111 in
2844 1073 3026 1123 carne,
3074 1062 3356 1116 carnaliter

76 1159 490 1220 circumcisione,
522 1157 574 1210 hi
607 1164 809 1225 cogunt
850 1169 945 1209 vos
976 1152 1316 1218 circumcidi,
1350 1160 1558 1204 tantum
1591 1159 1651 1204 ιιι
1685 1152 1865 1206 crucis
1901 1151 2101 1206 Christi
2143 1154 2570 1223 persecutionem
2615 1170 2716 1209 non
2768 1158 3066 1225 patiantur,
3105 1170 3331 1226 tantum,

77 1269 168 1306 non
211 1264 262 1305 ut
296 1253 403 1321 ipsi
450 1252 614 1322 legem
642 1250 959 1304 custodiant.
994 1247 1178 1318 Neque
1203 1248 1346 1303 enim
1371 1246 1459 1315 qui
1493 1246 1961 1301 circumciduntur
1984 1247 2153 1316 legent
2186 1250 2516 1307 custodiunt.
2547 1251 2639 1304 sed
2674 1252 2858 1305 volunt
2890 1269 2984 1307 vos
3013 1255 3352 1322 circumcidi,

76 1359 129 1402 ttt
167 1350 217 1402 in
261 1359 522 1403 truncata
566 1363 729 1404 carne
758 1355 938 1401 vestra
986 1347 1127 1408 apud
1156 1344 1376 1398 Judwos
1418 1343 1734 1411 glorientur.
1778 1344 1864 1397 16.
1905 1344 2032 1399 Mihi
2068 1354 2248 1398 autem
2283 1346 2419 1401 absit
2447 1346 2703 1415 gloriari,
2734 1349 2834 1403 nisi
2872 1349 2922 1401 iit
2963 1365 3159 1415 cruce,
3184 1344 3355 1405 c'rucis

77 1430 465 1511 tvrtzdicatione,
501 1445 715 1500 Domini
742 1444 910 1499 nostri
950 1443 1076 1498 Jesu
1110 1442 1331 1506 Christi,
1360 1441 1445 1495 17.
1480 1456 1577 1510 per
1605 1454 1764 1509 quem
1808 1441 1961 1506 mihi,
1996 1452 2052 1495 ut
2094 1458 2174 1495 me
2210 1459 2314 1495 non
2358 1452 2586 1508 teneant,
2625 1447 2856 1501 mundus
2885 1450 3201 1515 crucifixus,
3238 1450 3360 1505 vilis

79 1545 235 1611 factus
265 1555 374 1608 est,
410 1553 484 1607 et,
529 1544 609 1615 (ut
632 1559 748 1595 eum
774 1557 876 1595 non
915 1538 1174 1610 teneant),
1210 1554 1308 1606 ego
1347 1538 1545 1591 mundo
1572 1538 1584 1591 !
1616 1537 1672 1593 lu
1712 1537 1927 1592 Christo
1969 1538 2113 1591 enim
2155 1537 2306 1604 Jesu,
2360 1554 2534 1606 neque
2583 1539 2928 1596 circumcisio
2957 1544 3159 1613 aliquid
3191 1545 3353 1611 valet,

80 1656 239 1710 neque
264 1643 622 1712 pucputium,
652 1639 736 1693 18.
773 1637 878 1693 Sel
909 1654 1047 1691 nova
1080 1646 1359 1693 creatura.
1397 1637 1662 1691 innovatio
1698 1639 1907 1703 mentis,
1954 1648 2003 1693 et
2052 1640 2305 1707 corporis.
2337 1639 2401 1692 Et
2433 1640 2742 1709 quicunque
2788 1640 2926 1694 hanc
2963 1640 3226 1711 regulam,
3254 1659 3359 1696 non

79 1736 513 1810 circumcisionis,
528 1738 619 1790 sed
648 1736 794 1803 ﬁdei,
819 1735 988 1788 secuti
1020 1734 1366 1805 fuerint,an
1397 1750 1560 1803 super
1595 1734 1734 1796 illos,
1756 1744 1811 1789 et
1836 1735 2231 1798 misericordia,
2253 1736 2336 1790 19.
2356 1746 2409 1789 ct
2436 1753 2597 1806 super
2619 1736 2913 1801 IsraelDei,
2931 1755 3030 1791 non
3058 1741 3216 1811 138
3237 1758 3358 1795 car-

82 1831 260 1885 reIi'er
296 1834 575 1887 viventem.
604 1832 695 1899 20,
728 1832 816 1886 21.
850 1831 926 1887 De
952 1841 1152 1886 caetero
1180 1847 1339 1886 nemo
1374 1832 1705 1897 inobediens,
1734 1842 1926 1900 pu'ans
1952 1849 2032 1886 me
2057 1849 2159 1886 non
2188 1849 2297 1886 esse
2335 1833 2639 1901 Apostolum
2677 1832 2897 1899 Christi,
2931 1837 3059 1890 mihi
3101 1836 3359 1893 molestus

81 1926 142 1979 sit
165 1927 257 1981 22.
292 1928 410 1999 Ego
448 1930 595 2005 enim
633 1927 722 1983 2'5.
766 1928 1018 1995 stigmata
1062 1927 1275 1982 Domini
1327 1927 1477 1992 Jesu,
1526 1938 1677 1981 notas
1717 1931 2018 1998 passionum
2066 1928 2295 1995 Christi,
2321 1928 2399 1984 vel
2446 1930 2714 2001 cicatrices
2759 1932 3052 1993 vulnerum,
3082 1934 3157 1988 rel
3184 1936 3360 2005 virga-

84 2037 209 2089 rum,
236 2025 331 2079 21.
375 2026 431 2080 in
465 2040 696 2099 corpore
728 2042 848 2081 meo
879 2034 1055 2096 porto.
1091 2024 1276 2081 Gratia
1309 2027 1517 2082 Domini
1542 2026 1711 2081 nostri
1752 2024 1877 2080 Jcsu
1907 2026 2104 2081 Christi
2135 2043 2256 2081 cum
2288 2027 2480 2098 spiritu
2512 2032 2697 2082 vestro
2730 2028 2947 2085 fratres.
2984 2031 3180 2086 Amen.

1421 2148 1995 2205 COMMENTARIUS.

146 2241 194 2296 9.
234 2241 419 2297 Nolite
459 2260 655 2300 errare.
702 2245 866 2313 Quasi
905 2246 1111 2302 diceret
1138 2266 1149 2301 :
1176 2246 1231 2301 Si
1280 2248 1530 2304 dixeritis
1570 2262 1666 2302 vos
1697 2252 1743 2306 Α
1772 2246 1827 2299 In
1867 2259 2029 2300 cruce
2059 2244 2261 2300 Christi
2290 2244 2563 2315 gloriabor
2593 2254 2838 2308 tantum,
2865 2244 2989 2313 quia
3020 2246 3121 2300 hoc
3154 2253 3360 2299 tantum

87 2348 180 2386 non
221 2333 431 2389 habere
482 2336 624 2403 quod
670 2337 1009 2405 praedicatori
1060 2338 1339 2405 tribuatis,
1393 2338 1666 2392 hominem

85 2421 282 2490 quidem
315 2424 551 2493 potestis
570 2423 779 2490 fallere,
808 2425 972 2481 Deum
994 2429 1308 2496 autem,qni
1327 2426 1667 2481 occultorum

87 2512 319 2579 cognitor
346 2522 456 2578 est,
490 2529 596 2567 non
626 2517 855 2583 potestis
889 2516 1151 2582 irridere,
1181 2517 1232 2571 id
1258 2526 1363 2579 est,
1396 2516 1664 2586 decipere.

146 2604 228 2658 1ἰ).
262 2604 408 2659 Deus
439 2623 545 2660 non
576 2608 845 2662 irridetur.
880 2607 1031 2664 Tune
1063 2612 1217 2679 quasi
1254 2611 1593 2676 irrideretur,
1622 2611 1667 2665 si

91 2693 151 2747 illi
177 2696 263 2762 qui
294 2711 404 2749 non
436 2695 686 2751 laborant
728 2698 780 2752 in
818 2700 971 2754 vinea
1026 2701 1308 2755 denarium
1341 2702 1667 2770 acciperent.

152 2786 230 2839 11.
273 2785 409 2852 Qua:
449 2788 588 2841 enim
617 2775 944 2844 seminaverit
988 2792 1159 2845 homo.
1203 2791 1441 2856 Debctis,
1474 2791 1666 2862 inquit,

94 2877 529 2946 przedicatoribus
583 2889 637 2934 et
686 2882 946 2949 proximis
1001 2893 1177 2940 vestra
1232 2885 1666 2953 communicare,

93 2982 202 3021 nam
235 2970 380 3039 quod
412 2964 753 3026 seminabitis
795 2974 1044 3038 metuis;
1086 2975 1263 3028 omnis
1319 2975 1465 3028 enim
1508 2976 1671 3029 homo

95 3057 183 3114 hoc
204 3061 343 3128 quod
368 3062 722 3118 seminaverit
768 3074 957 3130 metet,
987 3066 1111 3135 quia
1136 3075 1188 3121 et
1214 3066 1302 3120 ille
1324 3066 1412 3136 qui
1438 3067 1672 3121 seminat

96 3148 143 3203 in
175 3166 337 3207 carne
364 3152 658 3206 carnaliter
695 3155 1002 3223 operando,
1036 3165 1090 3210 et
1121 3157 1208 3211 ille
1238 3157 1326 3226 qui
1357 3156 1588 3211 seminat
1616 3156 1668 3209 in

100 3242 308 3311 spiritu,
351 3244 712 3313 spiritualiter
751 3247 1075 3315 operando;
1104 3248 1205 3303 iste
1247 3248 1464 3318 quidem
1506 3249 1669 3302 vitam

98 3343 365 3399 aeternam,
394 3334 489 3389 ille
512 3350 642 3389 vero
666 3338 1085 3405 correptionem.

164 3423 242 3479 12.
283 3426 554 3492 Quoniam
588 3428 677 3498 qui
708 3430 949 3483 seminat.
982 3428 1152 3485 Omne
1180 3431 1321 3499 quod
1349 3430 1669 3494 seminatur,

103 3516 254 3570 autin
282 3533 476 3585 carne,
512 3528 604 3573 aut
632 3520 684 3574 in
722 3520 940 3590 spiritu,
973 3522 1089 3576 haec
1123 3531 1302 3577 autem
1344 3522 1522 3576 omnia
1561 3537 1673 3576 me-

106 3612 283 3662 tentur.

164 3696 242 3750 15.
281 3697 350 3753 In
376 3716 556 3765 carne,
588 3700 639 3755 id
661 3711 764 3765 est,
797 3700 889 3771 qui
921 3700 1049 3756 facit
1072 3702 1184 3770 ipsa
1216 3701 1451 3757 carnalia
1482 3716 1668 3771 opera,

107 3786 303 3843 habebit
333 3779 660 3861 gehennam,
690 3807 809 3861 qua:
837 3803 916 3846 est
946 3802 1198 3862 perpetua
1230 3792 1525 3861 corruptio.

166 3882 242 3937 11.
266 3882 506 3945 Δεϐυδτ.
528 3885 601 3953 (in
625 3882 795 3953 Epist.
812 3886 882 3938 ad
894 3882 1096 3953 Galat.)
1118 3885 1517 3938 Addomesticos
1528 3884 1674 3953 ﬁdei.

108 3972 234 4039 Quos
244 3993 385 4041 eum,
400 3975 728 4030 credendum
744 3985 848 4040 est,
868 3976 969 4029 nisi
984 3975 1324 4030 Christianos
1337 3975 1676 4044 signiﬁcare?

168 4066 246 4121 l5.
287 4067 489 4121 Lsarn.
534 4064 839 4137 Quicunque
872 4066 1007 4120 enim
1040 4064 1257 4120 voluerit
1299 4056 1537 4134 placere,
1568 4073 1671 4117 etc.

110 4154 422 4230 Praeceptum
450 4168 535 4215 est
563 4160 616 4213 in
639 4159 907 4214 rhetorica
934 4166 1010 4221 ut,
1036 4173 1159 4212 cum
1185 4157 1380 4227 aliquis
1406 4157 1518 4210 vult
1548 4171 1673 4225 per-

111 4250 320 4306 suadere
365 4250 595 4320 aliquid,
628 4248 679 4303 in
730 4248 998 4319 princip'o
1033 4256 1087 4301 et
1124 4248 1176 4302 in
1209 4247 1316 4302 line
1347 4247 1675 4301 mentionem

115 4336 277 4406 faciat,
321 4341 464 4412 quod
516 4339 651 4394 facit
687 4339 978 4410 Apostolus
1022 4339 1246 4394 dicens:
1287 4338 1450 4393 nolite
1500 4337 1677 4391 facere

113 4435 233 4498 quod
262 4434 413 4489 vobis
433 4435 641 4504 pseudo
676 4433 925 4497 suadent,
957 4431 1009 4485 id
1048 4440 1152 4497 est,
1184 4430 1521 4493 circumcidi,
1548 4429 1673 4498 quia

114 4535 310 4596 propter
354 4528 460 4582 hoc
514 4526 719 4581 faciunt
766 4534 825 4580 ut
872 4525 1121 4595 placeant
1158 4524 1358 4579 Juda-is
1406 4524 1459 4577 in
1512 4538 1676 4577 carne

116 4626 268 4672 vestra
314 4627 588 4684 truncata,
618 4626 672 4672 et
714 4633 822 4672 non
870 4618 1148 4689 patiantur
1192 4617 1261 4671 ab
1299 4616 1379 4671 eis
1417 4629 1677 4685 perseeu-

116 4706 290 4762 tionem
336 4709 391 4762 in
431 4709 818 4778 prmdicatione
855 4710 1058 4765 erucis.
1088 4708 1156 4763 Et
1193 4716 1277 4763 est
1314 4707 1675 4761 convertenda

114 4798 385 4864 Pmpts'tio
433 4797 507 4851 ita
546 4815 559 4850 :
611 4798 930 4868 Quicunque
966 4797 1152 4852 volunt
1198 4811 1294 4852 vos
1339 4795 1675 4861 circnmcidi,

116 4882 215 4939 ideo
239 4887 443 4942 faciunt
473 4898 682 4943 tantum
714 4899 774 4943 ut
802 4890 980 4945 erucis
1008 4890 1208 4945 Christi
1246 4889 1675 4960 persecutionem

119 4991 201 5029 non
237 4981 539 5047 patiantur;
574 4996 749 5049 neque
771 4981 914 5036 enim
952 4980 1179 5047 faciunt,
1213 4991 1271 5037 ut
1295 4981 1465 5052 legem
1496 4988 1676 5036 custo-

117 5064 265 5132 diant,
292 5070 370 5124 vel
402 5080 623 5139 propter
645 5070 812 5124 aliud.

176 5162 254 5218 16.
298 5165 427 5220 lli/ii
460 5174 633 5219 autem
666 5165 799 5218 absit
850 5164 1102 5233 gloriari,
1138 5164 1238 5219 nisi
1268 5164 1319 5218 in
1364 5181 1540 5231 cnice,
1574 5177 1678 5220 etc.

1770 2338 1915 2392 vaiet
1958 2338 2022 2391 ad
2068 2337 2270 2391 Christi
2313 2336 2540 2391 salutem
2580 2339 3032 2407 promerendam;
3072 2352 3174 2389 non
3216 2337 3360 2391 enim

1771 2427 1936 2490 aliud,
1964 2427 2093 2496 quia
2121 2441 2296 2495 neque
2319 2426 2689 2488 circumcisio,
2725 2438 2900 2494 neque
2921 2426 3262 2494 praeputium.

1842 2519 1929 2573 l7.
1968 2523 2218 2574 Aucvsr.
2279 2518 2503 2589 (Expos.
2549 2518 2617 2571 ad
2669 2514 2835 2583 Gal.).
2871 2514 2978 2570 Per
3028 2533 3177 2587 quem
3231 2519 3361 2571 mihi

1770 2610 2021 2676 mundus,
2050 2610 2101 2664 id
2132 2618 2233 2674 est,
2268 2619 2326 2665 ut
2356 2625 2462 2663 non
2500 2625 2586 2665 me
2610 2617 2818 2669 teneat;
2849 2617 2897 2663 et
2929 2625 3021 2678 ego
3050 2609 3277 2674 mumlo,
3303 2616 3362 2663 ut

1771 2715 1894 2757 eum
1946 2716 2051 2756 non
2100 2710 2335 2766 teneam,
2389 2700 2441 2755 id
2491 2708 2607 2762 est,
2641 2710 2701 2752 ut
2741 2712 2914 2769 neque
2955 2698 3086 2753 mihi
3131 2697 3363 2754 mundus

1771 2811 1970 2851 nocere
2004 2796 2194 2865 possit,
2234 2810 2407 2865 neque
2427 2810 2525 2866 ego
2555 2795 2621 2849 de
2656 2794 2856 2848 mundo
2893 2793 3091 2863 aliquid
3119 2793 3361 2863 cupiam.

1844 2883 1929 2938 18.
1964 2884 2155 2955 (Ιὺὶά.)
2195 2884 2301 2939 Sed
2334 2901 2475 2938 nova
2505 2896 2769 2937 creatura.
2805 2882 3012 2937 Novam
3049 2895 3364 2944 creaturam

1758 2956 1901 3029 dicit
1925 2974 2086 3028 vitam
2110 2990 2303 3030 novatn
2336 2991 2432 3045 per
2460 2975 2616 3030 fidem
2645 2972 2771 3029 Jesu
2802 2973 3023 3029 Christi.

1845 3066 1933 3120 19.
1968 3066 2144 3135 tibia.)
2185 3066 2357 3135 Super
2380 3065 2586 3131 Israel,
2630 3066 2680 3119 id
2708 3074 2811 3129 est,
2847 3066 2935 3135 qui
2977 3066 3157 3120 vivere
3190 3067 3255 3119 ad
3286 3067 3364 3121 vi-

1779 3154 1984 3208 sionem
2018 3166 2419 3225 przrparantnr;
2456 3172 2559 3210 non
2591 3155 2681 3224 qui
2713 3167 2975 3210 vocantur
2998 3157 3098 3210 hoc
3123 3158 3361 3227 nomine,

1773 3256 1827 3300 et
1851 3246 2056 3300 carnali
2095 3247 2340 3301 etecilate
2366 3248 2532 3301 Deum
2557 3248 2739 3302 videre
2764 3248 2971 3301 nolunt.

1842 3337 1931 3389 20.
1967 3336 2282 3391 LANFB.'DL’
2318 3349 2525 3391 ra’tero.
2572 3338 2646 3392 De
2676 3347 2914 3400 caetero,
2965 3338 3161 3407 inquit,
3208 3353 3364 3392 nemo

1774 3438 2016 3482 vestrum
2048 3444 2312 3483 onerosus
2334 3437 2389 3484 et
2416 3428 2732 3483 inobediens
2763 3428 2892 3482 mihi
2931 3429 3016 3489 sit,
3059 3440 3253 3497 putans
3277 3443 3365 3484 me

1777 3535 1882 3573 non
1923 3533 2042 3572 esse
2066 3519 2381 3587 Apostoltttn
2406 3518 2643 3597 Christi.
3182 3534 3189 3539 '
3358 3510 3363 3519 ’

1707 3608 1750 3666 Β
1845 3613 1935 3666 21.
1976 3611 2213 3667 Ancus'r.
2254 3612 2431 3681 (ibid)
2480 3610 2552 3663 De
2583 3621 2788 3665 ca’tero.
2834 3609 2950 3663 Non
2984 3609 3099 3663 vult
3125 3624 3221 3680 per
3252 3620 3367 3665 tur-

1780 3703 2033 3759 buleutas
2052 3702 2427 3758 contentiones
2455 3700 2668 3755 taedium
2706 3700 2806 3754 sibi
2845 3700 2962 3753 fieri
2984 3700 3058 3773 de
3085 3715 3162 3763 re,
3194 3715 3365 3769 quatt-

1782 3801 1894 3849 tum
1924 3794 2057 3849 satis
2085 3802 2224 3857 erat,
2248 3793 2513 3862 exposita.
2754 3810 2755 3813 η
2840 3796 2843 3799 ’

1850 3884 1940 3938 22.
1974 3884 2149 3956 (ibid.)
2194 3881 2303 3954 Ego
2350 3885 2485 3938 enim
2521 3876 2789 3954 stigmata,
2823 3883 2874 3937 id
2902 3892 3006 3946 cst,
3040 3881 3210 3936 habeo
3232 3878 3366 3937 aliud

1780 3975 2065 4031 conflictus
2088 3985 2143 4029 et
2172 3975 2471 4029 certamina
2501 3990 2623 4029 cum
2652 3990 2818 4029 carne
2848 3989 2988 4039 mea,
3013 3990 3133 4042 qua:
3161 3973 3211 4033 in
3244 3987 3369 4043 per-

1779 4066 2150 4120 secutionibus
2171 4080 2309 4135 quas
2330 4065 2528 4136 patior,
2556 4079 2766 4119 mecum
2790 4063 3066 4119 dimicant.
3100 4058 3365 4133 Stigmata

1782 4156 1911 4212 Jesu
1955 4157 2213 4211 dicuntur
2262 4155 2507 4225 quaedam
2560 4166 2699 4209 nota:
2741 4170 3021 4223 pinnarum
3066 4155 3363 4209 servilium.

1781 4246 2011 4316 Propter
2040 4246 2252 4316 culpam
2279 4246 2423 4302 enim
2455 4246 2847 4315 persecutionis
2867 4286 2881 4309 ,
2910 4260 3012 4312 qua
3049 4255 3366 4313 persecutus

1779 4345 1863 4392 est
1897 4335 2192 4392 Ecclesium
2231 4337 2345 4400 Dei,
2379 4336 2493 4389 haec
2525 4336 2625 4389 sibi
2659 4335 2879 4388 retribui
2910 4344 3253 4404 cognoverat.
3358 4321 3367 4351 ⁵

1855 4430 1945 4484 25.
1985 4426 2502 4499 LaurmStigmata.
2545 4426 2751 4497 Stlgma
2800 4426 3018 4496 proprie
3064 4418 3367 4497 nota'fugii

1785 4521 1896 4575 tivo
1917 4534 2075 4575 servo
2097 4520 2391 4589 impressa;
2422 4519 2563 4587 quod
2585 4516 2877 4587 Apostolus
2898 4532 2954 4572 se
2977 4526 3197 4588 portare
3213 4518 3366 4586 dicit,

1786 4631 1852 4670 eo
1884 4615 2025 4684 quod
2057 4614 2205 4684 prius
2230 4612 2515 4668 Dominum
2546 4612 2762 4682 fugerit.
2918 4684 2921 4685 ν
3366 4620 3369 4627 ‘

1859 4707 1949 4761 24.
1981 4706 2046 4760 1η
2077 4721 2290 4775 corpore
2317 4721 2452 4759 meo.
2486 4704 2541 4757 in
2567 4719 2796 4773 corpore
2822 4718 2920 4757 suo
2945 4698 3199 4774 pertabat
3227 4704 3370 4759 cies-

1787 4798 1953 4852 trices
1995 4796 2275 4853 vulnerum
2305 4803 2360 4849 et
2406 4793 2712 4864 virgarum,
2754 4794 2805 4847 in
2850 4792 2986 4847 collo
3021 4802 3077 4847 et
3120 4793 3371 4848 manibus

1786 4899 2041 4953 catenas;
2084 4902 2205 4956 qua:
2252 4885 2433 4939 omnia
2487 4887 2637 4955 signa
2684 4894 2839 4939 erant
2886 4900 2944 4939 se
2990 4899 3109 4939 esse
3158 4884 3371 4939 Domini

1788 4979 1961 5036 nostri
2019 4978 2145 5033 Jesu
2193 4976 2422 5033 Christi.
2473 4976 2738 5048 Stigmata
2783 4986 2961 5031 autem
3013 4986 3167 5031 erant
3215 4976 3366 5046 signa

1786 5073 2033 5145 quadam
2053 5112 2067 5134 ,
2111 5086 2232 5141 qua:
2261 5070 2315 5125 in
2346 5069 2599 5125 manibus
2640 5068 2981 5122 militantium
3012 5066 3243 5131 fiebant,
3271 5080 3370 5135 per

1788 5182 1907 5235 qum
1937 5163 2407 5233 cognoscebantur
2433 5174 2553 5217 esse
2580 5159 2646 5216 de
2679 5159 2868 5214 militia
2894 5156 3255 5228 imperatoris.
3357 5235 3370 5267 ›
