3964 6290
522 280 571 330 Et
594 279 625 330 7
1504 272 1561 324 Β.
1604 272 1993 327 1ΑΝ1⁴ΊὶᾹΝίΣΙ
2033 273 2112 328 CA

2232 273 2384 327 U.\ll.
2421 273 2740 328 AllClllEl‘.
3072 292 3075 293 '
3653 284 3759 340 33$

3510 426 3604 434 __-
3617 428 3667 449 π,

767 567 1343 657 EPISTOLA
1418 570 1522 652 Β.
1596 567 1949 655 PAULI
2026 567 2612 659 APOSTOLI
2690 568 2839 657 AD
2906 571 3529 663 EPHESIOS.

1196 757 1373 819 CUM
1402 756 1963 819 INTERJECTIS
1996 757 2070 817 B.
2110 757 2598 821 LANFRANCI
2641 759 3110 823 GLOSSULIS.

517 414 1831 449 mm

1847 411 3581 447 mm

951 427 2344 441 -mau‘wmu

584 1041 1313 1113 Aucoururuu.—-Ephesii
1352 1050 1479 1095 sunt
1514 1041 1720 1096 Asiani.
1764 1040 1851 1102 lli,
1881 1044 2104 1105 accepto
2211 1032 2517 1101 Apostolus,
2559 1034 2807 1089 scribens
2848 1034 2929 1090 eis
2976 1051 3005 1089 a
3058 1033 3253 1103 Ruina,
3299 1038 3367 1093 de
3414 1054 3639 1110 carcere,
3678 1060 3777 1115 per

512 1136 679 1189 Verbo
726 1135 986 1199 veritatis,
1019 1134 1373 1204 perstiterunt
1417 1131 1471 1185 in
1514 1133 1638 1187 ﬁde.
1683 1131 1791 1185 llas
1836 1125 2106 1181 Ct-llﬂlltlhl
2212 1120 2507 1193 Tycbicum
2532 1120 2842 1177 diaconum.

1907 1236 2136 1295 CAPUT
2175 1234 2467 1291 PRIMUM.

584 1359 633 1412 l.
677 1356 879 1411 Paulus
907 1354 1198 1425 Apostolus
1219 1352 1343 1407 Jcsu
1375 1352 1603 1419 Christi,
1629 1368 1731 1404 non
1757 1352 1998 1410 Λημιιῖίυ,
2031 1363 2127 1418 per
2151 1346 2479 1401 voluntatem
2514 1345 2638 1411 Dei,
2673 1362 2775 1399 non
2798 1347 2996 1400 meritis
3019 1348 3151 1415 suis,
3173 1350 3252 1404 rel
3272 1351 3587 1419 hominibus,
3607 1360 3777 1414 enmi-

507 1457 611 1510 bus
642 1456 865 1519 sanctis,
892 1454 1193 1523 baptizatis,
1220 1453 1308 1519 qui
1342 1461 1465 1503 sunt
1500 1450 1716 1518 Ephesi,
1749 1459 1805 1502 et
1844 1446 2107 1505 ﬁdelibus,
2141 1444 2542 1509 catechumeuis,
2566 1442 2619 1505 in
2650 1441 2869 1496 Cbristo
2899 1440 3048 1507 Jcsu,
3085 1444 3141 1498 iu
3161 1445 3287 1513 ﬁde.
3315 1446 3525 1516 Gratia,
3552 1456 3774 1511 remissio

503 1560 858 1619 peccatorum,
892 1548 1044 1601 vobis
1077 1556 1132 1602 et
1158 1562 1259 1616 pax
1281 1587 1295 1609 ,
1326 1564 1430 1616 qua
1464 1544 1861 1599 reconciliantur
1891 1543 1998 1597 Deo
2034 1540 2203 1602 Patri,
2243 1539 2319 1593 vel
2354 1538 2689 1593 observantia
2722 1538 2976 1593 bonorum
3004 1557 3241 1610 operum,
3270 1562 3389 1616 quae
3416 1564 3522 1616 pax
3543 1561 3615 1603 est
3650 1554 3779 1607 inter

505 1646 674 1701 Deum
704 1658 749 1700 et
781 1647 1035 1712 homines,
1066 1661 1096 1699 a
1118 1646 1228 1700 Deo
1254 1644 1413 1699 Patre
1446 1653 1628 1699 nostro
1657 1652 1710 1698 et
1747 1643 1970 1697 Domino
2004 1639 2163 1710 139
2190 1637 2316 1692 Jesu
2349 1637 2587 1693 Christo.
2611 1637 2646 1691 2
2681 1637 3032 1702 Benedictus,
3067 1639 3336 1707 laudetur,
3364 1644 3502 1701 Deus
3531 1653 3585 1699 et
3616 1645 3773 1703 Pater

510 1737 719 1790 Doniui
749 1736 915 1790 nostri
940 1734 1064 1790 .lesu
1093 1736 1316 1801 Christi,
1341 1735 1431 1804 qui
1461 1735 1756 1796 benedixit,
1783 1735 1954 1794 auxit,
1986 1730 2061 1785 vel
2093 1731 2296 1791 ditarit,
2328 1745 2426 1783 nos
2451 1728 2671 1782 inomni
2711 1727 3086 1784 benedictione
3113 1731 3397 1801 spirituali,
3425 1750 3528 1788 non
3558 1739 3774 1806 carnali,

506 1833 642 1882 sfcut
672 1830 898 1898 priorem
928 1828 1200 1896 populum,
1241 1828 1331 1881 sed
1359 1824 1650 1894 spirituali,
1682 1825 1735 1878 id
1765 1834 1857 1886 est,
1892 1822 2107 1885 cwlesti,
2140 1820 2410 1883 existente,
2443 1819 2493 1881 5,
2526 1819 2579 1882 4,
2620 1818 2671 1873 5.
2703 1818 2754 1873 in
2786 1818 3131 1885 cmlestibus,
3187 1821 3243 1875 id
3272 1832 3370 1889 est,
3400 1840 3556 1893 quam
3591 1826 3638 1879 iu
3661 1826 3778 1883 εωιο

507 1920 916 1991 purticipamus,
949 1919 1001 1972 in
1034 1918 1279 1978 Christo,
1322 1916 1463 1970 sicut
1504 1914 1669 1985 elegit
1698 1929 1818 1979 nos,
1855 1913 1928 1967 ita
1971 1911 2252 1975 l'enedia'it,
2285 1920 2339 1963 ut
2368 1908 2774 1980 prwdestinarit.
2817 1907 2869 1961 6.
2912 1907 2962 1961 in
3004 1907 3120 1977 ipso
3162 1908 3395 1975 Christo,
3444 1921 3569 1967 ante
3604 1917 3776 1971 mundi

508 2012 985 2074 constitutionem,
1021 2012 1087 2063 ad
1122 2009 1219 2063 hoc
1263 2006 1434 2077 elegit,
1473 2017 1533 2060 ut
1571 2022 1814 2062 essemus
1845 2006 2018 2060 sancti
2051 2015 2102 2059 ct
2134 2005 2465 2060 iuuuaeulati
2498 2005 2549 2058 in
2582 2010 2872 2071 conspectu
2902 2002 3048 2071 ejus,
3081 2018 3183 2055 non
3217 2003 3417 2057 meritis
3450 2006 3659 2070 nostris,
3690 2009 3777 2061 sed

508 2102 562 2158 7.
602 2102 654 2156 in
684 2101 950 2157 cbaritate
984 2118 1102 2153 sua.
1140 2097 1275 2151 Ecce
1303 2098 1444 2169 quod
1482 2098 1616 2152 dixit
1640 2138 1655 2165 ,
1688 2096 1862 2167 elegit.
1904 2097 1958 2151 8.
1993 2096 2091 2163 Qui
2136 2093 2539 2165 prmdrstinavit
2571 2108 2667 2147 nos
2698 2091 2752 2146 in
2793 2091 3137 2161 adoptionem
3174 2090 3406 2146 liliorum
3429 2132 3445 2157 ,
3480 2103 3529 2146 ut
3570 2110 3781 2149 essemus

506 2211 604 2249 san
628 2195 709 2257 ti,
740 2209 836 2263 per
864 2192 1047 2247 Jcsum
1086 2191 1357 2246 Christum
1394 2191 1447 2246 9.
1481 2192 1533 2245 in
1584 2192 1788 2261 ipsum;
1832 2191 1965 2243 idem
2002 2189 2140 2260 quod
2174 2189 2227 2242 in
2270 2190 2402 2257 ipso,
2436 2186 2630 2241 scilicet
2664 2185 2977 2251 credituros,
3013 2185 3100 2240 10.
3135 2184 3433 2238 secundum
3466 2186 3780 2256 preposilum

508 2284 801 2339 voluntatis
833 2299 962 2350 sure,
991 2284 1127 2338 flent
1152 2285 1295 2353 quod
1325 2284 1378 2338 in
1408 2283 1682 2347 charitate,
1718 2282 1769 2335 in
1805 2282 2015 2336 laudem
2047 2280 2231 2352 gloriae
2262 2279 2448 2349 gratia:
2472 2294 2603 2342 suae,
2631 2288 2685 2330 ut
2716 2276 2962 2331 laudetur
2996 2275 3226 2346 gloriosa
3256 2276 3429 2345 gratia
3457 2293 3572 2343 sua,
3603 2276 3651 2330 in
3682 2291 3783 2346 qua

508 2373 832 2442 gradﬁcavit
858 2389 955 2427 nos
984 2374 1083 2427 sibi
1111 2374 1160 2429 in
1193 2373 1389 2428 dilecto
1420 2372 1559 2428 Filio
1592 2389 1719 2439 suo,
1754 2373 1808 2426 in
1845 2372 1949 2442 ﬁde
1985 2372 2161 2427 dilecti
2191 2369 2323 2423 Filii
2350 2370 2453 2425 sui.
2488 2368 2542 2423 lu
2575 2384 2702 2437 quo,
2731 2369 2784 2421 id
2814 2377 2918 2432 est,
2959 2384 3051 2437 per
3080 2383 3264 2437 quem,
3297 2367 3558 2422 habemus
3583 2367 3781 2422 redem-

508 2464 746 2533 ptionem
782 2464 903 2536 (hoc
937 2465 1177 2534 e/fectum
1217 2463 1499 2536 posterius)
1530 2480 1627 2535 per
1659 2465 1976 2535 sanguinem
2007 2466 2074 2534 (et
2104 2463 2272 2533 prius)
2309 2462 2426 2531 ejus
2462 2464 2595 2529 (lure
2624 2470 2696 2514 est
2737 2478 2898 2514 causa
2925 2460 3168 2530 prioris),
3203 2460 3577 2516 remissiOnem
3608 2476 3783 2531 pecca-

511 2565 712 2620 torum,
745 2556 1039 2610 secundum
1069 2555 1156 2609 ll.
1190 2556 1407 2610 divitias
1432 2557 1621 2626 gratiae
1658 2557 1797 2627 ejus,
1827 2571 1946 2626 quae
1985 2554 2444 2624 superabundavit
2472 2554 2522 2606 iu
2560 2552 2734 2619 nobis,
2768 2551 2851 2606 l2.
2884 2553 2935 2606 in
2974 2551 3118 2606 onmi
3149 2551 3436 2619 sapientia,
3481 2561 3532 2605 et
3561 2552 3782 2631 pruden-

512 2647 605 2711 tia,
639 2657 697 2701 ut
727 2657 914 2702 notmn
953 2648 1156 2702 faceret
1188 2648 1345 2702 nobis
1389 2660 1788 2703 sacramentum
1822 2648 2112 2703 voluntatis
2157 2663 2299 2710 sum,
2330 2646 2470 2717 quod
2498 2661 2658 2714 genus
2690 2645 2975 2698 Immanun
3009 2642 3215 2696 salvare
3262 2641 3421 2695 uoluit
3456 2684 3468 2706 ,
3504 2643 3783 2698 secundum

510 2737 910 2807 beneplaeitum
942 2738 1080 2805 ejus,
1114 2753 1217 2791 non
1245 2737 1448 2791 meritis
1476 2739 1741 2801 humanis,
1780 2742 1871 2796 15.
1905 2740 2045 2810 quod
2091 2750 2475 2793 sacramentum
2520 2739 2793 2807 proposuit
2828 2738 2879 2790 in
2909 2751 2993 2802 eo,
3040 2738 3091 2789 in
3123 2735 3282 2801 Filio,
3318 2737 3406 2791 il.
3443 2737 3494 2792 ir.
3521 2738 3779 2808 dispensa-

514 2828 660 2884 tione
690 2827 777 2885 15.
804 2828 1153 2900 plenitudinis
1177 2838 1500 2903 temporum,
1536 2848 1651 2886 ecce
1674 2833 1815 2900 quod
1836 2832 2128 2903 proposuit,
2163 2831 2468 2885 instaurare
2493 2831 2671 2885 onmia
2708 2830 2757 2883 in
2782 2829 3019 2894 Christo,
3044 2846 3164 2901 qua:
3187 2830 3239 2884 in
3271 2828 3442 2897 cmlis,
3470 2831 3782 2884 imminutum

1868 2943 2440 3005 COMMENTARIUS.

587 3060 744 3118 CAP.
798 3061 838 3115 l.
892 3091 963 3101 —-—
1006 3062 1058 3117 1.
1104 3061 1435 3119 AMBROSIUS.
1487 3063 1655 3119 Docet
1698 3062 1786 3118 illa
1817 3062 1957 3116 bona
1991 3077 2113 3130 qum
2140 3063 2187 3120 Λ
2219 3073 2339 3111 rum
2382 3058 2764 3128 adeptionem,
2818 3058 2885 3113 ab
2930 3072 2996 3114 eo
3048 3058 3186 3128 quod
3232 3059 3443 3115 dixerat
3483 3071 3693 3116 sanctos
3736 3070 3784 3115 et

514 3149 764 3205 Christus
792 3149 946 3204 nobis
970 3166 1067 3205 suo
1096 3152 1330 3206 adventu
1364 3152 1616 3222 prmstitit
1654 3167 1775 3206 cmn
1808 3150 2107 3222 gratiarum
2212 3150 2614 3205 imntaculatos.

516 3240 752 3295 actione.
797 3240 990 3295 Postea
1041 3242 1237 3297 transit
1270 3244 1336 3298 ad
1378 3243 1615 3298 ethicam
1650 3242 2103 3297 exhortationem.
2284 3239 2335 3294 9.
2378 3238 2443 3293 In
2494 3243 2685 3309 ipsum.
2737 3240 3002 3305 Quoniam
3048 3241 3185 3296 dixit
3237 3260 3249 3296 :
3301 3244 3698 3313 praedestinavit
3736 3246 3781 3299 in

516 3335 597 3390 sic
650 3335 912 3390 inchoans
948 3352 960 3389 :
997 3334 1226 3390 Obsecro
1267 3352 1387 3403 vos,
1418 3352 1511 3407 ego
1543 3337 1745 3391 vinctus
1780 3337 1833 3390 in
1888 3334 2108 3389 Domino
2210 3331 2554 3399 adoptionem
2608 3331 2838 3385 tiliorum
2867 3371 2881 3396 ,
2928 3331 3194 3385 incertum
3232 3343 3350 3386 erat
3397 3332 3549 3400 cujus
3595 3333 3784 3387 dicere:

517 3426 707 3499 (infra.
742 3428 836 3494 iv).
2212 3423 2352 3478 lilios
2387 3438 2507 3478 esse
2538 3423 2849 3491 adoptivos,
2891 3423 3091 3494 adjecit
3122 3439 3136 3477 :
3174 3425 3226 3478 in
3259 3425 3461 3495 ipsum,
3503 3427 3601 3481 hoc
3628 3436 3708 3481 est
3736 3427 3782 3480 in

596 3516 651 3573 2.
694 3517 1009 3573 Benedictus
1052 3518 1216 3574 Dens.
1260 3520 1574 3577 Benedictio
1618 3536 1739 3590 qua:
1781 3521 1839 3574 tit
1885 3521 1937 3575 in
1977 3521 2106 3582 Deo,
2212 3514 2295 3567 sui
2336 3513 2534 3582 ipsius,
2564 3523 2621 3566 ut
2656 3513 2797 3567 illius
2829 3513 2921 3567 ﬁlii
2957 3529 3348 3583 nuneupcmur.

518 3609 789 3666 c0nfessio
817 3609 930 3665 sola
960 3621 1043 3667 est
1066 3612 1330 3667 bonorum
1358 3597 1478 3682 qua:
1502 3613 1746 3683 praestita
1776 3622 1903 3667 sunt
1925 3612 1993 3667 ab
2023 3628 2106 3668 eo.

2284 3606 2371 3657 10.
2415 3602 2717 3659 Secundum
2747 3603 3090 3673 propositum.
3139 3603 3428 3659 \‘olenscx
3467 3605 3609 3659 onini
3648 3618 3784 3673 parte

516 3700 827 3755 Benedictio
874 3716 989 3771 iure
1028 3700 1090 3756 lit
1127 3717 1157 3757 a
1196 3703 1335 3770 Deo,
1379 3703 1432 3759 in
1480 3705 1637 3760 nobis
1664 3704 1937 3774 impletur,
1982 3706 2107 3760 dum
2213 3697 2314 3751 ista
2375 3695 2636 3750 extollere
2695 3697 2838 3765 quod
2895 3696 3060 3750 multa
3114 3697 3276 3767 digna
3334 3706 3446 3753 smt
3499 3700 3780 3769 gratiarum

514 3793 635 3859 ejus
668 3790 947 3846 beneticiis
975 3791 1285 3863 implemur.
2212 3788 2426 3843 actione
2446 3828 2461 3853 ,
2498 3789 2809 3857 frequenter
2853 3788 2986 3843 dicit
3032 3804 3130 3860 per
3159 3790 3587 3860 ordinationem,
3615 3803 3669 3847 et
3702 3791 3783 3847 bo-

589 3881 643 3935 5.
682 3880 749 3935 In
794 3882 1105 3937 cwlestibus.
1148 3884 1261 3940 lloc
1298 3894 1383 3941 est
1415 3901 1579 3955 quam
1621 3888 1675 3942 in
1707 3888 1849 3943 ewlo
1885 3889 2109 3957 partici-

519 3971 797 4043 pabimus;
831 3972 959 4028 dicit
996 3974 1139 4029 enim
1179 3978 1632 4033 resurrectionem
1665 3995 1786 4048 quia
1826 3996 1922 4049 per
1952 3979 2112 4049 spiri-

522 4070 635 4116 tum
674 4062 829 4119 nobis
864 4064 1068 4132 aderit,
1100 4075 1154 4122 et
1191 4082 1257 4121 ue
1297 4067 1414 4137 ipsa
1464 4069 1673 4125 novitas
1714 4082 1947 4126 mentem
1992 4082 2108 4127 tur-

519 4149 706 4218 baret;
755 4153 1011 4224 quoniam
1061 4170 1168 4210 non
1218 4165 1345 4211 ante
1393 4166 1541 4213 tanta
1592 4160 1885 4226 donasset,
1939 4178 2113 4233 neque

520 4250 708 4311 aperte
755 4242 1012 4310 dixisset;
1062 4260 1183 4315 qua:
1223 4247 1336 4301 sint
1381 4248 1487 4304 illae
1530 4250 1840 4321 Spirituales
1887 4255 2110 4311 benedi-

519 4334 769 4402 ctiones,
811 4338 1027 4408 utrique
1072 4341 1364 4410 respondet
1409 4343 1596 4400 dicens
1638 4364 1651 4399 :
1689 4346 1779 4403 Sic
1813 4348 1975 4418 elegit
2013 4364 2110 4403 nos

2213 3895 2339 3934 num
2372 3878 2626 3949 placitum
2647 3920 2661 3944 ,
2694 3889 2747 3933 ct
2775 3879 3130 3935 voluntatem.

2288 3974 2374 4026 ll.
2414 3972 2616 4028 Lasrn.
2663 3973 2887 4027 Divitias
2932 3975 3120 4044 gratia:
3159 3993 3291 4033 sure.
3331 3978 3438 4034 Per
3479 3996 3639 4050 quam
3681 3995 3785 4050 gra-

2216 4068 2343 4122 tiam
2372 4083 2474 4121 uon
2504 4067 2675 4121 solum
2708 4068 2956 4123 remissio
2978 4078 3034 4124 et
3062 4070 3388 4140 redemptio,
3419 4071 3512 4127 sed
3542 4071 3783 4142 sapientia

2215 4160 2340 4230 (qua
2372 4160 2591 4221 dicitur,
2622 4160 2852 4231 sapitur)
2882 4169 2936 4215 et
2968 4161 3253 4233 prudentia
3286 4179 3520 4219 morum.

2286 4252 2373 4306 l2.
2417 4251 2480 4305 In
2512 4254 2653 4306 anuli
2684 4254 2942 4322 sapientia
2962 4294 2976 4318 ,
3011 4254 3061 4308 id
3094 4264 3201 4321 est,
3231 4256 3367 4310 dans
3407 4257 3561 4312 nobis
3587 4269 3783 4311 omnem

2217 4342 2559 4411 sapientiam,
2593 4342 2644 4397 iu
2676 4342 2948 4413 agnitione
2981 4343 3100 4411 sui,
3139 4354 3192 4399 et
3224 4344 3563 4414 prudentiam
3595 4360 3782 4399 morum

520 4441 590 4481 ex
640 4426 756 4498 ipso
809 4439 938 4485 ante
988 4430 1176 4486 mundi
1230 4434 1670 4492 constitutionem
1724 4453 1845 4494 esse
1894 4449 2110 4495 sanctos

2236 4441 2332 4485 IOSl
2347 4447 2525 4483 I'Oi‘lllll
2537 4470 2549 4482 .

520 4535 706 4576 coram
739 4535 824 4576 eo.

593 4612 643 4668 4.
678 4612 919 4669 AUGUST.
959 4613 1023 4668 In
1054 4616 1365 4672 caelestibus.
1398 4618 1453 4672 ln
1483 4618 1821 4685 cmlcslibus,
1853 4623 2005 4690 quasi
2041 4623 2105 4676 de

520 4703 853 4760 cmlcstibus.
904 4705 1042 4773 Quia
1087 4723 1248 4763 omne
1293 4710 1476 4764 datum
1511 4711 1805 4781 optimum,
1852 4723 1907 4767 et
1952 4729 2109 4770 outne

521 4794 720 4849 donum
750 4792 1049 4865 perfectum
1079 4796 1360 4852 desursum
1394 4807 1495 4853 est.

593 4885 646 4940 5.
689 4884 890 4941 Lmen.
924 4886 993 4941 In
1033 4886 1345 4943 cmlestibus.
1377 4888 1635 4946 leestia
1665 4902 1823 4947 vocat
1860 4894 2109 4956 virtutes,

522 4993 621 5047 per
645 4993 876 5047 quarum
908 4978 1312 5034 observantiam
1346 4979 1455 5035 itur
1481 4983 1549 5036 ad
1575 4983 1793 5047 calum,
1834 4984 1886 5037 in
1919 4986 2115 5054 quibus

524 5069 657 5124 dicit
694 5085 753 5125 se
781 5070 987 5128 habere
1031 5086 1245 5127 omnem
1286 5074 1621 5143 Spiritualem
1666 5077 1877 5148 copiam
1917 5079 1967 5132 in
2012 5079 2115 5134 ﬁde

526 5158 751 5214 Christi.

600 5253 653 5306 6.
696 5251 763 5307 1η
795 5254 926 5323 ipso.
968 5255 1025 5310 ln
1060 5255 1196 5325 ipso,
1229 5255 1655 5313 subaudiendum
1690 5270 1775 5315 est
1805 5276 2119 5330 permansu-

530 5360 652 5409 ros;
686 5345 766 5401 vel
792 5346 844 5400 in
875 5346 992 5416 ipso
1021 5345 1203 5415 elegit,
1235 5347 1359 5417 quia
1390 5348 1568 5403 omnia
1601 5350 1650 5403 in
1678 5353 1937 5421 S“|tit§ttlt:l
1970 5354 2113 5416 fecit,

530 5453 652 5507 qua:
680 5447 763 5494 est
792 5439 1059 5493 Christus.

606 5526 656 5581 7.
697 5529 935 5583 ADIBBOS.
973 5528 1035 5581 In
1066 5528 1340 5584 c/taritatc.
1370 5529 1443 5584 Ex
1472 5531 1570 5587 huc
1604 5535 1913 5605 magnitudo
1938 5546 2118 5590 osten-

536 5621 681 5674 ditur
711 5619 1070 5676 liberalitatis.

608 5711 657 5765 8.
704 5711 805 5776 Qui
851 5712 1257 5780 pradcst.’uurit.
1302 5714 1469 5788 Majas
1508 5730 1584 5775 est
1627 5721 1767 5790 quod
1808 5720 1935 5774 dicit
1986 5718 2120 5775 lilio-

2290 4526 2373 4579 15.
2418 4524 2570 4588 Quod
2622 4525 2910 4591 proposuit.
2970 4525 3174 4579 Bonum
3232 4525 3489 4595 placitum
3543 4542 3692 4581 suum
3738 4524 3780 4577 in

2216 4620 2432 4674 (ibrile
2468 4621 2606 4673 Deus
2636 4620 2800 4673 Pater
2831 4620 3134 4688 proposuit,
3170 4620 3219 4673 id
3247 4629 3359 4682 est,
3399 4621 3572 4689 palam
3606 4637 3719 4674 num
3742 4619 3782 4671 ὀ

2218 4712 2483 4772 ostendit,
2535 4710 2722 4764 dicens
2766 4727 2779 4763 :
2819 4709 2922 4763 Hic
2961 4722 3034 4765 est
3078 4709 3253 4764 Filius
3296 4720 3441 4765 utets
3487 4711 3697 4766 dilatus
3736 4709 3780 4762 iu

2217 4820 2317 4874 quo
2348 4804 2471 4856 mihi
2510 4803 2634 4855 bene
2661 4801 2971 4872 complacui.

2298 4893 2377 4947 l4.
2421 4891 2486 4947 lu
2537 4892 2922 4958 dispensatione
2965 4893 3325 4962 plenitudinis.
3373 4892 3466 4947 Vel
3510 4903 3634 4948 turc
3676 4904 3779 4943 cum

2219 4984 2537 5054 disponebat
2564 4984 2743 5037 omnia
2779 4992 3018 5053 tempora
3056 4984 3137 5038 vel
3172 4984 3223 5038 in
3254 4986 3370 5055 ipso
3417 4986 3666 5039 milliaria
3692 4998 3781 5051 quo

2220 5086 2376 5131 natus
2411 5084 2496 5130 est
2532 5074 2813 5140 Christus,
2854 5075 2999 5144 quod
3049 5075 3149 5130 fuit
3185 5076 3550 5144 plenitudinis,
3595 5078 3706 5147 quia
3737 5075 3777 5126 iu

2220 5184 2284 5225 eo
2320 5167 2581 5238 completa
2623 5177 2749 5223 sunt
2789 5169 3074 5239 promissa.
3121 5170 3212 5225 Vel
3250 5172 3374 5241 quia
3414 5172 3517 5226 alia
3567 5184 3777 5241 tempora

2174 5316 2189 5331 η
2224 5276 2388 5314 vacua
2422 5259 2638 5314 fuerunt
2664 5276 2694 5313 a
2728 5260 2918 5315 salute.

2297 5352 2382 5405 15.
2427 5349 2801 5425 l’leuitudiuis.
2832 5351 2887 5404 ln
2919 5351 3353 5421 dispensatione,
3383 5352 3433 5407 id
3458 5363 3560 5419 est,
3594 5353 3641 5406 in
3668 5350 3775 5403 cou-

2173 5478 2181 5484 -
2224 5443 2601 5497 summatione.
2635 5441 2864 5511 Exponit
2897 5442 3025 5511 quid
3062 5442 3133 5497 sit
3164 5443 3290 5496 illud
3319 5444 3518 5497 bonum
3552 5442 3775 5513 placitum

2229 5536 2343 5599 Dei,
2377 5533 2624 5589 videlicet
2654 5534 2873 5605 impleto
2905 5544 3144 5605 tempore
3181 5536 3541 5591 ordinationis
3586 5552 3687 5591 sua:
3713 5532 3778 5587 in-

2228 5637 2473 5680 staurare
2502 5625 2555 5678 in
2588 5624 2746 5679 [idem
2782 5624 2981 5679 Christi
3020 5624 3109 5693 qui
3149 5625 3201 5679 in
3231 5626 3381 5680 caelis
3412 5636 3569 5684 sunt.
3603 5626 3648 5680 id
3680 5632 3772 5681 est.

2231 5732 2514 5772 numerum
2563 5717 2874 5787 angelorum
2919 5717 3011 5777 qui
3058 5716 3353 5776 ἀὼιίιιιιιυε
3394 5727 3552 5779 crat.
3591 5726 3639 5773 et
3677 5725 3774 5778 qutc
