3964 6290
137 464 226 522 339
468 518 471 521 ν
842 450 907 508 IN
946 450 1007 506 Ι).
1049 443 1253 503 PAULI
1293 436 1512 497 EPIST.
1552 431 1905 491 COMMENT.
1938 464 2004 473 —
2032 432 2250 488 EPIST.
2291 432 2382 488 ΛΟ
2415 432 2658 489 EPIIES.
3283 432 3398 488 390

149 577 353 632 ordinent
386 569 718 641 angelorum,
764 576 821 622 ct
858 581 978 635 qua:
1015 564 1067 618 in
1099 570 1241 616 terra
1288 563 1431 618 sunt,
1465 559 1769 641 corruptum
1800 564 1959 618 genus
1990 548 2401 641 Itumattttnt._itt
2430 547 2652 641 ipso,‘in
2683 545 2909 600 Cltrisfo.
2946 546 3028 641 l6,
3065 546 3150 603 17.
3174 546 3236 641 in
3275 563 3388 641 quo

138 635 522 739 rdWmtiain
561 672 621 717 et
675 675 775 716 nos
821 664 998 715 sorte,
1063 665 1162 703 non
1223 645 1427 707 merito,
1477 640 1651 695 vocati
1699 653 1916 701 sumus,
1969 635 2334 707 przedestinati
2392 637 2686 690 secundum
2756 650 2907 706 ιιι-ορ(
2927 635 3088 691 situm
3142 635 3257 705 ejus
3303 638 3396 710 qui

139 728 362 837 Mair
387 757 570 814 omnia
602 754 903 811 secundum
933 745 1222 803 consilium
1256 737 1546 793 voluntatis
1570 751 1702 799 sum,
1732 741 1792 788 ut
1820 733 1990 788 simus
2021 732 2071 785 in
2102 730 2312 784 laudem
2340 728 2523 801 gloriae
2549 729 2685 798 ejus,
2718 730 3000 782 laudemus
3024 729 3244 800 gloriam
3279 733 3396 801 ejus

140 821 249 919 nos.
275 851 358 924 qui
394 858 521 904 ante
545 844 893 917 speravimus
932 840 984 894 in
1015 835 1273 897 Christo;
1309 830 1361 884 in
1400 842 1506 898 quo
1536 837 1590 880 et
1619 841 1735 889 vos,
1764 822 1931 878 rocati
1956 822 2075 875 estis
2098 861 2114 887 ,
2150 837 2212 875 ex
2240 837 2361 889 quo,
2397 821 2481 875 18.
2515 836 2636 874 eum
2664 823 2956 878 audissetis
3001 822 3218 878 verbum
3246 826 3392 878 veri-

137 915 260 1004 tatis,
287 915 473 996 scilicet
514 915 901 1009 (Evangelium
932 928 1123 986 salutis
1149 922 1364 990 vestrm)
1401 920 1454 973 in
1493 933 1599 987 quo
1636 917 1865 979 Christo,
1896 926 1946 969 et
1983 915 2267 1009 credentes
2295 915 2379 970 l9.
2413 915 2603 985 signati
2637 918 2781 972 estis
2800 917 2891 971 20.
2930 917 3137 987 Spiritu
3163 918 3399 987 promis-

135 1033 277 1091 sionis
299 1035 506 1089 sancto,
525 1005 635 1095 iqui
664 1033 750 1080 est
775 1023 866 1077 21.
896 1021 1090 1091 pignus
1129 1022 1393 1086 perpetrat
1422 1006 1753 1064 luercditatis
1793 1016 2010 1069 nostra),
2035 1005 2126 1060 9.2.
2163 1005 2215 1059 in
2260 1006 2685 1075 redemptionem
2715 1008 3110 1076 acquisitionis,
3142 1009 3397 1076 redempti

134 1139 177 1181 at
202 1125 299 1179 Deo
337 1116 694 1189 acquiramini
714 1156 732 1182 ,
790 1114 849 1169 in
893 1111 1104 1166 laudem
1136 1105 1319 1178 gloria:
1350 1102 1535 1172 ipsius.
1567 1099 1857 1168 Propterea
1889 1101 2031 1169 (quia
2061 1099 2376 1163 credidistis,
2422 1108 2467 1151 et
2498 1097 2719 1167 signati,
2762 1108 2809 1152 et
2842 1100 3009 1152 vocati
3040 1098 3185 1171 estis)
3213 1108 3269 1155 et
3295 1115 3398 1168 ego

136 1215 333 1272 audiens
362 1210 521 1264 ﬁdem
550 1216 822 1269 vestram,
854 1218 974 1274 qua:
997 1210 1082 1256 est
1125 1199 1178 1255 in
1208 1194 1435 1252 Domino
1465 1192 1613 1252 Jesn,
1642 1198 1696 1244 et
1721 1189 2063 1244 dilectionem
2099 1190 2151 1244 in
2177 1206 2368 1246 omnes
2408 1199 2646 1257 sanctos,
2688 1205 2793 1244 non
2823 1204 2975 1245 cesso
2997 1192 3200 1262 gratias
3231 1206 3399 1264 agens

133 1323 213 1377 pro
236 1308 408 1367 vobis,
448 1299 776 1355 memoriam
803 1290 970 1350 vestri
1016 1289 1224 1343 faciens
1269 1286 1321 1340 in
1372 1282 1710 1337 orationibus
1737 1280 1891 1346 meis,
1923 1280 2013 1335 25.
2047 1290 2103 1335 ιιι
2148 1281 2289 1337 Deus
2318 1282 2529 1337 Domini
2574 1280 2745 1336 nostri
2788 1279 2915 1336 Jesu
2959 1281 3161 1336 Christi
3232 1280 3398 1338 Pater

134 1371 312 1470 gloria},
340 1399 427 1449 det
453 1392 614 1449 vobis
661 1390 913 1463 spiritum
942 1381 1219 1455 sapientim
1246 1387 1300 1433 et
1328 1372 1693 1435 revelationis,
1719 1371 1772 1425 in
1803 1371 2075 1441 agnitione
2114 1371 2249 1442 ejus,
2278 1381 2326 1426 et
2367 1373 2449 1427 det
2478 1373 2618 1428 vobis
2650 1374 2978 1430 illutuinalos
3005 1377 3190 1433 oculos
3216 1378 3399 1433 cordis

134 1462 293 1552 ξρειτί,
324 1496 382 1541 ut
422 1484 615 1540 sciatis
638 1462 760 1553 qua:
784 1480 855 1536 sit
882 1492 1006 1548 spes
1050 1467 1354 1528 vocationis
1380 1465 1518 1533 ejus,
1548 1479 1668 1533 qutv
1694 1470 1742 1516 et
1771 1470 2027 1533 quantum
2059 1463 2270 1530 speretis
2313 1462 2499 1526 rocati,
2534 1472 2586 1516 et
2624 1479 2744 1534 que
2790 1464 2991 1520 divitia:
3020 1466 3223 1535 glorize,
3278 1466 3393 1535 glo-

135 1587 261 1640 rioste
285 1580 621 1637 haereditatis
642 1578 761 1649 ejus
790 1578 843 1632 in
886 1572 1124 1635 sanctis,
1154 1577 1207 1624 et
1241 1566 1333 1620 2i.
1363 1578 1482 1634 qua:
1510 1561 1583 1616 sit
1608 1557 2018 1629 supereminens
2046 1557 2365 1629 magnitudo
2384 1558 2600 1613 virtutis
2640 1564 2756 1629 ejus
2789 1562 2839 1615 in
2872 1575 3003 1626 nos,
3031 1578 3133 1630 quo
3164 1561 3214 1612 dt
3236 1569 3390 1614 turus

135 1682 192 1727 est
224 1669 356 1725 nobis
389 1647 844 1732 incorruptionem
864 1704 882 1731 ,
909 1663 1000 1719 25.
1030 1659 1120 1732 qui
1166 1655 1437 1712 credimus
1465 1650 1760 1706 secundum
1796 1647 2165 1718 operationem
2208 1649 2461 1718 potentia:
2502 1650 2719 1706 virtutis
2747 1650 2861 1720 ejus
2885 1692 2902 1718 ,
2941 1668 3102 1721 quam
3139 1661 3400 1722 operatus

136 1768 203 1813 est
237 1759 283 1813 in
306 1758 546 1820 Christo,
579 1756 852 1811 suscitans
883 1751 1030 1807 illum
1072 1764 1103 1804 a
1143 1745 1404 1809 mortuis,
1435 1751 1490 1798 et
1530 1741 1622 1795 26.
1657 1739 1997 1794 constituens
2027 1740 2093 1794 ad
2136 1742 2412 1794 dexteram
2455 1755 2608 1794 suam
2649 1740 2700 1795 iu
2747 1741 3063 1796 t-mlestibus
3105 1742 3193 1795 s7.
3232 1758 3396 1813 supra

136 1864 317 1905 omnem
341 1848 736 1919 principatum,
765 1854 820 1900 et
849 1852 1195 1914 potestatem,
1234 1848 1289 1893 et
1316 1837 1571 1890 virtutem
1593 1872 1608 1896 ,
1636 1839 1692 1886 et
1725 1828 2173 1894 dominationem,
2211 1829 2302 1884 28.
2336 1838 2390 1884 et
2423 1845 2582 1883 omne
2606 1829 2950 1903 140-141
3000 1845 3217 1895 nomen,
3256 1832 3401 1901 quod

136 1938 411 1995 nominatur
441 1953 551 1991 non
581 1936 755 1993 solum
788 1936 840 1989 itt
868 1936 970 1990 hoc
1008 1929 1336 1996 secculo,sed
1366 1926 1530 1981 etiam
1564 1922 1618 1977 in
1646 1921 1844 1976 futuro.
1870 1919 1938 1974 Et
1958 1920 2141 1975 omnia
2165 1919 2393 1991 subjecit
2423 1922 2521 1976 sub
2547 1921 2770 1991 pedibus
2795 1921 2941 1990 ejus;
2975 1929 3031 1976 et
3057 1921 3228 1992 ipsum
3253 1922 3403 1979 dedit

138 2038 271 2100 caput
298 2043 456 2095 supra
482 2043 705 2082 onmem
740 2026 1064 2090 Ecelesiam,
1093 2024 1182 2080 ἓξ).
1212 2039 1331 2094 qua:
1358 2027 1441 2076 est
1467 2029 1665 2086 corpus
1697 2011 1885 2084 ipsius,
1912 2020 1966 2066 et
1994 2011 2080 2066 50.
2114 2011 2391 2083 plenitudo
2421 2011 2562 2082 ejus,
2601 2012 2694 2084 qui
2717 2013 2897 2067 omnia
2930 2012 3021 2068 51.
3058 2013 3110 2067 in
3139 2015 3394 2070 omnibus

139 2119 442 2189 adtutpletur.
1575 2172 1806 2231 CApUT
1842 2171 1910 2227 ιι,

200 2317 257 2373 Et
283 2333 369 2372 vos
402 2332 529 2373 cum
576 2316 773 2373 essetis
801 2316 947 2384 prius
991 2312 1186 2369 mortui
1216 2311 1426 2367 delictis
1454 2308 1772 2375 actualibus,
1809 2314 1864 2364 et
1899 2308 2137 2377 peccatis
2167 2305 2507 2376 originalibus
2538 2305 2752 2369 vestris,
2785 2305 2838 2360 in
2884 2305 3078 2375 quibus
3106 2305 3398 2375 aliquando

1460 2415 2032 2475 COMMENTARIUS.

1460 2420 2032 2477 COMMENTARIUS.

142 2521 214 2592 [f.,
237 2520 317 2589 qui
347 2520 396 2574 in
426 2519 603 2591 terra]
634 2529 780 2585 sunt,
816 2518 1062 2573 homines
1090 2482 1340 2572 videlicet
1366 2515 1459 2570 eui
1498 2527 1691 2582 magna
1723 2512 1768 2567 Α
1797 2524 1990 2579 magna
2022 2524 2150 2579 erga
2185 2521 2283 2562 nos
2309 2507 2400 2578 qui
2422 2506 2485 2563 .in
2513 2519 2639 2561 eum
2663 2504 2939 2560 credimus
2965 2506 3031 2562 ab
3060 2520 3127 2562 eo
3149 2504 3358 2560 eﬂicicn
3377 2535 3396 2547 -

144 2630 194 2667 ex
218 2622 355 2682 parte
383 2612 686 2681 perierant.

198 2705 526 2761 laAueusr.
540 2703 896 2773 (Tract.psa..
909 2717 1039 2767 xxx,
1056 2700 1295 2756 concion.
1317 2698 1374 2765 ἰ,
1392 2707 1524 2754 tom.
1539 2696 1696 2765 VIII).

148 2794 199 2849 lu
221 2812 309 2865 quo
338 2805 385 2850 et
414 2811 514 2849 nos
543 2805 704 2848 sorte.
745 2792 905 2850 Sorte
961 2791 1101 2847 dixit
1127 2790 1387 2862 gratiam,
1423 2805 1529 2857 qua
1562 2788 1699 2843 salvi

149 2885 250 2938 iacti
295 2901 500 2939 sumus.
564 2884 744 2951 Quare
802 2892 966 2938 SOI‘lIS
1025 2881 1240 2936 nomine
1290 2880 1523 2952 appellat
1571 2895 1697 2950 gra-

153 2975 293 3029 tiam?
325 2974 462 3042 Quia
494 2975 547 3028 in
592 2982 742 3029 sorte
785 2988 891 3029 non
920 2982 1003 3027 est
1040 2971 1233 3028 electio
1257 3011 1277 3035 ,
1314 2969 1410 3026 sed
1456 2970 1700 3025 voluntas

154 3067 245 3120 Dei.
284 3066 411 3122 Nam
451 3068 540 3122 ubi
579 3067 780 3121 dicitur
822 3083 837 3121 :
881 3066 982 3121 iste
1022 3065 1195 3131 facit,
1239 3064 1340 3119 iste
1393 3077 1496 3118 non
1535 3061 1694 3124 facit.

155 3157 314 3211 merita
349 3157 786 3222 considerantur,
815 3166 869 3213 et
902 3156 991 3210 ubi
1039 3156 1233 3211 merita
1263 3155 1697 3218 considerantur,

151 3247 313 3300 electio
337 3261 441 3301 non
470 3255 556 3301 est
580 3261 721 3302 sors.
747 3245 974 3314 Quando
999 3255 1181 3301 autem
1210 3244 1353 3300 nulla
1382 3243 1573 3300 merita
1605 3258 1701 3298 no-

159 3344 248 3387 stra
284 3334 502 3402 invenit,
544 3345 693 3391 sorte
722 3324 1012 3391 voluntatis
1050 3351 1162 3391 sua:
1193 3350 1291 3390 nos
1318 3334 1497 3390 salvos
1538 3334 1696 3403 facit,

154 3424 256 3490 quia
284 3425 461 3484 voluit.
490 3440 595 3478 non
623 3425 749 3494 quia
780 3425 925 3496 digni
958 3423 1186 3489 fuimus;
1220 3425 1334 3479 lucc
1354 3433 1438 3479 est
1467 3440 1607 3479 sors.

210 3517 284 3569 17.
321 3516 515 3571 Lura.
549 3516 616 3571 In
646 3534 748 3589 quo
781 3527 829 3572 et
860 3535 973 3573 nos.
1008 3516 1317 3572 lmmutatio
1342 3531 1562 3573 casuum
1593 3525 1695 3581 est,

160 3604 280 3671 quasi
321 3604 518 3660 diceret
550 3623 563 3659 :
594 3605 649 3659 in
682 3622 866 3676 quem,
896 3606 948 3661 id
976 3614 1091 3673 est,
1123 3606 1177 3660 in
1207 3603 1361 3675 cujus
1388 3604 1584 3671 tidem;
1614 3604 1700 3660 vel

159 3691 199 3746 iu
221 3708 330 3762 quo.
361 3693 408 3747 id
434 3702 539 3757 est,
576 3709 674 3763 per
699 3709 876 3764 quem.

216 3784 287 3837 l8.
324 3786 556 3840 Attenes.
595 3783 726 3839 Cum
757 3785 1060 3852 audissetis,
1101 3785 1155 3840 in
1189 3785 1306 3857 ipso
1334 3794 1388 3841 et
1415 3800 1510 3840 vos
1535 3786 1697 3841 verba

1807 2608 1931 2666 tur;
1978 2609 2030 2654 et
2075 2603 2176 2655 hoc
2214 2598 2468 2669 explanat
2512 2595 2861 2652 memoranda
2904 2610 3024 2666 qua:
3075 2596 3127 2650 in
3174 2595 3394 2651 Christo

1806 2689 1945 2744 laeta
1970 2697 2115 2743 sunt.
2143 2687 2208 2742 Et
2233 2687 2517 2742 considera
2540 2684 2668 2755 quia
2693 2700 2798 2739 non
2823 2684 2957 2739 dicit
2974 2683 3201 2754 gloriam
3228 2685 3396 2739 luere-

1803 2782 1991 2858 ditatis
2017 2781 2294 2844 absolutas,
2321 2780 2416 2835 sed
2447 2778 2666 2833 divitias
2688 2776 2870 2847 gloria:
2895 2792 2911 2840 ;
2941 2792 3115 2847 neque
3141 2777 3393 2830 virtutem

1802 2874 1956 2945 ejus,
2005 2873 2098 2930 sed
2137 2888 2311 2942 neque
2360 2869 2783 2941 magnitudinem
2831 2868 3049 2923 virtutis
3095 2869 3248 2938 ejus;
3297 2870 3394 2924 sed

1801 2965 2176 3023 vehementius
2206 2982 2219 3019 :
2252 2978 2373 3034 qua:
2404 2963 2474 3017 sit
2502 2962 2911 3033 supereminens
2938 2961 3252 3030 magnitudo
3284 2962 3396 3016 vir-

1807 3056 1935 3112 tutis
1966 3055 2104 3124 ejus.

1871 3149 1960 3204 25.
2004 3149 2205 3202 Laxrn.
2246 3146 2352 3212 Qui
2391 3144 2670 3207 credimus,
2705 3151 2835 3207 etc.,
2867 3141 2920 3196 id
2952 3150 3055 3206 est,
3086 3141 3177 3210 qui
3214 3141 3391 3196 credi-

1804 3256 1924 3295 mus
1940 3240 2120 3296 omnia
2139 3253 2259 3310 quin
2278 3246 2533 3306 operatus
2555 3244 2638 3289 est
2660 3233 2714 3288 in
2739 3234 2976 3297 Christo,
2994 3233 3161 3302 possit
3178 3248 3338 3303 opera
3349 3233 3393 3288 ri

1805 3333 1857 3388 itt
1890 3332 2067 3396 nobis,
2098 3330 2277 3394 idest,
2308 3328 2783 3385 resurrectionem.

1871 3425 1961 3480 26.
2001 3424 2242 3480 Alanos.
2280 3422 2634 3487 Constituens,
2661 3425 2762 3476 hoc
2789 3430 2872 3476 est
2900 3419 3218 3490 participem
3244 3419 3394 3476 illum

1804 3516 2027 3571 honoris
2058 3517 2290 3586 accepit,
2319 3517 2385 3571 de
2411 3525 2663 3586 suscepto
2691 3517 2909 3570 homine
2935 3515 2985 3568 id
3012 3516 3231 3577 dicens,
3268 3531 3394 3585 pro-

1805 3616 1928 3678 pter
1954 3607 2348 3662 inhabitantem
2375 3621 2585 3661 mecum
2615 3604 2706 3677 [[2,
2732 3604 2942 3677 secum]
2972 3614 3217 3660 naturam
3244 3603 3392 3662 verbi

1806 3698 1927 3754 Dei.

1872 3789 1964 3843 27.
2005 3786 2204 3842 ΒΑΜ-ιι.
2233 3786 2403 3856 Supra
2428 3804 2628 3841 omntm
2655 3787 3023 3858 principatum,
3052 3796 3179 3849 etc.,
3214 3786 3266 3842 id
3289 3796 3397 3852 est,

161 3872 395 3941 Evangelii
426 3876 676 3941 audistis,
706 3884 762 3930 et
795 3876 862 3930 ad
896 3876 1057 3931 iidem
1089 3877 1424 3941 accessistis,
1450 3886 1504 3932 et
1537 3878 1695 3946 spiri-
1734 3867 1776 3925 Β
1803 3892 1962 3946 super
2008 3875 2326 3945 angelorum
2376 3884 2433 3929 et
2477 3874 2927 3946 arcltangelarum
2964 3875 3179 3931 nomina
3206 3916 3221 3941 ,
3276 3891 3398 3944 qua:

163 3971 233 4018 tus
273 3967 667 4037 participatione
713 3967 1183 4024 confirmationem
1231 3969 1551 4040 accepistis,
1600 3969 1705 4025 hoc

163 4056 278 4111 enim
304 4059 423 4114 dicit
447 4076 461 4113 :
497 4058 707 4129 Signati
736 4061 880 4114 estis.

221 4150 292 4205 l9.
328 4152 516 4206 Lsxrtt.
563 4152 771 4223 Signati
817 4153 961 4208 estis.
998 4152 1144 4209 Ordo
1172 4162 1257 4210 est
1286 4170 1300 4209 :
1332 4154 1525 4226 signati
1572 4155 1704 4213 estis

166 4236 207 4290 iu
240 4242 640 4313 redemptionem
677 4244 1081 4314 acquisitioms;
1131 4245 1352 4315 spiritus
1390 4246 1533 4299 enim
1578 4262 1701 4300 cre-

166 4327 323 4386 dentes
350 4334 539 4402 signat,
575 4333 628 4389 id
658 4342 768 4399 est,
815 4336 884 4390 ab
921 4334 1041 4390 aliis
1071 4334 1378 4390 hominibus
1407 4337 1664 4391 discernit
1687 4378 1701 4399 ,

167 4429 207 4472 et
225 4433 445 4492 separat;
475 4425 599 4493 quia
630 4439 661 4479 a
699 4426 935 4494 pet-catis
970 4418 1287 4496 eos'purgat
1318 4435 1370 4482 et
1403 4428 1701 4498 spirituali-

168 4508 243 4563 bus
265 4515 434 4581 gratiis
465 4524 648 4569 ornat.

220 4601 293 4656 20.
326 4605 554 4659 Attenes.
599 4602 855 4674 Spiritum
905 4605 1284 4675 promissionis.
1332 4606 1476 4661 Bene
1524 4616 1703 4661 autem

169 4692 370 4757 spiritum
406 4695 779 4765 promissionis
817 4695 1068 4759 vocavit,
1114 4696 1369 4764 quoniam
1408 4695 1545 4748 bona
1585 4713 1705 4765 qttzc

170 4794 432 4851 exspectant
457 4786 510 4841 in
538 4787 743 4851 futuro,
770 4787 944 4842 sancti
972 4785 1208 4856 Spiritus
1236 4783 1702 4856 participatioaem

171 4884 454 4943 exspectant.
1272 4920 1276 4924 .

221 4962 294 5016 2|.
353 4964 540 5034 Pignus
601 4965 945 5021 Itwreditatis.
1010 4965 1456 5034 Redemptionem
1515 4965 1658 5019 illam
1688 5007 1702 5029 ,

174 5048 450 5122 intitionetn,
482 5073 603 5126 qua:
642 5066 773 5112 tunc
807 5056 933 5121 erit,
962 5066 1142 5123 vocat,
1170 5058 1313 5127 quod
1348 5058 1536 5112 formae
1563 5057 1704 5110 illius

174 5141 361 5200 suum

1804 3965 1964 4021 modo
2011 3966 2277 4029 sciuntur,
2322 3975 2377 4020 et
2425 3982 2586 4036 super
2629 3966 2811 4021 omnia
2857 3982 2978 4037 que
3025 3967 3092 4021 ad
3147 3983 3392 4036 prmsens

1805 4062 2159 4130 ignorantur;
2200 4058 2283 4112 vel
2315 4074 2474 4128 super
2501 4058 2721 4113 caeleste
2748 4067 2803 4113 et
2834 4068 3103 4113 terrestre
3140 4076 3356 4114 nomen.

1872 4149 1963 4204 28.
2002 4147 2068 4202 Et
2100 4165 2251 4202 autne
2291 4164 2499 4202 nomen.
2540 4147 2652 4202 lloc
2688 4157 2767 4202 est
2808 4148 2920 4202 sive
2958 4147 3159 4217 aliquid
3199 4164 3397 4202 secun-

1803 4239 1931 4294 dum
1981 4249 2303 4309 prtesentem
2356 4239 2523 4292 vitam
2571 4238 2898 4300 neminatur,
2949 4248 3003 4293 et
3050 4239 3400 4308 cognoscitur

1805 4343 1925 4386 esse
1949 4343 2202 4399 magnum
2229 4328 2372 4397 quod
2413 4342 2513 4383 nos
2540 4327 2593 4382 in
2622 4327 2804 4382 futuro
2834 4343 3161 4398 cognoscere
3188 4328 3396 4399 poteri-

1807 4438 1958 4487 mus,
1994 4422 2137 4491 quod
2171 4437 2313 4475 nunc
2344 4419 2526 4475 l'orsan
2560 4420 2868 4487 nescimus,
2899 4419 3138 4475 omnium
3181 4420 3397 4476 illorum

1807 4514 2144 4581 superiorem
2184 4511 2330 4567 fecit.

1876 4603 1964 4659 29.
1999 4603 2128 4671 Qua!
2152 4614 2228 4659 est
2259 4620 2445 4673 corpus
2470 4604 2654 4674 ipsius.
2680 4603 2889 4676 Corpus
2924 4603 3041 4674 ejus
3070 4619 3281 4674 sumus,
3315 4607 3396 4662 si-

1809 4694 2165 4749 militudinetn
2215 4703 2444 4759 naturze,
2475 4703 2531 4748 et
2581 4695 2902 4765 participem
2952 4694 3173 4765 spiritu.
3221 4698 3397 4753 susei-

1805 4784 2034 4855 pientes,
2066 4791 2120 4837 et
2150 4797 2346 4851 corpus
2377 4798 2542 4836 unum
2588 4784 2792 4838 erimus
2819 4797 3030 4850 omnes,
3072 4785 3195 4854 quia
3244 4800 3395 4840 enm-

1808 4877 2392 4944 tnunentsuseepimus
2434 4876 2884 4929 resurrectionem
2925 4885 2981 4931 et
3009 4876 3391 4932 immortalita-

1808 4980 1937 5025 tem.
1986 4967 2042 5022 ln
2092 4969 2284 5024 ordine
2312 4982 2443 5023 veto
2472 4975 2635 5037 caput
2677 4968 2830 5021 nobis
2867 4968 3115 5024 Christus
3162 4971 3295 5029 erit;
3329 4986 3396 5024 ex

1806 5076 1913 5132 quo
1959 5058 2137 5113 omnis
2187 5072 2349 5111 causa
2403 5056 2655 5113 secunda:
2708 5057 3137 5127 regenerationis
3191 5057 3242 5112 in
3300 5072 3397 5112 tos

1806 5149 2079 5204 derivassc
2106 5148 2341 5203 videtur.

222 5236 293 5289 ‘12.
329 5237 389 5293 In
438 5241 862 5310 redemptionem.
913 5240 1356 5310 Redemptionem
1410 5248 1564 5295 vocat
1601 5244 1702 5295 im-
1729 5211 1774 5272 Ο
1881 5240 1973 5295 50.
2016 5240 2215 5294 Lassa.
2251 5239 2527 5295 Plenitudo
2566 5238 2700 5308 ejus.
2743 5239 3025 5294 Plenitudo
3071 5236 3270 5292 Christi
3313 5248 3398 5293 est

169 5330 498 5386 mortalitatem
524 5371 539 5395 ,
572 5348 695 5402 qua:
718 5332 827 5386 erit
867 5347 962 5402 per
991 5332 1447 5387 resurrectionem
1472 5372 1487 5396 ,
1519 5346 1703 5401 acqui-

170 5416 375 5474 sitionctn
411 5437 535 5478 vero
582 5422 1007 5479 familiaritatem
1049 5440 1206 5481 suam
1252 5438 1374 5481 cute
1416 5424 1485 5479 ad
1526 5425 1699 5479 Deum

172 5514 268 5558 erit.

225 5595 299 5649 23.
336 5597 395 5651 Ut
422 5601 559 5657 Deus
594 5603 807 5658 Domini
837 5606 1022 5659 nostri.
1050 5605 1245 5662 Dicens
1284 5607 1483 5663 Christi
1520 5622 1701 5663 susce-

177 5695 292 5752 ptum
327 5691 515 5748 indicat
557 5694 869 5760 hominem;
904 5705 1058 5765 pater
1099 5697 1283 5767 gloria:
1345 5698 1576 5769 gloriosa
1618 5709 1702 5755 cst

177 5777 290 5831 enim
314 5782 476 5839 divina
504 5795 715 5841 natura.

231 5868 305 5927 Ἡ.
340 5873 458 5941 Qua’
483 5878 548 5932 sit
582 5877 990 5951 supereminens.
1021 5879 1073 5935 id
1099 5888 1204 5947 est,
1240 5881 1441 5951 qualia,
1466 5891 1519 5937 et
1540 5898 1702 5952 quam

1812 5334 2075 5396 Ecclesia,
2108 5334 2235 5405 quia
2285 5332 2337 5386 in
2367 5326 2432 5386 ea
2463 5339 2519 5386 et
2560 5346 2658 5402 per
2686 5345 2808 5385 eam
2836 5331 3103 5385 adduntur
3152 5346 3182 5381 ιι
3205 5330 3310 5383 e.u|
3338 5345 3394 5383 ru

1809 5422 2048 5487 Christo,
2079 5423 2129 5476 id
2160 5430 2269 5487 est,
2305 5419 2510 5476 tideles.

1879 5520 1968 5575 51.
2015 5519 2253 5572 Attianos.
2302 5515 2368 5569 In
2416 5513 2652 5569 omnibus
2682 5512 3010 5582 aditnp.’e’ur.
3059 5509 3171 5566 Hoc
3212 5522 3287 5569 est
3342 5529 3394 5569 tn

1808 5611 2059 5666 omnibus
2090 5609 2281 5680 plenus
2300 5614 2402 5662 est.
2430 5604 2748 5659 Necessum
2772 5614 2949 5658 autem
2974 5605 3165 5675 adjecit
3190 5605 3393 5669 ouutia,

1807 5702 2095 5758 ostendens
2149 5708 2319 5755 totum
2378 5699 2612 5752 existere
2659 5698 2710 5751 in
2759 5695 3033 5761 erunibus,
3071 5707 3229 5766 ιιι-οιι
3274 5699 3397 5767 quis

1806 5794 2047 5866 cogitare
2079 5792 2310 5849 voluerit
2356 5791 2471 5847 sive
2501 5791 2757 5858 ess:'ntia,
2787 5789 2902 5846 sive
2949 5790 3003 5845 in
3055 5788 3391 5862 operatime,

1810 5885 1925 5937 sive
1952 5881 2004 5935 in
2036 5878 2258 5932 virtute.
