3964 6290
18 2794 23 3116 1

479 387 481 390 ⁴
546 379 643 432 tat
1354 428 1357 429 ί
1512 336 2155 431 etsummatim

2281 359 2392 413 AR.
2448 358 2748 415 ARCHIEP
3697 366 3794 419 ΞΜ

544 486 860 549 ambulastis
898 488 949 541 1.
976 485 1275 541 secundum
1318 480 1598 546 saeculum,
1628 480 1931 542 sa'culares,
1957 475 2141 531 mundi
2185 472 2361 542 hujus.
2392 472 2447 527 9..
2479 473 2775 529 secundum
2814 470 3111 542 principem
3157 470 3423 525 diabolum
3453 470 3506 525 5.
3541 477 3799 540 potestatis

544 581 686 638 aeris
720 579 899 649 hujus,
927 578 1171 647 spiritus,
1200 576 1314 645 qui,
1342 574 1508 632 ordo:
1534 573 1625 643 qui
1651 571 1866 640 spiritus
1910 582 2052 623 nunc
2079 574 2336 636 operatur
2360 564 2414 617 4.
2449 564 2504 618 in
2551 563 2688 649 filios
2724 562 3054 625 difﬁdentia,
3096 562 3160 617 de
3202 560 3474 631 promissis
3500 560 3799 630 difﬁdentes.

542 672 678 728 5.-in
713 672 909 742 quibus
939 672 1163 740 peccatis
1189 678 1243 722 et
1266 684 1361 723 nos
1388 680 1580 721 omnes
1611 663 1903 732 aliquando
1931 658 2239 723 conversati
2275 671 2464 713 sumus
2496 657 2548 711 in
2576 655 2862 711 desideriis
2891 654 3073 710 carnis
3098 660 3317 717 nostrae,
3342 669 3457 707 ecce
3482 656 3730 723 quomodo
3754 659 3803 713 in

543 758 837 822 desideriis,
867 756 1128 811 facientes
1165 756 1493 809 voluntatem
1535 752 1718 807 carnis
1739 759 1794 805 et
1834 749 2243 819 cogitationum,
2275 755 2329 801 et
2354 761 2573 801 eramus
2601 754 2793 799 natura
2819 744 3067 825 originali
3091 753 3302 815 peccato
3331 743 3425 797 ﬁlii
3463 744 3578 811 iraa,
3603 745 3732 802 sicut
3758 758 3807 805 et

544 852 749 912 caeteri,
777 850 1117 917 interpositio.
1169 847 1221 899 6.
1275 847 1415 901 Deus
1441 854 1645 908 autem,
1669 842 1759 912 qui
1806 842 1955 896 dives
1980 848 2066 896 est
2111 840 2164 893 in
2192 837 2591 904 misericordia,
2624 846 2845 909 propter
2892 836 3113 890 nimiam
3147 837 3470 891 eharitatcm
3515 852 3682 902 suam,
3712 856 3805 910 qua

545 941 733 997 dilexit
760 954 878 1001 nos,
909 947 963 992 et
1004 953 1125 991 cum
1158 952 1402 990 essemus
1432 934 1629 989 mortui
1669 932 1929 1003 peccatis,
1964 930 2364 985 conviviticavit
2408 944 2506 984 nos
2538 929 2590 983 in
2623 928 2864 993 Christo,
2898 927 3075 999 (cujus
3107 938 3280 1000 gratia
3328 929 3461 983 estis
3503 929 3730 1002 salvati),
3760 946 3809 989 et

548 1032 1019 1094 conresuseitavit,
1049 1031 1100 1083 7.
1149 1040 1197 1083 et
1234 1028 1529 1082 consedere
1558 1025 1691 1080 fecit
1717 1025 1769 1078 in
1802 1022 2116 1078 ctelestibus
2147 1022 2200 1076 in
2242 1020 2459 1076 Christo
2492 1018 2640 1083 Jesu,
2674 1019 2726 1074 8.
2762 1028 2821 1074 ut
2866 1018 3177 1074 ostenderet
3206 1020 3259 1075 9.
3294 1020 3347 1073 in
3378 1019 3590 1074 smculis
3631 1035 3810 1090 super-

544 1110 905 1184 venientibus,
935 1122 987 1173 id
1012 1130 1105 1184 est,
1134 1119 1431 1173 hominibus
1460 1117 1676 1187 futuris,
1700 1125 1755 1169 ut
1783 1115 1919 1169 idem
1956 1122 2159 1183 sperent
2191 1112 2254 1166 de
2276 1130 2350 1176 se,
2373 1111 2451 1166 vel
2478 1112 2531 1165 in
2562 1122 2754 1166 aeterno
2782 1109 2996 1174 swculo,
3033 1110 3374 1165 abundantes
3399 1108 3615 1163 divitias
3639 1114 3809 1180 gratia:

546 1229 675 1279 sate,
698 1215 819 1281 quia
837 1210 992 1282 142
1016 1210 1232 1264 saluauit
1257 1224 1372 1272 nos,
1400 1209 1451 1262 in
1481 1208 1738 1268 bonitate,
1756 1223 1857 1259 non
1885 1204 2084 1258 meritis
2116 1204 2323 1263 nostris.
2342 1218 2506 1272 super
2531 1217 2629 1257 nos
2652 1202 2707 1257 in
2737 1202 2954 1258 Christo
2975 1200 3125 1263 Jesu,
3147 1201 3202 1253 in
3223 1199 3329 1268 [ide
3349 1197 3570 1253 Christi.
3593 1199 3808 1258 Ostensio

546 1306 807 1359 bonitatis.
839 1303 1023 1357 Gratia
1064 1302 1206 1357 enim
1232 1302 1365 1354 estis
1408 1300 1597 1355 salvali
1627 1314 1723 1368 per
1759 1298 1941 1361 fidem,
1974 1306 2029 1350 et
2058 1295 2181 1359 hoc,
2213 1294 2356 1349 salus
2382 1304 2584 1359 nostra,
2609 1310 2716 1348 non
2741 1308 2808 1349 ex
2835 1294 3010 1359 vobis,
3045 1291 3139 1347 Dei
3166 1290 3310 1345 enim
3356 1291 3557 1346 donum
3589 1301 3685 1357 est,
3715 1310 3807 1350 non

545 1410 606 1450 ex
653 1395 930 1464 operibus,
959 1403 1019 1448 ttt
1050 1409 1116 1448 ne
1144 1394 1266 1463 quis
1294 1393 1347 1445 in
1380 1409 1434 1446 se
1464 1391 1626 1461 (quod
1674 1406 1776 1443 non
1803 1387 1968 1458 decet)
1994 1386 2273 1457 glorietur,
2306 1372 2445 1456 quod
2478 1387 2694 1453 faceret,
2720 1383 2765 1437 si
2802 1400 2866 1437 ex
2896 1384 3137 1454 operibus
3183 1381 3495 1436 salvaretur.
3538 1382 3622 1436 10.
3657 1382 3809 1456 Ipsius

546 1488 687 1541 enim
721 1502 906 1541 sumus
936 1485 1167 1548 factura,
1196 1484 1363 1539 creati
1395 1484 1447 1537 in
1483 1482 1702 1537 Christo
1725 1478 1850 1535 Jesu
1874 1479 1926 1533 in
1950 1478 2203 1548 operibus
2229 1476 2416 1542 bonis;
2448 1476 2500 1529 in
2525 1476 2622 1528 hoc
2652 1476 2809 1529 etiam
2852 1473 2993 1545 quod
3020 1473 3145 1528 bene
3170 1488 3467 1544 operantur,
3498 1473 3623 1541 facti
3650 1493 3809 1531 sumus

548 1580 678 1646 Deo,
712 1597 818 1651 qua
856 1579 1189 1649 prmparavit
1221 1578 1383 1641 Deus,
1411 1592 1502 1630 nec
1527 1574 1623 1628 hoc
1670 1590 1702 1625 a
1732 1571 1895 1635 nobis,
1930 1578 1986 1624 ut
2017 1570 2069 1624 in
2103 1569 2208 1623 illis
2252 1566 2607 1622 ambulemus.
2638 1566 2729 1621 11.
2765 1565 2996 1636 Pr0pter
3029 1563 3193 1634 quod,
3234 1563 3359 1631 quia
3404 1562 3593 1653 saluati
3634 1560 3809 1635 gratia,

551 1685 820 1726 ntemores
846 1678 1022 1724 estote.
1052 1669 1196 1739 quod
1227 1668 1517 1737 aliquando
1544 1683 1637 1721 vos
1669 1676 1856 1737 gentes
1880 1665 1954 1718 -in
1988 1678 2176 1725 carne,
2209 1659 2295 1714 12.
2350 1658 2716 1729 qui'dicimini
2748 1658 3077 1731 praeputium
3114 1660 3182 1714 ab
3227 1675 3290 1713 ca
3338 1673 3459 1727 qua:
3500 1660 3689 1739 dicitur
3719 1662 3813 1743 cir-

550 1766 815 1822 cumcisio
844 1765 897 1817 in
927 1778 1113 1826 carne,
1143 1777 1304 1815 manu
1336 1762 1511 1825 facta;
1543 1769 1591 1813 et
1640 1775 1889 1813 memores
1914 1766 2073 1810 estote
2102 1755 2228 1825 quia
2261 1754 2428 1808 eratis
2453 1752 2541 1807 illo
2579 1755 2631 1809 in
2682 1763 2924 1825 tempore
2960 1755 3078 1810 sine
3106 1754 3345 1818 Christo,
3376 1755 3595 1811 alienati
3640 1758 3671 1810 a'
3697 1746 3810 1811 con-

553 1861 860 1916 versatione
905 1857 1088 1922 lsrael,
1122 1855 1455 1914 Judworum,
1496 1850 1581 1905 l5.
1618 1859 1671 1904 et
1714 1849 1956 1918 hospites
2003 1853 2476 1908 testamentorum,
2502 1847 2738 1900 extranei
2768 1864 2799 1900 a
2829 1845 2958 1916 lege,
2996 1848 3372 1917 promissionis
3400 1864 3550 1919 spem
3588 1865 3685 1903 non
3730 1852 3812 1904 ha-

552 1958 764 2013 bentes.
804 1961 857 2006 ut
886 1935 1082 2012 Juda’i,
1106 1957 1161 2003 et
1188 1948 1305 2001 sine
1328 1945 1437 1999 Deo
1467 1944 1517 1997 in
1547 1944 1648 1997 hoc
1673 1942 1892 1996 mundo.
1929 1938 2082 1993 Nunc
2104 1946 2282 1991 autem
2314 1937 2363 1990 in
2391 1937 2609 1992 Christo
2644 1936 2793 2002 Jesu,
2820 1939 2872 1992 in
2901 1938 3006 2007 ﬁde
3032 1938 3250 2003 Christi,
3275 1956 3393 2005 vos,
3425 1941 3517 2009 qni
3550 1941 3811 2013 aliquando

553 2046 721 2099 eratis
748 2044 901 2111 longe
955 2056 985 2092 a
1022 2039 1126 2092 Deo
1154 2054 1247 2107 per
1277 2046 1508 2107 peccata,
1554 2033 1714 2088 faelis
1751 2033 1883 2086 estis
1923 2044 2089 2101 prope
2131 2029 2185 2083 in
2218 2029 2480 2097 sanguine
2508 2027 2729 2083 Christi.
2761 2029 2878 2099 ipse
2918 2030 3064 2085 enim
3100 2040 3183 2085 est
3210 2046 3313 2101 pax
3351 2043 3559 2099 nostra,
3591 2034 3676 2103 qui
3703 2033 3815 2090 fecit

556 2151 784 2207 unaque
809 2148 971 2187 unum
1004 2130 1333 2200 (angelicam,
1360 2139 1407 2182 et
1434 2129 1723 2181 humanam
1751 2120 2173 2205 creaturam,,vel
2200 2119 2416 2174 Judwos
2453 2131 2497 2175 et
2520 2121 2715 2191 gentes)
2750 2122 2837 2176 14.
2866 2130 2922 2178 et
2953 2124 3188 2178 medium
3221 2126 3481 2195 parietem
3514 2127 3691 2198 (quasi
3722 2128 3819 2196 for:

556 2244 660 2287 tem
712 2226 961 2281 maceria:
996 2222 1229 2284 solvens,
1268 2218 1583 2272 inimicitias
1614 2216 1750 2287 (ecce
1790 2213 2061 2285 parietem)
2092 2213 2180 2267 l5.
2231 2213 2285 2266 in
2317 2228 2481 2267 carne
2512 2229 2629 2277 sua,
2661 2213 2831 2284 legem
2870 2214 3166 2281 Iudaicam,
3199 2218 3274 2272 uel
3307 2220 3579 2287 parietem,
3618 2222 3814 2277 mansa.

532 2324 733 2371 torum
782 2312 1015 2369 decretis
1042 2308 1351 2378 ertmgelicis
1381 2319 1675 2369 evacuans,
1700 2314 1763 2360 .ut
1797 2304 1933 2357 duos
1956 2301 2173 2371 populos
2203 2303 2396 2355 condat
2429 2313 2681 2356 euacuata
2725 2302 2836 2374 lege
2888 2305 2941 2360 in
2988 2311 3279 2381 semetipso
3327 2312 3379 2366 in
3435 2328 3599 2368 unum
3641 2331 3814 2369 nm"...

557 2406 829 2461 hominem
857 2422 910 2458 tn
941 2419 1015 2466 se,
1066 2399 1141 2456 uel
1166 2399 1253 2470 [f.,
1292 2398 1371 2470 ut]
1396 2399 1496 2452 sint
1541 2414 1678 2450 unus
1722 2411 1881 2449 novus
1910 2396 2083 2459 homo,
2116 2393 2321 2450 faciens
2360 2410 2574 2465 pacem,
2603 2397 2906 2468 (inculcatio
2928 2404 3280 2476 superiorum)
3314 2407 3399 2462 16.
3426 2417 3489 2463 et
3534 2410 3817 2465 reconciliet

560 2500 750 2552 ambos
780 2506 835 2549 ut
860 2494 964 2549 sint
997 2493 1048 2546 in
1077 2505 1184 2544 uno
1209 2503 1458 2557 corpore,
1480 2488 1536 2541 in
1558 2503 1632 2548 se,
1664 2486 1773 2539 Deo
1796 2499 1891 2553 per
1917 2498 2156 2538 crucem.
2188 2482 2519 2539 interficiens
2555 2484 2873 2543 inimicitias
2902 2489 2956 2544 in
2983 2498 3296 2569 semetipso.
3323 2499 3390 2555 Et
3424 2501 3646 2557 veniens
3671 2518 3817 2558 evan-

554 2586 810 2657 gelizavit
840 2599 1023 2655 pacem
1078 2579 1252 2645 vobis,
1284 2580 1541 2650 gentibus,
1584 2580 1675 2646 qui
1722 2576 1880 2645 longe
1906 2574 2116 2639 fuistis;
2150 2584 2205 2629 et
2234 2574 2421 2645 pacem
2455 2576 2521 2631 iis
2547 2577 2640 2647 qui
2685 2593 2878 2648 prope;
2912 2585 3167 2651 quoniam
3214 2606 3313 2661 per
3361 2592 3535 2661 ipsum
3584 2593 3818 2650 habemus

564 2692 842 2731 accessum
882 2674 1039 2728 ambo
1089 2674 1141 2725 in
1170 2686 1275 2725 uno
1307 2669 1512 2740 Spiritu
1548 2668 1646 2722 hoc
1686 2676 1931 2737 operante
1958 2667 2025 2720 ad
2056 2666 2295 2721 Patrem.
2329 2667 2490 2738 Ergo,
2520 2670 2645 2739 quia
2671 2671 2937 2728 destructa
2977 2677 3275 2743 inimicitia,
3300 2680 3414 2749 jam
3453 2696 3559 2736 non
3587 2684 3713 2738 estis
3741 2684 3815 2739 bo-

557 2770 725 2837 spites
750 2775 806 2821 ct
833 2766 1073 2829 advenae,
1105 2764 1199 2818 sed
1249 2760 1380 2815 estis
1412 2758 1561 2813 cives
1596 2764 1909 2831 sanctorum
1941 2763 1996 2810 et
2040 2755 2323 2810 domestici
2371 2756 2467 2812 Dei
2497 2756 2730 2829 (exponit
2774 2760 3037 2831 quomodo
3082 2767 3187 2822 sint
3219 2767 3376 2841 cives)
3425 2768 3817 2840 supermdilicati

1911 2864 2480 2923 COMMENTARIUS.

630 2972 781 3028 CAP.
821 2970 880 3024 ll.
907 2999 975 3009 —
998 2969 1046 3021 1.
1074 2966 1311 3020 Annos.
1338 2961 1638 3018 SeCundunt
1663 2956 1932 3013 saxulum.
1958 2957 2145 3012 Srecu-
2174 2959 2221 3016 Α
2317 2958 2403 3013 10.
2433 2957 2607 3029 Ipsius
2639 2963 2780 3015 enim
2804 2978 3005 3021 sumus.
3033 2965 3192 3023 Ratio
3224 2984 3324 3023 cur
3351 2984 3419 3025 ex
3447 2971 3695 3042 operibus
3725 2973 3818 3030 sui“

561 3064 670 3119 lum
725 3079 827 3117 non
884 3070 1192 3115 creaturam
1245 3055 1398 3119 dicit,
1448 3052 1543 3109 sed
1592 3050 1943 3121 temporalem
1992 3048 2152 3119 hujus
2256 3049 2459 3103 nemini
2484 3050 2552 3104 sit
2585 3050 2943 3120 gloriandum.
2977 3054 3141 3122 Quasi
3187 3059 3442 3115 diceret:
3479 3061 3591 3131 ipse
3630 3062 3817 3120 feelth

560 3152 736 3211 δωρειιὶ
766 3148 1255 3205 cotn'crsationem.
2256 3142 2459 3197 creavit
2483 3157 2580 3198 nos
2604 3143 2655 3197 in
2690 3144 2793 3199 fide
2819 3145 2947 3201 Jesu
2972 3147 3200 3216 Christi,
3228 3158 3284 3205 et
3314 3151 3368 3206 in
3403 3157 3654 3221 operibus
3686 3156 3818 3211 bonis

634 3243 689 3297 2.
718 3242 916 3295 Laure.
956 3237 1255 3293 Secundum
1298 3233 1606 3306 principem,
1634 3231 1687 3285 id
1720 3238 1823 3295 est,
1854 3229 2152 3286 secundum

564 3334 706 3403 quod
749 3328 1109 3401 pet-suadebat
1150 3340 1248 3379 vos
1276 3323 1529 3394 princeps
1552 3322 1643 3391 qui
1679 3322 1729 3375 in
1759 3321 1863 3375 hoc
1891 3335 2016 3375 aere
2058 3335 2153 3389 po-

567 3435 817 3481 testatum
856 3422 1017 3478 habet
1038 3418 1122 3475 vel
1153 3418 1335 3474 fideles
1374 3415 1636 3481 tentamli,
1669 3413 1752 3470 vel
1795 3416 1967 3486 ipsum
2001 3429 2151 3469 com-

566 3515 839 3572 movendi.

582 3648 583 3651 η
638 3608 692 3663 5.
742 3605 979 3658 Animos.
1026 3599 1308 3654 Potestatis
1344 3600 1502 3652 aeris.
1542 3597 1793 3653 Diabolus
1840 3597 2152 3651 mamlatnm

566 3698 774 3764 accepit
825 3703 884 3747 ut
938 3692 1271 3761 principetur
1318 3690 1427 3744 aeri
1477 3698 1531 3743 et
1582 3697 1907 3759 potestatem
1956 3688 2157 3742 haheat

567 3801 912 3845 CONDIOVCTC
936 3801 1081 3840 Clit“.
1422 3802 1425 3805 ‘
1802 3820 1805 3821 ν
2040 3820 2041 3823 η

638 3880 694 3934 t.
729 3880 931 3934 Lm“.
963 3878 1026 3932 In
1048 3878 1187 3948 ﬁlios
1215 3877 1547 3947 dif/identia’.
1575 3875 1693 3929 Filii
1726 3873 2032 3929 difﬁdentiae
2075 3873 2155 3929 di.

569 3982 785 4034 eluitur,
818 3971 899 4024 vel
930 3971 1053 4040 quia
1085 3971 1151 4024 de
1175 3967 1626 4040 promis-ionilms
1653 3966 1743 4019 Dei
1776 3965 2039 4030 difﬁdunt,
2070 3965 2153 4020 vel

568 4062 695 4133 quia
724 4062 788 4115 de
819 4059 1170 4114 coniversioue
1214 4075 1401 4113 eorum
1446 4056 1588 4109 nulla
1619 4069 1740 4122 spes
1768 4064 1848 4108 est
1887 4054 2153 4109 ﬁdelibus.

640 4154 695 4207 5.
719 4151 954 4206 AMBROS.
988 4150 1052 4204 In
1087 4151 1273 4219 quibus
1295 4160 1339 4202 et
1371 4164 1483 4201 nos.
1507 4146 1771 4211 Quoniam
1803 4145 2015 4199 dixerat-
2035 4162 2152 4209 vos,

569 4258 639 4296 ne
683 4257 739 4296 se
767 4239 1084 4293 subtrahere
1112 4238 1517 4291 existimaretur
1539 4236 1605 4287 ab
1635 4234 1738 4288 illis
1784 4235 1873 4305 qui
1904 4248 2158 4289 necessa-

571 4333 706 4387 riam
751 4331 1073 4385 videbantur
1113 4329 1312 4383 habcrc
1335 4327 1587 4397 gratiam,
1620 4328 1837 4396 adjecit,
1868 4329 1921 4381 iu
1964 4328 2150 4397 quibus

567 4436 614 4479 et
647 4442 761 4477 nos.

641 4518 694 4571 6.
740 4519 877 4571 Deus
922 4527 1093 4570 autem
1125 4516 1213 4581 qui
1260 4515 1399 4568 dives
1430 4525 1522 4568 est.
1557 4514 1646 4569 Sic
1682 4523 1942 4584 cmperat,
1976 4514 2043 4569 Et
2064 4528 2157 4569 vos

571 4628 703 4664 cuin.
718 4610 913 4665 essetis
963 4609 1178 4671 mortui,
1204 4616 1396 4662 cmtera
1427 4608 1714 4679 intcrjecit,
1745 4610 1915 4663 donec
1960 4616 2157 4663 iterum

572 4703 698 4755 illud
729 4702 1040 4771 resumpsit,
1068 4701 1208 4755 ultra
1243 4717 1345 4753 non
1375 4701 1559 4755 dicens
1585 4716 1699 4763 vos,
1725 4701 1818 4755 sed
1847 4716 1963 4755 nos.

647 4799 698 4849 7.
736 4797 800 4849 Et
845 4795 1137 4848 consedere.
1170 4793 1276 4846 Illis
1306 4809 1420 4853 nos,
1456 4793 1527 4847 ait
1577 4793 2008 4847 communicasse
2038 4807 2158 4862 qua:

572 4890 641 4944 de
674 4889 893 4942 Christo
945 4887 1101 4949 dixit,
1153 4901 1247 4955 per
1280 4884 1445 4949 illam,
1501 4900 1620 4952 qua:
1664 4884 1804 4950 apud
1854 4883 2001 4936 illum
2052 4892 2155 4949 est,

573 4979 1024 5047 conjunctionetn.

644 5071 698 5125 8.
733 5068 797 5122 Ut
828 5068 1137 5121 ostenderet.
1170 5066 1312 5119 Bene
1342 5066 1394 5119 in
1421 5066 1631 5120 saeculis
1660 5064 2159 5135 supervenientibus

574 5160 730 5225 dixit,
762 5158 977 5228 quando
1021 5159 1258 5227 ipsarum
1303 5172 1482 5211 rerum
1516 5156 1854 5216 manifestam
1896 5173 2020 5226 erga
2062 5171 2160 5211 nos

484 5236 501 5249 ’
574 5253 821 5306 ostendet
851 5250 941 5303 Dei
972 5234 1293 5312 bonitatem,
1322 5258 1377 5303 et
1401 5249 1629 5321 gratiam
1667 5249 1814 5304 illam
1841 5266 2002 5320 quam
2042 5264 2162 5318 per-

576 5344 740 5397 ficere
770 5343 1019 5411 dignatus
1056 5350 1139 5396 est
1166 5356 1259 5410 per
1290 5342 1377 5394 illa
1405 5357 1525 5412 quae
1560 5342 1852 5396 secundum
1884 5342 2157 5396 Christum

574 5442 720 5488 sunt.

645 5524 698 5578 9.
733 5521 932 5576 Larum.
986 5521 1049 5576 In
1081 5523 1321 5577 secundis
1355 5522 1852 5592 superuenientibus.
1884 5522 1940 5576 In
1985 5521 2158 5585 nobis,

576 5618 773 5689 inquit,
803 5620 891 5686 qui
944 5627 1146 5671 tantam
1197 5616 1630 5671 misericordiam
1682 5630 1709 5667 a
1748 5613 1856 5667 Deo
1886 5613 2158 5668 consecuti

2257 3249 2377 3304 qute
2421 3251 2516 3303 per
2558 3237 2787 3307 gratiam
2818 3253 2971 3294 suam
3017 3244 3347 3313 praeparavit
3374 3246 3548 3302 nobis.
3581 3247 3755 3304 Potest
3777 3258 3818 3304 et

2256 3328 2465 3383 factura
2492 3328 2762 3385 ablativus
2788 3346 2933 3397 esse,
2954 3343 3013 3388 ut
3039 3335 3110 3389 sit
3136 3351 3327 3392 sensus
3363 3356 3375 3391 ς
3406 3342 3647 3409 operatio
3674 3344 3818 3411 ἱρεῖαι

2256 3428 2357 3483 est,
2383 3421 2525 3490 quod
2555 3423 2720 3477 creati
2746 3440 2932 3480 sumus
2958 3427 3011 3480 in
3041 3427 3146 3484 fide
3172 3428 3296 3485 .Iesu
3326 3430 3552 3499 Christi,
3584 3444 3684 3489 etc.

2276 3547 2281 3551 .
2329 3508 2418 3561 11.
2448 3506 2670 3577 Propter
2703 3514 2844 3581 quod
2870 3530 3142 3571 memores.
3175 3517 3333 3585 Quia,
3368 3520 3563 3591 inquit.
3593 3524 3818 3589 fidem,e|

2256 3599 2397 3655 bona
2427 3616 2589 3670 opera
2623 3603 2765 3659 Deus
2787 3606 2932 3660 dedit
2953 3609 3128 3676 vobis,
3151 3626 3423 3668 memores
3451 3623 3625 3671 estote
3652 3619 3817 3672 verbo-

2259 3706 2377 3745 rum
2409 3693 2529 3757 Dei;
2558 3693 2841 3757 malorum,
2878 3697 2929 3750 in
2960 3699 3157 3768 quibus
3186 3701 3381 3768 fuistis,
3417 3714 3476 3758 ut
3507 3721 3603 3775 pro
3636 3707 3819 3761 collatis

2257 3781 2537 3838 beneficiis
2562 3784 2817 3855 majorem
2844 3788 2953 3845 Deo
2983 3792 3212 3859 gratiam
3238 3798 3569 3865 rependatis.

2306 3876 2415 3930 12.
2450 3877 2688 3931 Asianos.
2716 3877 2821 3945 Qui
2867 3882 3200 3938 dicebamim‘.
3228 3885 3381 3953 Quod
3410 3887 3548 3943 dicit
3585 3890 3638 3944 in
3677 3905 3820 3945 carie

2256 3967 2416 4037 adjici
2447 3968 2520 4023 illi
2550 3969 2729 4037 debet,
2763 3972 2852 4040 qui
2883 3974 3124 4031 dicimini
3162 3992 3267 4031 non
3311 3978 3364 4033 in
3411 3980 3503 4035 illo
3550 3982 3707 4048 dicto,
3733 3998 3821 4052 quo

2257 4070 2444 4129 gentes
2484 4063 2640 4129 dixit,
2664 4074 2721 4118 ut
2751 4065 2821 4119 sit
2844 4081 3035 4123 sensus
3076 4069 3129 4124 in
3174 4083 3336 4126 carne
3362 4076 3709 4145 prtcputiatos
3745 4066 3823 4131 de-i

2258 4148 2387 4203 bere
2404 4152 2528 4205 dici.
3644 4176 3647 4177 '

2314 4260 2416 4337 15.
2486 4262 2686 4321 Lssrn.
2759 4267 3006 4339 Hospites
3074 4282 3526 4335 tes‘mncntorum.
3602 4282 3821 4354 Hospites

2259 4360 2416 4403 erant
2463 4364 2649 4422 gentes
2698 4357 2749 4411 in
2793 4373 2886 4413 eos
2914 4362 3004 4430 qui
3061 4372 3384 4422 testamenta
3430 4370 3716 4437 habebant,
3755 4373 3821 4428 vel

2259 4443 2383 4511 quia
2413 4446 2476 4498 ad
2506 4455 2717 4517 tetupus
2748 4466 2896 4507 more
2929 4454 3197 4525 hospitum
3230 4461 3519 4517 veniebant
3547 4472 3600 4518 et
3627 4465 3820 4520 recede-

2261 4534 2419 4600 bant;
2455 4537 2538 4589 vel
2587 4540 2711 4607 quia
2762 4542 2806 4595 si
2863 4545 2957 4614 qui
3008 4562 3194 4603 eorum
3228 4551 3293 4606 ad
3332 4534 3627 4611 'Judaicum
3682 4558 3820 4611 ritum

2260 4629 2712 4684 convertebanlur
2735 4632 2953 4689 advena?
2974 4646 3024 4691 et
3053 4640 3306 4710 proselyti
3332 4646 3678 4701 vocabantur.

2334 4739 2420 4792 H.
2456 4741 2693 4796 Auunos.
2729 4744 2961 4827 Medium
2994 4762 3265 4819 parietem.
3298 4753 3641 4813 inimicitiam
3667 4769 3717 4814 et
3746 4774 3819 4814 se-

2260 4834 2597 4901 parationem
2642 4853 2760 4905 quae
2789 4854 2852 4893 ex
2882 4841 3296 4900 circumcisione
3336 4848 3518 4912 fiebat,
3549 4867 3668 4906 cum
3698 4851 3820 4906 omni

2264 4924 2375 4993 lege
2428 4925 2553 4979 feeit
2602 4942 2843 4984 cessare.
2894 4931 3027 4985 Nam
3064 4944 3184 5002 post
3236 4942 3703 5003 resurrectionem,
3735 4944 3816 4995 im-

2262 5017 2644 5073 ιιιοτιειΙίτθιθιη
2694 5021 2849 5075 nobis
2882 5037 3145 5091 pra-satis
3186 5028 3451 5083 destruxit
3500 5032 3630 5089 haec.
3662 5034 3712 5087 In
3741 5034 3822 5085 im-

2263 5109 2475 5162 mortali
2551 5110 2751 5164 etcnitn
2823 5122 3016 5169 natura
3087 5116 3429 5175 circumcisio
3507 5136 3820 5193 nequaquam

2262 5199 2460 5267 poterit
2488 5200 2771 5256 celebrari.

2335 5310 2420 5364 13.
2472 5311 2672 5378 Laure.
2721 5313 2789 5368 In
2836 5332 2995 5372 carne
3042 5335 3159 5374 sua.
3194 5321 3251 5374 In
3284 5338 3449 5378 carne
3498 5342 3593 5380 sua
3635 5325 3712 5381 vel
3750 5339 3821 5378 as-

2262 5415 2495 5473 sumpta,
2529 5404 2608 5459 vel
2650 5409 2930 5475 crucifixa,
2965 5412 3122 5466 solvit
3144 5412 3392 5471 Christus
3422 5418 3619 5488 legares
3662 5420 3822 5473 obser-

2262 5494 2529 5557 vationes,
2570 5509 2706 5564 quas
2740 5499 3001 5566 parietem
3053 5511 3105 5557 et
3154 5520 3425 5560 inimicam
3479 5508 3570 5580 [[2,
3616 5504 3819 5563 inimici-

2267 5586 2417 5659 tiam]
2469 5601 2626 5643 vocat
2656 5590 3034 5655 interludaros
3078 5605 3129 5649 et
3166 5609 3381 5666 gentes;
3430 5600 3513 5655 lex
3551 5602 3687 5656 enirn
3732 5611 3819 5653 non

575 5724 784 5775 sumus,
813 5709 1046 5764 ostendit
1095 5709 1237 5762 Deus
1272 5718 1531 5776 quantam
1576 5705 1820 5761 homines
1863 5704 1914 5759 in
1947 5704 2155 5778 futuris

2272 5691 2383 5736 erat
2407 5682 2553 5749 data,
2586 5683 2687 5737 nisi
2715 5699 2888 5753 usque
2919 5687 2989 5741 ad
3018 5687 3306 5745 adventura
3337 5692 3558 5748 Christi.

577 5798 907 5870 temporibus
935 5811 1153 5868 sperare
1181 5796 1411 5866 possint.

2340 5794 2426 5848 16.
2465 5794 2775 5851 Reconci'iet
2820 5799 3020 5866 ambos,
3056 5809 3160 5856 ctc.
3212 5803 3477 5875 Reprimit
3504 5782 3827 5874 Judmosuli?
