3880 6306
72 427 161 483 111
794 414 857 469 ΙΝ
899 415 957 468 D.
1004 409 1209 467 PAULI
1249 405 1469 461 EPIST.
1513 403 1647 458 (£01!

1773 401 1960 455 vr—
1988 398 2204 458 Et‘IST.
2246 403 2337 459 Ab
2375 404 2613 461 EPltES.
3205 392 3313 465 est

76 542 151 596 Π,
185 551 342 608 super
370 534 810 592 hindamentum,
838 525 1190 587 intransitive,
1220 521 1300 575 rel
1349 519 1525 588 ﬁdem,
1576 515 1941 585 apostolorum
1974 522 2047 570 et“
2075 516 2481 586 prophetarum,
2519 517 2606 573 18.
2659 516 2774 587 ipso
2800 533 3029 594 .snmmo
3075 521 3323 594 angulari

54 630 230 700 .Iapide
257 626 480 681 Christo
519 622 664 686 Jesu,
693 623 745 676 in
771 639 878 693 quo
903 622 1081 675 omnis
1107 616 1394 673 :ediﬁcatio
1414 620 1727 667 constructa
1758 611 1958 664 crescit
1988 610 2042 664 in
2074 613 2331 681 templum
2358 618 2602 666 sanetum
2632 610 2688 667 in
2723 612 2980 696 Domino,
3013 612 3066 668 in
3108 628 3238 684 quo,
3259 624 3320 669 et

78 735 159 775 vos
182 713 587 773 comdihcamini
614 713 667 766 in
708 713 1100 778 habitaculum,
1134 720 1190 764 ut
1219 709 1332 763 sitis
1355 703 1736 763 habitaculum.
1763 702 1857 756 Dei
1895 701 1948 755 in
1977 701 2200 772 Spiritu.

1528 812 1755 870 CAPUT
1794 812 1878 867 111.

136 912 293 982 Hujus
315 911 393 966 rei
423 908 623 980 gratia,
649 918 706 961 ut
738 907 1097 960 habitaculum
1130 906 1230 960 Dei
1258 905 1392 971 sitis,
1432 919 1532 976 ego
1569 904 1767 958 Paulus
1790 904 2003 958 vinctus
2038 900 2241 956 Christi
2275 899 2401 956 Jesu
2432 902 2489 955 in
2518 916 2745 967 carcere,
2778 916 2875 970 pro
2894 900 3045 955 vobis
3071 902 3327 973 gentibus

74 1004 430 1079 praedicandis,
460 1003 514 1055 1.
547 1001 592 1055 si
622 1010 801 1065 tamen
826 1000 1055 1054 audistis
1077 998 1538 1068 dispensationem
1568 994 1839 1067 Evangelii
1869 995 2058 1066 gratim
2086 994 2205 1058 Dei,
2229 1008 2348 1063 qua:
2371 995 2493 1049 data
2516 1002 2599 1049 est
2622 992 2755 1048 mihi
2778 992 2830 1046 in
2859 993 3033 1059 vobis,
3064 996 3323 1063 quoniam

78 1097 349 1154 secundum
378 1091 768 1150 revelationem
805 1090 898 1143 Dei
929 1106 1031 1143 non
1075 1105 1167 1158 per
1194 1088 1455 1143 hominem
1481 1128 1497 1152 ,
1529 1095 1717 1141 notum
1760 1084 1976 1139 11111112.
2016 1083 2219 1138 factum
2271 1092 2355 1142 est
2380 1095 2783 1141 sacramentum
2811 1126 2827 1154 ,
2872 1086 3014 1142 sicut
3056 1087 3110 1141 5.
3160 1104 3323 1159 supra

77 1192 243 1261 scripsi
275 1192 328 1246 in
360 1191 541 1255 brevi,
575 1199 733 1262 prout
764 1189 990 1260 poteStis
1037 1188 1278 1260 legentes
1312 1188 1615 1259 intelligere
1654 1184 1999 1265 prudentiam
2046 1197 2223 1238 meam
2273 1183 2325 1236 in
2348 1183 2608 1254 mysterio
2652 1169 2851 1238 Christi
2882 1223 2896 1246 ,
2926 1183 3068 1253 quod
3109 1182 3229 1239 aliis
3267 1184 3324 1239 1.

80 1284 502 1356 generationibus
526 1299 632 1339 non
659 1292 739 1339 est
769 1284 1037 1354 agnitum,
1066 1283 1285 1347 scilicet,
1314 1282 1438 1337 ﬁliis
1461 1282 1764 1346 hominttm,
1800 1280 1940 1335 sicut
1970 1295 2115 1334 nunc
2153 1278 2451 1334 revelatum
2478 1287 2561 1334 est
2587 1279 2791 1334 sanctis
2828 1276 3085 1347 apostolis
3111 1276 3246 1345 ejus,
3275 1285 3331 1332 et

80 1380 328 1449 prophetis
362 1379 508 1433 Novi
547 1380 885 1447 Testamenti,
928 1394 982 1434 ut
1013 1381 1213 1451 Agabo,
1257 1382 1309 1435 in
1340 1382 1554 1450 spiritu.
1591 1380 1752 1451 (Ecce
1794 1380 2097 1449 mysterium
2135 1377 2356 1447 Christi)
2387 1387 2575 1448 gentes
2608 1392 2726 1432 esse
2765 1374 3076 1429 colmredes
3101 1372 3329 1439 Iudicis,

81 1471 143 1524 vel
167 1469 375 1542 angelis,
405 1479 465 1524 et
510 1471 948 1541 concorporales,
983 1480 1037 1526 et
1069 1471 1490 1540 eomparticipes
1525 1469 1903 1539 promissionis
1942 1467 2057 1536 ejus
2094 1468 2147 1522 in
2196 1467 2416 1522 Christo
2450 1466 2576 1521 Jesu
2620 1480 2717 1535 per
2746 1466 3114 1538 Evangelium,
3152 1470 3332 1537 ﬁdem,

82 1566 216 1632 cujus
242 1564 414 1621 lactus
454 1582 577 1621 sum
612 1568 860 1622 minister
884 1567 1179 1622 secundum
1219 1567 1417 1621 donum
1445 1568 1631 1637 gratia:
1663 1565 1777 1629 Dei,
1806 1580 1927 1635 qua:
1966 1564 2090 1618 data
2124 1573 2207 1619 est
2237 1563 2365 1618 mihi
2394 1563 2688 1618 secundum
2714 1562 3089 1632 operatiOnem
3119 1565 3333 1620 virtutis

84 1661 196 1728 eius.
225 1658 346 1713 una
378 1660 528 1713 enim
556 1663 796 1716 omnium
828 1672 1140 1717 sanctorum
1174 1662 1419 1727 minimo,
1454 1663 1579 1716 data
1620 1669 1701 1716 est
1732 1661 1903 1731 gratia
1935 1660 2070 1724 haec,
2097 1660 2313 1726 scilicet,
2346 1659 2397 1712 in
2435 1658 2685 1730 gentibus
2715 1656 3087 1727 evangelizare
3117 1659 3336 1713 investi-

85 1756 265 1823 gabiles
294 1756 519 1810 divitias
540 1756 761 1820 Christi,
793 1767 847 1813 et
875 1757 1204 1823 illuminare,
1229 1759 1437 1824 docere,
1470 1773 1683 1824 onmes,
1712 1772 1832 1827 quae
1871 1757 1942 1811 sit
1968 1757 2299 1827 dispensatio
2326 1755 2651 1811 sacramenti
2684 1754 2984 1809 absconditi
3027 1770 3055 1806 a
3101 1755 3333 1821 sareulis,

86 1868 110 1901 a
134 1852 735 1931 conslilult'orte‘ntundt',
768 1852 844 1907 vel
869 1871 900 1907 a
926 1854 1267 1918 secularibus,
1314 1854 1365 1908 in
1410 1856 1539 1921 Deo,
1569 1854 1661 1925 qui
1706 1855 1887 1908 omnia
1930 1854 2154 1919 creavit,
2186 1855 2243 1919 5,
2274 1854 2328 1917 6,
2358 1854 2410 1907 7.
2443 1863 2502 1907 ut
2530 1854 2831 1907 innotescat
2858 1850 3248 1921 principatibus
3281 1864 3337 1910 et

87 1949 433 2014 potestatibus,
467 1930 868 2004 in'cmlestibus
892 1950 1212 2020 degentibus,
1242 1966 1340 2020 per
1374 1951 1668 2006 Ecclesium
1699 1930 1755 2008 8.
1783 1950 2133 2005 multiformis
2163 1951 2426 2021 sapientia
2461 1949 2575 2014 Dei,
2601 1948 2893 2004 secundum
2924 1950 3355 2019 przeﬁnitionem'

88 2044 395 2106 seculorum.
429 2061 601 2115 quam
629 2046 757 2101 fecit
787 2047 841 2101 iu
873 2047 1094 2101 Christo
1140 2046 1266 2102 Jesu
1320 2048 1546 2105 Domino
1592 2057 1811 2113 nostro;
1856 2048 1908 2101 in
1950 2061 2058 2116 quo
2102 2046 2364 2102 habemus
2396 2046 2647 2100 fiduciam
2674 2055 2727 2100 et
2760 2058 3040 2100 accessura
3074 2045 3127 2100 in
3172 2048 3339 2101 conﬁ-

89 2138 238 2195 dentia
269 2138 630 2213 153-1“
652 2155 745 2210 per
769 2140 927 2196 ﬁdem
968 2142 1107 2213 ejus.
1138 2142 1193 2207 9,
1230 2142 1317 2197 10.
1354 2142 1580 2213 Propter
1603 2140 1767 2213 quod,
1792 2144 1916 2213 quia
1946 2126 2195 2210 ﬁduciam
2225 2142 2494 2206 habemus,
2515 2141 2601 2195 H.
2633 2149 2757 2210 peto
2786 2157 2853 2195 ne
2888 2144 3150 2201 deﬁciatis
3171 2165 3202 2201 a
3233 2149 3339 2217 ﬁde

91 2238 132 2291 in
173 2237 604 2292 tribulationibus
636 2238 769 2292 meis
802 2253 901 2307 pro
933 2238 1107 2302 vobis,
1140 2253 1260 2307 quae
1294 2246 1376 2293 est
1399 2238 1570 2309 gloria
1610 2248 1814 2293 vestra.
1840 2238 1927 2292 19.
1958 2236 2128 2307 llnjus
2150 2236 2229 2291 rei
2263 2236 2435 2306 gratia
2465 2236 2551 2302 (ne
2588 2235 2864 2303 deﬁciatis,
2889 2238 2965 2290 vel
2994 2241 3191 2305 repetit,
3220 2242 3339 2310 qud!

88 2335 356 2402 supradia'it
368 2337 532 2406 μίαέτι
546 2335 712 2389 multa
732 2335 1418 2407 interposuit)ﬁectogenua
1446 2351 1561 2389 mea
1592 2338 1658 2390 ad
1682 2336 1896 2409 Patrem
1912 2334 2121 2388 Domini
2154 2331 2461 2387 nostriJesn
2483 2331 2784 2396 Christi,ex
2804 2346 2910 2403 quo
2938 2336 3117 2389 omnis
3143 2336 3227 2391 15.
3246 2353 3340 2408 pa-

1414 2445 1983 2502 COMMENTARiL‘S.

93 2554 198 2595 cens
230 2557 317 2596 eos
362 2554 587 2611 quoque
627 2540 1085 2604 reconciliatione,
1137 2549 1196 2594 ut
1244 2550 1451 2611 gentes,
1514 2540 1647 2594 indi:
1678 2550 1719 2603 Λ
1823 2539 1874 2592 7.
1910 2539 2109 2592 thrn.
2140 2534 2203 2589 Ut
2232 2536 2517 2589 innotescat
2572 2540 2623 2590 In
2669 2544 3093 2610 cognoscendam
3124 2548 3340 2615 sapio“.

90 2630 260 2700 guissc.
1272 2654 1273 2657 ‘

1757 2628 1884 2683 tiam
1917 2628 2010 2681 Dei
2056 2626 2305 2681 cmlestes
2350 2625 2573 2693 spiritus
2623 2627 2786 2682 etiam
2843 2632 3191 2701 profecerunt
3241 2654 3336 2706 per

162 2726 233 2778 17.
296 2727 466 2795 Super
522 2727 946 2791 fundamentum.
1002 2726 1433 2781 Fundamentum
1496 2736 1653 2780 vorat

1754 2718 2087 2781 Ecclesium,
2142 2717 2264 2787 quia
2292 2757 2307 2782 ,
2358 2715 2483 2770 1³11111
2524 2731 2641 2771 eam
2689 2720 2941 2779 Christus
2972 2740 3065 2780 seu
3101 2743 3197 2797 per
3237 2744 3294 2782 se
3319 2769 3336 2796 ,

96 2815 250 2880 ﬁdem,
281 2822 565 2884 eamdem,
601 2818 803 2889 inquit,
833 2819 990 2873 ﬁdem
1038 2835 1200 2890 quam
1245 2803 1551 2874 habuerant
1598 2830 1652 2875 et

101 2909 357 2976 prophette.
448 2943 455 2949 -

158 2996 230 3051 18.
265 2998 383 3068 Ipso
415 3016 629 3054 summo
657 3001 923 3070 angulari.
948 3000 1092 3056 Ordo
1121 3018 1136 3056 :
1174 3017 1384 3057 summo
1408 3003 1651 3073 angulari

102 3086 247 3156 lapide
273 3091 544 3146 existente
572 3091 791 3147 Christo
817 3090 966 3146 Jesu.

158 3177 287 3232 CAP.
316 3180 518 3234 111.-1
567 3180 766 3234 LANFR.
784 3180 842 3235 Si
869 3192 1041 3235 tamen
1063 3182 1304 3236 audistis.
1330 3182 1655 3254 lnlerruptio

106 3269 449 3323 estsententiae
502 3284 682 3336 usque
709 3269 774 3321 ad
825 3268 989 3323 aliam
1043 3271 1392 3335 sententiam,
1423 3287 1541 3342 qua)
1576 3274 1654 3328 sic

105 3354 296 3427 incipit:
326 3359 504 3430 Hujus
540 3362 715 3429 gratia
745 3362 920 3430 ﬂecto,
956 3370 1063 3415 etc.

162 3446 207 3497 ἓ.
234 3446 443 3503 Factum
468 3460 551 3505 est
592 3461 997 3504 sacramentum.
1022 3450 1431 3507 Sacramentum
1457 3456 1557 3510 1100
1588 3456 1655 3508 110

109 3537 375 3603 aqualitate
403 3541 655 3608 gentium
683 3548 766 3595 est
791 3580 806 3603 ,
852 3557 975 3596 cum
1014 3551 1174 3612 gente
1209 3542 1514 3599 Jndteornm
1536 3588 1550 3612 ,
1590 3547 1656 3601 de

111 3640 196 3693 quo
221 3641 368 3697 supra
417 3630 667 3687 breviter
704 3631 922 3701 scripsit
953 3631 1138 3687 dicens
1181 3646 1196 3686 :
1228 3632 1348 3701 Ipse
1394 3645 1468 3688 est
1517 3639 1655 3691 enim

110 3733 192 3784 pax
210 3732 393 3788 nostra,
418 3725 513 3794 qui
541 3724 664 3792 fecit
700 3735 916 3795 utraque
944 3742 1143 3803 unum,
1166 3734 1301 3791 etc.,
1342 3742 1511 3798 usque
1538 3729 1655 3797 jam

114 3824 194 3863 ron
212 3813 320 3865 estis
339 3814 570 3884 hospites
594 3825 640 3869 et
664 3815 897 3870 adventu.

1757 2826 1850 2866 seu
1878 2825 1971 2881 per
2006 2809 2279 2879 apostolos
2316 2824 2441 2864 suos
2490 2810 2812 2879 instrueret,
2862 2816 3093 2884 plut-nua
3126 2831 3333 2875 secreta

1757 2904 2065 2959 didicerunt
2104 2918 2225 2972 qua:
2254 2912 2409 2956 antea
2447 2902 2795 2972 ignorabant.

1754 3018 1757 3019 ν
1828 2994 1880 3049 8.
1924 2993 2293 3063 Multifurmis.
2336 2982 2480 3048 Ordo
2514 3012 2526 3047 :
2558 2993 2825 3063 sapientia
2870 2996 2960 3051 Dei
2991 2998 3338 3059 multiformis

1758 3088 2053 3145 secundum
2087 3087 2406 3157 sapientiam
2460 3088 2573 3152 Dei,
2601 3105 2720 3160 qua:
2776 3091 2827 3145 in
2874 3093 3092 3162 propria
3142 3106 3337 3152 natura

1754 3179 1985 3249 simplex
2031 3188 2148 3243 est,
2181 3180 2480 3234 secundum
2521 3182 2765 3237 ordinem
2811 3185 3129 3241 szeculorum
3162 3178 3341 3244 11111111-

1761 3268 1949 3324 l'onuis
1976 3268 2203 3332 dicitur,
2233 3284 2299 3322 eo
2334 3270 2476 3338 quod
2507 3270 2619 3340 ipsa
2653 3272 2849 3326 srecula
2882 3272 2935 3328 in
2967 3275 3081 3346 ipso
3111 3276 3205 3332 Dci
3247 3294 3340 3335 or-

1757 3359 1882 3415 dine
1907 3359 2316 3414 multil‘ormitcr
2344 3360 2651 3416 variantur.

1828 3453 1882 3507 9.
1914 3450 2135 3519 Proyter
2171 3453 2310 3523 quod
2338 3463 2475 3521 pcto.
2510 3452 2647 3506 Petit
2682 3468 2748 3508 110
2793 3455 3082 3525 desperent
3127 3450 3193 3513 de
3242 3436 3343 3514 mi-

1758 3542 2055 3597 sericordia
2108 3542 2201 3597 Dei
2253 3543 2397 3598 circa
2440 3544 2687 3613 seipsos,
2731 3546 2977 3601 videntes
3019 3564 3141 3603 eum
3195 3530 3340 3605 tanta

1758 3633 1891 3703 pati.
3334 3700 3335 3705 η

1834 3726 1917 3780 10.
1959 3726 2197 3779 1111111105.
2242 3723 2466 3796 PrOpter
2494 3727 2632 3797 quod
2665 3738 2801 3797 peto.
2842 3724 3032 3784 Omnia
3073 3730 3229 3803 inlej
3266 3734 3344 3788 cit

1760 3820 1830 3874 ab
1861 3836 1925 3874 00
1948 3860 1962 3883 ,
1995 3816 2195 3872 Paulus
2233 3819 2433 3873 vinctus
2457 3860 2472 3885 ,
2513 3834 2683 3887 usque
2713 3820 2779 3874 ad
2826 3820 2946 3886 1100,
2970 3835 3177 3894 prapler
3202 3825 3342 3895 quod

165 3898 211 3951 5.
250 3901 411 3973 Supra
441 3906 636 3974 scripsi
665 3907 719 3959 iu
764 3906 924 3960 brevi.
970 3906 1232 3961 Breviter.
1280 3906 1551 3977 Scriptum
1581 3920 1663 3964 est
1695 3905 1736 3963 Β
1763 3920 1901 3980 peto.

116 3993 363 4060 superius,
401 4007 461 4052 ut
511 4007 696 4052 nolunt
744 3997 936 4067 faceret
985 4008 1370 4052 sacramentum
1418 4017 1529 4054 sum
1567 4019 1656 4056 eo-

117 4077 327 4151 luntatis,
367 4088 669 4143 instaurare
706 4089 881 4143 omnia
909 4106 1025 4159 qua:
1053 4091 1107 4143 in
1146 4090 1286 4144 ctrlis
1311 4131 1326 4156 ,
1366 4101 1414 4147 et
1462 4110 1579 4163 qua!
1606 4096 1660 4149 in

119 4178 245 4224 lﬂ'l‘ll.
1646 4190 1651 4197 ’

174 4262 217 4316 1.
239 4263 682 4322 Cenerationibus.
716 4268 1028 4323 Rcvelatum
1057 4271 1272 4340 quidem
1302 4273 1402 4327 fuit
1431 4275 1660 4344 prophe-

121 4353 175 4407 tis
197 4354 385 4416 Veteris
427 4361 763 4417 Testatncnti
807 4376 901 4428 per
933 4365 1161 4433 gratiam
1201 4366 1290 4419 Dei
1329 4376 1515 4437 gentes
1543 4383 1663 4422 esse

123 4444 402 4512 salvandas,
457 4451 557 4505 sed
609 4452 752 4520 quod
806 4452 872 4505 ad
927 4453 1291 4522 a-tpialitatem
1350 4453 1661 4509 Iud-mortuis

124 4550 269 4592 essent
295 4553 530 4599 ventura:
561 4554 619 4598 111
651 4544 964 4599 cobzcrcdcs
1000 4554 1052 4598 et
1088 4547 1508 4616 concorporales
1538 4564 1660 4602 cum

126 4627 188 4678 eis
213 4630 383 4687 ﬁerent
410 4675 425 4697 ,
455 4650 621 4688 unam
649 4643 703 4687 et
735 4636 994 4706 aequalem
1023 4652 1144 4692 cum
1187 4638 1265 4692 eis
1296 4637 1662 4693 Increditatcm

127 4714 365 4789 habiturae,
396 4726 681 4797 spirituale
708 4742 923 4796 corpus,
958 4730 1008 4783 id
1050 4739 1150 4794 est,
1184 4746 1344 4785 unam
1368 4730 1662 4786 Ecclesium

128 4821 384 4881 cumgente
402 4814 712 4872 Iudaeorum
740 4816 960 4873 factura:
989 4821 1269 4889 mqualiter
1290 4822 1665 4892 promissionis

129 4892 200 4951 Dei
225 4904 535 4978 participes,
579 4906 710 4960 nulli
740 4907 841 4962 nisi
874 4908 925 4962 iu
954 4908 1104 4964 Novo
1132 4910 1481 4969 Testamento
1512 4930 1665 4969 reve-

130 4987 264 5049 latum
293 4996 402 5054 fuit.

185 5081 229 5135 5.
251 5084 309 5138 Ut
339 5088 647 5145 innotescat.
680 5092 993 5147 Absconditi
1022 5094 1087 5146 ad
1110 5094 1210 5148 hoc
1238 5104 1295 5148 ut
1317 5105 1497 5165 postea
1530 5096 1663 5150 mul-

135 5168 325 5231 tiformis
367 5182 631 5249 sapientia
677 5184 761 5254 (in
799 5186 902 5240 hoc
943 5187 1083 5255 quod
1129 5188 1391 5256 prmmisit
1436 5191 1665 5257 patriar-

1832 4003 1921 4057 11.
1960 4002 2161 4057 LANIR.
2217 4000 2339 4056 Peto
2368 4018 2429 4056 ne
2468 4002 2747 4071 deﬁciatis.
2783 3997 3087 4074 Utrumque
3120 4017 3344 4063 noverat

1760 4094 2022 4149 alterutro
2051 4093 2328 4161 indigere,
2384 4102 2439 4148 et
2491 4093 2717 4164 gloriam
2751 4094 2920 4150 libero
2959 4097 3220 4162 arbitrio,
3254 4099 3347 4156 ubi

1762 4194 1915 4255 rogat
1943 4200 2007 4239 ne
2038 4184 2323 4250 deﬁciant;
2370 4192 2429 4239 'et
2461 4184 2689 4239 libermn
2734 4186 3021 4240 arbitrium
3054 4188 3196 4242 dono
3223 4205 3346 4258 gra-

1763 4278 1872 4340 tim,
1901 4277 1989 4331 ttbi
2023 4275 2191 4329 Deum
2229 4284 2405 4346 rogat,
2461 4285 2520 4329 111
2550 4276 2637 4329 1101
2691 4277 2771 4331 eis
2818 4278 3342 4334 corroboratinncm.

1834 4369 1922 4423 12.
1962 4368 2200 4423 AUGUST.
2232 4366 2436 4439 (Serm.
2466 4368 2496 4421 7
2546 4367 2621 4421 De
2665 4370 2806 4423 verb.
2846 4370 3048 4436 Apcsl.,
3093 4379 3222 4425 lout.
3252 4370 3343 4431 Χ.)

1766 4459 1939 4529 Hujus
1970 4460 2044 4512 rei
2086 4460 2274 4528 gratia.
2327 4456 2492 4525 Cujus
2530 4458 2605 4513 rei
2637 4458 2832 4528 gratia,
2882 4461 2982 4515 nisi
3024 4478 3143 4531 qua:
3176 4479 3341 4533 supra

1764 4549 1995 4611 dixerat,
2026 4557 2171 4617 peto,
2198 4563 2301 4601 non
2334 4547 2596 4602 inﬁrmari
2632 4549 2684 4602 in
2734 4549 3174 4607 tribulationibus
3208 4556 3344 4609 meis

1765 4654 1863 4709 pro
1883 4638 2067 4702 vobis,
2096 4653 2216 4708 qua:
2260 4646 2341 4693 est
2387 4637 2555 4709 gloria
2581 4648 2780 4694 vestra.
2826 4632 2958 4707 Quia
2988 4658 3117 4711 ergo
3149 4644 3344 4698 volun--

1766 4729 1892 4782 tatis
1941 4727 2151 4783 habetis
2178 4726 2487 4793 arbitrium,
2530 4740 2675 4797 pcto.
2710 4727 2843 4796 Quia
2884 4746 3014 4784 vero
3051 4732 3202 4787 vobis
3249 4749 3343 4785 vo-

1764 4820 1987 4876 luntatis
2023 4819 2307 4877 arbitrium
2354 4835 2459 4875 non
2491 4819 2685 4875 suﬁicit
2713 4822 2778 4875 ad
2831 4821 3157 4891 implendum
3197 4826 3343 4894 quod

1764 4923 1924 4983 peto:
1961 4912 2136 4983 Hujus
2163 4913 2237 4967 rei
2266 4913 2439 4983 gratia
2470 4913 2621 4983 [lecto
2646 4928 2814 4983 genua
2844 4929 2959 4967 mea
3000 4914 3071 4967 ad
3100 4908 3335 4968 Patrem.

1836 5006 1923 5061 15.
1956 5006 2156 5060 Laure.
2189 5004 2486 5059 Paternitas
2526 5005 2579 5057 in
2607 5004 2769 5059 ca'lis.
2795 5004 2973 5061 leos
3000 5015 3157 5061 vocat
3184 5008 3341 5077 spiris

1766 5096 1937 5152 tuales
1980 5097 2246 5151 homines.
2289 5095 2513 5150 Terram
2557 5097 2829 5151 carnales.
2879 5098 2958 5150 Ad
2992 5095 3229 5163 Patrem,
3260 5098 3341 5151 in.

1763 5188 1900 5259 quit,
1934 5189 2084 5257 ﬂecto
2114 5201 2302 5255 genua.
2344 5184 2428 5239 Ea:
2464 5202 2587 5257 quo,
2637 5187 2688 5241 id
2718 5195 2823 5257 est,
2852 5202 2949 5257 per
2974 5184 3133 5256 11110111
3166 5187 3355 5267 1101111

134 5260 261 5327 thas,
297 5272 579 5339 prephetas
611 5284 664 5328 et
694 5276 989 5337 apostolosl
1020 5279 1395 5332 notiﬁearetur
1429 5282 1659 5337 011010011-
1690 5265 1732 5321 C
1766 5294 1964 5335 nanrur
1997 5277 2175 5331 cmteri
2215 5285 2395 5346 patres
2426 5290 2517 5331 seu
2564 5276 2893 5345 spirituales,
2941 5292 3034 5329 seu
3070 5276 3343 5331 carnales.

135 5347 214 5442 llus
235 5370 320 5423 per
345 5361 661 5432 Ecelesiam,
694 5366 747 5421 id
788 5376 892 5433 est,
920 5383 1018 5437 per
1044 5386 1106 5425 ea
1154 5386 1274 5441 quae
1300 5383 1569 5442 geruntur
1609 5375 1661 5429 in

137 5436 356 5505 Ecclesia.

193 5534 236 5589 6.
259 5539 478 5601 Alanos.
508 5546 576 5603 Ut
594 5550 904 5606 innotescat.
938 5551 1092 5609 Sicut
1122 5555 1226 5611 hoc
1249 5565 1365 5610 erat
1390 5556 1661 5613 occultum

139 5634 287 5691 utnec
308 5634 593 5697 invisibiles
617 5644 841 5699 virtutes
866 5646 1168 5714 potuissent
1199 5648 1303 5703 hoc
1325 5650 1483 5703 scire.
1511 5648 1664 5705 Nunc

141 5727 242 5850 Fero
279 5729 605 5789 manifestum
649 5744 733 5790 est
771 5751 869 5805 per
916 5751 980 5792 ea
1028 5753 1150 5809 qua!
1191 5754 1318 5809 erga
1369 5739 1660 5795 Ecclesium

161 5814 252 5850 aen
279 5824 385 5850 cunt

161 5814 253 5859 11010
279 5824 408 5869 sunt.

1768 5371 1867 5438 Qui
1895 5369 2039 5424 enim
2067 5366 2331 5422 lceitesse
2360 5381 2444 5421 res
2484 5367 2625 5436 quod
2655 5376 2804 5429 sunt,
2829 5366 2942 5436 ipse
2979 5381 3139 5418 causa
3174 5377 3256 5418 est
3286 5378 3353 5437 ut.

1766 5461 2112 5515 nominentur
2132 5458 2273 5528 quod
2295 5469 2444 5514 sunt.
2472 5457 2644 5512 Aliter
2677 5474 2691 5511 :
2730 5471 2794 5510 ea:
2825 5472 2947 5525 quo,
2976 5455 3023 5508 td
3055 5464 3158 5520 eSI,
3192 5442 3361 5522 cuius"

1766 5552 2118 5609 similitudine
2153 5551 2503 5604 nominantur
2541 5558 2722 5619 patres
2750 5546 3082 5617 spirituales,
3115 5546 3196 5601 vel
3222 5561 3357 5621 car-_

1768 5644 1938 5699 nales.
1982 5643 2116 5710 Quia
2165 5642 2309 5695 enim
2354 5641 2695 5708 omnipotens
2744 5639 2886 5693 Deus
2937 5655 3031 5707 pro
3070 5654 3135 5693 eo
3185 5637 3346 5692 Pater

1770 5736 1989 5797 dicitur,
2016 5735 2095 5789 vel
2142 5734 2282 5803 quod
2314 5732 2505 5786 1·’.1111111
2541 5746 2607 5785 ex
2644 5745 2702 5785 se
2753 5730 3052 5800 generavit,
3092 5730 3172 5782 vel
3201 5730 3343 5799 quod

1773 5837 1949 5883 creata
1975 5826 2191 5897 proprio
2215 5822 2581 5877 moderamine
2616 5820 2879 5892 gubernat
2908 5830 2962 5877 et
2992 5821 3146 5893 regit.
3174 5820 3248 5873 Ex
3280 5833 3343 5872 ea
